4486 5544
363 383 458 436 901

1487 381 1843 437 ΕΡΙΞΤΟΙΛΕ
1889 382 1973 433 ΕΤ
2007 379 2414 434 PlilVlLEGlA.

3483 384 3585 436 90-2

359 498 458 548 diit
497 497 549 548 in
599 495 823 559 Italiam,
869 499 1045 565 agnati
1089 497 1356 562 pontiﬁcis
1398 496 1648 563 iujuriam
1695 496 1920 547 ulturus.
1957 503 1998 557 Α
2033 494 2096 565 ᾖε)
2130 493 2286 545 rebus
2329 494 2493 565 gestis
2541 491 2939 565 S.V_:\dalbert_i,
2996 494 3208 559 scriptis
3255 495 3322 565 ab
3377 504 3596 550 auctore

361 565 606 618 Exercitu
660 565 860 618 lloman
896 567 1141 625 adducto,
1177 565 1401 632 urbique
1441 568 1676 627 admoto,
1721 565 1925 616 civibus

359 650 552 702 parere
585 636 973 695 recusantibus,
1014 636 1207 689 Urbem
1261 635 1468 688 fortiter
1497 646 1782 703 oppugnat.
1813 635 1922 685 Ali-

359 705 593 771 quandiu
641 706 841 757 acriter
886 706 1132 757 restitere
1170 704 1415 763 Romani,
1462 719 1489 755 a
1530 705 1842 756 (Iresceutio
1871 711 1923 755 et

361 774 609 840 antipapa
655 789 746 840 spe
777 788 964 842 magna
994 773 1334 842 prmniiorum
1384 775 1625 826 animati.
1666 773 1732 825 At
1781 774 1925 824 inva-

361 842 679 894 lesceutibus
704 843 846 894 omni
875 841 961 894 fex
1005 852 1154 910 parte
1205 841 1508 902 Germanis,
1551 858 1671 894 cum
1720 842 1922 895 obsessi

363 927 540 962 rerum
573 912 791 979 penuria
819 911 1144 970 laborantes.
1181 921 1383 964 tantum
1417 913 1672 980 impetum
1699 912 1925 977 amplius

359 980 624 1031 sustinere
652 996 753 1031 non
786 991 1020 1047 possent,
1049 981 1239 1032 (Lesari
1277 991 1456 1046 portas
1489 981 1625 1033 ultro
1654 983 1922 1047 aperiunt,

364 1047 627 1116 Urbisque
667 1049 987 1102 deditionem
1017 1051 1213 1101 faciunt
1247 1051 1572 1111 Crescentio,
1592 1060 1642 1102 et
1674 1051 1923 1118 antipapa

363 1118 502 1169 intra
532 1119 720 1171 molem
753 1120 967 1171 Adriani
1003 1118 1236 1186 dilapsis.
1267 1120 1405 1173 Otho
1429 1136 1549 1171 cum
1582 1120 1692 1172 suis
1728 1119 1920 1172 Urbem

363 1187 655 1252 ingressus,
711 1186 1024 1256 Gregorium
1073 1189 1300 1250 decimo,
1363 1199 1640 1256 postquam
1704 1198 1925 1242 exat-tus

357 1267 464 1316 est,
492 1272 671 1310 mense
713 1258 825 1310 sedi
855 1273 962 1310 suze
996 1258 1246 1318 restituit,
1277 1258 1540 1325 rebusque
1577 1259 1627 1311 iu
1657 1257 1797 1311 Urbe
1828 1259 1921 1310 de-

362 1326 567 1391 positis,
597 1326 960 1396 Crescentium
1000 1343 1118 1380 cum
1166 1325 1370 1379 Joanne
1405 1330 1650 1396 antipapa
1705 1330 1754 1380 in
1805 1343 1926 1381 arce

360 1396 590 1446 obsedit.
632 1394 762 1448 Cum
818 1412 945 1448 vero
987 1397 1038 1448 in
1089 1397 1300 1462 longum
1349 1397 1555 1449 obsidio
1591 1394 1922 1460 traheretur,

360 1462 554 1533 Caesar
595 1465 879 1532 propositis
952 1467 1184 1533 |it".t:ltliis
1251 1465 1565 1528 Germanos,
1630 1477 1686 1519 ut
1749 1467 1926 1519 acrius

361 1531 752 1594 incumberent,
789 1531 1042 1587 incendit.
1087 1535 1184 1600 Qui
1237 1535 1436 1602 impetu
1497 1551 1923 1602 quaquaversum

360 1602 522 1662 facto,
575 1618 754 1655 arcem
801 1604 1049 1670 denique,
1095 1613 1152 1656 ut
1201 1603 1466 1656 Ditmarus
1514 1605 1718 1664 scribit,
1764 1621 1928 1672 expu-

361 1679 554 1738 gnant;
584 1673 823 1724 saavitum
874 1675 925 1724 in
967 1688 1187 1734 omnes;
1231 1672 1571 1726 Crescentius
1620 1675 1926 1726 Vulneratus

360 1750 674 1806 captusque,
724 1757 876 1795 muro
928 1742 1290 1808 przecipitatus
1337 1753 1460 1794 est:
1495 1742 1645 1808 cujus
1697 1744 1927 1796 cadaver

361 1817 479 1876 post.
531 1819 674 1875 terga
723 1810 878 1862 boum
928 1810 1238 1880 religatum,
1291 1826 1352 1862 ac
1396 1826 1491 1878 per
1539 1813 1774 1879 paludes,
1811 1822 1918 1864 tra-

361 1887 505 1929 ctmn
530 1880 798 1946 probeque
824 1880 1056 1941 illusum,
1075 1880 1302 1946 denique
1330 1881 1377 1931 in
1410 1890 1697 1946 conspectu
1724 1880 1919 1933 liomao

360 1963 548 2018 norum
595 1950 806 2001 excelsa
842 1951 987 2001 trabe
1017 1964 1331 2015 suspensum
1361 1960 1461 2002 est.
1495 1951 1680 2003 Simile
1724 1951 1922 2018 suppli-

358 2017 497 2068 cium
546 2018 612 2069 de
661 2019 724 2071 iis
764 2021 965 2087 pariter
1009 2028 1296 2085 sumptum,
1334 2020 1423 2087 qui
1466 2035 1532 2072 ex
1575 2017 1921 2089 complicibus

357 2095 692 2152 supererant.

425 2153 658 2210 Joannes
685 2172 812 2210 vero
847 2157 1120 2226 antipapa.
1160 2157 1310 2226 jussu
1357 2157 1603 2220 Caesaris,
1634 2159 1802 2213 oculis
1835 2176 1922 2212 or-

357 2223 534 2284 batns,
563 2241 624 2280 ac
654 2228 869 2279 naribus
912 2223 1234 2295 auribusque
1267 2229 1522 2294 prtecisis,
1548 2228 1792 2295 jumento
1823 2229 1921 2283 im-

358 2295 583 2366 positus,
613 2296 705 2348 toti
744 2296 893 2358 Urbi,
923 2311 1016 2366 per
1051 2313 1209 2365 quam
1259 2296 1783 2361 circumducebatur,
1829 2314 1918 2352 ve-

355 2364 527 2436 ctoris
553 2366 631 2417 sui
654 2368 880 2436 caudam
925 2364 974 2419 in
1013 2364 1254 2420 manibus
1284 2377 1490 2426 tenens,
1524 2369 1774 2421 acerbum
1803 2384 1920 2436 spe-

354 2433 621 2486 ctaculum
646 2435 902 2488 fuit.'l'um
929 2438 979 2488 in
1011 2436 1352 2489 Germaniam
1381 2437 1678 2489 exsulatum
1704 2433 1917 2500 missus,

356 2503 514 2570 paulo
543 2514 662 2571 post
687 2505 868 2558 dolore
892 2505 1168 2559 vulnerum
1207 2507 1474 2571 animique
1517 2521 1748 2559 πηοεν-ονε
1790 2523 1918 2560 eou-

352 2571 528 2626 lectus
575 2574 824 2637 decessit,
867 2591 987 2627 cum
1035 2577 1262 2629 sedisset
1308 2577 1358 2627 in
1403 2575 1639 2628 Romana
1667 2577 1917 2642 cathedra

353 2656 514 2708 quam
563 2643 847 2704 invaserat,
883 2647 1098 2699 circiter
1143 2660 1352 2698 menses
1405 2647 1606 2698 decem.
1659 2645 1755 2698 llic
1794 2647 1917 2699 dum

355 2711 613 2784 adversus
636 2712 953 2783 Gregorium
991 2717 1222 2778 sederet,
1268 2716 1496 2784 legatum
1540 2715 1682 2768 misit
1714 2716 1763 2766 in
1796 2715 1919 2769 Gal-

353 2779 477 2832 liam
522 2779 1115 2853 Petrum'cardinalem,
1144 2795 1198 2836 ut
1228 2779 1529 2845 ecclesiam,
1557 2800 1714 2853 quam
1755 2784 1918 2840 Fulco

352 2866 535 2902 comes
563 2851 958 2919 Andegavensis
986 2855 1034 2906 in
1069 2855 1284 2906 dioecesi
1318 2851 1613 2908 TuronenSi
1647 2865 1915 2920 erexerat,

353 2934 451 2972 suo
475 2923 697 2992 nomine
734 2933 1095 2976 consecraret.
1129 2925 1319 2977 Verum
1362 2925 1470 2992 ipsa
1507 2926 1593 2976 die
1638 2926 1703 2976 ad
1729 2939 1918 2979 conse-

350 2990 644 3061 crationem
701 2994 1024 3058 praestituta,
1066 2994 1313 3060 templqu
1361 2990 1645 3061 derepente
1690 2998 1914 3056 corruit,

351 3059 513 3111 veluti
566 3073 839 3129 respueret
887 3062 1026 3115 Deus
1075 3059 1185 3130 ipsa
1231 3062 1421 3130 templa
1470 3059 1564 3132 per
1605 3064 1912 3118 schismali-

349 3144 493 3186 cum.
526 3139 618 3182 aut
658 3143 860 3185 sancta:
901 3133 1043 3185 sedis
1094 3134 1391 3186 invasorem
1433 3134 1485 3186 in
1523 3134 1604 3187 sui
1656 3133 1912 3188 honorem

349 3199 613 3252 dedicata.

414 3268 630 3340 Interim
674 3269 996 3340 Gregorius,
1031 3271 1254 3325 sublatis
1298 3270 1527 3334 zemulis,
1569 3271 1762 3326 debita:
1803 3273 1915 3326 sedi

352 3351 414 3390 ac
455 3336 682 3392 libertati
735 3336 1030 3406 restitutus,
1077 3341 1207 3394 inito
1252 3357 1372 3394 cum
1415 3340 1625 3394 Othone
1669 3343 1914 3404 consilio,

349 3409 586 3481 animum
629 3418 764 3481 _tum
832 3411 898 3462 ad
967 3411 1364 3464 reformandum
1431 3410 1917 3481 stabiliendumque

350 3475 605 3530 Romana:
627 3477 883 3533 Ecclesiae
911 3491 1128 3542 statum,
1164 3491 1272 3533 tum
1304 3481 1368 3532 ad
1401 3481 1713 3535 electionem
1746 3475 1915 3550 impe-

349 3557 586 3620 ratorum
634 3550 856 3620 pacilice
901 3560 953 3603 et
999 3551 1200 3620 absque
1255 3550 1481 3604 tumultu
1531 3551 1582 3602 in
1641 3560 1913 3618 postermu

347 3615 647 3670 faciendam
674 3618 888 3686 adjecit,
923 3615 1315 3688 conciliumque
1337 3615 1707 3687 episeoporum
1735 3620 1914 3675 ltomze

343 3694 629 3758 eapropter
670 3690 842 3758 coegit
897 3704 909 3740 :
963 3690 1112 3758 cujus
1165 3700 1284 3742 acta
1338 3689 1459 3742 licet
1514 3689 1790 3757 perierint,
1846 3706 1912 3744 ex

343 3756 658 3828 fragmentis
681 3827 685 3828 ν
712 3756 909 3820 tamen,
941 3756 1060 3828 qua:
1089 3761 1282 3813 deinde
1329 3756 1540 3827 reperta
1581 3769 1722 3819 sunt,
1759 3776 1910 3814 revo-

344 3836 537 3898 cantur
580 3827 632 3878 in
676 3827 846 3898 lucem
911 3827 1028 3896 qtue
1071 3831 1363 3898 perierant.
1416 3829 1611 3882 Mentio
1665 3829 1909 3897 inprimis

342 3894 501 3963 hujus
543 3897 751 3952 concilii
792 3894 971 3953 lioma:
1013 3894 1111 3952 sub
1140 3898 1400 3969 Gregorio
1436 3899 1468 3951 ν
1516 3898 1682 3952 habiti
1722 3894 1904 3954 exstat.

2032 563 2170 613 illius
2215 564 2497 624 temporis,
2532 562 2726 630 quibus
2759 562 3102 632 signiﬁcatur
3153 564 3203 632 in
3250 564 3347 615 bac
3394 567 3596 632 synodo

2026 633 2279 701 agitatam
2309 632 2471 683 luisse
2497 629 2715 686 causam
2751 629 2806 683 S.
2837 631 3108 701 Adalberti
3163 629 3448 701 Pragensis
3482 636 3594 698 epi-

2025 701 2192 766 scopi,
2236 700 2436 767 judicio
2469 701 2715 769 postulati
2764 702 2830 752 ab
2858 700 3261 768 archiepiscopo
3277 700 3595 769 Moguntina

2027 771 2092 821 de
2137 769 2375 822 facienda
2423 770 2472 822 in
2517 785 2611 823 sua
2649 770 2898 831 ecclesia,
2928 786 3086 837 quam
3128 771 3439 838 reliquerat,
3466 773 3596 825 resi-

2028 839 2228 890 dentia.
2272 838 2422 903 Quod
2473 851 2656 893 autem
2699 840 2918 907 majoris
2962 840 3213 892 momenti
3253 850 3355 902 est,
3400 842 3464 894 ad
3495 841 3596 895 hoc

2027 907 2199 974 ipsum
2239 908 2524 961 concilium
2560 910 2896 962 referendum
2935 909 3162 968 videtur,
3205 909 3345 976 quod
3390 911 3455 963 de
3497 911 3596 962 im—

2027 979 2294 1042 peratoris
2321 978 2643 1031 ClCCtUl’ll2US
2673 979 3112 1046 (archiepiscopis
3144 979 3346 1032 scilicet
3377 978 3596 1044 Mogun-

2029 1047 2159 1106 tiuo,
2204 1047 2533 1106 Trevirrmsi,
2565 1049 2892 1110 Coloniensi,
2921 1058 3028 1099 tum
3079 1049 3390 1103 marebione
3425 1047 3589 1101 Bran-

2027 1116 2368 1187 dcburgeusi,
2395 1119 2588 1170 comite
2621 1118 2882 1187 Palatino,
2921 1118 3054 1169 duce
3094 1118 3358 1182 Saxonim,
3391 1127 3441 1169 et
3474 1133 3595 1187 rege

2028 1183 2315 1250 lloltemiaé)
2344 1187 2412 1238 ab
2442 1203 2505 1239 eo
2529 1189 2626 1238 lem
2672 1186 2921 1253 pontilice
2963 1187 3222 1254 Gregorio
3244 1183 3593 1242 ctntslitutuln

2029 1255 2316 1307 multormn
2359 1258 2658 1309 assertione
2692 1259 2949 1316 traditur;
2990 1257 3253 1324 siquidem
3299 1274 3383 1311 res
3416 1258 3592 1323 magni

2028 1327 2284 1395 momenti
2309 1327 2520 1378 nonnisi
2553 1326 2811 1379 consultis
2841 1325 3107 1386 Patribus,
3132 1327 3373 1380 collectis
3394 1329 3597 1395 cpiano

2028 1394 2109 1513 ris
2141 1394 2192 1446 in
2222 1395 2423 1463 synodo
2446 1395 2558 1448 lieri
2592 1404 3002 1448 consueverunt.
3036 1396 3312 1464 Legendus
3338 1394 3595 1450 Ιιίὸνριιίι

2052 1463 2230 1513 ‘latina
2282 1465 2331 1513 in
2381 1464 2638 1513 Gregorio
2689 1465 2747 1513 ν.
2808 1475 2862 1513 et
2918 1463 3177 1513 Barouius
3230 1475 3372 1513 tumo
3425 1465 3470 1513 Χ
3530 1467 3595 1513 ad

2052 1463 2230 1515 'latina
2282 1465 2331 1514 in
2381 1464 2638 1528 Gregorio
2689 1465 2747 1525 ν,
2808 1475 2862 1517 et
2918 1463 3177 1518 Barouius
3230 1475 3372 1518 tumo
3425 1465 3470 1518 Χ
3530 1467 3598 1520 ad

2028 1547 2222 1584 annum
2253 1532 2374 1593 996,
2403 1533 2772 1596 Bellarminus,
2801 1542 2850 1586 et
2884 1534 2969 1584 alii
2999 1549 3011 1594 ;
3061 1537 3354 1600 prresertim
3378 1533 3458 1587 Jo.
3492 1533 3594 1586 l’a-

2029 1601 2184 1653 latius
2212 1601 2442 1655 Venetus
2467 1614 2606 1656 tomo
2630 1603 2667 1655 ll
2689 1603 3005 1656 .ilouarc‘liix
3028 1603 3396 1666 oet-i.!eiitalis,
3424 1606 3512 1656 lib.
3537 1621 3594 1666 n,

2027 1686 2145 1737 cap.
2175 1671 2231 1733 5,
2268 1671 2355 1724 tibi
2404 1671 2506 1724 late
2549 1688 2612 1726 ac
2654 1673 2821 1725 solide
2865 1673 3003 1724 hanc
3054 1673 3220 1741 ipsam
3245 1675 3594 1742 qua-sdcnem

2029 1749 2243 1792 tractat.

2095 1810 2325 1882 sedente
2367 1808 2628 1882 Gregorio
2674 1811 2737 1861 ad
2766 1808 2988 1882 clavum
3032 1808 3310 1882 Ecclesia},
3358 1811 3594 1882 llungari

2026 1876 2385 1931 Christianam
2418 1876 2588 1950 lii—tem
2637 1880 2867 1950 amplexi
2920 1889 3075 1950 sunt;
3124 1881 3330 1947 virique
3388 1876 3508 1950 pel"
3545 1883 3596 1936 id

2029 1956 2234 2016 tempus
2256 1949 2582 2002 sanctissimi
2600 1951 2800 2011 vixere,
2821 1949 3148 2000 llomualdus
3168 1952 3372 2004 scilicet
3391 1949 3558 2004 abbas
3577 1994 3591 2016 ,

2024 2014 2350 2088 Bonifacius
2378 2019 2685 2088 liussorum
2715 2017 3004 2088 apostolus,
3051 2019 3276 2074 Othonis
3315 2014 3592 2088 cognatus,

2025 2095 2074 2138 et
2131 2085 2412 2156 liomualdi
2464 2085 2795 2156 discipulus;
2851 2087 3174 2140 Adalbertus
3247 2091 3297 2142 iu
3373 2085 3594 2144 Prnssia

2025 2166 2259 2225 martyr;
2313 2155 2619 2224 Stephanus
2663 2156 2945 2225 llungarize
2986 2173 3108 2218 rex;
3164 2156 3388 2213 Maiolus
3431 2163 3596 2215 abbas

2023 2224 2411 2293 Gluniacensis,
2445 2237 2500 2278 et
2535 2224 2809 2278 lloswitha
2843 2227 3270 2282 sanctimonialis
3301 2230 3592 2293 Saxonica,

2022 2292 2205 2347 Graece
2237 2305 2290 2348 et
2313 2295 2502 2349 Latine
2531 2311 2689 2364 supra
2718 2297 2889 2347 virmu
2925 2298 3102 2350 docta.

2091 2383 2241 2458 Obiit
2265 2383 2728 2458 veroiGi-egorius,
2775 2385 3149 2439 administrata
3179 2388 3380 2454 optime
3418 2389 3597 2458 ponti-

2024 2450 2185 2526 ficatu
2227 2456 2332 2526 (cui
2355 2450 2639 2526 biennium
2669 2469 2828 2526 supra
2875 2469 3084 2526 nienses
3113 2450 3366 2526 quinque,
3395 2450 3457 2513 a'c
3483 2461 3598 2513 dies

2021 2522 2126 2582 24,
2181 2524 2420 2590 praifuit)
2489 2525 2807 2577 duodecimo
2873 2522 3144 2578 Kalendas
3211 2522 3382 2581 Miirtii
3442 2545 3588 2581 anno

2023 2599 2222 2644 nostra:
2267 2595 2454 2646 salutis
2478 2594 2598 2653 999,
2633 2593 2873 2661 sepultus
2906 2595 2970 2645 ad
3007 2594 3059 2647 S.
3100 2594 3319 2648 Petrum
3362 2598 3416 2651 in
3451 2597 3597 2651 Vati-

2022 2676 2174 2735 cano,
2195 2661 2348 2728 juxta
2378 2665 2590 2735 cineres
2621 2662 2681 2715 Β.
2711 2663 2954 2735 Gregorii
2980 2663 3154 2734 Magni
3204 2666 3359 2735 cujus
3388 2668 3440 2721 in
3475 2667 3593 2721 Vita

2021 2733 2302 2785 :rmttlator
2363 2734 2690 2804 exstiterat,
2748 2749 2869 2787 cum
2938 2734 3039 2788 hoc
3076 2733 3340 2804 sequenti
3414 2738 3593 2793 adhuc

2022 2810 2264 2855 exstante
2289 2803 2583 2872 epitapliio.

2020 2911 2128 2978 llis,
2148 2923 2301 2978 quem
2336 2914 2457 2978 tegit
2484 2914 2672 2972 humi-5,
2696 2916 2846 2978 oculis
2871 2912 3106 2974 vultuque
3130 2915 3380 2978 decorum,

2085 2970 2209 3032 l’apa
2235 2973 2327 3021 l'uit
2352 2970 2783 3035 Quintusnomiue
2816 2970 3098 3035 Gregorius.

2020 3036 2154 3097 Ante
2171 3041 2332 3081 tamen
2358 3035 2538 3097 Brinno,
2567 3034 2856 3097 Francorum
2883 3034 3018 3092 regia
3044 3036 3225 3097 proles.

2082 3093 2536 3156 l’iliusiOtbonisue
2562 3099 2802 3156 genitrice
2824 3096 3010 3145 Juditli.

2023 3156 2218 3220 Lingua
2244 3155 2808 3220 'l'eutonicusquangia
2832 3160 3000 3206 doctus
3027 3159 3072 3220 in
3097 3158 3218 3208 urbe
3247 3197 3260 3210 .

2081 3217 2180 3269 Séd
2204 3217 2394 3277 juvenis
2418 3219 2696 3266 cathedram
2721 3220 2846 3267 sedit
2871 3219 3198 3279 aluistolicam.

2021 3275 2263 3352 Adgbiu'os
2287 3286 2536 3352 annosum
2560 3292 2755 3328 menses
2777 3275 2977 3352 circiter
2998 3291 3109 3352 octo
3149 3275 3432 3352 [quinque],

2082 3341 2182 3391 Ter
2205 3351 2354 3387 senos
2388 3339 2584 3388 Februo
2608 3351 2987 3388 connumerantu
3012 3342 3136 3389 dies.

2019 3401 2325 3463 Pauperibus
2350 3401 2507 3461 dives,
2535 3414 2622 3461 per
2647 3403 2837 3462 singula
2861 3402 3070 3449 Sabbata
3097 3410 3261 3452 vestes

2090 3462 2284 3524 Divisit,
2309 3473 2510 3509 numero
2533 3472 2702 3524 cautus
2738 3463 3013 3524 apOstob'oo.

2021 3523 2146 3572 Usus
2173 3523 2506 3586 Francigena,
2533 3523 2793 3583 Germana,
2820 3531 2870 3574 et
2893 3537 3010 3573 voce
3034 3524 3223 3586 Latina,

2086 3586 2311 3647 Instituit
2329 3583 2529 3647 populos
2553 3586 2746 3643 eloquio
2767 3587 2961 3647 triplici.

2023 3645 2222 3696 Tertius
2236 3644 2362 3694 Otho
2383 3646 2478 3693 sibi
2505 3645 2636 3695 Petri
2659 3644 2895 3697 commisit.
2916 3649 3064 3704 ovile.

2082 3709 2309 3767 Cognatis
2333 3706 2554 3753 manibus
2577 3717 2746 3754 unctus
2781 3708 2826 3754 iti
2865 3711 3132 3768 imperium.

2019 3767 2166 3818 Exuit,
2187 3775 2238 3817 et
2261 3774 2509 3829 postquam
2537 3775 2748 3816 terrena:
2771 3767 2957 3817 vincula
2991 3777 3166 3829 carnis,

2080 3823 2396 3894 [Ειιυὶνὺοἱμζ
2433 3841 2500 3889 e.,
2523 3830 2747 3890 Gregorii
2773 3829 2859 3900 δι]
2884 3833 3060 3880 dextro
3083 3823 3330 3883 subsumit
3365 3837 3528 3884 lateri.

2322 3922 2552 3960 DBCESSIT.
2581 3926 2646 3959 χιι
2670 3926 2774 3960 ΚΑΙ..
2804 3925 2963 3962 MART"
2987 3928 3186 3964 CIXCIX.

1102 4239 2002 4356 GBEGORII
2073 4241 2608 4354 ΡΔΡΕ
2680 4243 2816 4353 π

864 4479 1670 4608 EPISTOL/E
1768 4480 1966 4602 ΕΤ
2066 4477 3031 4608 PRIVILEGIA.

329 4950 574 4991 GBEGORII
619 4947 763 4987 PAP£
807 4948 834 4982 γ
866 4946 1117 4986 ΕΡ18Το1.Α
1172 4947 1237 4983 ΔΙ)
1285 4945 1587 4983 WINIZONEI
1638 4944 1902 4985 ΑΒΒΑΤΕΙ.

949 5023 1127 5091 (Anno
1156 5019 1302 5088 99G.)

406 5116 576 5188 [Apud
605 5113 839 5184 Ughelli,
867 5111 1030 5168 Italia
1057 5128 1243 5176 sacra,
1277 5121 1407 5166 tom.
1437 5109 1521 5176 lll,
1555 5112 1655 5167 col.
1686 5112 1836 5185 618.]

398 5207 704 5266 Gascoaws
731 5207 1046 5276 episcopus,
1073 5218 1264 5261 servus
1307 5220 1584 5260 servorum
1641 5204 1730 5260 Dei
1775 5207 1912 5262 dile-

327 5298 562 5354 ctissimo
591 5300 647 5353 in
675 5296 889 5351 Christo
920 5295 1166 5358 Domino,
1193 5292 1304 5348 lilio
1334 5293 1602 5348 WINIZONI
1628 5335 1642 5358 ,
1674 5310 1901 5352 venera-

321 5391 412 5446 bili
440 5390 620 5447 abbati
647 5385 820 5443 sancti
845 5384 1165 5448 Salvatoris,
1192 5387 1296 5440 sito
1320 5387 1372 5440 in
1397 5387 1654 5440 comitatu
1678 5389 1902 5446 Clusino

1930 4843 1980 4900 D
2008 4853 2128 4893 nem
2173 4838 2242 4906 pii
2279 4837 2574 4892 conditoris
2609 4837 2779 4892 nostri
2827 4846 3040 4906 Oportet
3068 4852 3166 4893 nos
3196 4839 3248 4893 in
3291 4841 3584 4912 privilegiis

2008 4929 2325 5000 praestandis
2354 4938 2590 4982 nostram
2618 4929 2764 4983 nullo
2794 4929 2952 4984 modo
2981 4930 3247 5000 denegare
3273 4935 3586 4989 muniﬁcen-

2009 5022 2158 5075 tiam.
2191 5020 2356 5090 Igitur
2387 5020 2510 5088 quia
2543 5031 2722 5074 vestra
2754 5019 2971 5074 dilectio
3001 5031 3196 5076 nostra:
3235 5023 3587 5080 sublimitatis

2009 5111 2365 5179 apostolatum
2396 5108 2672 5164 humiliter
2705 5111 2936 5179 rogavit,
2974 5119 3239 5180 quatenus
3270 5113 3583 5182 prmdictum

2011 5205 2406 5259 monasrerium
2435 5201 2610 5256 sancti
2646 5201 2950 5259 Salvatoris
2999 5203 3302 5258 institutum
3346 5206 3399 5258 in
3427 5220 3589 5274 supra

2013 5295 2293 5350 nominato
2328 5292 2612 5358 comitatu,
2651 5304 2707 5350 et
2743 5293 3021 5348 territorio
3055 5293 3350 5364 privilegiis
3381 5305 3590 5363 aposm-

2010 5385 2129 5443 lica:
2158 5385 2302 5442 sedis
2327 5384 2645 5451 decoretur,
2689 5395 2751 5440 ut
2796 5387 2900 5441 sub
2945 5385 3181 5441 dictione
3209 5385 3348 5455 juris
3395 5393 3594 5439 sanctae
