  <div class='ocr_page' id='page_1' title='image "/cluster/home/n/w/nwhite01/storage/ocr_20150623/137/hvd.32044021286828/455.png"; bbox 0 0 4486 5544; ppageno 0'>
   <div class='ocr_carea' id='block_1_1' title="bbox 868 457 973 512">
    <p class='ocr_par' dir='ltr' id='par_1_1' title="bbox 868 457 973 512">
     <span class='ocr_line' id='line_1_1' title="bbox 868 457 973 512; baseline 0.019 -2"><span class='ocrx_word' id='word_1_1' title='bbox 868 457 973 512; x_wconf 79' lang='lat'><strong>903</strong></span> 
     </span>
    </p>
   </div>
   <div class='ocr_carea' id='block_1_2' title="bbox 2197 448 2847 511">
    <p class='ocr_par' dir='ltr' id='par_1_2' title="bbox 2197 448 2847 511">
     <span class='ocr_line' id='line_1_2' title="bbox 2197 448 2847 511; baseline -0.011 0"><span class='ocrx_word' id='word_1_2' title='bbox 2197 449 2527 511; x_wconf 80' lang='lat' dir='ltr'><strong>GREGOBII</strong></span> <span class='ocrx_word' id='word_1_3' title='bbox 2565 450 2608 506; x_wconf 73' lang='grc' dir='ltr'><strong>ν</strong></span> <span class='ocrx_word' id='word_1_4' title='bbox 2646 448 2847 505; x_wconf 63' lang='grc' dir='ltr'><strong>ΡΑΡΔΕ</strong></span> 
     </span>
    </p>
   </div>
   <div class='ocr_carea' id='block_1_3' title="bbox 4023 452 4125 508">
    <p class='ocr_par' dir='ltr' id='par_1_3' title="bbox 4023 452 4125 508">
     <span class='ocr_line' id='line_1_3' title="bbox 4023 452 4125 508; baseline 0 -2"><span class='ocrx_word' id='word_1_5' title='bbox 4023 452 4125 508; x_wconf 74' lang='grc'><strong>904</strong></span> 
     </span>
    </p>
   </div>
   <div class='ocr_carea' id='block_1_4' title="bbox 866 568 4127 643">
    <p class='ocr_par' dir='ltr' id='par_1_4' title="bbox 866 568 4127 643">
     <span class='ocr_line' id='line_1_4' title="bbox 866 568 4127 643; baseline -0.002 -14"><span class='ocrx_word' id='word_1_6' title='bbox 866 570 1239 629; x_wconf 82' lang='lat' dir='ltr'><strong>concedimus.</strong></span> <span class='ocrx_word' id='word_1_7' title='bbox 1273 570 1339 627; x_wconf 85' lang='lat' dir='ltr'><strong>Et</strong></span> <span class='ocrx_word' id='word_1_8' title='bbox 1368 572 1491 628; x_wconf 86' lang='lat' dir='ltr'><strong>ideo</strong></span> <span class='ocrx_word' id='word_1_9' title='bbox 1519 572 1808 643; x_wconf 89' lang='lat' dir='ltr'><strong>cujuslibet</strong></span> <span class='ocrx_word' id='word_1_10' title='bbox 1837 571 2082 627; x_wconf 72' lang='lat' dir='ltr'><strong>ecclesiae</strong></span> <span class='ocrx_word' id='word_1_11' title='bbox 2110 570 2445 626; x_wconf 74' lang='lat' dir='ltr'><strong>sacerdotem</strong></span> <span class='ocrx_word' id='word_1_12' title='bbox 2472 573 2521 631; x_wconf 79' lang='grc' dir='ltr'>Α</span> <span class='ocrx_word' id='word_1_13' title='bbox 2548 582 2648 638; x_wconf 91' lang='lat' dir='ltr'><strong>pro</strong></span> <span class='ocrx_word' id='word_1_14' title='bbox 2677 577 2860 623; x_wconf 90' lang='lat' dir='ltr'><strong>nostra</strong></span> <span class='ocrx_word' id='word_1_15' title='bbox 2891 568 3070 622; x_wconf 88' lang='lat' dir='ltr'><strong>anima</strong></span> <span class='ocrx_word' id='word_1_16' title='bbox 3088 609 3104 634; x_wconf 92' lang='lat'><strong>,</strong></span> <span class='ocrx_word' id='word_1_17' title='bbox 3138 575 3555 637; x_wconf 86' lang='lat' dir='ltr'><strong>nostrorumque</strong></span> <span class='ocrx_word' id='word_1_18' title='bbox 3578 576 4003 632; x_wconf 49' lang='lat' dir='ltr'><strong>antecessorum,</strong></span> <span class='ocrx_word' id='word_1_19' title='bbox 4032 583 4127 622; x_wconf 88' lang='lat' dir='ltr'><strong>seu</strong></span> 
     </span>
    </p>
   </div>
   <div class='ocr_carea' id='block_1_5' title="bbox 865 660 2443 733">
    <p class='ocr_par' dir='ltr' id='par_1_5' title="bbox 865 660 2443 733">
     <span class='ocr_line' id='line_1_5' title="bbox 865 660 2443 733; baseline -0.001 -18"><span class='ocrx_word' id='word_1_20' title='bbox 865 662 920 716; x_wconf 91' lang='lat' dir='ltr'><strong>in</strong></span> <span class='ocrx_word' id='word_1_21' title='bbox 970 661 1197 730; x_wconf 64' lang='lat' dir='ltr'><strong>prafan</strong></span> <span class='ocrx_word' id='word_1_22' title='bbox 1257 661 1588 718; x_wconf 87' lang='lat' dir='ltr'><strong>monasterio</strong></span> <span class='ocrx_word' id='word_1_23' title='bbox 1637 662 1934 733; x_wconf 79' lang='lat' dir='ltr'><strong>quamlibet</strong></span> <span class='ocrx_word' id='word_1_24' title='bbox 1986 660 2443 732; x_wconf 90' lang='lat' dir='ltr'><strong>jurisdictionem,</strong></span> 
     </span>
    </p>
   </div>
   <div class='ocr_carea' id='block_1_6' title="bbox 864 750 2443 822">
    <p class='ocr_par' dir='ltr' id='par_1_6' title="bbox 864 750 2443 822">
     <span class='ocr_line' id='line_1_6' title="bbox 864 750 2443 822; baseline 0.001 -19"><span class='ocrx_word' id='word_1_25' title='bbox 864 750 951 804; x_wconf 94' lang='lat' dir='ltr'><strong>vel</strong></span> <span class='ocrx_word' id='word_1_26' title='bbox 966 752 1444 821; x_wconf 79' lang='lat' dir='ltr'><strong>potestatem,&#39;sive</strong></span> <span class='ocrx_word' id='word_1_27' title='bbox 1460 753 1839 808; x_wconf 86' lang='lat' dir='ltr'><strong>auctoritatem</strong></span> <span class='ocrx_word' id='word_1_28' title='bbox 1859 762 2055 822; x_wconf 77' lang='lat' dir='ltr'><strong>praeter</strong></span> <span class='ocrx_word' id='word_1_29' title='bbox 2070 754 2213 808; x_wconf 85' lang='lat' dir='ltr'><strong>sedis</strong></span> <span class='ocrx_word' id='word_1_30' title='bbox 2227 760 2443 822; x_wconf 83' lang='lat' dir='ltr'><strong>aposto-</strong></span> 
     </span>
    </p>
   </div>
   <div class='ocr_carea' id='block_1_7' title="bbox 861 839 2445 915">
    <p class='ocr_par' dir='ltr' id='par_1_7' title="bbox 861 839 2445 915">
     <span class='ocr_line' id='line_1_7' title="bbox 861 839 2445 915; baseline 0.001 -20"><span class='ocrx_word' id='word_1_31' title='bbox 861 839 979 898; x_wconf 70' lang='lat' dir='ltr'><strong>lica:</strong></span> <span class='ocrx_word' id='word_1_32' title='bbox 1010 842 1318 912; x_wconf 89' lang='lat' dir='ltr'><strong>pontiﬁcem</strong></span> <span class='ocrx_word' id='word_1_33' title='bbox 1348 844 1551 899; x_wconf 88' lang='lat' dir='ltr'><strong>habere</strong></span> <span class='ocrx_word' id='word_1_34' title='bbox 1594 844 1977 915; x_wconf 83' lang='lat' dir='ltr'><strong>prohibemus,</strong></span> <span class='ocrx_word' id='word_1_35' title='bbox 2011 845 2082 898; x_wconf 90' lang='lat' dir='ltr'><strong>ita</strong></span> <span class='ocrx_word' id='word_1_36' title='bbox 2112 853 2172 898; x_wconf 91' lang='lat' dir='ltr'><strong>ut</strong></span> <span class='ocrx_word' id='word_1_37' title='bbox 2218 844 2325 898; x_wconf 88' lang='lat' dir='ltr'><strong>nisi</strong></span> <span class='ocrx_word' id='word_1_38' title='bbox 2376 842 2445 896; x_wconf 91' lang='lat' dir='ltr'><strong>ab</strong></span> 
     </span>
    </p>
   </div>
   <div class='ocr_carea' id='block_1_8' title="bbox 862 931 2446 1003">
    <p class='ocr_par' dir='ltr' id='par_1_8' title="bbox 862 931 2446 1003">
     <span class='ocr_line' id='line_1_8' title="bbox 862 931 2446 1003; baseline 0.003 -19"><span class='ocrx_word' id='word_1_39' title='bbox 862 931 1056 987; x_wconf 86' lang='lat' dir='ltr'><strong>abbate</strong></span> <span class='ocrx_word' id='word_1_40' title='bbox 1112 934 1428 988; x_wconf 86' lang='lat' dir='ltr'><strong>monasterii</strong></span> <span class='ocrx_word' id='word_1_41' title='bbox 1478 933 1719 1003; x_wconf 85' lang='lat' dir='ltr'><strong>ejusdem</strong></span> <span class='ocrx_word' id='word_1_42' title='bbox 1776 934 1940 989; x_wconf 77' lang='lat' dir='ltr'><strong>fuerit</strong></span> <span class='ocrx_word' id='word_1_43' title='bbox 1990 934 2289 998; x_wconf 85' lang='lat' dir='ltr'><strong>invitatus,</strong></span> <span class='ocrx_word' id='word_1_44' title='bbox 2343 947 2446 989; x_wconf 90' lang='lat' dir='ltr'><strong>nec</strong></span> 
     </span>
    </p>
   </div>
   <div class='ocr_carea' id='block_1_9' title="bbox 862 1022 2444 1081">
    <p class='ocr_par' dir='ltr' id='par_1_9' title="bbox 862 1022 2444 1081">
     <span class='ocr_line' id='line_1_9' title="bbox 862 1022 2444 1081; baseline 0.003 -6"><span class='ocrx_word' id='word_1_45' title='bbox 862 1022 1148 1077; x_wconf 91' lang='lat' dir='ltr'><strong>missarum</strong></span> <span class='ocrx_word' id='word_1_46' title='bbox 1210 1025 1470 1079; x_wconf 87' lang='lat' dir='ltr'><strong>solemnia</strong></span> <span class='ocrx_word' id='word_1_47' title='bbox 1538 1026 1739 1081; x_wconf 91' lang='lat' dir='ltr'><strong>ibidem</strong></span> <span class='ocrx_word' id='word_1_48' title='bbox 1792 1023 2105 1080; x_wconf 88' lang='lat' dir='ltr'><strong>omnimodo</strong></span> <span class='ocrx_word' id='word_1_49' title='bbox 2164 1024 2444 1080; x_wconf 89' lang='lat' dir='ltr'><strong>celebrare</strong></span> 
     </span>
    </p>
   </div>
   <div class='ocr_carea' id='block_1_10' title="bbox 861 1115 2445 1186">
    <p class='ocr_par' dir='ltr' id='par_1_10' title="bbox 861 1115 2445 1186">
     <span class='ocr_line' id='line_1_10' title="bbox 861 1115 2445 1186; baseline 0.002 -19"><span class='ocrx_word' id='word_1_50' title='bbox 861 1125 1172 1182; x_wconf 62' lang='lat' dir='ltr'><strong>praesumat.</strong></span> <span class='ocrx_word' id='word_1_51' title='bbox 1204 1115 1352 1171; x_wconf 82' lang='lat' dir='ltr'><strong>Hanc</strong></span> <span class='ocrx_word' id='word_1_52' title='bbox 1382 1116 1613 1186; x_wconf 89' lang='lat' dir='ltr'><strong>denique</strong></span> <span class='ocrx_word' id='word_1_53' title='bbox 1641 1125 1879 1170; x_wconf 91' lang='lat' dir='ltr'><strong>nostram</strong></span> <span class='ocrx_word' id='word_1_54' title='bbox 1918 1116 2218 1186; x_wconf 86' lang='lat' dir='ltr'><strong>apostolica</strong></span> <span class='ocrx_word' id='word_1_55' title='bbox 2255 1125 2445 1170; x_wconf 87' lang='lat' dir='ltr'><strong>aucto-</strong></span> 
     </span>
    </p>
   </div>
   <div class='ocr_carea' id='block_1_11' title="bbox 864 1205 2442 1278">
    <p class='ocr_par' dir='ltr' id='par_1_11' title="bbox 864 1205 2442 1278">
     <span class='ocr_line' id='line_1_11' title="bbox 864 1205 2442 1278; baseline 0.001 -20"><span class='ocrx_word' id='word_1_56' title='bbox 864 1205 1028 1261; x_wconf 88' lang='lat' dir='ltr'><strong>ritate</strong></span> <span class='ocrx_word' id='word_1_57' title='bbox 1064 1208 1466 1269; x_wconf 78' lang='lat' dir='ltr'><strong>constituimus.</strong></span> <span class='ocrx_word' id='word_1_58' title='bbox 1504 1207 1735 1262; x_wconf 88' lang='lat' dir='ltr'><strong>utnulla</strong></span> <span class='ocrx_word' id='word_1_59' title='bbox 1775 1207 1878 1261; x_wconf 88' lang='lat' dir='ltr'><strong>alia</strong></span> <span class='ocrx_word' id='word_1_60' title='bbox 1914 1223 2106 1278; x_wconf 87' lang='lat' dir='ltr'><strong>magna</strong></span> <span class='ocrx_word' id='word_1_61' title='bbox 2147 1222 2241 1262; x_wconf 89' lang='lat' dir='ltr'><strong>seu</strong></span> <span class='ocrx_word' id='word_1_62' title='bbox 2274 1220 2442 1276; x_wconf 90' lang='lat' dir='ltr'><strong>parva</strong></span> 
     </span>
    </p>
   </div>
   <div class='ocr_carea' id='block_1_12' title="bbox 860 1294 2444 1364">
    <p class='ocr_par' dir='ltr' id='par_1_12' title="bbox 860 1294 2444 1364">
     <span class='ocr_line' id='line_1_12' title="bbox 860 1294 2444 1364; baseline -0.001 -15"><span class='ocrx_word' id='word_1_63' title='bbox 860 1309 1093 1364; x_wconf 87' lang='lat' dir='ltr'><strong>persona</strong></span> <span class='ocrx_word' id='word_1_64' title='bbox 1140 1296 1315 1351; x_wconf 90' lang='lat' dir='ltr'><strong>eidem</strong></span> <span class='ocrx_word' id='word_1_65' title='bbox 1373 1311 1507 1351; x_wconf 90' lang='lat' dir='ltr'><strong>vero</strong></span> <span class='ocrx_word' id='word_1_66' title='bbox 1556 1296 1920 1362; x_wconf 89' lang='lat' dir='ltr'><strong>monasterio,</strong></span> <span class='ocrx_word' id='word_1_67' title='bbox 1970 1297 2083 1351; x_wconf 86' lang='lat' dir='ltr'><strong>sive</strong></span> <span class='ocrx_word' id='word_1_68' title='bbox 2137 1295 2362 1349; x_wconf 83' lang='lat' dir='ltr'><strong>inferius</strong></span> <span class='ocrx_word' id='word_1_69' title='bbox 2390 1294 2444 1348; x_wconf 93' lang='lat' dir='ltr'><strong>in</strong></span> 
     </span>
    </p>
   </div>
   <div class='ocr_carea' id='block_1_13' title="bbox 863 1385 2441 1452">
    <p class='ocr_par' dir='ltr' id='par_1_13' title="bbox 863 1385 2441 1452">
     <span class='ocr_line' id='line_1_13' title="bbox 863 1385 2441 1452; baseline -0.001 -13"><span class='ocrx_word' id='word_1_70' title='bbox 863 1385 1034 1440; x_wconf 84' lang='lat' dir='ltr'><strong>servis</strong></span> <span class='ocrx_word' id='word_1_71' title='bbox 1064 1387 1336 1452; x_wconf 83' lang='lat' dir='ltr'><strong>videlicet,</strong></span> <span class='ocrx_word' id='word_1_72' title='bbox 1362 1385 1447 1440; x_wconf 87' lang='lat' dir='ltr'><strong>vel</strong></span> <span class='ocrx_word' id='word_1_73' title='bbox 1475 1386 1528 1440; x_wconf 92' lang='lat' dir='ltr'><strong>in</strong></span> <span class='ocrx_word' id='word_1_74' title='bbox 1560 1385 1777 1440; x_wconf 82' lang='lat' dir='ltr'><strong>famulis</strong></span> <span class='ocrx_word' id='word_1_75' title='bbox 1801 1427 1814 1448; x_wconf 93' lang='lat'><strong>,</strong></span> <span class='ocrx_word' id='word_1_76' title='bbox 1846 1394 1939 1439; x_wconf 90' lang='lat' dir='ltr'><strong>aut</strong></span> <span class='ocrx_word' id='word_1_77' title='bbox 1978 1386 2208 1440; x_wconf 90' lang='lat' dir='ltr'><strong>etiamin</strong></span> <span class='ocrx_word' id='word_1_78' title='bbox 2239 1385 2441 1450; x_wconf 89' lang='lat' dir='ltr'><strong>servis,</strong></span> 
     </span>
    </p>
   </div>
   <div class='ocr_carea' id='block_1_14' title="bbox 860 1465 2440 1542">
    <p class='ocr_par' dir='ltr' id='par_1_14' title="bbox 860 1465 2440 1542">
     <span class='ocr_line' id='line_1_14' title="bbox 860 1465 2440 1542; baseline -0.001 -12"><span class='ocrx_word' id='word_1_79' title='bbox 860 1475 943 1530; x_wconf 90' lang='lat' dir='ltr'><strong>vel</strong></span> <span class='ocrx_word' id='word_1_80' title='bbox 966 1476 1194 1540; x_wconf 85' lang='lat' dir='ltr'><strong>ancillis,</strong></span> <span class='ocrx_word' id='word_1_81' title='bbox 1229 1491 1436 1532; x_wconf 89' lang='lat' dir='ltr'><strong>necnon</strong></span> <span class='ocrx_word' id='word_1_82' title='bbox 1460 1477 1625 1531; x_wconf 87' lang='lat' dir='ltr'><strong>etiam</strong></span> <span class='ocrx_word' id='word_1_83' title='bbox 1660 1476 1711 1529; x_wconf 92' lang='lat' dir='ltr'><strong>in</strong></span> <span class='ocrx_word' id='word_1_84' title='bbox 1762 1476 1964 1542; x_wconf 88' lang='lat' dir='ltr'><strong>liberis,</strong></span> <span class='ocrx_word' id='word_1_85' title='bbox 1998 1465 2090 1531; x_wconf 37' lang='lat' dir='ltr'><strong>vel.</strong></span> <span class='ocrx_word' id='word_1_86' title='bbox 2131 1477 2183 1531; x_wconf 93' lang='lat' dir='ltr'><strong>in</strong></span> <span class='ocrx_word' id='word_1_87' title='bbox 2227 1476 2440 1530; x_wconf 91' lang='lat' dir='ltr'><strong>cunctis</strong></span> 
     </span>
    </p>
   </div>
   <div class='ocr_carea' id='block_1_15' title="bbox 861 1565 2441 1636">
    <p class='ocr_par' dir='ltr' id='par_1_15' title="bbox 861 1565 2441 1636">
     <span class='ocr_line' id='line_1_15' title="bbox 861 1565 2441 1636; baseline 0 -18"><span class='ocrx_word' id='word_1_88' title='bbox 861 1565 1023 1620; x_wconf 91' lang='lat' dir='ltr'><strong>rebus</strong></span> <span class='ocrx_word' id='word_1_89' title='bbox 1062 1567 1127 1619; x_wconf 90' lang='lat' dir='ltr'><strong>ad</strong></span> <span class='ocrx_word' id='word_1_90' title='bbox 1160 1566 1211 1619; x_wconf 91' lang='lat' dir='ltr'><strong>id</strong></span> <span class='ocrx_word' id='word_1_91' title='bbox 1248 1565 1662 1636; x_wconf 89' lang='lat' dir='ltr'><strong>pertinentibus,</strong></span> <span class='ocrx_word' id='word_1_92' title='bbox 1693 1565 1959 1627; x_wconf 88' lang='lat' dir='ltr'><strong>videlicet,</strong></span> <span class='ocrx_word' id='word_1_93' title='bbox 1998 1565 2051 1619; x_wconf 91' lang='lat' dir='ltr'><strong>in</strong></span> <span class='ocrx_word' id='word_1_94' title='bbox 2076 1565 2215 1619; x_wconf 87' lang='lat' dir='ltr'><strong>casis</strong></span> <span class='ocrx_word' id='word_1_95' title='bbox 2242 1574 2295 1618; x_wconf 93' lang='lat' dir='ltr'><strong>et</strong></span> <span class='ocrx_word' id='word_1_96' title='bbox 2315 1578 2441 1632; x_wconf 89' lang='lat' dir='ltr'><strong>pos-</strong></span> 
     </span>
    </p>
   </div>
   <div class='ocr_carea' id='block_1_16' title="bbox 863 1654 2442 1726">
    <p class='ocr_par' dir='ltr' id='par_1_16' title="bbox 863 1654 2442 1726">
     <span class='ocr_line' id='line_1_16' title="bbox 863 1654 2442 1726; baseline 0.001 -17"><span class='ocrx_word' id='word_1_97' title='bbox 863 1656 1195 1711; x_wconf 87' lang='lat' dir='ltr'><strong>sessionibus</strong></span> <span class='ocrx_word' id='word_1_98' title='bbox 1219 1657 1597 1726; x_wconf 90' lang='lat' dir='ltr'><strong>quoquomodo</strong></span> <span class='ocrx_word' id='word_1_99' title='bbox 1620 1656 1855 1726; x_wconf 86' lang='lat' dir='ltr'><strong>aliquam</strong></span> <span class='ocrx_word' id='word_1_100' title='bbox 1887 1656 2189 1711; x_wconf 83' lang='lat' dir='ltr'><strong>molestiam</strong></span> <span class='ocrx_word' id='word_1_101' title='bbox 2242 1654 2442 1711; x_wconf 82' lang='lat' dir='ltr'><strong>inferre</strong></span> 
     </span>
    </p>
   </div>
   <div class='ocr_carea' id='block_1_17' title="bbox 862 1747 2441 1816">
    <p class='ocr_par' dir='ltr' id='par_1_17' title="bbox 862 1747 2441 1816">
     <span class='ocr_line' id='line_1_17' title="bbox 862 1747 2441 1816; baseline 0.001 -17"><span class='ocrx_word' id='word_1_102' title='bbox 862 1756 1173 1814; x_wconf 66' lang='lat' dir='ltr'><strong>praesumat.</strong></span> <span class='ocrx_word' id='word_1_103' title='bbox 1223 1747 1542 1816; x_wconf 88' lang='lat' dir='ltr'><strong>Pariterque</strong></span> <span class='ocrx_word' id='word_1_104' title='bbox 1585 1748 1934 1802; x_wconf 89' lang='lat' dir='ltr'><strong>concedimus</strong></span> <span class='ocrx_word' id='word_1_105' title='bbox 1978 1756 2032 1801; x_wconf 93' lang='lat' dir='ltr'><strong>et</strong></span> <span class='ocrx_word' id='word_1_106' title='bbox 2059 1747 2441 1801; x_wconf 90' lang='lat' dir='ltr'><strong>conﬁrmamus</strong></span> 
     </span>
    </p>
   </div>
   <div class='ocr_carea' id='block_1_18' title="bbox 860 1835 2441 1907">
    <p class='ocr_par' dir='ltr' id='par_1_18' title="bbox 860 1835 2441 1907">
     <span class='ocr_line' id='line_1_18' title="bbox 860 1835 2441 1907; baseline 0.002 -19"><span class='ocrx_word' id='word_1_107' title='bbox 860 1835 1036 1891; x_wconf 85' lang='lat' dir='ltr'><strong>eidem</strong></span> <span class='ocrx_word' id='word_1_108' title='bbox 1068 1846 1258 1892; x_wconf 89' lang='lat' dir='ltr'><strong>sancto</strong></span> <span class='ocrx_word' id='word_1_109' title='bbox 1291 1837 1619 1892; x_wconf 90' lang='lat' dir='ltr'><strong>monasterio</strong></span> <span class='ocrx_word' id='word_1_110' title='bbox 1650 1838 1948 1907; x_wconf 90' lang='lat' dir='ltr'><strong>primitias,</strong></span> <span class='ocrx_word' id='word_1_111' title='bbox 1981 1837 2065 1891; x_wconf 90' lang='lat' dir='ltr'><strong>vel</strong></span> <span class='ocrx_word' id='word_1_112' title='bbox 2112 1837 2350 1891; x_wconf 85' lang='lat' dir='ltr'><strong>decimas</strong></span> <span class='ocrx_word' id='word_1_113' title='bbox 2376 1837 2441 1891; x_wconf 88' lang='lat' dir='ltr'><strong>de</strong></span> 
     </span>
    </p>
   </div>
   <div class='ocr_carea' id='block_1_19' title="bbox 2548 657 4127 726">
    <p class='ocr_par' dir='ltr' id='par_1_19' title="bbox 2548 657 4127 726">
     <span class='ocr_line' id='line_1_19' title="bbox 2548 657 4127 726; baseline 0 -15"><span class='ocrx_word' id='word_1_114' title='bbox 2548 671 2924 712; x_wconf 85' lang='lat' dir='ltr'><strong>successorum</strong></span> <span class='ocrx_word' id='word_1_115' title='bbox 2974 657 3289 726; x_wconf 91' lang='lat' dir='ltr'><strong>pontiﬁcum</strong></span> <span class='ocrx_word' id='word_1_116' title='bbox 3340 659 3529 713; x_wconf 90' lang='lat' dir='ltr'><strong>devota</strong></span> <span class='ocrx_word' id='word_1_117' title='bbox 3577 658 3694 712; x_wconf 92' lang='lat' dir='ltr'><strong>sine</strong></span> <span class='ocrx_word' id='word_1_118' title='bbox 3726 658 4127 713; x_wconf 89' lang='lat' dir='ltr'><strong>intermissione</strong></span> 
     </span>
    </p>
   </div>
   <div class='ocr_carea' id='block_1_20' title="bbox 2548 745 4126 817">
    <p class='ocr_par' dir='ltr' id='par_1_20' title="bbox 2548 745 4126 817">
     <span class='ocr_line' id='line_1_20' title="bbox 2548 745 4126 817; baseline 0.001 -18"><span class='ocrx_word' id='word_1_119' title='bbox 2548 745 2641 801; x_wconf 89' lang='lat' dir='ltr'><strong>ﬁat</strong></span> <span class='ocrx_word' id='word_1_120' title='bbox 2669 749 2862 801; x_wconf 91' lang='lat' dir='ltr'><strong>oratio.</strong></span> <span class='ocrx_word' id='word_1_121' title='bbox 2902 747 3139 817; x_wconf 87' lang='lat' dir='ltr'><strong>Denique</strong></span> <span class='ocrx_word' id='word_1_122' title='bbox 3167 748 3454 804; x_wconf 82' lang='lat' dir='ltr'><strong>statuimus</strong></span> <span class='ocrx_word' id='word_1_123' title='bbox 3481 760 3538 801; x_wconf 94' lang='lat' dir='ltr'><strong>ut</strong></span> <span class='ocrx_word' id='word_1_124' title='bbox 3580 748 3705 803; x_wconf 91' lang='lat' dir='ltr'><strong>dum</strong></span> <span class='ocrx_word' id='word_1_125' title='bbox 3736 749 3903 803; x_wconf 85' lang='lat' dir='ltr'><strong>abbas</strong></span> <span class='ocrx_word' id='word_1_126' title='bbox 3930 748 3995 802; x_wconf 91' lang='lat' dir='ltr'><strong>de</strong></span> <span class='ocrx_word' id='word_1_127' title='bbox 4025 748 4126 801; x_wconf 91' lang='lat' dir='ltr'><strong>hoc</strong></span> 
     </span>
    </p>
   </div>
   <div class='ocr_carea' id='block_1_21' title="bbox 2546 835 4127 908">
    <p class='ocr_par' dir='ltr' id='par_1_21' title="bbox 2546 835 4127 908">
     <span class='ocr_line' id='line_1_21' title="bbox 2546 835 4127 908; baseline -0.001 -17"><span class='ocrx_word' id='word_1_128' title='bbox 2546 835 2743 891; x_wconf 61' lang='lat' dir='ltr'><strong>saeculo</strong></span> <span class='ocrx_word' id='word_1_129' title='bbox 2790 837 3119 906; x_wconf 78' lang='lat' dir='ltr'><strong>migraverit,</strong></span> <span class='ocrx_word' id='word_1_130' title='bbox 3171 851 3346 907; x_wconf 88' lang='lat' dir='ltr'><strong>neque</strong></span> <span class='ocrx_word' id='word_1_131' title='bbox 3400 852 3512 902; x_wconf 84' lang='lat' dir='ltr'><strong>rex,</strong></span> <span class='ocrx_word' id='word_1_132' title='bbox 3560 852 3735 908; x_wconf 91' lang='lat' dir='ltr'><strong>neque</strong></span> <span class='ocrx_word' id='word_1_133' title='bbox 3780 837 3911 901; x_wconf 84' lang='lat' dir='ltr'><strong>dux,</strong></span> <span class='ocrx_word' id='word_1_134' title='bbox 3954 849 4127 905; x_wconf 85' lang='lat' dir='ltr'><strong>neque</strong></span> 
     </span>
    </p>
   </div>
   <div class='ocr_carea' id='block_1_22' title="bbox 2545 925 4125 997">
    <p class='ocr_par' dir='ltr' id='par_1_22' title="bbox 2545 925 4125 997">
     <span class='ocr_line' id='line_1_22' title="bbox 2545 925 4125 997; baseline 0.003 -20"><span class='ocrx_word' id='word_1_135' title='bbox 2545 925 2806 990; x_wconf 88' lang='lat' dir='ltr'><strong>marchio,</strong></span> <span class='ocrx_word' id='word_1_136' title='bbox 2836 940 3009 994; x_wconf 90' lang='lat' dir='ltr'><strong>neque</strong></span> <span class='ocrx_word' id='word_1_137' title='bbox 3044 927 3348 995; x_wconf 75' lang='lat' dir='ltr'><strong>episcopus,</strong></span> <span class='ocrx_word' id='word_1_138' title='bbox 3384 942 3555 997; x_wconf 90' lang='lat' dir='ltr'><strong>neque</strong></span> <span class='ocrx_word' id='word_1_139' title='bbox 3580 942 3783 992; x_wconf 89' lang='lat' dir='ltr'><strong>comes,</strong></span> <span class='ocrx_word' id='word_1_140' title='bbox 3824 942 3997 997; x_wconf 91' lang='lat' dir='ltr'><strong>neque</strong></span> <span class='ocrx_word' id='word_1_141' title='bbox 4019 927 4125 981; x_wconf 88' lang='lat' dir='ltr'><strong>ulla</strong></span> 
     </span>
    </p>
   </div>
   <div class='ocr_carea' id='block_1_23' title="bbox 2545 1014 4120 1086">
    <p class='ocr_par' dir='ltr' id='par_1_23' title="bbox 2545 1014 4120 1086">
     <span class='ocr_line' id='line_1_23' title="bbox 2545 1014 4120 1086; baseline 0.001 -18"><span class='ocrx_word' id='word_1_142' title='bbox 2545 1014 2649 1068; x_wconf 89' lang='lat' dir='ltr'><strong>alia</strong></span> <span class='ocrx_word' id='word_1_143' title='bbox 2699 1030 2925 1084; x_wconf 82' lang='lat' dir='ltr'><strong>persona</strong></span> <span class='ocrx_word' id='word_1_144' title='bbox 2974 1017 3170 1070; x_wconf 84' lang='lat' dir='ltr'><strong>ibidem</strong></span> <span class='ocrx_word' id='word_1_145' title='bbox 3219 1018 3467 1071; x_wconf 83' lang='lat' dir='ltr'><strong>abbatem</strong></span> <span class='ocrx_word' id='word_1_146' title='bbox 3512 1018 3765 1071; x_wconf 89' lang='lat' dir='ltr'><strong>ordinare</strong></span> <span class='ocrx_word' id='word_1_147' title='bbox 3814 1025 4120 1086; x_wconf 71' lang='lat' dir='ltr'><strong>praesumat;</strong></span> 
     </span>
    </p>
   </div>
   <div class='ocr_carea' id='block_1_24' title="bbox 2545 1107 4123 1177">
    <p class='ocr_par' dir='ltr' id='par_1_24' title="bbox 2545 1107 4123 1177">
     <span class='ocr_line' id='line_1_24' title="bbox 2545 1107 4123 1177; baseline 0.002 -16"><span class='ocrx_word' id='word_1_148' title='bbox 2545 1107 2637 1161; x_wconf 89' lang='lat' dir='ltr'><strong>sed</strong></span> <span class='ocrx_word' id='word_1_149' title='bbox 2670 1108 3010 1177; x_wconf 77' lang='lat' dir='ltr'><strong>congregatis</strong></span> <span class='ocrx_word' id='word_1_150' title='bbox 3041 1107 3091 1161; x_wconf 93' lang='lat' dir='ltr'><strong>in</strong></span> <span class='ocrx_word' id='word_1_151' title='bbox 3122 1124 3283 1161; x_wconf 91' lang='lat' dir='ltr'><strong>unum</strong></span> <span class='ocrx_word' id='word_1_152' title='bbox 3310 1109 3520 1165; x_wconf 87' lang='lat' dir='ltr'><strong>cunctis</strong></span> <span class='ocrx_word' id='word_1_153' title='bbox 3548 1108 3787 1177; x_wconf 83' lang='lat' dir='ltr'><strong>ejusdem</strong></span> <span class='ocrx_word' id='word_1_154' title='bbox 3812 1109 4123 1164; x_wconf 71' lang='lat' dir='ltr'><strong>monasterii</strong></span> 
     </span>
    </p>
   </div>
   <div class='ocr_carea' id='block_1_25' title="bbox 2546 1196 4121 1268">
    <p class='ocr_par' dir='ltr' id='par_1_25' title="bbox 2546 1196 4121 1268">
     <span class='ocr_line' id='line_1_25' title="bbox 2546 1196 4121 1268; baseline 0.003 -19"><span class='ocrx_word' id='word_1_155' title='bbox 2546 1196 2821 1260; x_wconf 81' lang='lat' dir='ltr'><strong>fratribus,</strong></span> <span class='ocrx_word' id='word_1_156' title='bbox 2859 1212 2923 1253; x_wconf 85' lang='lat' dir='ltr'><strong>ex</strong></span> <span class='ocrx_word' id='word_1_157' title='bbox 2955 1200 3225 1252; x_wconf 89' lang='lat' dir='ltr'><strong>communi</strong></span> <span class='ocrx_word' id='word_1_158' title='bbox 3270 1214 3559 1263; x_wconf 89' lang='lat' dir='ltr'><strong>consensu,</strong></span> <span class='ocrx_word' id='word_1_159' title='bbox 3614 1200 3709 1253; x_wconf 89' lang='lat' dir='ltr'><strong>Dei</strong></span> <span class='ocrx_word' id='word_1_160' title='bbox 3763 1200 4121 1268; x_wconf 87' lang='lat' dir='ltr'><strong>providentia,</strong></span> 
     </span>
    </p>
   </div>
   <div class='ocr_carea' id='block_1_26' title="bbox 2544 1287 4121 1359">
    <p class='ocr_par' dir='ltr' id='par_1_26' title="bbox 2544 1287 4121 1359">
     <span class='ocr_line' id='line_1_26' title="bbox 2544 1287 4121 1359; baseline 0.003 -18"><span class='ocrx_word' id='word_1_161' title='bbox 2544 1288 2636 1357; x_wconf 88' lang='lat' dir='ltr'><strong>qui</strong></span> <span class='ocrx_word' id='word_1_162' title='bbox 2670 1287 2864 1358; x_wconf 81' lang='lat' dir='ltr'><strong>dignus</strong></span> <span class='ocrx_word' id='word_1_163' title='bbox 2893 1288 2995 1343; x_wconf 93' lang='lat' dir='ltr'><strong>hoc</strong></span> <span class='ocrx_word' id='word_1_164' title='bbox 3022 1289 3226 1343; x_wconf 87' lang='lat' dir='ltr'><strong>honore</strong></span> <span class='ocrx_word' id='word_1_165' title='bbox 3252 1290 3401 1343; x_wconf 88' lang='lat' dir='ltr'><strong>visus</strong></span> <span class='ocrx_word' id='word_1_166' title='bbox 3443 1289 3624 1355; x_wconf 83' lang='lat' dir='ltr'><strong>fuerit,</strong></span> <span class='ocrx_word' id='word_1_167' title='bbox 3658 1306 3719 1344; x_wconf 84' lang='lat' dir='ltr'><strong>ex</strong></span> <span class='ocrx_word' id='word_1_168' title='bbox 3751 1291 3965 1359; x_wconf 89' lang='lat' dir='ltr'><strong>propria</strong></span> <span class='ocrx_word' id='word_1_169' title='bbox 3993 1306 4121 1345; x_wconf 82' lang='lat' dir='ltr'><strong>con—</strong></span> 
     </span>
    </p>
   </div>
   <div class='ocr_carea' id='block_1_27' title="bbox 2544 1381 4119 1452">
    <p class='ocr_par' dir='ltr' id='par_1_27' title="bbox 2544 1381 4119 1452">
     <span class='ocr_line' id='line_1_27' title="bbox 2544 1381 4119 1452; baseline 0.004 -20"><span class='ocrx_word' id='word_1_170' title='bbox 2544 1381 2857 1449; x_wconf 88' lang='lat' dir='ltr'><strong>gregatione</strong></span> <span class='ocrx_word' id='word_1_171' title='bbox 2889 1381 3137 1435; x_wconf 86' lang='lat' dir='ltr'><strong>abbatem</strong></span> <span class='ocrx_word' id='word_1_172' title='bbox 3163 1381 3359 1436; x_wconf 91' lang='lat' dir='ltr'><strong>ibidem</strong></span> <span class='ocrx_word' id='word_1_173' title='bbox 3384 1383 3657 1437; x_wconf 87' lang='lat' dir='ltr'><strong>ordinare.</strong></span> <span class='ocrx_word' id='word_1_174' title='bbox 3690 1382 3745 1437; x_wconf 91' lang='lat' dir='ltr'><strong>Si</strong></span> <span class='ocrx_word' id='word_1_175' title='bbox 3777 1384 3898 1452; x_wconf 89' lang='lat' dir='ltr'><strong>quis</strong></span> <span class='ocrx_word' id='word_1_176' title='bbox 3921 1393 4119 1449; x_wconf 88' lang='lat' dir='ltr'><strong>autem,</strong></span> 
     </span>
    </p>
   </div>
   <div class='ocr_carea' id='block_1_28' title="bbox 2543 1470 4122 1544">
    <p class='ocr_par' dir='ltr' id='par_1_28' title="bbox 2543 1470 4122 1544">
     <span class='ocr_line' id='line_1_28' title="bbox 2543 1470 4122 1544; baseline 0.004 -23"><span class='ocrx_word' id='word_1_177' title='bbox 2543 1470 2684 1536; x_wconf 91' lang='lat' dir='ltr'><strong>quod</strong></span> <span class='ocrx_word' id='word_1_178' title='bbox 2711 1484 2816 1524; x_wconf 93' lang='lat' dir='ltr'><strong>non</strong></span> <span class='ocrx_word' id='word_1_179' title='bbox 2852 1478 3126 1540; x_wconf 88' lang='lat' dir='ltr'><strong>optamus,</strong></span> <span class='ocrx_word' id='word_1_180' title='bbox 3158 1472 3447 1526; x_wconf 89' lang='lat' dir='ltr'><strong>temerario</strong></span> <span class='ocrx_word' id='word_1_181' title='bbox 3485 1488 3619 1527; x_wconf 88' lang='lat' dir='ltr'><strong>ausu</strong></span> <span class='ocrx_word' id='word_1_182' title='bbox 3652 1482 3842 1528; x_wconf 88' lang='lat' dir='ltr'><strong>contra</strong></span> <span class='ocrx_word' id='word_1_183' title='bbox 3877 1488 3962 1538; x_wconf 84' lang='lat' dir='ltr'><strong>ea,</strong></span> <span class='ocrx_word' id='word_1_184' title='bbox 4003 1490 4122 1544; x_wconf 76' lang='lat' dir='ltr'><strong>quae</strong></span> 
     </span>
    </p>
   </div>
   <div class='ocr_carea' id='block_1_29' title="bbox 2544 1556 4122 1632">
    <p class='ocr_par' dir='ltr' id='par_1_29' title="bbox 2544 1556 4122 1632">
     <span class='ocr_line' id='line_1_29' title="bbox 2544 1556 4122 1632; baseline 0.006 -23"><span class='ocrx_word' id='word_1_185' title='bbox 2544 1556 2611 1610; x_wconf 88' lang='lat' dir='ltr'><strong>ab</strong></span> <span class='ocrx_word' id='word_1_186' title='bbox 2659 1557 2760 1613; x_wconf 90' lang='lat' dir='ltr'><strong>hac</strong></span> <span class='ocrx_word' id='word_1_187' title='bbox 2796 1569 2983 1613; x_wconf 88' lang='lat' dir='ltr'><strong>nostra</strong></span> <span class='ocrx_word' id='word_1_188' title='bbox 3033 1560 3353 1615; x_wconf 86' lang='lat' dir='ltr'><strong>auctoritate</strong></span> <span class='ocrx_word' id='word_1_189' title='bbox 3398 1562 3485 1630; x_wconf 89' lang='lat' dir='ltr'><strong>pie</strong></span> <span class='ocrx_word' id='word_1_190' title='bbox 3524 1572 3579 1615; x_wconf 90' lang='lat' dir='ltr'><strong>et</strong></span> <span class='ocrx_word' id='word_1_191' title='bbox 3621 1561 3852 1617; x_wconf 90' lang='lat' dir='ltr'><strong>ﬁrmiter</strong></span> <span class='ocrx_word' id='word_1_192' title='bbox 3878 1579 3974 1632; x_wconf 92' lang='lat' dir='ltr'><strong>per</strong></span> <span class='ocrx_word' id='word_1_193' title='bbox 4020 1564 4122 1619; x_wconf 91' lang='lat' dir='ltr'><strong>hoc</strong></span> 
     </span>
    </p>
   </div>
   <div class='ocr_carea' id='block_1_30' title="bbox 2544 1648 4122 1719">
    <p class='ocr_par' dir='ltr' id='par_1_30' title="bbox 2544 1648 4122 1719">
     <span class='ocr_line' id='line_1_30' title="bbox 2544 1648 4122 1719; baseline 0.004 -20"><span class='ocrx_word' id='word_1_194' title='bbox 2544 1654 2787 1701; x_wconf 92' lang='lat' dir='ltr'><strong>nostrum</strong></span> <span class='ocrx_word' id='word_1_195' title='bbox 2823 1648 3165 1718; x_wconf 80' lang='lat' dir='ltr'><strong>privilegium</strong></span> <span class='ocrx_word' id='word_1_196' title='bbox 3194 1648 3433 1719; x_wconf 86' lang='lat' dir='ltr'><strong>deposita</strong></span> <span class='ocrx_word' id='word_1_197' title='bbox 3478 1661 3626 1715; x_wconf 90' lang='lat' dir='ltr'><strong>sunt,</strong></span> <span class='ocrx_word' id='word_1_198' title='bbox 3685 1654 3960 1707; x_wconf 86' lang='lat' dir='ltr'><strong>contraire</strong></span> <span class='ocrx_word' id='word_1_199' title='bbox 4007 1663 4122 1706; x_wconf 78' lang='lat' dir='ltr'><strong>ten—</strong></span> 
     </span>
    </p>
   </div>
   <div class='ocr_carea' id='block_1_31' title="bbox 2545 1738 4120 1813">
    <p class='ocr_par' dir='ltr' id='par_1_31' title="bbox 2545 1738 4120 1813">
     <span class='ocr_line' id='line_1_31' title="bbox 2545 1738 4120 1813; baseline 0.005 -24"><span class='ocrx_word' id='word_1_200' title='bbox 2545 1738 2760 1802; x_wconf 87' lang='lat' dir='ltr'><strong>taverit,</strong></span> <span class='ocrx_word' id='word_1_201' title='bbox 2792 1738 2877 1792; x_wconf 87' lang='lat' dir='ltr'><strong>vel</strong></span> <span class='ocrx_word' id='word_1_202' title='bbox 2922 1739 3055 1801; x_wconf 81' lang='lat' dir='ltr'><strong>haec,</strong></span> <span class='ocrx_word' id='word_1_203' title='bbox 3084 1754 3204 1807; x_wconf 63' lang='lat' dir='ltr'><strong>quae</strong></span> <span class='ocrx_word' id='word_1_204' title='bbox 3231 1753 3259 1792; x_wconf 90' lang='lat' dir='ltr'><strong>a</strong></span> <span class='ocrx_word' id='word_1_205' title='bbox 3306 1740 3462 1795; x_wconf 92' lang='lat' dir='ltr'><strong>nobis</strong></span> <span class='ocrx_word' id='word_1_206' title='bbox 3500 1741 3565 1793; x_wconf 93' lang='lat' dir='ltr'><strong>ad</strong></span> <span class='ocrx_word' id='word_1_207' title='bbox 3616 1741 3829 1796; x_wconf 87' lang='lat' dir='ltr'><strong>laudem</strong></span> <span class='ocrx_word' id='word_1_208' title='bbox 3878 1743 3971 1797; x_wconf 91' lang='lat' dir='ltr'><strong>Dei</strong></span> <span class='ocrx_word' id='word_1_209' title='bbox 4024 1759 4120 1813; x_wconf 88' lang='lat' dir='ltr'><strong>pro</strong></span> 
     </span>
    </p>
   </div>
   <div class='ocr_carea' id='block_1_32' title="bbox 2544 1828 4117 1898">
    <p class='ocr_par' dir='ltr' id='par_1_32' title="bbox 2544 1828 4117 1898">
     <span class='ocr_line' id='line_1_32' title="bbox 2544 1828 4117 1898; baseline 0.003 -16"><span class='ocrx_word' id='word_1_210' title='bbox 2544 1828 2839 1883; x_wconf 86' lang='lat' dir='ltr'><strong>stabilitate</strong></span> <span class='ocrx_word' id='word_1_211' title='bbox 2861 1828 2971 1896; x_wconf 90' lang='lat' dir='ltr'><strong>jam</strong></span> <span class='ocrx_word' id='word_1_212' title='bbox 3005 1830 3130 1883; x_wconf 86' lang='lat' dir='ltr'><strong>dicti</strong></span> <span class='ocrx_word' id='word_1_213' title='bbox 3176 1832 3491 1885; x_wconf 87' lang='lat' dir='ltr'><strong>monasterii</strong></span> <span class='ocrx_word' id='word_1_214' title='bbox 3525 1840 3724 1887; x_wconf 87' lang='lat' dir='ltr'><strong>statuta</strong></span> <span class='ocrx_word' id='word_1_215' title='bbox 3763 1842 3909 1898; x_wconf 88' lang='lat' dir='ltr'><strong>sunt,</strong></span> <span class='ocrx_word' id='word_1_216' title='bbox 3946 1834 4117 1888; x_wconf 81' lang='lat' dir='ltr'><strong>refra-</strong></span> 
     </span>
    </p>
   </div>
   <div class='ocr_carea' id='block_1_33' title="bbox 863 1920 4115 2003">
    <p class='ocr_par' dir='ltr' id='par_1_33' title="bbox 863 1920 4115 2003">
     <span class='ocr_line' id='line_1_33' title="bbox 863 1920 4115 2003; baseline 0.004 -24"><span class='ocrx_word' id='word_1_217' title='bbox 863 1927 977 1981; x_wconf 92' lang='lat' dir='ltr'><strong>suis</strong></span> <span class='ocrx_word' id='word_1_218' title='bbox 1004 1927 1311 1983; x_wconf 92' lang='lat' dir='ltr'><strong>hominibus</strong></span> <span class='ocrx_word' id='word_1_219' title='bbox 1341 1928 1453 1982; x_wconf 90' lang='lat' dir='ltr'><strong>sive</strong></span> <span class='ocrx_word' id='word_1_220' title='bbox 1482 1928 1546 1982; x_wconf 91' lang='lat' dir='ltr'><strong>de</strong></span> <span class='ocrx_word' id='word_1_221' title='bbox 1568 1929 2000 1998; x_wconf 60' lang='lat' dir='ltr'><strong>praeceptalibus,</strong></span> <span class='ocrx_word' id='word_1_222' title='bbox 2032 1938 2193 1997; x_wconf 89' lang='lat' dir='ltr'><strong>atque</strong></span> <span class='ocrx_word' id='word_1_223' title='bbox 2225 1942 2437 1983; x_wconf 90' lang='lat' dir='ltr'><strong>sacrum</strong></span> <span class='ocrx_word' id='word_1_224' title='bbox 2466 1944 2514 2003; x_wconf 74' lang='grc' dir='ltr'><strong>Β</strong></span> <span class='ocrx_word' id='word_1_225' title='bbox 2545 1920 2689 1990; x_wconf 77' lang='lat' dir='ltr'><strong>gari.</strong></span> <span class='ocrx_word' id='word_1_226' title='bbox 2739 1929 2833 1975; x_wconf 63' lang='lat' dir='ltr'><strong>aut</strong></span> <span class='ocrx_word' id='word_1_227' title='bbox 2886 1921 2938 1975; x_wconf 76' lang='lat' dir='ltr'><strong>in</strong></span> <span class='ocrx_word' id='word_1_228' title='bbox 2996 1936 3269 1991; x_wconf 84' lang='lat' dir='ltr'><strong>quoquam</strong></span> <span class='ocrx_word' id='word_1_229' title='bbox 3332 1924 3632 1995; x_wconf 75' lang='lat' dir='ltr'><strong>transgredi</strong></span> <span class='ocrx_word' id='word_1_230' title='bbox 3694 1928 4115 1995; x_wconf 70' lang='grc' dir='ltr'><strong>ρτεεευιηρεθτίι,</strong></span> 
     </span>
    </p>
   </div>
   <div class='ocr_carea' id='block_1_34' title="bbox 862 2016 2437 2085">
    <p class='ocr_par' dir='ltr' id='par_1_34' title="bbox 862 2016 2437 2085">
     <span class='ocr_line' id='line_1_34' title="bbox 862 2016 2437 2085; baseline 0.001 -15"><span class='ocrx_word' id='word_1_231' title='bbox 862 2016 1189 2085; x_wconf 88' lang='lat' dir='ltr'><strong>baptismum</strong></span> <span class='ocrx_word' id='word_1_232' title='bbox 1230 2017 1387 2072; x_wconf 88' lang='lat' dir='ltr'><strong>liceat</strong></span> <span class='ocrx_word' id='word_1_233' title='bbox 1415 2018 1678 2073; x_wconf 88' lang='lat' dir='ltr'><strong>celebrari</strong></span> <span class='ocrx_word' id='word_1_234' title='bbox 1717 2019 1769 2072; x_wconf 91' lang='lat' dir='ltr'><strong>in</strong></span> <span class='ocrx_word' id='word_1_235' title='bbox 1802 2018 2029 2073; x_wconf 81' lang='lat' dir='ltr'><strong>ecclesia</strong></span> <span class='ocrx_word' id='word_1_236' title='bbox 2058 2018 2115 2073; x_wconf 99' lang='grc'><strong>8.</strong></span> <span class='ocrx_word' id='word_1_237' title='bbox 2142 2018 2437 2082; x_wconf 88' lang='lat' dir='ltr'><strong>Benedicti,</strong></span> 
     </span>
    </p>
   </div>
   <div class='ocr_carea' id='block_1_35' title="bbox 860 2105 2439 2169">
    <p class='ocr_par' dir='ltr' id='par_1_35' title="bbox 860 2105 2439 2169">
     <span class='ocr_line' id='line_1_35' title="bbox 860 2105 2439 2169; baseline 0 -10"><span class='ocrx_word' id='word_1_238' title='bbox 860 2112 917 2159; x_wconf 88' lang='lat' dir='ltr'><strong>et</strong></span> <span class='ocrx_word' id='word_1_239' title='bbox 944 2105 996 2158; x_wconf 92' lang='lat' dir='ltr'><strong>in</strong></span> <span class='ocrx_word' id='word_1_240' title='bbox 1027 2106 1255 2160; x_wconf 89' lang='lat' dir='ltr'><strong>ecclesia</strong></span> <span class='ocrx_word' id='word_1_241' title='bbox 1286 2105 1345 2160; x_wconf 93' lang='lat' dir='ltr'><strong>S.</strong></span> <span class='ocrx_word' id='word_1_242' title='bbox 1373 2106 1555 2160; x_wconf 76' lang='lat' dir='ltr'><strong>Marize</strong></span> <span class='ocrx_word' id='word_1_243' title='bbox 1582 2107 1635 2159; x_wconf 94' lang='lat' dir='ltr'><strong>in</strong></span> <span class='ocrx_word' id='word_1_244' title='bbox 1668 2106 1909 2169; x_wconf 82' lang='lat' dir='ltr'><strong>Lamule,</strong></span> <span class='ocrx_word' id='word_1_245' title='bbox 1936 2107 2078 2160; x_wconf 91' lang='lat' dir='ltr'><strong>sicut</strong></span> <span class='ocrx_word' id='word_1_246' title='bbox 2120 2121 2439 2162; x_wconf 90' lang='lat' dir='ltr'><strong>concessum</strong></span> 
     </span>
    </p>
   </div>
   <div class='ocr_carea' id='block_1_36' title="bbox 867 2196 2440 2268">
    <p class='ocr_par' dir='ltr' id='par_1_36' title="bbox 867 2196 2440 2268">
     <span class='ocr_line' id='line_1_36' title="bbox 867 2196 2440 2268; baseline 0.001 -18"><span class='ocrx_word' id='word_1_247' title='bbox 867 2204 951 2250; x_wconf 90' lang='lat' dir='ltr'><strong>est</strong></span> <span class='ocrx_word' id='word_1_248' title='bbox 982 2210 1011 2249; x_wconf 91' lang='lat' dir='ltr'><strong>a</strong></span> <span class='ocrx_word' id='word_1_249' title='bbox 1045 2196 1288 2266; x_wconf 88' lang='lat' dir='ltr'><strong>partibus</strong></span> <span class='ocrx_word' id='word_1_250' title='bbox 1313 2211 1495 2268; x_wconf 90' lang='lat' dir='ltr'><strong>regum</strong></span> <span class='ocrx_word' id='word_1_251' title='bbox 1536 2212 1635 2265; x_wconf 92' lang='lat' dir='ltr'><strong>per</strong></span> <span class='ocrx_word' id='word_1_252' title='bbox 1678 2197 1930 2267; x_wconf 67' lang='lat' dir='ltr'><strong>praecepti</strong></span> <span class='ocrx_word' id='word_1_253' title='bbox 1962 2197 2249 2268; x_wconf 88' lang='lat' dir='ltr'><strong>paginam,</strong></span> <span class='ocrx_word' id='word_1_254' title='bbox 2282 2197 2440 2267; x_wconf 89' lang='lat' dir='ltr'><strong>quid-</strong></span> 
     </span>
    </p>
   </div>
   <div class='ocr_carea' id='block_1_37' title="bbox 870 2284 2441 2356">
    <p class='ocr_par' dir='ltr' id='par_1_37' title="bbox 870 2284 2441 2356">
     <span class='ocr_line' id='line_1_37' title="bbox 870 2284 2441 2356; baseline 0.002 -17"><span class='ocrx_word' id='word_1_255' title='bbox 870 2286 998 2355; x_wconf 91' lang='lat' dir='ltr'><strong>quid</strong></span> <span class='ocrx_word' id='word_1_256' title='bbox 1025 2284 1220 2340; x_wconf 90' lang='lat' dir='ltr'><strong>ibidem</strong></span> <span class='ocrx_word' id='word_1_257' title='bbox 1250 2287 1516 2341; x_wconf 88' lang='lat' dir='ltr'><strong>continerl</strong></span> <span class='ocrx_word' id='word_1_258' title='bbox 1544 2286 1788 2352; x_wconf 89' lang='lat' dir='ltr'><strong>videtur,</strong></span> <span class='ocrx_word' id='word_1_259' title='bbox 1819 2287 1903 2340; x_wconf 90' lang='lat' dir='ltr'><strong>vel</strong></span> <span class='ocrx_word' id='word_1_260' title='bbox 1944 2288 1991 2342; x_wconf 92' lang='lat' dir='ltr'><strong>si</strong></span> <span class='ocrx_word' id='word_1_261' title='bbox 2026 2287 2155 2356; x_wconf 90' lang='lat' dir='ltr'><strong>quid</strong></span> <span class='ocrx_word' id='word_1_262' title='bbox 2184 2288 2251 2341; x_wconf 91' lang='lat' dir='ltr'><strong>ab</strong></span> <span class='ocrx_word' id='word_1_263' title='bbox 2294 2296 2441 2342; x_wconf 54' lang='lat' dir='ltr'><strong>ante.</strong></span> 
     </span>
    </p>
   </div>
   <div class='ocr_carea' id='block_1_38' title="bbox 861 2377 2443 2447">
    <p class='ocr_par' dir='ltr' id='par_1_38' title="bbox 861 2377 2443 2447">
     <span class='ocr_line' id='line_1_38' title="bbox 861 2377 2443 2447; baseline -0.001 -14"><span class='ocrx_word' id='word_1_264' title='bbox 861 2378 1167 2433; x_wconf 88' lang='lat' dir='ltr'><strong>cessoribus</strong></span> <span class='ocrx_word' id='word_1_265' title='bbox 1197 2379 1398 2433; x_wconf 91' lang='lat' dir='ltr'><strong>nostris</strong></span> <span class='ocrx_word' id='word_1_266' title='bbox 1432 2379 1781 2447; x_wconf 88' lang='lat' dir='ltr'><strong>pontiﬁcibus</strong></span> <span class='ocrx_word' id='word_1_267' title='bbox 1815 2378 2039 2443; x_wconf 85' lang='lat' dir='ltr'><strong>sanctis,</strong></span> <span class='ocrx_word' id='word_1_268' title='bbox 2088 2378 2297 2434; x_wconf 89' lang='lat' dir='ltr'><strong>scilicet</strong></span> <span class='ocrx_word' id='word_1_269' title='bbox 2323 2377 2443 2433; x_wconf 91' lang='lat' dir='ltr'><strong>Ste-</strong></span> 
     </span>
    </p>
   </div>
   <div class='ocr_carea' id='block_1_39' title="bbox 863 2467 2439 2539">
    <p class='ocr_par' dir='ltr' id='par_1_39' title="bbox 863 2467 2439 2539">
     <span class='ocr_line' id='line_1_39' title="bbox 863 2467 2439 2539; baseline -0.001 -17"><span class='ocrx_word' id='word_1_270' title='bbox 863 2470 1066 2539; x_wconf 88' lang='lat' dir='ltr'><strong>phano,</strong></span> <span class='ocrx_word' id='word_1_271' title='bbox 1098 2469 1361 2533; x_wconf 79' lang='lat' dir='ltr'><strong>Adriano,</strong></span> <span class='ocrx_word' id='word_1_272' title='bbox 1385 2467 1610 2529; x_wconf 85' lang='lat' dir='ltr'><strong>Joanne,</strong></span> <span class='ocrx_word' id='word_1_273' title='bbox 1645 2468 1930 2533; x_wconf 86' lang='lat' dir='ltr'><strong>Formoso,</strong></span> <span class='ocrx_word' id='word_1_274' title='bbox 1980 2468 2065 2523; x_wconf 88' lang='lat' dir='ltr'><strong>vel</strong></span> <span class='ocrx_word' id='word_1_275' title='bbox 2089 2469 2156 2522; x_wconf 91' lang='lat' dir='ltr'><strong>ab</strong></span> <span class='ocrx_word' id='word_1_276' title='bbox 2190 2468 2311 2522; x_wconf 88' lang='lat' dir='ltr'><strong>aliis</strong></span> <span class='ocrx_word' id='word_1_277' title='bbox 2339 2483 2439 2521; x_wconf 90' lang='lat' dir='ltr'><strong>an-</strong></span> 
     </span>
    </p>
   </div>
   <div class='ocr_carea' id='block_1_40' title="bbox 862 2557 2443 2627">
    <p class='ocr_par' dir='ltr' id='par_1_40' title="bbox 862 2557 2443 2627">
     <span class='ocr_line' id='line_1_40' title="bbox 862 2557 2443 2627; baseline 0.001 -16"><span class='ocrx_word' id='word_1_278' title='bbox 862 2558 1226 2612; x_wconf 89' lang='lat' dir='ltr'><strong>tecessoribus</strong></span> <span class='ocrx_word' id='word_1_279' title='bbox 1255 2559 1453 2613; x_wconf 87' lang='lat' dir='ltr'><strong>nostris</strong></span> <span class='ocrx_word' id='word_1_280' title='bbox 1494 2557 1837 2627; x_wconf 90' lang='lat' dir='ltr'><strong>pontiﬁcibus</strong></span> <span class='ocrx_word' id='word_1_281' title='bbox 1887 2557 2065 2614; x_wconf 90' lang='lat' dir='ltr'><strong>eidem</strong></span> <span class='ocrx_word' id='word_1_282' title='bbox 2117 2558 2443 2613; x_wconf 89' lang='lat' dir='ltr'><strong>monasterio</strong></span> 
     </span>
    </p>
   </div>
   <div class='ocr_carea' id='block_1_41' title="bbox 862 2648 2441 2720">
    <p class='ocr_par' dir='ltr' id='par_1_41' title="bbox 862 2648 2441 2720">
     <span class='ocr_line' id='line_1_41' title="bbox 862 2648 2441 2720; baseline 0.002 -19"><span class='ocrx_word' id='word_1_283' title='bbox 862 2661 1180 2702; x_wconf 89' lang='lat' dir='ltr'><strong>concessum</strong></span> <span class='ocrx_word' id='word_1_284' title='bbox 1205 2655 1326 2711; x_wconf 90' lang='lat' dir='ltr'><strong>est,</strong></span> <span class='ocrx_word' id='word_1_285' title='bbox 1377 2655 1544 2701; x_wconf 92' lang='lat' dir='ltr'><strong>totum</strong></span> <span class='ocrx_word' id='word_1_286' title='bbox 1592 2648 1694 2703; x_wconf 91' lang='lat' dir='ltr'><strong>hoc</strong></span> <span class='ocrx_word' id='word_1_287' title='bbox 1736 2648 1789 2702; x_wconf 91' lang='lat' dir='ltr'><strong>in</strong></span> <span class='ocrx_word' id='word_1_288' title='bbox 1836 2649 2104 2720; x_wconf 87' lang='lat' dir='ltr'><strong>integrum</strong></span> <span class='ocrx_word' id='word_1_289' title='bbox 2150 2650 2441 2720; x_wconf 90' lang='lat' dir='ltr'><strong>apostolica</strong></span> 
     </span>
    </p>
   </div>
   <div class='ocr_carea' id='block_1_42' title="bbox 862 2740 2444 2808">
    <p class='ocr_par' dir='ltr' id='par_1_42' title="bbox 862 2740 2444 2808">
     <span class='ocr_line' id='line_1_42' title="bbox 862 2740 2444 2808; baseline 0.002 -15"><span class='ocrx_word' id='word_1_290' title='bbox 862 2740 1187 2795; x_wconf 84' lang='lat' dir='ltr'><strong>auctoritate</strong></span> <span class='ocrx_word' id='word_1_291' title='bbox 1234 2740 1384 2795; x_wconf 91' lang='lat' dir='ltr'><strong>vobis</strong></span> <span class='ocrx_word' id='word_1_292' title='bbox 1414 2742 1717 2808; x_wconf 87' lang='lat' dir='ltr'><strong>vestrisque</strong></span> <span class='ocrx_word' id='word_1_293' title='bbox 1743 2741 2155 2797; x_wconf 88' lang='lat' dir='ltr'><strong>successoribus</strong></span> <span class='ocrx_word' id='word_1_294' title='bbox 2188 2742 2444 2797; x_wconf 91' lang='lat' dir='ltr'><strong>concedi-</strong></span> 
     </span>
    </p>
   </div>
   <div class='ocr_carea' id='block_1_43' title="bbox 860 2828 2441 2902">
    <p class='ocr_par' dir='ltr' id='par_1_43' title="bbox 860 2828 2441 2902">
     <span class='ocr_line' id='line_1_43' title="bbox 860 2828 2441 2902; baseline 0 -17"><span class='ocrx_word' id='word_1_295' title='bbox 860 2845 981 2886; x_wconf 89' lang='lat' dir='ltr'><strong>mus</strong></span> <span class='ocrx_word' id='word_1_296' title='bbox 1024 2840 1076 2886; x_wconf 94' lang='lat' dir='ltr'><strong>et</strong></span> <span class='ocrx_word' id='word_1_297' title='bbox 1117 2828 1525 2885; x_wconf 91' lang='lat' dir='ltr'><strong>conﬁrmamus.</strong></span> <span class='ocrx_word' id='word_1_298' title='bbox 1580 2830 1827 2885; x_wconf 90' lang='lat' dir='ltr'><strong>Cbrisma</strong></span> <span class='ocrx_word' id='word_1_299' title='bbox 1876 2847 2095 2902; x_wconf 89' lang='lat' dir='ltr'><strong>quoque</strong></span> <span class='ocrx_word' id='word_1_300' title='bbox 2149 2841 2204 2887; x_wconf 92' lang='lat' dir='ltr'><strong>et</strong></span> <span class='ocrx_word' id='word_1_301' title='bbox 2263 2832 2441 2887; x_wconf 90' lang='lat' dir='ltr'><strong>oleum</strong></span> 
     </span>
    </p>
   </div>
   <div class='ocr_carea' id='block_1_44' title="bbox 858 2921 2443 2992">
    <p class='ocr_par' dir='ltr' id='par_1_44' title="bbox 858 2921 2443 2992">
     <span class='ocr_line' id='line_1_44' title="bbox 858 2921 2443 2992; baseline 0.001 -17"><span class='ocrx_word' id='word_1_302' title='bbox 858 2930 1123 2983; x_wconf 89' lang='lat' dir='ltr'><strong>sanctum,</strong></span> <span class='ocrx_word' id='word_1_303' title='bbox 1155 2937 1183 2974; x_wconf 91' lang='lat' dir='ltr'><strong>a</strong></span> <span class='ocrx_word' id='word_1_304' title='bbox 1215 2935 1533 2990; x_wconf 88' lang='lat' dir='ltr'><strong>quacunque</strong></span> <span class='ocrx_word' id='word_1_305' title='bbox 1556 2921 1780 2976; x_wconf 89' lang='lat' dir='ltr'><strong>ecclesia</strong></span> <span class='ocrx_word' id='word_1_306' title='bbox 1812 2923 2061 2986; x_wconf 89' lang='lat' dir='ltr'><strong>voluerit,</strong></span> <span class='ocrx_word' id='word_1_307' title='bbox 2095 2922 2179 2977; x_wconf 90' lang='lat' dir='ltr'><strong>vel</strong></span> <span class='ocrx_word' id='word_1_308' title='bbox 2205 2922 2443 2992; x_wconf 88' lang='lat' dir='ltr'><strong>potuerit</strong></span> 
     </span>
    </p>
   </div>
   <div class='ocr_carea' id='block_1_45' title="bbox 856 3011 2442 3083">
    <p class='ocr_par' dir='ltr' id='par_1_45' title="bbox 856 3011 2442 3083">
     <span class='ocr_line' id='line_1_45' title="bbox 856 3011 2442 3083; baseline 0.003 -18"><span class='ocrx_word' id='word_1_309' title='bbox 856 3011 1085 3067; x_wconf 90' lang='lat' dir='ltr'><strong>licenter</strong></span> <span class='ocrx_word' id='word_1_310' title='bbox 1105 3012 1394 3081; x_wconf 76' lang='lat' dir='ltr'><strong>accipiant,</strong></span> <span class='ocrx_word' id='word_1_311' title='bbox 1420 3020 1722 3066; x_wconf 80' lang='lat' dir='ltr'><strong>statuentes</strong></span> <span class='ocrx_word' id='word_1_312' title='bbox 1745 3012 2033 3082; x_wconf 87' lang='lat' dir='ltr'><strong>apostolica</strong></span> <span class='ocrx_word' id='word_1_313' title='bbox 2061 3029 2283 3069; x_wconf 90' lang='lat' dir='ltr'><strong>censura</strong></span> <span class='ocrx_word' id='word_1_314' title='bbox 2307 3030 2442 3083; x_wconf 68' lang='lat' dir='ltr'><strong>prte-</strong></span> 
     </span>
    </p>
   </div>
   <div class='ocr_carea' id='block_1_46' title="bbox 859 3101 2439 3172">
    <p class='ocr_par' dir='ltr' id='par_1_46' title="bbox 859 3101 2439 3172">
     <span class='ocr_line' id='line_1_46' title="bbox 859 3101 2439 3172; baseline 0 -15"><span class='ocrx_word' id='word_1_315' title='bbox 859 3103 1090 3172; x_wconf 91' lang='lat' dir='ltr'><strong>cipimus</strong></span> <span class='ocrx_word' id='word_1_316' title='bbox 1121 3111 1177 3155; x_wconf 90' lang='lat' dir='ltr'><strong>ut</strong></span> <span class='ocrx_word' id='word_1_317' title='bbox 1202 3101 1379 3155; x_wconf 88' lang='lat' dir='ltr'><strong>nullus</strong></span> <span class='ocrx_word' id='word_1_318' title='bbox 1409 3101 1540 3165; x_wconf 74' lang='lat' dir='ltr'><strong>dux,</strong></span> <span class='ocrx_word' id='word_1_319' title='bbox 1574 3104 1836 3167; x_wconf 89' lang='lat' dir='ltr'><strong>marchio,</strong></span> <span class='ocrx_word' id='word_1_320' title='bbox 1871 3119 2052 3158; x_wconf 90' lang='lat' dir='ltr'><strong>comes</strong></span> <span class='ocrx_word' id='word_1_321' title='bbox 2073 3146 2086 3169; x_wconf 97' lang='lat'><strong>,</strong></span> <span class='ocrx_word' id='word_1_322' title='bbox 2119 3105 2439 3169; x_wconf 78' lang='lat' dir='ltr'><strong>vicecomes,</strong></span> 
     </span>
    </p>
   </div>
   <div class='ocr_carea' id='block_1_47' title="bbox 856 3190 2439 3264">
    <p class='ocr_par' dir='ltr' id='par_1_47' title="bbox 856 3190 2439 3264">
     <span class='ocr_line' id='line_1_47' title="bbox 856 3190 2439 3264; baseline 0.001 -19"><span class='ocrx_word' id='word_1_323' title='bbox 856 3191 1150 3255; x_wconf 85' lang='lat' dir='ltr'><strong>castaldus,</strong></span> <span class='ocrx_word' id='word_1_324' title='bbox 1196 3190 1279 3245; x_wconf 92' lang='lat' dir='ltr'><strong>vel</strong></span> <span class='ocrx_word' id='word_1_325' title='bbox 1323 3190 1586 3259; x_wconf 86' lang='lat' dir='ltr'><strong>aliquavis</strong></span> <span class='ocrx_word' id='word_1_326' title='bbox 1614 3206 1807 3261; x_wconf 89' lang='lat' dir='ltr'><strong>magna</strong></span> <span class='ocrx_word' id='word_1_327' title='bbox 1853 3207 1945 3247; x_wconf 90' lang='lat' dir='ltr'><strong>seu</strong></span> <span class='ocrx_word' id='word_1_328' title='bbox 1994 3208 2154 3264; x_wconf 88' lang='lat' dir='ltr'><strong>parva</strong></span> <span class='ocrx_word' id='word_1_329' title='bbox 2188 3208 2439 3263; x_wconf 86' lang='lat' dir='ltr'><strong>persona,</strong></span> 
     </span>
    </p>
   </div>
   <div class='ocr_carea' id='block_1_48' title="bbox 2540 2011 4121 2087">
    <p class='ocr_par' dir='ltr' id='par_1_48' title="bbox 2540 2011 4121 2087">
     <span class='ocr_line' id='line_1_48' title="bbox 2540 2011 4121 2087; baseline 0.004 -22"><span class='ocrx_word' id='word_1_330' title='bbox 2540 2011 2676 2065; x_wconf 89' lang='lat' dir='ltr'><strong>sciat</strong></span> <span class='ocrx_word' id='word_1_331' title='bbox 2707 2026 2765 2067; x_wconf 91' lang='lat' dir='ltr'><strong>se</strong></span> <span class='ocrx_word' id='word_1_332' title='bbox 2792 2012 3116 2067; x_wconf 90' lang='lat' dir='ltr'><strong>auctoritate</strong></span> <span class='ocrx_word' id='word_1_333' title='bbox 3162 2013 3275 2077; x_wconf 89' lang='lat' dir='ltr'><strong>Dei,</strong></span> <span class='ocrx_word' id='word_1_334' title='bbox 3314 2022 3368 2069; x_wconf 90' lang='lat' dir='ltr'><strong>et</strong></span> <span class='ocrx_word' id='word_1_335' title='bbox 3396 2014 3541 2069; x_wconf 87' lang='lat' dir='ltr'><strong>beati</strong></span> <span class='ocrx_word' id='word_1_336' title='bbox 3591 2015 3737 2070; x_wconf 88' lang='lat' dir='ltr'><strong>Petri</strong></span> <span class='ocrx_word' id='word_1_337' title='bbox 3786 2017 4036 2087; x_wconf 83' lang='lat' dir='ltr'><strong>apostoli,</strong></span> <span class='ocrx_word' id='word_1_338' title='bbox 4066 2027 4121 2072; x_wconf 88' lang='lat' dir='ltr'><strong>et</strong></span> 
     </span>
    </p>
   </div>
   <div class='ocr_carea' id='block_1_49' title="bbox 2543 2102 4118 2162">
    <p class='ocr_par' dir='ltr' id='par_1_49' title="bbox 2543 2102 4118 2162">
     <span class='ocr_line' id='line_1_49' title="bbox 2543 2102 4118 2162; baseline 0.005 -9"><span class='ocrx_word' id='word_1_339' title='bbox 2543 2107 2905 2157; x_wconf 89' lang='lat' dir='ltr'><strong>trecentorum</strong></span> <span class='ocrx_word' id='word_1_340' title='bbox 2934 2103 3119 2157; x_wconf 88' lang='lat' dir='ltr'><strong>decem</strong></span> <span class='ocrx_word' id='word_1_341' title='bbox 3147 2112 3201 2157; x_wconf 90' lang='lat' dir='ltr'><strong>et</strong></span> <span class='ocrx_word' id='word_1_342' title='bbox 3229 2111 3352 2159; x_wconf 93' lang='lat' dir='ltr'><strong>octo</strong></span> <span class='ocrx_word' id='word_1_343' title='bbox 3380 2102 3599 2159; x_wconf 89' lang='lat' dir='ltr'><strong>Patrum</strong></span> <span class='ocrx_word' id='word_1_344' title='bbox 3644 2117 3952 2162; x_wconf 89' lang='lat' dir='ltr'><strong>sanctorum</strong></span> <span class='ocrx_word' id='word_1_345' title='bbox 3985 2124 4118 2161; x_wconf 85' lang='lat' dir='ltr'><strong>ana-</strong></span> 
     </span>
    </p>
   </div>
   <div class='ocr_carea' id='block_1_50' title="bbox 2542 2192 4119 2265">
    <p class='ocr_par' dir='ltr' id='par_1_50' title="bbox 2542 2192 4119 2265">
     <span class='ocr_line' id='line_1_50' title="bbox 2542 2192 4119 2265; baseline 0.005 -21"><span class='ocrx_word' id='word_1_346' title='bbox 2542 2192 2801 2246; x_wconf 88' lang='lat' dir='ltr'><strong>thematis</strong></span> <span class='ocrx_word' id='word_1_347' title='bbox 2854 2193 3071 2247; x_wconf 90' lang='lat' dir='ltr'><strong>vinculo</strong></span> <span class='ocrx_word' id='word_1_348' title='bbox 3124 2193 3460 2256; x_wconf 90' lang='lat' dir='ltr'><strong>iunodatnm,</strong></span> <span class='ocrx_word' id='word_1_349' title='bbox 3493 2210 3616 2250; x_wconf 90' lang='lat' dir='ltr'><strong>cum</strong></span> <span class='ocrx_word' id='word_1_350' title='bbox 3662 2198 3872 2252; x_wconf 90' lang='lat' dir='ltr'><strong>diabolo</strong></span> <span class='ocrx_word' id='word_1_351' title='bbox 3924 2208 3977 2252; x_wconf 91' lang='lat' dir='ltr'><strong>et</strong></span> <span class='ocrx_word' id='word_1_352' title='bbox 4005 2197 4119 2265; x_wconf 82' lang='lat' dir='ltr'><strong>ejus</strong></span> 
     </span>
    </p>
   </div>
   <div class='ocr_carea' id='block_1_51' title="bbox 2541 2282 4118 2354">
    <p class='ocr_par' dir='ltr' id='par_1_51' title="bbox 2541 2282 4118 2354">
     <span class='ocr_line' id='line_1_51' title="bbox 2541 2282 4118 2354; baseline 0.004 -20"><span class='ocrx_word' id='word_1_353' title='bbox 2541 2282 2895 2337; x_wconf 89' lang='lat' dir='ltr'><strong>atrocissimis</strong></span> <span class='ocrx_word' id='word_1_354' title='bbox 2916 2286 3148 2354; x_wconf 87' lang='lat' dir='ltr'><strong>pompis,</strong></span> <span class='ocrx_word' id='word_1_355' title='bbox 3171 2286 3480 2350; x_wconf 88' lang='lat' dir='ltr'><strong>atqueJuda</strong></span> <span class='ocrx_word' id='word_1_356' title='bbox 3506 2286 3761 2342; x_wconf 87' lang='lat' dir='ltr'><strong>traditore</strong></span> <span class='ocrx_word' id='word_1_357' title='bbox 3784 2287 3994 2342; x_wconf 77' lang='lat' dir='ltr'><strong>D..-m&#39;ni</strong></span> <span class='ocrx_word' id='word_1_358' title='bbox 4025 2304 4118 2341; x_wconf 92' lang='lat' dir='ltr'><strong>no-</strong></span> 
     </span>
    </p>
   </div>
   <div class='ocr_carea' id='block_1_52' title="bbox 2541 2374 4118 2448">
    <p class='ocr_par' dir='ltr' id='par_1_52' title="bbox 2541 2374 4118 2448">
     <span class='ocr_line' id='line_1_52' title="bbox 2541 2374 4118 2448; baseline 0.002 -19"><span class='ocrx_word' id='word_1_359' title='bbox 2541 2375 2638 2429; x_wconf 87' lang='lat' dir='ltr'><strong>stri</strong></span> <span class='ocrx_word' id='word_1_360' title='bbox 2654 2374 2778 2429; x_wconf 90' lang='lat' dir='ltr'><strong>Jesu</strong></span> <span class='ocrx_word' id='word_1_361' title='bbox 2801 2375 3000 2430; x_wconf 91' lang='lat' dir='ltr'><strong>Christi</strong></span> <span class='ocrx_word' id='word_1_362' title='bbox 3024 2386 3210 2432; x_wconf 54' lang='lat' dir='ltr'><strong>aeterm</strong></span> <span class='ocrx_word' id='word_1_363' title='bbox 3228 2380 3457 2434; x_wconf 89' lang='lat' dir='ltr'><strong>incendii</strong></span> <span class='ocrx_word' id='word_1_364' title='bbox 3482 2378 3743 2448; x_wconf 88' lang='lat' dir='ltr'><strong>supplicio</strong></span> <span class='ocrx_word' id='word_1_365' title='bbox 3762 2394 4118 2433; x_wconf 86' lang='lat' dir='ltr'><strong>concreman-</strong></span> 
     </span>
    </p>
   </div>
   <div class='ocr_carea' id='block_1_53' title="bbox 2543 2466 4120 2541">
    <p class='ocr_par' dir='ltr' id='par_1_53' title="bbox 2543 2466 4120 2541">
     <span class='ocr_line' id='line_1_53' title="bbox 2543 2466 4120 2541; baseline 0.004 -22"><span class='ocrx_word' id='word_1_366' title='bbox 2543 2466 2687 2531; x_wconf 93' lang='lat' dir='ltr'><strong>dum,</strong></span> <span class='ocrx_word' id='word_1_367' title='bbox 2724 2469 2826 2522; x_wconf 92' lang='lat' dir='ltr'><strong>nisi</strong></span> <span class='ocrx_word' id='word_1_368' title='bbox 2859 2470 3000 2536; x_wconf 92' lang='lat' dir='ltr'><strong>quod</strong></span> <span class='ocrx_word' id='word_1_369' title='bbox 3042 2470 3179 2525; x_wconf 90' lang='lat' dir='ltr'><strong>male</strong></span> <span class='ocrx_word' id='word_1_370' title='bbox 3222 2472 3484 2539; x_wconf 86' lang='lat' dir='ltr'><strong>peccavit,</strong></span> <span class='ocrx_word' id='word_1_371' title='bbox 3517 2473 3673 2541; x_wconf 87' lang='lat' dir='ltr'><strong>digne</strong></span> <span class='ocrx_word' id='word_1_372' title='bbox 3702 2473 4018 2526; x_wconf 83' lang='lat' dir='ltr'><strong>correxerit.</strong></span> <span class='ocrx_word' id='word_1_373' title='bbox 4050 2473 4120 2525; x_wconf 83' lang='lat' dir='ltr'><strong>At</strong></span> 
     </span>
    </p>
   </div>
   <div class='ocr_carea' id='block_1_54' title="bbox 2542 2558 4115 2627">
    <p class='ocr_par' dir='ltr' id='par_1_54' title="bbox 2542 2558 4115 2627">
     <span class='ocr_line' id='line_1_54' title="bbox 2542 2558 4115 2627; baseline 0.006 -20"><span class='ocrx_word' id='word_1_374' title='bbox 2542 2570 2692 2622; x_wconf 90' lang='lat' dir='ltr'><strong>vero,</strong></span> <span class='ocrx_word' id='word_1_375' title='bbox 2720 2558 2811 2626; x_wconf 90' lang='lat' dir='ltr'><strong>qui</strong></span> <span class='ocrx_word' id='word_1_376' title='bbox 2842 2559 2931 2627; x_wconf 93' lang='lat' dir='ltr'><strong>pio</strong></span> <span class='ocrx_word' id='word_1_377' title='bbox 2979 2560 3172 2613; x_wconf 89' lang='lat' dir='ltr'><strong>intuitu</strong></span> <span class='ocrx_word' id='word_1_378' title='bbox 3202 2572 3403 2627; x_wconf 91' lang='lat' dir='ltr'><strong>custos,</strong></span> <span class='ocrx_word' id='word_1_379' title='bbox 3435 2570 3490 2614; x_wconf 90' lang='lat' dir='ltr'><strong>et</strong></span> <span class='ocrx_word' id='word_1_380' title='bbox 3533 2563 3851 2617; x_wconf 89' lang='lat' dir='ltr'><strong>observator</strong></span> <span class='ocrx_word' id='word_1_381' title='bbox 3888 2561 4115 2616; x_wconf 79' lang='lat' dir='ltr'><strong>exstite-</strong></span> 
     </span>
    </p>
   </div>
   <div class='ocr_carea' id='block_1_55' title="bbox 2542 2646 4119 2722">
    <p class='ocr_par' dir='ltr' id='par_1_55' title="bbox 2542 2646 4119 2722">
     <span class='ocr_line' id='line_1_55' title="bbox 2542 2646 4119 2722; baseline 0.002 -23"><span class='ocrx_word' id='word_1_382' title='bbox 2542 2646 2614 2700; x_wconf 90' lang='lat' dir='ltr'><strong>rit</strong></span> <span class='ocrx_word' id='word_1_383' title='bbox 2657 2646 2814 2714; x_wconf 92' lang='lat' dir='ltr'><strong>hujus</strong></span> <span class='ocrx_word' id='word_1_384' title='bbox 2843 2650 3013 2702; x_wconf 92' lang='lat' dir='ltr'><strong>nostri</strong></span> <span class='ocrx_word' id='word_1_385' title='bbox 3059 2650 3334 2718; x_wconf 91' lang='lat' dir='ltr'><strong>apostolici</strong></span> <span class='ocrx_word' id='word_1_386' title='bbox 3364 2651 3626 2722; x_wconf 90' lang='lat' dir='ltr'><strong>privilegii</strong></span> <span class='ocrx_word' id='word_1_387' title='bbox 3661 2652 3803 2705; x_wconf 88' lang='lat' dir='ltr'><strong>hanc</strong></span> <span class='ocrx_word' id='word_1_388' title='bbox 3834 2650 4119 2705; x_wconf 81' lang='lat' dir='ltr'><strong>conﬁrma-</strong></span> 
     </span>
    </p>
   </div>
   <div class='ocr_carea' id='block_1_56' title="bbox 2543 2739 4117 2813">
    <p class='ocr_par' dir='ltr' id='par_1_56' title="bbox 2543 2739 4117 2813">
     <span class='ocr_line' id='line_1_56' title="bbox 2543 2739 4117 2813; baseline 0.003 -22"><span class='ocrx_word' id='word_1_389' title='bbox 2543 2739 2706 2793; x_wconf 92' lang='lat' dir='ltr'><strong>tionis</strong></span> <span class='ocrx_word' id='word_1_390' title='bbox 2761 2740 3159 2797; x_wconf 90' lang='lat' dir='ltr'><strong>benedictionis</strong></span> <span class='ocrx_word' id='word_1_391' title='bbox 3223 2744 3454 2813; x_wconf 85' lang='lat' dir='ltr'><strong>gratiam</strong></span> <span class='ocrx_word' id='word_1_392' title='bbox 3518 2758 3549 2797; x_wconf 91' lang='lat' dir='ltr'><strong>a</strong></span> <span class='ocrx_word' id='word_1_393' title='bbox 3614 2742 4117 2797; x_wconf 77' lang='lat' dir='ltr'><strong>misericordissima</strong></span> 
     </span>
    </p>
   </div>
   <div class='ocr_carea' id='block_1_57' title="bbox 2535 2826 4118 2903">
    <p class='ocr_par' dir='ltr' id='par_1_57' title="bbox 2535 2826 4118 2903">
     <span class='ocr_line' id='line_1_57' title="bbox 2535 2826 4118 2903; baseline 0.003 -21"><span class='ocrx_word' id='word_1_394' title='bbox 2535 2826 2718 2895; x_wconf 89' lang='lat' dir='ltr'><strong>judice</strong></span> <span class='ocrx_word' id='word_1_395' title='bbox 2781 2830 3008 2885; x_wconf 90' lang='lat' dir='ltr'><strong>Domino</strong></span> <span class='ocrx_word' id='word_1_396' title='bbox 3074 2842 3297 2899; x_wconf 91' lang='lat' dir='ltr'><strong>nostro,</strong></span> <span class='ocrx_word' id='word_1_397' title='bbox 3354 2834 3628 2903; x_wconf 78' lang='lat' dir='ltr'><strong>vitamque</strong></span> <span class='ocrx_word' id='word_1_398' title='bbox 3681 2844 3936 2888; x_wconf 73' lang='lat' dir='ltr'><strong>:eternam</strong></span> <span class='ocrx_word' id='word_1_399' title='bbox 3997 2850 4118 2888; x_wconf 88' lang='lat' dir='ltr'><strong>cum</strong></span> 
     </span>
    </p>
   </div>
   <div class='ocr_carea' id='block_1_58' title="bbox 2542 2920 4117 2993">
    <p class='ocr_par' dir='ltr' id='par_1_58' title="bbox 2542 2920 4117 2993">
     <span class='ocr_line' id='line_1_58' title="bbox 2542 2920 4117 2993; baseline 0.003 -22"><span class='ocrx_word' id='word_1_400' title='bbox 2542 2920 2792 2974; x_wconf 89' lang='lat' dir='ltr'><strong>omnibus</strong></span> <span class='ocrx_word' id='word_1_401' title='bbox 2830 2921 3017 2976; x_wconf 86' lang='lat' dir='ltr'><strong>electis</strong></span> <span class='ocrx_word' id='word_1_402' title='bbox 3072 2921 3166 2977; x_wconf 91' lang='lat' dir='ltr'><strong>Dei</strong></span> <span class='ocrx_word' id='word_1_403' title='bbox 3208 2924 3467 2993; x_wconf 86' lang='lat' dir='ltr'><strong>consequi</strong></span> <span class='ocrx_word' id='word_1_404' title='bbox 3516 2933 3789 2978; x_wconf 90' lang='lat' dir='ltr'><strong>mereatur</strong></span> <span class='ocrx_word' id='word_1_405' title='bbox 3825 2926 3875 2976; x_wconf 91' lang='lat' dir='ltr'><strong>in</strong></span> <span class='ocrx_word' id='word_1_406' title='bbox 3926 2923 4117 2977; x_wconf 65' lang='lat' dir='ltr'><strong>saacula</strong></span> 
     </span>
    </p>
   </div>
   <div class='ocr_carea' id='block_1_59' title="bbox 2544 3010 3106 3065">
    <p class='ocr_par' dir='ltr' id='par_1_59' title="bbox 2544 3010 3106 3065">
     <span class='ocr_line' id='line_1_59' title="bbox 2544 3010 3106 3065; baseline 0 0"><span class='ocrx_word' id='word_1_407' title='bbox 2544 3010 2882 3065; x_wconf 81' lang='lat' dir='ltr'><strong>saeculorum.</strong></span> <span class='ocrx_word' id='word_1_408' title='bbox 2914 3012 3106 3065; x_wconf 89' lang='lat' dir='ltr'><strong>Amen.</strong></span> 
     </span>
    </p>
   </div>
   <div class='ocr_carea' id='block_1_60' title="bbox 2615 3101 4120 3173">
    <p class='ocr_par' dir='ltr' id='par_1_60' title="bbox 2615 3101 4120 3173">
     <span class='ocr_line' id='line_1_60' title="bbox 2615 3101 4120 3173; baseline -0.001 -17"><span class='ocrx_word' id='word_1_409' title='bbox 2615 3101 2889 3171; x_wconf 92' lang='lat' dir='ltr'><strong>Scriptum</strong></span> <span class='ocrx_word' id='word_1_410' title='bbox 2938 3117 3035 3172; x_wconf 92' lang='lat' dir='ltr'><strong>per</strong></span> <span class='ocrx_word' id='word_1_411' title='bbox 3066 3118 3257 3158; x_wconf 89' lang='lat' dir='ltr'><strong>manus</strong></span> <span class='ocrx_word' id='word_1_412' title='bbox 3303 3104 3445 3158; x_wconf 88' lang='lat' dir='ltr'><strong>Petri</strong></span> <span class='ocrx_word' id='word_1_413' title='bbox 3495 3103 3778 3173; x_wconf 83' lang='lat' dir='ltr'><strong>regionarii</strong></span> <span class='ocrx_word' id='word_1_414' title='bbox 3811 3102 4041 3167; x_wconf 72' lang='lat' dir='ltr'><strong>notarii,</strong></span> <span class='ocrx_word' id='word_1_415' title='bbox 4066 3110 4120 3155; x_wconf 85' lang='lat' dir='ltr'><strong>et</strong></span> 
     </span>
    </p>
   </div>
   <div class='ocr_carea' id='block_1_61' title="bbox 2543 3190 4117 3255">
    <p class='ocr_par' dir='ltr' id='par_1_61' title="bbox 2543 3190 4117 3255">
     <span class='ocr_line' id='line_1_61' title="bbox 2543 3190 4117 3255; baseline -0.001 -8"><span class='ocrx_word' id='word_1_416' title='bbox 2543 3192 2793 3247; x_wconf 90' lang='lat' dir='ltr'><strong>scrinarii</strong></span> <span class='ocrx_word' id='word_1_417' title='bbox 2827 3203 3030 3248; x_wconf 63' lang='lat' dir='ltr'><strong>sanctae</strong></span> <span class='ocrx_word' id='word_1_418' title='bbox 3067 3192 3321 3247; x_wconf 71' lang='lat' dir='ltr'><strong>Romanae</strong></span> <span class='ocrx_word' id='word_1_419' title='bbox 3357 3193 3611 3247; x_wconf 76' lang='lat' dir='ltr'><strong>Ecclesia:</strong></span> <span class='ocrx_word' id='word_1_420' title='bbox 3651 3194 3704 3247; x_wconf 94' lang='lat' dir='ltr'><strong>in</strong></span> <span class='ocrx_word' id='word_1_421' title='bbox 3748 3207 3932 3247; x_wconf 90' lang='lat' dir='ltr'><strong>mense</strong></span> <span class='ocrx_word' id='word_1_422' title='bbox 3959 3190 4117 3255; x_wconf 81' lang='lat' dir='ltr'><strong>Maio,</strong></span> 
     </span>
    </p>
   </div>
   <div class='ocr_carea' id='block_1_62' title="bbox 856 3280 3816 3353">
    <p class='ocr_par' dir='ltr' id='par_1_62' title="bbox 856 3280 3816 3353">
     <span class='ocr_line' id='line_1_62' title="bbox 856 3280 3816 3353; baseline 0 -20"><span class='ocrx_word' id='word_1_423' title='bbox 856 3280 1020 3334; x_wconf 88' lang='lat' dir='ltr'><strong>ullum</strong></span> <span class='ocrx_word' id='word_1_424' title='bbox 1051 3280 1356 3334; x_wconf 89' lang='lat' dir='ltr'><strong>districtum</strong></span> <span class='ocrx_word' id='word_1_425' title='bbox 1387 3280 1441 3333; x_wconf 93' lang='lat' dir='ltr'><strong>in</strong></span> <span class='ocrx_word' id='word_1_426' title='bbox 1484 3280 1751 3349; x_wconf 86' lang='lat' dir='ltr'><strong>aliquibus</strong></span> <span class='ocrx_word' id='word_1_427' title='bbox 1790 3284 1983 3337; x_wconf 86' lang='lat' dir='ltr'><strong>castris</strong></span> <span class='ocrx_word' id='word_1_428' title='bbox 2026 3283 2191 3352; x_wconf 87' lang='lat' dir='ltr'><strong>ipsius</strong></span> <span class='ocrx_word' id='word_1_429' title='bbox 2219 3298 2435 3337; x_wconf 88' lang='lat' dir='ltr'><strong>manum</strong></span> <span class='ocrx_word' id='word_1_430' title='bbox 2467 3286 2508 3346; x_wconf 86' lang='lat' dir='ltr'><strong>C</strong></span> <span class='ocrx_word' id='word_1_431' title='bbox 2542 3282 2835 3336; x_wconf 89' lang='lat' dir='ltr'><strong>indictione</strong></span> <span class='ocrx_word' id='word_1_432' title='bbox 2861 3283 3226 3353; x_wconf 87' lang='lat' dir='ltr'><strong>suprascripta</strong></span> <span class='ocrx_word' id='word_1_433' title='bbox 3261 3298 3420 3336; x_wconf 90' lang='lat' dir='ltr'><strong>nona.</strong></span> <span class='ocrx_word' id='word_1_434' title='bbox 3458 3283 3601 3337; x_wconf 89' lang='lat' dir='ltr'><strong>Bene</strong></span> <span class='ocrx_word' id='word_1_435' title='bbox 3625 3283 3816 3337; x_wconf 79' lang='lat' dir='ltr'><strong>valete.</strong></span> 
     </span>
    </p>
   </div>
   <div class='ocr_carea' id='block_1_63' title="bbox 857 3367 2440 3441">
    <p class='ocr_par' dir='ltr' id='par_1_63' title="bbox 857 3367 2440 3441">
     <span class='ocr_line' id='line_1_63' title="bbox 857 3367 2440 3441; baseline 0.003 -19"><span class='ocrx_word' id='word_1_436' title='bbox 857 3370 1078 3434; x_wconf 89' lang='lat' dir='ltr'><strong>habere,</strong></span> <span class='ocrx_word' id='word_1_437' title='bbox 1136 3369 1215 3423; x_wconf 91' lang='lat' dir='ltr'><strong>vel</strong></span> <span class='ocrx_word' id='word_1_438' title='bbox 1248 3367 1514 3436; x_wconf 87' lang='lat' dir='ltr'><strong>judicare,</strong></span> <span class='ocrx_word' id='word_1_439' title='bbox 1559 3384 1651 3423; x_wconf 91' lang='lat' dir='ltr'><strong>seu</strong></span> <span class='ocrx_word' id='word_1_440' title='bbox 1700 3371 1900 3440; x_wconf 90' lang='lat' dir='ltr'><strong>aliquid</strong></span> <span class='ocrx_word' id='word_1_441' title='bbox 1950 3373 2202 3441; x_wconf 84' lang='lat' dir='ltr'><strong>placitum</strong></span> <span class='ocrx_word' id='word_1_442' title='bbox 2257 3382 2440 3427; x_wconf 90' lang='lat' dir='ltr'><strong>tenere</strong></span> 
     </span>
    </p>
   </div>
   <div class='ocr_carea' id='block_1_64' title="bbox 856 3459 2440 3529">
    <p class='ocr_par' dir='ltr' id='par_1_64' title="bbox 856 3459 2440 3529">
     <span class='ocr_line' id='line_1_64' title="bbox 856 3459 2440 3529; baseline 0.003 -16"><span class='ocrx_word' id='word_1_443' title='bbox 856 3460 1073 3524; x_wconf 88' lang='lat' dir='ltr'><strong>audeat,</strong></span> <span class='ocrx_word' id='word_1_444' title='bbox 1128 3459 1229 3513; x_wconf 84' lang='lat' dir='ltr'><strong>nisi</strong></span> <span class='ocrx_word' id='word_1_445' title='bbox 1263 3460 1330 3514; x_wconf 91' lang='lat' dir='ltr'><strong>ab</strong></span> <span class='ocrx_word' id='word_1_446' title='bbox 1386 3460 1551 3529; x_wconf 87' lang='lat' dir='ltr'><strong>ipsius</strong></span> <span class='ocrx_word' id='word_1_447' title='bbox 1597 3463 1906 3515; x_wconf 84' lang='lat' dir='ltr'><strong>monasterii</strong></span> <span class='ocrx_word' id='word_1_448' title='bbox 1938 3464 2129 3518; x_wconf 82' lang='lat' dir='ltr'><strong>abbate</strong></span> <span class='ocrx_word' id='word_1_449' title='bbox 2183 3463 2440 3518; x_wconf 89' lang='lat' dir='ltr'><strong>invitatus</strong></span> 
     </span>
    </p>
   </div>
   <div class='ocr_carea' id='block_1_65' title="bbox 857 3549 2441 3623">
    <p class='ocr_par' dir='ltr' id='par_1_65' title="bbox 857 3549 2441 3623">
     <span class='ocr_line' id='line_1_65' title="bbox 857 3549 2441 3623; baseline 0.004 -20"><span class='ocrx_word' id='word_1_450' title='bbox 857 3549 1040 3605; x_wconf 86' lang='lat' dir='ltr'><strong>fuerit.</strong></span> <span class='ocrx_word' id='word_1_451' title='bbox 1099 3550 1206 3605; x_wconf 90' lang='lat' dir='ltr'><strong>lloc</strong></span> <span class='ocrx_word' id='word_1_452' title='bbox 1257 3565 1472 3620; x_wconf 84' lang='lat' dir='ltr'><strong>quoque</strong></span> <span class='ocrx_word' id='word_1_453' title='bbox 1525 3551 1814 3621; x_wconf 89' lang='lat' dir='ltr'><strong>apostolica</strong></span> <span class='ocrx_word' id='word_1_454' title='bbox 1872 3554 2194 3608; x_wconf 89' lang='lat' dir='ltr'><strong>auctoritate</strong></span> <span class='ocrx_word' id='word_1_455' title='bbox 2252 3555 2441 3623; x_wconf 67' lang='lat' dir='ltr'><strong>praeci-</strong></span> 
     </span>
    </p>
   </div>
   <div class='ocr_carea' id='block_1_66' title="bbox 854 3639 2437 3711">
    <p class='ocr_par' dir='ltr' id='par_1_66' title="bbox 854 3639 2437 3711">
     <span class='ocr_line' id='line_1_66' title="bbox 854 3639 2437 3711; baseline 0.004 -20"><span class='ocrx_word' id='word_1_456' title='bbox 854 3640 1051 3709; x_wconf 88' lang='lat' dir='ltr'><strong>piendo</strong></span> <span class='ocrx_word' id='word_1_457' title='bbox 1092 3639 1385 3704; x_wconf 90' lang='lat' dir='ltr'><strong>sancimus,</strong></span> <span class='ocrx_word' id='word_1_458' title='bbox 1433 3648 1492 3694; x_wconf 95' lang='lat' dir='ltr'><strong>ut</strong></span> <span class='ocrx_word' id='word_1_459' title='bbox 1541 3655 1713 3710; x_wconf 89' lang='lat' dir='ltr'><strong>neque</strong></span> <span class='ocrx_word' id='word_1_460' title='bbox 1761 3643 2089 3711; x_wconf 86' lang='lat' dir='ltr'><strong>episcopum,</strong></span> <span class='ocrx_word' id='word_1_461' title='bbox 2141 3644 2224 3698; x_wconf 91' lang='lat' dir='ltr'><strong>vel</strong></span> <span class='ocrx_word' id='word_1_462' title='bbox 2275 3644 2437 3698; x_wconf 92' lang='lat' dir='ltr'><strong>alium</strong></span> 
     </span>
    </p>
   </div>
   <div class='ocr_carea' id='block_1_67' title="bbox 854 3728 2437 3805">
    <p class='ocr_par' dir='ltr' id='par_1_67' title="bbox 854 3728 2437 3805">
     <span class='ocr_line' id='line_1_67' title="bbox 854 3728 2437 3805; baseline 0.004 -23"><span class='ocrx_word' id='word_1_463' title='bbox 854 3744 1179 3799; x_wconf 90' lang='lat' dir='ltr'><strong>quemquam</strong></span> <span class='ocrx_word' id='word_1_464' title='bbox 1231 3728 1297 3783; x_wconf 89' lang='lat' dir='ltr'><strong>de</strong></span> <span class='ocrx_word' id='word_1_465' title='bbox 1343 3729 1533 3784; x_wconf 90' lang='lat' dir='ltr'><strong>ordine</strong></span> <span class='ocrx_word' id='word_1_466' title='bbox 1579 3730 1924 3797; x_wconf 89' lang='lat' dir='ltr'><strong>clericorum,</strong></span> <span class='ocrx_word' id='word_1_467' title='bbox 1956 3732 2234 3799; x_wconf 88' lang='lat' dir='ltr'><strong>ecclesias,</strong></span> <span class='ocrx_word' id='word_1_468' title='bbox 2275 3750 2437 3805; x_wconf 80' lang='lat' dir='ltr'><strong>paro—</strong></span> 
     </span>
    </p>
   </div>
   <div class='ocr_carea' id='block_1_68' title="bbox 854 3816 2438 3892">
    <p class='ocr_par' dir='ltr' id='par_1_68' title="bbox 854 3816 2438 3892">
     <span class='ocr_line' id='line_1_68' title="bbox 854 3816 2438 3892; baseline 0.003 -19"><span class='ocrx_word' id='word_1_469' title='bbox 854 3818 1027 3881; x_wconf 82' lang='lat' dir='ltr'><strong>Chias,</strong></span> <span class='ocrx_word' id='word_1_470' title='bbox 1076 3816 1264 3883; x_wconf 89' lang='lat' dir='ltr'><strong>cellas,</strong></span> <span class='ocrx_word' id='word_1_471' title='bbox 1316 3817 1399 3872; x_wconf 87' lang='lat' dir='ltr'><strong>vel</strong></span> <span class='ocrx_word' id='word_1_472' title='bbox 1428 3819 1649 3886; x_wconf 65' lang='lat' dir='ltr'><strong>praedia,</strong></span> <span class='ocrx_word' id='word_1_473' title='bbox 1679 3821 1761 3875; x_wconf 88' lang='lat' dir='ltr'><strong>vel</strong></span> <span class='ocrx_word' id='word_1_474' title='bbox 1800 3837 2131 3892; x_wconf 68' lang='lat' dir='ltr'><strong>quaecunque</strong></span> <span class='ocrx_word' id='word_1_475' title='bbox 2178 3824 2313 3889; x_wconf 88' lang='lat' dir='ltr'><strong>loca,</strong></span> <span class='ocrx_word' id='word_1_476' title='bbox 2346 3839 2438 3878; x_wconf 91' lang='lat' dir='ltr'><strong>seu</strong></span> 
     </span>
    </p>
   </div>
   <div class='ocr_carea' id='block_1_69' title="bbox 854 3907 2441 3985">
    <p class='ocr_par' dir='ltr' id='par_1_69' title="bbox 854 3907 2441 3985">
     <span class='ocr_line' id='line_1_69' title="bbox 854 3907 2441 3985; baseline 0.006 -22"><span class='ocrx_word' id='word_1_477' title='bbox 854 3924 946 3964; x_wconf 89' lang='lat' dir='ltr'><strong>res</strong></span> <span class='ocrx_word' id='word_1_478' title='bbox 979 3907 1187 3978; x_wconf 71' lang='lat' dir='ltr'><strong>prmfati</strong></span> <span class='ocrx_word' id='word_1_479' title='bbox 1217 3909 1528 3964; x_wconf 88' lang='lat' dir='ltr'><strong>monasterii</strong></span> <span class='ocrx_word' id='word_1_480' title='bbox 1581 3910 1793 3967; x_wconf 86' lang='lat' dir='ltr'><strong>auferre</strong></span> <span class='ocrx_word' id='word_1_481' title='bbox 1823 3922 1916 3967; x_wconf 91' lang='lat' dir='ltr'><strong>aut</strong></span> <span class='ocrx_word' id='word_1_482' title='bbox 1966 3914 2273 3969; x_wconf 87' lang='lat' dir='ltr'><strong>abalienare</strong></span> <span class='ocrx_word' id='word_1_483' title='bbox 2307 3931 2441 3985; x_wconf 90' lang='lat' dir='ltr'><strong>quo—</strong></span> 
     </span>
    </p>
   </div>
   <div class='ocr_carea' id='block_1_70' title="bbox 855 3997 2434 4071">
    <p class='ocr_par' dir='ltr' id='par_1_70' title="bbox 855 3997 2434 4071">
     <span class='ocr_line' id='line_1_70' title="bbox 855 3997 2434 4071; baseline 0.005 -20"><span class='ocrx_word' id='word_1_484' title='bbox 855 3998 936 4053; x_wconf 92' lang='lat' dir='ltr'><strong>vis</strong></span> <span class='ocrx_word' id='word_1_485' title='bbox 968 3997 1128 4052; x_wconf 89' lang='lat' dir='ltr'><strong>modo</strong></span> <span class='ocrx_word' id='word_1_486' title='bbox 1151 4006 1461 4068; x_wconf 69' lang='lat' dir='ltr'><strong>praesumat,</strong></span> <span class='ocrx_word' id='word_1_487' title='bbox 1506 4009 1598 4053; x_wconf 90' lang='lat' dir='ltr'><strong>aut</strong></span> <span class='ocrx_word' id='word_1_488' title='bbox 1644 4001 1939 4070; x_wconf 89' lang='lat' dir='ltr'><strong>quamlibet</strong></span> <span class='ocrx_word' id='word_1_489' title='bbox 1984 4005 2434 4071; x_wconf 88' lang='lat' dir='ltr'><strong>controversiam,</strong></span> 
     </span>
    </p>
   </div>
   <div class='ocr_carea' id='block_1_71' title="bbox 853 4090 2440 4173">
    <p class='ocr_par' dir='ltr' id='par_1_71' title="bbox 853 4090 2440 4173">
     <span class='ocr_line' id='line_1_71' title="bbox 853 4090 2440 4173; baseline 0.003 -27"><span class='ocrx_word' id='word_1_490' title='bbox 853 4092 968 4147; x_wconf 84' lang='lat' dir='ltr'><strong>sive</strong></span> <span class='ocrx_word' id='word_1_491' title='bbox 995 4090 1269 4159; x_wconf 86' lang='lat' dir='ltr'><strong>injuriam,</strong></span> <span class='ocrx_word' id='word_1_492' title='bbox 1303 4106 1397 4146; x_wconf 89' lang='lat' dir='ltr'><strong>seu</strong></span> <span class='ocrx_word' id='word_1_493' title='bbox 1428 4092 1660 4162; x_wconf 86' lang='lat' dir='ltr'><strong>aliquam</strong></span> <span class='ocrx_word' id='word_1_494' title='bbox 1709 4095 1889 4150; x_wconf 89' lang='lat' dir='ltr'><strong>damni</strong></span> <span class='ocrx_word' id='word_1_495' title='bbox 1933 4096 2202 4173; x_wconf 82' lang='lat' dir='ltr'><strong>jactura_m</strong></span> <span class='ocrx_word' id='word_1_496' title='bbox 2253 4097 2305 4151; x_wconf 91' lang='lat' dir='ltr'><strong>in</strong></span> <span class='ocrx_word' id='word_1_497' title='bbox 2357 4112 2440 4152; x_wconf 85' lang='lat' dir='ltr'><strong>re-</strong></span> 
     </span>
    </p>
   </div>
   <div class='ocr_carea' id='block_1_72' title="bbox 852 4182 2439 4255">
    <p class='ocr_par' dir='ltr' id='par_1_72' title="bbox 852 4182 2439 4255">
     <span class='ocr_line' id='line_1_72' title="bbox 852 4182 2439 4255; baseline 0.006 -18"><span class='ocrx_word' id='word_1_498' title='bbox 852 4182 972 4247; x_wconf 90' lang='lat' dir='ltr'><strong>bus,</strong></span> <span class='ocrx_word' id='word_1_499' title='bbox 1006 4183 1527 4253; x_wconf 89' lang='lat' dir='ltr'><strong>possessionibusve,</strong></span> <span class='ocrx_word' id='word_1_500' title='bbox 1560 4187 1641 4240; x_wconf 87' lang='lat' dir='ltr'><strong>vel</strong></span> <span class='ocrx_word' id='word_1_501' title='bbox 1670 4188 1723 4241; x_wconf 90' lang='lat' dir='ltr'><strong>in</strong></span> <span class='ocrx_word' id='word_1_502' title='bbox 1753 4189 1916 4243; x_wconf 91' lang='lat' dir='ltr'><strong>nullis</strong></span> <span class='ocrx_word' id='word_1_503' title='bbox 1946 4191 2297 4255; x_wconf 90' lang='lat' dir='ltr'><strong>utensilibus,</strong></span> <span class='ocrx_word' id='word_1_504' title='bbox 2326 4192 2439 4247; x_wconf 90' lang='lat' dir='ltr'><strong>sive</strong></span> 
     </span>
    </p>
   </div>
   <div class='ocr_carea' id='block_1_73' title="bbox 852 4276 2433 4346">
    <p class='ocr_par' dir='ltr' id='par_1_73' title="bbox 852 4276 2433 4346">
     <span class='ocr_line' id='line_1_73' title="bbox 852 4276 2433 4346; baseline 0.004 -18"><span class='ocrx_word' id='word_1_505' title='bbox 852 4276 1221 4341; x_wconf 89' lang='lat' dir='ltr'><strong>ornamentis,</strong></span> <span class='ocrx_word' id='word_1_506' title='bbox 1271 4276 1531 4346; x_wconf 62' lang='lat' dir='ltr'><strong>praedicto</strong></span> <span class='ocrx_word' id='word_1_507' title='bbox 1581 4281 1909 4337; x_wconf 89' lang='lat' dir='ltr'><strong>monasterio</strong></span> <span class='ocrx_word' id='word_1_508' title='bbox 1964 4281 2163 4337; x_wconf 83' lang='lat' dir='ltr'><strong>inferre</strong></span> <span class='ocrx_word' id='word_1_509' title='bbox 2222 4283 2433 4337; x_wconf 89' lang='lat' dir='ltr'><strong>audeat.</strong></span> 
     </span>
    </p>
   </div>
   <div class='ocr_carea' id='block_1_74' title="bbox 855 4364 2439 4437">
    <p class='ocr_par' dir='ltr' id='par_1_74' title="bbox 855 4364 2439 4437">
     <span class='ocr_line' id='line_1_74' title="bbox 855 4364 2439 4437; baseline 0.004 -18"><span class='ocrx_word' id='word_1_510' title='bbox 855 4364 981 4421; x_wconf 75' lang='lat' dir='ltr'><strong>Haec</strong></span> <span class='ocrx_word' id='word_1_511' title='bbox 1006 4366 1209 4432; x_wconf 89' lang='lat' dir='ltr'><strong>omnia,</strong></span> <span class='ocrx_word' id='word_1_512' title='bbox 1241 4382 1361 4437; x_wconf 71' lang='lat' dir='ltr'><strong>quae</strong></span> <span class='ocrx_word' id='word_1_513' title='bbox 1395 4370 1643 4437; x_wconf 89' lang='lat' dir='ltr'><strong>superius</strong></span> <span class='ocrx_word' id='word_1_514' title='bbox 1675 4379 1967 4426; x_wconf 89' lang='lat' dir='ltr'><strong>memorata</strong></span> <span class='ocrx_word' id='word_1_515' title='bbox 2012 4381 2157 4437; x_wconf 91' lang='lat' dir='ltr'><strong>sunt,</strong></span> <span class='ocrx_word' id='word_1_516' title='bbox 2187 4370 2439 4428; x_wconf 90' lang='lat' dir='ltr'><strong>videlicet</strong></span> 
     </span>
    </p>
   </div>
   <div class='ocr_carea' id='block_1_75' title="bbox 854 4459 2438 4534">
    <p class='ocr_par' dir='ltr' id='par_1_75' title="bbox 854 4459 2438 4534">
     <span class='ocr_line' id='line_1_75' title="bbox 854 4459 2438 4534; baseline 0.004 -21"><span class='ocrx_word' id='word_1_517' title='bbox 854 4459 1111 4525; x_wconf 86' lang='lat' dir='ltr'><strong>decimas,</strong></span> <span class='ocrx_word' id='word_1_518' title='bbox 1139 4460 1423 4530; x_wconf 90' lang='lat' dir='ltr'><strong>primitias,</strong></span> <span class='ocrx_word' id='word_1_519' title='bbox 1463 4461 1757 4517; x_wconf 89' lang='lat' dir='ltr'><strong>oblationes</strong></span> <span class='ocrx_word' id='word_1_520' title='bbox 1796 4463 1862 4518; x_wconf 91' lang='lat' dir='ltr'><strong>ad</strong></span> <span class='ocrx_word' id='word_1_521' title='bbox 1907 4479 2049 4534; x_wconf 82' lang='lat' dir='ltr'><strong>saepe</strong></span> <span class='ocrx_word' id='word_1_522' title='bbox 2077 4465 2279 4519; x_wconf 92' lang='lat' dir='ltr'><strong>dictum</strong></span> <span class='ocrx_word' id='word_1_523' title='bbox 2324 4478 2438 4519; x_wconf 88' lang='lat' dir='ltr'><strong>mo-</strong></span> 
     </span>
    </p>
   </div>
   <div class='ocr_carea' id='block_1_76' title="bbox 854 4550 2436 4624">
    <p class='ocr_par' dir='ltr' id='par_1_76' title="bbox 854 4550 2436 4624">
     <span class='ocr_line' id='line_1_76' title="bbox 854 4550 2436 4624; baseline 0.003 -19"><span class='ocrx_word' id='word_1_524' title='bbox 854 4550 1149 4605; x_wconf 89' lang='lat' dir='ltr'><strong>nasterium</strong></span> <span class='ocrx_word' id='word_1_525' title='bbox 1202 4552 1559 4620; x_wconf 90' lang='lat' dir='ltr'><strong>pertinentes,</strong></span> <span class='ocrx_word' id='word_1_526' title='bbox 1616 4568 1824 4607; x_wconf 88' lang='lat' dir='ltr'><strong>necnon</strong></span> <span class='ocrx_word' id='word_1_527' title='bbox 1878 4564 1932 4608; x_wconf 89' lang='lat' dir='ltr'><strong>et</strong></span> <span class='ocrx_word' id='word_1_528' title='bbox 1976 4554 2336 4624; x_wconf 90' lang='lat' dir='ltr'><strong>baptismum,</strong></span> <span class='ocrx_word' id='word_1_529' title='bbox 2382 4562 2436 4610; x_wconf 93' lang='lat' dir='ltr'><strong>et</strong></span> 
     </span>
    </p>
   </div>
   <div class='ocr_carea' id='block_1_77' title="bbox 854 4637 2513 4713">
    <p class='ocr_par' dir='ltr' id='par_1_77' title="bbox 854 4637 2513 4713">
     <span class='ocr_line' id='line_1_77' title="bbox 854 4637 2513 4713; baseline -0.002 -13"><span class='ocrx_word' id='word_1_530' title='bbox 854 4642 1115 4709; x_wconf 89' lang='lat' dir='ltr'><strong>chrisma,</strong></span> <span class='ocrx_word' id='word_1_531' title='bbox 1146 4652 1201 4698; x_wconf 88' lang='lat' dir='ltr'><strong>et</strong></span> <span class='ocrx_word' id='word_1_532' title='bbox 1244 4642 1421 4698; x_wconf 90' lang='lat' dir='ltr'><strong>oleum</strong></span> <span class='ocrx_word' id='word_1_533' title='bbox 1449 4643 1597 4713; x_wconf 60' lang='lat' dir='ltr'><strong>inhi,</strong></span> <span class='ocrx_word' id='word_1_534' title='bbox 1630 4643 1826 4699; x_wconf 89' lang='lat' dir='ltr'><strong>dilecto</strong></span> <span class='ocrx_word' id='word_1_535' title='bbox 1874 4644 2005 4710; x_wconf 89' lang='lat' dir='ltr'><strong>ﬁlio,</strong></span> <span class='ocrx_word' id='word_1_536' title='bbox 2030 4644 2305 4700; x_wconf 87' lang='lat' dir='ltr'><strong>Winizoni</strong></span> <span class='ocrx_word' id='word_1_537' title='bbox 2342 4645 2436 4700; x_wconf 90' lang='lat' dir='ltr'><strong>ab-</strong></span> <span class='ocrx_word' id='word_1_538' title='bbox 2464 4637 2513 4697; x_wconf 91' lang='lat' dir='ltr'><strong>D</strong></span> 
     </span>
    </p>
   </div>
   <div class='ocr_carea' id='block_1_78' title="bbox 854 4735 2432 4806">
    <p class='ocr_par' dir='ltr' id='par_1_78' title="bbox 854 4735 2432 4806">
     <span class='ocr_line' id='line_1_78' title="bbox 854 4735 2432 4806; baseline 0.001 -16"><span class='ocrx_word' id='word_1_539' title='bbox 854 4735 984 4800; x_wconf 88' lang='lat' dir='ltr'><strong>bati,</strong></span> <span class='ocrx_word' id='word_1_540' title='bbox 1019 4735 1230 4805; x_wconf 90' lang='lat' dir='ltr'><strong>tuisque</strong></span> <span class='ocrx_word' id='word_1_541' title='bbox 1259 4735 1663 4791; x_wconf 89' lang='lat' dir='ltr'><strong>successoribus</strong></span> <span class='ocrx_word' id='word_1_542' title='bbox 1685 4736 1738 4789; x_wconf 94' lang='lat' dir='ltr'><strong>in</strong></span> <span class='ocrx_word' id='word_1_543' title='bbox 1766 4745 2083 4806; x_wconf 89' lang='lat' dir='ltr'><strong>perpetuum</strong></span> <span class='ocrx_word' id='word_1_544' title='bbox 2115 4753 2145 4791; x_wconf 89' lang='lat' dir='ltr'><strong>a</strong></span> <span class='ocrx_word' id='word_1_545' title='bbox 2179 4737 2432 4806; x_wconf 61' lang='lat' dir='ltr'><strong>praesenti</strong></span> 
     </span>
    </p>
   </div>
   <div class='ocr_carea' id='block_1_79' title="bbox 854 4828 2430 4902">
    <p class='ocr_par' dir='ltr' id='par_1_79' title="bbox 854 4828 2430 4902">
     <span class='ocr_line' id='line_1_79' title="bbox 854 4828 2430 4902; baseline 0.001 -19"><span class='ocrx_word' id='word_1_546' title='bbox 854 4844 995 4884; x_wconf 90' lang='lat' dir='ltr'><strong>nona</strong></span> <span class='ocrx_word' id='word_1_547' title='bbox 1040 4828 1333 4883; x_wconf 88' lang='lat' dir='ltr'><strong>indictione</strong></span> <span class='ocrx_word' id='word_1_548' title='bbox 1357 4843 1452 4898; x_wconf 92' lang='lat' dir='ltr'><strong>per</strong></span> <span class='ocrx_word' id='word_1_549' title='bbox 1484 4829 1622 4882; x_wconf 87' lang='lat' dir='ltr'><strong>hanc</strong></span> <span class='ocrx_word' id='word_1_550' title='bbox 1653 4830 1824 4883; x_wconf 91' lang='lat' dir='ltr'><strong>nostri</strong></span> <span class='ocrx_word' id='word_1_551' title='bbox 1870 4830 2133 4902; x_wconf 89' lang='lat' dir='ltr'><strong>privilegii</strong></span> <span class='ocrx_word' id='word_1_552' title='bbox 2182 4830 2430 4901; x_wconf 91' lang='lat' dir='ltr'><strong>paginam</strong></span> 
     </span>
    </p>
   </div>
   <div class='ocr_carea' id='block_1_80' title="bbox 852 4920 2431 4992">
    <p class='ocr_par' dir='ltr' id='par_1_80' title="bbox 852 4920 2431 4992">
     <span class='ocr_line' id='line_1_80' title="bbox 852 4920 2431 4992; baseline 0.001 -18"><span class='ocrx_word' id='word_1_553' title='bbox 852 4920 1146 4991; x_wconf 86' lang='lat' dir='ltr'><strong>apostolica</strong></span> <span class='ocrx_word' id='word_1_554' title='bbox 1187 4920 1508 4974; x_wconf 88' lang='lat' dir='ltr'><strong>auctoritate</strong></span> <span class='ocrx_word' id='word_1_555' title='bbox 1537 4920 1941 4988; x_wconf 86' lang='lat' dir='ltr'><strong>conﬁrmamus,</strong></span> <span class='ocrx_word' id='word_1_556' title='bbox 1975 4930 2136 4992; x_wconf 90' lang='lat' dir='ltr'><strong>atque</strong></span> <span class='ocrx_word' id='word_1_557' title='bbox 2177 4922 2431 4978; x_wconf 87' lang='lat' dir='ltr'><strong>concedi-</strong></span> 
     </span>
    </p>
   </div>
   <div class='ocr_carea' id='block_1_81' title="bbox 852 5008 2430 5082">
    <p class='ocr_par' dir='ltr' id='par_1_81' title="bbox 852 5008 2430 5082">
     <span class='ocr_line' id='line_1_81' title="bbox 852 5008 2430 5082; baseline 0.003 -20"><span class='ocrx_word' id='word_1_558' title='bbox 852 5024 975 5063; x_wconf 91' lang='lat' dir='ltr'><strong>mus</strong></span> <span class='ocrx_word' id='word_1_559' title='bbox 1010 5008 1304 5063; x_wconf 89' lang='lat' dir='ltr'><strong>secundum</strong></span> <span class='ocrx_word' id='word_1_560' title='bbox 1352 5009 1668 5078; x_wconf 73' lang='lat' dir='ltr'><strong>praedictum</strong></span> <span class='ocrx_word' id='word_1_561' title='bbox 1720 5011 1962 5077; x_wconf 90' lang='lat' dir='ltr'><strong>modum,</strong></span> <span class='ocrx_word' id='word_1_562' title='bbox 1991 5011 2061 5065; x_wconf 92' lang='lat' dir='ltr'><strong>ob</strong></span> <span class='ocrx_word' id='word_1_563' title='bbox 2097 5013 2195 5067; x_wconf 89' lang='lat' dir='ltr'><strong>hoc</strong></span> <span class='ocrx_word' id='word_1_564' title='bbox 2240 5013 2430 5082; x_wconf 59' lang='lat' dir='ltr'><strong>praeci-</strong></span> 
     </span>
    </p>
   </div>
   <div class='ocr_carea' id='block_1_82' title="bbox 853 5098 2435 5171">
    <p class='ocr_par' dir='ltr' id='par_1_82' title="bbox 853 5098 2435 5171">
     <span class='ocr_line' id='line_1_82' title="bbox 853 5098 2435 5171; baseline 0.003 -20"><span class='ocrx_word' id='word_1_565' title='bbox 853 5112 979 5167; x_wconf 87' lang='lat' dir='ltr'><strong>pue,</strong></span> <span class='ocrx_word' id='word_1_566' title='bbox 1015 5108 1075 5153; x_wconf 90' lang='lat' dir='ltr'><strong>ut</strong></span> <span class='ocrx_word' id='word_1_567' title='bbox 1103 5098 1155 5152; x_wconf 92' lang='lat' dir='ltr'><strong>in</strong></span> <span class='ocrx_word' id='word_1_568' title='bbox 1188 5098 1375 5153; x_wconf 92' lang='lat' dir='ltr'><strong>eodem</strong></span> <span class='ocrx_word' id='word_1_569' title='bbox 1426 5098 1755 5153; x_wconf 89' lang='lat' dir='ltr'><strong>monasterio</strong></span> <span class='ocrx_word' id='word_1_570' title='bbox 1800 5114 1900 5167; x_wconf 91' lang='lat' dir='ltr'><strong>pro</strong></span> <span class='ocrx_word' id='word_1_571' title='bbox 1940 5099 2233 5156; x_wconf 88' lang='lat' dir='ltr'><strong>stabilitate</strong></span> <span class='ocrx_word' id='word_1_572' title='bbox 2284 5102 2435 5171; x_wconf 81' lang='lat' dir='ltr'><strong>regni</strong></span> 
     </span>
    </p>
   </div>
   <div class='ocr_carea' id='block_1_83' title="bbox 853 5187 2438 5259">
    <p class='ocr_par' dir='ltr' id='par_1_83' title="bbox 853 5187 2438 5259">
     <span class='ocr_line' id='line_1_83' title="bbox 853 5187 2438 5259; baseline 0.003 -17"><span class='ocrx_word' id='word_1_573' title='bbox 853 5187 1227 5259; x_wconf 91' lang='lat' dir='ltr'><strong>gloriosissimi</strong></span> <span class='ocrx_word' id='word_1_574' title='bbox 1271 5188 1615 5257; x_wconf 88' lang='lat' dir='ltr'><strong>imperatoris</strong></span> <span class='ocrx_word' id='word_1_575' title='bbox 1656 5190 1826 5244; x_wconf 91' lang='lat' dir='ltr'><strong>nostri</strong></span> <span class='ocrx_word' id='word_1_576' title='bbox 1874 5188 2102 5245; x_wconf 92' lang='lat' dir='ltr'><strong>Othonis</strong></span> <span class='ocrx_word' id='word_1_577' title='bbox 2149 5190 2329 5257; x_wconf 91' lang='lat' dir='ltr'><strong>tertii,</strong></span> <span class='ocrx_word' id='word_1_578' title='bbox 2382 5200 2438 5247; x_wconf 88' lang='lat' dir='ltr'><strong>et</strong></span> 
     </span>
    </p>
   </div>
   <div class='ocr_carea' id='block_1_84' title="bbox 935 5300 2443 5372">
    <p class='ocr_par' dir='ltr' id='par_1_84' title="bbox 935 5300 2443 5372">
     <span class='ocr_line' id='line_1_84' title="bbox 935 5300 2443 5372; baseline 0.003 -15"><span class='ocrx_word' id='word_1_579' title='bbox 935 5301 1013 5372; x_wconf 84' lang='grc'><strong>(1)</strong></span> <span class='ocrx_word' id='word_1_580' title='bbox 1068 5302 1224 5372; x_wconf 84' lang='lat' dir='ltr'><strong>Anno</strong></span> <span class='ocrx_word' id='word_1_581' title='bbox 1274 5300 1475 5358; x_wconf 89' lang='lat' dir='ltr'><strong>Christi</strong></span> <span class='ocrx_word' id='word_1_582' title='bbox 1541 5303 1643 5358; x_wconf 91' lang='lat'>996</span> <span class='ocrx_word' id='word_1_583' title='bbox 1701 5303 1990 5359; x_wconf 84' lang='lat' dir='ltr'><strong>Herluinus</strong></span> <span class='ocrx_word' id='word_1_584' title='bbox 2034 5305 2443 5363; x_wconf 87' lang='lat' dir='ltr'><strong>Cameracensis</strong></span> 
     </span>
    </p>
   </div>
   <div class='ocr_carea' id='block_1_85' title="bbox 853 5371 2443 5420">
    <p class='ocr_par' dir='ltr' id='par_1_85' title="bbox 853 5371 2443 5420">
     <span class='ocr_line' id='line_1_85' title="bbox 853 5371 2443 5420; baseline -0.001 0"><span class='ocrx_word' id='word_1_585' title='bbox 853 5374 1137 5420; x_wconf 69' lang='lat' dir='ltr'><strong>miscentis</strong></span> <span class='ocrx_word' id='word_1_586' title='bbox 1172 5371 1357 5420; x_wconf 69' lang='lat' dir='ltr'><strong>Romae</strong></span> <span class='ocrx_word' id='word_1_587' title='bbox 1388 5388 1416 5420; x_wconf 84' lang='lat' dir='ltr'><strong>a</strong></span> <span class='ocrx_word' id='word_1_588' title='bbox 1445 5374 1707 5420; x_wconf 72' lang='lat' dir='ltr'><strong>Greanrin</strong></span> <span class='ocrx_word' id='word_1_589' title='bbox 1740 5373 1782 5420; x_wconf 89' lang='lat' dir='ltr'><strong>V</strong></span> <span class='ocrx_word' id='word_1_590' title='bbox 1815 5373 2006 5420; x_wconf 80' lang='lat' dir='ltr'><strong>nnntif.</strong></span> <span class='ocrx_word' id='word_1_591' title='bbox 2041 5390 2162 5420; x_wconf 65' lang='lat' dir='ltr'><strong>mar</strong></span> <span class='ocrx_word' id='word_1_592' title='bbox 2220 5378 2443 5420; x_wconf 78' lang='lat' dir='ltr'><strong>nrdinn-</strong></span> 
     </span>
    </p>
   </div>
   <div class='ocr_carea' id='block_1_86' title="bbox 2612 3370 4119 3439">
    <p class='ocr_par' dir='ltr' id='par_1_86' title="bbox 2612 3370 4119 3439">
     <span class='ocr_line' id='line_1_86' title="bbox 2612 3370 4119 3439; baseline -0.001 -15"><span class='ocrx_word' id='word_1_593' title='bbox 2612 3370 2747 3424; x_wconf 89' lang='lat' dir='ltr'><strong>Data</strong></span> <span class='ocrx_word' id='word_1_594' title='bbox 2789 3386 2842 3425; x_wconf 75' lang='lat' dir='ltr'><strong>Vt</strong></span> <span class='ocrx_word' id='word_1_595' title='bbox 2892 3371 3010 3424; x_wconf 88' lang='lat' dir='ltr'><strong>Kal.</strong></span> <span class='ocrx_word' id='word_1_596' title='bbox 3062 3370 3205 3425; x_wconf 81' lang='lat' dir='ltr'><strong>Junii</strong></span> <span class='ocrx_word' id='word_1_597' title='bbox 3261 3387 3357 3439; x_wconf 90' lang='lat' dir='ltr'><strong>per</strong></span> <span class='ocrx_word' id='word_1_598' title='bbox 3387 3387 3579 3425; x_wconf 90' lang='lat' dir='ltr'><strong>manus</strong></span> <span class='ocrx_word' id='word_1_599' title='bbox 3616 3371 3835 3426; x_wconf 88' lang='lat' dir='ltr'><strong>Joannis</strong></span> <span class='ocrx_word' id='word_1_600' title='bbox 3882 3370 4119 3439; x_wconf 86' lang='lat' dir='ltr'><strong>episcopi</strong></span> 
     </span>
    </p>
   </div>
   <div class='ocr_carea' id='block_1_87' title="bbox 2540 3462 4119 3527">
    <p class='ocr_par' dir='ltr' id='par_1_87' title="bbox 2540 3462 4119 3527">
     <span class='ocr_line' id='line_1_87' title="bbox 2540 3462 4119 3527; baseline 0.001 -12"><span class='ocrx_word' id='word_1_601' title='bbox 2540 3470 2740 3516; x_wconf 70' lang='lat' dir='ltr'><strong>sanctae</strong></span> <span class='ocrx_word' id='word_1_602' title='bbox 2767 3462 3089 3517; x_wconf 81' lang='lat' dir='ltr'><strong>Albanensis</strong></span> <span class='ocrx_word' id='word_1_603' title='bbox 3116 3462 3390 3527; x_wconf 66' lang='lat' dir='ltr'><strong>Ecclesiae,</strong></span> <span class='ocrx_word' id='word_1_604' title='bbox 3418 3475 3471 3517; x_wconf 88' lang='lat' dir='ltr'><strong>et</strong></span> <span class='ocrx_word' id='word_1_605' title='bbox 3495 3462 3890 3518; x_wconf 87' lang='lat' dir='ltr'><strong>bibliothecarii</strong></span> <span class='ocrx_word' id='word_1_606' title='bbox 3918 3472 4119 3517; x_wconf 60' lang='lat' dir='ltr'><strong>saneta</strong></span> 
     </span>
    </p>
   </div>
   <div class='ocr_carea' id='block_1_88' title="bbox 2540 3551 4117 3623">
    <p class='ocr_par' dir='ltr' id='par_1_88' title="bbox 2540 3551 4117 3623">
     <span class='ocr_line' id='line_1_88' title="bbox 2540 3551 4117 3623; baseline 0 -18"><span class='ocrx_word' id='word_1_607' title='bbox 2540 3552 2845 3620; x_wconf 71' lang='lat' dir='ltr'><strong>apostolicae</strong></span> <span class='ocrx_word' id='word_1_608' title='bbox 2891 3552 3057 3616; x_wconf 89' lang='lat' dir='ltr'><strong>sedis,</strong></span> <span class='ocrx_word' id='word_1_609' title='bbox 3104 3562 3160 3607; x_wconf 91' lang='lat' dir='ltr'><strong>et</strong></span> <span class='ocrx_word' id='word_1_610' title='bbox 3211 3554 3490 3607; x_wconf 90' lang='lat' dir='ltr'><strong>indiction.</strong></span> <span class='ocrx_word' id='word_1_611' title='bbox 3537 3568 3615 3618; x_wconf 78' lang='lat' dir='ltr'><strong>ix,</strong></span> <span class='ocrx_word' id='word_1_612' title='bbox 3664 3568 3805 3608; x_wconf 90' lang='lat' dir='ltr'><strong>anno</strong></span> <span class='ocrx_word' id='word_1_613' title='bbox 3834 3551 4024 3623; x_wconf 72' lang='lat' dir='ltr'><strong>pontii.</strong></span> <span class='ocrx_word' id='word_1_614' title='bbox 4056 3552 4117 3606; x_wconf 90' lang='lat' dir='ltr'><strong>D.</strong></span> 
     </span>
    </p>
   </div>
   <div class='ocr_carea' id='block_1_89' title="bbox 2538 3643 4113 3715">
    <p class='ocr_par' dir='ltr' id='par_1_89' title="bbox 2538 3643 4113 3715">
     <span class='ocr_line' id='line_1_89' title="bbox 2538 3643 4113 3715; baseline -0.001 -16"><span class='ocrx_word' id='word_1_615' title='bbox 2538 3644 2783 3715; x_wconf 86' lang='lat' dir='ltr'><strong>Gregorii</strong></span> <span class='ocrx_word' id='word_1_616' title='bbox 2832 3645 3025 3698; x_wconf 91' lang='lat' dir='ltr'><strong>summi</strong></span> <span class='ocrx_word' id='word_1_617' title='bbox 3074 3644 3363 3714; x_wconf 84' lang='lat' dir='ltr'><strong>pontiﬁcis,</strong></span> <span class='ocrx_word' id='word_1_618' title='bbox 3418 3653 3488 3699; x_wconf 80' lang='lat' dir='ltr'><strong>et-</strong></span> <span class='ocrx_word' id='word_1_619' title='bbox 3520 3644 3841 3699; x_wconf 88' lang='lat' dir='ltr'><strong>universalis</strong></span> <span class='ocrx_word' id='word_1_620' title='bbox 3880 3644 3942 3697; x_wconf 86' lang='lat' dir='ltr'><strong>E.</strong></span> <span class='ocrx_word' id='word_1_621' title='bbox 3986 3643 4113 3709; x_wconf 88' lang='lat' dir='ltr'><strong>PP.,</strong></span> 
     </span>
    </p>
   </div>
   <div class='ocr_carea' id='block_1_90' title="bbox 2540 3735 4114 3806">
    <p class='ocr_par' dir='ltr' id='par_1_90' title="bbox 2540 3735 4114 3806">
     <span class='ocr_line' id='line_1_90' title="bbox 2540 3735 4114 3806; baseline 0.001 -18"><span class='ocrx_word' id='word_1_622' title='bbox 2540 3750 2681 3790; x_wconf 90' lang='lat' dir='ltr'><strong>anno</strong></span> <span class='ocrx_word' id='word_1_623' title='bbox 2731 3736 2929 3806; x_wconf 89' lang='lat' dir='ltr'><strong>primo,</strong></span> <span class='ocrx_word' id='word_1_624' title='bbox 2988 3735 3182 3804; x_wconf 89' lang='lat' dir='ltr'><strong>imper.</strong></span> <span class='ocrx_word' id='word_1_625' title='bbox 3238 3735 3299 3788; x_wconf 93' lang='lat' dir='ltr'><strong>D.</strong></span> <span class='ocrx_word' id='word_1_626' title='bbox 3348 3735 3558 3791; x_wconf 89' lang='lat' dir='ltr'><strong>Othone</strong></span> <span class='ocrx_word' id='word_1_627' title='bbox 3601 3751 3629 3790; x_wconf 91' lang='lat' dir='ltr'><strong>a</strong></span> <span class='ocrx_word' id='word_1_628' title='bbox 3680 3736 3790 3790; x_wconf 90' lang='lat' dir='ltr'><strong>Deo</strong></span> <span class='ocrx_word' id='word_1_629' title='bbox 3837 3745 4114 3800; x_wconf 90' lang='lat' dir='ltr'><strong>coronato,</strong></span> 
     </span>
    </p>
   </div>
   <div class='ocr_carea' id='block_1_91' title="bbox 2540 3826 4117 3897">
    <p class='ocr_par' dir='ltr' id='par_1_91' title="bbox 2540 3826 4117 3897">
     <span class='ocr_line' id='line_1_91' title="bbox 2540 3826 4117 3897; baseline -0.001 -17"><span class='ocrx_word' id='word_1_630' title='bbox 2540 3841 2839 3897; x_wconf 90' lang='lat' dir='ltr'><strong>magnoque</strong></span> <span class='ocrx_word' id='word_1_631' title='bbox 2861 3840 3005 3879; x_wconf 90' lang='lat' dir='ltr'><strong>anno</strong></span> <span class='ocrx_word' id='word_1_632' title='bbox 3032 3826 3207 3895; x_wconf 91' lang='lat' dir='ltr'><strong>primo</strong></span> <span class='ocrx_word' id='word_1_633' title='bbox 3231 3841 3416 3882; x_wconf 88' lang='lat' dir='ltr'><strong>mense</strong></span> <span class='ocrx_word' id='word_1_634' title='bbox 3439 3826 3599 3892; x_wconf 83' lang='lat' dir='ltr'><strong>Maio,</strong></span> <span class='ocrx_word' id='word_1_635' title='bbox 3628 3835 3681 3881; x_wconf 92' lang='lat' dir='ltr'><strong>et</strong></span> <span class='ocrx_word' id='word_1_636' title='bbox 3710 3826 3897 3880; x_wconf 88' lang='lat' dir='ltr'><strong>indict.</strong></span> <span class='ocrx_word' id='word_1_637' title='bbox 3928 3840 4117 3895; x_wconf 84' lang='lat' dir='ltr'><strong>supra-</strong></span> 
     </span>
    </p>
   </div>
   <div class='ocr_carea' id='block_1_92' title="bbox 2538 3915 3107 3985">
    <p class='ocr_par' dir='ltr' id='par_1_92' title="bbox 2538 3915 3107 3985">
     <span class='ocr_line' id='line_1_92' title="bbox 2538 3915 3107 3985; baseline -0.002 -15"><span class='ocrx_word' id='word_1_638' title='bbox 2538 3918 2736 3985; x_wconf 88' lang='lat' dir='ltr'><strong>scripta</strong></span> <span class='ocrx_word' id='word_1_639' title='bbox 2769 3915 3107 3984; x_wconf 88' lang='lat' dir='ltr'><strong>subscripsit.</strong></span> 
     </span>
    </p>
   </div>
   <div class='ocr_carea' id='block_1_93' title="bbox 2609 4005 4009 4076">
    <p class='ocr_par' dir='ltr' id='par_1_93' title="bbox 2609 4005 4009 4076">
     <span class='ocr_line' id='line_1_93' title="bbox 2609 4005 4009 4076; baseline 0 -16"><span class='ocrx_word' id='word_1_640' title='bbox 2609 4006 2947 4061; x_wconf 89' lang='lat' dir='ltr'><strong>Theobaldus</strong></span> <span class='ocrx_word' id='word_1_641' title='bbox 2977 4008 3261 4076; x_wconf 89' lang='lat' dir='ltr'><strong>episcopus</strong></span> <span class='ocrx_word' id='word_1_642' title='bbox 3287 4005 3343 4061; x_wconf 93' lang='lat' dir='ltr'><strong>S.</strong></span> <span class='ocrx_word' id='word_1_643' title='bbox 3371 4006 3707 4063; x_wconf 88' lang='lat' dir='ltr'><strong>Bellitrensis</strong></span> <span class='ocrx_word' id='word_1_644' title='bbox 3734 4006 4009 4062; x_wconf 65' lang='lat' dir='ltr'><strong>Ecclesiae.</strong></span> 
     </span>
    </p>
   </div>
   <div class='ocr_carea' id='block_1_94' title="bbox 2607 4094 3799 4165">
    <p class='ocr_par' dir='ltr' id='par_1_94' title="bbox 2607 4094 3799 4165">
     <span class='ocr_line' id='line_1_94' title="bbox 2607 4094 3799 4165; baseline -0.001 -16"><span class='ocrx_word' id='word_1_645' title='bbox 2607 4096 2820 4161; x_wconf 87' lang='lat' dir='ltr'><strong>Petrus,</strong></span> <span class='ocrx_word' id='word_1_646' title='bbox 2847 4096 3130 4165; x_wconf 80' lang='lat' dir='ltr'><strong>episcopus</strong></span> <span class='ocrx_word' id='word_1_647' title='bbox 3157 4094 3213 4149; x_wconf 81' lang='lat' dir='ltr'><strong>S.</strong></span> <span class='ocrx_word' id='word_1_648' title='bbox 3244 4095 3559 4151; x_wconf 62' lang='lat' dir='ltr'><strong>Praenestin.</strong></span> <span class='ocrx_word' id='word_1_649' title='bbox 3595 4096 3799 4152; x_wconf 83' lang='lat' dir='ltr'><strong>Eccles.</strong></span> 
     </span>
    </p>
   </div>
   <div class='ocr_carea' id='block_1_95' title="bbox 2610 4186 3666 4259">
    <p class='ocr_par' dir='ltr' id='par_1_95' title="bbox 2610 4186 3666 4259">
     <span class='ocr_line' id='line_1_95' title="bbox 2610 4186 3666 4259; baseline 0.001 -18"><span class='ocrx_word' id='word_1_650' title='bbox 2610 4190 2778 4253; x_wconf 82' lang='lat' dir='ltr'><strong>Azzo,</strong></span> <span class='ocrx_word' id='word_1_651' title='bbox 2809 4189 2977 4259; x_wconf 91' lang='lat' dir='ltr'><strong>episc.</strong></span> <span class='ocrx_word' id='word_1_652' title='bbox 3012 4187 3070 4242; x_wconf 93' lang='grc'><strong>8.</strong></span> <span class='ocrx_word' id='word_1_653' title='bbox 3102 4186 3367 4243; x_wconf 89' lang='lat' dir='ltr'><strong>Ostiensis</strong></span> <span class='ocrx_word' id='word_1_654' title='bbox 3394 4188 3666 4244; x_wconf 68' lang='lat' dir='ltr'><strong>Ecclesite.</strong></span> 
     </span>
    </p>
   </div>
   <div class='ocr_carea' id='block_1_96' title="bbox 2607 4282 3943 4346">
    <p class='ocr_par' dir='ltr' id='par_1_96' title="bbox 2607 4282 3943 4346">
     <span class='ocr_line' id='line_1_96' title="bbox 2607 4282 3943 4346; baseline -0.001 -11"><span class='ocrx_word' id='word_1_655' title='bbox 2607 4282 2781 4346; x_wconf 87' lang='lat' dir='ltr'><strong>Abbo,</strong></span> <span class='ocrx_word' id='word_1_656' title='bbox 2813 4282 3227 4336; x_wconf 86' lang='lat' dir='ltr'><strong>archidiaconus</strong></span> <span class='ocrx_word' id='word_1_657' title='bbox 3259 4291 3461 4337; x_wconf 72' lang='lat' dir='ltr'><strong>sancta:</strong></span> <span class='ocrx_word' id='word_1_658' title='bbox 3487 4282 3645 4338; x_wconf 84' lang='lat' dir='ltr'><strong>Rom.</strong></span> <span class='ocrx_word' id='word_1_659' title='bbox 3672 4282 3943 4337; x_wconf 78' lang='lat' dir='ltr'><strong>Ecclesize.</strong></span> 
     </span>
    </p>
   </div>
   <div class='ocr_carea' id='block_1_97' title="bbox 2606 4373 4110 4440">
    <p class='ocr_par' dir='ltr' id='par_1_97' title="bbox 2606 4373 4110 4440">
     <span class='ocr_line' id='line_1_97' title="bbox 2606 4373 4110 4440; baseline -0.001 -10"><span class='ocrx_word' id='word_1_660' title='bbox 2606 4374 2973 4440; x_wconf 88' lang='lat' dir='ltr'><strong>Crescentius,</strong></span> <span class='ocrx_word' id='word_1_661' title='bbox 2998 4374 3387 4429; x_wconf 88' lang='lat' dir='ltr'><strong>ablationarius</strong></span> <span class='ocrx_word' id='word_1_662' title='bbox 3422 4384 3624 4430; x_wconf 70' lang='lat' dir='ltr'><strong>sanctae</strong></span> <span class='ocrx_word' id='word_1_663' title='bbox 3650 4374 3806 4429; x_wconf 88' lang='lat' dir='ltr'><strong>Rom.</strong></span> <span class='ocrx_word' id='word_1_664' title='bbox 3838 4373 4110 4429; x_wconf 65' lang='lat' dir='ltr'><strong>Ecclesiae.</strong></span> 
     </span>
    </p>
   </div>
   <div class='ocr_carea' id='block_1_98' title="bbox 2606 4462 4111 4536">
    <p class='ocr_par' dir='ltr' id='par_1_98' title="bbox 2606 4462 4111 4536">
     <span class='ocr_line' id='line_1_98' title="bbox 2606 4462 4111 4536; baseline -0.001 -16"><span class='ocrx_word' id='word_1_665' title='bbox 2606 4467 2796 4521; x_wconf 86' lang='lat' dir='ltr'><strong>Amico</strong></span> <span class='ocrx_word' id='word_1_666' title='bbox 2819 4466 2903 4520; x_wconf 89' lang='lat' dir='ltr'><strong>vir</strong></span> <span class='ocrx_word' id='word_1_667' title='bbox 2921 4478 3103 4521; x_wconf 89' lang='lat' dir='ltr'><strong>vener.</strong></span> <span class='ocrx_word' id='word_1_668' title='bbox 3134 4466 3439 4536; x_wconf 82' lang='lat' dir='ltr'><strong>presbyter,</strong></span> <span class='ocrx_word' id='word_1_669' title='bbox 3464 4474 3520 4520; x_wconf 92' lang='lat' dir='ltr'><strong>et</strong></span> <span class='ocrx_word' id='word_1_670' title='bbox 3546 4465 3692 4520; x_wconf 90' lang='lat' dir='ltr'><strong>card.</strong></span> <span class='ocrx_word' id='word_1_671' title='bbox 3725 4475 3925 4519; x_wconf 66' lang='lat' dir='ltr'><strong>sanctae</strong></span> <span class='ocrx_word' id='word_1_672' title='bbox 3951 4462 4111 4519; x_wconf 76' lang='lat' dir='ltr'><strong>Rom.</strong></span> 
     </span>
    </p>
   </div>
   <div class='ocr_carea' id='block_1_99' title="bbox 2538 4558 2815 4615">
    <p class='ocr_par' dir='ltr' id='par_1_99' title="bbox 2538 4558 2815 4615">
     <span class='ocr_line' id='line_1_99' title="bbox 2538 4558 2815 4615; baseline -0.011 0"><span class='ocrx_word' id='word_1_673' title='bbox 2538 4558 2815 4615; x_wconf 68' lang='lat' dir='ltr'><strong>Ecclesire.</strong></span> 
     </span>
    </p>
   </div>
   <div class='ocr_carea' id='block_1_100' title="bbox 2667 4773 3987 4821">
    <p class='ocr_par' dir='ltr' id='par_1_100' title="bbox 2667 4773 3987 4821">
     <span class='ocr_line' id='line_1_100' title="bbox 2667 4773 3987 4821; baseline -0.005 0"><span class='ocrx_word' id='word_1_674' title='bbox 2667 4778 2917 4821; x_wconf 73' lang='lat' dir='ltr'><strong>GREGORII</strong></span> <span class='ocrx_word' id='word_1_675' title='bbox 2960 4779 3104 4818; x_wconf 65' lang='lat' dir='ltr'><strong>PAPE</strong></span> <span class='ocrx_word' id='word_1_676' title='bbox 3143 4779 3175 4815; x_wconf 80' lang='grc' dir='ltr'><strong>ν</strong></span> <span class='ocrx_word' id='word_1_677' title='bbox 3214 4776 3558 4817; x_wconf 70' lang='grc' dir='ltr'><strong>Ρῐιινιιεοιωι</strong></span> <span class='ocrx_word' id='word_1_678' title='bbox 3597 4776 3698 4816; x_wconf 72' lang='lat' dir='ltr'><strong>PRO</strong></span> <span class='ocrx_word' id='word_1_679' title='bbox 3733 4773 3987 4815; x_wconf 71' lang='lat' dir='ltr'><strong>ECCLESIA</strong></span> 
     </span>
    </p>
   </div>
   <div class='ocr_carea' id='block_1_101' title="bbox 3083 4832 3573 4902">
    <p class='ocr_par' dir='ltr' id='par_1_101' title="bbox 3083 4832 3573 4902">
     <span class='ocr_line' id='line_1_101' title="bbox 3083 4832 3573 4902; baseline -0.008 -14"><span class='ocrx_word' id='word_1_680' title='bbox 3083 4847 3444 4888; x_wconf 63' lang='lat' dir='ltr'><strong>causaacsusr</strong></span> <span class='ocrx_word' id='word_1_681' title='bbox 3476 4832 3520 4902; x_wconf 87' lang='lat' dir='ltr'><strong>(l</strong></span> <span class='ocrx_word' id='word_1_682' title='bbox 3534 4834 3573 4900; x_wconf 93' lang='lat'><strong>).</strong></span> 
     </span>
    </p>
   </div>
   <div class='ocr_carea' id='block_1_102' title="bbox 3146 4943 3510 5015">
    <p class='ocr_par' dir='ltr' id='par_1_102' title="bbox 3146 4943 3510 5015">
     <span class='ocr_line' id='line_1_102' title="bbox 3146 4943 3510 5015; baseline 0.016 -17"><span class='ocrx_word' id='word_1_683' title='bbox 3146 4946 3325 5015; x_wconf 84' lang='lat' dir='ltr'><strong>(Anno</strong></span> <span class='ocrx_word' id='word_1_684' title='bbox 3361 4943 3510 5004; x_wconf 78' lang='lat'><strong>996.)</strong></span> 
     </span>
    </p>
   </div>
   <div class='ocr_carea' id='block_1_103' title="bbox 2852 5055 3823 5131">
    <p class='ocr_par' dir='ltr' id='par_1_103' title="bbox 2852 5055 3823 5131">
     <span class='ocr_line' id='line_1_103' title="bbox 2852 5055 3823 5131; baseline 0.001 -19"><span class='ocrx_word' id='word_1_685' title='bbox 2852 5058 3027 5131; x_wconf 80' lang='lat' dir='ltr'><strong>[Apud</strong></span> <span class='ocrx_word' id='word_1_686' title='bbox 3056 5058 3224 5112; x_wconf 82' lang='lat' dir='ltr'><strong>Mansi</strong></span> <span class='ocrx_word' id='word_1_687' title='bbox 3256 5055 3459 5112; x_wconf 80' lang='lat' dir='ltr'><strong>Concil.</strong></span> <span class='ocrx_word' id='word_1_688' title='bbox 3498 5056 3636 5120; x_wconf 69' lang='grc' dir='ltr'><strong>λιχ,</strong></span> <span class='ocrx_word' id='word_1_689' title='bbox 3671 5057 3775 5113; x_wconf 76' lang='grc'><strong>218</strong></span> <span class='ocrx_word' id='word_1_690' title='bbox 3804 5057 3823 5129; x_wconf 91' lang='grc'>]</span> 
     </span>
    </p>
   </div>
   <div class='ocr_carea' id='block_1_104' title="bbox 2614 5188 4116 5261">
    <p class='ocr_par' dir='ltr' id='par_1_104' title="bbox 2614 5188 4116 5261">
     <span class='ocr_line' id='line_1_104' title="bbox 2614 5188 4116 5261; baseline -0.003 -12"><span class='ocrx_word' id='word_1_691' title='bbox 2614 5196 2923 5249; x_wconf 75' lang='lat' dir='ltr'><strong>GREGORIUS</strong></span> <span class='ocrx_word' id='word_1_692' title='bbox 2966 5190 3271 5261; x_wconf 90' lang='lat' dir='ltr'><strong>episc0pus,</strong></span> <span class='ocrx_word' id='word_1_693' title='bbox 3311 5205 3505 5246; x_wconf 89' lang='lat' dir='ltr'><strong>servus</strong></span> <span class='ocrx_word' id='word_1_694' title='bbox 3532 5205 3810 5246; x_wconf 87' lang='lat' dir='ltr'><strong>servorum</strong></span> <span class='ocrx_word' id='word_1_695' title='bbox 3843 5188 3959 5253; x_wconf 92' lang='lat' dir='ltr'><strong>Dei,</strong></span> <span class='ocrx_word' id='word_1_696' title='bbox 3988 5188 4116 5244; x_wconf 86' lang='lat' dir='ltr'><strong>dile-</strong></span> 
     </span>
    </p>
   </div>
   <div class='ocr_carea' id='block_1_105' title="bbox 2543 5303 4114 5378">
    <p class='ocr_par' dir='ltr' id='par_1_105' title="bbox 2543 5303 4114 5378">
     <span class='ocr_line' id='line_1_105' title="bbox 2543 5303 4114 5378; baseline -0.003 -17"><span class='ocrx_word' id='word_1_697' title='bbox 2543 5308 2646 5378; x_wconf 88' lang='lat' dir='ltr'><strong>pis,</strong></span> <span class='ocrx_word' id='word_1_698' title='bbox 2689 5306 2992 5369; x_wconf 88' lang='lat' dir='ltr'><strong>abbatibus,</strong></span> <span class='ocrx_word' id='word_1_699' title='bbox 3022 5305 3371 5376; x_wconf 81' lang='lat' dir='ltr'><strong>presbyteris,</strong></span> <span class='ocrx_word' id='word_1_700' title='bbox 3415 5322 3538 5361; x_wconf 90' lang='lat' dir='ltr'><strong>cum</strong></span> <span class='ocrx_word' id='word_1_701' title='bbox 3568 5308 3632 5378; x_wconf 17' lang='lat' dir='ltr'><strong>die</strong></span> <span class='ocrx_word' id='word_1_702' title='bbox 3660 5305 3984 5378; x_wconf 81' lang='lat' dir='ltr'><strong>necessariis</strong></span> <span class='ocrx_word' id='word_1_703' title='bbox 4010 5303 4114 5358; x_wconf 85' lang='lat' dir='ltr'><strong>Ec-</strong></span> 
     </span>
    </p>
   </div>
   <div class='ocr_carea' id='block_1_106' title="bbox 2544 5376 4110 5420">
    <p class='ocr_par' dir='ltr' id='par_1_106' title="bbox 2544 5376 4110 5420">
     <span class='ocr_line' id='line_1_106' title="bbox 2544 5376 4110 5420; baseline 0 0"><span class='ocrx_word' id='word_1_704' title='bbox 2544 5376 2722 5420; x_wconf 63' lang='grc' dir='ltr'><strong>ἓιΙρςίεῑι</strong></span> <span class='ocrx_word' id='word_1_705' title='bbox 2771 5377 3003 5420; x_wconf 65' lang='lat' dir='ltr'><strong>negotiis</strong></span> <span class='ocrx_word' id='word_1_706' title='bbox 3041 5377 3175 5420; x_wconf 66' lang='lat' dir='ltr'><strong>satis</strong></span> <span class='ocrx_word' id='word_1_707' title='bbox 3215 5386 3553 5420; x_wconf 22' lang='lat' dir='ltr'><strong>tractaretur.</strong></span> <span class='ocrx_word' id='word_1_708' title='bbox 3591 5376 3877 5420; x_wconf 56' lang='lat' dir='ltr'><strong>Herluirms</strong></span> <span class='ocrx_word' id='word_1_709' title='bbox 3901 5376 4110 5420; x_wconf 62' lang='lat' dir='ltr'><strong>enimn-</strong></span> 
     </span>
    </p>
   </div>
  </div>
