4486 5544
358 374 463 430 905

1518 370 1869 427 EPISTULE
1909 369 1991 421 ET
2033 369 2435 423 l’lllVlLlﬁtilA.

3506 375 3609 429 906

360 484 450 537 cto
494 483 602 538 Iilio
641 483 938 549 HEBLIIINU,
990 491 1191 539 sancta:
1236 482 1644 538 Cameracensis
1687 481 1938 536 Ecclesim
1970 485 2016 541 Α
2044 494 2173 535 vero
2199 491 2414 535 curator
2435 493 2487 535 et
2518 482 2833 538 observator
2859 483 3039 549 fuerit,
3083 486 3510 541 benedictionem
3558 499 3613 544 et

361 574 615 637 antistiti,
643 575 863 642 suisque
884 573 1291 630 successoribus
1320 574 1372 626 in
1400 582 1741 643 perpetuum.

432 649 589 718 Curat
632 664 921 738 pastoralis
956 662 1209 727 oﬂicium,
1241 677 1465 717 summa!
1505 662 1649 716 sedis
1680 660 1934 731 dignitas,

358 770 467 822 qua
497 768 617 818 nos,
654 754 781 809 licet
821 755 1046 824 indigni,
1092 755 1313 816 utimur,
1364 751 1638 821 compellit
1687 766 1785 806 nos
1830 766 1936 805 nou

363 840 538 897 solum
580 841 859 897 nobiscum
908 844 1199 906 manentia,
1252 857 1438 896 verum
1473 842 1634 896 etiam
1664 840 1817 909 longe
1840 855 1933 909 po-

360 931 465 985 sita
518 941 717 987 sancta:
766 934 858 987 Dei
908 933 1163 987 Ecclesiae
1217 931 1512 1004 mysteria,
1566 928 1785 985 Christo
1841 944 1936 982 an-

360 1030 578 1084 nuente,
622 1021 866 1091 vigilanti
912 1021 1273 1076 sollicitudine
1324 1021 1595 1076 custodire
1645 1028 1699 1075 et
1746 1021 1936 1090 guber-

362 1125 514 1166 nare.
546 1110 813 1178 Quoniam
839 1126 986 1175 vero,
1017 1112 1158 1166 sicut
1184 1110 1434 1165 omnibus
1463 1124 1597 1179 pene
1623 1118 1807 1163 notum
1831 1118 1934 1173 est,

364 1204 756 1259 interveniente
786 1204 888 1259 hac
918 1218 975 1258 re
1001 1219 1121 1273 qua:
1158 1204 1299 1258 inter
1334 1202 1619 1256 Arnull‘uin
1652 1201 1937 1256 Remensis

363 1294 617 1351 Ecclesia“:
665 1296 1122 1366 archiprmsulem,
1164 1306 1220 1350 et
1260 1296 1585 1351 Gerbertum
1632 1296 1935 1349 iuvasorem

362 1385 517 1454 ejus,t
537 1390 810 1453 excrevit,
858 1390 999 1443 idem
1055 1389 1340 1460 praedictus
1387 1387 1673 1445 llerluiuus
1720 1386 1933 1455 praesul,

366 1478 581 1533 illorum
608 1479 768 1542 odiis,
810 1480 993 1534 Remis
1018 1482 1284 1535 canonico
1318 1494 1467 1534 more
1505 1478 1814 1533 consecrari
1845 1493 1936 1531 ne-

365 1570 562 1637 quivit,
591 1568 707 1637 ejus
732 1571 1067 1625 consecratio
1092 1571 1157 1624 ad
1186 1570 1537 1640 apostolicam
1565 1569 1745 1623 sedem
1768 1582 1937 1639 usque

363 1658 433 1711 ad
472 1674 571 1713 nos
605 1659 747 1711 haud
790 1660 985 1728 injuste
1026 1659 1292 1729 pervenit.
1326 1658 1496 1725 Quem
1530 1665 1933 1717 consecrantes,

364 1746 768 1817 laciymabilcm
810 1749 878 1803 ab
907 1763 973 1801 eo
1001 1748 1395 1817 querimoniam
1424 1747 1749 1809 audivimus,
1788 1745 1935 1798 scili-

360 1848 451 1893 cet
480 1839 625 1907 quod
658 1848 897 1908 tempore
932 1848 1336 1894 antecesserunt
1385 1854 1601 1893 suorum
1653 1838 1791 1891 idem
1822 1836 1933 1904 epi-
1967 1823 2009 1879 Β

360 1928 607 1995 scopium
640 1927 1007 1996 multipliciter
1034 1944 1062 1980 a
1090 1928 1342 1998 malignis
1383 1927 1691 1981 hominibus
1730 1926 1933 1993 deprau-

364 2020 546 2071 datum
593 2020 681 2073 sit.
736 2019 888 2073 Unde
921 2028 976 2073 et
1021 2035 1119 2074 nos
1169 2019 1463 2073 humillime
1513 2018 1821 2086 imploravit
1875 2029 1929 2069 ut

363 2119 550 2162 nostra
606 2110 897 2179 apostolica
948 2110 1270 2165 auctoritate
1312 2110 1526 2179 aliquod
1554 2110 1601 2163 ei
1634 2109 1931 2164 subsidium

360 2210 549 2254 contra
608 2202 857 2256 inimicos
898 2212 1099 2256 sanctae
1148 2202 1404 2258 Ecclesia:
1450 2202 1720 2257 daremus.
1770 2200 1935 2270 Cujus

360 2291 611 2359 precibus
657 2301 979 2355 anuuentes,
1037 2308 1131 2362 per
1175 2293 1315 2350 istud
1375 2302 1577 2347 nostra:
1625 2290 1933 2361 apostolica:

362 2380 703 2434 auctoritatis
750 2380 1089 2451 privilegium
1140 2383 1415 2436 sancimus
1466 2388 1525 2434 ut
1573 2379 1748 2434 nullus
1801 2379 1929 2440 dux,

363 2468 631 2531 marchio,
682 2481 886 2530 comes,
923 2468 1245 2533 vicecomes,
1284 2484 1377 2523 seu
1414 2468 1593 2537 aliqua
1624 2482 1816 2537 magna
1851 2466 1932 2519 vel

358 2571 525 2627 parva
573 2572 824 2626 persona,
876 2558 1070 2614 dehinc
1101 2560 1501 2630 prmnominataa
1530 2558 1782 2611 Ecclesia:
1814 2557 1931 2610 loca

359 2648 620 2701 invadere
666 2663 757 2703 seu
796 2648 1103 2718 depraedare
1146 2658 1453 2717 praesumat.
1505 2646 1656 2713 Quod
1705 2647 1752 2699 si
1796 2662 1933 2714 pra:-

357 2738 682 2808 sumpserit,
739 2738 877 2793 sciat
924 2754 983 2793 se
1028 2753 1058 2792 a
1108 2739 1283 2803 nobis,
1332 2738 1547 2793 Christo
1593 2746 1815 2792 auctore
1868 2753 1931 2793 ac

357 2829 418 2882 B.
451 2829 610 2884 Petro
641 2829 902 2900 apostolo,
955 2829 1297 2883 anathemate
1337 2828 1619 2900 illigatum,
1651 2842 1932 2897 quousque

352 2919 627 2989 pnedictaa
675 2918 819 2972 sedis
856 2918 1085 2972 antistiti
1134 2916 1477 2981 satisfecerit,
1541 2916 1646 2981 vel,
1700 2915 1929 2971 Romam

355 3007 641 3071 veniendo,
672 3022 731 3062 se
758 3007 953 3062 ibidem
982 3006 1364 3077 puriﬁcaverit.
1395 3007 1509 3061 Hoc
1532 3021 1746 3078 quoque
1776 3006 1932 3062 nobis

354 3095 604 3149 similiter
649 3095 954 3149 intimatum
987 3103 1088 3159 est,
1120 3095 1262 3165 quod
1294 3096 1529 3150 obeunte
1560 3095 1816 3165 episcopo
1843 3095 1929 3149 vel

2041 572 2295 639 gratiam,
2354 584 2408 626 et
2461 574 2845 642 indulgentiam
2890 586 3232 646 peccatorum
3276 595 3497 634 suorum
3549 598 3612 635 ac

2041 660 2206 713 vitam
2235 670 2492 716 aeternam
2517 678 2546 716 a
2577 663 2793 719 Christo
2825 664 3105 722 Salvatorc
3140 679 3325 724 nostro
3351 673 3611 743 consequi

2042 759 2327 805 mereatur.
2353 752 2546 806 Amen.

2114 838 2384 912 Scriptum
2430 860 2525 914 per
2562 859 2754 900 manus
2790 846 3143 918 Petrisgionis
3178 854 3370 907 notarii
3399 864 3451 908 et
3481 857 3617 909 scri-

2040 936 2210 1003 ptoris
2249 948 2447 993 sancta:
2486 938 2741 995 Romamn
2785 941 3059 1009 Ecclesiae,
3100 944 3149 997 in
3192 959 3376 999 mense
3404 945 3540 999 Maio
3563 956 3617 1000 et

2043 1026 2226 1081 indiet.
2263 1046 2425 1085 nona.
2454 1031 2510 1085 In
2542 1031 2759 1088 Christo
2784 1034 2918 1089 bene
2943 1035 3133 1089 valete.
3175 1037 3331 1091 Anno
3354 1055 3369 1093 ι
3394 1038 3618 1107 pontifi-

2042 1126 2194 1171 catus
2238 1119 2418 1173 domni
2465 1122 2710 1192 Gregorii
2743 1126 2939 1179 summi
2967 1126 3235 1197 poutilicis
3260 1136 3314 1181 et
3340 1130 3619 1183 universa-

2038 1206 2104 1260 lis
2128 1207 2384 1264 Ecclesiae
2414 1227 2582 1284 papas,
2604 1213 2815 1283 imperii
2842 1232 2970 1271 vero
2999 1217 3181 1273 domui
3212 1217 3425 1276 Ottonis
3448 1219 3619 1274 Tertii

2039 1298 2384 1368 imperatoris
2410 1317 2551 1358 anno
2578 1304 2884 1361 undecimo.

2792 1414 2876 1468 Ill.

2038 1494 2115 1565 (2)
2156 1513 2383 1553 υιιιιοηλ
2437 1517 2683 1557 cneconn
2742 1520 2887 1559 pars;
2947 1524 2977 1561 v
3034 1524 3369 1567 wratxrmno
3431 1531 3619 1571 .\BB.\TI

2666 1589 2986 1632 CONCESSUH.

2648 1664 2825 1734 (Anno
2848 1668 2998 1734 996.)

2041 1746 2534 1835 Conﬁrmat-omnes
2571 1760 2871 1834 monasterii
2908 1766 3274 1835 possessiones,
3300 1767 3490 1835 jusque
3529 1773 3623 1823 eli-

2108 1819 2260 1900 ρεηᾴὶ
2302 1821 2523 1900 abbatis,
2570 1826 2804 1900 primum
2842 1819 2917 1881 ex.
2956 1819 3621 1899 Stabulensirdeiudclex

2109 1886 2580 1945 Malmundariemi
2610 1896 2858 1949 canobio.

2214 1998 2391 2071 [Apud
2435 2000 2687 2067 Martem,
2715 2006 2961 2077 Ampliss.
2994 1998 3207 2070 Collect.
3231 2016 3295 2083 ll,
3328 2018 3439 2088 52.|

2105 2110 2159 2165 In
2194 2114 2409 2168 nomine
2439 2125 2637 2171 sancta:
2676 2126 2731 2172 et
2764 2119 3050 2178 individua:
3080 2124 3377 2184 Trinitatis.
3411 2132 3619 2189 Cnseo-

2039 2216 2154 2255 mus
2212 2202 2496 2273 episcopus
2549 2221 2738 2262 servus
2786 2224 3065 2267 servorum
3112 2216 3201 2271 Dei
3251 2219 3615 2278 Wsnexrmno

2036 2292 2284 2361 religioso
2340 2295 2519 2349 abbati
2581 2297 2806 2352 salutem
2867 2310 2919 2353 et
2986 2307 3332 2376 apostolicam
3399 2312 3616 2369 benedi-

2036 2386 2289 2444 t'llOIICIII,

2106 2474 2239 2528 Tum
2275 2492 2499 2532 summa:
2545 2482 2855 2549 apostolicae
2904 2485 3179 2556 dignitatis
3226 2508 3358 2562 apex
3413 2500 3464 2551 in
3515 2500 3616 2556 hoc

2034 2564 2195 2619 divini
2228 2567 2513 2622 roboratus
2538 2570 2712 2625 nitore
2744 2573 3075 2644 dignoscitur
3103 2583 3419 2653 prml‘ulgere
3440 2627 3453 2651 ,
3484 2590 3528 2643 si
3560 2592 3612 2645 in

2034 2654 2378 2722 acquirendis
2413 2656 2503 2710 Dei
2536 2658 2783 2715 laudibus
2824 2664 2902 2717 Stli
2944 2666 3241 2735 impensius
3272 2676 3510 2732 studebit
3538 2679 3616 2731 Ia-

2032 2748 2178 2802 boris
2209 2750 2461 2839 exhibere
2492 2762 2785 2811 certamen.
2815 2756 2895 2813 0h
2922 2761 3022 2816 hoc
3053 2764 3233 2821 debita
3261 2786 3354 2822 nos
3377 2772 3615 2839 ejusdem

2032 2838 2341 2905 apostolica:
2388 2844 2677 2909 pastoralis
2718 2849 2992 2916 compellit
3046 2838 3420 2917 sollicitudinis
3464 2879 3613 2927 cura,

2031 2940 2256 2996 quaeque
2279 2929 2345 2983 ad
2372 2932 2694 2989 stabilienda
2742 2937 2951 3005 piorum
2986 2945 3258 3012 pertinere
3284 2951 3613 3021 dignoscuu-

2033 3028 2120 3071 tur
2155 3018 2397 3074 locorum
2444 3024 2675 3078 ubertim
2717 3030 3077 3101 promulgare,
3114 3045 3167 3089 et
3199 3018 3511 3107 apostolica:
3538 3048 3616 3100 iu-

2031 3105 2561 3198 stitutioniscensura
2593 3114 2934 3173 confirmare.
2967 3121 3133 3189 Igitur
3158 3105 3280 3195 quia
3310 3134 3613 3198 pustulas‘i,

352 3185 565 3238 creteris
594 3184 966 3238 sacerdotibus
990 3184 1259 3253 praedictae
1288 3192 1488 3239 sanctae
1516 3183 1929 3239 Cameracensis
1956 3173 2000 3235 C
2034 3194 2221 3263 frater,
2265 3214 2293 3251 ε
2333 3201 2488 3255 nobis
2507 3242 2520 3265 ,
2572 3212 2840 3273 quatenus
2868 3173 3280 3269 mon;,,‘g,,,‘,"j,'

353 3273 626 3340 Ecclesiae,
664 3275 830 3345 aliqui
859 3275 1125 3330 diabolico
1170 3275 1360 3347 repleti
1387 3276 1578 3347 Spiritu
1607 3276 1817 3331 soleant
1840 3292 1928 3331 res

350 3364 769 3431 ecclesiasticas,
802 3380 938 3435 quas
963 3364 1046 3420 vel
1073 3367 1376 3438 episcopus,
1409 3368 1523 3423 sive
1557 3368 1719 3422 etiam
1748 3381 1927 3422 sacer-

350 3458 505 3511 dotes
562 3456 910 3529 reliquerint,
970 3456 1204 3528 diripere
1248 3474 1310 3513 ac
1358 3460 1659 3514 devastare.
1720 3459 1927 3525 Quibus

348 3547 537 3602 itidem
589 3547 885 3618 apostolica
936 3561 1163 3603 censura
1220 3564 1288 3603 ne
1343 3548 1445 3603 hoc
1496 3549 1728 3619 amplius
1766 3564 1925 3619 agere

346 3648 679 3711 prtesumant
723 3641 1116 3697 interdicimus.
1166 3639 1319 3707 Quod
1372 3641 1415 3696 si
1458 3638 1715 3707 fecerint,
1747 3638 1924 3708 cujus-

351 3745 567 3801 cunque
610 3740 735 3786 sunt
780 3732 988 3786 ordinis
1017 3731 1098 3784 vel
1130 3731 1431 3801 dignitatis,
1477 3731 1655 3784 sciant
1692 3745 1750 3784 se
1794 3746 1925 3783 ana-

349 3823 605 3877 thematis
650 3822 865 3878 vinculo
916 3822 1227 3893 perculsos,
1277 3836 1559 3891 quousque
1613 3822 1715 3875 hoc
1761 3821 1920 3893 digna

346 3911 717 3967 satisfactione
757 3914 1112 3967 correxerint.
1155 3913 1286 3967 Illud
1333 3927 1548 3983 quoque
1596 3926 1923 3982 magnopere

344 4013 711 4076 prmoptanms
743 4013 800 4057 ut
826 4003 1020 4059 fratres
1052 4004 1103 4057 in
1135 4004 1381 4064 emnohio
1409 4003 1649 4074 ejusdem
1676 4002 1919 4056 ecclesia:

344 4103 777 4161 commanentes,
828 4106 1141 4167 cunctasque
1198 4098 1643 4168 congregationes
1685 4095 1752 4151 ad
1796 4112 1916 4152 eam

342 4186 698 4258 pertinentes,
721 4184 979 4256 quidquid
1000 4186 1147 4255 juste
1168 4202 1230 4241 ac
1250 4187 1495 4258 legaliter
1519 4187 1796 4258 possidere
1824 4188 1919 4243 de-

343 4276 495 4343 bent,
523 4277 641 4331 sine
671 4276 848 4345 aliqua
877 4277 1234 4332 diminutione
1259 4277 1485 4333 firmiter
1511 4285 1731 4333 teneant
1754 4286 1916 4349 atque

343 4366 675 4435 possideant,
698 4374 757 4420 ut
780 4365 1161 4437 temporalibus
1180 4367 1447 4436 praasidiis
1471 4366 1800 4423 sufﬁcienter
1819 4366 1914 4421 ad-

334 4455 439 4529 juti
462 4459 579 4514 sine
606 4461 1055 4523 murmuratione,
1088 4461 1412 4531 sempiterna
1438 4458 1739 4515 flducialius
1759 4473 1913 4528 appe-

344 4522 459 4605 tere
479 4548 711 4605 valeant.
726 4549 947 4620 Insuper
959 4522 1133 4604 eidem
1149 4522 1404 4605 Herluino
1424 4550 1674 4620 episcopo
1696 4522 1916 4619 suisque
1943 4522 1995 4581 D

341 4642 749 4699 successoribus
782 4641 833 4695 in
864 4650 1180 4712 perpetuum
1209 4655 1324 4714 per
1372 4642 1511 4696 hanc
1556 4641 1725 4696 nostri
1777 4656 1916 4711 prae-

342 4736 486 4805 cepti
519 4736 767 4807 paginam
796 4736 1145 4790 concedimus
1166 4742 1221 4789 et
1241 4734 1630 4791 conﬁrmamus
1657 4742 1716 4788 ut
1740 4733 1918 4788 nullus

340 4826 470 4890 dux,
504 4825 745 4880 marchio
770 4824 853 4879 vel
882 4839 1082 4890 comes,
1115 4839 1209 4879 seu
1238 4824 1341 4877 alia
1369 4825 1575 4895 quasvis
1607 4839 1799 4894 magna
1832 4824 1914 4879 vel

338 4929 505 4985 parva
543 4929 799 4986 persona,
839 4914 1070 4984 aliquem
1118 4914 1444 4978 districtum,
1494 4914 1607 4969 sive
1645 4913 1909 4983 judicium

340 5008 422 5062 vel
464 5007 677 5079 aliquod
717 5007 973 5076 placitum
1020 5008 1071 5060 in
1119 5005 1302 5075 aliquo
1332 5006 1449 5061 loco
1478 5020 1619 5078 saepe
1650 5007 1911 5062 nominati

336 5098 593 5170 episcopii
627 5107 813 5155 tenere
841 5098 1059 5163 audeat,
1098 5096 1201 5150 nisi
1231 5096 1300 5150 ab
1328 5096 1568 5165 ejusdem
1612 5097 1759 5153 sedis
1799 5098 1911 5169 epi-

332 5204 496 5265 scopo
542 5191 817 5248 licentiam
866 5190 1138 5260 acceperit
1178 5189 1261 5243 vel
1290 5189 1549 5244 invitatus
1578 5189 1778 5244 fuerit:
1814 5190 1911 5245 sed

331 5281 490 5336 liceat
516 5282 616 5339 sibi
646 5283 713 5337 de
745 5280 856 5336 suis
887 5294 1265 5352 quemcunque
1314 5280 1564 5345 voluerit,
1614 5281 1679 5336 ad
1712 5282 1766 5337 id
1794 5281 1910 5337 olli-

331 5373 472 5404 ,οἶ-ιω
518 5372 883 5404 ηΑ-ηηιιηδηηι
931 5372 1183 5404 nandi-sura
1248 5369 1303 5404 GI
1345 5370 1465 5404 ηιιῖα
1514 5380 1691 5404 nullam
1766 5373 1907 5404 ιιι-ΛΑ

2031 3285 2187 3342 Patre
2215 3288 2468 3346 Remaclo
2508 3293 2560 3346 in
2586 3295 2789 3353 honore
2825 3304 2997 3356 sancti
3030 3304 3167 3360 Petri
3198 3321 3526 3380 constructa,
3564 3319 3612 3370 itl

2027 3386 2128 3444 cst,
2163 3377 2453 3435 Stabulaus
2488 3392 2537 3436 et
2569 3383 3040 3457 Malmundarium,
3074 3396 3175 3450 sita
3204 3399 3340 3454 saltu
3368 3377 3614 3460 Arduen-

2029 3472 2198 3565 nensi,
2234 3474 2511 3545 privilegio
2556 3487 2752 3534 nostra:
2777 3486 3115 3544 auctoritatis
3157 3493 3510 3565 muniremus,
3560 3510 3615 3555 et

2025 3560 2150 3628 quia
2171 3560 2318 3630 justa
2355 3564 2470 3618 visa
2502 3574 2585 3620 est
2634 3569 2792 3624 nobis
2830 3574 3018 3641 petitio
3056 3586 3167 3643 tua,
3212 3560 3607 3644 assensum'tibi

2024 3652 2324 3745 praebemus
2347 3669 2442 3725 per
2466 3654 2625 3727 hujus
2654 3661 2824 3715 nostri
2853 3664 3117 3735 privilegii
3156 3675 3529 3745 constitutum,
3556 3690 3611 3735 et

2028 3741 2349 3799 roboramus
2376 3748 2668 3819 apostolica
2706 3755 3055 3823 auctoritate,
3084 3769 3247 3831 atque
3269 3741 3610 3827 decernimus

2023 3832 2316 3930 secundum
2345 3836 2688 3930 antiquorum
2731 3840 2965 3898 edictum
2999 3861 3204 3919 regum,
3253 3852 3304 3908 id
3337 3865 3440 3922 est,
3469 3856 3607 3930 Sigi-

2020 3923 2179 3987 berti,
2208 3924 2498 3982 Chludovei
2526 3937 2579 3983 et
2604 3928 2907 4001 Dagoberti,
2936 3938 3025 4005 qui
3055 3947 3107 3993 et
3144 3955 3328 3998 eorum
3351 3923 3602 4003 constru-

2019 4022 2199 4070 ctores
2220 4014 2369 4073 fuere
2392 4020 2857 4087 monasteriorum,
2887 4040 2985 4080 nec
3017 4043 3117 4082 uon
3142 4038 3196 4083 et
3219 4032 3603 4105 imperatorum

2020 4105 2223 4173 Karoli,
2258 4108 2514 4163 Ludovici
2545 4120 2599 4165 et
2629 4110 2842 4170 Ottonis
2863 4117 3247 4189 Augustorum,
3286 4138 3342 4180 ut
3371 4128 3486 4184 loca
3518 4133 3605 4188 de-

2023 4198 2333 4292 terminata,
2361 4200 2443 4254 vel
2468 4201 2627 4267 villae,
2654 4212 2747 4258 aut
2773 4210 3166 4277 possessiones,
3210 4232 3329 4286 quae
3368 4221 3436 4275 ab
3473 4223 3601 4292 ipsis

2019 4288 2437 4359 imperatoribus
2482 4293 2581 4362 ipsi
2626 4303 2814 4350 sancto
2845 4309 2972 4353 sunt
3013 4303 3247 4367 traditae,
3278 4318 3333 4363 et
3358 4324 3452 4377 per
3476 4288 3597 4369 cum

2017 4380 2261 4449 utrisque
2284 4381 2526 4436 ecclesiis
2556 4384 2761 4469 divisi.
2781 4388 2968 4444 usibus
2989 4392 3294 4448 deserviant
3316 4405 3603 4469 monacho,

2019 4486 2162 4537 rum,
2194 4464 2435 4541 nullique
2464 4471 2623 4527 liceat
2668 4458 2949 4544 advocato,
3010 4477 3088 4536 vel
3141 4479 3192 4538 in
3244 4482 3474 4555 p'lacitis,
3508 4460 3603 4548 alit

2021 4562 2280 4627 casticiis,
2305 4576 2365 4616 ea
2393 4561 2712 4633 infringere;
2747 4568 2888 4634 quod
2909 4572 3237 4639 percutimus
3257 4587 3459 4634 aeterno
3478 4597 3602 4635 aua-

2024 4653 2282 4708 themate.
2298 4652 2564 4708 Praeterea
2587 4656 2876 4721 sancimus,
2899 4659 3040 4713 sicut
3063 4662 3129 4715 ab
3158 4663 3287 4732 ipsis
3312 4668 3602 4738 imperatc-

2022 4742 2171 4799 ribus
2203 4751 2287 4798 est
2315 4742 2613 4811 deﬁnitum,
2654 4754 2711 4799 ut
2741 4746 2994 4817 utrinque
3040 4750 3093 4804 in
3140 4768 3303 4808 unum
3333 4771 3363 4810 e
3393 4758 3600 4815 duobus

2024 4835 2367 4890 monasteriis
2398 4834 2796 4892 conﬂuentibus
2822 4841 3100 4895 monachis
3122 4843 3356 4901 habeant
3384 4850 3501 4904 sine
3531 4854 3601 4905 si»

2016 4925 2328 4989 mulatione,
2370 4925 2488 4981 sine
2542 4928 2857 4998 exceptione
2896 4945 3160 5000 personae,
3186 4935 3303 4992 sine
3353 4953 3602 5009 respecut

2014 5018 2279 5087 pecunias,
2323 5019 2616 5073 secundum
2646 5020 2816 5074 sancti
2846 5021 3114 5079 Benedicti
3143 5027 3377 5098 regulam
3397 5070 3410 5095 ,
3437 5032 3601 5089 abba-

2016 5116 2121 5164 tem
2173 5108 2403 5178 eligendi
2449 5108 2781 5165 liberrimam
2813 5113 3110 5181 optionem,
3162 5130 3224 5171 ea
3263 5127 3440 5174 tamen
3466 5137 3597 5193 prta

2016 5202 2349 5269 pondcrante
2407 5201 2650 5265 ratione,
2703 5200 3274 5262 Malmuudariensium
3325 5222 3481 5279 pace,
3544 5222 3606 5267 ut

2016 5292 2139 5360 quia
2164 5292 2356 5346 beatus
2384 5288 2675 5347 Remaclus
2702 5290 2981 5362 utriusque
3012 5294 3324 5354 monasterii
3359 5309 3612 5354 constru-

2218 5390 2229 5404 ι
2266 5380 2381 5404 '1‘..-
2396 5380 2607 5404 ---η-,2.-
