4486 5544
844 377 945 434 907

2138 361 2462 418 GREGOlill
2511 360 2545 412 ν
2591 360 2789 417 ΡΛΡΑΞ

4008 365 4114 420 908

845 494 1045 548 niatur.
1082 489 1173 542 Sin
1201 495 1378 541 autem
1410 499 1513 537 non
1547 482 1674 546 illic,
1725 480 1818 532 sed
1862 476 2244 531 Malmundarii
2278 489 2426 544 repe-
2460 475 2506 530 Α
2537 473 2815 541 religiosus
2840 473 3045 530 electus
3078 474 3258 542 fuerit,
3288 475 3407 532 sine
3439 476 3676 546 qualibet
3720 480 4112 543 controversia,

847 583 1020 635 riatur
1056 579 1272 646 utrique
1294 575 1411 629 loco
1438 569 1814 642 prteftciendus
1834 607 1848 632 ,
1884 568 1949 621 ab
1973 582 2039 618 eo
2066 564 2247 636 potius
2271 579 2432 634 quam

843 677 910 725 ab
936 669 1174 725 externis
1198 673 1507 734 assumptus
1533 659 1950 716 intromittatur.
1994 656 2050 711 Si
2077 657 2200 726 quis
2230 666 2433 718 autem,

842 762 990 834 quod
1037 774 1143 814 non
1185 765 1454 828 optamus,
1485 751 1694 808 nefario
1743 763 1877 803 ausu
1907 743 2314 834 praesumpserit
2351 743 2434 797 his

842 833 964 925 qua
993 868 1021 907 a
1053 849 1209 906 nobis
1229 847 1294 902 ad
1320 846 1528 900 laudem
1559 842 1652 898 Dei
1675 855 1774 910 pro
1809 835 2102 894 stabilitate
2127 834 2233 906 jam
2255 833 2433 925 dicto-

845 923 965 996 rum
985 936 1440 996 monasteriorum
1457 939 1656 988 statuta
1679 936 1806 986 sunt
1827 927 2121 997 refragare,
2141 932 2232 978 aut
2252 924 2366 978 haec
2385 923 2434 976 in

846 1045 1120 1102 quoquam
1146 1024 1471 1097 transgredi,
1498 1022 1706 1079 sciatse
1720 1018 2068 1074 anathemate
2099 1013 2433 1077 innodatum,

848 1133 1008 1194 atque
1030 1137 1152 1178 cum
1178 1117 1394 1175 diabolo
1418 1125 1474 1170 et
1500 1113 1616 1184 ejus
1637 1107 1988 1166 atrocissimis
2016 1104 2245 1176 pompis,
2278 1111 2438 1173 atque

845 1216 983 1273 Iuda
1020 1214 1280 1269 traditore
1331 1207 1545 1264 Domini
1597 1203 1776 1260 nostri
1822 1200 1952 1256 Jesu
1992 1198 2193 1255 Christi
2245 1195 2437 1251 tartari

850 1304 1120 1361 incendiis
1149 1297 1632 1357 concremandum.
1662 1293 1732 1348 At
1755 1305 1881 1346 vero
1916 1290 1959 1346 si
1995 1290 2084 1361 pio
2114 1288 2308 1342 intuitu
2339 1285 2436 1341 ob-

852 1407 1099 1454 servator
1123 1404 1178 1448 et
1207 1401 1391 1448 custos
1421 1391 1612 1444 ductor
1635 1384 1818 1449 fuerit,
1846 1382 2003 1452 hujus
2027 1380 2194 1435 nostri
2226 1385 2439 1447 aposto-

852 1489 938 1544 lici
970 1483 1270 1547 constituti,
1299 1482 1363 1535 ad
1388 1481 1588 1535 cultum
1618 1477 1711 1531 Dei
1740 1473 2100 1543 respicientis,
2134 1469 2439 1524 misericor-

853 1582 996 1636 diam
1029 1594 1058 1632 a
1089 1572 1440 1631 misericorde
1470 1570 1581 1623 Deo
1621 1575 1806 1621 nostro
1846 1560 2214 1631 multipliciter
2253 1572 2444 1613 conse-

852 1678 1070 1738 quatur,
1103 1675 1156 1718 et
1195 1664 1364 1717 beatae
1389 1660 1508 1713 vita:
1537 1669 1819 1728 possessor
1848 1650 1981 1707 efﬁci
2009 1657 2301 1705 mereatur.

923 1757 1194 1824 Scriptum
1231 1766 1327 1822 per
1381 1764 1597 1802 manum
1641 1744 1863 1798 Joannis
1903 1741 2100 1794 notarii
2150 1736 2441 1824 regionarii

2537 579 2602 618 ne
2628 564 3007 634 prolongitudo
3055 565 3264 623 itineris
3311 566 3475 631 obsit,
3505 581 3535 620 a
3578 566 3771 622 vicinis
3823 567 4114 638 episcopis,

2535 655 2674 710 sicut
2702 670 2818 708 mos
2843 655 3075 720 exstitit,
3100 657 3396 711 ordinetur.
3424 656 3490 711 Et
3519 657 3585 721 si,
3618 657 3762 726 quod
3806 658 3972 723 absit,
4019 658 4106 713 ali-

2534 761 2641 814 quo
2670 745 2835 800 livore
2871 747 3053 802 infecti
3101 757 3265 818 atque
3312 749 3838 822 invidiaprdinandi
3890 751 4116 806 distule-

2537 841 2665 903 rint,
2715 840 2813 894 hac
2861 839 3073 894 licentia
3105 841 3220 896 sive
3260 841 3523 912 privilegii
3547 840 3671 910 jure
3719 843 3988 907 revocati,
4021 859 4120 912 per

2538 931 2931 985 institutionem
3007 932 3148 986 hanc
3198 931 3550 1001 apostolicam
3625 947 3746 985 cum
3807 933 4121 987 testimonio

2538 1019 2748 1075 abbatis
2779 1022 2862 1076 sui
2900 1031 2955 1076 et
3001 1020 3212 1076 clericis
3252 1022 3485 1091 prepriis
3527 1036 3714 1075 eorum
3746 1024 3996 1077 manibus
4026 1023 4117 1076 de-

2539 1117 2746 1165 cretum
2799 1111 2903 1166 hoc
2958 1111 3321 1181 subscriptum
3366 1111 3665 1166 ferentibus
3710 1111 3829 1167 sine
3865 1113 4121 1168 dilatione

2538 1192 2817 1257 ordinetur
2866 1219 2964 1272 pro
2993 1204 3405 1269 consuetudine,
3429 1212 3496 1288 .ut
3523 1203 3703 1258 lumen
3735 1205 3879 1274 quod
3921 1204 4119 1259 ibidem

2541 1294 2806 1348 hactenus
2839 1303 2986 1349 tanto
3024 1302 3265 1364 tempore
3290 1310 3386 1364 per
3412 1295 3647 1365 episcopi
3679 1296 4120 1364 praedicationem

2541 1387 2759 1452 claruit,
2790 1387 2894 1442 illis
2922 1389 3256 1458 temporibus
3283 1405 3388 1444 non
3426 1390 3726 1444 minoretur
3755 1390 3981 1446 omnino
4003 1400 4123 1457 aut,

2543 1478 2682 1546 quod
2733 1477 2888 1533 nefas
2937 1489 3039 1545 est,
3081 1481 3471 1550 exstinguatur.
3524 1480 3708 1549 Neque
3748 1483 4124 1552 episcoporum

2544 1567 2996 1636 metropolitanus
3034 1569 3101 1624 de
3127 1570 3350 1638 praefato
3385 1571 3677 1625 venerabili
3712 1572 4036 1626 monasterio
4070 1572 4128 1624 in'

2544 1656 2750 1711 cellulis
2781 1655 3024 1724 ejuswem
3073 1659 3348 1723 ecclesiae,
3382 1659 3495 1712 sive
3531 1658 3718 1724 titulis,
3747 1674 3839 1714 seu
3871 1659 4127 1715 oratoriis

2547 1747 2736 1802 ditioni
2767 1747 2935 1817 ipsius
2949 1748 3280 1812 constitutis,
3303 1756 3395 1801 aut
3414 1748 3780 1804 ordinationes
3799 1748 3996 1814 facere,
4013 1750 4127 1804 sive

855 1822 1226 1903 atramentarii
1259 1850 1459 1896 sanctae
1493 1838 1748 1891 Romana:
1775 1830 2047 1894 Ecclesiae,
2078 1843 2220 1883 anno
2252 1822 2435 1880 Domi-
2470 1830 2512 1890 Β
2542 1854 2638 1909 pro
2681 1838 2918 1893 chrisma
2964 1839 3300 1894 conﬁciendo
3343 1839 3527 1894 venire
3554 1848 3716 1908 atque
3763 1840 4113 1909 exquisimw’

855 1940 991 1993 uicae
1035 1931 1424 1989 incarnationis
1447 1928 1571 1992 996,
1606 1923 1897 1980 indictione
1927 1935 2003 1985 ix,
2036 1932 2220 1974 mense
2246 1915 2428 1980 Junio,

854 2031 940 2084 die
971 2045 1032 2082 ll.
1057 2027 1202 2081 Bene
1231 2023 1422 2076 valete.

1602 2106 1690 2162 ιγ.

853 2224 1105 2266 οιιιςυοιιιι
1146 2218 1296 2263 ΡΔΡιΕ
1336 2221 1368 2258 γ
1407 2218 1574 2258 BULLA
1613 2215 1714 2254 PRO
1749 2210 2085 2252 MONASTEBIO
2125 2209 2168 2249 S.
2214 2203 2440 2246 ΙΙΔῘΠΊΝΙ

1494 2285 1807 2327 τυκοΝΕΝςι.

1459 2365 1636 2433 (Anno
1692 2359 1840 2426 996)

1035 2477 1211 2552 [Apud
1262 2473 1484 2536 Mabill.,
1527 2471 1601 2525 De
1652 2485 1705 2522 re
1747 2466 1986 2536 diplom.,
2020 2481 2074 2535 p.
2117 2460 2267 2532 659.]

923 2551 1236 2630 Gnsconws
1259 2568 1562 2636 episcopus,
1591 2575 1784 2616 servus
1819 2573 2096 2614 servorum
2127 2555 2243 2618 Dei,
2272 2551 2444 2607 omni-

855 2670 958 2725 bus
1000 2665 1256 2720 fratribus
1302 2661 1355 2714 in
1402 2655 1733 2712 monasterio
1775 2652 1948 2707 sancti
1980 2647 2198 2704 Martini
2226 2644 2447 2699 viventi-

860 2761 979 2821 bus,
1045 2755 1258 2812 OTTONI
1318 2749 1527 2805 scilicet
1573 2746 1779 2801 decano
1841 2740 2026 2798 eximii
2081 2738 2258 2810 gregis
2301 2733 2445 2790 beati

860 2846 1074 2903 Martini
1117 2841 1330 2914 patroni
1363 2838 1557 2893 nostri.

926 2935 1163 2990 lnnotuit
1196 2933 1331 2986 satis
1360 2928 1601 3000 profecto
1632 2925 1790 2996 digne
1816 2922 2038 2977 auribus
2082 2918 2285 2975 nostris
2313 2932 2447 2988 qua—

855 3028 980 3084 liter
1018 3027 1157 3080 idem
1196 3037 1324 3094 grex
1355 3035 1495 3074 nunc
1523 3031 1692 3086 usque
1715 3015 1943 3084 degerit,
1973 3021 2133 3080 atque
2167 3006 2446 3080 privilegia

858 3129 966 3172 tam
999 3115 1198 3185 regalia
1251 3126 1411 3182 quam
1467 3120 1854 3178 praecesserunt
1905 3111 2213 3158 nostrorum
2265 3098 2444 3153 domui

2545 1942 2725 1998 agere,
2751 1937 2843 1983 aut
2867 1927 3213 1998 distringere,
3253 1929 3334 1982 vel
3379 1929 3444 1982 ad
3473 1943 3530 1983 se
3560 1929 3904 2000 presbyteros
3931 1946 4126 1985 convo-

2545 2033 2690 2082 care,
2728 2034 2826 2073 nec
2858 2018 2996 2073 ullus
3023 2019 3304 2088 episc0pus
3334 2018 3522 2072 altaria
3553 2035 3742 2073 eorum
3773 2019 4123 2075 ecclesiarum

2545 2109 2662 2163 sine
2685 2124 2870 2164 eorum
2902 2109 3126 2164 consilio
3154 2111 3388 2164 vendere
3411 2121 3720 2179 praesumat,
3752 2111 3845 2165 sed
3867 2126 3962 2180 per
3988 2112 4126 2165 hanc

2545 2199 2922 2253 auctoritatem
2965 2199 3229 2270 privilegii
3280 2200 3447 2253 nostri
3479 2193 3761 2268 episcopus
3794 2213 3857 2253 ex
3892 2200 4005 2269 ipso
4034 2215 4126 2252 vc-

2547 2287 2767 2342 nerabili
2815 2290 3144 2344 monasterio
3187 2290 3444 2344 canonice
3489 2304 3675 2344 curam
3725 2290 4046 2360 pastoralem
4073 2301 4125 2344 et

2548 2378 2965 2433 sollicitudinem
2993 2380 3278 2434 ministerii
3301 2382 3382 2435 sui
3408 2380 3460 2434 in
3481 2381 3712 2449 przelatis
3741 2379 4125 2448 adjacentibus.

2549 2470 2630 2524 vel
2657 2469 3067 2538 subjicientibus
3118 2471 3410 2526 nominatis
3435 2471 3831 2526 venerabilibus
3861 2472 3993 2526 locis
4029 2471 4126 2525 ha-

2547 2563 2690 2616 beat.
2727 2562 2792 2616 Et
2829 2578 3163 2631 quaecunque
3191 2563 3524 2617 emendanda
3557 2572 3611 2618 et
3657 2563 3975 2632 corrigenda
4006 2572 4130 2617 sunt

2549 2669 2668 2707 cum
2720 2669 2988 2708 consensu
3039 2655 3253 2710 abbatis
3295 2655 3377 2708 sui
3415 2655 3676 2708 canonica
3715 2656 4055 2709 institutione
4081 2666 4134 2708 et

2547 2743 2841 2797 secundum
2870 2743 3115 2797 ordinem
3145 2752 3338 2796 cuncta
3367 2751 3610 2813 peragat.
3640 2742 3695 2795 Si
3731 2757 3857 2796 vero
3883 2742 4134 2812 quaelibet

2549 2833 2817 2888 discordia
2868 2833 3010 2888 inter
3062 2835 3266 2889 vicinos
3319 2835 3631 2903 episcopos,
3681 2849 3774 2888 seu
3823 2835 4131 2903 episcopum

2549 2921 2852 2990 prmfatum,
2901 2923 3041 2990 quod
3087 2939 3190 2977 non
3253 2932 3525 2990 optamus,
3566 2933 3683 2976 orta
3727 2921 3908 2985 fuerit,
3958 2921 4136 2976 nullus

2551 3013 2747 3064 audeat
2787 3015 2980 3066 abbate
3023 3015 3249 3068 minime
3295 3022 3569 3067 annuente
3616 3015 3813 3082 saepius
3869 3014 4131 3068 nominati

2552 3102 2861 3156 monasterii
2914 3103 3225 3174 episcopum
3277 3104 3601 3173 distringere
3657 3103 3741 3157 vel
3794 3105 3844 3157 in
3894 3103 4136 3173 qualibet

855 3175 1117 3261 Adeodavti
1162 3175 1323 3272 atque
1355 3175 1558 3254 Nicolai
1591 3195 1864 3261 habuerit,
1901 3204 1976 3257 ut,
2011 3191 2243 3260 seposita
2295 3197 2442 3258 pete-
2473 3175 2515 3233 C
2543 3191 2789 3259 judicare
2820 3201 2994 3260 parte.
3025 3192 3176 3259 Quod
3206 3194 3248 3248 si
3277 3193 3442 3248 abbas
3473 3192 3589 3260 ejus
3634 3195 3943 3248 monasterii
3985 3194 4133 3248 nullo

858 3308 998 3354 state
1029 3292 1320 3365 episcopali
1352 3289 1639 3344 Turonica:
1684 3286 1852 3348 urbis,
1899 3281 2160 3351 quidquid
2189 3281 2240 3332 in
2284 3290 2446 3346 supra

860 3391 974 3444 fato
1025 3400 1185 3456 grege
1233 3379 1625 3452 disponendum
1677 3384 1818 3439 erat,
1868 3375 1982 3428 sive
2015 3370 2307 3440 regendum
2357 3375 2450 3420 aut

859 3478 1265 3548 corrigendum,
1313 3474 1481 3526 abbas
1522 3467 1761 3538 ejusdem
1813 3462 2127 3518 monasterii
2184 3475 2304 3513 cum
2353 3471 2450 3512 suo

859 3571 1172 3646 praeposito,
1205 3581 1415 3622 necnon
1459 3562 1667 3616 decano
1697 3557 2015 3623 cmterisque
2054 3549 2451 3622 probatissimis

860 3643 1016 3725 viris,
1039 3659 1138 3714 sub
1168 3673 1261 3713 sua
1282 3654 1514 3710 tenuerit
1544 3651 1765 3706 ditione.
1788 3647 1866 3703 Ob
1888 3648 1988 3700 hoc
2010 3643 2324 3713 pergrandis
2355 3655 2451 3693 nos

861 3750 1183 3820 constringit
1215 3742 1596 3802 sollicitudinis
1630 3729 1759 3794 cura
1807 3750 2032 3807 qumque
2076 3736 2141 3787 ad
2184 3732 2449 3786 stabilita-

861 3853 970 3898 tem
1003 3841 1276 3912 pertinere
1306 3836 1696 3902 diguoscuntur
1740 3829 1980 3881 locorum
2013 3825 2267 3879 ordinare
2297 3821 2447 3875 nubi-

864 3935 1014 3987 lium.
1067 3931 1192 3984 ideo
1228 3925 1519 3980 secundum
1568 3919 1844 3988 antiquam
1877 3915 2318 3970 consuetudinem
2372 3914 2446 3966 ei-

862 4027 981 4080 dem
1022 4017 1314 4075 venerabili
1349 4015 1467 4070 loco
1495 4010 1802 4081 apostolica:
1829 4007 2184 4062 institutionis
2220 4019 2445 4058 censura

861 4110 1175 4169 confirmari
1234 4123 1264 4162 a
1313 4105 1466 4161 nobis
1520 4102 1781 4172 deposcit,
1841 4106 2109 4168 quatenus
2168 4095 2446 4166 privilegia

865 4218 980 4273 quae
1013 4217 1042 4253 a
1083 4193 1568 4270 praedecessoribus
1613 4189 1814 4244 nostris
1869 4195 2070 4241 sanctae
2121 4183 2450 4238 recordatio-

869 4295 968 4357 nis,
999 4292 1199 4346 domno
1225 4287 1433 4342 scilicet
1469 4282 1745 4338 Adeodato
1791 4289 1952 4348 atque
1990 4277 2210 4332 Nicolao
2238 4276 2444 4328 firmata

864 4396 985 4437 esse
1030 4385 1304 4440 constant,
1347 4375 1400 4428 in
1467 4373 1568 4426 isto
1626 4379 1867 4437 tempore
1913 4375 2096 4421 nostra
2155 4362 2444 4436 apostolica

861 4471 1036 4525 cidem
1118 4467 1232 4519 loco
1303 4464 1625 4518 auctoritate
1700 4459 1916 4512 demunt
1974 4455 2440 4511 confirmarentur.

862 4561 1071 4618 Idcirco
1128 4555 1324 4610 vestris
1377 4559 1676 4607 annucntcs
1734 4549 1894 4612 votis,
1947 4545 2290 4616 praelatorum
2351 4542 2444 4596 Pa-

866 4661 1006 4706 trum
1029 4647 1425 4703 institutionum
1457 4643 1673 4697 decreta
1721 4653 1942 4709 prorsus
1969 4634 2277 4705 apostolicis
2307 4629 2446 4686 infu-

862 4743 929 4796 lis
973 4739 1266 4800 sancimus,
1309 4734 1576 4804 simulque
1605 4733 1790 4788 eadem
1831 4729 2151 4784 roboramus
2193 4723 2447 4795 apostoli-

864 4847 984 4885 cam
1049 4827 1322 4898 sequendo
1389 4839 1654 4881 normam.
1731 4822 2069 4890 Quapropter
2130 4817 2448 4872 auctoritate

865 4923 1008 4977 beati
1056 4920 1199 4974 Petri
1246 4917 1612 4989 apostolorum
1643 4913 1904 4984 principis
1936 4911 2073 4974 fulti,
2104 4909 2448 4965 decernimus

864 5014 1115 5069 condicto
1146 5007 1477 5067 monasterio
1519 5015 1701 5062 vestro
1743 5013 2042 5059 statuentes
2080 5015 2304 5072 prorsus
2333 5015 2445 5054 om-

866 5107 954 5163 nia
1015 5121 1132 5176 qua:
1155 5119 1324 5174 usque
1353 5117 1496 5157 nunc
1536 5108 1680 5164 sunt,
1721 5107 1776 5152 et
1819 5106 1878 5152 ut
1917 5097 2079 5152 liceat
2127 5095 2322 5150 ibidem
2354 5093 2447 5146 ha-

863 5202 993 5255 bere
1025 5199 1333 5270 episcopum
1362 5196 1502 5250 sicut
1531 5208 1561 5247 a
1601 5193 1798 5263 priscis
1832 5191 2161 5259 temporibus
2195 5189 2313 5251 fuit,
2351 5202 2449 5257 per

865 5289 1018 5359 cujus
1053 5287 1490 5360 praedicationem
1530 5285 1776 5355 populus,
1809 5283 1900 5354 qui
1952 5298 1982 5336 a
2021 5281 2248 5337 diversis
2277 5278 2451 5349 regio-

867 5385 1026 5439 nibus
1074 5383 1268 5437 devota
1322 5387 1504 5435 mente
1561 5377 1804 5448 quotidie
1848 5377 1914 5431 ad
1974 5384 2156 5430 sancta
2207 5373 2447 5441 ejusdem

866 5472 1198 5529 confessoris
1218 5471 1422 5526 Christi
1465 5467 1780 5524 monasterii
1821 5466 2004 5520 limina
2036 5465 2332 5528 concurrit,
2366 5476 2450 5516 rc-

2553 3281 2710 3334 modo
2737 3281 2968 3334 valuerit
2998 3283 3138 3336 inter
3161 3297 3254 3337 eos
3278 3283 3600 3336 sententiam
3624 3282 3904 3347 delimare,
3931 3283 4136 3338 nostris

2553 3370 2864 3440 apostolicis
2890 3371 3141 3426 eveniant
3165 3371 3440 3426 obtutibus
3468 3371 3754 3426 concordia
3781 3371 4130 3426 reformandi.

2553 3463 2722 3532 Igitur
2753 3462 2949 3531 regalis
2981 3462 3363 3517 munificentiae
3392 3462 3590 3526 edicto,
3623 3462 3891 3531 simulque
3915 3463 4055 3517 votis
4079 3471 4136 3516 et

2554 3551 2805 3622 precibus
2839 3560 2915 3607 tot
2959 3551 3192 3607 fidelium
3223 3553 3510 3606 annuendc
3539 3552 3848 3617 statuimus,
3876 3559 3932 3607 et
3974 3550 4136 3619 hujus

2553 3652 2754 3698 sanctae
2781 3643 3096 3712 apostolica:
3139 3643 3285 3698 Sedis
3314 3643 3529 3698 decreto
3571 3643 3848 3697 firmamus
3881 3651 3961 3708 ut,
3994 3642 4136 3697 sicut

2554 3733 2710 3802 hujus
2739 3734 2991 3804 praecepti
3046 3734 3214 3788 series
3244 3735 3506 3796 continet,
3552 3733 3624 3787 ita
3657 3733 3917 3797 decanus,
3949 3747 4131 3788 sacer-

2552 3823 2705 3878 dotes
2752 3833 2845 3876 aut
2876 3823 3054 3876 clerus
3081 3822 3320 3891 ejusdem
3364 3821 3676 3876 monasterii
3708 3837 3791 3875 res
3821 3836 4007 3876 omnes
4032 3822 4135 3876 sibi

2553 3928 2773 3968 munere
2825 3913 2972 3982 regio
3017 3925 3304 3966 concessas
3335 3927 3455 3966 cum
3506 3911 3868 3965 universitate
3911 3926 4132 3966 suorum

2554 4001 2992 4072 appendiciorum
3039 4009 3300 4070 perpetuo
3329 4000 3637 4070 possideant
3666 4001 4030 4071 integerrime,
4061 4003 4133 4056 ita

2551 4105 2610 4149 ut
2639 4095 2836 4150 nullius
2857 4095 3140 4164 potestatis
3173 4093 3257 4148 vir
3286 4093 3578 4164 quidquam
3617 4093 3811 4147 exinde
3837 4093 3904 4147 de
3948 4107 4139 4148 eorum

2551 4184 2791 4240 dominio
2838 4185 2922 4239 vel
2968 4186 3306 4254 possessione
3354 4194 3646 4255 praesumat
3685 4183 3921 4249 auferre,
3951 4185 4002 4238 in
4031 4200 4138 4254 quo

2553 4276 2936 4330 misericordia:
2959 4291 3068 4330 sua:
3083 4275 3405 4330 beneficium
3433 4275 3577 4344 regia
3594 4273 3829 4342 dignitas
3854 4273 4134 4336 fratribus,

2555 4367 2605 4420 in
2635 4367 2823 4422 eodem
2855 4367 3102 4422 coenobio
3126 4367 3269 4421 heati
3306 4365 3523 4421 Martini
3553 4365 3922 4430 morantibus,
3947 4365 4134 4434 largiri

2554 4457 2835 4526 disposuit.
2873 4457 3182 4512 Statuentes
3228 4455 3522 4526 apostolica
3571 4469 3801 4510 censura
3845 4455 3944 4510 sub
3969 4455 4137 4510 divini

2543 4548 2730 4619 judicii
2749 4547 3194 4613 obtestatione,et
3217 4546 3577 4602 anathematis
3607 4546 4135 4616 inter-positionibus,

2553 4652 2611 4694 ut
2657 4641 2834 4696 nullus
2877 4657 3113 4711 unquam
3153 4650 3462 4697 nostrorum
3507 4654 3880 4695 successorum
3923 4641 4136 4711 pontifi-

2550 4749 2696 4803 cum,
2728 4742 2819 4788 aut
2844 4734 3083 4803 qualibet
3121 4733 3382 4804 dignitate
3431 4731 3692 4800 praeditus
3733 4741 4022 4802 potestate,
4052 4731 4138 4785 vel

2555 4825 2655 4878 alia
2687 4840 3018 4894 quaecunque
3063 4841 3255 4894 magna
3287 4838 3560 4892 parvaque
3587 4836 3815 4894 persona
3845 4832 4137 4892 przesumat

2558 4929 2746 4973 contra
2777 4919 2881 4973 hoc
2925 4927 3171 4972 nostrum
3218 4917 3573 4987 apostolicum
3621 4914 3884 4985 privilegii
3938 4927 4137 4984 pnece-

2556 5020 2704 5081 ptum
2731 5024 2908 5078 agere.
2943 5007 3127 5062 Potius
3153 5015 3330 5060 autem
3365 5005 3733 5060 firmissimum
3761 5012 3923 5075 atque
3944 5003 4138 5059 stabile

2557 5115 2678 5153 eum
2711 5099 2826 5166 ejus
2859 5097 3192 5166 temporibus
3231 5095 3573 5150 decernimus
3599 5094 4044 5165 permanendum.
4081 5092 4134 5146 Si

2558 5189 2680 5258 quis
2706 5197 2885 5242 autem
2919 5187 3156 5256 quolibet
3193 5196 3464 5256 tempore,
3497 5186 3636 5255 quod
3666 5185 3975 5240 nullomodo
4019 5200 4130 5239 cre-

2560 5281 2758 5343 dimus,
2791 5277 2947 5347 hujus
2991 5279 3260 5333 decretum
3291 5276 3554 5348 privilegii
3581 5277 3875 5347 apostolica
3906 5275 4136 5332 auctori-

2562 5381 2670 5424 tate
2701 5368 2968 5424 firmatum
3001 5368 3054 5422 in
3089 5377 3226 5433 toto,
3273 5367 3356 5422 vel
3400 5367 3452 5422 in
3488 5377 3639 5436 parte
3670 5378 3934 5421 temerare
3963 5374 4134 5420 tenta—

2558 5462 2717 5524 verit,
2773 5475 2883 5514 sum
2906 5454 3340 5530 przisumptionis
3368 5458 3526 5529 digna
3556 5459 3933 5511 emendatione
3962 5456 4136 5510 minus
