4486 5544
368 370 506 434 909-

1519 361 1876 425 EPISTOLIE
1914 358 2000 414 ΕΤ
2045 358 2446 414 PRIHLEGIA.

3507 372 3610 424 010

369 492 582 550 diabolo
610 497 665 548 et
695 486 813 558 ejus
847 481 1199 545 atrocissimis
1236 500 1445 558 pompis
1475 493 1678 540 eterna
1705 466 1934 533 incendii
1968 475 2012 531 A
2042 476 2391 530 ecclesiarum
2422 475 2657 532 cultores
2695 481 3059 549 comperiant,
3100 492 3263 555 atque
3296 485 3511 554 fideles,
3551 506 3611 544 cc

368 582 632 653 supplicio
682 581 1015 650 deputatum,
1056 589 1111 632 et
1159 585 1430 646 perpetuae
1472 567 1936 628 condemnationis

370 676 738 732 summissum.
763 673 834 727 At
866 686 992 746 vero
1015 671 1105 738 qui
1145 669 1461 724 observator
1489 674 1545 721 et
1571 672 1754 720 custos
1781 659 1940 728 hujus

371 768 540 824 nostri
587 764 863 837 apostolici
911 761 1174 834 privilegii
1216 759 1502 824 exstiterit,
1547 752 1938 812 benedictionis

370 861 602 934 gratiam
648 860 922 928 vitamque
949 865 1208 912 aeternam
1237 869 1266 907 a
1315 849 1818 908 misericordissimo
1842 847 1943 901 Do-

371 955 518 1010 mino
548 953 658 1008 Deo
705 958 890 1005 nostro
916 947 1170 1016 consequi
1212 957 1500 1001 mereatur.
1912 951 1921 957 '

445 1042 716 1110 Scriptum
740 1054 836 1106 per
857 1053 1048 1092 manus
1069 1037 1212 1092 Petri
1235 1036 1429 1090 notarii
1451 1045 1505 1090 et
1529 1029 1795 1088 scriniarii
1823 1043 1948 1085 san-

370 1144 474 1189 cta:
509 1133 766 1188 Romana:
792 1129 1065 1194 Ecclesiae,
1099 1129 1153 1184 in
1184 1142 1369 1184 mense
1393 1124 1695 1197 Septembri
1723 1133 1778 1179 et
1806 1121 1947 1176 indi-

371 1223 555 1278 ctione
583 1219 812 1276 decima.

445 1311 636 1366 Datum
666 1325 724 1365 Ill
777 1308 895 1364 Kal.
926 1308 1175 1366 Octobris
1216 1322 1314 1377 per
1350 1320 1542 1363 manus
1582 1303 1803 1360 Joannis
1844 1318 1954 1371 epi-

375 1401 522 1472 scopi
551 1411 606 1456 et
625 1400 1017 1456 bibliothecarii
1056 1409 1255 1455 sancta
1287 1398 1430 1455 sedis
1460 1395 1786 1467 apostolica,
1811 1407 1951 1446 anno

375 1491 540 1547 donni
588 1490 835 1561 Gregorii
866 1489 932 1555 V,
983 1504 1132 1560 papa:
1165 1489 1359 1559 primo,
1411 1488 1709 1556 imperante
1755 1484 1953 1538 domno

377 1582 539 1637 tertio
567 1580 796 1644 Ottone,
844 1595 872 1634 a
900 1581 1011 1636 Deo
1038 1589 1322 1640 coronato.
1364 1591 1558 1649 magno
1603 1577 1952 1643 imperatore,

375 1686 518 1727 anno
538 1671 731 1742 primo.
1134 1739 1178 1793 γ

623 1845 888 1886 εεριεδιε
927 1845 976 1884 5.
1015 1844 1262 1886 PROSPERI
1301 1841 1682 1885 CONSECRATIO.

376 1919 420 1975 Α
471 1920 721 1991 Gregorio
756 1920 796 1972 V
839 1937 976 1974 anno
1023 1918 1124 1991 997
1169 1919 1334 1991 facta,
1382 1919 1541 1991 cujus
1587 1916 1954 1991 muniﬁcentia:

448 1986 777 2044 monumento
807 1990 1029 2059 appositi
1069 1997 1190 2044 sunt
1220 1989 1406 2054 parieti
1437 1986 1663 2040 ecclesiae
1690 1996 1954 2053 sequentes

447 2077 640 2113 versus.

476 2149 652 2221 [Apud
677 2144 907 2218 Ughelli,
936 2147 1096 2202 Italia
1123 2164 1294 2211 sacra,
1323 2157 1453 2202 tom.
1473 2144 1538 2209 ll,
1567 2160 1686 2214 pag.
1711 2141 1862 2211 270.]

380 2239 560 2294 Teuzo
590 2249 909 2307 praesentem
939 2238 1185 2292 fundavit
1211 2238 1496 2307 episcopus
1522 2235 1714 2296 aedem,

449 2329 530 2383 Ad
558 2331 721 2383 decus
751 2337 805 2383 et
835 2328 1009 2382 sancti
1042 2327 1273 2382 instituit
1299 2325 1570 2393 Prosperi.

377 2417 545 2488 Cujus
576 2421 642 2474 ad
673 2421 815 2474 hanc
841 2433 1056 2489 semper
1082 2417 1388 2473 veneranda
1421 2413 1694 2470 transtulit
1723 2427 1866 2476 ossa,

449 2508 584 2564 Cum
612 2524 745 2579 papa
777 2508 965 2577 quinto
996 2507 1213 2562 nomine
1241 2506 1525 2576 Gregorio,

380 2599 542 2654 Forte
570 2587 912 2654 Ticinensem
943 2598 1032 2668 qui
1070 2607 1195 2652 tunc
1222 2599 1479 2667 pergebat
1505 2595 1570 2649 ad
1603 2594 1812 2656 urbem,

451 2691 677 2745 Concilii
710 2690 847 2744 sacri
881 2704 1098 2743 causam
1129 2689 1413 2743 habiturus
1444 2687 1537 2741 ibi.

385 2781 812 2837 Pontiﬁceni.....
845 2781 1118 2850 multaque
1147 2780 1300 2834 turba
1330 2788 1535 2840 secuta,

455 2869 706 2938 Suscepit
731 2869 910 2923 Teuzo
939 2883 1075 2938 quos
1104 2877 1256 2937 pater
1286 2867 1554 2936 hospitio;

385 2959 623 3015 Venerat
652 2959 877 3012 antistes
902 2958 1088 3027 junior
1115 2969 1170 3013 et
1201 2959 1314 3026 ipse
1340 2955 1578 3011 Joannes

456 3046 596 3102 Sede
626 3046 918 3099 Ravennali
948 3046 1136 3101 dexter
1166 3046 1412 3100 abiturus
1441 3045 1536 3099 ibi.

384 3138 518 3193 Cum
549 3138 744 3208 quibus
773 3152 802 3190 a
831 3136 977 3190 dicto
1006 3137 1180 3207 primo
1207 3135 1457 3190 Teuzone
1485 3144 1720 3204 rogatus,

457 3228 568 3284 Hoc
597 3242 695 3296 per
720 3243 777 3283 se
808 3228 1065 3298 templum
1099 3228 1331 3283 reddidit
1362 3227 1474 3297 ipse
1504 3241 1736 3281 sacrum.

385 3317 487 3375 Tot
515 3318 671 3374 simul
703 3333 766 3373 ac
797 3318 962 3372 tantis
990 3318 1179 3373 domus
1209 3326 1416 3372 sacrata
1446 3318 1707 3387 patronis,

457 3410 666 3480 Corpus
695 3419 777 3465 est
805 3410 1040 3480 positum
1070 3409 1180 3475 hic,
1211 3409 1441 3477 Prosper
1471 3409 1634 3472 alme,
1667 3417 1836 3462 tuum.

385 3500 521 3558 Cum
552 3516 659 3570 quo
687 3500 903 3556 Venerii
935 3499 1092 3554 simul
1119 3515 1239 3555 ossa
1273 3499 1442 3553 levata
1475 3497 1636 3560 beati,

459 3589 628 3660 Hujus
656 3591 710 3645 in
737 3589 982 3645 ecclesia:
1012 3591 1225 3645 condita
1253 3599 1379 3644 sunt
1406 3589 1597 3642 latere.

386 3681 530 3736 Sunt
557 3681 689 3746 hzec,
722 3681 883 3735 dante
912 3680 1038 3741 Deo,
1072 3678 1199 3734 dum
1228 3678 1420 3733 tertius
1450 3678 1679 3747 imperat
1705 3677 1867 3741 Ollio,

461 3774 635 3843 Atque
663 3771 1026 3826 Kalendarum
1055 3769 1196 3825 facta
1227 3784 1363 3824 nova
1395 3767 1519 3840 [leg.
1551 3767 1715 3838 nono]
1747 3767 1963 3823 Februi.

387 3973 641 4015 GREGORII
681 3971 827 4013 ΡΑΡᾸΞ
862 3971 894 4008 ν
929 3967 1269 4009 νηιηιεοιυκ
1325 3967 1424 4007 PRO
1470 3965 1718 4009 ECCLESIA
1767 3967 1963 4005 RAVEN-

1093 4040 1253 4079 ΝΑΤΕ.

1029 4115 1182 4168 Anno
1210 4114 1332 4169 997.

1029 4115 1182 4168 Anno
1210 4115 1242 4168 9
1282 4115 1332 4166 7.

389 4209 755 4282 [Coquelines,
785 4115 1278 4274 Bullar.(privileg?
1316 4115 1475 4274 a)mpl.
1503 4204 1716 4258 Collect.
1741 4203 1782 4267 Ι,
1817 4202 1968 4274 292.]

462 4301 774 4358 GRBGORIUS
797 4301 1097 4370 episcopus,
1125 4313 1313 4353 servus
1343 4311 1623 4352 servorum
1655 4295 1785 4359 Dei,
1821 4310 1971 4349 reve-

393 4393 724 4450 rendissimo
769 4401 824 4446 et
869 4388 1210 4444 sanctissimo
1258 4385 1515 4441 confratri
1555 4394 1743 4441 nostro
1779 4384 1969 4440 JOANNI

2039 566 2182 636 quod
2202 564 2436 624 Joannes
2459 569 2892 641 archiepiscopus
2916 573 3153 643 ejusdem
3185 589 3381 635 sancta:
3409 581 3614 636 Raven-

2044 657 2183 712 natis
2214 658 2454 714 ecclesia:
2487 662 2756 732 suggessit
2799 665 3105 733 apostolica:
3134 667 3363 724 altnitati
3395 681 3614 737 nostrae,

2043 758 2306 817 quatenus
2331 749 2773 808 conﬁrmaremus
2800 755 2847 809 ei
2871 765 3154 830 praecepta,
3181 777 3300 831 quae
3325 771 3449 818 sunt
3471 764 3614 821 edita

2047 839 2096 893 in
2128 840 2351 910 praedita
2383 851 2564 896 sancta
2597 841 2892 900 Ravennati
2920 848 3144 904 ecclesia
3164 891 3178 916 ,
3212 860 3266 906 et
3292 853 3339 908 ei
3372 855 3440 908 ab
3469 864 3619 911 ante-

2047 933 2353 988 cessoribus
2381 936 2580 989 nostris
2610 936 2968 1005 pontiﬁcibus,
2997 942 3108 996 suis
3134 945 3622 1012 praedecessoribus

2049 1021 2295 1094 largitata
2326 1033 2482 1091 sunt,
2519 1033 2679 1095 atque
2706 1043 2983 1086 concessa.
3037 1032 3200 1102 Cujus
3238 1038 3508 1107 precibus,
3544 1042 3622 1097 di-

2051 1116 2172 1170 vino
2199 1132 2404 1182 amore,
2436 1119 2690 1189 beatique
2740 1122 3066 1192 Apollinaris
3097 1131 3371 1198 pontiﬁcis
3399 1143 3452 1189 et
3479 1150 3624 1189 mar-

2053 1205 2185 1276 tyris
2211 1205 2412 1262 Christi
2443 1211 2711 1274 succensi,
2749 1215 3034 1272 amabilius
3066 1217 3305 1274 inclinati
3335 1223 3625 1278 conﬁrma-

2053 1310 2172 1351 mus
2202 1296 2282 1361 ei,
2321 1312 2385 1352 ac
2412 1297 2714 1356 stabilimus
2743 1302 2795 1356 in
2827 1314 3141 1374 perpetuum
3161 1349 3175 1373 ,
3214 1310 3416 1381 absque
3447 1313 3624 1384 aliqua

2054 1386 2443 1453 diminutione,
2516 1393 2807 1448 secundum
2877 1397 3107 1465 priscam
3184 1405 3625 1460 consuetudinem

2055 1477 2327 1544 praedictae
2368 1491 2569 1535 sancta:
2615 1482 2944 1541 Ravennatis
2978 1490 3240 1546 ecclesiae.
3290 1492 3629 1567 Quapropter

2057 1567 2441 1627 conﬁrmamus
2471 1573 2582 1641 jam
2624 1576 2718 1630 tibi
2753 1575 2943 1634 Joanni
2975 1584 3383 1655 archiepiscopo
3412 1588 3626 1644 Raven-

2061 1659 2191 1723 nati,
2227 1669 2282 1714 et
2316 1676 2414 1730 per
2448 1671 2499 1717 te
2529 1664 2579 1718 in
2605 1666 2916 1734 praedictam
2946 1672 3228 1727 ecclesiam
3261 1675 3626 1734 Ravennatem

2065 1748 2170 1803 tuis
2196 1752 2600 1808 successoribus
2639 1756 2691 1809 in
2729 1768 3085 1828 perpetuum;
3133 1764 3314 1833 itaque
3343 1771 3631 1822 conﬁrma-

2060 1853 2177 1894 mus
2205 1849 2367 1910 atque
2405 1845 2818 1903 corroboramus
2856 1854 3243 1910 monasterium
3281 1859 3332 1912 in
3371 1860 3628 1916 honorem

2057 1929 2198 1984 beati
2231 1929 2417 1986 Hilarii
2453 1944 2821 1992 constructum
2855 1941 2905 1994 in
2935 1944 3209 2001 territorio
3238 1950 3379 2017 quod
3411 1964 3633 2006 vocatur

2055 2018 2297 2075 Galicata
2328 2038 2448 2077 cum
2479 2027 2642 2080 certis
2671 2028 2914 2086 allinibus
2941 2034 3053 2088 suis
3083 2037 3276 2103 situm,
3319 2055 3440 2094 cum
3475 2044 3633 2097 rebus

2059 2109 2302 2165 videlicet
2330 2114 2601 2181 omnibus,
2637 2125 2691 2169 et
2717 2120 2968 2174 omnibus
2998 2125 3110 2178 suis
3146 2125 3382 2193 juribus,
3411 2141 3463 2183 et
3507 2147 3628 2184 cum

2056 2199 2200 2252 omni
2227 2199 2471 2269 judiciali
2526 2212 2792 2272 potestate
2817 2223 2937 2277 quae
2967 2221 3049 2265 est
3076 2215 3377 2271 exhibenda
3412 2218 3464 2271 in
3493 2233 3630 2289 pra:-

2056 2289 2243 2359 scripti
2281 2294 2540 2347 territorii
2578 2295 2803 2362 incolis,
2853 2301 3139 2369 videlicet,
3191 2305 3258 2360 ab
3307 2323 3414 2363 uno
3463 2309 3634 2365 latere

2058 2382 2298 2449 praedicti
2339 2386 2596 2441 territorii
2628 2387 2903 2455 Gollicati,
2945 2393 3118 2449 Massa
3151 2396 3373 2464 Balneo,
3404 2417 3523 2471 quae
3549 2413 3633 2458 est

2052 2471 2190 2538 juris
2219 2475 2393 2529 sancti
2440 2476 2586 2532 Petri
2614 2519 2628 2542 ,
2680 2492 2733 2535 et
2785 2485 3072 2542 comitatus
3104 2488 3400 2558 Bobiensis,
3431 2495 3496 2548 ab
3529 2497 3634 2551 alio

2059 2559 2225 2616 latere
2251 2563 2377 2632 juga
2403 2565 2618 2634 Alpium
2651 2569 2774 2624 linis
2808 2571 3047 2641 Tuscize,
3091 2593 3118 2631 a
3153 2581 3314 2635 tertio
3345 2582 3510 2637 latere
3541 2601 3632 2639 eo-

2061 2651 2283 2742 mitatus
2311 2653 2681 2724 Populiensis,
2724 2672 2888 2732 atque
2929 2681 2959 2719 a
3000 2679 3192 2737 quarto
3223 2672 3391 2728 latere
3421 2675 3633 2742 Fagen-

2063 2739 2187 2834 tella
2218 2756 2566 2811 percurrente
2596 2757 2649 2804 et
2675 2749 2836 2806 ﬂuvio
2868 2753 3094 2825 Rap.....
3141 2771 3408 2829 quatenus
3440 2739 3636 2834 tuipse

2059 2828 2294 2888 Joannes
2315 2837 2751 2909 archiepiscopus
2783 2845 2967 2914 tuique
2995 2828 3336 2908 successores
3371 2855 3418 2906 in
3450 2828 3644 2924 per-pc-

2065 2928 2213 2974 tuum
2266 2924 2514 2981 habeatis
2566 2938 3004 2996 potestatem.....
3059 2938 3198 2992 idem
3255 2945 3638 2997 monasterium

2063 3011 2234 3065 sancti
2266 3011 2570 3068 Hilarii.....
2596 3031 2716 3072 cum
2746 3023 3042 3090 supradicti
3073 3029 3327 3082 territorii
3349 3040 3641 3098 potestate.

1988 3145 2036 3207 Ο
2067 3108 2122 3152 et
2147 3100 2359 3207 publica
2383 3101 2671 3207 [iunctione-
2695 3147 2709 3172 ,
2757 3120 2916 3177 prout
2942 3114 3093 3170 vobis
3122 3117 3312 3173 melius
3344 3122 3638 3177 secundum

2067 3191 2321 3260 quod.....
2380 3193 2672 3252 Ordinandi
2718 3209 2772 3254 et
2815 3201 3165 3272 disponendi,
3209 3221 3393 3266 nostra
3425 3220 3638 3268 nostro-

2069 3294 2294 3349 rumque
2315 3284 2552 3339 omnium
2576 3301 2946 3345 successorum
2971 3304 3174 3351 remota
3195 3303 3642 3359 contradictione.

2068 3367 2291 3440 Insuper
2324 3375 2487 3428 etiam
2525 3380 2877 3437 concedimus
2914 3393 3078 3454 atque
3116 3391 3538 3462 confirmamus,
3590 3408 3644 3451 et

2067 3462 2483 3519 corroboramus
2513 3467 2628 3533 tibi,
2654 3477 2708 3522 et
2735 3485 2830 3538 per
2860 3483 2910 3528 te
2941 3474 2992 3528 in
3017 3478 3327 3546 praedictam
3355 3483 3641 3540 Ravenna-

2070 3562 2292 3650 tensem-
2315 3557 2598 3615 ecclesiam
2620 3601 2632 3625 ,
2680 3565 2888 3634 tuisque
2923 3574 3323 3630 successoribus
3361 3578 3412 3631 in
3450 3594 3644 3650 perpe-

2070 3651 2240 3741 tuum,
2274 3645 2524 3714 Massam,
2549 3666 2668 3720 qua:
2695 3665 2920 3711 vocatur
2949 3658 3200 3729 Fiscalia,
3231 3680 3351 3720 cum
3381 3645 3525 3724 omni
3547 3645 3641 3741 ju-

2067 3732 2247 3788 diciali
2299 3746 2563 3804 potestate
2592 3750 2646 3794 et
2673 3745 2884 3812 publica
2917 3747 3211 3819 iunctione,
3249 3765 3301 3809 et.
3328 3773 3449 3812 curn
3482 3732 3648 3815 certis

2069 3823 2316 3881 amnibus
2343 3829 2474 3904 suis,
2501 3831 2567 3886 ab
2598 3847 2704 3888 uno
2732 3836 2941 3892 scilicet
2971 3839 3140 3897 latere
3161 3845 3442 3905 Ariell.....
3469 3860 3644 3908 trans-

2068 3931 2246 3983 verso,
2294 3935 2414 3990 qua:
2458 3932 2832 3988 vocatur.....;
2882 3931 2950 3985 ab
2991 3931 3096 3988 alio
3134 3934 3301 3990 latere
3338 3938 3641 3997 Deonorum

2070 4018 2474 4076 percurrentem
2507 4013 2558 4066 in
2585 4012 2824 4082 Padum;
2860 4033 2889 4073 a
2921 4023 3080 4078 tertio
3107 4023 3274 4081 latere
3297 4026 3497 4083 Padum
3526 4046 3646 4101 per-

2069 4108 2379 4154 currentem
2419 4117 2588 4172 usque
2623 4105 2690 4160 ad
2725 4106 3005 4165 dimidium
3047 4113 3194 4169 fundi
3223 4157 3238 4182 ,
3284 4120 3374 4188 qui
3420 4131 3647 4177 vocatur

2070 4189 2279 4256 Latus,
2342 4200 2505 4262 atque
2555 4209 2585 4248 a
2639 4207 2834 4267 quarto
2889 4200 3173 4263 latere.....
3241 4222 3644 4278 percurrentem

2072 4297 2242 4351 usque
2275 4283 2342 4338 ad
2371 4283 2594 4341 fundum
2639 4290 2730 4358 qui
2769 4303 2994 4349 vocatur
3035 4297 3388 4370 Ustuladum;
3447 4308 3647 4361 contir-

2074 4387 2287 4429 mamus
2333 4391 2546 4446 quoque
2591 4394 2807 4436 omnem
2846 4384 3188 4454 judiciariam
3240 4403 3557 4461 potestatem
3596 4398 3648 4452 in

391 4483 802 4553 archiepiscopo
839 4490 1040 4535 sane”,
1079 4478 1409 4534 Ravennam
1443 4476 1727 4538 Ecclesiae,
1777 4485 1829 4530 ει
1873 4491 2047 4556 ρει-Β
2075 4462 2191 4520 loco
2219 4475 2274 4520 et
2319 4466 2498 4535 plebe,
2528 4484 2648 4538 quae
2705 4483 2929 4529 vocatur
2982 4493 3148 4534 cornu
3201 4484 3477 4540 cervinum
3525 4503 3648 4542 cum

390 4575 638 4631 eamdem
676 4582 917 4628 sanctam
950 4571 1314 4626 Ravennatem
1357 4567 1652 4624 Eeclesiam
1690 4566 1807 4637 ejus
1843 4582 1967 4623 suc-

391 4669 699 4726 cessoribus
727 4663 1149 4734 archiepiscopis
1177 4664 1229 4717 in
1257 4671 1593 4733 perpetuum.

463 4759 730 4826 Quoniam
752 4756 990 4810 omnium
1017 4762 1328 4808 sanctorum
1356 4753 1448 4808 Dei
1477 4752 1970 4808 ecclesiasticarum

392 4859 568 4906 status
600 4865 628 4903 a
661 4849 941 4903 beatorum
990 4845 1357 4916 apostolorum
1403 4845 1663 4914 principis
1705 4845 1850 4900 Petri
1881 4848 1977 4900 do-

393 4941 583 4996 ctrinis
621 4937 959 5009 provehitur,
999 4945 1054 4992 et
1097 4936 1166 4991 ad
1207 4935 1323 5004 ejus
1361 4935 1612 4990 fulcimen
1644 4936 1826 5006 lapsae,
1858 4951 1976 5005 quae

395 5040 550 5097 sunt,
596 5029 973 5094 resolidantur,
1010 5035 1222 5097 oportet
1259 5027 1456 5081 merito
1482 5037 1728 5084 sanctam
1760 5029 1969 5084 Raven-

395 5132 573 5180 natem
623 5121 904 5178 ecclesiam
945 5117 1357 5174 minorationem
1401 5131 1508 5170 suae
1549 5117 1852 5175 diteceseos
1894 5118 1965 5173 fa-

393 5219 650 5284 cientem,
672 5231 890 5271 suarum
916 5215 1232 5284 dignitatum
1261 5214 1410 5283 copia
1437 5226 1741 5280 carentem,
1769 5217 1839 5271 ita
1868 5216 1974 5271 cito

394 5311 637 5374 restitui,
681 5317 734 5360 ut
777 5320 968 5360 nomen
1007 5308 1166 5361 etiam
1201 5304 1547 5375 metrOpolcos
1597 5325 1702 5364 non
1737 5311 1972 5364 amittat.

393 5400 787 5431 Pnnnnnnnnlnc
817 5397 978 5431 ἶηῖιηιι
1007 5398 1171 5431 :ncnm
1193 5395 1490 5431 innrnnilulc
1513 5408 1798 5431 ΛδροηΙη-νι
1851 5416 1976 5431 Λλκ-

2071 4559 2237 4615 certis
2265 4559 2512 4618 amnibus
2537 4565 2670 4629 suis,
2704 4566 2834 4632 tibi,
2863 4578 2917 4624 et
2943 4587 3039 4641 per
3080 4582 3128 4630 te
3159 4575 3211 4630 in
3242 4580 3482 4635 eamdem
3532 4596 3656 4637 san-

2070 4658 2216 4706 ctam
2246 4651 2613 4710 Ravennatem
2655 4657 2940 4715 ecclesiam
2988 4664 3095 4719 tuis
3143 4671 3550 4728 successoribus
3599 4676 3653 4731 in

2071 4751 2408 4814 perpetuum.
2436 4744 2658 4818 insuper
2706 4751 3088 4812 confirmamus
3139 4769 3194 4816 et
3242 4764 3657 4823 corroboramus

2074 4835 2170 4890 tibi
2245 4834 2438 4893 Joanni
2490 4841 2899 4914 archiepiscopo
2945 4854 3277 4907 monasteria
3332 4853 3436 4907 duo
3489 4859 3659 4924 posita

2074 4927 2210 4982 intra
2251 4930 2525 4987 civitatem
2573 4931 2994 5005 Ariminensem,
3047 4957 3221 5000 unum
3280 4943 3557 4999 fundatum
3610 4948 3664 5000 in

2074 5020 2335 5078 honorem
2378 5025 2547 5079 sancti
2580 5025 2803 5083 Tbomte
2829 5033 3083 5100 apostoli,
3111 5040 3356 5096 alterum
3404 5032 3460 5085 in
3508 5036 3676 5090 hono-

2075 5128 2190 5169 rem
2219 5125 2420 5171 sancta:
2447 5116 2756 5187 Euphemite
2785 5123 3063 5194 martyris,
3088 5141 3244 5192 cum
3282 5121 3426 5179 omni
3469 5123 3687 5191 integri-

2079 5213 2188 5262 tate
2250 5221 2434 5262 eorum
2491 5217 2600 5262 tam
2657 5211 2795 5266 intra
2856 5215 3112 5269 eamdem
3205 5216 3504 5284 civitatem»
3541 5224 3696 5276 quam

2081 5309 2354 5354 extra.....
2419 5315 2540 5370 quae
2589 5302 2780 5359 eadem
2828 5312 3233 5381 monasteri;1
3289 5313 3386 5377 ver
3431 5293 3720 5381 donationis

2084 5392 2332 5431 ne“);an
2365 5402 2543 5431 voci-ua
2575 5394 2806 5431 Aoniae-in
2843 5404 3032 5431 lnnnru
3064 5401 3135 5431 νε
3201 5419 3232 5431 ι

3280 5407 3392 5431 μιν-
3408 5418 3480 5431 ....
3513 5380 3733 5431 eiusdem
