4486 5544
880 441 975 495 9η

2183 434 2504 491 GREGORII
2545 436 2582 487 V
2625 435 2822 493 PAPIE

4025 442 4135 496 912

878 563 1051 621 tuum,
1078 572 1177 611 nec
1204 572 1306 610 non
1338 572 1526 611 omnes
1557 557 1852 611 residentes
1890 566 1947 611 et
1977 557 2194 612 colonos
2220 558 2457 626 praefatae
2484 557 2533 615 Α
2561 536 2790 611 incendii
2837 556 3098 627 supplicio
3149 557 3218 612 sit
3259 557 3565 628 deputatus.
3615 558 3835 627 Insuper
3883 558 4021 613 sciat
4066 574 4127 614 se

875 646 1209 701 Ravennatis
1261 645 1529 710 ecclesiae,
1597 658 1706 699 tam
1754 645 1809 699 in
1864 646 2120 701 comitatu
2171 645 2452 703 Hadriensi

869 749 1037 804 quam
1083 736 1137 788 in
1172 733 1519 789 Ferrariense
1546 741 1601 787 et
1630 732 1977 789 Comaclense
2031 744 2450 801 commorantes,

872 835 929 879 ut
962 817 1231 881 immunes
1279 840 1310 878 a
1343 823 1490 880 bulla
1537 823 1773 894 publica,
1822 832 1878 878 et
1926 826 2148 895 angaria
2198 836 2453 880 maneant

866 919 1181 985 iunctione;
1234 912 1328 975 sed
1364 918 1569 990 jugiter
1621 918 1739 985 tibi,
1787 919 2002 988 tuisque
2047 922 2451 977 successoribus

868 1000 1351 1079 archiprzsulibus
1372 1010 1424 1064 in
1447 1018 1766 1079 perpetuum
1787 1024 2001 1065 omnem
2041 1010 2370 1068 {unctionem
2397 1024 2451 1069 et

872 1099 1151 1170 angariam
1177 1098 1413 1168 exigant,
1437 1107 1490 1153 et
1520 1099 1661 1167 quod
1689 1099 1768 1154 eis
1808 1100 1877 1154 ab
1930 1101 2206 1156 actoribus
2249 1111 2451 1158 sanctte

869 1187 1201 1243 Ravennatis
1228 1188 1473 1243 ecclesia:
1514 1187 1678 1242 fuerit
1715 1186 2029 1255 injunetum,
2057 1205 2242 1245 verum
2286 1192 2448 1247 etiam

871 1277 1219 1333 concedimus
1261 1286 1315 1331 et
1355 1276 1738 1332 conﬁrmamus
1763 1278 1979 1334 vobis...
2011 1288 2197 1347 gentes
2223 1291 2278 1335 et
2301 1297 2449 1336 com-

871 1364 1145 1423 morantes
1171 1368 1225 1422 in
1256 1375 1549 1423 castro.....
1583 1376 1643 1422 ut
1678 1368 1878 1423 nullam
1908 1369 2175 1439 publicam
2215 1370 2449 1426 functio-

871 1477 994 1516 nem
1033 1459 1197 1516 faciat
1218 1470 1444 1530 excepto
1468 1460 1650 1525 vobis,
1674 1461 1976 1528 vestrisque
2022 1462 2443 1527 successoribus,

870 1566 934 1606 ea
969 1550 1216 1607 videlicet
1252 1552 1459 1605 ratione
1484 1550 1722 1620 praeﬁxa,
1749 1560 1805 1604 ut
1847 1551 2025 1605 nullus
2065 1551 2194 1619 dux,
2241 1567 2442 1617 comes,

869 1641 1196 1704 vicecomes,
1238 1638 1589 1694 castaldo.....
1625 1653 1816 1706 magna
1877 1653 2148 1709 parvaque
2212 1655 2443 1708 persona

866 1733 1104 1803 praefatis
1154 1732 1380 1799 colonis,
1414 1740 1468 1788 et
1515 1732 1875 1787 residentibus
1903 1731 2136 1801 aliquam
2172 1732 2444 1802 publicam‘

865 1822 1199 1878 functionem
1220 1830 1313 1876 aut
1341 1820 1684 1891 angariam...
1711 1828 1803 1873 aut
1842 1821 2080 1889 exigant.
2128 1819 2233 1874 Sed
2263 1820 2439 1876 securi

2558 646 2977 716 compositurum
2994 647 3111 702 auri
3134 648 3305 702 obrizi
3327 648 3421 703 lib.
3448 662 3556 702 xxx
3581 656 3781 703 sanctze
3801 646 4126 703 Ravennata:

2555 738 2815 794 ecclesiae.
2867 739 2937 795 At
2987 753 3139 805 vero,
3168 740 3259 810 qui
3305 740 3396 809 pio
3457 739 3652 794 intuitu
3709 739 4020 795 observator
4070 740 4127 795 in

2553 832 2803 887 omnibus
2831 833 3122 897 exstiterit,
3146 833 3457 888 custodiens
3483 831 3639 902 hujus
3660 831 3832 887 nostri
3859 830 4126 902 privilegii

2552 924 2866 989 constituta,
2894 924 2961 979 ad
3001 923 3201 980 cultum
3234 924 3327 979 Dei
3378 923 3693 993 respiciens,
3740 922 4125 977 benedictionis

2552 1016 2780 1086 gratiam
2820 1016 3325 1071 misericordissima
3356 1015 3583 1069 Domino
3613 1015 3722 1070 Deo
3764 1022 3948 1069 nostro
3983 1014 4124 1068 mul-

2513 1095 2805 1175 ‘tipliciter
2833 1115 2887 1160 et
2917 1106 3038 1160 vitae
3065 1109 3278 1161 aeterna:
3298 1106 3566 1176 particeps
3596 1104 3708 1158 ﬁeri
3739 1113 4041 1169 mereatur,
4067 1115 4123 1158 et

2551 1212 2671 1253 cum
2707 1196 2907 1253 sanctis
2934 1197 3182 1251 omnibus
3208 1197 3441 1252 sociatus
3470 1203 3800 1264 permaneat.

2621 1287 2891 1358 Scriptum
2929 1302 3026 1357 per
3048 1302 3263 1341 manum
3307 1286 3450 1341 Petri
3502 1285 3782 1356 regionarii
3827 1285 4038 1348 notarii,
4069 1295 4125 1339 et

2548 1378 2811 1433 scriniarii
2838 1388 3036 1433 sancta:
3058 1378 3311 1433 Romanae
3332 1377 3604 1442 Ecclesiae,
3630 1378 3682 1431 in
3712 1392 3893 1433 mense
3919 1376 4119 1432 Janua—

2548 1468 2629 1521 rio
2660 1476 2712 1520 ct
2746 1467 2799 1520 in
2826 1466 3113 1520 indictione
3143 1483 3175 1519 x
3205 1467 3308 1535 (ὅ).
3343 1466 3485 1521 Bene
3509 1465 3703 1520 valete.

2618 1556 2809 1609 Datum
2851 1570 2882 1606 v
2926 1554 3151 1609 Kalend.
3196 1554 3475 1609 Februarii
3520 1567 3618 1623 per
3669 1568 3863 1607 manus
3902 1547 4126 1607 Joannis

2545 1646 2779 1716 episcopi
2819 1645 2989 1699 sancti
3016 1644 3335 1699 Albanensis
3366 1643 3696 1706 ecclesiae,et
3721 1642 4118 1697 bibliothecarii

2543 1745 2743 1791 sancta:
2800 1733 3101 1805 apostolica:
3143 1734 3316 1797 sedis,
3368 1747 3510 1787 anno
3542 1731 3885 1803 pontiﬁcatus
3938 1729 4123 1787 domui

2544 1822 2785 1893 Gregorii
2832 1837 2984 1893 papae
3037 1822 3227 1892 primo,
3268 1821 3477 1891 imperii
3533 1830 3708 1875 autem
3756 1819 3935 1874 domni
3978 1820 4121 1873 tertii

869 1926 927 1969 et
946 1916 1113 1984 quieti
1143 1916 1196 1969 in
1214 1890 1464 1969 omnibus
1489 1913 1589 1968 sub
1617 1920 1794 1967 vestra
1820 1912 2044 1966 tuitione
2075 1922 2129 1966 et
2155 1920 2440 1981 potestate,
2474 1890 2519 1949 Β
2548 1890 2760 1969 Ottonis
2786 1890 3123 1982 imperatoris
3151 1890 3383 1983 augusti,
3416 1925 3558 1965 anno
3606 1911 3780 1981 primo
3824 1908 3878 1962 in
3936 1923 4121 1962 mense

869 2016 930 2061 ut
954 2006 1270 2076 praedictum
1295 2013 1398 2070 est,
1434 2004 1690 2059 existant.
1714 2002 1883 2057 Simul
1905 2004 2066 2057 etiam
2096 2004 2366 2057 sancimus
2386 2010 2445 2056 ut

869 2105 1053 2150 sancta
1073 2095 1361 2150 Ravennas
1380 2094 1608 2150 ecclesia
1624 2108 1745 2148 cum
1775 2093 1887 2147 suis
1903 2092 2158 2161 subjectis
2176 2092 2439 2157 ecclesiis,

861 2190 1003 2245 sicut
1022 2189 1328 2244 beatissima
1351 2188 1614 2253 Romana,
1630 2188 1713 2242 cui
1731 2186 1840 2241 Deo
1856 2194 2075 2240 auctore
2087 2185 2439 2247 deservimus,

867 2278 1126 2343 Ecclesia,
1143 2277 1245 2333 nisi
1262 2292 1357 2347 per
1371 2286 1585 2332 centum
1606 2274 1871 2329 curricula
1891 2288 2153 2327 annorum
2171 2288 2255 2325 res
2273 2271 2441 2340 ipsius

859 2372 1215 2427 excludantur
1247 2368 1570 2423 nullatenus.
1594 2366 1856 2419 Praeterea
1879 2378 1909 2417 a
1941 2362 2161 2417 ﬂumine
2188 2360 2441 2416 Punctari

859 2476 980 2516 cmn
1014 2459 1214 2513 Palude
1247 2458 1496 2528 Argentue
1528 2466 1583 2510 et
1619 2454 1868 2509 omnibus
1899 2450 2293 2521 pertinentibus
2314 2491 2328 2516 ,
2361 2451 2441 2520 pi-

860 2550 1072 2615 scariis,
1104 2548 1286 2613 terris,
1310 2545 1791 2616 aucupationibus,
1822 2540 2196 2597 venationibus
2215 2581 2230 2605 ,
2259 2549 2437 2594 utras-

858 2655 963 2712 que
996 2642 1137 2710 ripas
1162 2655 1282 2695 cum
1311 2638 1520 2693 cunctis
1547 2633 1790 2690 aediliciis
1816 2632 1869 2686 in
1921 2631 2177 2700 prtedicto
2220 2628 2437 2683 ﬂumine

855 2734 1000 2799 sitis,
1025 2747 1193 2802 usque
1220 2730 1288 2785 ad
1318 2738 1530 2799 portum
1562 2726 1728 2780 maris
1759 2738 1856 2777 nec
1899 2738 2003 2776 non
2054 2730 2268 2791 portum
2325 2718 2435 2773 Vo-

856 2823 1012 2887 lante,
1042 2834 1210 2891 usque
1238 2818 1305 2873 ad
1334 2817 1510 2872 locum
1562 2814 1652 2883 qui
1698 2811 1893 2867 dicitur
1931 2809 2142 2874 Cervia,
2169 2825 2288 2862 cum
2317 2824 2437 2862 om-

856 2918 1015 2971 nibus
1042 2912 1313 2968 littoribus
1335 2910 1469 2973 suis,
1495 2906 1666 2970 silvis,
1684 2903 2038 2974 qualibusque
2066 2898 2438 2955 instrumentis

853 3006 926 3061 ibi
956 3002 1205 3068 conditis,
1234 3000 1405 3065 vobis,
1436 2997 1739 3067 vestrisque
1782 2993 2185 3049 successoribus
2219 2994 2271 3046 in
2311 3003 2435 3060 per-

853 3104 1073 3166 petuum
1104 3091 1506 3148 conﬁrmamus.
1556 3087 1662 3141 Res
1701 3085 1863 3140 etiam
1900 3098 2088 3139 omnes
2128 3081 2351 3151 lapides,
2384 3089 2438 3134 et

851 3195 1034 3255 petras
1062 3193 1169 3237 tam
1200 3195 1360 3249 supra
1389 3188 1605 3241 terram,
1652 3191 1814 3246 quam
1858 3175 1957 3230 sub
2013 3184 2231 3238 terram,
2277 3181 2429 3227 extra

850 3365 1093 3422 ecclesiae
1122 3361 1409 3431 largimur,
1436 3365 1595 3428 prout
1628 3371 1725 3411 vos
1772 3354 2043 3423 vestrique
2084 3365 2430 3407 successores

850 3459 917 3513 ad
939 3455 1178 3525 ejusdem
1204 3450 1450 3509 ecclesiae
1478 3448 1762 3502 utilitatem
1795 3442 2138 3514 praeviderth
2172 3453 2429 3495 exerceri-

848 3550 967 3613 das,
995 3556 1047 3600 et
1073 3543 1399 3615 operandas.
1435 3538 1676 3606 Denique
1726 3532 2095 3597 concedimus,
2133 3540 2189 3584 et
2235 3528 2430 3583 conﬁr-

850 3654 1060 3694 mamus
1091 3644 1148 3691 ut
1189 3634 1258 3688 ab
1307 3633 1487 3701 aliquo
1531 3626 1811 3685 sacerdote
1866 3618 2134 3678 Ravennae
2183 3622 2426 3691 degente,

845 3740 940 3787 aut
966 3746 1029 3785 ex
1060 3726 1263 3781 familia
1291 3724 1533 3795 ejusdem
1559 3727 1757 3777 sanctae
1800 3715 2128 3770 Ravennatis
2163 3712 2426 3778 ecclesiae,

845 3838 943 3897 per
980 3829 1146 3876 totam
1174 3814 1449 3872 IEmiliam
1475 3820 1638 3881 atque
1668 3808 2003 3879 Pentapolim
2051 3806 2260 3860 nullum
2292 3803 2426 3859 telo-

845 3928 1028 3976 neum,
1054 3920 1215 3978 atque
1243 3904 1588 3978 portatieum,
1615 3900 1729 3956 sive
1750 3900 2135 3975 silliquaticum
2159 3897 2425 3966 exigatur,

848 4014 942 4059 aut
990 4008 1285 4070 exposcere
1333 4000 1712 4067 praesumatur.
1746 3989 2086 4055 Statuentes,
2118 3999 2278 4058 atque
2304 4002 2427 4056 pro-

846 4093 1148 4163 tnulgantes
1178 4101 1363 4142 coram
1394 4086 1524 4151 Deo,
1552 4092 1607 4139 et
1636 4080 1863 4137 terribili
1898 4078 2013 4148 ejus
2062 4079 2244 4133 futuro
2298 4092 2426 4132 exa-

846 4183 1055 4237 mine...
1083 4192 1179 4249 per
1203 4175 1361 4245 lmjus
1390 4174 1559 4230 nostri
1588 4171 1866 4242 apostolici
1890 4169 2153 4241 privilegii
2170 4169 2423 4239 paginam

849 4274 1155 4349 sancimus,
1194 4278 1251 4323 et
1315 4268 1458 4323 beati
1521 4265 1666 4320 Petri
1722 4263 2087 4335 apostolorum
2128 4261 2412 4333 .principis

840 4367 1166 4423 auctoritate
1190 4362 1563 4425 decernimus;
1622 4367 1730 4412 tam
1760 4355 2070 4427 apostolicae
2092 4355 2240 4409 sedis
2265 4354 2422 4408 obte-

841 4472 1049 4517 stamur
1082 4456 1295 4510 futuros
1324 4453 1608 4525 pontiﬁces
1629 4492 1642 4517 ,
1669 4464 1942 4520 quamque
1970 4448 2061 4519 qui
2096 4446 2422 4503 ecclesiasti-

852 3230 987 3347 opus
1017 3275 1071 3329 in
1102 3271 1332 3343 publicis
1354 3268 1597 3325 aediliciis
1621 3267 1847 3337 positas,
1894 3273 2086 3320 vestrae
2130 3263 2428 3317 Ravennati
2459 3230 2502 3288 Ο

2540 2002 2819 2058 Januario.
3282 2071 3288 2079 ι
3352 2075 3355 2079 4

3267 2091 3376 2147 γη.

2612 2188 2861 2238 ϐιιεσοιυι
2909 2198 3054 2237 ΡΛΡΕ
3103 2197 3134 2235 ν
3187 2196 3526 2237 Ριιινηεαιυκ
3573 2194 3807 2237 ΗΑΤΤΟΝΙ
3858 2194 4047 2235 ΔΒΒΔτΙ

3031 2265 3282 2306 FULDENSI
3308 2266 3609 2306 CONCESSUI
3621 2289 3630 2304 ι

2730 2372 2736 2378 -
3156 2340 3332 2412 (Anno
3359 2338 3508 2409 997.)

2769 2431 3023 2503 [Dronke,
3055 2429 3184 2485 Cod.
3213 2430 3426 2500 diplom.
3458 2428 3619 2482 Fuld.
3654 2444 3707 2500 p.
3739 2428 3895 2500 540.]

2608 2543 2913 2599 Gnscomus
2935 2526 3234 2612 episcopus.
3267 2555 3453 2595 servus
3482 2530 3758 2594 servorum
3786 2529 3903 2593 Dei.

2609 2637 2859 2693 Omnium
2894 2635 3126 2691 ﬁdelium
3164 2634 3506 2703 praesentium
3534 2633 3780 2687 videlicet
3816 2646 3879 2686 ac
3910 2617 4119 2687 futuro—

2539 2744 2657 2783 rmn
2688 2728 2891 2783 notitiae
2920 2734 3102 2796 pateat
3131 2726 3362 2795 qualiter
3410 2740 3507 2795 per
3558 2725 3808 2778 meritum
3838 2724 4117 2793 dignitatis

2539 2817 2784 2874 lin-“rom
2829 2816 3109 2871 Fuldensis
3157 2815 3411 2871 Ecclesim
3468 2814 3648 2869 abbati
3705 2816 4007 2869 venerando
4062 2816 4115 2868 id

2538 2909 2683 2979 quod
2713 2908 2883 2962 nostri
2915 2906 3273 2961 antecessoris
3312 2906 3483 2975 pietas
3517 2905 3782 2958 concessit
3810 2912 3991 2958 nostra
4022 2904 4115 2956 de-

2540 3001 2685 3055 votio
2714 3015 2817 3054 non
2841 2998 3143 3069 denegavit.
3175 2997 3406 3066 Ideoque
3432 2997 3557 3066 quia
3589 2995 3878 3065 postulavit
3903 3010 3932 3049 a
3962 2995 4116 3049 nobis

2537 3092 2754 3162 dignum
2781 3090 3031 3144 duximus
3056 3098 3116 3144 ut
3161 3088 3397 3159 ejusdem
3448 3086 3547 3141 loci
3580 3072 3903 3155 supradicta:
3936 3085 4114 3140 eccle-

2537 3183 2629 3237 sia:
2662 3180 2954 3236 venerabili
2985 3180 3344 3235 antecessoris
3383 3179 3549 3232 nostri
3586 3162 3893 3232 renovando
3918 3164 4114 3230 conﬁr-

2535 3287 2805 3336 maremus
2846 3286 3189 3343 concessum.»
3236 3267 3568 3346 Venerabilis
3618 3269 3759 3322 enim
3799 3255 4112 3323 antecessor-

2533 3370 2713 3416 noster
2741 3360 2889 3415 illum
2916 3351 3285 3431 supradictum
3335 3359 3583 3414 abbatem
3614 3346 3797 3413 Roma:
3823 3373 4108 3413 consecra—

2530 3454 2607 3508 vit
2652 3453 2810 3523 eique
2841 3453 3037 3508 debita:
3075 3452 3423 3527 subiectionis
3456 3450 3641 3522 jugum
3690 3451 3935 3506 subeunti
3983 3438 4112 3505 con-

2528 3545 2692 3602 cessit
2717 3559 2838 3600 cum
2865 3542 3152 3598 dalmatica
3179 3550 3235 3597 et
3259 3540 3518 3597 sandaliis
3545 3540 3762 3595 missam
3809 3538 4086 3594 celebrare

2528 3634 2609 3690 Ad
2634 3633 2775 3705 quod
2814 3633 3050 3688 animum
3075 3640 3367 3697 vertentes,
3394 3631 3518 3702 quia
3542 3628 3827 3699 specialius
3850 3627 3969 3683 aliis
3998 3629 4112 3683 suis

2528 3724 2901 3782 consimilibus
2950 3730 3146 3779 nostrae
3194 3723 3447 3777 Romanae
3498 3720 3750 3774 Ecclesia:
3795 3718 4110 3783 famulatur,

2526 3818 2811 3888 specialius
2855 3817 3103 3887 digniore
3151 3828 3373 3870 munere
3416 3812 3708 3868 condonari
3748 3810 4106 3866 decrevimus.

2526 3910 2705 3977 Quare
2743 3894 2859 3963 sine
2908 3907 3053 3961 omni
3092 3904 3519 3961 contradictione
3565 3910 3745 3956 nostra
3784 3902 4109 3967 auctoritate

2525 3999 2819 4071 apostolica
2856 3996 3224 4066 concedimus,
3250 4002 3307 4049 ut
3336 4009 3456 4049 cum
3487 3992 3771 4047 dalmatica
3824 4001 3876 4046 et
3912 3994 4108 4045 sanda-

2526 4092 2610 4145 liis
2642 4090 2860 4144 missam
2884 4088 3119 4144 celebret
3142 4086 3339 4156 talique
3366 4084 3591 4155 pignore
3620 4091 3815 4136 nostra:
3846 4074 4105 4135 Romana:

2525 4181 2779 4238 Ecclesia:
2807 4178 3139 4248 subjectione
3168 4177 3543 4247 p‘rtesignetur.

2594 4271 2865 4341 Scriptum
2914 4275 3006 4338 per
3048 4281 3238 4321 manus
3284 4264 3430 4320 Petri
3474 4263 3762 4332 regiona'rii
3810 4261 4005 4316 notarii
4040 4271 4097 4314 et

2523 4363 2791 4419 scriniarii
2822 4368 3019 4417 sancta:
3062 4358 3316 4413 Romanae
3344 4356 3599 4411 Ecclesiae
3641 4370 3780 4409 anno
3814 4354 4103 4410 Dominica:

2522 4449 3353 4520 incarnationisnongentesimo
3403 4445 3798 4519 [nonagesimo]
3848 4448 4099 4515 septimo.

841 4569 935 4610 cas
994 4550 1300 4608 functiones
1352 4545 1812 4609 ministraverint,
1861 4543 1944 4597 vel
1989 4543 2151 4597 etiam
2195 4555 2418 4611 magnas
2451 4560 2606 4631 Dme

2327 4555 2418 4593 nas
2451 4562 2497 4631 D
2523 4550 2708 4599 mense
2749 4540 3082 4604 Februario,
3126 4539 3413 4594 indictione
3446 4538 3673 4593 decima.
3722 4536 3865 4591 Bene
3909 4535 4098 4589 valete.

842 4656 1145 4716 parvasque
1198 4630 1490 4710 personas,
1522 4646 1576 4691 et
1621 4634 1888 4704 quiSpiam
1939 4633 2306 4703 cujuscunque
2350 4630 2417 4683 sit

840 4733 1121 4807 dignitatis
1144 4731 1367 4803 praedita
1391 4730 1456 4784 de
1480 4727 1730 4782 omnibus
1756 4739 1917 4794 supra
1943 4722 2103 4778 dictis
2146 4720 2414 4791 capitulis,

840 4845 960 4897 qua:
991 4844 1020 4881 a
1051 4826 1205 4880 nobis
1231 4836 1492 4879 concessa
1536 4828 1683 4885 sunt,
1713 4816 1793 4873 vel
1822 4815 2138 4871 conﬁrmata
2158 4853 2172 4878 ,
2201 4826 2417 4883 quoquo

840 4920 997 4974 modo
1027 4916 1301 4972 licentiam
1338 4914 1571 4967 habeant
1592 4924 1733 4980 saepe
1760 4908 2033 4963 nominata
2069 4905 2205 4973 loca,
2235 4904 2287 4958 in
2309 4918 2416 4958 uno

837 5015 1096 5076 adunata,
1152 5018 1317 5077 atque
1382 5002 1688 5073 specialiter
1736 4998 2041 5070 apostolica:
2083 4995 2417 5051 exarationis

836 5107 1034 5179 pagina
1098 5101 1415 5171 conjuncta,
1459 5093 1784 5163 disjungere,
1842 5090 1926 5147 vel
1975 5104 2081 5145 uno
2129 5089 2197 5145 ab
2244 5088 2415 5143 altero

834 5201 1092 5255 alienare.
1121 5193 1179 5250 Si
1209 5192 1330 5263 quis
1356 5191 1578 5253 interea,
1612 5185 1755 5257 quod
1776 5199 1883 5240 non
1912 5183 2212 5247 credimus,
2243 5188 2413 5235 teme-

832 5292 983 5349 rario
1022 5302 1176 5352 ausu,
1200 5292 1387 5340 contra
1416 5297 1479 5337 ea
1511 5294 1631 5351 qua:
1657 5278 1724 5333 ab
1758 5277 1857 5331 ltac
1880 5284 2060 5330 nostra
2088 5274 2415 5329 auctoritate

2598 4636 2793 4689 Datum
2823 4649 2899 4688 vn-
2918 4632 3040 4688 Idus
3073 4630 3229 4687 Febr.
3261 4645 3358 4700 per
3386 4642 3576 4684 manus
3601 4622 3823 4682 Joannis
3866 4626 4103 4696 episcopi

2522 4734 2722 4783 sanctae
2744 4723 3061 4779 Albanensis
3102 4722 3357 4778 Ecclesiae
3381 4729 3436 4776 et
3478 4717 3870 4775 bibliotliecarii
3900 4724 4099 4770 sancta:

2521 4816 2826 4888 apostolicae
2854 4815 3017 4869 sedis.

3246 4899 3376 4957 VIII.

2519 5011 2777 5054 EPISTOLA
2810 5008 3056 5050 GREGORII
3085 5004 3233 5046 ΡΑΡΑΕ
3260 5008 3290 5045 ν
3324 5007 3392 5046 AD
3422 5004 3673 5046 OTTONEI
3694 5002 4075 5043 IHPERATOREII

3132 5086 3310 5155 (Anno
3339 5083 3489 5155 997.)

2712 5184 2887 5251 [Apuc
2919 5179 3158 5232 miraaum
3179 5214 3194 5243 ,
3226 5174 3358 5244 Opp.
3388 5172 3609 5244 diplom.
3639 5171 3723 5251 lll,
3750 5170 3903 5243 563.]

2589 5274 2894 5332 GREGORIUS
2928 5271 3211 5340 episcopus
3235 5309 3249 5333 ,
3297 5282 3484 5322 servus
3514 5248 3792 5321 servorum
3820 5262 3936 5326 Dei,
3967 5260 4102 5315 dile-
