4486 5544
879 410 982 464 915

1646 529 1711 584 Χ.

876 628 1134 671 «λιιεσοῐιιι
1178 631 1324 671 ΡΑΡΕ
1354 631 1385 670 ν
1424 633 1593 673 Βυιιλ
1630 633 2098 675 ΡΒΟ.ΙΟΝΛ5ΤΕΗ10
2133 634 2465 677 SUBLACENSI.

1205 708 1209 713 ’
1498 708 1677 777 (Anno
1708 710 1857 779 997.)

919 791 1095 862 [Apud
1125 792 1407 858 Muratori,
1435 795 1689 866 Antiquit.
1723 796 1850 850 Ital.
1894 805 2018 851 tom.
2045 796 2087 862 1,
2125 812 2245 868 pag.
2283 798 2431 871 943.]

951 879 1261 937 Gnscomus
1300 883 1605 954 episcopus,
1637 900 1825 940 servus
1866 899 2139 941 servorum
2168 886 2284 952 Dei,
2314 903 2468 944 reve-

881 970 1194 1025 rentissimo
1241 985 1306 1026 ac
1353 973 1773 1042 prudentissimo
1822 974 2007 1030 Psrao
2062 974 2375 1047 presbytero
2417 986 2471 1032 et

881 1058 1149 1115 monacho
1191 1068 1354 1131 atque
1395 1062 1726 1132 peritissimo
1763 1064 1942 1120 abbati
1988 1064 2311 1121 venerabilis
2355 1080 2469 1121 mo-

879 1151 1103 1206 nasterii
1146 1154 1318 1207 sancti
1365 1152 1691 1210 confessoris
1748 1170 1812 1211 ac
1856 1156 2026 1225 patris
2072 1155 2367 1221 Benedicti,
2414 1166 2468 1212 et

878 1249 1079 1296 sanctae
1102 1242 1326 1313 virginis
1353 1245 1554 1301 sororis
1598 1244 1714 1316 ejus
1753 1244 2118 1311 Scholasticae,
2145 1246 2288 1317 quod
2316 1248 2469 1316 poni-

879 1343 968 1386 tur
998 1334 1050 1388 in
1084 1333 1336 1399 Sublaco,
1382 1336 1475 1391 tibi
1525 1338 1737 1407 tuisque
1770 1339 2172 1395 successoribus
2211 1338 2343 1395 inibi
2376 1339 2470 1396 dee

882 1426 1244 1482 servientibus
1274 1426 1355 1481 vel
1385 1428 1784 1484 introeuntibus
1814 1428 1866 1483 in
1890 1438 2228 1500 perpetuum.

948 1512 1005 1568 Si
1035 1529 1250 1585 semper
1296 1525 1423 1570 sunt
1472 1518 1814 1572 concedenda
1867 1533 1987 1589 qua:
2032 1519 2135 1590 piis
2182 1518 2465 1575 desideriis

875 1611 1200 1669 congruunt,
1250 1614 1455 1673 quanto
1500 1606 1836 1674 potissimmn
1865 1622 1950 1672 ea,
1991 1622 2111 1677 quae
2151 1622 2250 1677 pro
2295 1607 2461 1663 divini

873 1691 1050 1747 cultus
1078 1694 1429 1763 praerogativa
1459 1710 1579 1751 esse
1610 1704 1929 1762 noscuntur,
1958 1711 2062 1752 non
2094 1706 2217 1752 sunt
2242 1697 2464 1753 omnino

872 1783 1137 1853 neganda,
1172 1784 1297 1853 quia
1347 1794 1475 1839 sunt
1518 1802 1547 1839 a
1591 1786 1938 1856 largitoribus
1981 1804 2088 1844 non
2121 1788 2293 1844 solum
2338 1804 2462 1858 pos-

2220 416 2539 471 GRS.GUI’.I|
2586 421 2621 472 γ
2663 423 2859 477 ΡΑΡᾸΞ

2498 538 2545 594 Α
2576 533 2696 602 bus,
2743 536 2913 607 plagis
2957 545 3014 593 et
3060 539 3467 608 appendicibus,
3511 541 3713 598 cultum
3763 554 3818 600 et
3860 547 4140 619 incultum,

4041 434 4144 490 916

2573 641 2799 682 vacuum
2822 638 2876 683 et
2900 628 3135 699 plenum,
3165 645 3287 685 cum
3324 633 3575 690 omnibus
3617 637 3925 706 supradicto
3952 655 4141 696 mona—

2571 718 2739 773 sterio
2766 733 2858 773 seu
2895 719 3131 775 castellis
3170 722 3494 792 generaliter
3520 734 3576 779 et
3606 725 3659 780 in
3688 726 3953 799 integrum
3982 732 4145 801 perti-

2572 806 2823 864 nentibus
2852 809 2905 863 in
2940 809 3213 866 territorio
3257 810 3539 872 Tiburtino
3567 823 3621 869 et
3656 814 4005 891 Snblaciano,
4035 822 4141 879 sic-

2572 900 2649 955 uti
2691 913 2788 971 per
2833 902 3063 957 termina
3092 903 3444 974 designantur
3488 915 3651 977 atque
3678 910 4139 969 demonstrantur.

2569 991 2864 1061 Incipiente
2889 1010 2917 1048 a
2945 1006 3104 1065 porta
3143 994 3513 1066 Imperatoris,
3549 999 3691 1055 unde
3737 1000 3911 1071 ipsum
3947 1002 4141 1060 ﬂumen

2571 1079 2869 1147 redundat,
2911 1082 3035 1137 dein
3080 1082 3402 1140 deveniente
3447 1085 3501 1140 in
3540 1095 3755 1155 monte,
3797 1090 3889 1159 qui
3921 1101 4145 1147 vocatur

2571 1167 2800 1224 Romani
2850 1179 2905 1224 et
2955 1179 3102 1227 recte
3150 1170 3204 1225 in
3244 1171 3684 1245 Campolongum,
3733 1188 3884 1233 recto
3929 1181 4145 1237 tramite

2568 1267 2828 1328 pergente
2877 1258 2930 1313 in
2960 1258 3174 1326 Pereto,
3221 1262 3310 1317 ubi
3356 1271 3439 1319 est
3477 1265 3703 1322 ecclesia
3745 1269 3919 1329 sancti
3954 1269 4137 1331 Petri:

2568 1346 2693 1402 inde
2722 1348 2971 1408 veniente
2997 1350 3049 1405 in
3083 1348 3306 1421 Stamle,
3336 1367 3455 1423 quae
3484 1362 3625 1410 astat
3649 1356 3702 1410 in
3740 1355 4099 1428 Camposacro
4124 1376 4138 1429 :

2568 1437 2693 1493 inde
2721 1438 2822 1494 iter
2851 1441 3058 1512 agendo
3081 1451 3137 1497 et
3168 1445 3413 1513 pervenit
3456 1446 3509 1500 in
3541 1462 3670 1502 areo
3703 1451 3877 1506 sancti
3901 1450 4143 1524 Georgii,

2566 1537 2621 1585 et
2651 1529 2729 1585 sic
2756 1532 3003 1600 pervenit
3033 1531 3087 1586 in
3126 1542 3311 1590 monte
3349 1534 3416 1591 de
3440 1535 3747 1605 Flaontino,
3786 1541 3854 1596 de
3900 1542 4017 1613 ipso
4046 1545 4141 1600 de-

2564 1620 2857 1676 scendente
2886 1630 3085 1688 monte,
3118 1632 3171 1678 et
3210 1626 3457 1693 pervenit
3485 1626 3540 1680 in
3571 1642 3732 1698 aqua,
3770 1645 3891 1700 qua:
3928 1642 3985 1688 et
4021 1633 4144 1689 Fer-

2565 1716 2683 1762 rata
2715 1718 2971 1776 vocatur;
3001 1720 3260 1781 sequente
3281 1712 3394 1783 ipsa
3416 1729 3553 1784 aqua
3587 1732 3755 1787 usque
3776 1719 3903 1775 dum
3930 1724 4143 1778 eveniat

2565 1797 2620 1852 in
2657 1813 2784 1855 arco
2825 1801 2891 1855 de
2920 1800 3295 1871 Aquaferrata,
3325 1812 3381 1859 et
3410 1820 3507 1874 per
3549 1806 3720 1878 ipsam
3750 1825 3943 1881 aquam
3972 1813 4143 1869 donec

872 1874 1063 1937 cenda.
1107 1875 1199 1929 sed
1244 1876 1529 1933 charitatis
1559 1878 1711 1933 titulo
1746 1880 1932 1948 procul
1974 1881 2136 1936 dubio
2178 1870 2457 1952 exigenda.
2490 1895 2536 1955 Β
2564 1901 2719 1943 suum
2764 1870 2993 1944 cursum
3022 1890 3241 1961 explicit
3285 1892 3340 1948 in
3394 1870 3616 1951 fluvium
3656 1870 3913 1958 Tiberis:
3965 1911 4141 1971 trans—

871 1964 1062 2021 Petisii
1092 1983 1188 2022 nos
1218 1968 1379 2039 igitur
1432 1980 1697 2039 quatenus
1728 1972 2148 2030 concederemus
2183 1975 2297 2031 sive
2334 1991 2463 2031 con-

870 2054 1212 2113 ﬂrmaremus
1242 2066 1346 2113 tua:
1384 2059 1720 2133 religiositati
1762 2064 2129 2133 supradictum
2160 2074 2311 2122 tuum
2340 2084 2461 2123 mo-

869 2148 1169 2202 nasterium
1210 2150 1383 2204 sancti
1437 2151 1707 2209 Benedicti
1747 2164 1801 2209 et
1847 2165 2049 2211 sanctte
2088 2155 2458 2225 Scholasticaz,

867 2241 1010 2309 quod
1038 2240 1257 2309 ponitur
1282 2241 1336 2295 in
1366 2241 1618 2308 Sublaco,
1643 2259 1765 2298 cum
1797 2244 1946 2300 cellis
1969 2255 2021 2301 et
2045 2248 2328 2313 coenobiis,
2354 2266 2459 2304 una

866 2344 991 2382 cum
1034 2342 1182 2384 turre
1227 2340 1284 2385 et
1311 2340 1507 2387 cuncta
1550 2333 1898 2404 supellectilia
1945 2350 2155 2409 eorum,
2204 2354 2309 2393 una
2335 2354 2457 2395 cum

868 2435 1056 2490 specu,
1092 2421 1180 2475 ubi
1214 2422 1561 2479 beatissimus
1586 2424 1907 2481 Benedictus
1928 2429 2260 2485 eremiticam
2291 2430 2455 2488 vitam

863 2513 1039 2577 duxit,
1070 2530 1191 2569 cum
1221 2516 1402 2569 omnia
1445 2515 1583 2570 infra
1612 2532 1671 2571 se
1715 2527 1768 2572 et
1803 2519 1945 2573 circa
1974 2535 2033 2575 se
2068 2535 2194 2587 cum
2239 2522 2453 2591 eriptis,

865 2613 921 2657 et
949 2605 1130 2659 omnia
1173 2605 1400 2660 mdiﬁcia
1447 2607 1684 2661 humana
1716 2623 1836 2677 quae
1867 2609 2062 2665 ibidem
2114 2625 2261 2666 nunc
2297 2621 2453 2679 sunt;

860 2712 1049 2751 verum
1083 2697 1246 2753 etiam
1289 2706 1345 2753 et
1384 2697 1561 2754 lacum
1611 2714 1735 2755 cum
1785 2702 2035 2770 piscariis
2072 2709 2129 2757 et
2169 2702 2456 2772 aquimolis

863 2788 998 2854 suis,
1043 2788 1168 2842 inde
1200 2798 1434 2844 exeunte
1475 2804 1614 2859 aqua
1654 2790 1908 2860 palaneto
1952 2808 2074 2847 cum
2122 2794 2371 2862 piscariis
2402 2804 2456 2850 et

862 2876 1153 2946 aquimolis
1179 2878 1312 2942 suis,
1347 2878 1649 2934 deducente
1672 2880 1787 2949 ipsa
1821 2896 1961 2951 aqua
1990 2881 2041 2935 in
2090 2882 2210 2938 loco
2237 2884 2327 2952 qui
2356 2899 2450 2937 vo-

860 2980 1015 3025 catur
1060 2971 1303 3025 Mandra.
1336 2972 1467 3026 Item
1513 2972 1801 3041 aquimolis
1833 2982 1890 3028 et
1932 2974 2185 3042 piscariis
2224 2975 2360 3038 suis,
2398 2984 2451 3030 ct

858 3060 1105 3129 pervenit
1134 3075 1305 3129 usque
1336 3060 1389 3115 in
1439 3060 1586 3125 loco,
1629 3061 1719 3130 qui
1768 3063 2185 3131 cognominatur
2226 3063 2292 3118 de
2323 3062 2451 3117 Fer-

859 3159 998 3210 rata,
1032 3153 1213 3204 omnia
1258 3153 1308 3204 in
1360 3151 1631 3221 integrum
1667 3152 2019 3207 cohaerentes.
2059 3152 2259 3209 Nostra
2292 3169 2447 3208 nam-

2564 1988 2780 2047 meante
2826 1980 2944 2054 ipso
2978 1980 3159 2048 ﬂuvio,
3192 1985 3519 2042 ascendente
3553 1986 3607 2053 in
3635 1999 3837 2056 monte,
3866 1991 3957 2060 qui
3981 2006 4140 2051 voca—

2566 2075 2653 2122 tur
2674 2068 2889 2137 Crofeo,
2919 2072 3009 2141 qui
3040 2074 3291 2143 proprius
3316 2074 3384 2130 de
3409 2086 3501 2133 tuo
3529 2086 3614 2134 est
3636 2081 3988 2137 monasterio.
4016 2081 4143 2139 Inde

2562 2173 2659 2229 per
2703 2174 2963 2214 cacumen
3009 2162 3295 2228 montium,
3344 2179 3442 2235 per
3491 2168 3726 2223 conchas
3770 2168 4011 2236 vallium,
4047 2186 4143 2242 per

2560 2263 2825 2307 cavernas
2858 2260 3133 2320 petrarum
3163 2252 3383 2310 devenit
3411 2256 3462 2310 in
3492 2259 3786 2326 montibus,
3818 2262 3910 2331 qui
3950 2278 4142 2334 cogno-

2561 2339 2838 2397 minantur
2888 2339 3129 2407 Gemini;
3179 2352 3234 2398 et
3284 2344 3365 2400 sic
3418 2347 3831 2404 descendentem
3858 2351 3927 2420 ,in
3973 2351 4143 2409 Fene-

2560 2427 2761 2493 strelle,
2792 2438 2846 2483 et
2877 2429 3001 2484 inde
3043 2432 3391 2507 perveniente
3442 2436 3496 2489 in
3547 2438 3661 2492 rivo
3692 2440 3783 2509 qui
3830 2441 4139 2497 nominatur

2560 2517 2751 2583 Trave,
2779 2530 2832 2574 et
2860 2536 2956 2590 per
2982 2524 3231 2578 eumdem
3274 2524 3448 2581 rivum
3482 2520 3899 2598 descendentem
3939 2532 3994 2586 in
4033 2532 4137 2588 alio

2559 2611 2674 2668 rivo
2721 2611 2788 2667 de
2841 2611 2987 2667 Cona
3040 2615 3131 2669 ubi
3186 2616 3387 2671 dicitur
3439 2616 3659 2688 Crucis;
3720 2621 3942 2694 ipsaque
3994 2623 4137 2680 Cona

2558 2701 2883 2765 ascendente
2928 2704 2978 2757 in
3036 2702 3212 2758 locum
3243 2706 3335 2775 qui
3376 2716 3599 2763 vocatur
3637 2708 3842 2777 Oraru;
3877 2712 4002 2768 inde
4040 2713 4138 2769 ite-

2558 2792 2718 2845 ratim
2747 2793 3070 2847 ascendente
3098 2794 3152 2848 in
3182 2804 3384 2864 monte,
3410 2798 3502 2867 qui
3530 2809 3585 2854 et
3611 2800 3885 2870 Aquaviva
3916 2802 4133 2872 dicitur,

2558 2892 2705 2937 recte
2749 2884 2801 2938 in
2834 2894 2995 2954 ponte
3026 2884 3321 2953 Terraneo,
3354 2899 3409 2945 et
3455 2906 3552 2960 per
3584 2892 3758 2961 ipsum
3806 2892 4006 2949 ﬂumen
4051 2895 4137 2950 de—

2556 2974 2847 3029 scendente
2885 2989 3053 3045 usque
3106 2976 3159 3030 in
3208 2987 3358 3047 petra
3408 2979 3785 3051 Imperatoris,
3827 2993 3882 3037 et
3923 2984 4047 3038 inde
4079 2985 4131 3039 in

2554 3072 2740 3118 monte
2769 3064 3033 3119 Romano.
3059 3065 3266 3121 Civitas
3290 3069 3477 3134 etiam,
3505 3085 3626 3139 qua:
3652 3081 3877 3126 vocatur
3897 3072 4125 3137 Carsoli,

2554 3169 2675 3209 cum
2716 3156 2958 3211 ecclesiis
2996 3166 3052 3212 et
3085 3157 3333 3214 domibus
3380 3159 3521 3215 infra
3571 3176 3629 3217 se
3674 3163 3727 3216 in
3774 3164 4041 3234 integrum
4077 3172 4130 3219 et

857 3254 963 3309 que
988 3239 1312 3293 auctoritate
1334 3239 1387 3292 in
1410 3248 1591 3295 vestro
1619 3241 1953 3296 monasterio
1973 3242 2081 3296 sint
2104 3243 2447 3309 confirmata,
2478 3239 2525 3303 C
2554 3242 2757 3302 deforis
2795 3244 2849 3297 iu
2894 3244 3122 3300 diversis
3153 3246 3451 3313 vocabulis,
3493 3248 3661 3314 villis,
3705 3249 3899 3313 vincis,
3931 3249 4127 3315 fundis,

859 3340 921 3387 ut
963 3331 1111 3386 nulla
1153 3345 1394 3399 unquam
1439 3332 1719 3387 hominum
1764 3347 1959 3403 magna
2008 3349 2283 3405 parvaque
2329 3349 2452 3404 per-

859 3438 992 3479 sona
1025 3422 1221 3477 audeat
1249 3422 1300 3475 in
1331 3422 1443 3491 ipsa
1491 3437 1651 3491 aqua,
1690 3438 1809 3494 quae
1844 3432 2070 3478 vocatur
2098 3422 2329 3488 Timida,
2354 3439 2448 3480 seu

858 3514 913 3568 in
943 3527 1106 3582 aqua,
1139 3527 1258 3580 quae
1287 3510 1592 3581 appellatur
1620 3510 1885 3582 Augusta,
1924 3511 2007 3566 vel
2049 3512 2103 3566 in
2135 3527 2296 3581 aqua,
2329 3528 2448 3583 qua:

855 3605 1055 3659 dicitur
1096 3601 1325 3666 Bullica,
1357 3617 1531 3672 neque
1564 3603 1615 3657 in
1648 3602 1983 3667 Flumicello,
2023 3618 2198 3673 neque
2225 3604 2279 3659 in
2308 3620 2446 3676 aqua

855 3695 924 3751 de
949 3694 1357 3762 Boccanellum,
1397 3710 1576 3765 neque
1614 3696 1667 3750 in
1694 3711 1855 3766 aqua,
1886 3712 2003 3767 qua:
2034 3697 2448 3767 cognominatur

854 3784 1021 3852 Cona,
1074 3800 1249 3855 neque
1277 3786 1327 3839 in
1365 3785 1471 3839 ulla
1512 3800 1650 3855 aqua
1690 3786 1757 3841 de
1793 3795 1905 3842 toto
1937 3785 2265 3845 Sublaciano
2294 3786 2447 3841 terri-

855 3880 1015 3945 torio,
1063 3878 1149 3935 vel
1195 3879 1249 3939 in
1281 3877 1523 3949 quolibet
1552 3880 1620 3935 de
1662 3880 1795 3950 ipsis
1826 3880 1978 3945 locis,
2025 3880 2144 3936 sine
2174 3895 2442 3935 consensu

854 3970 1068 4027 abbatis
1098 3969 1339 4044 ejusdem
1369 3972 1685 4045 monasterii
1714 3986 1812 4041 per
1841 3972 2040 4029 nullius
2068 3980 2440 4042 argumentum

851 4063 994 4117 idem
1022 4061 1353 4131 aquimolnm
1387 4062 1663 4117 dedicare.
1691 4062 1757 4116 Et
1806 4064 1897 4131 qui
1923 4063 2026 4117 hoc
2051 4062 2261 4127 fecerit,
2291 4062 2443 4132 aqui-

852 4154 1053 4207 molum
1097 4153 1270 4222 ipsum
1306 4152 1356 4206 in
1408 4153 1778 4222 supradictum
1826 4154 2213 4209 monasterium
2249 4169 2442 4208 occur-

848 4251 957 4309 rat,
1004 4251 1058 4298 et
1096 4242 1151 4300 in
1196 4252 1381 4301 nostro
1410 4243 1611 4312 palatio
1655 4244 2054 4314 compositurus
2093 4244 2293 4305 existat
2322 4244 2441 4299 auri

851 4331 989 4388 cocti
1021 4330 1190 4393 libras
1223 4332 1378 4386 duas.
1425 4331 1558 4386 Item
1606 4332 1991 4397 confirmamus
2018 4331 2170 4386 vobis
2195 4332 2440 4397 detinen-

851 4424 977 4478 dum
1010 4422 1291 4492 castellum
1324 4422 1377 4476 in
1410 4422 1701 4492 integrum,
1735 4424 1826 4492 qui
1865 4430 2091 4479 vocatur
2121 4420 2434 4488 Sublacum,

846 4533 970 4572 cum
1002 4518 1257 4572 omnibus
1296 4516 1409 4575 suis
1437 4517 1779 4587 pertinentiis
1817 4517 1901 4572 vel
1931 4516 2269 4586 adjacentiis.
2312 4530 2433 4571 cum

845 4609 993 4665 omni
1015 4609 1218 4679 placito
1244 4618 1299 4665 et
1333 4609 1624 4665 donatione
1652 4624 1769 4675 sua,
1813 4626 1919 4665 una
1948 4626 2070 4665 cum
2100 4608 2425 4680 glandatico,

842 4710 900 4754 et
929 4700 1210 4755 herbatico
1254 4714 1383 4765 suo,
1430 4709 1592 4770 atque
1640 4710 1835 4756 cuncta
1872 4701 2084 4772 publica
2126 4700 2423 4768 functione,

845 4789 1004 4844 sicuti
1030 4789 1082 4843 in
1116 4797 1302 4855 nostro
1331 4788 1531 4857 palatio
1560 4792 1837 4844 annuatim
1863 4790 2097 4860 persolvi
2128 4791 2285 4847 solet.
2317 4792 2427 4848 Seu

842 4881 1230 4937 confirmamus
1262 4880 1413 4936 vobis
1442 4868 1679 4937 montem
1710 4882 1762 4936 in
1804 4883 2012 4953 integro
2051 4883 2117 4957 ad
2145 4884 2427 4941 castellum

840 4974 1176 5034 iaciendum,
1225 4973 1315 5043 qui
1364 4982 1593 5042 vocatur
1637 4974 1907 5046 Augusta;
1959 4984 2011 5029 et
2062 4984 2297 5029 montem
2333 4991 2424 5047 qui

843 5073 1069 5120 vocatur
1093 5062 1372 5129 Cervaria,
1404 5078 1527 5119 cum
1566 5064 1818 5121 omnibus
1860 5079 2045 5119 earum
2086 5065 2427 5134 pertinentiis

842 5154 896 5210 in
943 5154 1233 5233 integrum.
1267 5152 1438 5209 Porro
1473 5163 1528 5209 et
1558 5154 1859 5227 castellum,
1903 5155 2045 5225 quod
2079 5164 2303 5211 vocatur
2329 5155 2428 5209 Ar-

839 5246 977 5313 sule,
1023 5245 1294 5317 simulque
1340 5254 1395 5301 et
1438 5246 1721 5302 castellum
1757 5248 1898 5316 quod
1941 5254 2167 5311 vocatur
2209 5246 2429 5302 Anticu-

840 5335 951 5389 lum
979 5352 992 5389 :
1022 5334 1442 5405 unumquodque
1470 5335 1749 5390 castellum
1780 5350 1901 5390 cum
1942 5335 2206 5403 ecclesiis,
2253 5335 2425 5401 cellis,

2552 3341 2607 3388 et
2650 3333 2940 3412 casalibus,
2993 3335 3124 3389 rivis
3166 3351 3291 3390 cum
3354 3338 3674 3406 aquimolis,
3715 3354 3837 3393 cum
3882 3342 4130 3396 omnibus

2550 3422 2662 3477 suis
2690 3422 3032 3490 pertinentiis
3059 3432 3113 3477 et
3141 3423 3479 3492 adjacentiis,
3507 3427 3669 3481 sicuti
3702 3436 3880 3483 vestra
3912 3430 4129 3499 antiqua

2550 3506 2827 3577 privilegia
2859 3507 3157 3573 continent,
3200 3509 3271 3561 ita
3302 3510 3452 3565 vobis
3487 3511 3539 3564 in
3576 3511 3826 3567 omnibus
3867 3514 3976 3568 sint
4003 3528 4130 3569 con-

2549 3596 2783 3665 ﬁrmata,
2822 3600 2994 3669 posita
3029 3599 3166 3659 infra
3197 3610 3375 3677 castro
3404 3601 3637 3671 Reatino
3670 3616 3726 3659 et
3769 3603 4043 3671 Ciculauo,
4075 3617 4131 3663 et

2548 3688 2849 3745 Marsicano
2880 3691 3174 3759 territorio.
3210 3691 3449 3761 Denique
3478 3702 3534 3747 et
3575 3694 3958 3751 confirmamus
3978 3696 4130 3767 vobis

2547 3781 2827 3838 castellum
2873 3782 2925 3835 in
2958 3782 3189 3851 integro,
3232 3784 3375 3852 quod
3418 3793 3472 3839 et
3500 3785 3739 3841 Trillano
3767 3796 4127 3858 nuncupatur,

2546 3887 2650 3926 una
2674 3887 2794 3926 cum
2824 3872 2959 3927 colle
2985 3873 3049 3931 de
3074 3872 3288 3931 Ferrari
3319 3883 3374 3930 et
3401 3875 3837 3943 Monasterellum
3865 3886 3919 3932 et
3942 3877 4126 3943 Sassa,

2546 3964 2658 4031 sive
2683 3979 2801 4035 qua:
2831 3965 2898 4019 ab
2926 3965 3047 4021 aliis
3072 3966 3348 4021 vocabulis
3385 3976 3785 4038 nuncupantur,
3813 3984 3933 4025 cum
3963 3954 4127 4036 villis,

2546 4054 2726 4109 fundis
2756 4064 2810 4109 et
2834 4056 3126 4130 casalihus,
3163 4057 3362 4124 vineis,
3390 4068 3446 4113 et
3476 4060 3659 4126 terris,
3700 4060 3922 4131 campis,
3958 4061 4127 4129 pratis

2544 4155 2596 4198 et
2624 4146 2842 4213 pascuis
2870 4154 2925 4200 et
2965 4160 3088 4201 cum
3120 4146 3372 4223 omnibus
3410 4148 3523 4204 suis
3561 4148 3923 4219 pertinentiis,
3965 4149 4126 4204 sicuti

2542 4237 2850 4291 extenditur
2876 4251 3046 4307 usque
3072 4236 3126 4292 in
3155 4237 3486 4307 Pisciscano.
3800 4224 3801 4227 η

2613 4326 2681 4381 Et
2710 4327 2888 4403 casale
2916 4328 2967 4381 in
3001 4328 3232 4399 integro,
3256 4328 3345 4397 qui
3389 4337 3616 4384 vocatur
3646 4329 3853 4386 Ursauo
3881 4338 3934 4384 et
3970 4329 4129 4386 Sam-

2542 4420 2665 4477 buci
2695 4436 2818 4476 cum
2842 4421 3071 4476 ecclesia
3104 4421 3277 4476 sancti
3314 4420 3535 4477 Thomze
3571 4423 3624 4477 in
3659 4421 3883 4478 desertis
3923 4421 4122 4491 posita,

2540 4520 2596 4567 et
2626 4520 2862 4568 montem
2911 4512 2962 4566 in
3007 4513 3310 4589 integrum,
3355 4513 3446 4583 qui
3488 4513 3785 4584 appellatur
3827 4511 4121 4579 Gurdiano,

2462 4598 2509 4658 1)
2535 4622 2659 4663 cum
2689 4605 2867 4669 fundis
2897 4614 2953 4665 et
2994 4606 3264 4664 casalibus
3307 4606 3441 4670 suis,
3481 4615 3645 4675 atque
3683 4606 4023 4662 medietatem
4052 4607 4123 4663 de

2532 4697 2667 4763 loco,
2704 4696 2794 4767 qui
2831 4696 3027 4751 dicitur
3056 4696 3232 4761 Ylice;
3264 4706 3319 4751 et
3346 4696 3519 4752 locum
3557 4697 3647 4767 qui
3679 4705 3901 4751 vocatur
3928 4696 4118 4753 Casta-

2531 4786 2698 4854 uiola,
2729 4802 2850 4842 cum
2888 4788 3059 4843 vineis
3093 4796 3147 4842 et
3179 4788 3338 4843 terris
3367 4787 3450 4843 vel
3493 4786 3642 4843 omni
3682 4787 4033 4859 pertinentia;
4064 4799 4121 4845 et

2531 4883 2583 4937 in
2621 4884 2737 4953 ipso
2776 4882 3008 4937 confinio
3034 4882 3185 4936 adest
3212 4890 3412 4946 monte,
3442 4881 3533 4950 qui
3562 4890 3784 4936 vocatur
3810 4879 4114 4943 Buberano,

2532 4976 2585 5029 in
2616 4974 2879 5044 integrum
2924 4989 3046 5029 cum
3086 4974 3294 5028 caeteris
3337 4972 3611 5029 vocabulis
3643 4973 3759 5028 sive
3800 4974 4119 5042 pertinenti-

2533 5064 2651 5118 bus.
2683 5062 2990 5133 lterumque
3016 5064 3179 5118 etiam
3218 5062 3605 5119 confirmamus
3633 5061 3785 5117 vobis
3812 5062 4112 5127 castellum,
4166 5114 4169 5119 ,

2530 5154 2673 5224 quod
2703 5154 2898 5209 dicitur
2936 5153 3258 5223 Ampolloui,
3308 5153 3360 5207 in
3406 5153 3671 5223 integrum
3701 5168 3823 5208 cum
3870 5152 4114 5209 ecclesiis

2530 5254 2583 5301 et
2614 5246 2860 5301 domibus
2906 5244 3043 5300 infra
3087 5260 3145 5300 se
3172 5259 3268 5315 per
3294 5245 3475 5301 omnia
3518 5254 3572 5301 et
3602 5253 3756 5301 extra
3786 5259 3847 5300 se
3871 5259 3993 5301 cum
4034 5244 4110 5297 vi-

2531 5335 2670 5400 neis,
2698 5336 2877 5401 terris,
2906 5334 3105 5401 fundis,
3143 5344 3197 5390 et
3226 5335 3516 5402 casalibus,
3544 5335 3626 5391 vel
3661 5335 3913 5391 omnibus
3936 5335 4108 5413 eidem
