  <div class='ocr_page' id='page_1' title='image "/cluster/home/n/w/nwhite01/storage/ocr_20150623/137/hvd.32044021286828/462.png"; bbox 0 0 4486 5544; ppageno 0'>
   <div class='ocr_carea' id='block_1_1' title="bbox 332 377 433 433">
    <p class='ocr_par' dir='ltr' id='par_1_1' title="bbox 332 377 433 433">
     <span class='ocr_line' id='line_1_1' title="bbox 332 377 433 433; baseline -0.079 1"><span class='ocrx_word' id='word_1_1' title='bbox 332 377 433 433; x_wconf 79' lang='grc' dir='ltr'><strong>9ιῖ</strong></span> 
     </span>
    </p>
   </div>
   <div class='ocr_carea' id='block_1_2' title="bbox 1483 365 2420 431">
    <p class='ocr_par' dir='ltr' id='par_1_2' title="bbox 1483 365 2420 431">
     <span class='ocr_line' id='line_1_2' title="bbox 1483 365 2420 431; baseline 0.001 -3"><span class='ocrx_word' id='word_1_2' title='bbox 1483 374 1838 429; x_wconf 53' lang='grc' dir='ltr'><strong>ΕΡΙδΤΟιΑΕ</strong></span> <span class='ocrx_word' id='word_1_3' title='bbox 1878 377 1960 428; x_wconf 74' lang='grc' dir='ltr'>ΕΤ</span> <span class='ocrx_word' id='word_1_4' title='bbox 1997 365 2420 431; x_wconf 43' lang='grc' dir='ltr'><strong>ΡΙΚΙΥΙΙΛΞΟΙΑᾙ</strong></span> 
     </span>
    </p>
   </div>
   <div class='ocr_carea' id='block_1_3' title="bbox 3475 375 3579 432">
    <p class='ocr_par' dir='ltr' id='par_1_3' title="bbox 3475 375 3579 432">
     <span class='ocr_line' id='line_1_3' title="bbox 3475 375 3579 432; baseline 0.038 -4"><span class='ocrx_word' id='word_1_5' title='bbox 3475 375 3579 432; x_wconf 87' lang='lat' dir='ltr'><strong>9l8</strong></span> 
     </span>
    </p>
   </div>
   <div class='ocr_carea' id='block_1_4' title="bbox 332 479 3584 555">
    <p class='ocr_par' dir='ltr' id='par_1_4' title="bbox 332 479 3584 555">
     <span class='ocr_line' id='line_1_4' title="bbox 332 479 3584 555; baseline 0.002 -17"><span class='ocrx_word' id='word_1_6' title='bbox 332 484 616 542; x_wconf 82' lang='lat' dir='ltr'><strong>Collemalo</strong></span> <span class='ocrx_word' id='word_1_7' title='bbox 645 484 697 538; x_wconf 92' lang='lat' dir='ltr'><strong>in</strong></span> <span class='ocrx_word' id='word_1_8' title='bbox 736 483 1020 554; x_wconf 89' lang='lat' dir='ltr'><strong>integrum.</strong></span> <span class='ocrx_word' id='word_1_9' title='bbox 1067 479 1199 537; x_wconf 83' lang='lat' dir='ltr'><strong>Item</strong></span> <span class='ocrx_word' id='word_1_10' title='bbox 1246 491 1300 539; x_wconf 94' lang='lat' dir='ltr'><strong>et</strong></span> <span class='ocrx_word' id='word_1_11' title='bbox 1340 481 1540 546; x_wconf 89' lang='lat' dir='ltr'><strong>locum,</strong></span> <span class='ocrx_word' id='word_1_12' title='bbox 1585 483 1674 552; x_wconf 87' lang='lat' dir='ltr'><strong>qui</strong></span> <span class='ocrx_word' id='word_1_13' title='bbox 1719 491 1773 536; x_wconf 92' lang='lat' dir='ltr'><strong>et</strong></span> <span class='ocrx_word' id='word_1_14' title='bbox 1804 481 1907 536; x_wconf 80' lang='lat' dir='ltr'><strong>Bo-</strong></span> <span class='ocrx_word' id='word_1_15' title='bbox 1938 490 1985 548; x_wconf 78' lang='grc' dir='ltr'><strong>Α</strong></span> <span class='ocrx_word' id='word_1_16' title='bbox 2012 488 2208 549; x_wconf 84' lang='lat' dir='ltr'><strong>sidere,</strong></span> <span class='ocrx_word' id='word_1_17' title='bbox 2237 498 2291 541; x_wconf 92' lang='lat' dir='ltr'><strong>et</strong></span> <span class='ocrx_word' id='word_1_18' title='bbox 2321 497 2376 540; x_wconf 95' lang='lat' dir='ltr'><strong>tu</strong></span> <span class='ocrx_word' id='word_1_19' title='bbox 2399 487 2560 541; x_wconf 85' lang='lat' dir='ltr'><strong>etiam</strong></span> <span class='ocrx_word' id='word_1_20' title='bbox 2588 503 2684 555; x_wconf 91' lang='lat' dir='ltr'><strong>pro</strong></span> <span class='ocrx_word' id='word_1_21' title='bbox 2709 489 3000 542; x_wconf 78' lang='lat' dir='ltr'><strong>venerabili</strong></span> <span class='ocrx_word' id='word_1_22' title='bbox 3032 498 3121 544; x_wconf 92' lang='lat' dir='ltr'><strong>tuo</strong></span> <span class='ocrx_word' id='word_1_23' title='bbox 3149 491 3472 544; x_wconf 84' lang='lat' dir='ltr'><strong>monasterio</strong></span> <span class='ocrx_word' id='word_1_24' title='bbox 3495 490 3584 546; x_wconf 88' lang='lat' dir='ltr'><strong>vel</strong></span> 
     </span>
    </p>
   </div>
   <div class='ocr_carea' id='block_1_5' title="bbox 332 574 1908 643">
    <p class='ocr_par' dir='ltr' id='par_1_5' title="bbox 332 574 1908 643">
     <span class='ocr_line' id='line_1_5' title="bbox 332 574 1908 643; baseline -0.002 -14"><span class='ocrx_word' id='word_1_25' title='bbox 332 577 479 630; x_wconf 86' lang='lat' dir='ltr'><strong>mani</strong></span> <span class='ocrx_word' id='word_1_26' title='bbox 509 585 730 632; x_wconf 82' lang='lat' dir='ltr'><strong>vocatur</strong></span> <span class='ocrx_word' id='word_1_27' title='bbox 759 575 812 630; x_wconf 91' lang='lat' dir='ltr'><strong>in</strong></span> <span class='ocrx_word' id='word_1_28' title='bbox 858 575 1120 643; x_wconf 85' lang='lat' dir='ltr'><strong>integrum</strong></span> <span class='ocrx_word' id='word_1_29' title='bbox 1154 593 1164 626; x_wconf 87' lang='lat'><strong>:</strong></span> <span class='ocrx_word' id='word_1_30' title='bbox 1197 584 1253 629; x_wconf 93' lang='lat' dir='ltr'><strong>et</strong></span> <span class='ocrx_word' id='word_1_31' title='bbox 1293 575 1631 629; x_wconf 88' lang='lat' dir='ltr'><strong>medietatem</strong></span> <span class='ocrx_word' id='word_1_32' title='bbox 1669 574 1733 628; x_wconf 91' lang='lat' dir='ltr'><strong>de</strong></span> <span class='ocrx_word' id='word_1_33' title='bbox 1763 574 1908 637; x_wconf 90' lang='lat' dir='ltr'><strong>villa,</strong></span> 
     </span>
    </p>
   </div>
   <div class='ocr_carea' id='block_1_6' title="bbox 329 663 1908 738">
    <p class='ocr_par' dir='ltr' id='par_1_6' title="bbox 329 663 1908 738">
     <span class='ocr_line' id='line_1_6' title="bbox 329 663 1908 738; baseline -0.003 -17"><span class='ocrx_word' id='word_1_34' title='bbox 329 682 452 736; x_wconf 75' lang='lat' dir='ltr'><strong>qua:</strong></span> <span class='ocrx_word' id='word_1_35' title='bbox 482 666 781 738; x_wconf 74' lang='lat' dir='ltr'><strong>appellatur</strong></span> <span class='ocrx_word' id='word_1_36' title='bbox 810 665 960 734; x_wconf 88' lang='lat' dir='ltr'><strong>Papi,</strong></span> <span class='ocrx_word' id='word_1_37' title='bbox 991 681 1096 717; x_wconf 86' lang='lat' dir='ltr'><strong>una</strong></span> <span class='ocrx_word' id='word_1_38' title='bbox 1144 680 1268 719; x_wconf 93' lang='lat' dir='ltr'><strong>cum</strong></span> <span class='ocrx_word' id='word_1_39' title='bbox 1318 664 1498 720; x_wconf 90' lang='lat' dir='ltr'><strong>fundis</strong></span> <span class='ocrx_word' id='word_1_40' title='bbox 1542 673 1596 720; x_wconf 92' lang='lat' dir='ltr'><strong>et</strong></span> <span class='ocrx_word' id='word_1_41' title='bbox 1624 663 1908 726; x_wconf 86' lang='lat' dir='ltr'><strong>casalibus,</strong></span> 
     </span>
    </p>
   </div>
   <div class='ocr_carea' id='block_1_7' title="bbox 333 751 1911 824">
    <p class='ocr_par' dir='ltr' id='par_1_7' title="bbox 333 751 1911 824">
     <span class='ocr_line' id='line_1_7' title="bbox 333 751 1911 824; baseline -0.003 -16"><span class='ocrx_word' id='word_1_42' title='bbox 333 757 508 813; x_wconf 77' lang='lat' dir='ltr'><strong>vineis</strong></span> <span class='ocrx_word' id='word_1_43' title='bbox 551 765 607 812; x_wconf 92' lang='lat' dir='ltr'><strong>et</strong></span> <span class='ocrx_word' id='word_1_44' title='bbox 650 755 826 820; x_wconf 88' lang='lat' dir='ltr'><strong>terris;</strong></span> <span class='ocrx_word' id='word_1_45' title='bbox 865 755 1092 822; x_wconf 86' lang='lat' dir='ltr'><strong>campis,</strong></span> <span class='ocrx_word' id='word_1_46' title='bbox 1136 754 1325 824; x_wconf 90' lang='lat' dir='ltr'><strong>pratis,</strong></span> <span class='ocrx_word' id='word_1_47' title='bbox 1370 754 1602 824; x_wconf 88' lang='lat' dir='ltr'><strong>pascuis,</strong></span> <span class='ocrx_word' id='word_1_48' title='bbox 1650 762 1704 806; x_wconf 93' lang='lat' dir='ltr'><strong>et</strong></span> <span class='ocrx_word' id='word_1_49' title='bbox 1744 751 1911 814; x_wconf 87' lang='lat' dir='ltr'><strong>silvis,</strong></span> 
     </span>
    </p>
   </div>
   <div class='ocr_carea' id='block_1_8' title="bbox 332 844 1912 914">
    <p class='ocr_par' dir='ltr' id='par_1_8' title="bbox 332 844 1912 914">
     <span class='ocr_line' id='line_1_8' title="bbox 332 844 1912 914; baseline -0.004 -12"><span class='ocrx_word' id='word_1_50' title='bbox 332 847 574 912; x_wconf 84' lang='lat' dir='ltr'><strong>salectis,</strong></span> <span class='ocrx_word' id='word_1_51' title='bbox 614 847 870 911; x_wconf 84' lang='lat' dir='ltr'><strong>fontibus,</strong></span> <span class='ocrx_word' id='word_1_52' title='bbox 908 859 970 899; x_wconf 88' lang='lat' dir='ltr'><strong>ac</strong></span> <span class='ocrx_word' id='word_1_53' title='bbox 1013 845 1163 910; x_wconf 85' lang='lat' dir='ltr'><strong>rivis,</strong></span> <span class='ocrx_word' id='word_1_54' title='bbox 1197 861 1316 900; x_wconf 91' lang='lat' dir='ltr'><strong>cum</strong></span> <span class='ocrx_word' id='word_1_55' title='bbox 1356 844 1661 914; x_wconf 90' lang='lat' dir='ltr'><strong>aquimolis,</strong></span> <span class='ocrx_word' id='word_1_56' title='bbox 1702 852 1758 898; x_wconf 93' lang='lat' dir='ltr'><strong>et</strong></span> <span class='ocrx_word' id='word_1_57' title='bbox 1791 858 1912 896; x_wconf 91' lang='lat' dir='ltr'><strong>cum</strong></span> 
     </span>
    </p>
   </div>
   <div class='ocr_carea' id='block_1_9' title="bbox 333 930 1912 1004">
    <p class='ocr_par' dir='ltr' id='par_1_9' title="bbox 333 930 1912 1004">
     <span class='ocr_line' id='line_1_9' title="bbox 333 930 1912 1004; baseline -0.004 -15"><span class='ocrx_word' id='word_1_58' title='bbox 333 934 584 990; x_wconf 89' lang='lat' dir='ltr'><strong>omnibus</strong></span> <span class='ocrx_word' id='word_1_59' title='bbox 619 950 717 1004; x_wconf 92' lang='lat' dir='ltr'><strong>pro</strong></span> <span class='ocrx_word' id='word_1_60' title='bbox 747 934 970 1004; x_wconf 83' lang='lat' dir='ltr'><strong>singulis</strong></span> <span class='ocrx_word' id='word_1_61' title='bbox 1002 932 1155 997; x_wconf 90' lang='lat' dir='ltr'><strong>locis,</strong></span> <span class='ocrx_word' id='word_1_62' title='bbox 1186 941 1241 986; x_wconf 91' lang='lat' dir='ltr'><strong>et</strong></span> <span class='ocrx_word' id='word_1_63' title='bbox 1270 932 1544 988; x_wconf 86' lang='lat' dir='ltr'><strong>vocabulis</strong></span> <span class='ocrx_word' id='word_1_64' title='bbox 1570 930 1912 1002; x_wconf 89' lang='lat' dir='ltr'><strong>generaliter,</strong></span> 
     </span>
    </p>
   </div>
   <div class='ocr_carea' id='block_1_10' title="bbox 333 1025 1916 1099">
    <p class='ocr_par' dir='ltr' id='par_1_10' title="bbox 333 1025 1916 1099">
     <span class='ocr_line' id='line_1_10' title="bbox 333 1025 1916 1099; baseline -0.003 -17"><span class='ocrx_word' id='word_1_65' title='bbox 333 1039 392 1083; x_wconf 90' lang='lat' dir='ltr'><strong>et</strong></span> <span class='ocrx_word' id='word_1_66' title='bbox 409 1029 461 1082; x_wconf 93' lang='lat' dir='ltr'><strong>in</strong></span> <span class='ocrx_word' id='word_1_67' title='bbox 485 1030 749 1099; x_wconf 84' lang='lat' dir='ltr'><strong>integrum</strong></span> <span class='ocrx_word' id='word_1_68' title='bbox 769 1029 1179 1098; x_wconf 87' lang='lat' dir='ltr'><strong>pertinentibus.</strong></span> <span class='ocrx_word' id='word_1_69' title='bbox 1199 1026 1461 1082; x_wconf 85' lang='lat' dir='ltr'><strong>Omnibus</strong></span> <span class='ocrx_word' id='word_1_70' title='bbox 1479 1025 1590 1094; x_wconf 88' lang='lat' dir='ltr'><strong>jam</strong></span> <span class='ocrx_word' id='word_1_71' title='bbox 1609 1026 1765 1081; x_wconf 90' lang='lat' dir='ltr'><strong>dictis</strong></span> <span class='ocrx_word' id='word_1_72' title='bbox 1786 1025 1916 1079; x_wconf 87' lang='lat' dir='ltr'><strong>locis</strong></span> 
     </span>
    </p>
   </div>
   <div class='ocr_carea' id='block_1_11' title="bbox 339 1117 1920 1176">
    <p class='ocr_par' dir='ltr' id='par_1_11' title="bbox 339 1117 1920 1176">
     <span class='ocr_line' id='line_1_11' title="bbox 339 1117 1920 1176; baseline -0.005 0"><span class='ocrx_word' id='word_1_73' title='bbox 339 1123 613 1176; x_wconf 90' lang='lat' dir='ltr'><strong>territorio</strong></span> <span class='ocrx_word' id='word_1_74' title='bbox 645 1122 924 1176; x_wconf 83' lang='lat' dir='ltr'><strong>Tiburtino</strong></span> <span class='ocrx_word' id='word_1_75' title='bbox 968 1120 1084 1174; x_wconf 73' lang='lat' dir='ltr'><strong>sita:</strong></span> <span class='ocrx_word' id='word_1_76' title='bbox 1113 1129 1256 1174; x_wconf 90' lang='lat' dir='ltr'><strong>sunt.</strong></span> <span class='ocrx_word' id='word_1_77' title='bbox 1286 1119 1353 1172; x_wconf 80' lang='lat' dir='ltr'><strong>At</strong></span> <span class='ocrx_word' id='word_1_78' title='bbox 1384 1134 1508 1173; x_wconf 92' lang='lat' dir='ltr'><strong>vero</strong></span> <span class='ocrx_word' id='word_1_79' title='bbox 1552 1129 1604 1171; x_wconf 91' lang='lat' dir='ltr'><strong>et</strong></span> <span class='ocrx_word' id='word_1_80' title='bbox 1634 1117 1920 1171; x_wconf 86' lang='lat' dir='ltr'><strong>confirma-</strong></span> 
     </span>
    </p>
   </div>
   <div class='ocr_carea' id='block_1_12' title="bbox 340 1209 1928 1279">
    <p class='ocr_par' dir='ltr' id='par_1_12' title="bbox 340 1209 1928 1279">
     <span class='ocr_line' id='line_1_12' title="bbox 340 1209 1928 1279; baseline -0.003 -14"><span class='ocrx_word' id='word_1_81' title='bbox 340 1228 460 1266; x_wconf 88' lang='lat' dir='ltr'><strong>mus</strong></span> <span class='ocrx_word' id='word_1_82' title='bbox 506 1212 657 1266; x_wconf 84' lang='lat' dir='ltr'><strong>vobis</strong></span> <span class='ocrx_word' id='word_1_83' title='bbox 703 1211 1002 1279; x_wconf 72' lang='lat' dir='ltr'><strong>vestrisque</strong></span> <span class='ocrx_word' id='word_1_84' title='bbox 1049 1209 1452 1264; x_wconf 77' lang='lat' dir='ltr'><strong>successoribus</strong></span> <span class='ocrx_word' id='word_1_85' title='bbox 1495 1209 1682 1262; x_wconf 85' lang='lat' dir='ltr'><strong>cellam</strong></span> <span class='ocrx_word' id='word_1_86' title='bbox 1720 1217 1928 1262; x_wconf 65' lang='lat' dir='ltr'><strong>sanetur</strong></span> 
     </span>
    </p>
   </div>
   <div class='ocr_carea' id='block_1_13' title="bbox 341 1295 1921 1369">
    <p class='ocr_par' dir='ltr' id='par_1_13' title="bbox 341 1295 1921 1369">
     <span class='ocr_line' id='line_1_13' title="bbox 341 1295 1921 1369; baseline -0.004 -16"><span class='ocrx_word' id='word_1_87' title='bbox 341 1299 614 1364; x_wconf 60' lang='lat' dir='ltr'><strong>Barbarae,</strong></span> <span class='ocrx_word' id='word_1_88' title='bbox 662 1314 781 1369; x_wconf 64' lang='lat' dir='ltr'><strong>quae</strong></span> <span class='ocrx_word' id='word_1_89' title='bbox 808 1308 892 1353; x_wconf 94' lang='lat' dir='ltr'><strong>est</strong></span> <span class='ocrx_word' id='word_1_90' title='bbox 938 1300 1078 1352; x_wconf 90' lang='lat' dir='ltr'><strong>intro</strong></span> <span class='ocrx_word' id='word_1_91' title='bbox 1118 1297 1332 1351; x_wconf 87' lang='lat' dir='ltr'><strong>civitate</strong></span> <span class='ocrx_word' id='word_1_92' title='bbox 1363 1297 1662 1360; x_wconf 89' lang='lat' dir='ltr'><strong>Tiburtina,</strong></span> <span class='ocrx_word' id='word_1_93' title='bbox 1701 1296 1753 1348; x_wconf 92' lang='lat' dir='ltr'><strong>in</strong></span> <span class='ocrx_word' id='word_1_94' title='bbox 1785 1295 1921 1348; x_wconf 89' lang='lat' dir='ltr'><strong>inte-</strong></span> 
     </span>
    </p>
   </div>
   <div class='ocr_carea' id='block_1_14' title="bbox 340 1387 1922 1460">
    <p class='ocr_par' dir='ltr' id='par_1_14' title="bbox 340 1387 1922 1460">
     <span class='ocr_line' id='line_1_14' title="bbox 340 1387 1922 1460; baseline -0.001 -19"><span class='ocrx_word' id='word_1_95' title='bbox 340 1407 494 1460; x_wconf 91' lang='lat' dir='ltr'><strong>grum</strong></span> <span class='ocrx_word' id='word_1_96' title='bbox 525 1406 648 1444; x_wconf 89' lang='lat' dir='ltr'><strong>cum</strong></span> <span class='ocrx_word' id='word_1_97' title='bbox 698 1389 944 1444; x_wconf 88' lang='lat' dir='ltr'><strong>domibus</strong></span> <span class='ocrx_word' id='word_1_98' title='bbox 986 1398 1043 1443; x_wconf 90' lang='lat' dir='ltr'><strong>et</strong></span> <span class='ocrx_word' id='word_1_99' title='bbox 1081 1388 1230 1443; x_wconf 89' lang='lat' dir='ltr'><strong>cellis</strong></span> <span class='ocrx_word' id='word_1_100' title='bbox 1284 1389 1424 1441; x_wconf 88' lang='lat' dir='ltr'><strong>intra</strong></span> <span class='ocrx_word' id='word_1_101' title='bbox 1490 1402 1548 1442; x_wconf 90' lang='lat' dir='ltr'><strong>se</strong></span> <span class='ocrx_word' id='word_1_102' title='bbox 1605 1402 1728 1442; x_wconf 89' lang='lat' dir='ltr'><strong>cum</strong></span> <span class='ocrx_word' id='word_1_103' title='bbox 1770 1387 1922 1455; x_wconf 86' lang='lat' dir='ltr'><strong>aqui-</strong></span> 
     </span>
    </p>
   </div>
   <div class='ocr_carea' id='block_1_15' title="bbox 343 1477 1922 1544">
    <p class='ocr_par' dir='ltr' id='par_1_15' title="bbox 343 1477 1922 1544">
     <span class='ocr_line' id='line_1_15' title="bbox 343 1477 1922 1544; baseline -0.003 -10"><span class='ocrx_word' id='word_1_104' title='bbox 343 1482 500 1535; x_wconf 90' lang='lat' dir='ltr'><strong>molis</strong></span> <span class='ocrx_word' id='word_1_105' title='bbox 552 1481 663 1536; x_wconf 90' lang='lat' dir='ltr'><strong>suis</strong></span> <span class='ocrx_word' id='word_1_106' title='bbox 710 1481 853 1535; x_wconf 88' lang='lat' dir='ltr'><strong>intro</strong></span> <span class='ocrx_word' id='word_1_107' title='bbox 907 1481 1095 1535; x_wconf 90' lang='lat' dir='ltr'><strong>eadem</strong></span> <span class='ocrx_word' id='word_1_108' title='bbox 1149 1479 1366 1534; x_wconf 79' lang='lat' dir='ltr'><strong>civitate</strong></span> <span class='ocrx_word' id='word_1_109' title='bbox 1409 1488 1463 1533; x_wconf 91' lang='lat' dir='ltr'><strong>et</strong></span> <span class='ocrx_word' id='word_1_110' title='bbox 1514 1477 1746 1544; x_wconf 81' lang='lat' dir='ltr'><strong>deforis,</strong></span> <span class='ocrx_word' id='word_1_111' title='bbox 1801 1493 1922 1534; x_wconf 90' lang='lat' dir='ltr'><strong>cum</strong></span> 
     </span>
    </p>
   </div>
   <div class='ocr_carea' id='block_1_16' title="bbox 341 1569 1922 1638">
    <p class='ocr_par' dir='ltr' id='par_1_16' title="bbox 341 1569 1922 1638">
     <span class='ocr_line' id='line_1_16' title="bbox 341 1569 1922 1638; baseline -0.002 -14"><span class='ocrx_word' id='word_1_112' title='bbox 341 1571 522 1626; x_wconf 87' lang='lat' dir='ltr'><strong>fundis</strong></span> <span class='ocrx_word' id='word_1_113' title='bbox 547 1581 602 1626; x_wconf 91' lang='lat' dir='ltr'><strong>et</strong></span> <span class='ocrx_word' id='word_1_114' title='bbox 632 1572 920 1638; x_wconf 90' lang='lat' dir='ltr'><strong>casalibus,</strong></span> <span class='ocrx_word' id='word_1_115' title='bbox 959 1571 1132 1626; x_wconf 82' lang='lat' dir='ltr'><strong>vineis</strong></span> <span class='ocrx_word' id='word_1_116' title='bbox 1179 1579 1234 1624; x_wconf 90' lang='lat' dir='ltr'><strong>et</strong></span> <span class='ocrx_word' id='word_1_117' title='bbox 1265 1571 1445 1634; x_wconf 89' lang='lat' dir='ltr'><strong>terris,</strong></span> <span class='ocrx_word' id='word_1_118' title='bbox 1477 1570 1702 1638; x_wconf 89' lang='lat' dir='ltr'><strong>campis,</strong></span> <span class='ocrx_word' id='word_1_119' title='bbox 1727 1569 1922 1638; x_wconf 89' lang='lat' dir='ltr'><strong>pratis,</strong></span> 
     </span>
    </p>
   </div>
   <div class='ocr_carea' id='block_1_17' title="bbox 345 1658 1924 1732">
    <p class='ocr_par' dir='ltr' id='par_1_17' title="bbox 345 1658 1924 1732">
     <span class='ocr_line' id='line_1_17' title="bbox 345 1658 1924 1732; baseline -0.002 -17"><span class='ocrx_word' id='word_1_120' title='bbox 345 1663 560 1732; x_wconf 89' lang='lat' dir='ltr'><strong>pascuis</strong></span> <span class='ocrx_word' id='word_1_121' title='bbox 608 1672 661 1716; x_wconf 91' lang='lat' dir='ltr'><strong>et</strong></span> <span class='ocrx_word' id='word_1_122' title='bbox 707 1663 859 1717; x_wconf 88' lang='lat' dir='ltr'><strong>silvis</strong></span> <span class='ocrx_word' id='word_1_123' title='bbox 894 1701 910 1726; x_wconf 92' lang='lat'><strong>,</strong></span> <span class='ocrx_word' id='word_1_124' title='bbox 959 1677 1083 1716; x_wconf 88' lang='lat' dir='ltr'><strong>cum</strong></span> <span class='ocrx_word' id='word_1_125' title='bbox 1141 1661 1286 1716; x_wconf 90' lang='lat' dir='ltr'><strong>omni</strong></span> <span class='ocrx_word' id='word_1_126' title='bbox 1330 1676 1424 1716; x_wconf 91' lang='lat' dir='ltr'><strong>sua</strong></span> <span class='ocrx_word' id='word_1_127' title='bbox 1464 1660 1785 1730; x_wconf 84' lang='lat' dir='ltr'><strong>pertinentia</strong></span> <span class='ocrx_word' id='word_1_128' title='bbox 1842 1658 1924 1714; x_wconf 86' lang='lat' dir='ltr'><strong>vel</strong></span> 
     </span>
    </p>
   </div>
   <div class='ocr_carea' id='block_1_18' title="bbox 343 1750 1923 1820">
    <p class='ocr_par' dir='ltr' id='par_1_18' title="bbox 343 1750 1923 1820">
     <span class='ocr_line' id='line_1_18' title="bbox 343 1750 1923 1820; baseline 0.001 -18"><span class='ocrx_word' id='word_1_129' title='bbox 343 1751 664 1820; x_wconf 87' lang='lat' dir='ltr'><strong>adjacentia.</strong></span> <span class='ocrx_word' id='word_1_130' title='bbox 715 1753 841 1806; x_wconf 82' lang='lat' dir='ltr'><strong>Sive</strong></span> <span class='ocrx_word' id='word_1_131' title='bbox 881 1753 1042 1806; x_wconf 92' lang='lat' dir='ltr'><strong>etiam</strong></span> <span class='ocrx_word' id='word_1_132' title='bbox 1081 1761 1137 1806; x_wconf 88' lang='lat' dir='ltr'><strong>et</strong></span> <span class='ocrx_word' id='word_1_133' title='bbox 1183 1751 1320 1805; x_wconf 89' lang='lat' dir='ltr'><strong>infra</strong></span> <span class='ocrx_word' id='word_1_134' title='bbox 1353 1750 1508 1818; x_wconf 89' lang='lat' dir='ltr'><strong>hujus</strong></span> <span class='ocrx_word' id='word_1_135' title='bbox 1538 1751 1690 1805; x_wconf 71' lang='lat' dir='ltr'><strong>alma:</strong></span> <span class='ocrx_word' id='word_1_136' title='bbox 1737 1750 1923 1804; x_wconf 69' lang='lat' dir='ltr'><strong>Roma:</strong></span> 
     </span>
    </p>
   </div>
   <div class='ocr_carea' id='block_1_19' title="bbox 2013 579 3582 647">
    <p class='ocr_par' dir='ltr' id='par_1_19' title="bbox 2013 579 3582 647">
     <span class='ocr_line' id='line_1_19' title="bbox 2013 579 3582 647; baseline 0.002 -14"><span class='ocrx_word' id='word_1_137' title='bbox 2013 594 2351 634; x_wconf 88' lang='lat' dir='ltr'><strong>successores</strong></span> <span class='ocrx_word' id='word_1_138' title='bbox 2406 579 2480 631; x_wconf 94' lang='lat' dir='ltr'><strong>tui</strong></span> <span class='ocrx_word' id='word_1_139' title='bbox 2537 580 2790 643; x_wconf 85' lang='lat' dir='ltr'><strong>abbates,</strong></span> <span class='ocrx_word' id='word_1_140' title='bbox 2841 581 3149 647; x_wconf 89' lang='lat' dir='ltr'><strong>possideant</strong></span> <span class='ocrx_word' id='word_1_141' title='bbox 3178 594 3241 634; x_wconf 88' lang='lat' dir='ltr'><strong>ac</strong></span> <span class='ocrx_word' id='word_1_142' title='bbox 3269 581 3582 646; x_wconf 87' lang='lat' dir='ltr'><strong>detineant,</strong></span> 
     </span>
    </p>
   </div>
   <div class='ocr_carea' id='block_1_20' title="bbox 2014 669 3584 742">
    <p class='ocr_par' dir='ltr' id='par_1_20' title="bbox 2014 669 3584 742">
     <span class='ocr_line' id='line_1_20' title="bbox 2014 669 3584 742; baseline 0.002 -18"><span class='ocrx_word' id='word_1_143' title='bbox 2014 679 2172 739; x_wconf 90' lang='lat' dir='ltr'><strong>atque</strong></span> <span class='ocrx_word' id='word_1_144' title='bbox 2196 669 2569 738; x_wconf 85' lang='lat' dir='ltr'><strong>jurisdictione</strong></span> <span class='ocrx_word' id='word_1_145' title='bbox 2592 672 2642 724; x_wconf 94' lang='lat' dir='ltr'><strong>in</strong></span> <span class='ocrx_word' id='word_1_146' title='bbox 2672 682 2987 742; x_wconf 87' lang='lat' dir='ltr'><strong>perpetuum</strong></span> <span class='ocrx_word' id='word_1_147' title='bbox 3012 671 3253 728; x_wconf 89' lang='lat' dir='ltr'><strong>fruentes</strong></span> <span class='ocrx_word' id='word_1_148' title='bbox 3275 673 3584 738; x_wconf 82' lang='lat' dir='ltr'><strong>defendant,</strong></span> 
     </span>
    </p>
   </div>
   <div class='ocr_carea' id='block_1_21' title="bbox 2013 765 3587 837">
    <p class='ocr_par' dir='ltr' id='par_1_21' title="bbox 2013 765 3587 837">
     <span class='ocr_line' id='line_1_21' title="bbox 2013 765 3587 837; baseline 0.001 -16"><span class='ocrx_word' id='word_1_149' title='bbox 2013 775 2069 821; x_wconf 86' lang='lat' dir='ltr'><strong>et</strong></span> <span class='ocrx_word' id='word_1_150' title='bbox 2113 767 2166 819; x_wconf 87' lang='lat' dir='ltr'><strong>in</strong></span> <span class='ocrx_word' id='word_1_151' title='bbox 2211 765 2496 821; x_wconf 84' lang='lat' dir='ltr'><strong>utilitatem</strong></span> <span class='ocrx_word' id='word_1_152' title='bbox 2544 767 2782 836; x_wconf 87' lang='lat' dir='ltr'><strong>ejusdem</strong></span> <span class='ocrx_word' id='word_1_153' title='bbox 2813 767 2884 837; x_wconf 92' lang='lat' dir='ltr'><strong>pii</strong></span> <span class='ocrx_word' id='word_1_154' title='bbox 2931 766 3030 822; x_wconf 93' lang='lat' dir='ltr'><strong>loci</strong></span> <span class='ocrx_word' id='word_1_155' title='bbox 3073 768 3382 837; x_wconf 88' lang='lat' dir='ltr'><strong>perenniter</strong></span> <span class='ocrx_word' id='word_1_156' title='bbox 3418 770 3587 837; x_wconf 87' lang='lat' dir='ltr'><strong>proli-</strong></span> 
     </span>
    </p>
   </div>
   <div class='ocr_carea' id='block_1_22' title="bbox 2017 858 3591 929">
    <p class='ocr_par' dir='ltr' id='par_1_22' title="bbox 2017 858 3591 929">
     <span class='ocr_line' id='line_1_22' title="bbox 2017 858 3591 929; baseline 0.001 -14"><span class='ocrx_word' id='word_1_157' title='bbox 2017 860 2180 915; x_wconf 88' lang='lat' dir='ltr'><strong>ciant.</strong></span> <span class='ocrx_word' id='word_1_158' title='bbox 2215 858 2317 914; x_wconf 88' lang='lat' dir='ltr'><strong>Pro</strong></span> <span class='ocrx_word' id='word_1_159' title='bbox 2345 874 2452 929; x_wconf 93' lang='lat' dir='ltr'><strong>quo</strong></span> <span class='ocrx_word' id='word_1_160' title='bbox 2480 859 2645 913; x_wconf 89' lang='lat' dir='ltr'><strong>etiam</strong></span> <span class='ocrx_word' id='word_1_161' title='bbox 2691 860 2790 914; x_wconf 91' lang='lat' dir='ltr'><strong>sub</strong></span> <span class='ocrx_word' id='word_1_162' title='bbox 2821 859 2983 914; x_wconf 90' lang='lat' dir='ltr'><strong>divini</strong></span> <span class='ocrx_word' id='word_1_163' title='bbox 3007 859 3195 928; x_wconf 89' lang='lat' dir='ltr'><strong>judicii</strong></span> <span class='ocrx_word' id='word_1_164' title='bbox 3231 861 3591 917; x_wconf 88' lang='lat' dir='ltr'><strong>obtestatione</strong></span> 
     </span>
    </p>
   </div>
   <div class='ocr_carea' id='block_1_23' title="bbox 2016 951 3597 1025">
    <p class='ocr_par' dir='ltr' id='par_1_23' title="bbox 2016 951 3597 1025">
     <span class='ocr_line' id='line_1_23' title="bbox 2016 951 3597 1025; baseline 0.001 -17"><span class='ocrx_word' id='word_1_165' title='bbox 2016 951 2416 1024; x_wconf 89' lang='lat' dir='ltr'><strong>promulgantes</strong></span> <span class='ocrx_word' id='word_1_166' title='bbox 2461 952 2830 1017; x_wconf 89' lang='lat' dir='ltr'><strong>decernimus,</strong></span> <span class='ocrx_word' id='word_1_167' title='bbox 2873 962 2932 1007; x_wconf 93' lang='lat' dir='ltr'><strong>ut</strong></span> <span class='ocrx_word' id='word_1_168' title='bbox 2977 953 3119 1007; x_wconf 92' lang='lat' dir='ltr'><strong>nulla</strong></span> <span class='ocrx_word' id='word_1_169' title='bbox 3147 969 3381 1024; x_wconf 87' lang='lat' dir='ltr'><strong>unquam</strong></span> <span class='ocrx_word' id='word_1_170' title='bbox 3414 956 3597 1025; x_wconf 87' lang='lat' dir='ltr'><strong>cujus-</strong></span> 
     </span>
    </p>
   </div>
   <div class='ocr_carea' id='block_1_24' title="bbox 2019 1043 3595 1115">
    <p class='ocr_par' dir='ltr' id='par_1_24' title="bbox 2019 1043 3595 1115">
     <span class='ocr_line' id='line_1_24' title="bbox 2019 1043 3595 1115; baseline -0.001 -16"><span class='ocrx_word' id='word_1_171' title='bbox 2019 1062 2124 1115; x_wconf 87' lang='lat' dir='ltr'><strong>que</strong></span> <span class='ocrx_word' id='word_1_172' title='bbox 2153 1043 2377 1114; x_wconf 73' lang='lat' dir='ltr'><strong>publica:</strong></span> <span class='ocrx_word' id='word_1_173' title='bbox 2409 1043 2707 1098; x_wconf 89' lang='lat' dir='ltr'><strong>altitudinis</strong></span> <span class='ocrx_word' id='word_1_174' title='bbox 2734 1044 2972 1098; x_wconf 91' lang='lat' dir='ltr'><strong>virorum</strong></span> <span class='ocrx_word' id='word_1_175' title='bbox 3005 1044 3118 1099; x_wconf 88' lang='lat' dir='ltr'><strong>sive</strong></span> <span class='ocrx_word' id='word_1_176' title='bbox 3159 1043 3478 1108; x_wconf 87' lang='lat' dir='ltr'><strong>mulierum,</strong></span> <span class='ocrx_word' id='word_1_177' title='bbox 3511 1044 3595 1099; x_wconf 87' lang='lat' dir='ltr'><strong>vel</strong></span> 
     </span>
    </p>
   </div>
   <div class='ocr_carea' id='block_1_25' title="bbox 2021 1137 3596 1207">
    <p class='ocr_par' dir='ltr' id='par_1_25' title="bbox 2021 1137 3596 1207">
     <span class='ocr_line' id='line_1_25' title="bbox 2021 1137 3596 1207; baseline -0.001 -14"><span class='ocrx_word' id='word_1_178' title='bbox 2021 1141 2182 1194; x_wconf 91' lang='lat' dir='ltr'><strong>etiam</strong></span> <span class='ocrx_word' id='word_1_179' title='bbox 2217 1139 2318 1191; x_wconf 88' lang='lat' dir='ltr'><strong>alia</strong></span> <span class='ocrx_word' id='word_1_180' title='bbox 2351 1137 2734 1206; x_wconf 84' lang='lat' dir='ltr'><strong>cujuscumque</strong></span> <span class='ocrx_word' id='word_1_181' title='bbox 2762 1137 2832 1190; x_wconf 90' lang='lat' dir='ltr'><strong>sit</strong></span> <span class='ocrx_word' id='word_1_182' title='bbox 2861 1137 3141 1207; x_wconf 78' lang='lat' dir='ltr'><strong>dignitatis</strong></span> <span class='ocrx_word' id='word_1_183' title='bbox 3184 1151 3374 1207; x_wconf 88' lang='lat' dir='ltr'><strong>magna</strong></span> <span class='ocrx_word' id='word_1_184' title='bbox 3404 1151 3596 1206; x_wconf 86' lang='lat' dir='ltr'><strong>parva-</strong></span> 
     </span>
    </p>
   </div>
   <div class='ocr_carea' id='block_1_26' title="bbox 2021 1226 3596 1300">
    <p class='ocr_par' dir='ltr' id='par_1_26' title="bbox 2021 1226 3596 1300">
     <span class='ocr_line' id='line_1_26' title="bbox 2021 1226 3596 1300; baseline -0.003 -18"><span class='ocrx_word' id='word_1_185' title='bbox 2021 1246 2124 1300; x_wconf 90' lang='lat' dir='ltr'><strong>que</strong></span> <span class='ocrx_word' id='word_1_186' title='bbox 2154 1244 2403 1298; x_wconf 89' lang='lat' dir='ltr'><strong>persona,</strong></span> <span class='ocrx_word' id='word_1_187' title='bbox 2449 1228 2853 1298; x_wconf 89' lang='lat' dir='ltr'><strong>quomodolibet</strong></span> <span class='ocrx_word' id='word_1_188' title='bbox 2875 1226 3302 1295; x_wconf 90' lang='lat' dir='ltr'><strong>jurisdictionem</strong></span> <span class='ocrx_word' id='word_1_189' title='bbox 3339 1241 3596 1281; x_wconf 77' lang='lat' dir='ltr'><strong>exercere</strong></span> 
     </span>
    </p>
   </div>
   <div class='ocr_carea' id='block_1_27' title="bbox 2025 1319 3598 1392">
    <p class='ocr_par' dir='ltr' id='par_1_27' title="bbox 2025 1319 3598 1392">
     <span class='ocr_line' id='line_1_27' title="bbox 2025 1319 3598 1392; baseline -0.004 -16"><span class='ocrx_word' id='word_1_190' title='bbox 2025 1325 2075 1376; x_wconf 93' lang='lat' dir='ltr'><strong>in</strong></span> <span class='ocrx_word' id='word_1_191' title='bbox 2100 1324 2207 1392; x_wconf 87' lang='lat' dir='ltr'><strong>jam</strong></span> <span class='ocrx_word' id='word_1_192' title='bbox 2234 1323 2376 1376; x_wconf 91' lang='lat' dir='ltr'><strong>dicto</strong></span> <span class='ocrx_word' id='word_1_193' title='bbox 2407 1322 2732 1376; x_wconf 89' lang='lat' dir='ltr'><strong>monasterio</strong></span> <span class='ocrx_word' id='word_1_194' title='bbox 2763 1321 2844 1375; x_wconf 88' lang='lat' dir='ltr'><strong>vel</strong></span> <span class='ocrx_word' id='word_1_195' title='bbox 2870 1321 2922 1374; x_wconf 91' lang='lat' dir='ltr'><strong>in</strong></span> <span class='ocrx_word' id='word_1_196' title='bbox 2950 1319 3202 1384; x_wconf 89' lang='lat' dir='ltr'><strong>castellis,</strong></span> <span class='ocrx_word' id='word_1_197' title='bbox 3232 1320 3445 1383; x_wconf 90' lang='lat' dir='ltr'><strong>massis,</strong></span> <span class='ocrx_word' id='word_1_198' title='bbox 3477 1319 3598 1371; x_wconf 87' lang='lat' dir='ltr'><strong>fun-</strong></span> 
     </span>
    </p>
   </div>
   <div class='ocr_carea' id='block_1_28' title="bbox 2025 1406 3598 1480">
    <p class='ocr_par' dir='ltr' id='par_1_28' title="bbox 2025 1406 3598 1480">
     <span class='ocr_line' id='line_1_28' title="bbox 2025 1406 3598 1480; baseline -0.005 -14"><span class='ocrx_word' id='word_1_199' title='bbox 2025 1413 2124 1474; x_wconf 87' lang='lat' dir='ltr'><strong>dis,</strong></span> <span class='ocrx_word' id='word_1_200' title='bbox 2160 1421 2214 1466; x_wconf 92' lang='lat' dir='ltr'><strong>et</strong></span> <span class='ocrx_word' id='word_1_201' title='bbox 2261 1411 2551 1475; x_wconf 85' lang='lat' dir='ltr'><strong>casalibus,</strong></span> <span class='ocrx_word' id='word_1_202' title='bbox 2585 1409 2801 1480; x_wconf 67' lang='lat' dir='ltr'><strong>praediis</strong></span> <span class='ocrx_word' id='word_1_203' title='bbox 2833 1409 2992 1463; x_wconf 91' lang='lat' dir='ltr'><strong>cultis</strong></span> <span class='ocrx_word' id='word_1_204' title='bbox 3034 1417 3089 1463; x_wconf 93' lang='lat' dir='ltr'><strong>et</strong></span> <span class='ocrx_word' id='word_1_205' title='bbox 3137 1407 3374 1471; x_wconf 90' lang='lat' dir='ltr'><strong>incultis,</strong></span> <span class='ocrx_word' id='word_1_206' title='bbox 3419 1406 3502 1460; x_wconf 88' lang='lat' dir='ltr'><strong>vel</strong></span> <span class='ocrx_word' id='word_1_207' title='bbox 3546 1407 3598 1459; x_wconf 91' lang='lat' dir='ltr'><strong>in</strong></span> 
     </span>
    </p>
   </div>
   <div class='ocr_carea' id='block_1_29' title="bbox 2027 1497 3601 1569">
    <p class='ocr_par' dir='ltr' id='par_1_29' title="bbox 2027 1497 3601 1569">
     <span class='ocr_line' id='line_1_29' title="bbox 2027 1497 3601 1569; baseline -0.002 -16"><span class='ocrx_word' id='word_1_208' title='bbox 2027 1500 2183 1569; x_wconf 91' lang='lat' dir='ltr'><strong>aquis</strong></span> <span class='ocrx_word' id='word_1_209' title='bbox 2209 1541 2223 1563; x_wconf 94' lang='lat'><strong>,</strong></span> <span class='ocrx_word' id='word_1_210' title='bbox 2275 1500 2620 1562; x_wconf 89' lang='lat' dir='ltr'><strong>molendiuis,</strong></span> <span class='ocrx_word' id='word_1_211' title='bbox 2675 1507 2730 1552; x_wconf 90' lang='lat' dir='ltr'><strong>et</strong></span> <span class='ocrx_word' id='word_1_212' title='bbox 2766 1497 3015 1568; x_wconf 89' lang='lat' dir='ltr'><strong>piscariis</strong></span> <span class='ocrx_word' id='word_1_213' title='bbox 3038 1540 3050 1562; x_wconf 91' lang='lat'><strong>,</strong></span> <span class='ocrx_word' id='word_1_214' title='bbox 3079 1497 3162 1551; x_wconf 89' lang='lat' dir='ltr'><strong>vel</strong></span> <span class='ocrx_word' id='word_1_215' title='bbox 3191 1498 3242 1550; x_wconf 90' lang='lat' dir='ltr'><strong>in</strong></span> <span class='ocrx_word' id='word_1_216' title='bbox 3270 1497 3446 1566; x_wconf 88' lang='lat' dir='ltr'><strong>aliqua</strong></span> <span class='ocrx_word' id='word_1_217' title='bbox 3479 1510 3601 1566; x_wconf 90' lang='lat' dir='ltr'><strong>pos-</strong></span> 
     </span>
    </p>
   </div>
   <div class='ocr_carea' id='block_1_30' title="bbox 2027 1588 3602 1655">
    <p class='ocr_par' dir='ltr' id='par_1_30' title="bbox 2027 1588 3602 1655">
     <span class='ocr_line' id='line_1_30' title="bbox 2027 1588 3602 1655; baseline -0.003 -10"><span class='ocrx_word' id='word_1_218' title='bbox 2027 1591 2302 1653; x_wconf 89' lang='lat' dir='ltr'><strong>sessione,</strong></span> <span class='ocrx_word' id='word_1_219' title='bbox 2356 1606 2448 1644; x_wconf 84' lang='lat' dir='ltr'><strong>sen</strong></span> <span class='ocrx_word' id='word_1_220' title='bbox 2494 1591 2659 1644; x_wconf 84' lang='lat' dir='ltr'><strong>etiam</strong></span> <span class='ocrx_word' id='word_1_221' title='bbox 2706 1590 2758 1642; x_wconf 92' lang='lat' dir='ltr'><strong>in</strong></span> <span class='ocrx_word' id='word_1_222' title='bbox 2787 1589 3014 1643; x_wconf 86' lang='lat' dir='ltr'><strong>diversis</strong></span> <span class='ocrx_word' id='word_1_223' title='bbox 3057 1588 3242 1650; x_wconf 89' lang='lat' dir='ltr'><strong>rebus,</strong></span> <span class='ocrx_word' id='word_1_224' title='bbox 3277 1588 3602 1655; x_wconf 87' lang='lat' dir='ltr'><strong>ubicumque</strong></span> 
     </span>
    </p>
   </div>
   <div class='ocr_carea' id='block_1_31' title="bbox 2027 1679 3601 1750">
    <p class='ocr_par' dir='ltr' id='par_1_31' title="bbox 2027 1679 3601 1750">
     <span class='ocr_line' id='line_1_31' title="bbox 2027 1679 3601 1750; baseline -0.004 -13"><span class='ocrx_word' id='word_1_225' title='bbox 2027 1682 2266 1737; x_wconf 88' lang='lat' dir='ltr'><strong>detinere</strong></span> <span class='ocrx_word' id='word_1_226' title='bbox 2297 1681 2584 1744; x_wconf 88' lang='lat' dir='ltr'><strong>videmini,</strong></span> <span class='ocrx_word' id='word_1_227' title='bbox 2630 1695 2728 1734; x_wconf 90' lang='lat' dir='ltr'><strong>nec</strong></span> <span class='ocrx_word' id='word_1_228' title='bbox 2754 1679 3028 1750; x_wconf 91' lang='lat' dir='ltr'><strong>quidpiam</strong></span> <span class='ocrx_word' id='word_1_229' title='bbox 3073 1680 3263 1733; x_wconf 92' lang='lat' dir='ltr'><strong>horum</strong></span> <span class='ocrx_word' id='word_1_230' title='bbox 3307 1692 3369 1731; x_wconf 83' lang='lat' dir='ltr'><strong>ex</strong></span> <span class='ocrx_word' id='word_1_231' title='bbox 3414 1680 3601 1732; x_wconf 89' lang='lat' dir='ltr'><strong>eodem</strong></span> 
     </span>
    </p>
   </div>
   <div class='ocr_carea' id='block_1_32' title="bbox 2030 1769 3600 1838">
    <p class='ocr_par' dir='ltr' id='par_1_32' title="bbox 2030 1769 3600 1838">
     <span class='ocr_line' id='line_1_32' title="bbox 2030 1769 3600 1838; baseline -0.003 -13"><span class='ocrx_word' id='word_1_232' title='bbox 2030 1771 2147 1825; x_wconf 86' lang='lat' dir='ltr'><strong>loco</strong></span> <span class='ocrx_word' id='word_1_233' title='bbox 2192 1769 2423 1830; x_wconf 77' lang='lat' dir='ltr'><strong>auferre,</strong></span> <span class='ocrx_word' id='word_1_234' title='bbox 2475 1778 2567 1823; x_wconf 90' lang='lat' dir='ltr'><strong>aut</strong></span> <span class='ocrx_word' id='word_1_235' title='bbox 2597 1769 2828 1838; x_wconf 88' lang='lat' dir='ltr'><strong>diripere</strong></span> <span class='ocrx_word' id='word_1_236' title='bbox 2869 1779 3180 1837; x_wconf 75' lang='lat' dir='ltr'><strong>pra-sumat,</strong></span> <span class='ocrx_word' id='word_1_237' title='bbox 3231 1783 3403 1837; x_wconf 85' lang='lat' dir='ltr'><strong>neque</strong></span> <span class='ocrx_word' id='word_1_238' title='bbox 3441 1769 3600 1821; x_wconf 89' lang='lat' dir='ltr'><strong>ullam</strong></span> 
     </span>
    </p>
   </div>
   <div class='ocr_carea' id='block_1_33' title="bbox 344 1841 3604 1929">
    <p class='ocr_par' dir='ltr' id='par_1_33' title="bbox 344 1841 3604 1929">
     <span class='ocr_line' id='line_1_33' title="bbox 344 1841 3604 1929; baseline 0 -37"><span class='ocrx_word' id='word_1_239' title='bbox 344 1843 732 1894; x_wconf 86' lang='lat' dir='ltr'><strong>conlirmanms</strong></span> <span class='ocrx_word' id='word_1_240' title='bbox 758 1842 905 1895; x_wconf 85' lang='lat' dir='ltr'><strong>vobis</strong></span> <span class='ocrx_word' id='word_1_241' title='bbox 931 1842 1119 1895; x_wconf 88' lang='lat' dir='ltr'><strong>cellam</strong></span> <span class='ocrx_word' id='word_1_242' title='bbox 1147 1841 1321 1895; x_wconf 90' lang='lat' dir='ltr'><strong>sancti</strong></span> <span class='ocrx_word' id='word_1_243' title='bbox 1366 1841 1599 1905; x_wconf 77' lang='lat' dir='ltr'><strong>Erasini,</strong></span> <span class='ocrx_word' id='word_1_244' title='bbox 1625 1855 1743 1909; x_wconf 60' lang='lat' dir='ltr'><strong>quae</strong></span> <span class='ocrx_word' id='word_1_245' title='bbox 1768 1841 1924 1908; x_wconf 90' lang='lat' dir='ltr'><strong>poni-</strong></span> <span class='ocrx_word' id='word_1_246' title='bbox 1956 1857 1999 1914; x_wconf 76' lang='grc' dir='ltr'><strong>Β</strong></span> <span class='ocrx_word' id='word_1_247' title='bbox 2029 1862 2322 1925; x_wconf 51' lang='lat' dir='ltr'><strong>lmsionem’</strong></span> <span class='ocrx_word' id='word_1_248' title='bbox 2350 1871 2439 1914; x_wconf 56' lang='grc' dir='ltr'><strong>θυι</strong></span> <span class='ocrx_word' id='word_1_249' title='bbox 2464 1861 2908 1915; x_wconf 50' lang='lat' dir='ltr'><strong>conludentem</strong></span> <span class='ocrx_word' id='word_1_250' title='bbox 2955 1861 3173 1914; x_wconf 55' lang='lat' dir='ltr'><strong>manum</strong></span> <span class='ocrx_word' id='word_1_251' title='bbox 3219 1861 3269 1913; x_wconf 72' lang='lat' dir='ltr'><strong>in</strong></span> <span class='ocrx_word' id='word_1_252' title='bbox 3311 1861 3425 1929; x_wconf 67' lang='lat' dir='ltr'><strong>ipso</strong></span> <span class='ocrx_word' id='word_1_253' title='bbox 3460 1860 3604 1913; x_wconf 60' lang='lat' dir='ltr'><strong>hem;</strong></span> 
     </span>
    </p>
   </div>
   <div class='ocr_carea' id='block_1_34' title="bbox 345 1931 1928 1995">
    <p class='ocr_par' dir='ltr' id='par_1_34' title="bbox 345 1931 1928 1995">
     <span class='ocr_line' id='line_1_34' title="bbox 345 1931 1928 1995; baseline 0 -11"><span class='ocrx_word' id='word_1_254' title='bbox 345 1939 434 1984; x_wconf 92' lang='lat' dir='ltr'><strong>tur</strong></span> <span class='ocrx_word' id='word_1_255' title='bbox 465 1932 516 1984; x_wconf 91' lang='lat' dir='ltr'><strong>in</strong></span> <span class='ocrx_word' id='word_1_256' title='bbox 547 1931 692 1986; x_wconf 81' lang='lat' dir='ltr'><strong>Celio</strong></span> <span class='ocrx_word' id='word_1_257' title='bbox 719 1941 917 1994; x_wconf 89' lang='lat' dir='ltr'><strong>monte,</strong></span> <span class='ocrx_word' id='word_1_258' title='bbox 963 1947 1086 1987; x_wconf 89' lang='lat' dir='ltr'><strong>eum</strong></span> <span class='ocrx_word' id='word_1_259' title='bbox 1128 1932 1375 1986; x_wconf 88' lang='lat' dir='ltr'><strong>domibus</strong></span> <span class='ocrx_word' id='word_1_260' title='bbox 1399 1971 1414 1995; x_wconf 96' lang='lat'><strong>,</strong></span> <span class='ocrx_word' id='word_1_261' title='bbox 1461 1931 1589 1985; x_wconf 85' lang='lat' dir='ltr'><strong>cella</strong></span> <span class='ocrx_word' id='word_1_262' title='bbox 1619 1932 1846 1993; x_wconf 89' lang='lat' dir='ltr'><strong>vinaria,</strong></span> <span class='ocrx_word' id='word_1_263' title='bbox 1874 1943 1928 1984; x_wconf 94' lang='lat' dir='ltr'><strong>et</strong></span> 
     </span>
    </p>
   </div>
   <div class='ocr_carea' id='block_1_35' title="bbox 344 2018 1929 2085">
    <p class='ocr_par' dir='ltr' id='par_1_35' title="bbox 344 2018 1929 2085">
     <span class='ocr_line' id='line_1_35' title="bbox 344 2018 1929 2085; baseline 0.001 -15"><span class='ocrx_word' id='word_1_264' title='bbox 344 2018 528 2085; x_wconf 89' lang='lat' dir='ltr'><strong>fenile,</strong></span> <span class='ocrx_word' id='word_1_265' title='bbox 565 2035 685 2074; x_wconf 89' lang='lat' dir='ltr'><strong>cum</strong></span> <span class='ocrx_word' id='word_1_266' title='bbox 743 2021 913 2075; x_wconf 88' lang='lat' dir='ltr'><strong>hortis</strong></span> <span class='ocrx_word' id='word_1_267' title='bbox 957 2031 1008 2073; x_wconf 90' lang='lat' dir='ltr'><strong>et</strong></span> <span class='ocrx_word' id='word_1_268' title='bbox 1039 2022 1210 2075; x_wconf 89' lang='lat' dir='ltr'><strong>vineis</strong></span> <span class='ocrx_word' id='word_1_269' title='bbox 1245 2023 1390 2075; x_wconf 88' lang='lat' dir='ltr'><strong>circa</strong></span> <span class='ocrx_word' id='word_1_270' title='bbox 1429 2037 1509 2084; x_wconf 90' lang='lat' dir='ltr'><strong>se,</strong></span> <span class='ocrx_word' id='word_1_271' title='bbox 1539 2037 1660 2075; x_wconf 90' lang='lat' dir='ltr'><strong>cum</strong></span> <span class='ocrx_word' id='word_1_272' title='bbox 1713 2022 1929 2075; x_wconf 76' lang='lat' dir='ltr'><strong>arbori-</strong></span> 
     </span>
    </p>
   </div>
   <div class='ocr_carea' id='block_1_36' title="bbox 344 2108 1925 2182">
    <p class='ocr_par' dir='ltr' id='par_1_36' title="bbox 344 2108 1925 2182">
     <span class='ocr_line' id='line_1_36' title="bbox 344 2108 1925 2182; baseline 0.002 -20"><span class='ocrx_word' id='word_1_273' title='bbox 344 2108 446 2162; x_wconf 88' lang='lat' dir='ltr'><strong>bus</strong></span> <span class='ocrx_word' id='word_1_274' title='bbox 489 2110 786 2174; x_wconf 90' lang='lat' dir='ltr'><strong>olivarum,</strong></span> <span class='ocrx_word' id='word_1_275' title='bbox 833 2122 886 2164; x_wconf 92' lang='lat' dir='ltr'><strong>et</strong></span> <span class='ocrx_word' id='word_1_276' title='bbox 916 2113 1356 2181; x_wconf 76' lang='lat' dir='ltr'><strong>diversa.genera</strong></span> <span class='ocrx_word' id='word_1_277' title='bbox 1403 2115 1657 2166; x_wconf 79' lang='lat' dir='ltr'><strong>arborum</strong></span> <span class='ocrx_word' id='word_1_278' title='bbox 1695 2113 1925 2182; x_wconf 89' lang='lat' dir='ltr'><strong>pomife-</strong></span> 
     </span>
    </p>
   </div>
   <div class='ocr_carea' id='block_1_37' title="bbox 346 2203 1930 2266">
    <p class='ocr_par' dir='ltr' id='par_1_37' title="bbox 346 2203 1930 2266">
     <span class='ocr_line' id='line_1_37' title="bbox 346 2203 1930 2266; baseline -0.001 -11"><span class='ocrx_word' id='word_1_279' title='bbox 346 2216 553 2266; x_wconf 90' lang='lat' dir='ltr'><strong>rorum,</strong></span> <span class='ocrx_word' id='word_1_280' title='bbox 593 2210 647 2256; x_wconf 90' lang='lat' dir='ltr'><strong>et</strong></span> <span class='ocrx_word' id='word_1_281' title='bbox 676 2217 800 2255; x_wconf 91' lang='lat' dir='ltr'><strong>cum</strong></span> <span class='ocrx_word' id='word_1_282' title='bbox 852 2203 1066 2256; x_wconf 63' lang='lat' dir='ltr'><strong>caeteris</strong></span> <span class='ocrx_word' id='word_1_283' title='bbox 1097 2203 1268 2255; x_wconf 90' lang='lat' dir='ltr'><strong>vineis</strong></span> <span class='ocrx_word' id='word_1_284' title='bbox 1313 2213 1367 2255; x_wconf 91' lang='lat' dir='ltr'><strong>et</strong></span> <span class='ocrx_word' id='word_1_285' title='bbox 1402 2203 1698 2266; x_wconf 85' lang='lat' dir='ltr'><strong>easalihus;</strong></span> <span class='ocrx_word' id='word_1_286' title='bbox 1727 2203 1930 2256; x_wconf 90' lang='lat' dir='ltr'><strong>scilicet</strong></span> 
     </span>
    </p>
   </div>
   <div class='ocr_carea' id='block_1_38' title="bbox 345 2289 1928 2360">
    <p class='ocr_par' dir='ltr' id='par_1_38' title="bbox 345 2289 1928 2360">
     <span class='ocr_line' id='line_1_38' title="bbox 345 2289 1928 2360; baseline -0.001 -16"><span class='ocrx_word' id='word_1_287' title='bbox 345 2298 586 2360; x_wconf 92' lang='lat' dir='ltr'><strong>pratum,</strong></span> <span class='ocrx_word' id='word_1_288' title='bbox 616 2291 756 2360; x_wconf 91' lang='lat' dir='ltr'><strong>quod</strong></span> <span class='ocrx_word' id='word_1_289' title='bbox 780 2291 998 2358; x_wconf 87' lang='lat' dir='ltr'><strong>ponitur</strong></span> <span class='ocrx_word' id='word_1_290' title='bbox 1021 2289 1152 2344; x_wconf 89' lang='lat' dir='ltr'><strong>foris</strong></span> <span class='ocrx_word' id='word_1_291' title='bbox 1184 2300 1344 2359; x_wconf 90' lang='lat' dir='ltr'><strong>ponte</strong></span> <span class='ocrx_word' id='word_1_292' title='bbox 1371 2290 1603 2356; x_wconf 88' lang='lat' dir='ltr'><strong>Salario,</strong></span> <span class='ocrx_word' id='word_1_293' title='bbox 1637 2302 1689 2345; x_wconf 91' lang='lat' dir='ltr'><strong>et</strong></span> <span class='ocrx_word' id='word_1_294' title='bbox 1732 2291 1928 2353; x_wconf 87' lang='lat' dir='ltr'><strong>casale,</strong></span> 
     </span>
    </p>
   </div>
   <div class='ocr_carea' id='block_1_39' title="bbox 347 2381 1933 2452">
    <p class='ocr_par' dir='ltr' id='par_1_39' title="bbox 347 2381 1933 2452">
     <span class='ocr_line' id='line_1_39' title="bbox 347 2381 1933 2452; baseline 0 -18"><span class='ocrx_word' id='word_1_295' title='bbox 347 2381 490 2450; x_wconf 92' lang='lat' dir='ltr'><strong>quod</strong></span> <span class='ocrx_word' id='word_1_296' title='bbox 516 2381 734 2450; x_wconf 91' lang='lat' dir='ltr'><strong>ponitur</strong></span> <span class='ocrx_word' id='word_1_297' title='bbox 766 2382 1000 2449; x_wconf 81' lang='lat' dir='ltr'><strong>Aquario</strong></span> <span class='ocrx_word' id='word_1_298' title='bbox 1021 2423 1036 2446; x_wconf 91' lang='lat'><strong>,</strong></span> <span class='ocrx_word' id='word_1_299' title='bbox 1083 2390 1138 2436; x_wconf 95' lang='lat' dir='ltr'><strong>et</strong></span> <span class='ocrx_word' id='word_1_300' title='bbox 1166 2382 1272 2436; x_wconf 93' lang='lat' dir='ltr'><strong>alio</strong></span> <span class='ocrx_word' id='word_1_301' title='bbox 1298 2383 1497 2447; x_wconf 87' lang='lat' dir='ltr'><strong>casale,</strong></span> <span class='ocrx_word' id='word_1_302' title='bbox 1541 2384 1680 2452; x_wconf 86' lang='lat' dir='ltr'><strong>quod</strong></span> <span class='ocrx_word' id='word_1_303' title='bbox 1713 2393 1933 2436; x_wconf 89' lang='lat' dir='ltr'><strong>vocatur</strong></span> 
     </span>
    </p>
   </div>
   <div class='ocr_carea' id='block_1_40' title="bbox 347 2471 1932 2542">
    <p class='ocr_par' dir='ltr' id='par_1_40' title="bbox 347 2471 1932 2542">
     <span class='ocr_line' id='line_1_40' title="bbox 347 2471 1932 2542; baseline -0.003 -14"><span class='ocrx_word' id='word_1_304' title='bbox 347 2473 579 2541; x_wconf 84' lang='lat' dir='ltr'><strong>Quinto;</strong></span> <span class='ocrx_word' id='word_1_305' title='bbox 611 2483 666 2528; x_wconf 90' lang='lat' dir='ltr'><strong>et</strong></span> <span class='ocrx_word' id='word_1_306' title='bbox 711 2476 763 2528; x_wconf 93' lang='lat' dir='ltr'><strong>in</strong></span> <span class='ocrx_word' id='word_1_307' title='bbox 789 2474 1092 2531; x_wconf 84' lang='lat' dir='ltr'><strong>Albanense</strong></span> <span class='ocrx_word' id='word_1_308' title='bbox 1127 2475 1403 2530; x_wconf 91' lang='lat' dir='ltr'><strong>territorio</strong></span> <span class='ocrx_word' id='word_1_309' title='bbox 1431 2476 1630 2536; x_wconf 79' lang='lat' dir='ltr'><strong>vineae,</strong></span> <span class='ocrx_word' id='word_1_310' title='bbox 1659 2487 1778 2542; x_wconf 69' lang='lat' dir='ltr'><strong>qua:</strong></span> <span class='ocrx_word' id='word_1_311' title='bbox 1816 2471 1932 2525; x_wconf 67' lang='lat' dir='ltr'><strong>sitae</strong></span> 
     </span>
    </p>
   </div>
   <div class='ocr_carea' id='block_1_41' title="bbox 347 2564 1930 2637">
    <p class='ocr_par' dir='ltr' id='par_1_41' title="bbox 347 2564 1930 2637">
     <span class='ocr_line' id='line_1_41' title="bbox 347 2564 1930 2637; baseline -0.004 -14"><span class='ocrx_word' id='word_1_312' title='bbox 347 2575 473 2623; x_wconf 88' lang='lat' dir='ltr'><strong>sunt</strong></span> <span class='ocrx_word' id='word_1_313' title='bbox 502 2583 530 2621; x_wconf 90' lang='lat' dir='ltr'><strong>a</strong></span> <span class='ocrx_word' id='word_1_314' title='bbox 554 2567 725 2637; x_wconf 90' lang='lat' dir='ltr'><strong>cripta</strong></span> <span class='ocrx_word' id='word_1_315' title='bbox 753 2583 872 2637; x_wconf 64' lang='lat' dir='ltr'><strong>quae</strong></span> <span class='ocrx_word' id='word_1_316' title='bbox 911 2574 1296 2621; x_wconf 89' lang='lat' dir='ltr'><strong>vocatur.......</strong></span> <span class='ocrx_word' id='word_1_317' title='bbox 1327 2580 1356 2619; x_wconf 88' lang='lat' dir='ltr'><strong>a</strong></span> <span class='ocrx_word' id='word_1_318' title='bbox 1410 2565 1572 2620; x_wconf 91' lang='lat' dir='ltr'><strong>Silice</strong></span> <span class='ocrx_word' id='word_1_319' title='bbox 1603 2564 1930 2625; x_wconf 82' lang='lat' dir='ltr'><strong>Albanense,</strong></span> 
     </span>
    </p>
   </div>
   <div class='ocr_carea' id='block_1_42' title="bbox 348 2656 1935 2729">
    <p class='ocr_par' dir='ltr' id='par_1_42' title="bbox 348 2656 1935 2729">
     <span class='ocr_line' id='line_1_42' title="bbox 348 2656 1935 2729; baseline -0.001 -18"><span class='ocrx_word' id='word_1_320' title='bbox 348 2667 404 2712; x_wconf 88' lang='lat' dir='ltr'><strong>et</strong></span> <span class='ocrx_word' id='word_1_321' title='bbox 432 2658 485 2712; x_wconf 88' lang='lat' dir='ltr'><strong>in</strong></span> <span class='ocrx_word' id='word_1_322' title='bbox 524 2659 642 2713; x_wconf 87' lang='lat' dir='ltr'><strong>loco</strong></span> <span class='ocrx_word' id='word_1_323' title='bbox 662 2698 678 2724; x_wconf 91' lang='lat'><strong>,</strong></span> <span class='ocrx_word' id='word_1_324' title='bbox 721 2660 812 2727; x_wconf 91' lang='lat' dir='ltr'><strong>qui</strong></span> <span class='ocrx_word' id='word_1_325' title='bbox 859 2659 1162 2729; x_wconf 86' lang='lat' dir='ltr'><strong>appellatur</strong></span> <span class='ocrx_word' id='word_1_326' title='bbox 1190 2659 1436 2713; x_wconf 82' lang='lat' dir='ltr'><strong>Zinzinni</strong></span> <span class='ocrx_word' id='word_1_327' title='bbox 1462 2699 1475 2722; x_wconf 96' lang='lat'><strong>,</strong></span> <span class='ocrx_word' id='word_1_328' title='bbox 1501 2658 1584 2712; x_wconf 90' lang='lat' dir='ltr'><strong>vel</strong></span> <span class='ocrx_word' id='word_1_329' title='bbox 1613 2659 1664 2711; x_wconf 92' lang='lat' dir='ltr'><strong>in</strong></span> <span class='ocrx_word' id='word_1_330' title='bbox 1709 2656 1935 2712; x_wconf 87' lang='lat' dir='ltr'><strong>diversis</strong></span> 
     </span>
    </p>
   </div>
   <div class='ocr_carea' id='block_1_43' title="bbox 351 2749 1932 2822">
    <p class='ocr_par' dir='ltr' id='par_1_43' title="bbox 351 2749 1932 2822">
     <span class='ocr_line' id='line_1_43' title="bbox 351 2749 1932 2822; baseline -0.002 -19"><span class='ocrx_word' id='word_1_331' title='bbox 351 2751 481 2806; x_wconf 92' lang='lat' dir='ltr'><strong>locis</strong></span> <span class='ocrx_word' id='word_1_332' title='bbox 510 2752 625 2808; x_wconf 89' lang='lat' dir='ltr'><strong>sive</strong></span> <span class='ocrx_word' id='word_1_333' title='bbox 648 2753 946 2818; x_wconf 84' lang='lat' dir='ltr'><strong>vocabulis,</strong></span> <span class='ocrx_word' id='word_1_334' title='bbox 985 2753 1290 2822; x_wconf 90' lang='lat' dir='ltr'><strong>ubicunque</strong></span> <span class='ocrx_word' id='word_1_335' title='bbox 1337 2751 1565 2806; x_wconf 90' lang='lat' dir='ltr'><strong>inveniri</strong></span> <span class='ocrx_word' id='word_1_336' title='bbox 1598 2750 1680 2805; x_wconf 90' lang='lat' dir='ltr'><strong>vel</strong></span> <span class='ocrx_word' id='word_1_337' title='bbox 1713 2749 1932 2818; x_wconf 90' lang='lat' dir='ltr'><strong>reperiri</strong></span> 
     </span>
    </p>
   </div>
   <div class='ocr_carea' id='block_1_44' title="bbox 353 2822 1934 2913">
    <p class='ocr_par' dir='ltr' id='par_1_44' title="bbox 353 2822 1934 2913">
     <span class='ocr_line' id='line_1_44' title="bbox 353 2822 1934 2913; baseline -0.003 -17"><span class='ocrx_word' id='word_1_338' title='bbox 353 2822 560 2911; x_wconf 78' lang='lat' dir='ltr'><strong>possint</strong></span> <span class='ocrx_word' id='word_1_339' title='bbox 589 2857 686 2912; x_wconf 91' lang='lat' dir='ltr'><strong>per</strong></span> <span class='ocrx_word' id='word_1_340' title='bbox 708 2827 1002 2913; x_wconf 75' lang='lat' dir='ltr'><strong>quamlibet</strong></span> <span class='ocrx_word' id='word_1_341' title='bbox 1025 2843 1222 2897; x_wconf 92' lang='lat' dir='ltr'><strong>seriem</strong></span> <span class='ocrx_word' id='word_1_342' title='bbox 1252 2843 1645 2912; x_wconf 86' lang='lat' dir='ltr'><strong>scripturarum</strong></span> <span class='ocrx_word' id='word_1_343' title='bbox 1674 2843 1740 2895; x_wconf 89' lang='lat' dir='ltr'><strong>ad</strong></span> <span class='ocrx_word' id='word_1_344' title='bbox 1762 2841 1934 2910; x_wconf 91' lang='lat' dir='ltr'><strong>ipsum</strong></span> 
     </span>
    </p>
   </div>
   <div class='ocr_carea' id='block_1_45' title="bbox 353 2929 1931 3000">
    <p class='ocr_par' dir='ltr' id='par_1_45' title="bbox 353 2929 1931 3000">
     <span class='ocr_line' id='line_1_45' title="bbox 353 2929 1931 3000; baseline 0 -16"><span class='ocrx_word' id='word_1_345' title='bbox 353 2929 501 2999; x_wconf 87' lang='lat' dir='ltr'><strong>pium</strong></span> <span class='ocrx_word' id='word_1_346' title='bbox 528 2946 592 2986; x_wconf 92' lang='lat' dir='ltr'><strong>ac</strong></span> <span class='ocrx_word' id='word_1_347' title='bbox 621 2933 989 2987; x_wconf 90' lang='lat' dir='ltr'><strong>venerabilem</strong></span> <span class='ocrx_word' id='word_1_348' title='bbox 1026 2932 1203 2987; x_wconf 89' lang='lat' dir='ltr'><strong>locum</strong></span> <span class='ocrx_word' id='word_1_349' title='bbox 1243 2932 1598 3000; x_wconf 87' lang='lat' dir='ltr'><strong>pertinentes,</strong></span> <span class='ocrx_word' id='word_1_350' title='bbox 1639 2933 1738 2987; x_wconf 91' lang='lat' dir='ltr'><strong>sub</strong></span> <span class='ocrx_word' id='word_1_351' title='bbox 1760 2929 1931 2999; x_wconf 86' lang='lat' dir='ltr'><strong>juris-</strong></span> 
     </span>
    </p>
   </div>
   <div class='ocr_carea' id='block_1_46' title="bbox 351 3024 1936 3096">
    <p class='ocr_par' dir='ltr' id='par_1_46' title="bbox 351 3024 1936 3096">
     <span class='ocr_line' id='line_1_46' title="bbox 351 3024 1936 3096; baseline -0.001 -18"><span class='ocrx_word' id='word_1_352' title='bbox 351 3024 592 3080; x_wconf 90' lang='lat' dir='ltr'><strong>dictione</strong></span> <span class='ocrx_word' id='word_1_353' title='bbox 617 3035 796 3082; x_wconf 90' lang='lat' dir='ltr'><strong>vestra</strong></span> <span class='ocrx_word' id='word_1_354' title='bbox 817 3041 1032 3096; x_wconf 88' lang='lat' dir='ltr'><strong>semper</strong></span> <span class='ocrx_word' id='word_1_355' title='bbox 1052 3027 1366 3096; x_wconf 91' lang='lat' dir='ltr'><strong>persistant,</strong></span> <span class='ocrx_word' id='word_1_356' title='bbox 1400 3040 1430 3078; x_wconf 88' lang='lat' dir='ltr'><strong>a</strong></span> <span class='ocrx_word' id='word_1_357' title='bbox 1457 3026 1706 3096; x_wconf 73' lang='lat' dir='ltr'><strong>prmsenti</strong></span> <span class='ocrx_word' id='word_1_358' title='bbox 1729 3025 1936 3079; x_wconf 90' lang='lat' dir='ltr'><strong>decima</strong></span> 
     </span>
    </p>
   </div>
   <div class='ocr_carea' id='block_1_47' title="bbox 354 3113 1938 3186">
    <p class='ocr_par' dir='ltr' id='par_1_47' title="bbox 354 3113 1938 3186">
     <span class='ocr_line' id='line_1_47' title="bbox 354 3113 1938 3186; baseline -0.001 -17"><span class='ocrx_word' id='word_1_359' title='bbox 354 3113 664 3181; x_wconf 86' lang='lat' dir='ltr'><strong>indictione,</strong></span> <span class='ocrx_word' id='word_1_360' title='bbox 697 3127 751 3171; x_wconf 93' lang='lat' dir='ltr'><strong>et</strong></span> <span class='ocrx_word' id='word_1_361' title='bbox 791 3132 960 3186; x_wconf 92' lang='lat' dir='ltr'><strong>usque</strong></span> <span class='ocrx_word' id='word_1_362' title='bbox 1006 3117 1061 3172; x_wconf 91' lang='lat' dir='ltr'><strong>in</strong></span> <span class='ocrx_word' id='word_1_363' title='bbox 1090 3125 1406 3186; x_wconf 91' lang='lat' dir='ltr'><strong>perpetuum</strong></span> <span class='ocrx_word' id='word_1_364' title='bbox 1449 3117 1599 3172; x_wconf 89' lang='lat' dir='ltr'><strong>vobis</strong></span> <span class='ocrx_word' id='word_1_365' title='bbox 1637 3117 1938 3185; x_wconf 89' lang='lat' dir='ltr'><strong>vestrisque</strong></span> 
     </span>
    </p>
   </div>
   <div class='ocr_carea' id='block_1_48' title="bbox 2028 1947 3608 2018">
    <p class='ocr_par' dir='ltr' id='par_1_48' title="bbox 2028 1947 3608 2018">
     <span class='ocr_line' id='line_1_48' title="bbox 2028 1947 3608 2018; baseline -0.001 -15"><span class='ocrx_word' id='word_1_366' title='bbox 2028 1949 2301 2004; x_wconf 89' lang='lat' dir='ltr'><strong>Benedicti</strong></span> <span class='ocrx_word' id='word_1_367' title='bbox 2318 1949 2648 2002; x_wconf 88' lang='lat' dir='ltr'><strong>monasterio</strong></span> <span class='ocrx_word' id='word_1_368' title='bbox 2672 1957 2832 2017; x_wconf 91' lang='lat' dir='ltr'><strong>atque</strong></span> <span class='ocrx_word' id='word_1_369' title='bbox 2854 1948 3103 2002; x_wconf 92' lang='lat' dir='ltr'><strong>omnibus</strong></span> <span class='ocrx_word' id='word_1_370' title='bbox 3128 1959 3183 2002; x_wconf 88' lang='lat' dir='ltr'><strong>ut</strong></span> <span class='ocrx_word' id='word_1_371' title='bbox 3200 1963 3358 2018; x_wconf 91' lang='lat' dir='ltr'><strong>supra</strong></span> <span class='ocrx_word' id='word_1_372' title='bbox 3384 1947 3608 2002; x_wconf 77' lang='lat' dir='ltr'><strong>annexis</strong></span> 
     </span>
    </p>
   </div>
   <div class='ocr_carea' id='block_1_49' title="bbox 2027 2037 3608 2107">
    <p class='ocr_par' dir='ltr' id='par_1_49' title="bbox 2027 2037 3608 2107">
     <span class='ocr_line' id='line_1_49' title="bbox 2027 2037 3608 2107; baseline -0.001 -15"><span class='ocrx_word' id='word_1_373' title='bbox 2027 2041 2106 2092; x_wconf 93' lang='lat' dir='ltr'><strong>eis</strong></span> <span class='ocrx_word' id='word_1_374' title='bbox 2134 2038 2554 2107; x_wconf 90' lang='lat' dir='ltr'><strong>pertinentibus,</strong></span> <span class='ocrx_word' id='word_1_375' title='bbox 2602 2051 2817 2106; x_wconf 92' lang='lat' dir='ltr'><strong>quoquo</strong></span> <span class='ocrx_word' id='word_1_376' title='bbox 2869 2037 3101 2106; x_wconf 87' lang='lat' dir='ltr'><strong>ingenio,</strong></span> <span class='ocrx_word' id='word_1_377' title='bbox 3156 2049 3247 2091; x_wconf 91' lang='lat' dir='ltr'><strong>aut</strong></span> <span class='ocrx_word' id='word_1_378' title='bbox 3292 2048 3608 2107; x_wconf 81' lang='lat' dir='ltr'><strong>argumento</strong></span> 
     </span>
    </p>
   </div>
   <div class='ocr_carea' id='block_1_50' title="bbox 2031 2127 3606 2199">
    <p class='ocr_par' dir='ltr' id='par_1_50' title="bbox 2031 2127 3606 2199">
     <span class='ocr_line' id='line_1_50' title="bbox 2031 2127 3606 2199; baseline -0.003 -13"><span class='ocrx_word' id='word_1_379' title='bbox 2031 2132 2226 2186; x_wconf 85' lang='lat' dir='ltr'><strong>inferre</strong></span> <span class='ocrx_word' id='word_1_380' title='bbox 2254 2131 2466 2185; x_wconf 88' lang='lat' dir='ltr'><strong>audeat.</strong></span> <span class='ocrx_word' id='word_1_381' title='bbox 2501 2130 2684 2185; x_wconf 86' lang='lat' dir='ltr'><strong>Potius</strong></span> <span class='ocrx_word' id='word_1_382' title='bbox 2711 2140 2889 2184; x_wconf 90' lang='lat' dir='ltr'><strong>autem</strong></span> <span class='ocrx_word' id='word_1_383' title='bbox 2912 2127 3032 2198; x_wconf 90' lang='lat' dir='ltr'><strong>jure</strong></span> <span class='ocrx_word' id='word_1_384' title='bbox 3062 2139 3318 2199; x_wconf 90' lang='lat' dir='ltr'><strong>perpetuo</strong></span> <span class='ocrx_word' id='word_1_385' title='bbox 3346 2131 3395 2182; x_wconf 92' lang='lat' dir='ltr'><strong>in</strong></span> <span class='ocrx_word' id='word_1_386' title='bbox 3421 2131 3606 2183; x_wconf 82' lang='lat' dir='ltr'><strong>eodem</strong></span> 
     </span>
    </p>
   </div>
   <div class='ocr_carea' id='block_1_51' title="bbox 2032 2219 3610 2290">
    <p class='ocr_par' dir='ltr' id='par_1_51' title="bbox 2032 2219 3610 2290">
     <span class='ocr_line' id='line_1_51' title="bbox 2032 2219 3610 2290; baseline 0 -16"><span class='ocrx_word' id='word_1_387' title='bbox 2032 2221 2321 2275; x_wconf 84' lang='lat' dir='ltr'><strong>venerabili</strong></span> <span class='ocrx_word' id='word_1_388' title='bbox 2353 2221 2701 2285; x_wconf 86' lang='lat' dir='ltr'><strong>monasterio,</strong></span> <span class='ocrx_word' id='word_1_389' title='bbox 2733 2231 2792 2275; x_wconf 93' lang='lat' dir='ltr'><strong>ut</strong></span> <span class='ocrx_word' id='word_1_390' title='bbox 2821 2221 3069 2290; x_wconf 86' lang='lat' dir='ltr'><strong>superius</strong></span> <span class='ocrx_word' id='word_1_391' title='bbox 3095 2219 3328 2274; x_wconf 84' lang='lat' dir='ltr'><strong>allietum</strong></span> <span class='ocrx_word' id='word_1_392' title='bbox 3362 2230 3462 2283; x_wconf 92' lang='lat' dir='ltr'><strong>est,</strong></span> <span class='ocrx_word' id='word_1_393' title='bbox 3490 2237 3610 2289; x_wconf 87' lang='lat' dir='ltr'><strong>pro-</strong></span> 
     </span>
    </p>
   </div>
   <div class='ocr_carea' id='block_1_52' title="bbox 2033 2311 3611 2380">
    <p class='ocr_par' dir='ltr' id='par_1_52' title="bbox 2033 2311 3611 2380">
     <span class='ocr_line' id='line_1_52' title="bbox 2033 2311 3611 2380; baseline -0.003 -16"><span class='ocrx_word' id='word_1_394' title='bbox 2033 2311 2196 2376; x_wconf 90' lang='lat' dir='ltr'><strong>fieiat,</strong></span> <span class='ocrx_word' id='word_1_395' title='bbox 2229 2322 2282 2365; x_wconf 92' lang='lat' dir='ltr'><strong>et</strong></span> <span class='ocrx_word' id='word_1_396' title='bbox 2331 2312 2580 2379; x_wconf 89' lang='lat' dir='ltr'><strong>potestati</strong></span> <span class='ocrx_word' id='word_1_397' title='bbox 2626 2321 2786 2380; x_wconf 91' lang='lat' dir='ltr'><strong>atque</strong></span> <span class='ocrx_word' id='word_1_398' title='bbox 2831 2311 3016 2364; x_wconf 85' lang='lat' dir='ltr'><strong>ditioni</strong></span> <span class='ocrx_word' id='word_1_399' title='bbox 3071 2319 3193 2374; x_wconf 69' lang='lat' dir='ltr'><strong>tute,</strong></span> <span class='ocrx_word' id='word_1_400' title='bbox 3239 2311 3316 2364; x_wconf 86' lang='lat' dir='ltr'><strong>vel</strong></span> <span class='ocrx_word' id='word_1_401' title='bbox 3363 2312 3611 2364; x_wconf 63' lang='lat' dir='ltr'><strong>omnibus</strong></span> 
     </span>
    </p>
   </div>
   <div class='ocr_carea' id='block_1_53' title="bbox 2032 2402 3610 2472">
    <p class='ocr_par' dir='ltr' id='par_1_53' title="bbox 2032 2402 3610 2472">
     <span class='ocr_line' id='line_1_53' title="bbox 2032 2402 3610 2472; baseline -0.003 -14"><span class='ocrx_word' id='word_1_402' title='bbox 2032 2403 2436 2458; x_wconf 81' lang='lat' dir='ltr'><strong>successoribus</strong></span> <span class='ocrx_word' id='word_1_403' title='bbox 2481 2403 2587 2457; x_wconf 91' lang='lat' dir='ltr'><strong>tuis</strong></span> <span class='ocrx_word' id='word_1_404' title='bbox 2637 2402 2920 2456; x_wconf 88' lang='lat' dir='ltr'><strong>abbatibus</strong></span> <span class='ocrx_word' id='word_1_405' title='bbox 2987 2403 3238 2472; x_wconf 87' lang='lat' dir='ltr'><strong>perennis</strong></span> <span class='ocrx_word' id='word_1_406' title='bbox 3295 2413 3610 2472; x_wconf 86' lang='lat' dir='ltr'><strong>permaneat</strong></span> 
     </span>
    </p>
   </div>
   <div class='ocr_carea' id='block_1_54' title="bbox 2033 2493 3608 2563">
    <p class='ocr_par' dir='ltr' id='par_1_54' title="bbox 2033 2493 3608 2563">
     <span class='ocr_line' id='line_1_54' title="bbox 2033 2493 3608 2563; baseline -0.003 -16"><span class='ocrx_word' id='word_1_407' title='bbox 2033 2493 2352 2563; x_wconf 87' lang='lat' dir='ltr'><strong>disponendi</strong></span> <span class='ocrx_word' id='word_1_408' title='bbox 2390 2503 2548 2561; x_wconf 89' lang='lat' dir='ltr'><strong>atque</strong></span> <span class='ocrx_word' id='word_1_409' title='bbox 2582 2493 2888 2562; x_wconf 90' lang='lat' dir='ltr'><strong>possidendi</strong></span> <span class='ocrx_word' id='word_1_410' title='bbox 2926 2493 3170 2547; x_wconf 73' lang='lat' dir='ltr'><strong>faeiIltas.</strong></span> <span class='ocrx_word' id='word_1_411' title='bbox 3202 2493 3257 2546; x_wconf 92' lang='lat' dir='ltr'><strong>Si</strong></span> <span class='ocrx_word' id='word_1_412' title='bbox 3283 2493 3405 2561; x_wconf 88' lang='lat' dir='ltr'><strong>quis</strong></span> <span class='ocrx_word' id='word_1_413' title='bbox 3433 2503 3608 2545; x_wconf 88' lang='lat' dir='ltr'><strong>autem</strong></span> 
     </span>
    </p>
   </div>
   <div class='ocr_carea' id='block_1_55' title="bbox 2035 2581 3612 2652">
    <p class='ocr_par' dir='ltr' id='par_1_55' title="bbox 2035 2581 3612 2652">
     <span class='ocr_line' id='line_1_55' title="bbox 2035 2581 3612 2652; baseline 0.001 -17"><span class='ocrx_word' id='word_1_414' title='bbox 2035 2583 2197 2652; x_wconf 85' lang='lat' dir='ltr'><strong>(quod</strong></span> <span class='ocrx_word' id='word_1_415' title='bbox 2252 2599 2356 2637; x_wconf 88' lang='lat' dir='ltr'><strong>non</strong></span> <span class='ocrx_word' id='word_1_416' title='bbox 2408 2584 2678 2652; x_wconf 88' lang='lat' dir='ltr'><strong>optamus)</strong></span> <span class='ocrx_word' id='word_1_417' title='bbox 2711 2584 2999 2637; x_wconf 90' lang='lat' dir='ltr'><strong>temerario</strong></span> <span class='ocrx_word' id='word_1_418' title='bbox 3038 2598 3171 2637; x_wconf 90' lang='lat' dir='ltr'><strong>ausu</strong></span> <span class='ocrx_word' id='word_1_419' title='bbox 3212 2595 3398 2637; x_wconf 90' lang='lat' dir='ltr'><strong>contra</strong></span> <span class='ocrx_word' id='word_1_420' title='bbox 3456 2581 3612 2651; x_wconf 84' lang='lat' dir='ltr'><strong>hujus</strong></span> 
     </span>
    </p>
   </div>
   <div class='ocr_carea' id='block_1_56' title="bbox 2036 2672 3613 2743">
    <p class='ocr_par' dir='ltr' id='par_1_56' title="bbox 2036 2672 3613 2743">
     <span class='ocr_line' id='line_1_56' title="bbox 2036 2672 3613 2743; baseline 0.001 -18"><span class='ocrx_word' id='word_1_421' title='bbox 2036 2681 2232 2726; x_wconf 71' lang='lat' dir='ltr'><strong>nostra:</strong></span> <span class='ocrx_word' id='word_1_422' title='bbox 2265 2672 2570 2740; x_wconf 78' lang='lat' dir='ltr'><strong>apostolicze</strong></span> <span class='ocrx_word' id='word_1_423' title='bbox 2616 2673 2993 2743; x_wconf 65' lang='lat' dir='ltr'><strong>praeceptionis</strong></span> <span class='ocrx_word' id='word_1_424' title='bbox 3042 2673 3236 2728; x_wconf 88' lang='lat' dir='ltr'><strong>seriem</strong></span> <span class='ocrx_word' id='word_1_425' title='bbox 3266 2674 3351 2742; x_wconf 92' lang='lat' dir='ltr'><strong>pie</strong></span> <span class='ocrx_word' id='word_1_426' title='bbox 3382 2688 3410 2726; x_wconf 89' lang='lat' dir='ltr'><strong>a</strong></span> <span class='ocrx_word' id='word_1_427' title='bbox 3457 2673 3613 2727; x_wconf 88' lang='lat' dir='ltr'><strong>nobis</strong></span> 
     </span>
    </p>
   </div>
   <div class='ocr_carea' id='block_1_57' title="bbox 2035 2765 3612 2836">
    <p class='ocr_par' dir='ltr' id='par_1_57' title="bbox 2035 2765 3612 2836">
     <span class='ocr_line' id='line_1_57' title="bbox 2035 2765 3612 2836; baseline 0.003 -18"><span class='ocrx_word' id='word_1_428' title='bbox 2035 2765 2422 2836; x_wconf 80' lang='lat' dir='ltr'><strong>promulgatam</strong></span> <span class='ocrx_word' id='word_1_429' title='bbox 2453 2767 2656 2830; x_wconf 91' lang='lat' dir='ltr'><strong>venire,</strong></span> <span class='ocrx_word' id='word_1_430' title='bbox 2689 2767 2769 2820; x_wconf 92' lang='lat' dir='ltr'><strong>vel</strong></span> <span class='ocrx_word' id='word_1_431' title='bbox 2810 2766 3021 2835; x_wconf 72' lang='lat' dir='ltr'><strong>litigare</strong></span> <span class='ocrx_word' id='word_1_432' title='bbox 3052 2769 3363 2833; x_wconf 91' lang='lat' dir='ltr'><strong>tentaverit,</strong></span> <span class='ocrx_word' id='word_1_433' title='bbox 3392 2770 3533 2822; x_wconf 89' lang='lat' dir='ltr'><strong>sciat</strong></span> <span class='ocrx_word' id='word_1_434' title='bbox 3556 2785 3612 2822; x_wconf 82' lang='lat' dir='ltr'><strong>se</strong></span> 
     </span>
    </p>
   </div>
   <div class='ocr_carea' id='block_1_58' title="bbox 2040 2856 3604 2928">
    <p class='ocr_par' dir='ltr' id='par_1_58' title="bbox 2040 2856 3604 2928">
     <span class='ocr_line' id='line_1_58' title="bbox 2040 2856 3604 2928; baseline 0.003 -20"><span class='ocrx_word' id='word_1_435' title='bbox 2040 2856 2246 2910; x_wconf 89' lang='lat' dir='ltr'><strong>Domini</strong></span> <span class='ocrx_word' id='word_1_436' title='bbox 2279 2859 2442 2910; x_wconf 92' lang='lat' dir='ltr'><strong>nostri</strong></span> <span class='ocrx_word' id='word_1_437' title='bbox 2479 2867 2533 2911; x_wconf 90' lang='lat' dir='ltr'><strong>et</strong></span> <span class='ocrx_word' id='word_1_438' title='bbox 2576 2858 2939 2926; x_wconf 86' lang='lat' dir='ltr'><strong>apostolorum</strong></span> <span class='ocrx_word' id='word_1_439' title='bbox 2989 2859 3248 2928; x_wconf 88' lang='lat' dir='ltr'><strong>principis</strong></span> <span class='ocrx_word' id='word_1_440' title='bbox 3293 2859 3436 2914; x_wconf 88' lang='lat' dir='ltr'><strong>Petri</strong></span> <span class='ocrx_word' id='word_1_441' title='bbox 3472 2876 3604 2913; x_wconf 88' lang='lat' dir='ltr'><strong>ana-</strong></span> 
     </span>
    </p>
   </div>
   <div class='ocr_carea' id='block_1_59' title="bbox 2040 2950 3617 3019">
    <p class='ocr_par' dir='ltr' id='par_1_59' title="bbox 2040 2950 3617 3019">
     <span class='ocr_line' id='line_1_59' title="bbox 2040 2950 3617 3019; baseline 0.002 -18"><span class='ocrx_word' id='word_1_442' title='bbox 2040 2950 2289 3002; x_wconf 90' lang='lat' dir='ltr'><strong>thematis</strong></span> <span class='ocrx_word' id='word_1_443' title='bbox 2324 2950 2533 3002; x_wconf 88' lang='lat' dir='ltr'><strong>vinculo</strong></span> <span class='ocrx_word' id='word_1_444' title='bbox 2565 2951 2899 3015; x_wconf 87' lang='lat' dir='ltr'><strong>innodatum,</strong></span> <span class='ocrx_word' id='word_1_445' title='bbox 2933 2961 2984 3005; x_wconf 91' lang='lat' dir='ltr'><strong>et</strong></span> <span class='ocrx_word' id='word_1_446' title='bbox 3033 2967 3152 3006; x_wconf 91' lang='lat' dir='ltr'><strong>cum</strong></span> <span class='ocrx_word' id='word_1_447' title='bbox 3185 2952 3396 3006; x_wconf 87' lang='lat' dir='ltr'><strong>diabolo</strong></span> <span class='ocrx_word' id='word_1_448' title='bbox 3424 2963 3475 3004; x_wconf 90' lang='lat' dir='ltr'><strong>et</strong></span> <span class='ocrx_word' id='word_1_449' title='bbox 3500 2952 3617 3019; x_wconf 78' lang='lat' dir='ltr'><strong>ejus</strong></span> 
     </span>
    </p>
   </div>
   <div class='ocr_carea' id='block_1_60' title="bbox 2039 3038 3612 3108">
    <p class='ocr_par' dir='ltr' id='par_1_60' title="bbox 2039 3038 3612 3108">
     <span class='ocr_line' id='line_1_60' title="bbox 2039 3038 3612 3108; baseline 0.003 -19"><span class='ocrx_word' id='word_1_450' title='bbox 2039 3038 2390 3092; x_wconf 81' lang='lat' dir='ltr'><strong>atrocissiniis</strong></span> <span class='ocrx_word' id='word_1_451' title='bbox 2415 3041 2606 3108; x_wconf 77' lang='lat' dir='ltr'><strong>pomis,</strong></span> <span class='ocrx_word' id='word_1_452' title='bbox 2632 3047 2792 3108; x_wconf 91' lang='lat' dir='ltr'><strong>atque</strong></span> <span class='ocrx_word' id='word_1_453' title='bbox 2817 3055 2938 3094; x_wconf 91' lang='lat' dir='ltr'><strong>cum</strong></span> <span class='ocrx_word' id='word_1_454' title='bbox 2963 3040 3098 3094; x_wconf 88' lang='lat' dir='ltr'><strong>Juda</strong></span> <span class='ocrx_word' id='word_1_455' title='bbox 3128 3042 3386 3096; x_wconf 87' lang='lat' dir='ltr'><strong>traditore</strong></span> <span class='ocrx_word' id='word_1_456' title='bbox 3404 3043 3612 3096; x_wconf 89' lang='lat' dir='ltr'><strong>Domini</strong></span> 
     </span>
    </p>
   </div>
   <div class='ocr_carea' id='block_1_61' title="bbox 2041 3127 3618 3200">
    <p class='ocr_par' dir='ltr' id='par_1_61' title="bbox 2041 3127 3618 3200">
     <span class='ocr_line' id='line_1_61' title="bbox 2041 3127 3618 3200; baseline 0.003 -19"><span class='ocrx_word' id='word_1_457' title='bbox 2041 3130 2207 3182; x_wconf 91' lang='lat' dir='ltr'><strong>nostri</strong></span> <span class='ocrx_word' id='word_1_458' title='bbox 2237 3137 2289 3182; x_wconf 93' lang='lat' dir='ltr'><strong>et</strong></span> <span class='ocrx_word' id='word_1_459' title='bbox 2318 3127 2612 3182; x_wconf 90' lang='lat' dir='ltr'><strong>Salvatoris</strong></span> <span class='ocrx_word' id='word_1_460' title='bbox 2643 3128 2768 3184; x_wconf 92' lang='lat' dir='ltr'><strong>Jesu</strong></span> <span class='ocrx_word' id='word_1_461' title='bbox 2798 3129 2996 3185; x_wconf 86' lang='lat' dir='ltr'><strong>Christi</strong></span> <span class='ocrx_word' id='word_1_462' title='bbox 3033 3132 3082 3183; x_wconf 92' lang='lat' dir='ltr'><strong>in</strong></span> <span class='ocrx_word' id='word_1_463' title='bbox 3111 3141 3314 3184; x_wconf 69' lang='lat' dir='ltr'><strong>aeterno</strong></span> <span class='ocrx_word' id='word_1_464' title='bbox 3347 3132 3464 3200; x_wconf 87' lang='lat' dir='ltr'><strong>igne</strong></span> <span class='ocrx_word' id='word_1_465' title='bbox 3488 3147 3618 3185; x_wconf 90' lang='lat' dir='ltr'><strong>con-</strong></span> 
     </span>
    </p>
   </div>
   <div class='ocr_carea' id='block_1_62' title="bbox 353 3198 2124 3294">
    <p class='ocr_par' dir='ltr' id='par_1_62' title="bbox 353 3198 2124 3277">
     <span class='ocr_line' id='line_1_62' title="bbox 353 3198 2124 3277; baseline -0.002 -16"><span class='ocrx_word' id='word_1_466' title='bbox 353 3207 760 3262; x_wconf 86' lang='lat' dir='ltr'><strong>successoribus</strong></span> <span class='ocrx_word' id='word_1_467' title='bbox 798 3207 1089 3262; x_wconf 92' lang='lat' dir='ltr'><strong>abbatibus</strong></span> <span class='ocrx_word' id='word_1_468' title='bbox 1133 3223 1255 3262; x_wconf 90' lang='lat' dir='ltr'><strong>cum</strong></span> <span class='ocrx_word' id='word_1_469' title='bbox 1301 3209 1493 3262; x_wconf 91' lang='lat' dir='ltr'><strong>timore</strong></span> <span class='ocrx_word' id='word_1_470' title='bbox 1545 3207 1834 3277; x_wconf 86' lang='lat' dir='ltr'><strong>regendum</strong></span> <span class='ocrx_word' id='word_1_471' title='bbox 1876 3222 1937 3259; x_wconf 88' lang='lat' dir='ltr'><strong>ac</strong></span> <span class='ocrx_word' id='word_1_472' title='bbox 1966 3198 2008 3257; x_wconf 91' lang='lat' dir='ltr'><strong>C</strong></span> <span class='ocrx_word' id='word_1_473' title='bbox 2042 3237 2124 3275; x_wconf 68' lang='grc' dir='ltr'><strong>ετε</strong></span> 
     </span>
    </p>
   </div>
   <div class='ocr_carea' id='block_1_63' title="bbox 1848 3198 3619 3294">
    <p class='ocr_par' dir='ltr' id='par_1_63' title="bbox 1876 3198 3619 3294">
     <span class='ocr_line' id='line_1_63' title="bbox 1876 3198 3619 3294; baseline 0.001 -19"><span class='ocrx_word' id='word_1_474' title='bbox 1876 3222 1937 3259; x_wconf 71' lang='lat' dir='ltr'><strong>ac</strong></span> <span class='ocrx_word' id='word_1_475' title='bbox 1966 3198 2008 3257; x_wconf 68' lang='grc' dir='ltr'>Ο</span> <span class='ocrx_word' id='word_1_476' title='bbox 2042 3222 2390 3275; x_wconf 88' lang='lat' dir='ltr'><strong>cremandum</strong></span> <span class='ocrx_word' id='word_1_477' title='bbox 2418 3263 2432 3286; x_wconf 90' lang='lat'><strong>,</strong></span> <span class='ocrx_word' id='word_1_478' title='bbox 2480 3224 2745 3291; x_wconf 87' lang='lat' dir='ltr'><strong>simulque</strong></span> <span class='ocrx_word' id='word_1_479' title='bbox 2788 3233 2842 3278; x_wconf 91' lang='lat' dir='ltr'><strong>et</strong></span> <span class='ocrx_word' id='word_1_480' title='bbox 2888 3224 2939 3276; x_wconf 93' lang='lat' dir='ltr'><strong>in</strong></span> <span class='ocrx_word' id='word_1_481' title='bbox 2991 3225 3245 3294; x_wconf 79' lang='lat' dir='ltr'><strong>voragine</strong></span> <span class='ocrx_word' id='word_1_482' title='bbox 3279 3236 3619 3292; x_wconf 83' lang='lat' dir='ltr'><strong>tartareoqne</strong></span> 
     </span>
    </p>
   </div>
   <div class='ocr_carea' id='block_1_64' title="bbox 355 3295 1937 3367">
    <p class='ocr_par' dir='ltr' id='par_1_64' title="bbox 355 3295 1937 3367">
     <span class='ocr_line' id='line_1_64' title="bbox 355 3295 1937 3367; baseline 0 -17"><span class='ocrx_word' id='word_1_483' title='bbox 355 3295 673 3367; x_wconf 75' lang='lat' dir='ltr'><strong>regulariter</strong></span> <span class='ocrx_word' id='word_1_484' title='bbox 692 3297 1102 3367; x_wconf 89' lang='lat' dir='ltr'><strong>disponendum.</strong></span> <span class='ocrx_word' id='word_1_485' title='bbox 1128 3297 1721 3350; x_wconf 73' lang='lat' dir='ltr'><strong>Convenitreverentim</strong></span> <span class='ocrx_word' id='word_1_486' title='bbox 1745 3307 1937 3351; x_wconf 77' lang='lat' dir='ltr'><strong>vestra:</strong></span> 
     </span>
    </p>
   </div>
   <div class='ocr_carea' id='block_1_65' title="bbox 357 3385 1935 3456">
    <p class='ocr_par' dir='ltr' id='par_1_65' title="bbox 357 3385 1935 3456">
     <span class='ocr_line' id='line_1_65' title="bbox 357 3385 1935 3456; baseline 0.001 -18"><span class='ocrx_word' id='word_1_487' title='bbox 357 3399 456 3439; x_wconf 86' lang='lat' dir='ltr'><strong>nos</strong></span> <span class='ocrx_word' id='word_1_488' title='bbox 483 3385 819 3455; x_wconf 88' lang='lat' dir='ltr'><strong>implorasse,</strong></span> <span class='ocrx_word' id='word_1_489' title='bbox 849 3396 909 3440; x_wconf 94' lang='lat' dir='ltr'><strong>ut</strong></span> <span class='ocrx_word' id='word_1_490' title='bbox 939 3387 1288 3456; x_wconf 73' lang='lat' dir='ltr'><strong>saapedictum</strong></span> <span class='ocrx_word' id='word_1_491' title='bbox 1336 3387 1721 3441; x_wconf 84' lang='lat' dir='ltr'><strong>monasterium</strong></span> <span class='ocrx_word' id='word_1_492' title='bbox 1765 3387 1935 3440; x_wconf 90' lang='lat' dir='ltr'><strong>sancti</strong></span> 
     </span>
    </p>
   </div>
   <div class='ocr_carea' id='block_1_66' title="bbox 357 3475 1937 3547">
    <p class='ocr_par' dir='ltr' id='par_1_66' title="bbox 357 3475 1937 3547">
     <span class='ocr_line' id='line_1_66' title="bbox 357 3475 1937 3547; baseline 0.001 -17"><span class='ocrx_word' id='word_1_493' title='bbox 357 3475 636 3532; x_wconf 85' lang='lat' dir='ltr'><strong>Benedicti</strong></span> <span class='ocrx_word' id='word_1_494' title='bbox 680 3488 735 3533; x_wconf 91' lang='lat' dir='ltr'><strong>et</strong></span> <span class='ocrx_word' id='word_1_495' title='bbox 762 3488 964 3534; x_wconf 71' lang='lat' dir='ltr'><strong>sancta:</strong></span> <span class='ocrx_word' id='word_1_496' title='bbox 1015 3477 1366 3533; x_wconf 77' lang='lat' dir='ltr'><strong>Scholastieze</strong></span> <span class='ocrx_word' id='word_1_497' title='bbox 1409 3478 1720 3547; x_wconf 66' lang='lat' dir='ltr'><strong>apostolicae</strong></span> <span class='ocrx_word' id='word_1_498' title='bbox 1754 3487 1937 3532; x_wconf 82' lang='lat' dir='ltr'><strong>aucto-</strong></span> 
     </span>
    </p>
   </div>
   <div class='ocr_carea' id='block_1_67' title="bbox 357 3564 1938 3636">
    <p class='ocr_par' dir='ltr' id='par_1_67' title="bbox 357 3564 1938 3636">
     <span class='ocr_line' id='line_1_67' title="bbox 357 3564 1938 3636; baseline 0.001 -18"><span class='ocrx_word' id='word_1_499' title='bbox 357 3564 537 3621; x_wconf 90' lang='lat' dir='ltr'><strong>ritatis</strong></span> <span class='ocrx_word' id='word_1_500' title='bbox 565 3567 706 3621; x_wconf 92' lang='lat' dir='ltr'><strong>serie</strong></span> <span class='ocrx_word' id='word_1_501' title='bbox 735 3569 1066 3632; x_wconf 90' lang='lat' dir='ltr'><strong>muniamus,</strong></span> <span class='ocrx_word' id='word_1_502' title='bbox 1094 3576 1151 3622; x_wconf 89' lang='lat' dir='ltr'><strong>et</strong></span> <span class='ocrx_word' id='word_1_503' title='bbox 1179 3568 1361 3623; x_wconf 90' lang='lat' dir='ltr'><strong>omnia</strong></span> <span class='ocrx_word' id='word_1_504' title='bbox 1392 3576 1446 3622; x_wconf 93' lang='lat' dir='ltr'><strong>et</strong></span> <span class='ocrx_word' id='word_1_505' title='bbox 1477 3567 1805 3636; x_wconf 88' lang='lat' dir='ltr'><strong>pertinentia</strong></span> <span class='ocrx_word' id='word_1_506' title='bbox 1847 3580 1938 3636; x_wconf 86' lang='lat' dir='ltr'><strong>pe-</strong></span> 
     </span>
    </p>
   </div>
   <div class='ocr_carea' id='block_1_68' title="bbox 355 3654 1936 3725">
    <p class='ocr_par' dir='ltr' id='par_1_68' title="bbox 355 3654 1936 3725">
     <span class='ocr_line' id='line_1_68' title="bbox 355 3654 1936 3725; baseline -0.001 -18"><span class='ocrx_word' id='word_1_507' title='bbox 355 3655 514 3708; x_wconf 89' lang='lat' dir='ltr'><strong>renni</strong></span> <span class='ocrx_word' id='word_1_508' title='bbox 542 3654 665 3724; x_wconf 91' lang='lat' dir='ltr'><strong>jure</strong></span> <span class='ocrx_word' id='word_1_509' title='bbox 708 3655 1090 3710; x_wconf 87' lang='lat' dir='ltr'><strong>inviolabiliter</strong></span> <span class='ocrx_word' id='word_1_510' title='bbox 1132 3654 1496 3725; x_wconf 89' lang='lat' dir='ltr'><strong>permanenda</strong></span> <span class='ocrx_word' id='word_1_511' title='bbox 1530 3655 1936 3710; x_wconf 88' lang='lat' dir='ltr'><strong>confirmemus.</strong></span> 
     </span>
    </p>
   </div>
   <div class='ocr_carea' id='block_1_69' title="bbox 357 3744 1938 3817">
    <p class='ocr_par' dir='ltr' id='par_1_69' title="bbox 357 3744 1938 3817">
     <span class='ocr_line' id='line_1_69' title="bbox 357 3744 1938 3817; baseline 0.003 -19"><span class='ocrx_word' id='word_1_512' title='bbox 357 3744 648 3815; x_wconf 83' lang='lat' dir='ltr'><strong>Propterea</strong></span> <span class='ocrx_word' id='word_1_513' title='bbox 672 3745 796 3800; x_wconf 77' lang='lat' dir='ltr'><strong>ﬂexi</strong></span> <span class='ocrx_word' id='word_1_514' title='bbox 824 3747 1074 3816; x_wconf 91' lang='lat' dir='ltr'><strong>precibus</strong></span> <span class='ocrx_word' id='word_1_515' title='bbox 1107 3747 1216 3801; x_wconf 92' lang='lat' dir='ltr'><strong>tuis</strong></span> <span class='ocrx_word' id='word_1_516' title='bbox 1245 3762 1338 3816; x_wconf 93' lang='lat' dir='ltr'><strong>per</strong></span> <span class='ocrx_word' id='word_1_517' title='bbox 1366 3747 1522 3815; x_wconf 89' lang='lat' dir='ltr'><strong>hujus</strong></span> <span class='ocrx_word' id='word_1_518' title='bbox 1558 3747 1938 3817; x_wconf 82' lang='lat' dir='ltr'><strong>praeceptionis</strong></span> 
     </span>
    </p>
   </div>
   <div class='ocr_carea' id='block_1_70' title="bbox 355 3835 1938 3906">
    <p class='ocr_par' dir='ltr' id='par_1_70' title="bbox 355 3835 1938 3906">
     <span class='ocr_line' id='line_1_70' title="bbox 355 3835 1938 3906; baseline 0.002 -18"><span class='ocrx_word' id='word_1_519' title='bbox 355 3835 607 3906; x_wconf 78' lang='lat' dir='ltr'><strong>paginam</strong></span> <span class='ocrx_word' id='word_1_520' title='bbox 647 3845 946 3894; x_wconf 87' lang='lat' dir='ltr'><strong>statuentes</strong></span> <span class='ocrx_word' id='word_1_521' title='bbox 973 3837 1349 3902; x_wconf 91' lang='lat' dir='ltr'><strong>decernimus,</strong></span> <span class='ocrx_word' id='word_1_522' title='bbox 1381 3846 1441 3891; x_wconf 89' lang='lat' dir='ltr'><strong>ut</strong></span> <span class='ocrx_word' id='word_1_523' title='bbox 1481 3847 1674 3892; x_wconf 89' lang='lat' dir='ltr'><strong>cuncta</strong></span> <span class='ocrx_word' id='word_1_524' title='bbox 1706 3837 1819 3892; x_wconf 90' lang='lat' dir='ltr'><strong>loca</strong></span> <span class='ocrx_word' id='word_1_525' title='bbox 1851 3854 1938 3891; x_wconf 88' lang='lat' dir='ltr'><strong>ur-</strong></span> 
     </span>
    </p>
   </div>
   <div class='ocr_carea' id='block_1_71' title="bbox 357 3925 1938 3996">
    <p class='ocr_par' dir='ltr' id='par_1_71' title="bbox 357 3925 1938 3996">
     <span class='ocr_line' id='line_1_71' title="bbox 357 3925 1938 3996; baseline 0.004 -18"><span class='ocrx_word' id='word_1_526' title='bbox 357 3925 497 3980; x_wconf 89' lang='lat' dir='ltr'><strong>bana</strong></span> <span class='ocrx_word' id='word_1_527' title='bbox 528 3929 610 3981; x_wconf 90' lang='lat' dir='ltr'><strong>vel</strong></span> <span class='ocrx_word' id='word_1_528' title='bbox 645 3930 935 3996; x_wconf 90' lang='lat' dir='ltr'><strong>rusticana,</strong></span> <span class='ocrx_word' id='word_1_529' title='bbox 967 3929 1020 3984; x_wconf 88' lang='lat' dir='ltr'><strong>id</strong></span> <span class='ocrx_word' id='word_1_530' title='bbox 1067 3939 1151 3985; x_wconf 91' lang='lat' dir='ltr'><strong>est</strong></span> <span class='ocrx_word' id='word_1_531' title='bbox 1197 3946 1424 3996; x_wconf 88' lang='lat' dir='ltr'><strong>massas,</strong></span> <span class='ocrx_word' id='word_1_532' title='bbox 1471 3931 1700 3996; x_wconf 89' lang='lat' dir='ltr'><strong>casales,</strong></span> <span class='ocrx_word' id='word_1_533' title='bbox 1731 3932 1815 3985; x_wconf 90' lang='lat' dir='ltr'><strong>vel</strong></span> <span class='ocrx_word' id='word_1_534' title='bbox 1847 3947 1938 3984; x_wconf 85' lang='lat' dir='ltr'><strong>ea-</strong></span> 
     </span>
    </p>
   </div>
   <div class='ocr_carea' id='block_1_72' title="bbox 357 4016 1941 4091">
    <p class='ocr_par' dir='ltr' id='par_1_72' title="bbox 357 4016 1941 4091">
     <span class='ocr_line' id='line_1_72' title="bbox 357 4016 1941 4091; baseline 0.004 -22"><span class='ocrx_word' id='word_1_535' title='bbox 357 4016 534 4082; x_wconf 87' lang='lat' dir='ltr'><strong>stella,</strong></span> <span class='ocrx_word' id='word_1_536' title='bbox 553 4018 760 4072; x_wconf 89' lang='lat' dir='ltr'><strong>diversa</strong></span> <span class='ocrx_word' id='word_1_537' title='bbox 787 4021 987 4089; x_wconf 66' lang='lat' dir='ltr'><strong>praedia</strong></span> <span class='ocrx_word' id='word_1_538' title='bbox 1018 4020 1160 4074; x_wconf 88' lang='lat' dir='ltr'><strong>culta</strong></span> <span class='ocrx_word' id='word_1_539' title='bbox 1183 4021 1266 4075; x_wconf 89' lang='lat' dir='ltr'><strong>vel</strong></span> <span class='ocrx_word' id='word_1_540' title='bbox 1288 4021 1512 4087; x_wconf 89' lang='lat' dir='ltr'><strong>inculta,</strong></span> <span class='ocrx_word' id='word_1_541' title='bbox 1530 4039 1648 4091; x_wconf 75' lang='lat' dir='ltr'><strong>qua:</strong></span> <span class='ocrx_word' id='word_1_542' title='bbox 1671 4032 1941 4091; x_wconf 91' lang='lat' dir='ltr'><strong>ponuntur</strong></span> 
     </span>
    </p>
   </div>
   <div class='ocr_carea' id='block_1_73' title="bbox 358 4110 1940 4182">
    <p class='ocr_par' dir='ltr' id='par_1_73' title="bbox 358 4110 1940 4182">
     <span class='ocr_line' id='line_1_73' title="bbox 358 4110 1940 4182; baseline 0.002 -19"><span class='ocrx_word' id='word_1_543' title='bbox 358 4125 456 4182; x_wconf 91' lang='lat' dir='ltr'><strong>per</strong></span> <span class='ocrx_word' id='word_1_544' title='bbox 503 4110 616 4164; x_wconf 85' lang='lat' dir='ltr'><strong>loca</strong></span> <span class='ocrx_word' id='word_1_545' title='bbox 666 4120 720 4164; x_wconf 86' lang='lat' dir='ltr'><strong>et</strong></span> <span class='ocrx_word' id='word_1_546' title='bbox 767 4111 1060 4178; x_wconf 89' lang='lat' dir='ltr'><strong>vocabula,</strong></span> <span class='ocrx_word' id='word_1_547' title='bbox 1107 4127 1226 4182; x_wconf 69' lang='lat' dir='ltr'><strong>quae</strong></span> <span class='ocrx_word' id='word_1_548' title='bbox 1268 4113 1517 4182; x_wconf 89' lang='lat' dir='ltr'><strong>superius</strong></span> <span class='ocrx_word' id='word_1_549' title='bbox 1545 4114 1823 4182; x_wconf 68' lang='lat' dir='ltr'><strong>prmmissa</strong></span> <span class='ocrx_word' id='word_1_550' title='bbox 1857 4114 1940 4168; x_wconf 89' lang='lat' dir='ltr'><strong>vel</strong></span> 
     </span>
    </p>
   </div>
   <div class='ocr_carea' id='block_1_74' title="bbox 358 4199 1938 4272">
    <p class='ocr_par' dir='ltr' id='par_1_74' title="bbox 358 4199 1938 4272">
     <span class='ocr_line' id='line_1_74' title="bbox 358 4199 1938 4272; baseline 0.002 -19"><span class='ocrx_word' id='word_1_551' title='bbox 358 4199 634 4255; x_wconf 90' lang='lat' dir='ltr'><strong>nominata</strong></span> <span class='ocrx_word' id='word_1_552' title='bbox 666 4209 812 4266; x_wconf 90' lang='lat' dir='ltr'><strong>sunt,</strong></span> <span class='ocrx_word' id='word_1_553' title='bbox 842 4201 1000 4255; x_wconf 88' lang='lat' dir='ltr'><strong>sicuti</strong></span> <span class='ocrx_word' id='word_1_554' title='bbox 1031 4216 1060 4254; x_wconf 89' lang='lat' dir='ltr'><strong>a</strong></span> <span class='ocrx_word' id='word_1_555' title='bbox 1104 4201 1468 4271; x_wconf 87' lang='lat' dir='ltr'><strong>pontificibus,</strong></span> <span class='ocrx_word' id='word_1_556' title='bbox 1505 4204 1749 4272; x_wconf 76' lang='lat' dir='ltr'><strong>regibus,</strong></span> <span class='ocrx_word' id='word_1_557' title='bbox 1781 4203 1863 4257; x_wconf 88' lang='lat' dir='ltr'><strong>vel</strong></span> <span class='ocrx_word' id='word_1_558' title='bbox 1909 4218 1938 4256; x_wconf 90' lang='lat' dir='ltr'><strong>a</strong></span> 
     </span>
    </p>
   </div>
   <div class='ocr_carea' id='block_1_75' title="bbox 359 4292 1940 4352">
    <p class='ocr_par' dir='ltr' id='par_1_75' title="bbox 359 4292 1940 4352">
     <span class='ocr_line' id='line_1_75' title="bbox 359 4292 1940 4352; baseline 0.004 -6"><span class='ocrx_word' id='word_1_559' title='bbox 359 4292 528 4347; x_wconf 92' lang='lat' dir='ltr'><strong>Deum</strong></span> <span class='ocrx_word' id='word_1_560' title='bbox 559 4293 870 4348; x_wconf 91' lang='lat' dir='ltr'><strong>timentibus</strong></span> <span class='ocrx_word' id='word_1_561' title='bbox 897 4294 950 4348; x_wconf 95' lang='lat' dir='ltr'><strong>in</strong></span> <span class='ocrx_word' id='word_1_562' title='bbox 979 4295 1164 4349; x_wconf 90' lang='lat' dir='ltr'><strong>eodem</strong></span> <span class='ocrx_word' id='word_1_563' title='bbox 1196 4296 1489 4350; x_wconf 88' lang='lat' dir='ltr'><strong>venerabili</strong></span> <span class='ocrx_word' id='word_1_564' title='bbox 1535 4297 1653 4351; x_wconf 91' lang='lat' dir='ltr'><strong>loco</strong></span> <span class='ocrx_word' id='word_1_565' title='bbox 1681 4313 1940 4352; x_wconf 88' lang='lat' dir='ltr'><strong>concessa</strong></span> 
     </span>
    </p>
   </div>
   <div class='ocr_carea' id='block_1_76' title="bbox 357 4382 1941 4453">
    <p class='ocr_par' dir='ltr' id='par_1_76' title="bbox 357 4382 1941 4453">
     <span class='ocr_line' id='line_1_76' title="bbox 357 4382 1941 4453; baseline 0.004 -17"><span class='ocrx_word' id='word_1_566' title='bbox 357 4391 507 4447; x_wconf 89' lang='lat' dir='ltr'><strong>sunt,</strong></span> <span class='ocrx_word' id='word_1_567' title='bbox 536 4382 617 4437; x_wconf 89' lang='lat' dir='ltr'><strong>vel</strong></span> <span class='ocrx_word' id='word_1_568' title='bbox 646 4383 810 4439; x_wconf 90' lang='lat' dir='ltr'><strong>etiam</strong></span> <span class='ocrx_word' id='word_1_569' title='bbox 841 4399 939 4453; x_wconf 92' lang='lat' dir='ltr'><strong>per</strong></span> <span class='ocrx_word' id='word_1_570' title='bbox 959 4383 1095 4438; x_wconf 91' lang='lat' dir='ltr'><strong>alias</strong></span> <span class='ocrx_word' id='word_1_571' title='bbox 1122 4386 1361 4441; x_wconf 88' lang='lat' dir='ltr'><strong>rationes</strong></span> <span class='ocrx_word' id='word_1_572' title='bbox 1380 4384 1524 4453; x_wconf 89' lang='lat' dir='ltr'><strong>juste</strong></span> <span class='ocrx_word' id='word_1_573' title='bbox 1547 4387 1678 4442; x_wconf 89' lang='lat' dir='ltr'><strong>inibi</strong></span> <span class='ocrx_word' id='word_1_574' title='bbox 1709 4389 1941 4443; x_wconf 80' lang='lat' dir='ltr'><strong>advene-</strong></span> 
     </span>
    </p>
   </div>
   <div class='ocr_carea' id='block_1_77' title="bbox 360 4477 1943 4547">
    <p class='ocr_par' dir='ltr' id='par_1_77' title="bbox 360 4477 1943 4547">
     <span class='ocr_line' id='line_1_77' title="bbox 360 4477 1943 4547; baseline 0.005 -18"><span class='ocrx_word' id='word_1_575' title='bbox 360 4485 503 4540; x_wconf 92' lang='lat' dir='ltr'><strong>runt,</strong></span> <span class='ocrx_word' id='word_1_576' title='bbox 539 4477 694 4532; x_wconf 88' lang='lat' dir='ltr'><strong>sicuti</strong></span> <span class='ocrx_word' id='word_1_577' title='bbox 726 4478 906 4532; x_wconf 89' lang='lat' dir='ltr'><strong>omnia</strong></span> <span class='ocrx_word' id='word_1_578' title='bbox 945 4477 1228 4547; x_wconf 68' lang='lat' dir='ltr'><strong>praefatum</strong></span> <span class='ocrx_word' id='word_1_579' title='bbox 1259 4489 1407 4532; x_wconf 90' lang='lat' dir='ltr'><strong>tuum</strong></span> <span class='ocrx_word' id='word_1_580' title='bbox 1435 4480 1820 4535; x_wconf 90' lang='lat' dir='ltr'><strong>monasterium</strong></span> <span class='ocrx_word' id='word_1_581' title='bbox 1849 4484 1943 4536; x_wconf 87' lang='lat' dir='ltr'><strong>de-</strong></span> 
     </span>
    </p>
   </div>
   <div class='ocr_carea' id='block_1_78' title="bbox 358 4566 2019 4642">
    <p class='ocr_par' dir='ltr' id='par_1_78' title="bbox 358 4566 2019 4642">
     <span class='ocr_line' id='line_1_78' title="bbox 358 4566 2019 4642; baseline 0.002 -21"><span class='ocrx_word' id='word_1_582' title='bbox 358 4568 519 4622; x_wconf 93' lang='lat' dir='ltr'><strong>tinuit</strong></span> <span class='ocrx_word' id='word_1_583' title='bbox 564 4570 894 4638; x_wconf 88' lang='lat' dir='ltr'><strong>temporibus</strong></span> <span class='ocrx_word' id='word_1_584' title='bbox 938 4578 1139 4625; x_wconf 69' lang='lat' dir='ltr'><strong>sanctae</strong></span> <span class='ocrx_word' id='word_1_585' title='bbox 1175 4570 1566 4626; x_wconf 88' lang='lat' dir='ltr'><strong>recordationis</strong></span> <span class='ocrx_word' id='word_1_586' title='bbox 1616 4571 1858 4642; x_wconf 77' lang='lat' dir='ltr'><strong>Gregorii</strong></span> <span class='ocrx_word' id='word_1_587' title='bbox 1887 4582 1942 4627; x_wconf 91' lang='lat' dir='ltr'><strong>et</strong></span> <span class='ocrx_word' id='word_1_588' title='bbox 1971 4566 2019 4624; x_wconf 91' lang='lat' dir='ltr'><strong>D</strong></span> 
     </span>
    </p>
   </div>
   <div class='ocr_carea' id='block_1_79' title="bbox 359 4659 1936 4732">
    <p class='ocr_par' dir='ltr' id='par_1_79' title="bbox 359 4659 1936 4732">
     <span class='ocr_line' id='line_1_79' title="bbox 359 4659 1936 4732; baseline 0.003 -18"><span class='ocrx_word' id='word_1_589' title='bbox 359 4659 632 4716; x_wconf 68' lang='lat' dir='ltr'><strong>Zachariae</strong></span> <span class='ocrx_word' id='word_1_590' title='bbox 653 4671 706 4716; x_wconf 92' lang='lat' dir='ltr'><strong>et</strong></span> <span class='ocrx_word' id='word_1_591' title='bbox 728 4661 931 4717; x_wconf 85' lang='lat' dir='ltr'><strong>Nicolai</strong></span> <span class='ocrx_word' id='word_1_592' title='bbox 962 4677 1112 4732; x_wconf 74' lang='lat' dir='ltr'><strong>papa:</strong></span> <span class='ocrx_word' id='word_1_593' title='bbox 1129 4662 1580 4732; x_wconf 79' lang='lat' dir='ltr'><strong>przedecessorum</strong></span> <span class='ocrx_word' id='word_1_594' title='bbox 1611 4673 1936 4729; x_wconf 82' lang='lat' dir='ltr'><strong>nostrorum,</strong></span> 
     </span>
    </p>
   </div>
   <div class='ocr_carea' id='block_1_80' title="bbox 359 4753 1936 4826">
    <p class='ocr_par' dir='ltr' id='par_1_80' title="bbox 359 4753 1936 4826">
     <span class='ocr_line' id='line_1_80' title="bbox 359 4753 1936 4826; baseline 0.002 -18"><span class='ocrx_word' id='word_1_595' title='bbox 359 4753 433 4808; x_wconf 91' lang='lat' dir='ltr'><strong>ita</strong></span> <span class='ocrx_word' id='word_1_596' title='bbox 467 4762 523 4808; x_wconf 92' lang='lat' dir='ltr'><strong>et</strong></span> <span class='ocrx_word' id='word_1_597' title='bbox 551 4769 694 4810; x_wconf 92' lang='lat' dir='ltr'><strong>nunc</strong></span> <span class='ocrx_word' id='word_1_598' title='bbox 717 4768 838 4808; x_wconf 91' lang='lat' dir='ltr'><strong>cum</strong></span> <span class='ocrx_word' id='word_1_599' title='bbox 870 4770 1060 4826; x_wconf 90' lang='lat' dir='ltr'><strong>magna</strong></span> <span class='ocrx_word' id='word_1_600' title='bbox 1088 4754 1378 4810; x_wconf 86' lang='lat' dir='ltr'><strong>securitate</strong></span> <span class='ocrx_word' id='word_1_601' title='bbox 1402 4755 1582 4825; x_wconf 91' lang='lat' dir='ltr'><strong>quiete</strong></span> <span class='ocrx_word' id='word_1_602' title='bbox 1610 4755 1786 4810; x_wconf 87' lang='lat' dir='ltr'><strong>valeat</strong></span> <span class='ocrx_word' id='word_1_603' title='bbox 1813 4773 1936 4826; x_wconf 87' lang='lat' dir='ltr'><strong>pos-</strong></span> 
     </span>
    </p>
   </div>
   <div class='ocr_carea' id='block_1_81' title="bbox 431 4907 1935 4982">
    <p class='ocr_par' dir='ltr' id='par_1_81' title="bbox 431 4907 1935 4982">
     <span class='ocr_line' id='line_1_81' title="bbox 431 4907 1935 4982; baseline 0 -18"><span class='ocrx_word' id='word_1_604' title='bbox 431 4909 509 4982; x_wconf 87' lang='lat'><strong>(6)</strong></span> <span class='ocrx_word' id='word_1_605' title='bbox 549 4909 1209 4982; x_wconf 73' lang='lat' dir='ltr'><strong>Ughelliushancipsam</strong></span> <span class='ocrx_word' id='word_1_606' title='bbox 1244 4907 1443 4982; x_wconf 87' lang='lat' dir='ltr'><strong>bullam</strong></span> <span class='ocrx_word' id='word_1_607' title='bbox 1492 4922 1599 4975; x_wconf 65' lang='lat' dir='ltr'><strong>prae</strong></span> <span class='ocrx_word' id='word_1_608' title='bbox 1635 4908 1808 4982; x_wconf 88' lang='lat' dir='ltr'><strong>oculis</strong></span> <span class='ocrx_word' id='word_1_609' title='bbox 1841 4911 1935 4964; x_wconf 90' lang='lat' dir='ltr'><strong>ha-</strong></span> 
     </span>
    </p>
   </div>
   <div class='ocr_carea' id='block_1_82' title="bbox 357 4978 1933 5048">
    <p class='ocr_par' dir='ltr' id='par_1_82' title="bbox 357 4978 1933 5048">
     <span class='ocr_line' id='line_1_82' title="bbox 357 4978 1933 5048; baseline -0.001 -13"><span class='ocrx_word' id='word_1_610' title='bbox 357 4978 515 5045; x_wconf 83' lang='lat' dir='ltr'><strong>bens,</strong></span> <span class='ocrx_word' id='word_1_611' title='bbox 547 4978 806 5034; x_wconf 85' lang='lat' dir='ltr'><strong>Joannem</strong></span> <span class='ocrx_word' id='word_1_612' title='bbox 840 4979 1059 5033; x_wconf 89' lang='lat' dir='ltr'><strong>intrusit</strong></span> <span class='ocrx_word' id='word_1_613' title='bbox 1109 4980 1161 5030; x_wconf 90' lang='lat' dir='ltr'><strong>in</strong></span> <span class='ocrx_word' id='word_1_614' title='bbox 1211 4978 1514 5048; x_wconf 81' lang='lat' dir='ltr'><strong>catalogum</strong></span> <span class='ocrx_word' id='word_1_615' title='bbox 1562 4981 1933 5048; x_wconf 89' lang='lat' dir='ltr'><strong>episcoporum</strong></span> 
     </span>
    </p>
   </div>
   <div class='ocr_carea' id='block_1_83' title="bbox 359 5047 1936 5111">
    <p class='ocr_par' dir='ltr' id='par_1_83' title="bbox 359 5047 1936 5111">
     <span class='ocr_line' id='line_1_83' title="bbox 359 5047 1936 5111; baseline 0 -8"><span class='ocrx_word' id='word_1_616' title='bbox 359 5051 738 5104; x_wconf 79' lang='lat' dir='ltr'><strong>Albanensium</strong></span> <span class='ocrx_word' id='word_1_617' title='bbox 769 5049 835 5103; x_wconf 93' lang='lat' dir='ltr'><strong>ad</strong></span> <span class='ocrx_word' id='word_1_618' title='bbox 867 5064 1061 5102; x_wconf 90' lang='lat' dir='ltr'><strong>annum</strong></span> <span class='ocrx_word' id='word_1_619' title='bbox 1092 5048 1214 5111; x_wconf 68' lang='lat'><strong>8:28,</strong></span> <span class='ocrx_word' id='word_1_620' title='bbox 1245 5055 1391 5101; x_wconf 91' lang='lat' dir='ltr'><strong>tomo</strong></span> <span class='ocrx_word' id='word_1_621' title='bbox 1414 5049 1429 5100; x_wconf 96' lang='lat' dir='ltr'><strong>l</strong></span> <span class='ocrx_word' id='word_1_622' title='bbox 1456 5047 1568 5100; x_wconf 90' lang='lat' dir='ltr'><strong>Ital.</strong></span> <span class='ocrx_word' id='word_1_623' title='bbox 1606 5047 1804 5102; x_wconf 60' lang='lat' dir='ltr'><strong>Sacrir.</strong></span> <span class='ocrx_word' id='word_1_624' title='bbox 1833 5051 1936 5105; x_wconf 92' lang='lat' dir='ltr'><strong>Sed</strong></span> 
     </span>
    </p>
   </div>
   <div class='ocr_carea' id='block_1_84' title="bbox 362 5118 1936 5188">
    <p class='ocr_par' dir='ltr' id='par_1_84' title="bbox 362 5118 1936 5188">
     <span class='ocr_line' id='line_1_84' title="bbox 362 5118 1936 5188; baseline -0.003 -12"><span class='ocrx_word' id='word_1_625' title='bbox 362 5123 409 5176; x_wconf 90' lang='lat' dir='ltr'><strong>is</strong></span> <span class='ocrx_word' id='word_1_626' title='bbox 436 5120 658 5176; x_wconf 88' lang='lat' dir='ltr'><strong>fallitur.</strong></span> <span class='ocrx_word' id='word_1_627' title='bbox 689 5119 806 5173; x_wconf 84' lang='lat' dir='ltr'><strong>Non</strong></span> <span class='ocrx_word' id='word_1_628' title='bbox 834 5123 898 5172; x_wconf 92' lang='lat' dir='ltr'><strong>ad</strong></span> <span class='ocrx_word' id='word_1_629' title='bbox 939 5118 1257 5188; x_wconf 78' lang='lat' dir='ltr'><strong>Gregorium</strong></span> <span class='ocrx_word' id='word_1_630' title='bbox 1289 5129 1564 5186; x_wconf 91' lang='lat' dir='ltr'><strong>quartum,</strong></span> <span class='ocrx_word' id='word_1_631' title='bbox 1598 5119 1692 5173; x_wconf 88' lang='lat' dir='ltr'><strong>sed</strong></span> <span class='ocrx_word' id='word_1_632' title='bbox 1721 5121 1936 5187; x_wconf 86' lang='lat' dir='ltr'><strong>quidem</strong></span> 
     </span>
    </p>
   </div>
   <div class='ocr_carea' id='block_1_85' title="bbox 360 5188 1939 5261">
    <p class='ocr_par' dir='ltr' id='par_1_85' title="bbox 360 5188 1939 5261">
     <span class='ocr_line' id='line_1_85' title="bbox 360 5188 1939 5261; baseline -0.001 -15"><span class='ocrx_word' id='word_1_633' title='bbox 360 5191 428 5246; x_wconf 89' lang='lat' dir='ltr'><strong>ad</strong></span> <span class='ocrx_word' id='word_1_634' title='bbox 459 5191 724 5261; x_wconf 91' lang='lat' dir='ltr'><strong>quintum,</strong></span> <span class='ocrx_word' id='word_1_635' title='bbox 751 5191 941 5244; x_wconf 78' lang='lat' dir='ltr'><strong>littera:</strong></span> <span class='ocrx_word' id='word_1_636' title='bbox 971 5191 1087 5244; x_wconf 80' lang='lat' dir='ltr'><strong>ista:</strong></span> <span class='ocrx_word' id='word_1_637' title='bbox 1130 5188 1194 5258; x_wconf 90' lang='lat' dir='ltr'><strong>(si</strong></span> <span class='ocrx_word' id='word_1_638' title='bbox 1221 5191 1588 5261; x_wconf 76' lang='lat' dir='ltr'><strong>_tamen_omni</strong></span> <span class='ocrx_word' id='word_1_639' title='bbox 1634 5191 1939 5258; x_wconf 87' lang='lat' dir='ltr'><strong>suspicione</strong></span> 
     </span>
    </p>
   </div>
   <div class='ocr_carea' id='block_1_86' title="bbox 361 5256 1938 5328">
    <p class='ocr_par' dir='ltr' id='par_1_86' title="bbox 361 5256 1938 5328">
     <span class='ocr_line' id='line_1_86' title="bbox 361 5256 1938 5328; baseline 0 -14"><span class='ocrx_word' id='word_1_640' title='bbox 361 5256 492 5315; x_wconf 79' lang='lat' dir='ltr'><strong>falsi</strong></span> <span class='ocrx_word' id='word_1_641' title='bbox 527 5276 617 5317; x_wconf 90' lang='lat' dir='ltr'><strong>eas</strong></span> <span class='ocrx_word' id='word_1_642' title='bbox 660 5274 848 5315; x_wconf 88' lang='lat' dir='ltr'><strong>carere</strong></span> <span class='ocrx_word' id='word_1_643' title='bbox 876 5261 1052 5328; x_wconf 91' lang='lat' dir='ltr'><strong>putas)</strong></span> <span class='ocrx_word' id='word_1_644' title='bbox 1097 5256 1386 5327; x_wconf 88' lang='lat' dir='ltr'><strong>pertinent.</strong></span> <span class='ocrx_word' id='word_1_645' title='bbox 1416 5256 1604 5328; x_wconf 81' lang='lat' dir='ltr'><strong>Neque</strong></span> <span class='ocrx_word' id='word_1_646' title='bbox 1638 5256 1779 5313; x_wconf 87' lang='lat' dir='ltr'><strong>enim</strong></span> <span class='ocrx_word' id='word_1_647' title='bbox 1811 5277 1938 5316; x_wconf 88' lang='lat' dir='ltr'><strong>con-</strong></span> 
     </span>
    </p>
   </div>
   <div class='ocr_carea' id='block_1_87' title="bbox 358 5327 1938 5402">
    <p class='ocr_par' dir='ltr' id='par_1_87' title="bbox 358 5327 1938 5402">
     <span class='ocr_line' id='line_1_87' title="bbox 358 5327 1938 5402; baseline -0.002 -18"><span class='ocrx_word' id='word_1_648' title='bbox 358 5331 510 5402; x_wconf 86' lang='lat' dir='ltr'><strong>venit</strong></span> <span class='ocrx_word' id='word_1_649' title='bbox 553 5329 829 5386; x_wconf 81' lang='lat' dir='ltr'><strong>indiCIioni</strong></span> <span class='ocrx_word' id='word_1_650' title='bbox 877 5327 906 5382; x_wconf 77' lang='lat' dir='ltr'><strong>x</strong></span> <span class='ocrx_word' id='word_1_651' title='bbox 937 5327 1111 5385; x_wconf 90' lang='lat' dir='ltr'><strong>annus</strong></span> <span class='ocrx_word' id='word_1_652' title='bbox 1157 5329 1360 5402; x_wconf 84' lang='lat' dir='ltr'><strong>primus</strong></span> <span class='ocrx_word' id='word_1_653' title='bbox 1397 5327 1641 5402; x_wconf 83' lang='lat' dir='ltr'><strong>Gregorii</strong></span> <span class='ocrx_word' id='word_1_654' title='bbox 1673 5330 1739 5383; x_wconf 85' lang='lat' dir='ltr'><strong>IV</strong></span> <span class='ocrx_word' id='word_1_655' title='bbox 1771 5345 1938 5402; x_wconf 79' lang='lat' dir='ltr'><strong>papae.</strong></span> 
     </span>
    </p>
   </div>
   <div class='ocr_carea' id='block_1_88' title="bbox 359 5399 1936 5470">
    <p class='ocr_par' dir='ltr' id='par_1_88' title="bbox 359 5399 1936 5470">
     <span class='ocr_line' id='line_1_88' title="bbox 359 5399 1936 5470; baseline -0.002 -14"><span class='ocrx_word' id='word_1_656' title='bbox 359 5401 738 5456; x_wconf 87' lang='lat' dir='ltr'><strong>Faciletamen</strong></span> <span class='ocrx_word' id='word_1_657' title='bbox 766 5415 918 5470; x_wconf 88' lang='lat' dir='ltr'><strong>error</strong></span> <span class='ocrx_word' id='word_1_658' title='bbox 953 5404 1003 5456; x_wconf 92' lang='lat' dir='ltr'><strong>in</strong></span> <span class='ocrx_word' id='word_1_659' title='bbox 1038 5399 1401 5470; x_wconf 81' lang='lat' dir='ltr'><strong>apographum</strong></span> <span class='ocrx_word' id='word_1_660' title='bbox 1434 5399 1719 5470; x_wconf 89' lang='lat' dir='ltr'><strong>irrepsisse</strong></span> <span class='ocrx_word' id='word_1_661' title='bbox 1744 5399 1936 5470; x_wconf 86' lang='lat' dir='ltr'><strong>potuit,</strong></span> 
     </span>
    </p>
   </div>
   <div class='ocr_carea' id='block_1_89' title="bbox 360 5468 1939 5541">
    <p class='ocr_par' dir='ltr' id='par_1_89' title="bbox 360 5468 1939 5541">
     <span class='ocr_line' id='line_1_89' title="bbox 360 5468 1939 5541; baseline -0.001 -16"><span class='ocrx_word' id='word_1_662' title='bbox 360 5473 436 5525; x_wconf 90' lang='lat' dir='ltr'><strong>ita</strong></span> <span class='ocrx_word' id='word_1_663' title='bbox 461 5478 524 5541; x_wconf 80' lang='lat' dir='ltr'><strong>ut</strong></span> <span class='ocrx_word' id='word_1_664' title='bbox 550 5472 802 5526; x_wconf 86' lang='lat' dir='ltr'><strong>librarius</strong></span> <span class='ocrx_word' id='word_1_665' title='bbox 847 5469 1037 5539; x_wconf 90' lang='lat' dir='ltr'><strong>legerit</strong></span> <span class='ocrx_word' id='word_1_666' title='bbox 1082 5468 1124 5522; x_wconf 80' lang='grc' dir='ltr'><strong>Χ</strong></span> <span class='ocrx_word' id='word_1_667' title='bbox 1157 5484 1253 5536; x_wconf 92' lang='lat' dir='ltr'><strong>pro</strong></span> <span class='ocrx_word' id='word_1_668' title='bbox 1285 5469 1348 5534; x_wconf 86' lang='lat' dir='ltr'><strong>V,</strong></span> <span class='ocrx_word' id='word_1_669' title='bbox 1385 5483 1501 5536; x_wconf 73' lang='lat' dir='ltr'><strong>quae</strong></span> <span class='ocrx_word' id='word_1_670' title='bbox 1547 5468 1755 5525; x_wconf 61' lang='lat' dir='ltr'><strong>litterae</strong></span> <span class='ocrx_word' id='word_1_671' title='bbox 1800 5474 1939 5526; x_wconf 90' lang='lat' dir='ltr'><strong>inter</strong></span> 
     </span>
    </p>
   </div>
   <div class='ocr_carea' id='block_1_90' title="bbox 2039 3313 3621 3383">
    <p class='ocr_par' dir='ltr' id='par_1_90' title="bbox 2039 3313 3621 3383">
     <span class='ocr_line' id='line_1_90' title="bbox 2039 3313 3621 3383; baseline 0.002 -18"><span class='ocrx_word' id='word_1_672' title='bbox 2039 3313 2205 3366; x_wconf 90' lang='lat' dir='ltr'><strong>chaos</strong></span> <span class='ocrx_word' id='word_1_673' title='bbox 2236 3313 2539 3366; x_wconf 82' lang='lat' dir='ltr'><strong>demersum</strong></span> <span class='ocrx_word' id='word_1_674' title='bbox 2572 3328 2696 3367; x_wconf 90' lang='lat' dir='ltr'><strong>eum</strong></span> <span class='ocrx_word' id='word_1_675' title='bbox 2741 3314 2920 3382; x_wconf 91' lang='lat' dir='ltr'><strong>impiis</strong></span> <span class='ocrx_word' id='word_1_676' title='bbox 2949 3313 3312 3383; x_wconf 83' lang='lat' dir='ltr'><strong>plectendum.</strong></span> <span class='ocrx_word' id='word_1_677' title='bbox 3363 3314 3462 3381; x_wconf 87' lang='lat' dir='ltr'><strong>Qui</strong></span> <span class='ocrx_word' id='word_1_678' title='bbox 3495 3330 3621 3368; x_wconf 86' lang='lat' dir='ltr'><strong>vero</strong></span> 
     </span>
    </p>
   </div>
   <div class='ocr_carea' id='block_1_91' title="bbox 2040 3402 3620 3474">
    <p class='ocr_par' dir='ltr' id='par_1_91' title="bbox 2040 3402 3620 3474">
     <span class='ocr_line' id='line_1_91' title="bbox 2040 3402 3620 3474; baseline 0.004 -20"><span class='ocrx_word' id='word_1_679' title='bbox 2040 3402 2129 3472; x_wconf 89' lang='lat' dir='ltr'><strong>pio</strong></span> <span class='ocrx_word' id='word_1_680' title='bbox 2165 3402 2360 3456; x_wconf 91' lang='lat' dir='ltr'><strong>intuitu</strong></span> <span class='ocrx_word' id='word_1_681' title='bbox 2407 3403 2662 3458; x_wconf 86' lang='lat' dir='ltr'><strong>custodes</strong></span> <span class='ocrx_word' id='word_1_682' title='bbox 2703 3411 2759 3458; x_wconf 91' lang='lat' dir='ltr'><strong>et</strong></span> <span class='ocrx_word' id='word_1_683' title='bbox 2802 3404 3117 3460; x_wconf 79' lang='lat' dir='ltr'><strong>nbedientes</strong></span> <span class='ocrx_word' id='word_1_684' title='bbox 3163 3415 3326 3474; x_wconf 86' lang='lat' dir='ltr'><strong>atque</strong></span> <span class='ocrx_word' id='word_1_685' title='bbox 3372 3407 3620 3460; x_wconf 86' lang='lat' dir='ltr'><strong>observa-</strong></span> 
     </span>
    </p>
   </div>
   <div class='ocr_carea' id='block_1_92' title="bbox 2041 3492 3619 3565">
    <p class='ocr_par' dir='ltr' id='par_1_92' title="bbox 2041 3492 3619 3565">
     <span class='ocr_line' id='line_1_92' title="bbox 2041 3492 3619 3565; baseline 0.002 -19"><span class='ocrx_word' id='word_1_686' title='bbox 2041 3501 2186 3547; x_wconf 90' lang='lat' dir='ltr'><strong>tores</strong></span> <span class='ocrx_word' id='word_1_687' title='bbox 2214 3492 2373 3563; x_wconf 86' lang='lat' dir='ltr'><strong>hujus</strong></span> <span class='ocrx_word' id='word_1_688' title='bbox 2399 3504 2594 3548; x_wconf 71' lang='lat' dir='ltr'><strong>nostra:</strong></span> <span class='ocrx_word' id='word_1_689' title='bbox 2615 3493 2907 3549; x_wconf 64' lang='lat' dir='ltr'><strong>salutifera-</strong></span> <span class='ocrx_word' id='word_1_690' title='bbox 2933 3496 3309 3565; x_wconf 72' lang='lat' dir='ltr'><strong>prmceptionis</strong></span> <span class='ocrx_word' id='word_1_691' title='bbox 3331 3497 3619 3563; x_wconf 84' lang='lat' dir='ltr'><strong>exstiterit,</strong></span> 
     </span>
    </p>
   </div>
   <div class='ocr_carea' id='block_1_93' title="bbox 2041 3583 3617 3653">
    <p class='ocr_par' dir='ltr' id='par_1_93' title="bbox 2041 3583 3617 3653">
     <span class='ocr_line' id='line_1_93' title="bbox 2041 3583 3617 3653; baseline 0.003 -16"><span class='ocrx_word' id='word_1_692' title='bbox 2041 3583 2429 3638; x_wconf 88' lang='lat' dir='ltr'><strong>benedictionis</strong></span> <span class='ocrx_word' id='word_1_693' title='bbox 2446 3585 2676 3653; x_wconf 83' lang='lat' dir='ltr'><strong>gratiam</strong></span> <span class='ocrx_word' id='word_1_694' title='bbox 2693 3594 2747 3638; x_wconf 90' lang='lat' dir='ltr'><strong>et</strong></span> <span class='ocrx_word' id='word_1_695' title='bbox 2771 3585 3008 3640; x_wconf 66' lang='lat' dir='ltr'><strong>caelestis</strong></span> <span class='ocrx_word' id='word_1_696' title='bbox 3033 3585 3401 3640; x_wconf 91' lang='lat' dir='ltr'><strong>retributionis</strong></span> <span class='ocrx_word' id='word_1_697' title='bbox 3416 3598 3617 3642; x_wconf 72' lang='lat' dir='ltr'><strong>mterna</strong></span> 
     </span>
    </p>
   </div>
   <div class='ocr_carea' id='block_1_94' title="bbox 2040 3673 3621 3749">
    <p class='ocr_par' dir='ltr' id='par_1_94' title="bbox 2040 3673 3621 3749">
     <span class='ocr_line' id='line_1_94' title="bbox 2040 3673 3621 3749; baseline 0.003 -22"><span class='ocrx_word' id='word_1_698' title='bbox 2040 3675 2231 3746; x_wconf 85' lang='lat' dir='ltr'><strong>gaudia</strong></span> <span class='ocrx_word' id='word_1_699' title='bbox 2277 3691 2305 3728; x_wconf 91' lang='lat' dir='ltr'><strong>a</strong></span> <span class='ocrx_word' id='word_1_700' title='bbox 2347 3673 2496 3744; x_wconf 90' lang='lat' dir='ltr'><strong>justo</strong></span> <span class='ocrx_word' id='word_1_701' title='bbox 2542 3676 2730 3732; x_wconf 87' lang='lat' dir='ltr'><strong>Judice</strong></span> <span class='ocrx_word' id='word_1_702' title='bbox 2763 3677 2990 3732; x_wconf 92' lang='lat' dir='ltr'><strong>Domino</strong></span> <span class='ocrx_word' id='word_1_703' title='bbox 3031 3687 3218 3734; x_wconf 89' lang='lat' dir='ltr'><strong>nostro</strong></span> <span class='ocrx_word' id='word_1_704' title='bbox 3254 3681 3508 3749; x_wconf 89' lang='lat' dir='ltr'><strong>consequi</strong></span> <span class='ocrx_word' id='word_1_705' title='bbox 3568 3691 3621 3734; x_wconf 83' lang='lat' dir='ltr'><strong>et</strong></span> 
     </span>
    </p>
   </div>
   <div class='ocr_carea' id='block_1_95' title="bbox 2043 3766 3190 3838">
    <p class='ocr_par' dir='ltr' id='par_1_95' title="bbox 2043 3766 3190 3838">
     <span class='ocr_line' id='line_1_95' title="bbox 2043 3766 3190 3838; baseline 0.002 -18"><span class='ocrx_word' id='word_1_706' title='bbox 2043 3767 2163 3820; x_wconf 65' lang='lat' dir='ltr'><strong>vitae</strong></span> <span class='ocrx_word' id='word_1_707' title='bbox 2185 3774 2401 3821; x_wconf 68' lang='lat' dir='ltr'><strong>mternaa</strong></span> <span class='ocrx_word' id='word_1_708' title='bbox 2427 3767 2700 3838; x_wconf 89' lang='lat' dir='ltr'><strong>particeps</strong></span> <span class='ocrx_word' id='word_1_709' title='bbox 2731 3766 2866 3822; x_wconf 77' lang='lat' dir='ltr'><strong>efﬁci</strong></span> <span class='ocrx_word' id='word_1_710' title='bbox 2898 3777 3190 3824; x_wconf 87' lang='lat' dir='ltr'><strong>mereatur.</strong></span> 
     </span>
    </p>
   </div>
   <div class='ocr_carea' id='block_1_96' title="bbox 2112 3877 3617 3948">
    <p class='ocr_par' dir='ltr' id='par_1_96' title="bbox 2112 3877 3617 3948">
     <span class='ocr_line' id='line_1_96' title="bbox 2112 3877 3617 3948; baseline 0.001 -14"><span class='ocrx_word' id='word_1_711' title='bbox 2112 3879 2386 3948; x_wconf 89' lang='lat' dir='ltr'><strong>Scriptum</strong></span> <span class='ocrx_word' id='word_1_712' title='bbox 2426 3894 2521 3948; x_wconf 92' lang='lat' dir='ltr'><strong>per</strong></span> <span class='ocrx_word' id='word_1_713' title='bbox 2549 3894 2767 3933; x_wconf 91' lang='lat' dir='ltr'><strong>manum</strong></span> <span class='ocrx_word' id='word_1_714' title='bbox 2801 3877 3076 3934; x_wconf 89' lang='lat' dir='ltr'><strong>Benedicti</strong></span> <span class='ocrx_word' id='word_1_715' title='bbox 3108 3879 3386 3933; x_wconf 88' lang='lat' dir='ltr'><strong>Scriniarii</strong></span> <span class='ocrx_word' id='word_1_716' title='bbox 3413 3891 3617 3935; x_wconf 78' lang='lat' dir='ltr'><strong>sancta:</strong></span> 
     </span>
    </p>
   </div>
   <div class='ocr_carea' id='block_1_97' title="bbox 2043 3968 3624 4040">
    <p class='ocr_par' dir='ltr' id='par_1_97' title="bbox 2043 3968 3624 4040">
     <span class='ocr_line' id='line_1_97' title="bbox 2043 3968 3624 4040; baseline 0.001 -15"><span class='ocrx_word' id='word_1_717' title='bbox 2043 3972 2297 4026; x_wconf 64' lang='lat' dir='ltr'><strong>Romanae</strong></span> <span class='ocrx_word' id='word_1_718' title='bbox 2322 3970 2596 4038; x_wconf 66' lang='lat' dir='ltr'><strong>Ecclesiae,</strong></span> <span class='ocrx_word' id='word_1_719' title='bbox 2623 3971 2676 4025; x_wconf 93' lang='lat' dir='ltr'><strong>in</strong></span> <span class='ocrx_word' id='word_1_720' title='bbox 2692 3985 2875 4026; x_wconf 87' lang='lat' dir='ltr'><strong>mense</strong></span> <span class='ocrx_word' id='word_1_721' title='bbox 2902 3968 3230 4040; x_wconf 90' lang='lat' dir='ltr'><strong>Septembri,</strong></span> <span class='ocrx_word' id='word_1_722' title='bbox 3245 3970 3544 4026; x_wconf 88' lang='lat' dir='ltr'><strong>lndictione</strong></span> <span class='ocrx_word' id='word_1_723' title='bbox 3563 3986 3624 4026; x_wconf 78' lang='grc' dir='ltr'><strong>ι.</strong></span> 
     </span>
    </p>
   </div>
   <div class='ocr_carea' id='block_1_98' title="bbox 2112 4061 2476 4116">
    <p class='ocr_par' dir='ltr' id='par_1_98' title="bbox 2112 4061 2476 4116">
     <span class='ocr_line' id='line_1_98' title="bbox 2112 4061 2476 4116; baseline -0.008 0"><span class='ocrx_word' id='word_1_724' title='bbox 2112 4062 2256 4116; x_wconf 90' lang='lat' dir='ltr'><strong>Bene</strong></span> <span class='ocrx_word' id='word_1_725' title='bbox 2278 4061 2476 4116; x_wconf 88' lang='lat' dir='ltr'><strong>valete.</strong></span> 
     </span>
    </p>
   </div>
   <div class='ocr_carea' id='block_1_99' title="bbox 2114 4172 3626 4244">
    <p class='ocr_par' dir='ltr' id='par_1_99' title="bbox 2114 4172 3626 4244">
     <span class='ocr_line' id='line_1_99' title="bbox 2114 4172 3626 4244; baseline -0.001 -13"><span class='ocrx_word' id='word_1_726' title='bbox 2114 4178 2308 4231; x_wconf 92' lang='lat' dir='ltr'><strong>Datum</strong></span> <span class='ocrx_word' id='word_1_727' title='bbox 2358 4189 2412 4228; x_wconf 83' lang='lat' dir='ltr'><strong>tv</strong></span> <span class='ocrx_word' id='word_1_728' title='bbox 2440 4172 2712 4228; x_wconf 83' lang='lat' dir='ltr'><strong>Kalendas</strong></span> <span class='ocrx_word' id='word_1_729' title='bbox 2738 4172 2863 4228; x_wconf 85' lang='lat' dir='ltr'><strong>Julii</strong></span> <span class='ocrx_word' id='word_1_730' title='bbox 2903 4188 2999 4242; x_wconf 90' lang='lat' dir='ltr'><strong>per</strong></span> <span class='ocrx_word' id='word_1_731' title='bbox 3041 4188 3235 4229; x_wconf 88' lang='lat' dir='ltr'><strong>manus</strong></span> <span class='ocrx_word' id='word_1_732' title='bbox 3261 4172 3485 4229; x_wconf 75' lang='lat' dir='ltr'><strong>Joannis</strong></span> <span class='ocrx_word' id='word_1_733' title='bbox 3515 4175 3626 4244; x_wconf 90' lang='lat' dir='ltr'><strong>epi-</strong></span> 
     </span>
    </p>
   </div>
   <div class='ocr_carea' id='block_1_100' title="bbox 2043 4262 3622 4335">
    <p class='ocr_par' dir='ltr' id='par_1_100' title="bbox 2043 4262 3622 4335">
     <span class='ocr_line' id='line_1_100' title="bbox 2043 4262 3622 4335; baseline -0.002 -13"><span class='ocrx_word' id='word_1_734' title='bbox 2043 4267 2187 4335; x_wconf 85' lang='lat' dir='ltr'><strong>SCOpi</strong></span> <span class='ocrx_word' id='word_1_735' title='bbox 2219 4275 2422 4320; x_wconf 75' lang='lat' dir='ltr'><strong>saneta:</strong></span> <span class='ocrx_word' id='word_1_736' title='bbox 2464 4264 2788 4319; x_wconf 85' lang='lat' dir='ltr'><strong>Albanensis</strong></span> <span class='ocrx_word' id='word_1_737' title='bbox 2827 4262 3081 4318; x_wconf 79' lang='lat' dir='ltr'><strong>Ecclesia:</strong></span> <span class='ocrx_word' id='word_1_738' title='bbox 3129 4273 3183 4320; x_wconf 91' lang='lat' dir='ltr'><strong>et</strong></span> <span class='ocrx_word' id='word_1_739' title='bbox 3230 4264 3622 4319; x_wconf 77' lang='lat' dir='ltr'><strong>bibliothecari.‘</strong></span> 
     </span>
    </p>
   </div>
   <div class='ocr_carea' id='block_1_101' title="bbox 2043 4353 3618 4424">
    <p class='ocr_par' dir='ltr' id='par_1_101' title="bbox 2043 4353 3618 4424">
     <span class='ocr_line' id='line_1_101' title="bbox 2043 4353 3618 4424; baseline -0.002 -12"><span class='ocrx_word' id='word_1_740' title='bbox 2043 4371 2265 4412; x_wconf 73' lang='lat' dir='ltr'><strong>summa:</strong></span> <span class='ocrx_word' id='word_1_741' title='bbox 2285 4365 2338 4409; x_wconf 92' lang='lat' dir='ltr'><strong>et</strong></span> <span class='ocrx_word' id='word_1_742' title='bbox 2363 4353 2671 4424; x_wconf 77' lang='lat' dir='ltr'><strong>apostolicae</strong></span> <span class='ocrx_word' id='word_1_743' title='bbox 2697 4353 2863 4416; x_wconf 87' lang='lat' dir='ltr'><strong>sedis,</strong></span> <span class='ocrx_word' id='word_1_744' title='bbox 2883 4368 3042 4415; x_wconf 88' lang='lat' dir='ltr'><strong>anno,</strong></span> <span class='ocrx_word' id='word_1_745' title='bbox 3073 4353 3181 4409; x_wconf 91' lang='lat' dir='ltr'><strong>Deo</strong></span> <span class='ocrx_word' id='word_1_746' title='bbox 3203 4355 3456 4424; x_wconf 90' lang='lat' dir='ltr'><strong>propitio,</strong></span> <span class='ocrx_word' id='word_1_747' title='bbox 3482 4369 3618 4424; x_wconf 83' lang='lat' dir='ltr'><strong>pon-</strong></span> 
     </span>
    </p>
   </div>
   <div class='ocr_carea' id='block_1_102' title="bbox 2044 4443 3623 4514">
    <p class='ocr_par' dir='ltr' id='par_1_102' title="bbox 2044 4443 3623 4514">
     <span class='ocr_line' id='line_1_102' title="bbox 2044 4443 3623 4514; baseline -0.003 -12"><span class='ocrx_word' id='word_1_748' title='bbox 2044 4447 2277 4502; x_wconf 81' lang='lat' dir='ltr'><strong>tifieatus</strong></span> <span class='ocrx_word' id='word_1_749' title='bbox 2309 4445 2490 4500; x_wconf 87' lang='lat' dir='ltr'><strong>domui</strong></span> <span class='ocrx_word' id='word_1_750' title='bbox 2517 4443 2765 4514; x_wconf 89' lang='lat' dir='ltr'><strong>Gregorii</strong></span> <span class='ocrx_word' id='word_1_751' title='bbox 2813 4443 2855 4498; x_wconf 75' lang='grc' dir='ltr'><strong>ν</strong></span> <span class='ocrx_word' id='word_1_752' title='bbox 2886 4444 3084 4498; x_wconf 86' lang='lat' dir='ltr'><strong>summi</strong></span> <span class='ocrx_word' id='word_1_753' title='bbox 3124 4443 3394 4514; x_wconf 75' lang='lat' dir='ltr'><strong>pontificis</strong></span> <span class='ocrx_word' id='word_1_754' title='bbox 3421 4455 3474 4499; x_wconf 93' lang='lat' dir='ltr'><strong>et</strong></span> <span class='ocrx_word' id='word_1_755' title='bbox 3502 4446 3623 4499; x_wconf 82' lang='lat' dir='ltr'><strong>uni-</strong></span> 
     </span>
    </p>
   </div>
   <div class='ocr_carea' id='block_1_103' title="bbox 2045 4531 3625 4606">
    <p class='ocr_par' dir='ltr' id='par_1_103' title="bbox 2045 4531 3625 4606">
     <span class='ocr_line' id='line_1_103' title="bbox 2045 4531 3625 4606; baseline -0.001 -15"><span class='ocrx_word' id='word_1_756' title='bbox 2045 4536 2274 4592; x_wconf 90' lang='lat' dir='ltr'><strong>versalis</strong></span> <span class='ocrx_word' id='word_1_757' title='bbox 2311 4549 2464 4606; x_wconf 66' lang='lat' dir='ltr'><strong>papae</strong></span> <span class='ocrx_word' id='word_1_758' title='bbox 2506 4534 2560 4589; x_wconf 92' lang='lat' dir='ltr'><strong>in</strong></span> <span class='ocrx_word' id='word_1_759' title='bbox 2586 4531 2955 4588; x_wconf 88' lang='lat' dir='ltr'><strong>sacratissima</strong></span> <span class='ocrx_word' id='word_1_760' title='bbox 2979 4532 3104 4587; x_wconf 90' lang='lat' dir='ltr'><strong>sede</strong></span> <span class='ocrx_word' id='word_1_761' title='bbox 3135 4532 3276 4590; x_wconf 86' lang='lat' dir='ltr'><strong>beati</strong></span> <span class='ocrx_word' id='word_1_762' title='bbox 3317 4533 3462 4590; x_wconf 91' lang='lat' dir='ltr'><strong>Petri</strong></span> <span class='ocrx_word' id='word_1_763' title='bbox 3499 4549 3625 4605; x_wconf 88' lang='lat' dir='ltr'><strong>apo-</strong></span> 
     </span>
    </p>
   </div>
   <div class='ocr_carea' id='block_1_104' title="bbox 2045 4615 3093 4696">
    <p class='ocr_par' dir='ltr' id='par_1_104' title="bbox 2045 4615 3093 4696">
     <span class='ocr_line' id='line_1_104' title="bbox 2045 4615 3093 4696; baseline -0.008 -12"><span class='ocrx_word' id='word_1_764' title='bbox 2045 4627 2186 4691; x_wconf 90' lang='lat' dir='ltr'><strong>stoli,</strong></span> <span class='ocrx_word' id='word_1_765' title='bbox 2214 4641 2355 4682; x_wconf 89' lang='lat' dir='ltr'><strong>anno</strong></span> <span class='ocrx_word' id='word_1_766' title='bbox 2381 4625 2579 4696; x_wconf 89' lang='lat' dir='ltr'><strong>primo,</strong></span> <span class='ocrx_word' id='word_1_767' title='bbox 2612 4615 2906 4678; x_wconf 77' lang='lat' dir='ltr'><strong>indictione</strong></span> <span class='ocrx_word' id='word_1_768' title='bbox 2932 4640 2962 4677; x_wconf 76' lang='grc' dir='ltr'>χ</span> <span class='ocrx_word' id='word_1_769' title='bbox 2995 4623 3093 4696; x_wconf 87' lang='lat'><strong>(6).</strong></span> 
     </span>
    </p>
   </div>
   <div class='ocr_carea' id='block_1_105' title="bbox 2693 4762 2936 4777">
    <p class='ocr_par' dir='ltr' id='par_1_105' title="bbox 2693 4762 2936 4777">
     <span class='ocr_line' id='line_1_105' title="bbox 2693 4762 2936 4777; baseline 0 -3"><span class='ocrx_word' id='word_1_770' title='bbox 2693 4762 2936 4777; x_wconf 42' lang='grc' dir='ltr'><strong>ψ</strong></span> 
     </span>
    </p>
   </div>
   <div class='ocr_carea' id='block_1_106' title="bbox 2044 4905 3626 4980">
    <p class='ocr_par' dir='ltr' id='par_1_106' title="bbox 2044 4905 3626 4980">
     <span class='ocr_line' id='line_1_106' title="bbox 2044 4905 3626 4980; baseline 0.001 -16"><span class='ocrx_word' id='word_1_771' title='bbox 2044 4927 2073 4964; x_wconf 90' lang='lat' dir='ltr'><strong>a</strong></span> <span class='ocrx_word' id='word_1_772' title='bbox 2099 4906 2400 4980; x_wconf 73' lang='lat' dir='ltr'><strong>Ciampinio</strong></span> <span class='ocrx_word' id='word_1_773' title='bbox 2422 4905 2748 4980; x_wconf 67' lang='lat' dir='ltr'><strong>incatalog.</strong></span> <span class='ocrx_word' id='word_1_774' title='bbox 2781 4906 3154 4980; x_wconf 85' lang='lat' dir='ltr'><strong>hibliotheear.</strong></span> <span class='ocrx_word' id='word_1_775' title='bbox 3182 4908 3245 4980; x_wconf 77' lang='lat' dir='ltr'><strong>S.</strong></span> <span class='ocrx_word' id='word_1_776' title='bbox 3270 4907 3335 4962; x_wconf 75' lang='lat' dir='ltr'><strong>Ii.</strong></span> <span class='ocrx_word' id='word_1_777' title='bbox 3373 4908 3433 4962; x_wconf 89' lang='lat' dir='ltr'><strong>E.</strong></span> <span class='ocrx_word' id='word_1_778' title='bbox 3464 4919 3626 4980; x_wconf 80' lang='lat' dir='ltr'><strong>atque</strong></span> 
     </span>
    </p>
   </div>
   <div class='ocr_carea' id='block_1_107' title="bbox 2045 4976 3626 5048">
    <p class='ocr_par' dir='ltr' id='par_1_107' title="bbox 2045 4976 3626 5048">
     <span class='ocr_line' id='line_1_107' title="bbox 2045 4976 3626 5048; baseline 0.001 -14"><span class='ocrx_word' id='word_1_779' title='bbox 2045 4981 2112 5036; x_wconf 88' lang='lat' dir='ltr'><strong>ab</strong></span> <span class='ocrx_word' id='word_1_780' title='bbox 2146 4976 2267 5048; x_wconf 85' lang='lat' dir='ltr'><strong>ipso</strong></span> <span class='ocrx_word' id='word_1_781' title='bbox 2291 4976 2534 5047; x_wconf 89' lang='lat' dir='ltr'><strong>Ughellio</strong></span> <span class='ocrx_word' id='word_1_782' title='bbox 2564 4977 2617 5048; x_wconf 85' lang='lat' dir='ltr'><strong>in</strong></span> <span class='ocrx_word' id='word_1_783' title='bbox 2640 4977 3337 5048; x_wconf 86' lang='lat' dir='ltr'><strong>episc0pis_Albanensibus</strong></span> <span class='ocrx_word' id='word_1_784' title='bbox 3364 4976 3626 5036; x_wconf 75' lang='lat' dir='ltr'><strong>certiores</strong></span> 
     </span>
    </p>
   </div>
   <div class='ocr_carea' id='block_1_108' title="bbox 2045 5046 3623 5119">
    <p class='ocr_par' dir='ltr' id='par_1_108' title="bbox 2045 5046 3623 5119">
     <span class='ocr_line' id='line_1_108' title="bbox 2045 5046 3623 5119; baseline -0.001 -14"><span class='ocrx_word' id='word_1_785' title='bbox 2045 5046 2180 5105; x_wconf 82' lang='lat' dir='ltr'><strong>facti</strong></span> <span class='ocrx_word' id='word_1_786' title='bbox 2203 5046 2462 5119; x_wconf 78' lang='lat' dir='ltr'><strong>fuerimus</strong></span> <span class='ocrx_word' id='word_1_787' title='bbox 2501 5046 2689 5100; x_wconf 90' lang='lat' dir='ltr'><strong>eodem</strong></span> <span class='ocrx_word' id='word_1_788' title='bbox 2731 5063 2872 5102; x_wconf 91' lang='lat' dir='ltr'><strong>anno</strong></span> <span class='ocrx_word' id='word_1_789' title='bbox 2910 5046 3156 5103; x_wconf 85' lang='lat' dir='ltr'><strong>ﬂoruisse</strong></span> <span class='ocrx_word' id='word_1_790' title='bbox 3199 5048 3462 5105; x_wconf 82' lang='lat' dir='ltr'><strong>Joannem</strong></span> <span class='ocrx_word' id='word_1_791' title='bbox 3510 5053 3623 5119; x_wconf 88' lang='lat' dir='ltr'><strong>epi-</strong></span> 
     </span>
    </p>
   </div>
   <div class='ocr_carea' id='block_1_109' title="bbox 2046 5117 3626 5188">
    <p class='ocr_par' dir='ltr' id='par_1_109' title="bbox 2046 5117 3626 5188">
     <span class='ocr_line' id='line_1_109' title="bbox 2046 5117 3626 5188; baseline 0 -12"><span class='ocrx_word' id='word_1_792' title='bbox 2046 5133 2267 5188; x_wconf 91' lang='lat' dir='ltr'><strong>sc0pum</strong></span> <span class='ocrx_word' id='word_1_793' title='bbox 2305 5117 2687 5181; x_wconf 85' lang='lat' dir='ltr'><strong>Albanensem,</strong></span> <span class='ocrx_word' id='word_1_794' title='bbox 2735 5127 2788 5172; x_wconf 91' lang='lat' dir='ltr'><strong>ct</strong></span> <span class='ocrx_word' id='word_1_795' title='bbox 2824 5119 3318 5188; x_wconf 75' lang='lat' dir='ltr'><strong>sanctrellomanae</strong></span> <span class='ocrx_word' id='word_1_796' title='bbox 3369 5117 3626 5176; x_wconf 73' lang='lat' dir='ltr'><strong>Ecclesia:</strong></span> 
     </span>
    </p>
   </div>
   <div class='ocr_carea' id='block_1_110' title="bbox 2048 5186 3629 5250">
    <p class='ocr_par' dir='ltr' id='par_1_110' title="bbox 2048 5186 3629 5250">
     <span class='ocr_line' id='line_1_110' title="bbox 2048 5186 3629 5250; baseline 0 -5"><span class='ocrx_word' id='word_1_797' title='bbox 2048 5186 2544 5250; x_wconf 87' lang='lat' dir='ltr'><strong>hibliothecarium,</strong></span> <span class='ocrx_word' id='word_1_798' title='bbox 2597 5202 2687 5242; x_wconf 92' lang='lat' dir='ltr'><strong>res</strong></span> <span class='ocrx_word' id='word_1_799' title='bbox 2743 5197 2922 5242; x_wconf 87' lang='lat' dir='ltr'><strong>monet</strong></span> <span class='ocrx_word' id='word_1_800' title='bbox 2970 5186 3308 5244; x_wconf 83' lang='lat' dir='ltr'><strong>referendam</strong></span> <span class='ocrx_word' id='word_1_801' title='bbox 3339 5204 3458 5244; x_wconf 91' lang='lat' dir='ltr'><strong>esse</strong></span> <span class='ocrx_word' id='word_1_802' title='bbox 3487 5191 3629 5246; x_wconf 89' lang='lat' dir='ltr'><strong>hanc</strong></span> 
     </span>
    </p>
   </div>
   <div class='ocr_carea' id='block_1_111' title="bbox 2048 5256 3629 5328">
    <p class='ocr_par' dir='ltr' id='par_1_111' title="bbox 2048 5256 3629 5328">
     <span class='ocr_line' id='line_1_111' title="bbox 2048 5256 3629 5328; baseline 0.001 -14"><span class='ocrx_word' id='word_1_803' title='bbox 2048 5261 2246 5314; x_wconf 87' lang='lat' dir='ltr'><strong>hullam</strong></span> <span class='ocrx_word' id='word_1_804' title='bbox 2276 5256 2688 5328; x_wconf 80' lang='lat' dir='ltr'><strong>adGregorium</strong></span> <span class='ocrx_word' id='word_1_805' title='bbox 2719 5259 2782 5320; x_wconf 83' lang='lat' dir='ltr'><strong>V,</strong></span> <span class='ocrx_word' id='word_1_806' title='bbox 2817 5260 2908 5327; x_wconf 89' lang='lat' dir='ltr'><strong>qui</strong></span> <span class='ocrx_word' id='word_1_807' title='bbox 2952 5259 3142 5314; x_wconf 88' lang='lat' dir='ltr'><strong>iisdem</strong></span> <span class='ocrx_word' id='word_1_808' title='bbox 3177 5259 3509 5328; x_wconf 87' lang='lat' dir='ltr'><strong>temporibus</strong></span> <span class='ocrx_word' id='word_1_809' title='bbox 3538 5275 3629 5315; x_wconf 88' lang='lat' dir='ltr'><strong>ca-</strong></span> 
     </span>
    </p>
   </div>
   <div class='ocr_carea' id='block_1_112' title="bbox 2057 5327 3632 5400">
    <p class='ocr_par' dir='ltr' id='par_1_112' title="bbox 2057 5327 3632 5400">
     <span class='ocr_line' id='line_1_112' title="bbox 2057 5327 3632 5400; baseline -0.002 -14"><span class='ocrx_word' id='word_1_810' title='bbox 2057 5331 2298 5386; x_wconf 90' lang='lat' dir='ltr'><strong>thedram</strong></span> <span class='ocrx_word' id='word_1_811' title='bbox 2326 5327 2860 5400; x_wconf 39' lang='lat' dir='ltr'><strong>Petri’eonscendit;</strong></span> <span class='ocrx_word' id='word_1_812' title='bbox 2897 5338 2948 5383; x_wconf 94' lang='lat' dir='ltr'><strong>et</strong></span> <span class='ocrx_word' id='word_1_813' title='bbox 2977 5343 3073 5399; x_wconf 90' lang='lat' dir='ltr'><strong>pro</strong></span> <span class='ocrx_word' id='word_1_814' title='bbox 3097 5327 3336 5400; x_wconf 76' lang='lat' dir='ltr'><strong>Gregorii</strong></span> <span class='ocrx_word' id='word_1_815' title='bbox 3380 5327 3464 5384; x_wconf 87' lang='lat' dir='ltr'><strong>IV</strong></span> <span class='ocrx_word' id='word_1_816' title='bbox 3495 5331 3632 5385; x_wconf 83' lang='lat' dir='ltr'><strong>scri-</strong></span> 
     </span>
    </p>
   </div>
   <div class='ocr_carea' id='block_1_113' title="bbox 2047 5396 3630 5470">
    <p class='ocr_par' dir='ltr' id='par_1_113' title="bbox 2047 5396 3630 5470">
     <span class='ocr_line' id='line_1_113' title="bbox 2047 5396 3630 5470; baseline -0.003 -13"><span class='ocrx_word' id='word_1_817' title='bbox 2047 5403 2279 5457; x_wconf 88' lang='lat' dir='ltr'><strong>bendum</strong></span> <span class='ocrx_word' id='word_1_818' title='bbox 2311 5398 2549 5470; x_wconf 74' lang='lat' dir='ltr'><strong>Gregorii</strong></span> <span class='ocrx_word' id='word_1_819' title='bbox 2582 5396 2644 5452; x_wconf 87' lang='lat' dir='ltr'><strong>V.</strong></span> <span class='ocrx_word' id='word_1_820' title='bbox 2677 5399 2776 5454; x_wconf 90' lang='lat' dir='ltr'><strong>Hie</strong></span> <span class='ocrx_word' id='word_1_821' title='bbox 2806 5396 2992 5454; x_wconf 81' lang='lat' dir='ltr'><strong>autem</strong></span> <span class='ocrx_word' id='word_1_822' title='bbox 3016 5396 3353 5455; x_wconf 80' lang='lat' dir='ltr'><strong>renuntiatus</strong></span> <span class='ocrx_word' id='word_1_823' title='bbox 3385 5409 3467 5455; x_wconf 91' lang='lat' dir='ltr'><strong>est</strong></span> <span class='ocrx_word' id='word_1_824' title='bbox 3498 5416 3630 5470; x_wconf 84' lang='lat' dir='ltr'><strong>pon-</strong></span> 
     </span>
    </p>
   </div>
   <div class='ocr_carea' id='block_1_114' title="bbox 2049 5469 3627 5544">
    <p class='ocr_par' dir='ltr' id='par_1_114' title="bbox 2049 5469 3627 5544">
     <span class='ocr_line' id='line_1_114' title="bbox 2049 5469 3627 5544; baseline -0.003 -18"><span class='ocrx_word' id='word_1_825' title='bbox 2049 5471 2179 5527; x_wconf 79' lang='lat' dir='ltr'><strong>tifex</strong></span> <span class='ocrx_word' id='word_1_826' title='bbox 2230 5484 2414 5544; x_wconf 86' lang='lat' dir='ltr'><strong>mense</strong></span> <span class='ocrx_word' id='word_1_827' title='bbox 2444 5469 2583 5523; x_wconf 83' lang='lat' dir='ltr'><strong>Maio</strong></span> <span class='ocrx_word' id='word_1_828' title='bbox 2612 5471 2745 5525; x_wconf 90' lang='lat' dir='ltr'><strong>anni</strong></span> <span class='ocrx_word' id='word_1_829' title='bbox 2784 5470 2907 5533; x_wconf 83' lang='lat'><strong>996,</strong></span> <span class='ocrx_word' id='word_1_830' title='bbox 2958 5469 3252 5527; x_wconf 88' lang='lat' dir='ltr'><strong>indictione</strong></span> <span class='ocrx_word' id='word_1_831' title='bbox 3298 5486 3373 5525; x_wconf 81' lang='grc' dir='ltr'><strong>ιχ.</strong></span> <span class='ocrx_word' id='word_1_832' title='bbox 3409 5469 3548 5525; x_wconf 72' lang='lat' dir='ltr'><strong>Eruo</strong></span> <span class='ocrx_word' id='word_1_833' title='bbox 3578 5472 3627 5521; x_wconf 88' lang='lat' dir='ltr'><strong>in</strong></span> 
     </span>
    </p>
   </div>
  </div>
