4486 5544
864 354 968 411 919

1609 469 1694 523 XI.

867 592 1118 633 CllhtiURII
1150 589 1405 631 EPIS'IOLA
1435 594 1500 632 All
1523 594 1755 633 JOANNEM
1790 595 2235 637 RrﬂENNATENSEH
2262 601 2439 639 ARCHI-

1502 664 1809 705 EPISCOPUM.

1485 740 1661 809 (Auno
1698 742 1847 812 997.)

871 828 1236 884 Placentinum
1294 832 1563 887 ecclesiam
1610 836 1875 906 restituit,
1946 835 2442 906 Monleferetranam

1534 905 1762 973 subjicil.

1049 993 1223 1065 [Apud
1251 992 1440 1057 Mansi,
1468 993 1668 1049 Concil.
1700 994 1984 1063 tom.XlX,
2005 999 2109 1055 col.
2135 999 2285 1073 200.]

940 1102 1145 1159 Dilecto
1188 1104 1298 1159 ﬁlio
1339 1105 1531 1161 Joanni
1576 1106 1631 1162 S.
1683 1110 2013 1166 Ravennatis
2058 1113 2311 1169 Ecclesia:
2357 1130 2441 1168 ar-

865 1194 1212 1264 chiepiscopo
1234 1198 1561 1264 venerando,
1592 1200 1803 1269 tuisque
1823 1205 2226 1260 successoribus
2265 1207 2443 1261 archi-

865 1289 1135 1359 episcopis
1162 1290 1214 1343 in
1242 1302 1579 1361 perpetuum.

935 1380 1139 1435 Divinze
1169 1383 1620 1438 remunerationis
1644 1386 1861 1455 praemia
1881 1426 1893 1450 ,
1920 1396 1974 1441 et
2012 1388 2165 1443 bonae
2212 1389 2441 1445 actionis

862 1480 1062 1525 nostra:
1097 1471 1308 1527 labores
1355 1474 1423 1527 ab
1452 1483 1652 1529 aeterna
1696 1492 1855 1531 manu
1900 1488 2080 1546 optate
2126 1477 2440 1534 fructificari

863 1573 1163 1631 sperantes,
1202 1563 1422 1633 dignum
1456 1564 1711 1619 duximus
1749 1568 1895 1620 omni
1926 1567 2117 1622 divina:
2164 1570 2439 1623 servitutis

861 1653 1121 1721 obsequio
1149 1653 1306 1707 hilari
1340 1664 1517 1709 mente
1559 1656 1869 1725 impendere
1925 1656 2238 1713 famulatum
2267 1698 2282 1724 ,
2325 1676 2439 1713 ma-

861 1744 1005 1797 xime
1038 1744 1089 1797 in
1126 1746 1496 1798 restaurandis
1526 1746 1792 1811 ecclesiis,
1819 1763 1953 1815 quas
1981 1749 2049 1802 ab
2081 1750 2439 1804 antecessori-

859 1833 961 1887 bus
991 1835 1192 1888 nostris
1218 1835 1284 1888 ad
1307 1834 1472 1888 divini
1520 1850 1673 1889 usum
1714 1836 1919 1889 servitii
1968 1837 2173 1892 dicatos
2207 1853 2434 1907 conspe-
2470 1824 2508 1880 Β

859 1928 1056 1981 ximus.
1112 1927 1452 1997 Quapropter
1493 1928 1901 1982 considerantes
1951 1930 2111 1983 etiam
2159 1930 2437 1985 universas

858 2016 1092 2073 haereses
1140 2018 1191 2071 in
1240 2026 1426 2073 saneta
1470 2017 1733 2071 catholica
1774 2018 2012 2073 Ecclesia
2062 2019 2441 2073 miserabiliter

864 2116 1037 2172 ortas,
1070 2108 1262 2177 dignas
1315 2109 1548 2162 resecari
1585 2108 1640 2161 S.
1672 2107 1967 2161 Ravennati
2008 2108 2290 2172 Ιίςοιοδίιε,
2345 2110 2437 2163 tibi

859 2197 1053 2254 Joanni
1102 2200 1344 2269 ejusdem
1374 2198 1635 2265 ecclesia:
1677 2200 1984 2253 venerando
2037 2199 2437 2267 archiprzesuli,

860 2294 1071 2363 tuisque
1100 2292 1505 2347 successoribus
1530 2291 1581 2344 in
1624 2300 1959 2360 perpetuum,
2003 2302 2229 2359 paterno
2254 2306 2439 2344 amore

861 2384 1227 2438 subvenimus.
1274 2382 1641 2436 Placentinam
1701 2381 1985 2436 ecclesiam
2035 2380 2234 2449 injuste
2285 2380 2438 2434 tibia

860 2491 982 2530 meo
1029 2483 1374 2528 anteeessore
1427 2473 1680 2537 ablatam,
1714 2485 1768 2527 et
1823 2482 2011 2527 contra
2063 2486 2301 2526 canones
2343 2471 2443 2526 sub

861 2564 1075 2619 nomine
1113 2562 1606 2631 archiepiscopatus
1646 2562 1872 2616 locatam
1900 2603 1913 2625 ,
1950 2562 2044 2615 tibi
2085 2561 2295 2631 tuisque
2320 2576 2441 2615 suc-

860 2653 1168 2710 cesseribus
1199 2650 1493 2706 refutantes
1519 2651 1570 2704 in
1602 2660 1940 2719 perpetuum.
1971 2650 2192 2719 Insuper
2222 2650 2380 2703 etiam
2412 2664 2439 2702 a

858 2753 1048 2800 nostro
1074 2743 1375 2813 apostolatu
1408 2741 1718 2811 postulastis
1756 2751 2025 2810 quatenus
2068 2756 2163 2808 pro
2193 2739 2439 2808 omnipo-

860 2839 1025 2891 tentis
1066 2836 1158 2889 Dei
1211 2850 1413 2898 amore,
1443 2833 1798 2901 merecdeque
1828 2833 2020 2885 animae
2066 2840 2299 2894 nostrar,
2346 2844 2443 2883 nec

862 2943 967 2981 non
1007 2933 1059 2980 et
1115 2939 1212 2992 pro
1257 2932 1398 2977 statu
1459 2919 1603 2989 regni
1653 2921 1852 2976 domini
1907 2919 2240 2973 invictissimi
2299 2917 2440 2971 tertii

862 3018 1075 3074 Ottonis
1113 3016 1456 3085 imperatoris
1487 3014 1708 3083 Augusti
1736 3053 1750 3077 ,
1783 3012 2150 3082 epiSCOpatum
2180 3008 2440 3063 Mantele-

865 3120 1135 3165 rctranum
1165 3124 1287 3163 cum
1317 3108 1461 3161 onmi
1493 3106 1799 3176 integritate
1843 3120 1962 3168 sua,
1997 3118 2063 3156 ex
2094 3107 2275 3155 nostro
2302 3102 2440 3154 dono

862 3204 961 3256 sub
980 3198 1103 3269 jure
1136 3198 1193 3252 S.
1224 3198 1552 3251 Ravennatis
1579 3194 1832 3250 Ectlesia‘.
1862 3193 2127 3257 donando,
2159 3200 2213 3245 et
2234 3192 2439 3259 episco—
2467 3165 2512 3228 Ο

862 3305 988 3358 pum
1011 3287 1359 3344 consecrandi
1394 3285 1585 3339 amodo
1612 3285 1664 3337 in
1704 3292 1863 3337 antea
1895 3281 1979 3337 cui
2011 3280 2309 3343 volueritis,
2346 3280 2439 3332 tibi

864 3382 1077 3449 tuisque
1103 3376 1525 3441 successoribus,
1546 3383 1744 3428 nostrae
1766 3371 2075 3441 apostolica:
2103 3368 2442 3423 auctoritatis

870 3473 1147 3541 privilegio
1177 3471 1508 3524 muniremus
1537 3467 1589 3519 in
1634 3475 1965 3535 perpetuum.
2014 3462 2303 3529 Propterea
2338 3459 2442 3512 tuis

861 3566 979 3619 tlexi
1014 3562 1281 3633 precibus,
1320 3560 1384 3614 ad
1410 3559 1667 3614 honorem
1706 3558 1761 3611 S.
1794 3554 2121 3609 Ravennatis
2154 3551 2437 3614 Ecclesim,

863 3667 919 3713 et
948 3655 1294 3712 stabilitatem
1325 3653 1562 3723 ejusdem
1607 3649 1897 3705 venerandi
1947 3647 2042 3700 loci
2070 3688 2084 3710 ,
2124 3647 2293 3714 ipsum
2330 3644 2440 3713 jam

866 3748 1035 3802 fatum
1095 3744 1452 3799 venerabilem
1504 3743 1869 3813 episc0patum
1921 3736 2433 3792 Monteferetranum

868 3854 988 3893 cum
1019 3838 1161 3891 omni
1202 3834 1508 3903 integritate
1532 3847 1648 3896 sua,
1679 3830 1885 3885 scilicet
1914 3826 2176 3889 ecclesiis,
2202 3823 2440 3894 capellis,

867 3931 1027 3994 casis,
1060 3927 1346 3990 casalibus,
1376 3925 1636 3989 curtibus,
1666 3921 1888 3983 mansis,
1919 3918 2162 3980 coloniis,
2189 3915 2439 3980 abbatiis,

864 4020 1034 4081 cellis,
1054 4017 1250 4078 fundis,
1276 4032 1367 4070 seu
1394 4016 1570 4080 terris,
1596 4012 1789 4077 vineis,
1812 4011 2001 4081 pratis,
2026 4005 2440 4077 pascuis,etiam

868 4110 1082 4165 famulis
1110 4108 1387 4175 utriusque
1436 4119 1618 4165 sexus,
1676 4112 1727 4156 et
1779 4116 1901 4155 eum
1948 4097 2196 4153 omnibus
2245 4096 2310 4149 ad
2356 4095 2443 4165 jus

864 4200 1035 4255 notati
1074 4196 1328 4268 episcopii
1361 4194 1601 4264 legaliter
1624 4189 2039 4260 pertinentibus,
2064 4186 2270 4240 salvum
2300 4193 2356 4239 et
2390 4185 2443 4237 in

867 4290 1076 4345 cunctis
1103 4287 1343 4358 quietum
1372 4286 1669 4341 consistere
1708 4283 1806 4337 sub
1827 4281 1949 4351 jure
1989 4288 2190 4335 sancta:
2229 4277 2445 4333 Raven-a

870 4380 1016 4434 natis
1042 4378 1185 4433 sedis
1218 4377 1460 4439 tuitione,
1496 4374 1610 4428 sine
1639 4370 1924 4441 cujuslibet
1950 4382 2289 4439 quacumque
2316 4382 2440 4423 conv

869 4471 1211 4526 tradictione.
1245 4468 1318 4521 Ita
1348 4465 1555 4522 scilicet
1579 4464 1985 4527 conﬁrmantes,
2018 4459 2360 4515 decernimus
2386 4466 2445 4513 ut

872 4567 1157 4637 episcopus
1211 4563 1301 4632 qui
1363 4562 1414 4615 in
1468 4558 1656 4614 eodem
1716 4558 1991 4627 episcopio
2047 4571 2142 4625 pro
2204 4564 2445 4624 tempore

869 4656 1030 4712 fuerit
1061 4670 1089 4708 a
1122 4664 1194 4719 te,
1225 4652 1359 4707 vela
1388 4651 1493 4705 tuis
1522 4648 1931 4705 successoribus
1969 4647 2249 4701 ordinatus
2274 4687 2288 4710 ,
2329 4645 2446 4699 sine

870 4747 1016 4801 onmi
1048 4742 1496 4808 contradictione,
1538 4739 1923 4808 subjectionem
1955 4737 2251 4807 impendat;
2296 4747 2348 4790 et
2387 4745 2444 4790 ut

870 4838 961 4891 alii
984 4835 1331 4907 sulTraganei,
1366 4834 1415 4887 in
1443 4833 1691 4889 omnibus
1723 4831 2014 4886 secundum
2053 4829 2297 4885 ecclesia
2339 4836 2442 4884 tuae

866 4929 1163 4999 profectum
1205 4927 1481 4988 obediant,
1529 4926 1745 4994 insuper
1793 4938 2081 4991 numquam
2134 4921 2233 4975 sub
2277 4919 2440 4974 divini

862 5020 1051 5092 judicii
1104 5018 1467 5073 obtestatione
1528 5014 1935 5070 interminantes
1973 5012 2226 5083 jubetnus
2281 5018 2442 5079 atque

868 5115 1209 5187 praecipimus
1259 5122 1317 5167 ut
1364 5110 1541 5187 nullus
1590 5110 1884 5179 imperator
1922 5105 2005 5161 vel
2039 5121 2155 5170 rex,
2188 5103 2294 5159 dux
2349 5111 2442 5157 aut

865 5184 1132 5271 inarcbio,
1195 5206 1260 5260 de
1316 5184 1539 5274 praelata
1595 5200 2004 5257 consecratione
2052 5197 2104 5251 in
2150 5196 2331 5265 aliquo
2394 5203 2444 5249 te

872 5308 1103 5368 tuosque
1142 5309 1482 5352 successores
1538 5292 1732 5348 lcedere
1772 5297 2084 5360 praesumat,
2113 5286 2205 5343 sed
2246 5301 2273 5340 a
2308 5301 2445 5356 prae-

874 5394 1011 5450 senti
1038 5394 1241 5448 decima
1264 5390 1558 5446 indictione
1586 5388 1637 5442 in
1663 5395 1818 5441 antea
1844 5398 2013 5453 usque
2034 5382 2086 5437 in
2105 5392 2440 5453 perpetuum,

873 5498 1248 5544 quemcunque
1276 5482 1472 5544 eligere
1492 5477 1777 5539 voluerint,
1812 5490 1909 5544 per
1932 5482 2172 5529 nostram
2217 5484 2443 5526 conces-

2193 364 2372 420 CREC
2383 366 2518 423 ORII
2562 369 2595 421 ν
2639 370 2837 427 ΡΑΡΑΞ

2472 486 2515 542 Α
2546 484 2772 549 sionem,
2794 486 3160 540 ecelcsrasttco
3203 501 3370 553 more,
3401 487 3453 541 in
3500 487 3721 555 pra-fato
3768 487 4110 559 episcopatu,

4010 377 4115 432 9‘20

2544 576 2850 646 episcopum
2905 592 3225 632 consecrare
3288 577 3565 643 debeatis,
3619 587 3822 635 remota
3870 581 4111 635 omnium

2544 666 2820 720 hominum
2854 664 3299 723 contradictione.
3333 667 3643 724 Statuentes
3664 670 3954 740 apostolica
3981 688 4113 727 cen-

2544 768 2666 809 sura
2696 758 2795 809 sub
2822 757 3184 827 divinijudicii
3212 759 3567 814 obtestatione
3593 801 3607 825 ,
3636 769 3691 815 et
3737 763 4099 819 anathematis

2545 847 2852 911 interdicto,
2869 857 2925 902 ut
2946 850 2988 903 si
3006 850 3311 919 quicunque
3330 852 3509 914 homo,
3526 850 3809 919 cujuslibet
3833 853 4115 922 potestatis

2544 938 2794 1002 existens,
2824 939 3222 1007 praesumpserit
3265 955 3396 994 ausu
3451 941 3734 995 temerario
3775 952 3966 996 contra
4009 942 4112 997 hoc

2542 1028 2846 1096 apostolicre
2877 1029 3298 1084 confirmationis
3347 1030 3680 1101 privilegium
3730 1048 3921 1102 agere,
3952 1042 4045 1086 aut
4080 1047 4113 1085 a

2536 1117 2657 1186 jure
2689 1118 2744 1173 S.
2781 1120 3105 1175 Ravennatis
3135 1121 3384 1176 Ecclesia:
3412 1122 3692 1192 prtefatum
3718 1125 4112 1194 episcopatum,

2543 1211 2761 1274 donum,
2792 1220 2844 1264 et
2866 1213 3325 1267 consecrationem
3352 1216 3632 1284 subripere
3666 1217 3974 1279 tentaverit,
4006 1216 4113 1270 nisi

2542 1300 2849 1369 resipucrit,
2874 1310 2926 1355 et
2956 1301 3038 1355 his
3064 1303 3279 1355 monitis
3309 1304 3505 1358 nostris
3542 1304 3895 1374 arquieverit,
3933 1318 4115 1360 aucto-

2544 1392 2703 1445 ritate
2736 1392 2829 1445 Dei
2858 1403 2913 1446 et
2937 1400 3120 1447 nostra
3154 1407 3258 1446 non
3291 1393 3461 1448 solum
3485 1395 3846 1450 anathematis
3880 1397 4114 1451 vinculis

2542 1481 2859 1547 innodetur,
2915 1482 3008 1537 sed
3059 1500 3088 1535 a
3135 1497 3301 1552 regno
3352 1483 3443 1538 Dei
3494 1484 3701 1539 alienus
3756 1485 4114 1554 existat;qui

2541 1582 2720 1625 autem
2754 1586 2914 1626 verus
2951 1581 3130 1626 custos
3169 1581 3219 1625 et
3268 1571 3587 1627 observator
3620 1574 3907 1638 exstiterit,
3946 1576 4113 1630 bene-

2542 1664 2790 1717 dictionis
2818 1662 3045 1732 gratiam
3077 1676 3107 1715 a
3139 1661 3364 1716 Domino
3394 1664 3647 1732 consequi
3677 1676 3967 1718 mereatur.

2613 1754 2881 1823 Scriptum
2911 1768 3070 1807 manu
3099 1753 3241 1807 Petri
3267 1753 3567 1817 scriniarii,
3615 1754 3806 1808 notarii
3844 1764 3897 1809 et
3945 1754 4116 1825 regio-

2540 1843 2677 1896 narii
2703 1842 2899 1897 S.R.E.
2948 1843 2999 1896 in
3040 1857 3221 1897 mense
3253 1841 3393 1896 Julio
3420 1884 3435 1908 ,
3478 1843 3767 1897 indictione
3806 1843 4115 1912 supradicta

2541 1951 2593 1988 x.
2622 1935 2739 1988 Dat.
2797 1934 2933 1989 Non.
2972 1934 3076 1989 Jul.
3136 1948 3231 2002 per
3277 1949 3467 1988 manus
3510 1932 3731 1988 Joannis
3776 1934 4009 2003 episcopi
4052 1934 4112 1988 S.

2540 2026 2857 2080 Alhanensis
2879 2025 3125 2081 Ecclesiae
3147 2033 3200 2080 et
3228 2025 3614 2080 bibliothecarii
3644 2035 3843 2079 sanctae
3885 2032 4105 2094 apostoo

2541 2120 2656 2175 lica:
2678 2121 2839 2176 sedis.

3268 2210 3335 2264 XI

2541 2317 2788 2358 GREGORII
2847 2316 2988 2356 ΡΑΡΑΕ
3046 2316 3074 2353 ν
3132 2316 3383 2354 EPISTULA
3441 2316 3508 2354 AD
3568 2315 3805 2354 ABBONEM
3860 2312 4106 2353 ΑΒΒΑΪΕΙΙ

3113 2386 3526 2425 ηοῐιιλεεδεεη.

3147 2460 3323 2530 (Anno
3349 2460 3499 2528 997.)

2719 2553 2892 2626 [Apud
2924 2552 3145 2619 Maltill.,
3178 2553 3368 2607 Annal.
3415 2551 3635 2616 Beued.,
3669 2551 3755 2615 IV,
3794 2550 3940 2622 107.]

2613 2668 2838 2721 Domino
2861 2668 3167 2736 specialiter
3208 2650 3494 2721 venerabili
3527 2668 3728 2720 Aanost
3774 2664 3951 2719 abbati
3981 2704 3993 2728 ,
4023 2664 4115 2729 G.,

2543 2771 2729 2811 servus
2758 2771 3032 2812 servorum
3061 2756 3175 2820 Dei,
3208 2756 3437 2810 salutem
3470 2756 3521 2809 in
3546 2755 3780 2810 Christo.

2614 2845 2748 2913 Quia
2812 2847 3113 2900 litterarum
3173 2857 3477 2900 vestrarum
3543 2850 3774 2915 portitor
3826 2844 4117 2899 festinabat

2543 2940 2863 3006 quantocius
2886 2938 3082 3001 redire,
3121 2936 3207 2989 vix
3235 2936 3614 3005 vespertinalis
3644 2950 3910 3005 synaxeos
3940 2934 4114 3001 spatio

2543 3037 2602 3078 ut
2652 3036 3019 3080 remoraretur
3055 3026 3196 3077 valui
3236 3026 3541 3093 impetrare.
3586 3024 3737 3078 Unde
3779 3022 4115 3090 breviloquio

2544 3125 2709 3174 usus,
2752 3119 2944 3163 vestra:
2983 3124 3195 3178 semper
3237 3124 3363 3175 erga
3408 3124 3493 3162 me
3536 3122 3685 3162 nevae
3734 3106 4119 3161 benevolentia:

2546 3202 2747 3272 gratias
2797 3200 2995 3265 refero,
3045 3210 3256 3269 petens,
3300 3199 3437 3253 sicut
3470 3198 3804 3260 mandastis,
3852 3204 3911 3249 ut
3964 3194 4118 3249 nobis

2546 3291 2766 3346 fratrem
2801 3290 2865 3343 Β.
2907 3290 3369 3359 inpraesentiarum
3414 3287 3675 3355 dirigatis,
3730 3286 3820 3354 qui
3848 3284 4002 3339 nobis
4049 3283 4116 3338 de

2544 3395 2723 3439 vestra
2772 3382 3165 3452 prosperitate,
3218 3379 3281 3433 de
3325 3378 3467 3445 regis
3515 3377 3871 3446 promissione
3896 3376 4005 3443 (7).
4050 3374 4117 3429 de

2544 3475 2958 3531 Cantuariorum
2987 3469 3373 3538 archiepiscopi
3406 3466 3772 3521 incolumitate
3806 3465 4069 3518 renuntiet
4100 3481 4113 3527 ;

2546 3582 2707 3621 unum
2762 3566 3075 3633 deprecans,
3128 3572 3187 3615 ut
3235 3577 3298 3615 ex
3350 3560 3545 3613 vestnis
3600 3556 3908 3612 missalibus
3962 3555 4117 3609 libris

2546 3655 2805 3725 optimum
2858 3651 3281 3713 transmittatis,
3333 3656 3640 3718 quatenus,
3696 3645 4118 3714 quotiescunque

2548 3750 2687 3802 inter
2734 3747 3017 3800 missarum
3076 3742 3336 3798 solemnia
3382 3741 3608 3806 videro,
3665 3737 3912 3808 specialis
3959 3735 4117 3788 amici

2547 3856 2753 3895 memor
2801 3840 2937 3904 sim,
2987 3852 3258 3906 nunquam
3322 3835 3565 3905 ingratus
3608 3840 3788 3886 vestro
3834 3827 4114 3909 beneﬁcio.

2546 3933 2748 3989 Valete.

3264 4020 3396 4075 XIII.

2546 4126 2791 4167 GREGORII
2847 4127 2991 4166 PAPE
3029 4127 3062 4165 ν
3101 4125 3439 4165 Ριιινιιεῦιωι
3497 4125 3596 4164 PRO
3648 4122 3873 4163 ΑΒΒΔΤΙΔ
3931 4121 3977 4157 S.
4021 4115 4120 4156 ΑΙ·-

3244 4196 3433 4235 BROSII.

3156 4269 3333 4339 (Anno
3370 4267 3517 4338 997.)

2793 4361 2966 4435 [Apud
2996 4359 3185 4423 Mansi,
3208 4357 3367 4412 Cone.
3394 4366 3525 4411 tom.
3550 4354 3697 4417 XIX,
3719 4351 3869 4423 203.]

2474 4511 2521 4568 υ
2620 4476 2908 4545 Postquam
2939 4476 3093 4528 beato
3119 4472 3298 4535 Petro,
3329 4469 3689 4541 apostolorum
3732 4463 3976 4536 principi,
4012 4460 4115 4514 Do-

2551 4567 2726 4621 minus
2755 4581 2818 4619 ac
2845 4564 3172 4630 Redemptor
3207 4569 3391 4614 noster
3416 4557 3572 4612 Jesus
3601 4555 3847 4612 Christus
3874 4567 3937 4605 ex
3962 4557 4116 4602 utero

2552 4655 2785 4727 Virginis
2815 4668 2909 4723 pro
2929 4663 3110 4707 nostra
3144 4648 3528 4717 redemptione,
3564 4654 3624 4698 ut
3646 4652 3762 4698 erat
3798 4642 3935 4696 Deus
3957 4653 4115 4692 verus

2552 4754 2675 4804 ante
2704 4742 2915 4804 saecula,
2945 4754 3102 4793 verus
3126 4738 3284 4792 homo
3311 4738 3362 4790 in
3391 4737 3495 4790 line
3518 4732 3831 4789 saaculorum
3862 4740 4116 4799 apparere

2551 4820 2807 4905 dignatus
2825 4840 2936 4895 est,
2968 4828 3161 4898 ligandi
3219 4837 3377 4896 atque
3429 4823 3665 4881 solvendi
3716 4823 3769 4875 in
3805 4818 3940 4874 coelo
3965 4816 4113 4905 etin

2554 4904 2691 4977 terra
2723 4928 3038 4993 potestatem
3094 4916 3295 4978 tribuit,
3337 4916 3497 4969 etiam
3546 4911 3736 4980 ianuas
3774 4907 3921 4975 regni
3950 4904 4112 4960 coele-

2553 5016 2649 5069 stis
2708 5010 3023 5067 reserandas
3073 5006 3361 5070 concessit,
3413 5018 3571 5072 supra
3625 5000 3944 5056 soliditatem
3996 4993 4114 5049 fidei

2552 5113 2791 5159 sanctam
2817 5100 3057 5155 stabilire
3086 5098 3332 5167 dignatus
3354 5102 3437 5148 est
3468 5092 3783 5156 Ecclesiam,
3824 5086 4113 5143 secundum

2551 5196 2692 5249 illius
2721 5192 3009 5248 veridicam
3040 5203 3245 5251 vocem,
3276 5185 3501 5241 dicentis
3531 5202 3544 5237 :
3573 5183 3650 5237 Tu
3694 5196 3753 5237 es
3799 5180 4022 5240 Petrus,
4066 5184 4120 5229 et

2548 5299 2710 5353 super
2766 5283 2905 5336 hanc.
2958 5289 3158 5351 petram
3190 5276 3464 5333 azdiﬁcabo
3511 5272 3803 5329 Ecclesiam
3830 5283 4003 5324 meam
4026 5306 4040 5328 ,
4067 5274 4118 5316 et

2549 5386 2717 5447 porta:
2744 5375 2899 5430 inferi
2932 5389 3034 5429 non
3069 5371 3432 5440 prmvalebunt
3455 5369 3711 5422 adversus
3740 5376 3857 5416 eam
3887 5380 3899 5413 :
3934 5367 3987 5413 et
4023 5355 4116 5411 tibi

2548 5470 2687 5526 dabo
2713 5467 2889 5523 claves
2917 5464 3066 5536 regni
3096 5464 3385 5527 caelorum;
3415 5470 3470 5516 et
3492 5458 3844 5530 quodcunque
3874 5448 4117 5521 ligaveris
