4486 5544
336 343 432 399 921

1502 335 1851 391 EPISTOLAS
1892 336 1976 389 ΕΤ
2021 338 2427 402 ριιινιωςίλιλ.

3478 364 3584 419 92!

330 471 492 526 super
532 464 751 521 terram,
785 454 1006 525 ligatum
1032 455 1137 511 erit
1165 467 1218 511 ct
1265 457 1315 509 in
1346 456 1513 514 uelo;
1546 467 1602 512 et
1626 458 1903 527 quodcun-
1934 460 1979 520 Α
2010 473 2193 521 nostro
2250 469 2516 537 spirituali
2565 472 2705 536 filio,
2736 482 2790 527 ct
2847 490 2942 543 per
3000 484 3047 529 te
3097 476 3149 529 in
3203 475 3444 529 eamdem
3498 490 3586 529 cc.

331 561 436 616 que
463 546 686 601 solveris
713 561 873 616 super
921 555 1140 610 terram,
1208 545 1435 601 solutum
1467 548 1569 601 erit
1604 556 1657 603 et
1684 550 1737 601 in
1770 548 1906 603 ccelo

333 634 547 705 (Matth.
586 636 717 703 xvi).
748 634 1037 705 Postquam
1064 644 1116 689 et
1142 634 1298 701 hujus
1326 635 1509 689 vicarii
1547 635 1907 690 sincerissime

333 724 443 778 Deo
473 722 810 787 famulantes,
858 733 1103 779 carentes
1160 724 1476 779 nebularum
1533 725 1905 791 densitatibus,

335 821 537 865 tantam
580 810 793 882 dignius
837 823 1186 882 perceperunt
1216 823 1555 882 potestatem,
1587 826 1639 870 et
1674 817 1909 871 universi

335 918 523 958 curam
555 913 681 957 sunt
714 904 889 959 sortiti
916 905 1221 975 regimiuis;
1255 906 1393 961 inter
1418 922 1555 976 quos
1582 916 1636 961 et
1671 916 1909 961 nostram

334 991 657 1061 parvitatem
682 995 775 1049 Dei
803 996 1187 1063 omnipotentis
1216 996 1581 1051 misericordia
1616 1012 1911 1051 connume-

338 1099 456 1135 rare
499 1084 715 1155 dignata
764 1092 864 1138 est.
914 1083 993 1138 Oh
1044 1084 1143 1138 hoc
1190 1085 1526 1140 universitati
1581 1086 1910 1140 credentium

335 1172 676 1227 innotescere
716 1173 980 1227 voluimus
1018 1173 1266 1242 quoniam
1304 1175 1573 1228 abbatiam
1618 1176 1669 1227 iu
1715 1176 1914 1229 honore

339 1260 679 1315 celeberrimi
737 1261 934 1316 Christi
991 1262 1315 1316 confessoris
1363 1264 1672 1327 Ambrosii,
1708 1280 1912 1318 necnon

338 1351 726 1406 venerabilium
771 1361 1070 1421 martyrum
1102 1346 1327 1407 ProtaSii
1358 1363 1411 1407 ct
1439 1353 1678 1423 Gervasii
1714 1355 1914 1408 consti-

342 1448 513 1494 tutam
536 1480 550 1506 ,
588 1442 678 1495 ubi
720 1456 906 1496 eorum
941 1457 1094 1495 sacra
1129 1457 1352 1511 corpora
1398 1444 1780 1508 reconduntur,
1823 1459 1919 1513 per

342 1530 502 1599 hujus
548 1540 747 1584 nostra:
798 1534 1136 1586 auctoritatis
1184 1532 1519 1602 privilegium
1576 1535 1919 1604 integerrime

342 1620 760 1674 corroboramus
792 1636 910 1675 cum
943 1623 1192 1678 omnibus
1220 1623 1483 1688 ecclesiis,
1516 1624 1771 1688 oraculis,
1798 1641 1920 1679 eur-

342 1710 519 1773 tibus,
548 1710 898 1776 massaritiis,
930 1712 1219 1776 districtis,
1250 1714 1316 1766 ad
1366 1714 1536 1783 ipsam
1588 1714 1921 1784 respicienti-

341 1799 478 1853 bus:
510 1800 713 1854 scilicet
743 1799 1030 1865 Basiliano,
1063 1810 1245 1855 monte
1273 1801 1564 1868 Fcliciano,

344 1888 615 1953 Ccresola,
640 1889 919 1955 Lemonta,
952 1890 1191 1959 Capiate,
1223 1890 1517 1947 Oleoducto
1539 1933 1552 1957 ,
1579 1892 1917 1963 Campilioni,

343 1978 642 2044 Auticiaco,
674 1980 1243 2047 Colonia,\'erederio,
1269 1981 1571 2049 Cavenaco,
1603 1983 1738 2039 Villa
1762 1984 1923 2050 Alba,

344 2069 641 2142 Cugniano,
674 2080 833 2141 atque
876 2087 996 2127 cum
1046 2074 1313 2128 universis
1340 2075 1404 2127 ad
1438 2075 1715 2143 prmfatam
1759 2075 1925 2129 abba-

343 2163 477 2218 tiam
530 2166 897 2233 spectantibus
931 2179 945 2217 :
978 2180 1042 2219 eo
1072 2165 1280 2219 scilicet
1326 2166 1514 2220 ordine
1566 2176 1625 2221 ut
1675 2166 1922 2221 monachi

346 2254 515 2321 ipsius
544 2255 774 2309 emnohii
807 2254 966 2309 simul
989 2270 1109 2309 cum
1142 2256 1334 2310 abbate
1363 2256 1455 2325 qui
1490 2272 1630 2311 nunc
1653 2265 1796 2323 sunt,
1841 2256 1923 2311 vel

345 2347 436 2416 qui
471 2363 567 2417 pro
596 2358 835 2417 tempore
866 2349 1087 2414 fuerint,
1114 2359 1435 2419 praztaxatas
1476 2351 1753 2416 ecclesias,
1802 2366 1925 2405 ora-

345 2436 483 2499 cula,
514 2445 717 2504 curtes,
749 2440 1101 2504 massaritios,
1130 2453 1333 2504 servos,
1363 2440 1605 2504 ancillas,
1646 2441 1921 2507 Aldiones,

342 2537 399 2581 et
423 2526 697 2591 Aldiauas,
723 2530 837 2583 sine
868 2529 1093 2599 alicujus
1115 2530 1334 2599 majoris
1368 2532 1658 2588 minorisve
1684 2548 1924 2602 persona:

344 2619 797 2685 contradictione,
820 2621 1073 2685 habeant,
1096 2632 1311 2677 teneant
1338 2632 1388 2677 et
1415 2624 1742 2693 possideant,
1766 2634 1925 2695 atque

347 2706 398 2759 in
433 2722 620 2762 eorum
654 2724 808 2763 usum
839 2724 902 2764 ac
932 2722 1222 2780 sumptum,
1257 2724 1415 2781 prout
1456 2714 1644 2768 melius
1674 2714 1921 2784 provide—

343 2799 477 2865 rint,
508 2800 855 2868 distribuant,
887 2812 1073 2858 nostra
1117 2804 1409 2873 apostolica
1439 2806 1759 2861 auctoritate
1790 2822 1921 2861 con-

344 2893 617 2949 cedentes.
647 2896 852 2965 Siquis
880 2911 1039 2961 vero,
1076 2897 1218 2967 quod
1266 2914 1371 2953 non
1412 2900 1703 2966 credimus,
1737 2901 1925 2957 diabo-

344 2982 450 3036 lico
478 2998 637 3038 suasu
682 2995 870 3039 contra
923 2986 1079 3055 hujus
1126 2995 1323 3042 nostra:
1355 2990 1660 3058 apostolica:
1703 3006 1920 3046 conces-

344 3075 514 3129 sionis
562 3075 872 3130 firmitatem
914 3077 965 3130 in
1005 3088 1276 3147 posterum
1332 3095 1489 3151 agerc
1538 3083 1821 3136 teutaverit
1871 3091 1924 3138 et.

2008 559 2243 622 clesiaiu,
2274 562 2587 631 cunctisque
2633 564 3037 620 successoribus
3077 566 3180 620 tuis
3225 566 3585 635 archiepisco-

2010 652 2091 720 pis
2119 652 2170 704 in
2198 662 2531 721 perpetuum.

2080 742 2342 807 Quoniam
2389 744 2695 813 apostolica:
2735 746 2878 803 sedis
2925 747 3332 813 benevolentia,
3379 756 3431 801 et
3488 763 3586 803 an-

2015 834 2175 901 tiquae
2226 835 2634 890 consuetudinis
2677 837 2792 891 zelo
2845 839 3141 907 provocati,
3195 837 3585 891 fraternitatem

2016 933 2158 977 tuam
2194 923 2483 979 Ravennati
2510 926 2761 981 Ecclesiae
2789 930 3151 997 prmfecimus,
3184 929 3413 1000 insignia
3450 944 3586 999 prsc-

2014 1016 2188 1069 sulum
2217 1014 2452 1083 ejusdem
2485 1017 2725 1072 ecclesia:
2771 1020 2987 1090 dignum
3027 1020 3278 1074 duximus
3326 1020 3418 1073 tibi
3461 1035 3586 1075 cou-

2017 1104 2255 1169 fercnda,
2290 1121 2411 1159 cum
2445 1122 2540 1160 usu
2574 1107 2741 1176 pallii,
2768 1125 2873 1179 quo
2918 1110 2992 1162 uti
3041 1110 3237 1163 debeas
3262 1109 3427 1163 certis
3456 1118 3588 1163 tem-

2018 1194 2253 1263 poribus,
2304 1196 2573 1264 certisque
2628 1197 2823 1262 modis,
2871 1198 3009 1252 sicut
3053 1207 3423 1252 antecessores
3471 1209 3589 1251 tuos

2019 1304 2143 1341 usos
2172 1286 2335 1343 fuisse
2360 1289 2657 1357 ceguoscis.
2687 1288 2797 1343 lloc
2834 1298 2883 1343 te
2925 1290 3271 1343 nihilominus
3301 1289 3591 1342 admonen-

2022 1388 2121 1441 tes,
2168 1388 2224 1430 ut
2270 1379 2410 1431 sicut
2450 1394 2479 1430 a
2512 1379 2668 1433 nobis
2720 1378 2877 1447 lmjus
2908 1380 3117 1434 decoris
3145 1393 3298 1433 usum
3325 1394 3385 1431 ac
3415 1393 3591 1433 sacer-

2020 1469 2217 1524 dotalis
2262 1468 2418 1524 ollicii
2469 1470 2726 1524 honorem
2787 1470 3058 1540 accepisse
3111 1478 3162 1525 te
3208 1469 3405 1539 gaudes
3436 1512 3451 1532 .
3518 1469 3590 1523 ita

2020 1562 2182 1615 etiam
2241 1577 2447 1613 morqu
2500 1570 2659 1629 atque
2707 1572 2921 1615 actuum
2978 1562 3242 1629 probitate
3287 1569 3591 1627 susccptum

2025 1653 2075 1706 in
2124 1652 2339 1707 Christo
2401 1654 2759 1707 sacerdotium
2823 1653 3088 1708 adornarc
3137 1652 3448 1706 contendas.
3505 1651 3596 1705 Sic

2022 1742 2165 1796 enim
2216 1742 2421 1795 alterno
2468 1742 2574 1795 eris
2622 1742 2826 1796 honore
2867 1742 3221 1810 conspicuus,
3269 1740 3312 1793 si
3357 1756 3476 1795 cum
3507 1742 3597 1793 ha-

1598 1803 2135 1900 PC\’€|}_i_8||9.B1,itu
2190 1830 2432 1898 corporis
2501 1830 2697 1883 mentis
2757 1845 2969 1900 quoque
3022 1831 3159 1884 bona
3236 1830 3595 1892 concordant,

2024 1930 2084 1975 ut
2148 1920 2283 1974 foris
2333 1922 2690 1988 compositus,
2747 1920 2890 1974 intus
2936 1931 3114 1975 autem
3157 1921 3431 1984 directus,
3492 1921 3599 1973 Deo

2024 2023 2145 2066 cum
2186 2008 2455 2077 Propheta
2505 2023 2630 2061 vere
2681 2008 2861 2063 dicere
2902 2010 3075 2077 possis
3125 2028 3137 2063 :
3198 2008 3451 2063 Provideo
3492 2009 3599 2063 Deo

2027 2097 2230 2169 [verius
2257 2096 2468 2161 Deum.,
2507 2096 2703 2168 llum]
2738 2099 2789 2150 in
2814 2109 3086 2167 conspectu
3123 2116 3233 2153 meo
3283 2116 3499 2169 semper,
3546 2108 3601 2152 ut

2024 2190 2088 2243 sit
2118 2206 2149 2242 a
2176 2189 2371 2243 dextris
2403 2190 2559 2252 milii,
2590 2207 2652 2243 ne
2678 2206 2905 2257 unquam
2938 2206 3260 2243 commoveor
3286 2189 3455 2259 (Psal.
3488 2190 3601 2259 xv).

2026 2279 2095 2334 Ut
2124 2287 2301 2333 autem
2342 2280 2623 2333 charitatis
2670 2280 2720 2332 in
2773 2280 2929 2334 uobis
2986 2279 3219 2334 fundatce
3264 2280 3601 2335 dulcedinem

2026 2384 2403 2439 recognoscas,
2434 2383 2499 2422 ex
2537 2370 2769 2438 gratuita
2824 2368 3071 2440 largitate
3103 2378 3285 2423 nostra
3318 2380 3438 2439 post
3468 2386 3605 2424 mor-

2026 2470 2131 2516 tem
2171 2461 2440 2515 Adelcida:
2490 2461 2845 2531 imperatricis
2881 2462 3153 2533 Augustae,
3199 2464 3459 2518 donamus
3511 2466 3603 2519 tibi

2029 2562 2233 2619 tumque
2284 2550 2538 2609 Ecclesiae
2582 2552 2882 2609 districtum
2939 2554 3268 2608 Ravennatis
3311 2554 3489 2619 urbis,
3533 2556 3606 2608 ri-

2026 2657 2146 2711 pam
2208 2641 2503 2710 integram,
2555 2653 2864 2707 monetam,
2923 2643 3189 2698 teloneum
3218 2686 3231 2710 ,
3267 2657 3561 2699 mercatum
3590 2688 3603 2710 ,

2028 2747 2213 2785 murus
2257 2742 2311 2786 et
2339 2748 2526 2787 omnes
2554 2742 2737 2802 portas
2768 2734 3023 2789 civitatis.
3057 2734 3111 2789 Si
3140 2750 3268 2790 vero
3308 2736 3408 2790 alia
3440 2737 3605 2807 privi-

2026 2822 2161 2893 legia
2203 2823 2473 2892 aliquibus
2505 2824 2643 2878 facta
2695 2826 3075 2894 apparuerint,
3108 2835 3305 2881 sancta:
3348 2828 3607 2882 Ecclesia:

2025 2913 2300 2979 obnoxia,
2344 2922 2395 2968 et
2446 2914 2569 2968 huic
2616 2926 2802 2968 nostro
2855 2916 3131 2985 privilegio
3175 2918 3440 2971 contraria
3470 2958 3484 2981 ,
3514 2934 3607 2970 au-

2027 3005 2272 3059 ctoritate
2300 3005 2393 3058 Dei
2439 3015 2494 3059 et
2525 3005 2581 3059 S.
2641 3005 2782 3060 l’etri
2816 3008 2881 3059 ad
2930 3008 3155 3060 nihilum
3198 3009 3485 3079 redigenda
3520 3009 3607 3061 illa

2027 3095 2487 3165 dijudicavituus:
2536 3106 2589 3150 et
2620 3096 2719 3151 hoc
2766 3097 2906 3166 quod
2952 3097 3211 3163 facimus,
3259 3099 3564 3153 stabilimus
3592 3139 3605 3161 ,

342 3165 607 3257 Ninum“
648 3167 959 3220 ῐηοηθδίθτίί
991 3167 1290 3222 εαθηοδίίθδ
1329 3169 1379 3221 in
1425 3169 1632 3239 ³¹Ῐ⁴Ι¹¹⁰ν
1674 3171 1814 3239 (luml
1846 3173 1924 3227 οίε
1951 3155 1995 3219 C
2027 3195 2081 3241 et
2104 3186 2365 3239 intactum
2400 3187 2823 3256 permanendum
2852 3188 3120 3257 jubcmus.
3150 3189 3420 3243 Donamus
3445 3189 3606 3243 etiam
3656 3182 3657 3185 “

340 3256 729 3322 concessimus,
758 3257 1156 3326 inquietaverit,
1180 3259 1251 3312 sit
1276 3261 1557 3314 anathema
1597 3262 1920 3316 horrendum

340 3362 371 3399 a
408 3348 661 3400 trecentis
692 3347 874 3402 decem
902 3356 956 3403 et
994 3358 1117 3403 octo
1145 3347 1415 3414 Patribus,
1465 3361 1520 3404 et
1548 3366 1610 3405 ex
1659 3367 1921 3407 consensu

342 3435 547 3489 fraudis
588 3435 740 3491 Judze
772 3437 1099 3507 Ananiaaque
1140 3440 1451 3510 adaequetur
1490 3441 1749 3506 flammis,
1786 3452 1841 3497 et
1894 3458 1922 3497 a

341 3523 501 3579 Patre
524 3565 538 3589 ,
568 3524 705 3579 Filio
729 3566 743 3590 ,
772 3534 1070 3597 sanctoque
1130 3528 1332 3597 Spiritu
1361 3567 1376 3595 ,
1432 3544 1639 3585 necnon
1692 3546 1721 3584 a
1767 3532 1925 3587 beato

340 3614 584 3681 apostolo
629 3614 789 3669 Petro
830 3616 1145 3671 maledictus
1177 3618 1229 3671 in
1280 3634 1551 3688 praesens,
1581 3629 1633 3673 et
1662 3619 1921 3686 futurum,

338 3701 418 3754 rei
460 3702 687 3758 crimine
736 3704 990 3758 astrictus
1046 3720 1261 3775 semper
1299 3718 1542 3773 maneat;
1588 3718 1801 3778 atquea
1834 3725 1923 3765 ea-

340 3789 537 3844 tlsolica
578 3790 816 3847 Ecclesia
855 3792 925 3847 sit
953 3792 1291 3860 eliminatus,
1322 3796 1491 3851 donec
1521 3799 1925 3867 pramominata:

340 3879 569 3935 ahbatia:
599 3882 909 3949 monachos,
940 3898 1236 3940 eorumque
1280 3884 1491 3942 Patrem
1522 3889 1676 3959 digna
1708 3890 1925 3945 satisfa-

340 3969 521 4024 ctione
564 3970 781 4039 placare
829 3973 1118 4028 studuerlt.

411 4058 604 4114 Datum
636 4077 689 4115 tv
718 4061 837 4115 Kal.
871 4062 1060 4129 Maias,
1086 4079 1183 4134 per
1211 4081 1404 4122 manus
1435 4066 1656 4125 Joannis
1685 4072 1921 4145 episcopi

338 4152 398 4206 S.
422 4152 744 4209 Albanensis
771 4154 1028 4210 Ecclesia:
1052 4164 1106 4211 et
1136 4158 1526 4214 bibliothecarii
1564 4172 1764 4219 sanctae
1792 4179 1919 4235 apo-

337 4244 541 4299 stolicae
606 4245 785 4311 sedis;
846 4261 1024 4313 anno,
1089 4247 1200 4301 Deo
1257 4249 1523 4319 propitio,
1576 4252 1921 4321 pontificatus

336 4335 521 4390 domui
580 4336 828 4406 Gregorii
874 4338 1068 4391 summi
1136 4339 1406 4408 pontificis
1473 4351 1526 4395 et
1598 4344 1919 4398 universalis

336 4425 508 4495 quinti
553 4442 733 4496 papae,
783 4426 836 4479 in
879 4428 1238 4482 sacratissima
1289 4430 1415 4483 sede
1445 4430 1583 4483 beati
1616 4431 1758 4486 Petri
1786 4448 1912 4503 apo-

335 4514 459 4569 stoli
510 4516 789 4571 secundo:
821 4516 1123 4585 imperante
1166 4518 1363 4572 domno
1410 4518 1606 4574 Ottonc
1655 4497 1845 4587 tertio',
1886 4538 1915 4577 a
1951 4497 1996 4554 θ

333 4603 447 4661 Deo
466 4614 747 4671 coronato,
779 4621 972 4676 magno
993 4615 1047 4662 et
1072 4608 1296 4677 paciﬁca
1319 4610 1666 4679 imperatore,
1693 4630 1915 4679 annon,

330 4695 393 4757 in
419 4713 601 4754 mense
638 4708 692 4754 et
745 4699 934 4754 indict.
964 4715 1124 4770 supra
1155 4701 1357 4770 scripta
1411 4720 1483 4756 xi.
1524 4703 1794 4775 Scriptum
1822 4722 1919 4776 per

336 4804 528 4844 manus
566 4788 711 4845 Petri
751 4791 944 4845 notarii
981 4799 1037 4845 et
1063 4792 1329 4845 scriniarii
1363 4792 1419 4846 S.
1456 4792 1519 4846 R.
1547 4794 1607 4847 Ε.
1648 4796 1698 4848 in
1734 4811 1916 4852 mense

333 4883 525 4954 Aprili,
553 4892 607 4939 et
630 4883 924 4939 indictione
947 4883 1252 4939 undecima.
1281 4883 1340 4937 P.
1370 4883 1513 4940 Bene
1543 4885 1733 4943 valete.

1060 4997 1198 5053 XIV.

332 5098 580 5143 GREGORH
621 5104 763 5144 ΡΑΡᾸΞ
805 5105 833 5144 ν
870 5104 1125 5146 ειιιετοιΑ
1163 5106 1231 5144 ΔΙ)
1280 5105 1596 5148 οειιθεκτωι
1651 5112 1917 5154 RAVENNA-

896 5178 1002 5218 ΤΕΜ
1038 5176 1344 5217 εριεεορυκ.

937 5258 1119 5328 (Anno
1149 5256 1295 5328 997.)

324 5335 488 5395 Mittit
524 5340 767 5423 pallium,
802 5346 1244 5423 Ravennatenujm
1292 5346 1577 5423 Ecclesium
1610 5367 1799 5423 multis
1836 5376 1918 5414 ον-

503 5421 594 5463 nat
620 5413 890 5501 privilegiis
908 5462 922 5487 ,
954 5416 1134 5469 multis
1157 5418 1520 5473 donationibus
1546 5413 1732 5503 aug—37,

565 5501 730 5544 ΙᾹΙὶΙΙΛ
759 5505 925 5544 ΜΛ..μῖ
988 5506 1165 5544 linear”
1213 5519 1318 5544 lnm
1372 5507 1481 5544 ῩΙΫ
1528 5501 1639 5544 οηιθ
1674 5537 1695 5544 ..

2032 3278 2148 3341 tibi,
2180 3287 2390 3346 tumque
2420 3277 2671 3332 Ecclesia:
2700 3286 2919 3341 sanctae,
2951 3278 3354 3333 Comaclenscm
3385 3279 3610 3333 comita-

2032 3378 2145 3421 tmn
2191 3376 2312 3436 post
2348 3374 2574 3421 mortem
2606 3366 2873 3421 Adeleida:
2919 3367 3277 3435 impcratricis
3310 3366 3600 3435 Augustae:

2028 3464 2087 3509 ut
2116 3465 2194 3520 tu,
2223 3464 2418 3524 tuaque
2454 3464 2638 3509 sancta
2673 3455 2932 3520 Ecclesia,
2987 3457 3169 3525 tuique
3227 3470 3603 3517 successores,

2030 3545 2175 3599 illum
2213 3560 2335 3598 cum
2392 3544 2643 3599 omnibus
2674 3543 2803 3598 inibi
2847 3545 3247 3613 pertinentibus
3293 3545 3462 3600 libere
3521 3554 3600 3599 tc-

2029 3643 2221 3701 ueant,
2267 3644 2321 3690 et
2366 3635 2620 3688 ordinent
2666 3636 2719 3689 in
2789 3644 3130 3705 perpetuum.
3175 3635 3242 3689 Et
3293 3634 3434 3704 quod
3468 3635 3609 3689 bene

2029 3726 2229 3780 factum
2259 3734 2341 3779 est
2375 3733 2431 3778 ut
2459 3726 2596 3779 bene
2627 3716 2984 3792 reservemus,
3013 3734 3067 3777 et
3108 3725 3159 3777 in
3208 3724 3400 3777 melius
3420 3738 3606 3778 corro-

2028 3818 2281 3871 boremus
2305 3832 2317 3868 :
2343 3814 2703 3885 privilegium,
2737 3815 2879 3883 quod
2907 3824 2999 3869 tuo
3038 3814 3417 3883 praedecessori
3446 3813 3608 3868 Joanc

2027 3905 2103 3972 ni,
2146 3921 2270 3959 cum
2321 3902 2768 3959 llionteferetraua
2812 3912 2866 3958 et
2919 3903 3195 3957 Cervieusi
3243 3902 3511 3967 ecclesiis,
3555 3910 3611 3957 ct

2028 4012 2147 4052 cum
2177 3996 2428 4052 onmibus
2453 4012 2572 4065 qua:
2600 3996 2700 4050 sibi
2752 3994 2931 4066 largiti
2963 4009 3170 4058 sumus,
3213 4009 3279 4049 ex
3307 4003 3489 4047 nostra
3519 3995 3611 4047 he-

2028 4086 2370 4150 ncvolentia,
2419 4085 2538 4150 tibi,
2574 4094 2784 4153 tumque
2833 4083 2890 4138 S.
2957 4083 3258 4137 Ravennati
3316 4082 3607 4145 Ecclesia}.

2028 4180 2238 4249 tuisque
2284 4176 2709 4241 successoribus,
2746 4175 3151 4239 confirmamus,
3200 4184 3254 4228 et
3300 4175 3607 4244 incorrupta

2030 4286 2242 4342 semper
2272 4285 2391 4325 esse
2413 4268 2775 4333 decernimus,
2807 4266 2856 4320 id
2895 4276 2979 4321 est
3018 4266 3401 4321 monasterium
3434 4268 3607 4320 sancti

2036 4362 2255 4416 Thoante
2278 4359 2524 4429 apostoli,
2552 4368 2606 4414 ct
2635 4358 2945 4428 Euphemia:
2977 4356 3254 4427 martyris,
3287 4372 3407 4411 cum
3456 4357 3604 4409 omni

2028 4452 2335 4522 integritate
2382 4466 2592 4515 eorum,
2640 4458 2693 4503 et
2723 4464 2843 4503 cum
2885 4448 3136 4503 omnibus
3166 4448 3357 4513 rebus,
3393 4458 3447 4501 et
3481 4464 3605 4517 pos-

2028 4541 2360 4597 sessionibus
2385 4556 2572 4595 eorum
2605 4540 2785 4603 cultis,
2809 4547 2864 4593 et
2894 4539 3128 4604 incultis,
3155 4546 3260 4593 tam
3298 4540 3349 4593 in
3388 4540 3606 4593 civitate

2026 4634 2352 4689 Aritnincnsi
2384 4633 2592 4703 positis,
2615 4648 2776 4702 quam
2805 4641 2988 4696 extra,
3031 4630 3238 4686 scilicet
3261 4631 3314 4685 iu
3346 4631 3606 4686 comitatu

2027 4725 2356 4789 Pisaurensi,
2393 4724 2745 4789 Ariminensi,
2783 4733 2839 4779 et
2886 4721 3335 4796 Monteferctrano
3374 4720 3605 4777 colloca-

2022 4819 2109 4873 tis.
2142 4817 2270 4885 Qum
2302 4816 2480 4872 omnia
2507 4830 2603 4885 per
2633 4823 2843 4869 centum
2873 4815 2984 4885 jam
3011 4813 3277 4869 curricula
3304 4829 3593 4879 annorum,

2020 4919 2197 4964 vestra
2224 4907 2463 4962 Ecclesia
2493 4915 2548 4961 et
2586 4907 2749 4961 vestri
2778 4918 3151 4962 antecessores
3182 4915 3471 4961 tenuerunt
3498 4949 3512 4974 ,
3549 4918 3604 4964 et

2021 5013 2117 5054 vos
2145 5038 2159 5063 ,
2186 4997 2295 5051 Deo
2324 4996 2494 5066 gratia
2523 5037 2537 5061 ,
2568 4996 2765 5050 tenetis
2809 4996 2989 5065 quiete
3020 5008 3035 5049 :
3084 4995 3136 5051 id
3162 5005 3245 5051 est
3265 5035 3278 5061 ,
3316 4995 3599 5052 castellum

2021 5089 2162 5158 quod
2188 5097 2413 5141 vocatur
2439 5085 2709 5154 Ligabizzi
2730 5126 2743 5150 ,
2772 5103 2895 5142 cum
2930 5086 3075 5141 omni
3114 5086 3440 5158 pertinentia
3470 5103 3566 5142 sua
3586 5128 3601 5154 ,

2020 5188 2074 5235 et
2102 5187 2253 5235 curte
2282 5179 2347 5232 de
2375 5187 2562 5232 sancto
2594 5176 2869 5244 llermete,
2898 5191 3019 5232 cum
3051 5176 3309 5245 praedicta
3337 5177 3566 5233 ecclesia
3594 5220 3607 5244 ,

2018 5280 2076 5327 et
2119 5286 2241 5327 cum
2268 5266 2537 5323 casalibus
2560 5276 2615 5321 et
2658 5266 3055 5337 appendicibus
3098 5267 3211 5321 suis
3243 5283 3256 5318 :
3284 5266 3493 5322 scilicet
3520 5284 3608 5323 ea—

2022 5363 2233 5418 stellum
2264 5359 2405 5428 quod
2431 5364 2651 5412 vocatur
2676 5354 2936 5427 Galliola,
2965 5371 3089 5410 cum
3113 5354 3257 5411 omni
3291 5355 3615 5422 pertinentia

2023 5469 2151 5521 sua;
2183 5464 2283 5508 nec
2312 5464 2416 5505 non
2447 5454 2499 5502 et
2540 5453 2787 5505 castrum
2818 5445 2963 5524 quod
3003 5454 3227 5502 vocatur
3262 5440 3582 5500 Granariolo
3608 5486 3623 5507 .
