4486 5544
842 336 948 392 925

2157 323 2481 381 GREGORII
2525 326 2562 378 V
2602 326 2802 382 PAPIE

3991 328 4100 394 925

848 458 1003 505 catur
1030 444 1240 513 Crucis,
1271 458 1393 501 cum
1420 443 1675 501 omnibus
1696 444 1860 500 rebus
1896 449 1950 497 et
1986 440 2419 512 possessionibus
2446 446 2495 503 Α
2521 456 2678 510 gere,
2730 451 2785 498 et
2835 444 2888 497 in
2940 444 3256 499 exercendis
3302 443 3396 499 Dei
3453 444 3698 500 laudibus
3745 446 3827 500 sui
3881 447 4102 506 studeat

841 541 973 597 suis.
1019 539 1086 594 Et
1124 547 1184 594 ut
1234 538 1529 609 paternitas
1562 537 1819 592 bonitatis
1865 543 2064 590 nostrae
2106 533 2418 589 ﬁliationem

843 641 948 685 tuac
968 629 1273 685 devotionis
1293 643 1504 682 summo
1529 626 1721 682 ali‘ectu
1745 635 1800 682 et
1825 624 2106 682 amuenter
2129 626 2182 680 in
2206 625 2422 680 Christo

840 720 1114 786 euutriat,
1146 719 1467 774 auctoritate
1520 718 1615 773 Dei
1647 716 2031 786 omnipotentis
2072 724 2128 771 et
2177 715 2234 770 S.
2278 714 2422 770 Petri

842 811 1103 882 principis
1141 809 1530 880 apostolorum,
1563 809 1664 863 hoc
1711 816 1896 864 nostro
1937 806 2221 877 privilegio
2242 847 2256 872 ,
2280 820 2424 876 prae-

840 909 1056 970 ceptum
1104 900 1170 954 de
1217 898 1850 970 Regiensi.episcopatu,
1881 910 2003 950 cum
2047 894 2299 952 omnibus
2321 893 2422 948 sibi

842 991 1178 1061 adjacentiis,
1211 1004 1242 1044 a
1265 988 1558 1044 venerabili
1587 987 1786 1044 Ottone
1810 987 2069 1056 Augusto,
2095 985 2191 1040 tibi
2216 993 2424 1054 tuaeque

841 1081 1096 1137 Ecclesiae
1128 1080 1340 1150 tuisque
1383 1076 1792 1134 successoribus
1837 1075 2182 1140 attributum,
2230 1073 2425 1128 conﬁr-

841 1188 1091 1239 mamus,
1143 1170 1448 1228 stabilimus
1499 1179 1555 1226 et
1601 1168 1974 1225 inconvulsum
2004 1165 2422 1238 permanendum

841 1264 1217 1334 praecipimus,
1257 1271 1318 1317 ut
1362 1271 1581 1325 teneas,
1611 1259 1888 1324 defendas,
1921 1273 2099 1328 regas,
2125 1267 2179 1311 et
2224 1257 2290 1311 ad
2330 1256 2421 1311 Dei

843 1354 1139 1419 honorem,
1187 1362 1297 1408 tam
1349 1360 1404 1407 tu
1451 1366 1612 1421 quam
1675 1351 1752 1405 tui
1825 1363 2206 1410 successores,
2261 1348 2425 1402 libere

842 1447 1124 1502 ordinetis.
1153 1445 1551 1501 Conﬁrmamus
1591 1444 1755 1499 etiam
1794 1443 1890 1498 tibi
1931 1451 2140 1510 tuasque
2171 1439 2425 1494 Ecclesiae

844 1537 899 1590 in
953 1544 1274 1606 perpetuum
1322 1535 1585 1590 donamus
1635 1533 1936 1598 Caesenam,
1991 1547 2113 1587 cum
2173 1531 2425 1585 omnibus

843 1628 976 1682 inibi
1003 1627 1438 1696 pertinentibus:
1466 1635 1521 1682 et
1550 1633 1816 1696 potestate
1843 1623 2137 1695 apostolica
2171 1620 2424 1690 jubcmus

842 1728 902 1774 ut
928 1719 994 1773 de
1041 1717 1232 1773 subtus
1261 1724 1455 1780 strata,
1498 1731 1670 1786 usque
1700 1717 1768 1770 ad
1813 1729 1988 1779 mare,
2023 1712 2201 1767 nullus
2229 1712 2424 1767 audeat

2528 536 2730 591 laboris
2790 537 3046 592 exhibere
3104 545 3411 604 certamen,
3476 537 3547 592 ob
3603 537 3704 593 hoc
3757 539 3938 593 debita
3996 554 4098 596 nos

2524 625 2762 694 ejusdem
2822 625 3129 696 apostolica:
3190 627 3476 697 pastoralis
3521 628 3780 697 compulit
3831 628 4098 684 sollicitu-

2525 715 2666 770 dinis
2717 731 2882 782 cura,
2939 731 3166 786 quaeque
3222 719 3288 771 ad
3342 717 3688 772 stabilitatem
3748 718 3956 788 piorum
4010 718 4094 774 lo-

2525 823 2712 862 corum
2784 808 3160 879 promulgare,
3232 817 3287 863 et
3359 810 3668 879 apostolicae
3741 810 4099 866 institutionis

2525 914 2750 955 censura
2799 901 3138 956 conﬁrmare.
3194 900 3360 971 Igitur
3409 903 3535 972 quia
3585 902 3867 972 postulasti
3921 917 3950 955 a
3995 917 4096 957 no-

2525 991 2640 1056 bis,
2681 991 2988 1046 venerande
3031 991 3470 1060 archicpiscope,
3519 1001 3785 1060 quatenus
3831 991 4098 1061 integrum

2527 1082 3053 1151 archiepiscopatum
3106 1093 3304 1136 sancta:
3357 1081 3751 1137 Beneventanze
3800 1080 4096 1146 Ecclesiae,

2526 1172 2611 1225 cui
2660 1170 2768 1226 Deo
2817 1172 3031 1226 favente
3076 1187 3276 1242 praees,
3320 1175 3740 1228 concederemus
3791 1172 3926 1238 tibi,
3970 1171 4102 1225 tuis-

2525 1279 2630 1332 que
2672 1263 3078 1318 successoribus
3123 1264 3175 1316 in
3223 1272 3573 1332 perpetuum,
3620 1279 3684 1318 ac
3729 1272 3923 1318 cuncta
3978 1277 4100 1332 quae.

2526 1370 2556 1408 a
2620 1357 3016 1426 praedecessore
3076 1364 3262 1409 nostro
3325 1355 3542 1409 domino
3605 1353 3811 1410 Joanne
3872 1354 4100 1408 sanctis-

2529 1443 2664 1498 simo
2719 1458 2894 1514 papa,
2943 1451 3167 1512 precatu
3219 1443 3422 1498 domini
3486 1441 3698 1498 Ottonis
3762 1441 4099 1496 invictissimi

2529 1535 2873 1604 imperatoris
2947 1549 3043 1604 per
3096 1533 3437 1605 privilegium
3498 1548 3752 1588 concessa
3813 1540 3942 1588 sunt
4008 1539 4100 1585 tuo

2528 1625 2908 1694 prmdecessnri
2972 1624 3288 1692 Landolpho
3369 1623 3778 1694 archiepisc0po
3857 1620 4097 1689 ejusdem

2529 1715 2714 1780 sedis,
2773 1715 3268 1769 conﬁrmaremus:
3331 1714 3437 1784 piis
3505 1714 3612 1768 tuis
3676 1712 3962 1767 desideriis
4021 1713 4100 1766 fa-

841 1810 1149 1866 districtum
1179 1816 1275 1862 aut
1304 1807 1646 1863 venationem
1676 1807 1839 1860 ullam
1867 1819 2155 1870 exercere,
2199 1804 2302 1859 nisi
2337 1805 2421 1858 cui
2458 1781 2499 1837 Β
2530 1815 2750 1870 ventes,
2808 1807 2909 1862 hac
2965 1816 3148 1862 nostra
3203 1807 3526 1861 auctoritate
3578 1807 3628 1860 id
3682 1805 3823 1875 quod
3872 1821 3902 1859 a
3949 1805 4102 1860 nobis

842 1912 898 1956 tu
926 1909 1017 1954 aut
1046 1899 1120 1953 tui
1145 1912 1490 1953 successores
1514 1897 1807 1967 jusserint;
1840 1895 1932 1950 sed
1960 1897 2166 1964 absque
2184 1893 2422 1948 omnium

842 1991 1120 2046 hominum
1170 1989 1568 2059 inquietudine,
1603 1989 1668 2042 ad
1716 1989 2001 2051 honorem,
2046 1994 2103 2041 et
2141 1985 2425 2039 utilitatem

842 2093 1012 2148 tuam,
1059 2083 1381 2152 potestative
1437 2082 1620 2137 omnia
1672 2083 1745 2137 ibi
1805 2081 1974 2137 facias
2018 2090 2073 2136 et
2123 2079 2425 2150 przecipias.

841 2171 1035 2226 Omnia
1064 2172 1226 2227 etiam
1262 2170 1540 2242 privilegia
1588 2170 1911 2241 jampridem
1955 2186 1984 2224 a
2015 2168 2431 2240 praedecessori-

839 2265 941 2319 hus
970 2263 1171 2320 nostris
1197 2273 1301 2317 tua:
1324 2263 1580 2318 Ecclesia:
1603 2263 1819 2330 collata,
1843 2264 2132 2332 omniaque
2161 2272 2424 2333 praecepta

841 2363 935 2407 aut
964 2371 994 2408 a
1041 2353 1257 2424 regibus
1303 2365 1396 2408 aut
1446 2353 1864 2424 imperatoribus
1905 2368 2005 2422 pro
2041 2353 2136 2407 Dei
2180 2365 2425 2424 respectu

842 2442 1102 2498 attributa
1120 2482 1136 2508 ,
1173 2443 1278 2497 hoc
1315 2451 1502 2496 nostro
1529 2440 1811 2510 privilegio
1832 2441 1885 2495 in
1913 2441 2190 2496 voluntate
2218 2442 2344 2508 Dei,
2372 2451 2427 2495 et

842 2532 1163 2587 auctoritate
1206 2533 1380 2586 sancti
1430 2531 1610 2596 Petri,
1665 2531 2074 2596 confirmamus,
2107 2524 2441 2586 corroborai

841 2638 964 2678 mus
994 2631 1050 2678 et
1101 2623 1156 2678 in
1201 2632 1462 2678 aeternum
1497 2622 1676 2677 valere
1705 2622 1952 2678 volumus
1973 2630 2027 2677 et
2063 2623 2422 2692 praecipimus.

842 2709 901 2766 Si
930 2711 1053 2781 quis
1081 2709 1248 2782 igitur
1269 2719 1458 2765 contra
1487 2711 1603 2765 haac
1628 2725 1748 2779 quae
1770 2724 1867 2779 per
1898 2709 2000 2764 hoc
2036 2717 2280 2763 nostrum
2317 2710 2425 2777 pri-

840 2802 1095 2872 vilegium
1139 2800 1225 2871 pie
1271 2809 1328 2855 et
1374 2800 1605 2854 ﬁrmiter
1646 2800 1905 2869 disposita
1955 2807 2098 2862 sunt,
2137 2800 2426 2853 temerario

840 2908 977 2947 ausu
1016 2892 1096 2946 ire
1137 2892 1462 2956 tentaverit,
1491 2891 1629 2948 sciat
1677 2907 1736 2946 se
1787 2890 2113 2946 auctoritate
2161 2890 2222 2943 Β.
2280 2889 2424 2943 Pctri

838 2985 1101 3056 principis
1123 2984 1514 3056 apostolorum,
1542 2983 1694 3052 cujus
1731 2983 2001 3038 immerito
2029 2983 2171 3036 vices
2192 2982 2422 3051 agimus,

839 3075 1206 3131 anathematis
1234 3074 1450 3130 vinculo
1487 3075 1801 3129 innodatum
1822 3114 1838 3140 ,
1864 3081 1919 3128 et
1959 3088 2080 3127 cum
2113 3070 2325 3126 diabolo
2372 3081 2426 3124 et

838 3166 974 3222 Juda
1000 3166 1265 3223 traditore
1288 3166 1477 3222 :eterni
1506 3166 1753 3236 supplicii
1792 3164 2038 3219 incendio
2076 3177 2425 3218 concreman-

837 3256 998 3324 dum;
1045 3258 1233 3326 sicque
1286 3256 1756 3312 irremediabiliter
1791 3255 2191 3319 involvendum,
2226 3267 2292 3307 ne
2327 3268 2427 3306 un-

837 3365 1002 3423 quam
1030 3365 1061 3404 a
1093 3350 1325 3405 nexibus
1364 3349 1730 3404 anathematis
1769 3349 1843 3404 sit
1872 3346 2171 3402 absolutus.
2195 3347 2266 3399 At
2297 3359 2427 3399 vero

838 3443 933 3513 qui
989 3443 1308 3498 observator
1364 3442 1421 3497 in
1474 3442 1728 3497 omnibus
1771 3441 2072 3506 exstiterit,
2119 3439 2426 3494 custodiens

840 3532 999 3603 hujus
1028 3533 1204 3588 nostri
1256 3532 1538 3604 apostolici
1578 3532 1859 3587 constituti
1912 3530 2318 3594 auctoritatem,
2359 3529 2425 3582 ad

841 3624 1047 3679 cultum
1089 3623 1186 3679 Dei
1241 3624 1414 3679 nostri
1464 3623 1839 3694 respicientis,
1870 3622 2261 3678 benedictionis
2308 3636 2425 3691 gra-

841 3717 976 3771 tiam
1024 3730 1056 3770 a
1107 3715 1618 3771 misericordissima
1668 3715 1780 3769 Deo
1826 3724 2013 3770 nostro
2061 3712 2428 3781 multipliciter

841 3816 1230 3878 consequatur,
1259 3816 1316 3862 et
1345 3805 1468 3860 vitae
1496 3815 1714 3861 aeternae
1739 3804 2011 3876 particeps
2036 3803 2318 3858 eiIiciatur.

913 3901 1188 3971 Scriptum
1220 3913 1318 3968 per
1348 3913 1540 3953 manus
1564 3897 1706 3952 Petri
1752 3898 1947 3952 notarii
1979 3906 2034 3952 et
2063 3896 2333 3951 scriniarii
2366 3895 2423 3950 S.

841 3994 1103 4048 Romana:
1127 3989 1413 4056 Ecclesia,
1439 3990 1497 4045 in
1525 4004 1713 4045 mense
1733 3989 1928 4060 Aprii.,
1952 3988 2144 4043 lndict.
2177 4003 2251 4040 ιιι.
2284 3986 2428 4041 Bene

842 4083 1041 4138 valete.

914 4177 1038 4233 Dat.
1071 4192 1124 4231 tv
1147 4174 1266 4232 Kal.
1292 4174 1450 4241 Maii,
1505 4189 1604 4244 per
1651 4187 1872 4227 manum
1919 4169 2142 4226 Joannis
2191 4169 2428 4240 episcopi

844 4270 907 4327 S.
933 4269 1257 4325 Albanensis
1282 4266 1541 4324 Ecclesia:
1568 4275 1623 4320 et
1647 4263 2042 4319 bibliothecarii
2076 4269 2275 4316 sancta:
2302 4276 2431 4331 apo-

843 4359 1051 4416 stolicaa
1108 4358 1286 4424 sedis,
1342 4370 1486 4412 anno
1550 4356 1896 4426 pontilicatus
1940 4351 2124 4406 domni
2187 4349 2428 4421 Gregorii

2527 1899 2840 1969 exposcitur
2902 1914 2998 1967 per
3061 1899 3424 1954 interventum
3483 1899 3686 1954 domini
3746 1896 3962 1954 Ottonis
3998 1900 4102 1955 im-

2529 1990 2796 2060 peratoris
2852 1989 3066 2045 effectui
3124 1991 3539 2062 mancipamus,
3586 1991 3946 2045 concedentes
4005 1992 4102 2045 tibi

2530 2087 2742 2155 tuisque
2786 2085 3193 2140 successoribus
3238 2100 3394 2140 usum
3437 2085 3614 2155 pallii,
3661 2085 3801 2139 sicut
3842 2085 4102 2154 scriptum

2528 2187 2648 2244 est,
2708 2177 2962 2232 retinere.
3027 2176 3351 2232 Tribuentes
3409 2176 3627 2247 insuper
3693 2186 3797 2230 tuae
3853 2175 4106 2230 fraterni-

2531 2271 2668 2333 tati,
2727 2269 2943 2337 tuisque
2997 2268 3406 2323 successoribus
3460 2268 3511 2321 in
3570 2269 3827 2337 praedicta
3886 2267 4102 2322 dimcesi

2531 2363 2583 2415 iu
2642 2360 2776 2416 locis
2836 2359 2886 2413 in
2941 2358 3138 2430 quibus
3193 2358 3320 2413 olim
3390 2357 3608 2413 fuerunt
3671 2359 3724 2413 in
3785 2368 4103 2428 perpetuum

2529 2451 2814 2521 episcopos
2863 2465 3225 2513 consecrare,
3278 2451 3370 2519 qui
3423 2460 3617 2505 vestrae
3667 2450 3982 2521 subjaceant
4027 2450 4104 2502 di-

2529 2540 2698 2606 tioni,
2741 2541 2794 2595 id
2846 2549 2930 2595 est
2976 2538 3347 2601 Termulanze,
3399 2539 3629 2604 Bihina‘,
3675 2539 4103 2606 Quintodecimi,

2529 2630 2757 2696 Ariani,
2805 2630 3086 2696 Triventi,
3134 2630 3355 2695 Larini,
3405 2630 3683 2692 Luceria,
3735 2629 3793 2685 S.
3840 2630 4103 2699 Agathze,

2530 2722 2803 2789 Abellini,
2863 2722 3084 2788 Asculi,
3149 2718 3503 2786 Vulturarize,
3566 2721 3858 2786 Thelesiae,
3911 2719 4103 2782 Alil'az,

2533 2813 2789 2868 Sessulze.
2848 2811 3356 2881 Conﬁrmautesque
3413 2811 3506 2866 tibi
3568 2813 3778 2881 tuisque
3830 2824 4106 2865 successo-

2531 2907 2682 2962 ribus
2732 2905 3018 2961 ecclesiam
3075 2903 3132 2958 S.
3181 2903 3460 2959 Michaelis
3505 2903 3557 2958 in
3605 2904 3785 2958 Monte
3831 2903 4102 2972 Gargano,

2530 3014 2652 3052 cum
2711 2998 2826 3068 ipsa
2892 2995 3177 3066 Sipontina
3239 2994 3513 3058 ecclesia,
3570 3004 3624 3048 et
3684 3009 3806 3049 cum
3858 2992 4106 3048 omnibus

2529 3104 2716 3144 earum
2775 3086 3163 3158 pertinentiis,
3231 3094 3285 3140 et
3350 3084 3602 3140 omnibus
3663 3084 3925 3156 przediis,
3983 3100 4104 3138 cum

2529 3181 2792 3246 ecclesiis,
2826 3178 3044 3233 familiis
3092 3177 3373 3246 utriusque
3425 3191 3626 3241 sexus,
3677 3183 3733 3230 et
3780 3175 4004 3241 massis,
4054 3183 4110 3229 et

2528 3282 2724 3329 cuncta
2790 3287 2911 3341 qum
2959 3270 3214 3324 videntur
3282 3283 3403 3324 esse
3468 3268 3792 3340 pertinentia
3870 3268 4107 3338 ipsarum

2527 3363 2903 3420 ecclesiarum.
2970 3360 3332 3416 Concedimus
3377 3368 3558 3414 autem
3609 3359 3857 3429 Alphano
3906 3357 4109 3414 clerico

2532 3462 2720 3509 vestro
2775 3450 2959 3521 nepoti
3019 3450 3289 3521 integrum
3347 3448 3522 3518 ipsum
3580 3447 4108 3519 archiepiscopatum

2532 3552 2656 3615 post
2717 3543 3003 3598 decessum
3073 3550 3226 3596 tuum
3297 3535 3609 3595 haben'dum
3676 3553 3798 3595 cum
3857 3539 4109 3593 omnibus

2529 3635 2643 3690 suis
2689 3631 3062 3703 pertinentiis,
3109 3629 3252 3685 sicut
3294 3637 3420 3685 sunt
3467 3629 3750 3695 civitates,
3802 3627 3918 3683 sive
3964 3642 4109 3696 quae-

2528 3738 2742 3793 cunque
2789 3732 2966 3778 castra
3017 3735 3264 3791 possessa
3317 3720 3517 3775 dudum
3558 3718 3627 3774 ab
3671 3717 4107 3773 antecessoribus

2530 3816 2638 3870 tuis
2694 3811 2988 3885 episcopis.
3062 3809 3342 3881 Siquidem
3396 3819 3683 3865 censentes
3718 3808 3938 3878 insuper
3979 3823 4109 3876 apo-

2528 3911 2718 3968 stolica
2767 3922 2997 3964 censura
3042 3907 3141 3961 sub
3188 3903 3354 3959 divini
3396 3903 3585 3973 judicii
3638 3900 3992 3957 obtestatione
4034 3939 4048 3952 .
4090 3938 4105 3953 .

2529 4001 2780 4075 (Reliqua
2813 4014 2973 4068 usque
3011 3995 3080 4048 ad
3119 3993 3312 4048 calcem
3347 3992 3488 4046 haud
3536 3991 3638 4062 legi
3683 3999 3919 4060 possunt.
3990 3988 4108 4055 Quo

2530 4106 2705 4150 autem
2736 4092 2860 4162 jure
2909 4088 3097 4158 Vipera
3149 4095 3315 4140 totum
3355 4085 3610 4154 integrum
3667 4081 3900 4137 retulerit
3937 4080 4109 4150 diplo-

2530 4202 2616 4238 ma
2657 4223 2673 4248 ,
2735 4184 2844 4251 ipse
2906 4179 3111 4233 viderit.
3180 4175 3248 4229 In
3310 4175 3414 4244 ﬁne
3468 4172 3768 4237 diplomatis
3831 4169 4108 4241 legitur:)

2533 4289 2752 4332 manum
2783 4270 3006 4327 Antonii
3056 4266 3253 4323 notarii
3300 4263 3571 4322 scriniarii
3628 4271 3827 4317 sancta:
3859 4260 4112 4315 Romana:

2533 4379 2586 4425 et
2637 4362 2951 4436 apostolicae
2991 4357 3250 4414 Ecclesia:
3297 4356 3352 4410 in
3404 4367 3592 4409 mense
3643 4352 3878 4421 Aprilis,
3927 4361 3982 4408 et
4032 4351 4112 4406 in~

844 4450 1041 4507 summi
1089 4448 1362 4521 pontificis
1397 4456 1454 4503 et
1489 4445 1812 4502 universalis
1843 4458 2033 4515 papae,
2075 4443 2126 4496 in
2177 4443 2428 4496 sacratis-
2461 4470 2505 4527 υ
2535 4456 2770 4513 dictione
2822 4449 3106 4506 undecima
3159 4487 3172 4502 ,
3223 4487 3237 4500 ,
3290 4485 3305 4500 .
3371 4484 3386 4499 ,
3447 4484 3462 4498 .
3522 4485 3536 4499 ,

845 4547 981 4602 sima
1035 4544 1163 4599 sede
1216 4542 1278 4597 Β.
1329 4540 1477 4597 Petri
1531 4539 1778 4610 apostoli,
1821 4551 1966 4592 anno
2010 4551 2080 4600 ιι,
2136 4535 2432 4604 imperante

846 4637 1046 4692 domno
1075 4634 1288 4691 Othone
1330 4646 1393 4687 ιιι
1447 4647 1478 4686 a
1526 4632 1635 4686 Deo
1678 4636 1958 4691 coronato,
1989 4640 2183 4694 magno
2211 4633 2266 4679 et
2290 4624 2434 4694 paci-

846 4729 953 4785 ﬁco
1007 4728 1374 4797 imperatore,
1446 4738 1592 4779 anno
1646 4737 1724 4788 ιι,
1781 4720 1836 4774 in
1909 4731 2098 4773 mense
2143 4723 2198 4771 et
2244 4715 2430 4771 indict.

849 4817 1247 4891 suprascripta.

1591 4903 1707 4959 XV.

849 5014 1100 5057 GBEGOBH
1143 5013 1290 5055 ΡΔΡΛΕ
1319 5012 1354 5051 ν
1379 5010 1636 5052 ΕΡ18Το1.Α
1675 5009 1742 5047 AD
1781 5005 2060 5045 ALPHANUH
2097 5003 2433 5044 DENEVENTA—

1341 5083 1449 5124 NUI
1480 5078 1950 5120 ARCHIEPISCOPUM.

1442 5158 1461 5228 (
1485 5157 1641 5212 Anno
1675 5155 1798 5211 998.
1826 5154 1844 5224 )

1027 5250 1223 5324 [Apud
1262 5247 1510 5319 Ughelli,
1543 5245 1706 5301 Italia
1743 5245 1945 5311 Sacra,
1983 5243 2056 5309 ιι,
2093 5241 2263 5316 555.]

922 5364 1233 5420 Gnscomus
1266 5361 1576 5431 episcopus,
1603 5373 1793 5415 servus
1839 5371 2119 5413 servorum
2161 5356 2293 5422 Dei,
2324 5357 2433 5411 AL-

858 5472 1032 5514 ruaao
1064 5455 1422 5511 dilectissimo
1455 5463 1510 5508 et
1544 5451 2002 5508 reverendissimo
2034 5458 2236 5507 sanctae
2266 5447 2436 5504 Bene-

3259 4560 3398 4618 XVI.

2535 4699 2789 4741 GREGOBII
2817 4697 2963 4738 PAPE
2993 4695 3023 4733 V
3052 4691 3397 4735 PRIVILEGIUM
3428 4689 3528 4730 PRO
3558 4687 3898 4728 HONASTEBIO
3926 4686 4114 4727 SANCTI

2836 4768 3042 4810 CENESII
3078 4767 3126 4806 IN
3160 4763 3389 4804 DKECESI
3420 4758 3798 4802 BISULDUNENSI

3141 4862 3320 4925 (Anno
3363 4858 3513 4918 998.)

2545 4982 2723 5056 [Apud
2745 4977 3086 5050 Coquelines,
3104 4974 3318 5043 diplom.
3337 4980 3478 5042 pont.
3496 4969 3653 5038 ampl.
3675 4966 3886 5022 Collect.
3906 4966 3946 5030 I,
3971 4963 4106 5035 296‘

2615 5076 2925 5131 Gut-:comus
2953 5068 3261 5139 episcopus,
3288 5077 3480 5118 servus
3508 5073 3789 5116 servorum
3818 5057 3934 5113 Dei.

2616 5165 2851 5221 Credita:
2885 5159 3041 5217 nobis
3081 5151 3465 5227 speculationis
3505 5149 3834 5221 impellimur
3861 5161 4022 5210 cura,
4072 5155 4126 5199 et

2547 5257 2741 5312 ardore
2767 5251 3093 5308 Christianae.
3120 5243 3417 5316 religionis,
3456 5251 3511 5296 et
3546 5239 3724 5295 studio
3752 5236 3920 5292 divini
3949 5235 4124 5289 cultus

2545 5361 2925 5420 permovemur
2953 5358 3049 5414 pro
3076 5337 3462 5396 venerabilium
3515 5334 3755 5390 locorum
3788 5328 4122 5401 percogitare

2543 5440 2892 5499 stabilitatem
2921 5444 3084 5505 atque
3114 5434 3224 5488 Deo
3253 5428 3603 5486 servientium
3644 5422 3994 5480 securitatem
4013 5461 4028 5484 ,
4067 5428 4123 5472 ut

3056 5522 3139 5544 _!-
3172 5520 3357 5544 I..k.-.....
3425 5526 3472 5544 nl
3506 5515 3696 5544 ιιι-ζωαὶ
3723 5511 3944 5544 ΓΙιΙιῖοΙΑ
3976 5509 4119 5544 (lina-
