4486 5544
383 387 489 441 9Ξ5

1551 378 1906 435 ΕΡΙΞΤΟΕ.Ε
1947 377 2035 432 ΕΤ
2077 379 2486 438 PRl\'lLEGl.\.

3524 401 3625 454 9:26

381 502 647 557 ﬁnetenus
704 502 854 554 ﬁrma
880 540 894 565 ,
943 513 1063 570 quae
1120 513 1151 553 a
1195 498 1515 554 Christianis
1571 499 1623 552 in
1665 499 1756 554 Dei
1795 498 1951 554 laude
1979 512 2028 570 Α
2056 501 2248 558 clesias
2279 519 2400 558 cum
2430 504 2673 560 alodibus
2706 516 2759 562 et
2789 509 3205 578 proprietatibus
3229 524 3416 564 eorum
3445 514 3626 565 omnia

381 595 672 648 constituta
711 601 857 647 sunt.
913 593 1078 663 Igitur
1102 592 1352 648 omnibus
1389 592 1673 662 episcopis,
1708 593 1952 656 ducibus,

384 688 808 752 marchionibus,
849 688 1157 750 comitibus,
1191 695 1392 741 sanctae
1423 686 1516 740 Dei
1545 685 1798 740 Ecclesia:
1828 685 1957 739 tide-

383 778 522 833 libus
564 778 918 847 praesentibus
955 776 1164 832 scilicet
1203 785 1365 846 atque
1397 774 1592 830 futuris
1623 784 1806 829 notum
1839 789 1958 830 esse

385 867 669 932 volumus,
723 869 848 937 quia
899 867 1128 922 dilectus
1177 876 1230 920 et
1282 865 1538 934 spiritalis
1589 864 1727 919 ﬁlius
1777 874 1958 920 noster

385 959 696 1015 Bernardus
723 957 1129 1013 Bisuldunensis
1168 957 1432 1028 gloriosus
1473 971 1654 1011 comes
1698 956 1961 1026 suggessit

385 1059 572 1106 nostro
605 1048 922 1120 apostolatui
953 1047 1096 1117 quod
1126 1047 1431 1102 venerabile
1474 1047 1863 1102 monasterium
1907 1046 1959 1100 in

387 1141 592 1196 honore
640 1156 702 1194 ac
729 1140 946 1194 nomine
972 1139 1144 1194 sancti
1168 1138 1381 1193 Genesii
1413 1145 1467 1194 et
1495 1140 1666 1193 sancti
1690 1135 1961 1192 Michaelis

386 1230 696 1300 archangeli
761 1241 957 1284 nostrae
1039 1229 1347 1299 apostolica:
1425 1228 1848 1283 conﬁrmationis
1909 1235 1963 1282 et

387 1320 726 1375 auctoritatis
775 1335 924 1374 more
969 1321 1233 1374 canonico
1280 1321 1562 1391 privilegio
1605 1321 1959 1374 muniremus.

386 1408 552 1478 Cujus
585 1408 890 1463 salubribus
921 1410 1046 1462 moti
1080 1408 1362 1478 precibus,
1397 1409 1742 1478 omniumque
1773 1407 1963 1462 Eccle-

385 1499 591 1554 siarum
622 1499 713 1553 Dei
745 1508 918 1554 status
944 1500 1128 1553 haberi
1156 1498 1420 1562 volentes,
1467 1508 1521 1553 et
1547 1499 1965 1568 uniuscujusque

386 1589 528 1645 sacri
554 1589 653 1645 loci
680 1588 769 1657 jus
799 1590 980 1660 aliquo
1007 1590 1167 1646 modo
1197 1591 1386 1645 violari
1427 1590 1688 1654 nolentes,
1721 1589 1965 1644 decerni-

387 1694 506 1734 mus
540 1678 698 1748 hujus
733 1679 1034 1748 apostolicm
1071 1681 1409 1735 auctoritatis
1427 1679 1729 1750 privilegio,
1766 1694 1794 1733 a
1827 1694 1966 1749 prae-

385 1769 525 1824 senti
577 1769 859 1824 undecima
912 1770 1204 1824 indictione
1255 1771 1530 1826 sancimus
1584 1771 1652 1825 ob
1707 1771 1963 1824 honorem

387 1861 555 1929 ipsius
584 1860 727 1916 beati
759 1860 976 1917 Genesii
1017 1872 1072 1916 et
1108 1861 1281 1916 sancti
1314 1860 1588 1916 Michaelis
1620 1861 1963 1930 archangeli,

386 1958 441 2003 ct
483 1951 832 2005 stabilitatem
865 1949 1104 2020 ejusdem
1137 1951 1424 2006 venerandi
1461 1951 1593 2015 loci,
1637 1951 1810 2019 ipsum
1849 1949 1961 2018 jam

386 2041 557 2097 fatum
585 2042 892 2097 venerabile
921 2043 1332 2105 monasterium,
1363 2041 1504 2110 quod
1534 2042 1647 2110 ipse
1677 2041 1965 2110 praedictus

386 2133 694 2187 Bernartius
725 2142 908 2188 noster
934 2133 990 2188 in
1013 2132 1232 2188 Christo
1248 2132 1504 2201 spiritalis
1537 2131 1695 2194 ﬁlius,
1730 2145 1826 2200 pro
1850 2145 1964 2185 om-

387 2225 680 2294 nipotentis
716 2225 811 2280 Dei
848 2239 1033 2281 amore
1079 2225 1434 2293 mercedeque
1477 2224 1669 2277 animm
1706 2238 1817 2277 suae
1845 2262 1859 2287 ,
1899 2222 1965 2276 de

387 2329 488 2372 suo
521 2316 760 2384 proprio,
791 2329 996 2384 suoque
1027 2315 1305 2378 comitatu,
1340 2313 1600 2368 moderno
1637 2322 1875 2382 tempore
1912 2312 1964 2365 in

387 2414 548 2459 antea
577 2407 878 2462 construxit
914 2422 1065 2462 more
1091 2406 1353 2461 canonico
1373 2447 1386 2468 .
1428 2417 1480 2460 et
1520 2405 1619 2460 sub
1645 2405 1766 2473 jure
1795 2403 1964 2457 sancti

389 2494 539 2550 Petri
591 2498 913 2562 constituit,
962 2496 1162 2550 nullius
1211 2495 1434 2549 alterius
1470 2493 1712 2548 ecclesize
1745 2491 1852 2559 juri
1881 2490 1962 2545 vel

389 2587 682 2642 ditionibus
730 2587 1022 2652 submisit,
1072 2587 1304 2642 donante
1335 2585 1417 2640 vel
1459 2585 1511 2639 in
1552 2592 1870 2654 perpetuum
1914 2581 1966 2634 in

390 2678 616 2748 praefato
647 2679 974 2733 monasterio
999 2678 1328 2734 concedente
1357 2678 1422 2731 de
1451 2676 1562 2730 suis
1586 2674 1818 2746 propriis
1847 2687 1970 2727 suo-

389 2784 497 2839 que
528 2771 789 2824 comitatu
821 2768 1180 2824 Bisuldinensi
1239 2769 1417 2830 rebus,
1450 2768 1693 2837 inprimis
1722 2765 1970 2819 videlicet

391 2862 679 2917 ecclesiam
721 2862 891 2916 sancti
916 2860 1182 2914 Vincentii
1213 2875 1332 2914 cum
1363 2858 1602 2921 decimis,
1640 2866 1693 2910 et
1721 2854 1969 2924 primitiis

392 2953 474 3008 vel
502 2953 794 3008 cimeteriis
821 2953 953 3016 suis,
979 2967 1095 3021 qua)
1121 2960 1205 3004 cst
1229 2965 1391 3020 prope
1414 2957 1649 3003 castrum
1670 2945 1967 3009 Disuldnni,

393 3053 449 3100 et
475 3043 757 3099 ecclesiam
787 3053 985 3097 sancta:
1026 3041 1228 3104 Mariae,
1275 3050 1330 3093 et
1371 3038 1538 3092 sancti
1586 3036 1808 3090 Joannis
1850 3049 1969 3088 cum

395 3135 643 3189 omnibus
664 3135 872 3197 alodiis,
895 3143 948 3187 et
976 3131 1396 3202 proprietatibus
1424 3131 1534 3185 suis
1561 3144 1680 3198 qua:
1703 3136 1785 3181 cst
1807 3139 1972 3197 prope

397 3227 595 3280 mmnia
621 3225 913 3288 Bisulduni,
944 3235 998 3279 et
1027 3241 1130 3278 una
1160 3239 1280 3278 cum
1311 3224 1424 3291 ipsa
1455 3221 1786 3290 proprietate
1812 3232 1971 3287 quam
2001 3194 2046 3257 ο

398 3317 573 3384 ipsum
601 3317 769 3370 fatum
800 3315 1186 3370 monasterium
1218 3314 1387 3368 sancti
1441 3312 1654 3366 Genesii
1712 3319 1764 3364 et
1806 3308 1975 3363 sancti

398 3405 673 3461 Michaelis
705 3406 903 3460 habere
931 3404 1182 3458 videntur
1214 3404 1265 3457 in
1296 3402 1474 3469 Burgo
1504 3399 1817 3462 Disulduno,
1847 3405 1899 3450 et
1927 3397 1977 3449 in

398 3497 660 3564 Casellas,
696 3506 752 3551 et
784 3497 835 3550 in
864 3497 1185 3557 Berrechar,
1223 3501 1278 3547 et
1307 3491 1361 3546 in
1392 3489 1635 3552 Geﬁano,
1672 3498 1725 3542 et
1757 3488 1809 3542 in
1845 3487 1978 3540 Por-

400 3589 586 3652 clolas,
622 3597 676 3641 et
704 3587 757 3641 in
786 3585 1084 3645 Furvellos,
1116 3583 1200 3636 vel
1237 3583 1288 3636 in
1321 3580 1570 3637 omnibus
1599 3579 1750 3642 locis;
1791 3587 1844 3630 et
1876 3576 1979 3629 Ec-

400 3679 619 3734 clesiam
651 3677 820 3733 sancti
851 3676 1066 3730 Martini
1097 3677 1162 3730 de
1187 3673 1490 3729 Jucuniano
1521 3685 1642 3725 cum
1675 3668 1900 3724 decimis
1930 3675 1984 3721 et

401 3767 656 3839 primitiis
680 3765 763 3821 vel
799 3765 1162 3820 oblationibus
1192 3763 1326 3825 suis,
1366 3768 1420 3814 et
1457 3758 1738 3814 ecclesiam
1772 3756 1984 3810 Sancta:

403 3857 586 3912 Maria:
615 3871 733 3926 qua:
762 3865 845 3910 est
876 3857 928 3909 in
959 3855 1097 3908 faxis
1126 3868 1247 3908 cum
1282 3849 1505 3906 decimis
1539 3857 1591 3902 et
1621 3845 1874 3916 primitiis
1899 3842 1983 3898 vel

402 3947 765 4003 oblationibus
791 3946 923 4009 suis,
954 3956 1009 3999 et
1038 3942 1322 3998 ecclesiam
1353 3937 1526 3994 sancti
1558 3935 1838 3991 Fructuosi
1867 3948 1987 4002 qua:

405 4046 486 4092 est
509 4038 560 4091 in
584 4037 868 4092 Ursiniano
889 4050 1008 4090 cum
1038 4033 1264 4089 decimis
1289 4029 1634 4102 etprimitiis,
1652 4028 1736 4084 vel
1757 4026 1984 4082 oblatio-

407 4130 566 4185 nibus
581 4129 692 4184 suis
712 4146 726 4194 ;
747 4129 874 4183 item
890 4137 946 4183 et
984 4127 1265 4182 ecclesiam
1291 4123 1464 4179 sancti
1483 4122 1745 4194 Sylvestri
1768 4124 1989 4189 quae'est

405 4220 460 4274 in
491 4218 679 4273 Mauro
705 4233 826 4273 cum
863 4216 1086 4272 decimis
1129 4224 1184 4269 et
1224 4213 1479 4285 primitiis
1511 4211 1594 4266 vel
1629 4209 1988 4267 oblationibus

406 4311 520 4365 suis
545 4327 559 4374 ;
594 4309 864 4373 similiter,
887 4316 940 4361 et
963 4307 1136 4376 ipsum
1165 4305 1373 4358 alodem
1406 4303 1470 4357 de
1501 4310 1689 4356 sancto
1717 4297 1989 4368 Raphaele

407 4399 568 4453 sicuti
595 4413 690 4468 per
719 4397 854 4452 ﬁnes
906 4406 961 4451 et
992 4395 1249 4450 terminos
1280 4393 1666 4463 designantur;
1705 4390 1909 4460 pariter
1936 4396 1990 4444 et

408 4493 582 4562 ipsum
615 4489 822 4544 alodem
850 4490 914 4544 de
945 4497 1133 4543 sancto
1161 4484 1449 4556 Raphaele,
1479 4483 1569 4554 qui
1596 4491 1678 4538 est
1701 4482 1751 4535 in
1775 4480 1982 4544 Adano,

2058 592 2195 646 inl'ra
2239 596 2552 649 comitatum
2597 596 3036 653 Bisuldunensem
3078 600 3435 663 constitutas,
3487 601 3627 653 sicut

2057 682 2170 752 ipse
2199 683 2338 739 fatus
2371 685 2672 741 Bernartius
2699 703 2880 743 comes
2907 689 3122 743 donavit
3157 689 3269 758 jam
3301 690 3412 744 fato
3441 706 3627 744 mona-

2057 774 2241 838 sterio,
2286 786 2340 830 et
2382 789 2574 831 cmtera
2603 793 2723 847 qua:
2747 795 3003 836 enarrare
3035 781 3249 850 longum
3279 791 3454 845 esset,
3507 799 3627 852 qua:

2059 864 2254 933 ubique
2304 864 2522 921 donavit
2567 869 2649 924 vel
2704 869 2757 923 in
2811 879 2968 924 antea
3017 869 3216 925 donare
3263 881 3470 940 potest,
3517 873 3630 928 sive

2059 956 2218 1020 casis,
2262 958 2552 1024 casalibus,
2595 961 2856 1025 curtibus,
2893 962 3120 1024 niansis,
3152 962 3418 1028 ecclesiis,
3455 964 3626 1028 cellis,

2061 1046 2236 1102 fundis
2271 1064 2366 1103 seu
2401 1051 2580 1115 terris,
2612 1051 2806 1118 vineis,
2840 1068 2932 1107 seu
2962 1053 3152 1122 pratis,
3199 1062 3253 1108 et
3294 1055 3509 1123 pascuis
3545 1056 3627 1110 vel

2062 1138 2354 1207 pascuariis
2383 1139 2516 1204 suis,
2552 1148 2606 1195 et
2644 1156 2768 1196 cum
2805 1141 3053 1195 omnibus
3093 1143 3158 1195 ad
3192 1140 3280 1209 jus
3310 1143 3479 1196 notati
3513 1159 3628 1198 mo-

2062 1228 2280 1282 nasterii
2309 1230 2717 1297 pertinentibus,
2745 1230 2973 1292 salvum,
3002 1240 3054 1285 et
3085 1232 3135 1285 in
3164 1232 3372 1286 cunctis
3391 1233 3631 1302 quietum

2061 1318 2356 1374 consistere
2407 1335 2557 1375 more
2610 1321 2871 1375 canonico
2926 1323 3024 1376 sub
3077 1329 3277 1376 nostra:
3329 1323 3635 1390 apostolicze

2061 1409 2205 1464 sedis
2237 1410 2484 1474 tuitione,
2517 1411 2591 1464 ita
2620 1411 2824 1466 scilicet
2855 1410 3240 1466 conﬁrmantes
3269 1412 3633 1475 decernimus,

2062 1508 2122 1552 ut
2151 1499 2326 1553 nullus
2354 1500 2734 1569 imperatorum
2755 1540 2769 1564 ,
2811 1499 2895 1554 vel
2928 1515 3141 1570 regum,
3186 1515 3360 1568 neque
3390 1501 3496 1554 ulla
3532 1501 3636 1555 alia

2063 1605 2256 1659 magna
2285 1590 2365 1645 vel
2397 1606 2558 1660 parva
2592 1607 2818 1661 persona
2854 1592 2903 1645 in
2938 1591 3160 1660 prml'ato
3187 1592 3513 1645 monasterio
3546 1606 3638 1645 nc—

2063 1698 2167 1752 que
2213 1698 2312 1752 pro
2359 1684 2578 1753 placito,
2629 1700 2804 1753 neque
2854 1699 2949 1753 pro
3000 1684 3267 1747 districto,
3317 1698 3491 1752 neque
3540 1699 3638 1752 pro

2064 1774 2354 1830 homicidio
2395 1777 2466 1830 ibi
2507 1777 2741 1846 aliquam
2778 1777 3034 1832 ditionem
3067 1777 3266 1831 habere
3303 1786 3637 1845 prmsumat;

1997 1849 2039 1907 Β
2067 1865 2158 1918 sed
2189 1880 2300 1920 rem
2330 1880 2426 1935 per
2450 1865 2711 1934 judicium
2741 1873 3116 1931 causatorum,
3158 1866 3415 1920 canonice
3442 1865 3638 1933 dijudi-

2067 1962 2230 2018 cent,
2277 1963 2332 2009 et
2376 1953 2708 2020 decernant,
2757 1970 2970 2024 semper
3017 1957 3069 2010 in
3122 1956 3333 2010 illorum
3384 1955 3645 2009 consistat

2068 2043 2366 2107 voluntate,
2393 2053 2446 2098 et
2473 2052 2768 2114 potestate;
2803 2043 2963 2098 liceat
2988 2058 3082 2098 eos
3107 2044 3204 2097 sub
3230 2044 3408 2112 quiete
3436 2052 3489 2097 et
3515 2057 3645 2112 pace

2065 2135 2269 2199 vivere,
2291 2143 2346 2190 et
2372 2135 2668 2190 secundum
2689 2134 3002 2189 canonicam
3030 2133 3266 2202 regulam
3293 2133 3390 2187 soli
3417 2134 3643 2187 Domino

2069 2226 2177 2279 Deo
2205 2225 2432 2279 servire.
2467 2222 2624 2279 Omni
2681 2234 2922 2292 tempore
2951 2233 3075 2277 sunt
3106 2224 3370 2278 immunes
3401 2233 3451 2278 et
3482 2223 3644 2278 alieni

2069 2313 2134 2367 ab
2163 2314 2306 2367 omni
2345 2313 2558 2382 publica
2597 2313 2872 2368 [unctione
2901 2313 2984 2367 vel
3017 2313 3156 2382 turpi
3197 2314 3437 2379 servitio,
3477 2314 3550 2368 ita
3587 2324 3646 2367 ut

2069 2404 2246 2459 nullus
2276 2405 2469 2458 audeat
2499 2420 2592 2460 eos
2622 2404 2911 2460 molestare
2941 2413 3035 2458 aut
3063 2404 3384 2474 inquietare,
3417 2406 3516 2459 nisi
3549 2420 3640 2460 so-

2069 2491 2341 2548 lummodo
2371 2493 2525 2548 binos
2554 2494 2752 2548 solidos
2779 2493 2925 2547 omni
2968 2508 3109 2547 anno
3154 2494 3219 2547 ad
3265 2494 3434 2548 altare
3470 2494 3642 2547 sancti

2069 2581 2212 2636 Petri
2239 2596 2335 2650 pro
2356 2581 2615 2650 pensione
2639 2582 2968 2650 persolvant.
3000 2580 3408 2650 Promulgantes
3434 2596 3645 2651 nempe,

2070 2682 2124 2726 et
2149 2672 2249 2727 hoc
2278 2673 2599 2727 auctoritate
2627 2673 2767 2726 beati
2797 2673 2940 2726 Petri
2970 2673 3333 2741 apostolorum
3365 2673 3647 2743 principis,

2071 2776 2255 2815 coram
2287 2763 2396 2816 Deo
2438 2771 2494 2816 et
2534 2762 2760 2817 terribili
2797 2760 2913 2829 ejus
2945 2762 2996 2815 in
3031 2761 3211 2816 futuro
3237 2763 3507 2828 examine,
3555 2777 3651 2833 per

2073 2853 2174 2907 hoc
2202 2854 2367 2908 nostri
2396 2854 2727 2921 apostolatus
2754 2852 3089 2922 privilegium
3117 2862 3277 2922 atque
3301 2854 3650 2908 constitutum

2073 2943 2343 2997 sancimus
2373 2951 2537 3011 atque
2570 2943 2928 3007 decernimus,
2952 2953 3012 2996 ut
3042 2943 3219 2997 nullus
3248 2958 3483 3012 unquam
3513 2957 3648 3012 pra:-

2074 3038 2251 3084 sumat
2300 3030 2568 3099 quispiam
2619 3030 2787 3095 alius,
2841 3030 3208 3100 cujuscunque
3259 3032 3329 3085 sit
3377 3032 3655 3101 dignitatis

2073 3120 2330 3189 praeditus
2355 3127 2642 3188 potestate,
2671 3120 2754 3175 vel
2778 3120 2940 3175 etiam
2966 3135 3297 3190 quaecunque
3324 3136 3516 3191 magna
3530 3137 3653 3190 par-

2079 3228 2250 3283 vaque
2275 3228 2502 3283 persona
2532 3214 2583 3267 in
2615 3213 2802 3268 eodem
2835 3216 3184 3281 monasterio,
3218 3215 3302 3269 vel
3333 3217 3450 3285 ejus
3479 3217 3657 3271 causis

2080 3303 2422 3366 incumbere,
2481 3314 2574 3358 aut
2621 3303 2687 3356 de
2736 3304 2918 3368 rebus,
2969 3313 3024 3359 et
3073 3305 3526 3373 posseSsionibus,
3573 3306 3657 3360 vel

2079 3394 2339 3464 quidquid
2367 3395 2432 3448 de
2463 3394 2530 3449 iis
2573 3409 2693 3463 quae
2719 3394 2800 3449 eis
2824 3395 3098 3464 pertinere
3124 3395 3395 3458 videntur,
3422 3409 3660 3463 quoquo-

2081 3483 2239 3538 modo
2268 3482 2481 3536 auferre
2513 3493 2606 3537 aut
2635 3483 2897 3549 alienare,
2927 3485 3019 3539 sed
3050 3484 3166 3539 loca
3196 3500 3313 3554 quae
3342 3499 3370 3537 a
3398 3484 3655 3553 praedicto

2081 3575 2354 3629 Bernardo
2385 3574 2772 3629 Bisuldunense
2797 3576 2995 3629 comite
3025 3575 3077 3628 in
3107 3575 3296 3630 eodem
3327 3574 3659 3628 monasterio

2082 3677 2338 3719 concessa
2373 3673 2530 3727 sunt,
2580 3662 2664 3717 vel
2715 3677 2971 3719 concessa
3018 3671 3210 3725 erunt,
3267 3677 3478 3718 necnon
3529 3662 3662 3718 alias

2083 3754 2324 3809 locorum
2359 3753 2751 3821 possessiones,
2786 3768 2904 3822 quae
2942 3769 2970 3807 a
3009 3753 3219 3807 caeteris
3248 3752 3569 3808 Christianis
3609 3753 3661 3807 in

2085 3844 2270 3898 eodem
2303 3851 2490 3897 sancto
2522 3843 2640 3897 loco
2675 3843 2729 3896 in
2768 3843 3109 3913 postmodum
3141 3843 3215 3896 illi
3246 3858 3515 3898 concessa:
3544 3842 3661 3898 fue-

2085 3935 2235 3999 rint,
2288 3933 2441 3987 ﬁrma
2495 3933 2789 3988 stabilitate
2842 3933 2895 3987 in
2949 3931 3068 4000 jure
3122 3933 3434 3986 monasterii
3495 3933 3664 4000 ipsius

2086 4023 2386 4086 existenda,
2411 4031 2573 4091 atque
2599 4023 2652 4076 in
2681 4031 2938 4093 perpetuo
2964 4022 3325 4091 permanenda
3358 4022 3663 4076 statuimus.

2086 4117 2197 4172 Nec
2238 4116 2456 4171 licentia
2500 4117 2608 4181 sit,
2656 4124 2717 4170 ut
2764 4116 2966 4170 dictum
2998 4123 3118 4178 est,
3169 4115 3310 4182 quod
3360 4129 3425 4167 cx
3473 4113 3553 4167 eis
3582 4113 3667 4166 vel

2087 4205 2336 4261 omnibus
2376 4204 2552 4259 eidem
2601 4203 2928 4259 monasterio
2975 4203 3372 4272 pertinentibus
3413 4201 3665 4272 cuiquam

2089 4310 2295 4363 magna:
2319 4309 2606 4364 parvaeque
2632 4308 2875 4362 personm
2903 4292 3137 4354 auferre,
3166 4300 3226 4346 ut
3253 4290 3494 4361 profecto
3513 4289 3666 4358 juxta

2092 4385 2169 4451 id,
2199 4384 2342 4454 quod
2373 4385 2643 4451 subjectus
2676 4384 2812 4437 idem
2843 4383 3171 4437 venerabilis
3204 4382 3352 4435 locus
3384 4380 3666 4449 apostolici

2092 4474 2372 4529 constituti
2405 4483 2570 4543 atque
2602 4472 2866 4542 privilegii
2903 4471 3187 4536 consistit,
3231 4472 3551 4525 inconcusse
3578 4470 3670 4524 do-

408 4541 462 4638 ert
492 4583 584 4652 qui
613 4591 697 4636 est
727 4581 778 4636 in
808 4581 1004 4645 Evoro,
1036 4578 1191 4634 sicuti
1224 4541 1318 4647 per
1348 4541 1513 4641 ﬁnes:
1529 4585 1583 4630 et
1612 4573 1871 4652 terminos
1896 4571 1988 4626 de-
2014 4541 2066 4600 Β
2095 4565 2285 4618 landus
2315 4570 2652 4633 ρεηηίιηεθι·
2708 4562 2762 4617 Si
2796 4562 2917 4630 (ιυίε
2947 4571 3166 4652 autem}
3210 4563 3352 4630 (ιυοά
3383 4576 3489 4614 non
3521 4570 3670 4652 θριξ-

408 4650 723 4744 signantur;
756 4671 963 4728 alodem
991 4671 1056 4725 de
1080 4669 1338 4740 praedicto
1364 4673 1552 4722 sancto
1576 4650 1847 4733 Raphaele
1870 4674 1988 4730 qua:

413 4773 499 4819 est
534 4763 588 4817 in
620 4761 908 4826 Carravia,
958 4760 1115 4816 sicuti
1161 4773 1258 4829 per
1301 4758 1434 4812 ﬁnes
1474 4763 1528 4812 et
1557 4754 1818 4810 terminos
1842 4751 1988 4806 desi~

412 4864 638 4928 gnatur;
689 4869 898 4925 necnon
944 4862 999 4906 et
1045 4852 1216 4922 ipsum
1245 4849 1453 4903 alodem
1485 4847 1551 4901 de
1580 4845 1704 4900 villa
1733 4843 1990 4898 Marialdo

413 4964 537 5004 cum
565 4947 758 5002 ﬁnibus
795 4953 849 5000 et
888 4944 1132 4999 terminis
1161 4942 1296 5003 suis,
1328 4939 1485 4994 sicuti
1517 4938 1581 4991 ad
1605 4937 1726 5005 jura
1759 4936 1992 5006 pertinet

411 5038 586 5094 sancti
613 5035 922 5106 Raphaelis,
953 5042 1006 5088 et
1034 5034 1204 5103 ipsam
1233 5029 1516 5085 ecclesiam
1548 5027 1718 5080 sancti
1747 5023 1990 5091 Quintini

412 5142 538 5183 cum
587 5126 733 5181 silvis
756 5167 770 5190 ,
821 5132 875 5179 et
909 5137 1030 5176 cum
1063 5120 1207 5177 omni
1245 5134 1339 5174 sua
1371 5117 1697 5186 pertinentia
1726 5115 1810 5169 vel
1841 5115 1990 5185 adja-

412 5217 632 5283 centia;
689 5225 743 5272 et
789 5213 1075 5271 ecclesiam
1125 5210 1295 5268 sancti
1344 5207 1581 5265 Cornelii
1632 5222 1752 5278 quae
1804 5216 1888 5263 est
1939 5205 1991 5259 in

411 5309 615 5372 Garno,
646 5322 769 5362 cum
798 5304 941 5360 omni
977 5320 1071 5360 sua
1100 5299 1424 5374 pertinentia
1455 5297 1537 5352 vel
1565 5298 1873 5367 adjacentia
1894 5337 1910 5364 ,
1941 5304 1994 5350 et

991 5397 1094 5415 1°,.'
1131 5393 1386 5415 n..__-_.li

1422 5390 1630 5415 ΑΛηὶζΙῖΑ
1698 5405 1854 5415 ΠειΛ...
1896 5390 1959 5415 ὶιῆ

2093 4669 2236 4718 mus,
2267 4652 2474 4706 nefario
2502 4668 2633 4706 ausu
2675 4652 3081 4720 praesumpserit
3125 4651 3239 4704 haec
3277 4665 3397 4719 quae
3436 4665 3466 4702 a
3509 4650 3664 4704 nobis

2094 4746 2161 4801 ad
2201 4744 2415 4799 laudem
2450 4743 2544 4798 Dei
2585 4759 2684 4812 pro
2715 4742 3009 4798 stabilitate
3043 4741 3154 4810 jam
3188 4742 3317 4797 dicti
3349 4741 3661 4796 monasterii

2093 4845 2295 4892 statuta
2327 4843 2452 4889 sunt
2482 4833 2787 4906 rel'ragare,
2822 4844 2916 4887 aut
2947 4836 2998 4888 in
3028 4849 3296 4904 quoquam
3330 4832 3673 4905 transgredi,

2095 4929 2232 4984 sciat
2282 4942 2340 4982 se
2388 4927 2750 4982 anathematis
2787 4924 3005 4980 vinculo
3047 4925 3404 4988 innodatum,
3455 4932 3512 4978 et
3558 4939 3680 4978 cum

2099 5018 2312 5074 diabolo
2343 5028 2396 5073 et
2425 5015 2539 5086 ejus
2567 5016 2927 5074 atrocissimis
2955 5016 3186 5085 pompis,
3219 5024 3380 5084 atque
3406 5013 3543 5068 Juda
3576 5021 3686 5067 tra-

2097 5107 2273 5166 ditore
2314 5106 2612 5162 Salvatoris
2652 5106 2863 5163 Domini
2905 5105 3070 5160 nostri
3105 5102 3233 5158 Jesu
3263 5101 3465 5157 Christi
3498 5102 3686 5157 aeterni

2099 5198 2332 5256 incendii
2361 5195 2620 5266 supplicio
2647 5195 3104 5253 concremandum
3132 5192 3419 5262 deputatus
3446 5208 3460 5244 :
3495 5191 3697 5246 vermis

2098 5292 2190 5363 qui
2231 5308 2336 5349 non
2378 5288 2606 5343 moritur
2631 5287 2849 5360 etignis
2896 5287 2986 5356 qui
3033 5298 3137 5338 non
3181 5281 3546 5350 exstinguitur
3594 5296 3698 5335 un-

2744 5381 2922 5415 .mlnnl
2956 5378 3002 5415 ni
3037 5392 3281 5415 nar-norm
3342 5372 3405 5415 ρξλὶ
3435 5389 3568 5415 ὶ-ρνη
3607 5373 3700 5415 Πιιῖ

2102 5402 2259 5415 III-AM
2330 5399 2426 5415 nnn
2613 5398 2713 5415 ηιιη
