4486 5544
873 405 973 460 927

2183 396 2507 456 GREGORII
2551 401 2584 454 ν
2629 401 2831 459 ΡΑΡιΕ

4036 412 4150 468 928

874 533 980 585 tur,
1031 531 1086 577 et
1133 520 1256 576 vita:
1299 529 1516 577 mternm
1560 520 1834 592 particeps
1887 520 2028 578 eﬁici
2082 529 2358 574 mereatur
2408 518 2461 572 in
2492 518 2876 590 Aepiscopus,
2911 534 3088 590 neque
3129 521 3399 594 princeps,
3438 537 3612 592 neque
3661 525 3924 591 marchio,
3970 541 4153 595 neque

871 612 1066 670 szecula
1095 613 1437 669 smculorum.
1479 614 1676 670 Amen.

942 703 1212 772 Scriptum
1264 719 1361 774 per
1408 719 1599 758 manus
1642 703 1787 758 Petri
1839 702 2034 756 notarii
2085 709 2136 756 et
2187 701 2455 754 scriuiarii

877 800 1079 845 sancta:
1118 790 1377 845 Romana:
1425 791 1699 856 Ecclesiae,
1744 791 1795 845 in
1838 806 2023 846 mense
2059 789 2276 863 Aprilis,
2319 789 2452 842 indi-

871 880 1052 934 ctione
1083 878 1382 934 undecima.
1410 909 1479 918 —
1511 879 1652 935 Bene
1679 879 1870 934 valete.

1585 971 1743 1025 XVII.

859 1076 1118 1117 GREGORII
1161 1077 1305 1116 ΡΔΡιΕ
1346 1078 1377 1114 γ
1417 1077 1760 1117 ιηιινιιεοιωι
1801 1078 1899 1118 PRO
1937 1077 2186 1136 ερειεδιλ
2231 1077 2454 1115 MONTIS-

1537 1148 1772 1186 ευπολις.

1494 1223 1668 1292 (Anno
1695 1223 1840 1293 998.)

903 1310 1077 1383 [Apud
1101 1311 1308 1376 Bnluz.,
1337 1311 1554 1364 Illiscell.
1587 1313 1717 1366 edit.
1748 1312 1899 1374 Luc.,
1920 1320 2050 1366 tom.
2075 1311 2159 1376 Ill,
2188 1327 2306 1382 pag.
2339 1312 2418 1384 6.]

934 1423 1241 1479 Gneconws
1263 1424 1564 1494 episcopus,
1597 1440 1782 1480 servus
1822 1438 2099 1482 servorum
2127 1425 2242 1479 Dci.

943 1509 1211 1568 Convenit
1239 1513 1536 1582 apostolico
1558 1513 1910 1568 moderamini
1935 1513 2019 1582 pia
2060 1512 2316 1581 religione
2346 1514 2459 1583 pol-

865 1605 1104 1660 lClIlibUS
1134 1605 1382 1660 benivola
1405 1605 1781 1675 compassionc
1809 1619 2126 1660 succurrere
2151 1613 2205 1657 et
2233 1620 2457 1673 poscen-

863 1698 998 1751 tium
1029 1697 1226 1752 animis
1254 1697 1420 1752 alacri
1447 1697 1731 1769 devotione
1753 1697 2018 1766 impertiri
2046 1711 2345 1767 assensum.
2381 1697 2456 1752 Ex

862 1787 965 1841 hoc
1024 1787 1168 1840 enim
1214 1786 1350 1841 lucri
1389 1785 1732 1856 potissimum
1776 1771 2055 1854 prazmium
2105 1801 2133 1838 a
2178 1785 2456 1858 conditore

2562 609 2818 679 quaelibet
2838 624 3033 682 magna
3059 625 3332 682 parvaque
3360 627 3587 682 persona
3615 614 3680 669 de
3712 614 3950 684 praefatis
3974 616 4156 670 omni-

2562 700 2663 754 bus
2692 700 2855 754 rebus
2879 714 3000 770 qua:
3026 700 3156 755 inibi
3180 701 3453 771 pertinere
3495 703 3743 756 videntur
3767 703 3998 758 audeant
4032 719 4160 759 mo-

2560 791 2756 846 lestare
2791 791 2871 844 vel
2902 791 3221 861 inquietare,
3249 807 3347 848 nec
3371 808 3478 847 non
3502 794 3600 848 sub
3630 793 3793 848 divini
3810 793 3996 863 judicii
4023 811 4157 865 pro-

2561 881 2886 951 mulgatione
2905 921 2918 946 ,
2947 889 3002 936 et
3031 881 3440 937 conﬁrmatione
3461 924 3475 948 ,
3512 892 3566 938 et
3596 885 3958 951 anathematis
3980 886 4158 947 inter-

2565 969 2792 1025 dictione
2825 971 3238 1026 corroborantes
3267 971 3604 1028 decernimus
3631 982 3689 1027 ut
3718 972 3894 1038 nullus
3935 973 4151 1042 episco-

2560 1073 2659 1126 pus
2709 1073 2802 1112 seu
2864 1058 3085 1128 quilibet
3131 1059 3470 1113 sacerdotum
3513 1061 3566 1117 in
3610 1061 3798 1116 eodem
3850 1060 4148 1114 venerabili

2560 1151 2808 1205 ccenobio
2850 1165 2947 1220 pro
2991 1149 3166 1219 aliqua
3199 1151 3537 1206 ordinatione
3585 1152 3698 1207 sive
3743 1152 4152 1207 consecratione

2559 1241 2995 1313 presbyterorum
3046 1244 3129 1299 vel
3163 1245 3532 1310 diaconorum,
3575 1247 3970 1314 missarumque
4004 1245 4148 1298 cele-

2559 1332 2840 1398 bratione,
2897 1334 3000 1388 nisi
3054 1336 3121 1390 ab
3175 1336 3369 1391 abbate
3425 1336 3664 1407 ejusdem
3719 1335 3820 1390 loci
3889 1335 4148 1395 invitatus

2560 1421 2740 1490 fuerit,
2769 1427 2954 1480 venire
2979 1425 3045 1480 ad
3073 1427 3338 1496 agendum
3368 1434 3689 1496 praesumat;
3725 1425 3815 1480 sed
3849 1425 4002 1480 liceat
4031 1439 4150 1479 mo-

2558 1518 2747 1572 nachis
2778 1519 2942 1588 ipsius
2970 1518 3070 1574 loci
3109 1519 3493 1591 cujuscumque
3538 1520 3806 1575 voluerint
3848 1520 4150 1573 ordinatio-

2559 1605 2642 1660 nis
2681 1607 2907 1675 gradum
2946 1608 3219 1678 suscipere
3243 1610 3565 1678 ubicumque
3592 1608 3877 1662 voluerint.
3907 1606 4147 1662 Abbates

2558 1707 2791 1762 namque
2849 1694 2939 1763 qui
2984 1697 3336 1760 consecrandi
3387 1705 3547 1751 erunt
3584 1697 3650 1752 de
3689 1697 3802 1766 ipsa
3850 1710 4145 1766 congrega-

2559 1782 2703 1837 tione
2729 1799 2850 1838 cum
2882 1785 3106 1847 consilio
3134 1784 3364 1839 fratrum
3393 1786 3750 1841 communiter
3773 1785 4062 1855 eligantur,
4089 1792 4148 1839 et

860 1876 1100 1931 omnium
1131 1879 1240 1932 Deo
1268 1893 1664 1947 promeremur,
1699 1891 1819 1931 cum
1856 1875 2178 1932 venerabilia
2217 1875 2332 1940 loca
2366 1891 2452 1930 or-
2487 1883 2528 1942 Β
2556 1872 2622 1927 ad
2643 1886 2767 1927 eum
2788 1875 3212 1929 consecrandum
3243 1891 3637 1944 quemcumque
3659 1875 3922 1930 voluerint
3942 1876 4146 1945 episco-

859 1966 1040 2020 dinata
1075 1965 1140 2020 ad
1181 1967 1456 2021 meliorem
1489 1965 1695 2019 fuerint
1741 1965 1859 2018 sine
1900 1965 2061 2019 dubio
2102 1973 2302 2017 statum
2333 1980 2452 2034 per—

861 2058 1042 2110 ducta.
1074 2057 1239 2126 Igitur
1261 2058 1330 2112 ob
1363 2058 1465 2112 hoc
1499 2057 1842 2111 universitati
1893 2065 2076 2125 pateat
2117 2057 2450 2111 credentium

858 2149 1111 2217 quoniam
1145 2149 1417 2203 abbatiam
1471 2149 1522 2202 in
1569 2150 1774 2204 honore
1806 2159 2006 2204 sancta:
2035 2149 2128 2203 Dei
2176 2149 2454 2220 genitricis

857 2256 1180 2308 Semperque
1206 2240 1429 2310 v'rgiuis
1475 2239 1656 2293 Mariaa
1699 2240 1929 2294 domina:
1978 2247 2174 2294 nostrae
2199 2249 2254 2293 et
2281 2240 2451 2295 sancti

855 2332 999 2387 Petri
1025 2331 1079 2384 in
1111 2330 1291 2386 Monte
1318 2331 1534 2401 Majoris
1563 2332 1914 2387 constitutam
1941 2347 2038 2402 per
2067 2333 2224 2402 Imjus
2255 2343 2454 2388 nostra:

856 2421 1199 2475 auctoritatis
1248 2420 1590 2491 privilegium
1652 2422 1997 2491 integerrime
2039 2423 2454 2480 corroboramus

854 2522 908 2568 et
948 2514 1336 2568 conﬁrmamus
1365 2512 1418 2570 in
1451 2522 1747 2582 perpetuo,
1782 2528 1903 2567 cum
1935 2514 2185 2568 omnibus
2206 2513 2454 2569 videlicet

858 2607 1124 2670 ecclesiis,
1157 2605 1412 2670 oraculis,
1458 2606 1726 2676 curtibus,
1776 2606 2111 2660 massariciis
2159 2607 2225 2659 ad
2282 2607 2450 2675 ipsam

856 2697 1279 2766 respicientibus
1345 2711 1464 2765 quae
1514 2697 1581 2750 ab
1624 2695 1894 2764 aliquibus
1941 2695 2267 2751 ﬁdelissimis
2305 2696 2454 2751 Chri-

863 2790 1056 2844 stianis
1084 2790 1256 2844 eidem
1299 2797 1486 2844 sancto
1527 2788 1859 2842 monasterio
1903 2802 2162 2844 concessa
2191 2798 2339 2857 sunt,
2369 2790 2449 2843 vel

854 2895 975 2947 quae
1005 2882 1167 2935 etiam
1214 2896 1308 2950 per
1351 2880 1532 2949 aliqua
1564 2879 1866 2934 munimina
1917 2879 1983 2932 ad
2027 2879 2257 2932 eundem
2303 2880 2449 2948 pium

853 2971 1030 3026 locum
1071 2972 1343 3041 pertinere
1389 2971 1659 3035 videntur,
1688 2986 1752 3025 eo
1787 2970 1993 3025 scilicet
2031 2970 2220 3024 ordine
2259 2981 2315 3024 ut
2343 2987 2451 3026 rno-

852 3059 1010 3114 nachi
1038 3059 1207 3128 ipsius
1230 3059 1460 3114 coanobii
1490 3059 1648 3114 simul
1677 3075 1798 3113 cum
1827 3060 2020 3113 abbate
2046 3060 2134 3127 qui
2169 3075 2268 3128 pro
2317 3068 2447 3112 tem-

851 3165 985 3220 pore
1007 3149 1230 3216 fuerint,
1257 3159 1584 3219 praetaxatas
1625 3151 1904 3215 ecclesias,
1953 3149 2202 3213 oracula,
2247 3159 2444 3214 cortes,

2557 1979 2682 2034 pum
2717 1965 3000 2021 advocent.
3029 1966 3086 2021 Si
3125 1967 3246 2036 quis
3271 1976 3451 2022 autem
3479 1968 3770 2026 temerario
3795 1981 3926 2021 ausu
3947 2007 3961 2029 ,
3999 1966 4144 2036 quod

2557 2053 2672 2108 ﬁeri
2705 2069 2808 2108 non
2849 2056 3144 2121 credimus,
3185 2066 3371 2126 contra
3413 2056 3570 2125 hujus
3603 2067 3800 2112 nostrae
3829 2055 4134 2126 apostolica:

2555 2143 2982 2198 conﬁrmationis
3014 2144 3210 2198 seriem
3259 2146 3448 2200 venire
3479 2153 3570 2199 aut
3608 2160 3766 2216 agere
3831 2146 4140 2208 tentaverit,

2555 2231 2797 2312 sc_iat_se
2830 2235 3036 2288 Domini
3075 2236 3244 2294 nostri
3285 2237 3648 2306 apostolorum
3692 2237 3952 2307 principis
3994 2236 4144 2291 Petri

2555 2325 2915 2378 anatttematis
2936 2325 3150 2380 vinculo
3181 2326 3544 2382 innodandum
3571 2345 3585 2393 ;
3612 2335 3665 2383 et
3700 2342 3821 2383 cum
3854 2327 4069 2382 diabolo
4088 2337 4145 2381 et

2554 2411 2668 2478 rjus
2695 2415 2892 2468 atrocis
2918 2415 3148 2488 [sociis],
3165 2419 3372 2486 pompis
3395 2427 3555 2487 atque
3579 2434 3698 2474 cum
3720 2418 3856 2473 Juda
3883 2419 4144 2472 traditore

2555 2500 2766 2556 Domini
2797 2512 2850 2558 et
2877 2504 3176 2562 Salvatoris
3203 2509 3372 2575 nostri
3401 2508 3528 2563 Jesu
3558 2509 3758 2563 Christi
3793 2508 3846 2562 in
3877 2518 4138 2563 aeternum

2555 2591 2728 2660 ignem
2757 2597 3232 2661 concremandum,
3264 2597 3533 2666 simulque
3579 2598 3630 2651 in
3679 2598 3990 2666 voraginem
4031 2606 4144 2652 tan-

2558 2693 2846 2754 tareosque
2887 2686 3050 2741 chaos
3079 2687 3384 2742 demersum
3408 2703 3528 2742 cum
3565 2689 3740 2757 impiis
3763 2688 4136 2743 deﬁciendum.

2553 2773 2653 2840 Qui
2685 2790 2815 2831 vero
2841 2787 3025 2833 custos
3071 2788 3126 2833 et
3155 2780 3472 2838 observator
3501 2781 3661 2850 hujus
3685 2780 3854 2835 nostri
3879 2781 4142 2852 privilegii

2552 2869 2840 2940 exstiterit,
2890 2871 3285 2926 benedictionis
3333 2873 3563 2942 gratiatn
3599 2858 3654 2928 et
3685 2873 3851 2928 vitam
3883 2880 4141 2928 aeternam

2551 2972 2581 3011 a
2606 2958 2832 3016 Domino
2853 2970 3238 3031 consequatur.
3315 2985 3326 2994 -

2622 3048 2891 3119 Scriptum
2941 3065 3038 3120 per
3082 3067 3301 3105 manum
3351 3050 3494 3105 Petri
3537 3051 3734 3106 notarii
3778 3061 3831 3104 et
3875 3051 4140 3107 scriuiarii

2550 3148 2750 3194 sancta:
2780 3142 3033 3196 Romam:
3061 3141 3314 3197 Ecclesiae
3349 3143 3398 3196 in
3430 3157 3616 3198 mense
3658 3143 3882 3212 Aprilis,
3925 3152 3978 3200 et
4007 3142 4142 3198 indi-

850 3243 1218 3307 tnassaricios,
1269 3257 1477 3306 servos,
1527 3242 1776 3308 ancillas,
1816 3242 2055 3296 aldioncs
2097 3251 2150 3295 ct
2185 3241 2447 3305 aldianas,
2479 3226 2522 3285 (ἶ
2555 3230 2621 3284 Cll

1298 3257 1477 3306 ervos,
1527 3242 1776 3308 ancillas,
1816 3242 2055 3296 aldioncs
2097 3251 2150 3295 ct
2185 3241 2447 3305 aldianas,
2479 3226 2522 3285 (ἶ
2555 3230 2735 3285 θιίοηε
2761 3231 3067 3286 υιιάεείῐηειι

850 3336 967 3387 sine
998 3332 1224 3399 alicujus
1256 3333 1476 3401 majoris
1507 3332 1590 3386 vel
1621 3332 1844 3410 minoris
1888 3348 2132 3402 persona:
2180 3333 2450 3387 contradi-

848 3426 1027 3478 ctione
1051 3424 1307 3489 habeant,
1337 3431 1554 3477 teneant
1574 3433 1627 3477 et
1650 3423 1978 3492 possideant,
2005 3432 2166 3492 atque
2192 3423 2244 3476 in
2265 3437 2452 3477 eorum

849 3529 1004 3567 usum
1037 3527 1101 3566 ac
1130 3522 1402 3582 sumptum
1431 3526 1592 3582 prout
1637 3513 1829 3569 melius
1877 3514 2222 3582 prmviderint
2269 3513 2454 3568 distri-

846 3606 1036 3671 buant,
1073 3615 1258 3659 nostra
1297 3606 1594 3675 apostolica
1635 3605 1958 3659 auctoritate
1989 3605 2336 3659 concedente.
2369 3605 2426 3659 In

847 3710 1010 3766 super
1041 3695 1206 3750 etiam
1238 3711 1306 3751 ex
1337 3705 1526 3750 nostro
1559 3697 1698 3750 dono
1725 3702 1913 3751 nostra
1939 3695 2233 3765 apostolica
2263 3706 2451 3751 aucto—

851 3788 1008 3842 ritate
1032 3787 1086 3841 in
1111 3803 1210 3841 usu
1238 3797 1290 3841 et
1319 3787 1516 3840 salario
1543 3785 1755 3856 praifati
1788 3787 2110 3841 venerabilis
2138 3789 2452 3844 monasterii

848 3880 904 3933 in
932 3886 1250 3948 perpetuum
1296 3877 1648 3931 concedimus
1675 3886 1729 3931 et
1757 3879 2162 3945 conﬁrmamus,
2212 3888 2450 3934 castrum

855 3969 1110 4023 videlicet
1126 3969 1178 4022 in
1204 3968 1469 4036 integrum
1495 3969 1636 4036 quod
1657 3976 1880 4022 vocatur
1899 3967 2127 4024 Biduino
2143 3986 2264 4024 cum
2294 3973 2455 4025 terri-

850 4060 990 4114 torio
1021 4059 1216 4114 ibidem
1245 4058 1553 4126 pertinente
1583 4067 1638 4113 et
1673 4075 1794 4113 cum
1826 4061 2078 4114 omnibus
2105 4061 2449 4128 adjacentiis,

844 4148 928 4202 vel
959 4147 1302 4218 pertinentiis
1328 4147 1441 4202 suis
1469 4161 1589 4216 qua:
1622 4147 1820 4204 Ismido
1862 4163 1960 4217 per
2001 4149 2308 4205 donationis
2331 4167 2454 4206 car—

846 4239 1015 4294 tulam
1048 4238 1275 4292 Domino
1312 4238 1420 4293 Deo
1465 4246 1520 4292 et
1564 4247 1752 4293 saneto
1791 4239 1951 4293 Petro
1978 4241 2079 4295 sub
2102 4239 2226 4307 jure
2254 4253 2453 4295 nostra:

845 4339 1049 4386 sanctae
1081 4329 1338 4384 Romana:
1371 4329 1631 4384 Ecclesiae
1676 4331 1914 4396 donavit,
1965 4345 2028 4386 ea
2077 4331 2325 4387 videlicet
2369 4348 2452 4385 ra-

847 4422 992 4475 tione
1030 4429 1087 4474 ut
1115 4429 1235 4490 post
1257 4418 1398 4473 diem
1425 4419 1605 4474 obitus
1641 4419 1722 4473 sui
1751 4428 1806 4475 et
1829 4421 1895 4476 de
1922 4429 2031 4474 tres
2061 4421 2184 4475 liliis
2215 4422 2326 4476 suis
2358 4437 2454 4476 no-

846 4512 1126 4576 rninative,
1172 4510 1510 4565 Bermundus
1551 4509 1778 4576 scilicet,
1825 4510 2106 4576 Faraldus,
2148 4522 2203 4568 et
2255 4513 2450 4585 Lotge-

3258 3325 3440 3379 XVIII.

2556 3427 2723 3468 BULLA
2756 3427 3003 3471 GREGORII
3050 3432 3193 3470 ΡΑΡᾸΞ
3236 3434 3266 3469 ν
3304 3433 3403 3472 PRO
3443 3434 3722 3475 ARNULPHO
3759 3436 3810 3474 IN
3851 3432 4139 3475 EPISCOPUI

3015 3503 3353 3542 AUSONENSEI
3395 3504 3678 3543 ELIGENDO.

3147 3579 3342 3648 (Anno
3381 3579 3547 3651 998.)

2667 3667 2858 3739 [Apud
2901 3668 3070 3723 Mansi
3097 3710 3110 3736 ,
3151 3667 3311 3724 Conc.
3347 3681 3479 3727 tom.
3524 3671 3674 3738 XIX,
3717 3674 3821 3729 col.
3861 3675 4035 3746 227.]

2626 3781 2939 3838 Gnecomus
2977 3784 3296 3853 episcopus,
3339 3799 3528 3840 servus
3567 3801 3845 3841 servorum
3885 3789 3998 3841 Dei.

2626 3871 2815 3926 Divina
2869 3874 3026 3927 nobis
3083 3875 3439 3928 saluberrima
3498 3885 3765 3946 praecepta
3821 3887 3874 3931 et
3925 3886 4143 3930 sancto--

2555 3977 2674 4016 rum
2729 3978 2998 4017 canonum
3050 3964 3296 4019 instituta
3346 3969 3653 4022 veneranda
3704 3983 3804 4022 nos
3849 3969 4143 4021 admonent

2555 4054 3008 4117 considerationis
3061 4056 3299 4120 intuitu,
3358 4057 3465 4112 imo
3517 4068 3573 4111 et
3616 4058 3896 4127 apostolici
3954 4058 4136 4111 mode-

2556 4144 2782 4198 raminis
2832 4145 3022 4198 annisu
3056 4185 3069 4208 ,
3126 4147 3419 4200 utilitatum
3473 4149 3914 4202 commoditatem
3972 4157 4136 4217 atque

2557 4240 2835 4295 ﬁrmitatis
2892 4241 3158 4311 prolicere
3217 4242 3625 4312 integritatem,
3693 4254 3962 4312 quatenus
4017 4257 4139 4313 pro-

2557 4333 2922 4385 curandarum
2975 4332 3266 4385 utilitatum
3316 4333 3590 4398 subsidia,
3638 4343 3698 4386 ut
3746 4332 3928 4385 divino
3973 4331 4136 4386 cultui

2557 4423 2805 4477 dedicata
2875 4423 3150 4484 existunt,
3221 4423 3546 4478 inconcusse
3615 4431 4004 4492 permaneant,
4060 4430 4137 4474 at-

2558 4530 2662 4584 que
2718 4515 2771 4569 in
2823 4515 3072 4568 laudibus
3128 4515 3223 4570 Dei
3274 4515 3580 4570 diutissime
3629 4514 4001 4584 persolvendis
4052 4528 4137 4566 va-

847 4606 960 4658 rius
985 4645 998 4668 ,
1027 4611 1196 4658 totum
1225 4603 1399 4672 ipsum
1430 4610 1669 4657 castrum
1711 4610 1953 4658 nostrum
1986 4604 2036 4657 in
2087 4613 2355 4673 potestate
2385 4606 2450 4659 de
2487 4591 2526 4645 Ι)
2557 4607 2705 4662 leant
2757 4605 3039 4676 prolicere.
3094 4606 3207 4662 Hoc
3255 4606 3442 4676 procul
3490 4606 3652 4661 dubio
3701 4603 3986 4660 commissa
4033 4603 4135 4660 sol-

845 4697 1127 4752 tnonachis
1179 4710 1248 4751 ex
1298 4693 1595 4765 supradicti
1639 4694 1951 4749 monasterii
1995 4695 2351 4761 devenirent,
2397 4709 2453 4751 et

846 4789 1084 4860 quandiu
1127 4787 1366 4843 vixerint
1410 4787 1509 4857 ipsi
1547 4787 1840 4858 supradicti
1888 4797 1999 4842 tres
2039 4787 2158 4843 ﬁliis
2192 4789 2303 4844 suis
2335 4805 2447 4854 me-

856 4885 1056 4939 diatem
1089 4882 1156 4937 de
1182 4880 1496 4952 supradicto
1539 4887 1721 4934 castro
1753 4887 1971 4933 teneant
2011 4887 2066 4932 et
2109 4878 2440 4948 possideant.

847 4979 1058 5034 Mortuo
1091 4992 1220 5032 vero
1264 4990 1376 5031 uno
1421 4974 1728 5045 portionem
1771 4973 1914 5028 illius
1961 4973 2029 5028 ad
2059 4973 2440 5028 monasterium

849 5077 1108 5134 revertat,
1136 5077 1190 5122 et
1217 5067 1290 5121 ita
1320 5065 1773 5137 prosequentibus
1795 5064 2012 5133 quando
2037 5062 2158 5118 aliis
2188 5062 2441 5126 obierint,

846 5163 1100 5219 similiter
1126 5160 1395 5231 portionis
1438 5159 1651 5214 illorum
1694 5157 1747 5212 in
1778 5165 1967 5212 sancto
1999 5154 2330 5210 monasterio
2362 5171 2444 5209 rc-

847 5265 1105 5312 vertatur.
1138 5255 1314 5311 Censu
1343 5268 1473 5309 vero
1497 5269 1594 5324 pro
1617 5251 1740 5322 jure
1762 5250 1935 5306 sancti
1960 5249 2130 5314 Petri,
2161 5249 2304 5305 sicut
2333 5249 2446 5318 ipse

846 5351 1042 5406 Ismido
1082 5349 1385 5412 constituit,
1422 5345 1562 5401 infra
1608 5346 1846 5415 quinque
1898 5356 2070 5396 annos
2130 5350 2240 5395 tres
2280 5339 2446 5395 libras

847 5441 1049 5496 olibani
1081 5440 1332 5496 monachi
1380 5439 1446 5492 ad
1498 5438 1668 5492 altare
1713 5434 1885 5490 sancti
1936 5429 2079 5488 Petri
2111 5431 2439 5501 persolvant.

1905 5525 2086 5544 _._!L_-_
2124 5538 2300 5544 _-_.-_._
2333 5539 2424 5544 ..--

2556 4700 2777 4756 licitudo
2820 4715 2918 4754 nos
2975 4709 3236 4770 provocat
3290 4699 3377 4768 pia
3432 4697 3865 4753 consideratione
3909 4710 4129 4758 sanare,

2558 4801 2615 4845 ut
2670 4806 2735 4845 ex
2791 4791 2893 4845 hoc
2949 4791 3131 4844 divina
3178 4790 3389 4858 placata
3435 4788 3751 4851 clementia,
3799 4788 3851 4842 in
3897 4787 4131 4858 sydereis

2554 4883 2774 4937 arcibus
2845 4881 2997 4936 nobis
3069 4882 3374 4935 ascribatur
3444 4879 3830 4934 remuneratio.
3904 4877 4132 4946 Ideoque

2553 4973 2806 5026 omnibus
2851 4980 3053 5026 sancta:
3097 4971 3190 5026 Dei
3241 4970 3498 5024 Ecclesize
3547 4969 3792 5026 ﬁdelibus
3839 4979 3945 5024 tam
3993 4984 4129 5038 prce-

2555 5063 2806 5118 sentibus
2871 5078 3035 5132 quam
3107 5072 3160 5116 et
3229 5062 3424 5116 futuris
3481 5070 3664 5115 notum
3719 5075 3838 5116 esse
3891 5059 4132 5114 volumus

2551 5153 2787 5223 qualiter
2842 5161 3062 5222 peracta
3121 5151 3224 5206 fuit
3277 5151 3516 5222 synodus
3567 5150 3799 5219 septimo
3848 5149 3970 5204 Idus
4024 5147 4128 5202 Ma-

2553 5247 2633 5300 ias
2677 5246 2728 5299 in
2775 5244 3000 5300 basilica
3047 5244 3190 5300 beati
3238 5243 3386 5297 Petri
3433 5241 3800 5313 apostolorum
3853 5237 4128 5311 principis,

2550 5349 2675 5393 ante
2729 5354 2877 5392 aram
2926 5338 3040 5394 sive
3086 5340 3258 5392 altare
3301 5335 3445 5404 ejus,
3501 5351 3622 5391 cum
3674 5333 3822 5388 omni
3877 5331 4127 5386 Romana:

2555 5431 2812 5487 Ecclesiae
2864 5431 3134 5502 episcopis
3186 5439 3241 5485 et
3294 5426 3709 5483 ultramontanis
3761 5439 3971 5480 necnon
4027 5422 4132 5476 dia-

3421 5531 3612 5544 --_-n_
3668 5529 3868 5544 ...κει-...Α
3919 5525 4104 5544 Α-ιΛρΙΑ
