4486 5544
857 336 950 425 93!
2150 340 2478 398 GREGORII
2523 339 2563 392 V
2601 339 2628 394 ῐ

2342 340 2478 398 onu
2523 339 2563 392 v
2601 337 2802 394 nam
4002 343 4111 413 952

923 443 1161 500 Joannes
1218 446 1481 503 diaconus
1541 458 1742 502 sancta:
1805 449 2061 504 Romana:
2118 449 2421 515 Ecclesiae,
2452 447 2660 517 Adiri;
2704 448 2845 517 quod
2882 461 2976 504 vos
3032 458 3088 504 et
3134 449 3356 522 diligere
3413 459 3465 505 et
3520 451 3740 506 omnino
3788 451 4112 508 conﬁdimus

856 532 949 604 qui
1003 530 1178 588 Homo
1231 549 1416 590 vocor.
2534 537 2773 592 studere.
2803 536 3140 608 Quapropter
3190 538 3522 596 excellentiae
3565 551 3757 596 vestrae
3785 556 3969 598 mense
3995 542 4106 598 No-

924 623 1038 695 Ego
1075 622 1342 680 Notlterus
1380 633 1582 681 sancta:
1617 626 1967 685 Leodicensis
2021 629 2279 686 Ecclesiae
2316 632 2431 700 cpi-
2533 627 2738 681 vembri
2775 629 3052 696 praesentis
3076 629 3201 684 anui
3236 646 3288 685 xt
3312 631 3564 704 (conm)
3592 632 4111 706 indict.(9)Petrum

853 733 1053 788 scopus
1102 719 1417 790 subscripsi.
2533 714 2758 770 fratrem
2794 725 2849 772 et
2883 719 3260 790 coepiscopum
3299 735 3330 775 a
3364 723 3572 793 gremio
3616 733 3816 780 sancta:
3855 724 4110 780 Romanae

923 808 1248 864 Benedictus
1301 809 1600 877 diaconus,
1655 808 1891 866 Joannes
1939 811 2197 868 diaconus
2234 822 2433 869 sancta:
2532 806 3251 877 Ecclesimtransmittimus,
3279 823 3374 881 ut,
3416 813 3675 870 fratribus
3715 814 3954 885 ejusdem
3985 830 4111 886 pro-

855 901 1116 956 Ecclesia:
1150 901 1428 956 Romanae.
2535 898 2723 954 vincia:
2772 900 2827 956 in
2884 917 3052 958 unum
3096 905 3458 976 congregatis,
3507 907 3821 962 immunitas
3867 915 3921 962 et
3969 924 4110 978 pra:-

924 989 1118 1046 Petrus
1172 989 1374 1056 abbas,
1427 990 1518 1060 qui
1573 989 1627 1044 in
1680 991 1918 1061 synodo,
1968 992 2112 1061 quod
2163 993 2266 1048 hoc
2319 993 2431 1064 pri-
2529 989 2766 1058 sumptio
2798 999 2853 1045 et
2880 993 3219 1065 sacrilegium
3249 996 3508 1052 canonica
3562 996 3883 1051 auctoritate
3919 1006 3973 1052 et
4016 1011 4112 1053 ve-

852 1078 1106 1149 vilegium
1164 1088 1380 1144 narrat,
1440 1080 1615 1134 resedi
1663 1088 1720 1134 et
1768 1081 2079 1149 subscripsi.
2529 1089 2645 1135 stra
2674 1081 2817 1151 regia
2860 1083 3121 1154 dignitate
3171 1085 3333 1140 talem
3381 1085 3671 1141 terminum
3701 1087 4005 1156 accipiant,
4035 1101 4109 1143 ne

920 1169 1032 1240 Ego
1099 1168 1226 1224 Otto
1285 1168 1379 1224 Dei
1444 1170 1618 1240 gratia
1686 1170 2056 1227 Romanorum
2123 1173 2420 1244 imperator
2529 1177 2653 1238 post
2681 1170 2797 1226 hac
2827 1172 3070 1227 membra
3111 1172 3345 1240 diaboli,
3391 1172 3485 1227 filii
3517 1188 3782 1244 nequam,
3831 1175 3882 1229 in
3920 1184 4111 1229 sancta

845 1259 1124 1330 Augustus
1176 1260 1497 1329 subscripsi.
2532 1258 2772 1314 Ecclesia
2806 1268 2857 1316 te
2897 1262 3063 1318 etiam
3091 1263 3167 1320 ibi
3198 1273 3459 1334 regnante
3490 1263 3616 1319 talia
3651 1277 3999 1335 praesumant.

917 1351 1077 1407 Anno
1126 1350 1478 1422 pontiﬁcatus
1529 1353 1711 1408 domui
1763 1352 2008 1425 Gregorii
2055 1354 2251 1409 summi
2299 1371 2430 1426 pou-
3263 1373 3383 1430 xx.

844 1439 1010 1495 tiiicis
1057 1450 1111 1495 et
1157 1442 1481 1497 universalis
1527 1444 1702 1512 quinti
1750 1459 1901 1514 papa:
1950 1446 2002 1499 in
2055 1448 2427 1502 sacratissima
2530 1475 2612 1513 pni

2344 1464 2427 1502 ma
2530 1475 2870 1518 Ριιινιιεωωι
2907 1477 3007 1520 pno
3045 1478 3381 1521 IONASTERIO
3419 1477 3668 1520 cnacoun
3728 1476 3876 1519 rara
3909 1480 3939 1518 v
3977 1478 4108 1522 ειυ-

842 1529 970 1584 sedc
1005 1530 1149 1584 bcati
1192 1531 1336 1586 Petri
1374 1533 1602 1600 apostoli
1654 1534 1851 1599 tertio,
1892 1533 2193 1604 imperante
2228 1535 2428 1592 domno
3183 1549 3445 1588 m-xcsusr.

842 1621 1011 1676 tcrtio
1060 1620 1260 1678 Ottone
1308 1638 1340 1677 a
1386 1623 1498 1678 Deo
1543 1633 1807 1678 coronato
1856 1640 2056 1696 magno
2105 1634 2157 1680 et
2202 1625 2429 1696 paciﬁco
3126 1626 3304 1696 (Anno
3370 1624 3519 1694 999.)

840 1711 1171 1780 imperatore
1214 1726 1357 1768 anno
1413 1713 1694 1779 secundo,
1755 1714 1807 1769 in
1857 1728 2047 1770 mense
2104 1714 2320 1781 Madio,
2371 1723 2426 1769 et
2983 1712 3217 1785 [Βυιιαν.
3247 1708 3648 1784 Cluniac.,10.]

838 1797 1138 1856 indictione
1194 1814 1271 1854 ιι.
2450 1807 2498 1866 Β
2594 1804 2903 1860 Οηεςοιιιυε
2929 1806 3226 1875 ,ερὶεοορυε
3272 1821 3460 1860 servus
3485 1819 3764 1860 servorum
3798 1805 3888 1861 Dei
3915 1806 4108 1863 dilecto

905 1887 1144 1945 Joannes
1210 1889 1541 1961 praefectus,
1610 1899 1663 1946 et
1724 1906 1909 1948 comes
1973 1891 2194 1963 palatii,
2260 1902 2423 1964 atque
2526 1891 2636 1947 tilio
2667 1894 2886 1948 ODILONI
2938 1895 3117 1948 abbati
3174 1896 3490 1949 monasterii
3554 1896 3696 1964 quod
3749 1896 3948 1950 dicitur
3984 1895 4108 1951 Clu-

841 1979 1057 2035 dativus
1103 1980 1292 2051 judex.
1562 2051 1624 2054 λη
1667 2053 1672 2054 γ
2525 1983 2762 2049 niacum,
2795 1985 2847 2037 iu
2895 1984 3099 2039 honore
3136 1986 3418 2040 beatorum
3465 1985 3830 2054 apostolorum
3861 1986 4008 2042 Petri
4050 1992 4108 2042 et

1561 2051 1702 2108 XIX.
2527 2072 2673 2127 Pauli
2704 2084 3073 2128 consecratum
3108 2075 3160 2129 in
3191 2075 3446 2129 comitatu
3494 2051 3873 2132 ilatisconensi
3908 2078 4102 2145 situm,

838 2155 1088 2197 cunconu
1163 2157 1310 2197 mm
1370 2159 1402 2194 v
1462 2159 1717 2198 EPISTOLA
1777 2160 1843 2198 AD
1907 2159 2280 2200 cousnu'mu
2345 2146 2421 2217 (8)
2524 2173 2579 2217 ει

2345 2146 2421 2217 (8)
2524 2173 2579 2217 et
2608 2178 2705 2233 per
2733 2172 2782 2217 te
2834 2164 2889 2217 in
2920 2165 3127 2218 cunctis
3161 2164 3565 2219 successoribus
3609 2165 3715 2220 tuis
3740 2164 4025 2223 abbatibus
4050 2167 4101 2222 in

1319 2228 1552 2268 sacram
1593 2229 1919 2269 cumanos.
2608 2228 2626 2233 “

1439 2304 1489 2324 ι.
1511 2318 1610 2324 --μ
1644 2304 1744 2324 mm
1775 2303 1789 2324 κ
2523 2263 2862 2324 perpetuum.

2275 2405 2310 2415 Α,
2523 2303 2930 2398 "omnium
2962 2344 3105 2413 quod
3155 2344 3525 2413 religiosorum
3574 2345 3984 2415 praepositorum
4049 2355 4102 2402 ct

833 2387 901 2443 Ut
928 2391 1194 2463 quivitlas
1222 2391 1429 2446 Juliani
1459 2393 1684 2462 episcOpi
1723 2394 1948 2462 praedati
1979 2395 2219 2463 fuerant,
2263 2405 2310 2449 et
2342 2396 2421 2449 in-

901 2433 2232 2532 τέἓῐὲιὲἑὶἶὶἱῖ,ἐἓὲὶέῖὲαὲὓῖἇ”ῗὲρὲῐὶᾳ“ἷι’ὲ”’ἇυέ”ἱῖ›’ἐὲἑὶἱιὲ
2263 2433 2426 2520 ῗοὲἐξ
2523 2433 3104 2532 ξ³η⁶ι9τ““ἷ,¹⁰⁶⁰τξξξ“
3128 2436 3456 2532 ,δωδίυίδίίὶ
3483 2450 3801 2504 Permanere
3831 2447 4098 2532 ¹¹¹⁰Ξ¹⁵Ῠτ³“

903 2541 1142 2584 ςραηιιιν,
1193 2522 1202 2528 ⁷
1683 2522 1705 2532 ⁷
1782 2522 1793 2532 ”
2525 2530 2610 2576 tur
2640 2524 2756 2577 sine
2784 2522 2965 2594 aliqua
2994 2523 3247 2578 dilatione
3289 2531 3372 2578 est
3420 2523 3531 2579 Deo
3560 2532 3780 2578 auctore
3818 2524 4099 2593 perﬁcien-

899 2618 1034 2672 Cum
1063 2619 1463 2674 devotissimam
1493 2620 1764 2675 dominam
1792 2622 1961 2677 sciam
1994 2624 2060 2677 de
2081 2621 2288 2678 εωιθειῑ
2310 2623 2422 2677 vim
2523 2613 2672 2677 dum,
2701 2621 2754 2666 et
2780 2613 2992 2682 quoties
3025 2614 3077 2667 in
3109 2629 3221 2669 sua:
3265 2613 3514 2669 utilitatis
3537 2616 3836 2670 commodis
3858 2626 4100 2671 nostrum

830 2716 995 2777 alque
1026 2709 1265 2765 remedio
1291 2710 1488 2764 anima:
1526 2725 1637 2765 suae
1679 2711 1867 2766 sedulo
1911 2712 2422 2783 eosimre,culpam
2523 2718 2803 2759 assensum
2857 2715 2911 2761 et
2958 2706 3130 2762 solita:
3181 2706 3490 2776 apostolicze
3543 2708 3885 2763 auctoritatis
3940 2724 4103 2780 expo-

828 2815 915 2854 me
958 2802 1299 2857 committere
1345 2803 1696 2857 vehementer
1745 2803 2029 2869 existimo,
2087 2804 2132 2858 si
2184 2819 2248 2858 ea
2301 2818 2422 2873 qua
2523 2807 2682 2850 scunt
2711 2797 3043 2866 praesidium,
3073 2797 3215 2853 ultro
3245 2799 3596 2870 benignitatis
3627 2801 3822 2854 intuitu
3852 2811 3952 2855 nos
3978 2815 4104 2856 ροη-

826 2907 926 2961 pro
963 2892 1156 2948 timore
1200 2893 1590 2962 omnipotentis
1637 2895 1729 2949 Dei
1773 2903 1900 2949 sunt,
1937 2895 2306 2966 suggerenda,
2348 2895 2422 2951 si-
2522 2888 2671 2942 venit
2715 2890 3022 2956 subvenire,
3072 2899 3127 2945 et
3159 2891 3259 2945 rite
3313 2906 3410 2962 pro
3459 2892 3672 2961 integra
3721 2893 4098 2948 securitateea

825 2980 1011 3046 luero;
1043 2992 1098 3038 et
1135 2991 1185 3037 te
1212 2983 1611 3039 sanctissimam
1642 2983 1708 3038 de
1739 2984 2113 3040 ecclesiastica
2155 3000 2290 3055 pace
2336 3000 2422 3039 se-
2524 2979 2729 3034 ratione
2749 2979 3001 3048 solidare,
3035 2991 3094 3036 ut
3115 2996 3179 3034 cx
3207 2984 3307 3036 hoc
3336 2982 3492 3037 nobis
3522 2998 3734 3053 QUOQUe
3763 2985 4100 3055 potissimum

829 3067 954 3124 dule
987 3085 1092 3126 non
1142 3085 1548 3127 commonuero.
1583 3069 1754 3127 Nimis
1795 3088 1882 3128 me
1922 3071 2118 3128 Juliani
2146 3073 2334 3128 fratris
2365 3081 2420 3128 et
2523 3071 2802 3140 prmmium
2842 3087 2872 3126 a
2925 3073 3206 3129 conditore
3238 3075 3477 3129 omnium
3509 3074 3619 3131 Deo
3656 3077 3709 3130 in
3754 3077 3981 3132 sidereis
4013 3093 4101 3131 ar-

824 3163 1127 3235 coepiscopi
1171 3165 1343 3220 nostri
1401 3164 1759 3235 proclamatio
1794 3180 1967 3235 nuper
2004 3166 2411 3220 constristavit:
2445 3143 2491 3207 C
2521 3160 2676 3215 cibus
2701 3162 3092 3218 conscribatur.
3124 3163 3190 3218 Et
3213 3164 3335 3220 ideo
3374 3165 3499 3236 quia
3527 3165 3840 3236 postulastis
3886 3182 3916 3221 a
3950 3168 4102 3223 nobis

829 3253 1072 3308 maxime
1099 3269 1222 3309 cum
1247 3254 1384 3309 villa:
1414 3270 1548 3320 sum,
1580 3254 1831 3310 videlicet
1854 3254 2117 3322 ecclesiae,
2143 3270 2174 3310 a
2194 3257 2411 3325 nequis-
2519 3262 2579 3307 ut
2613 3252 2894 3323 praefatum
2938 3256 3326 3310 monasterium
3394 3257 3705 3327 apostolicae
3759 3258 4102 3313 auctoritatis

822 3346 978 3401 simis
1007 3347 1353 3417 praedonibus
1398 3347 1509 3402 sint
1558 3346 1878 3416 deprmdatae
1899 3387 1914 3414 ,
1944 3356 2107 3417 atque
2136 3347 2416 3404 nocturnis
2518 3343 2661 3399 serie
2691 3344 3048 3410 muniremus,
3077 3352 3131 3400 et
3157 3345 3341 3400 omnia
3371 3346 3486 3416 ejus
3524 3347 3846 3416 pertinentia
3875 3346 4099 3418 perenni

824 3438 1090 3494 incendiis
1125 3453 1276 3495 more
1302 3439 1482 3494 furum
1508 3439 1838 3506 combusun;
1870 3448 1926 3494 ει
1954 3440 2080 3495 dum
2112 3441 2271 3496 iidem
2296 3455 2414 3495 ma-
2494 3433 2636 3504 .jure
2688 3435 2888 3488 ibidem
2937 3435 3323 3492 inviolabiliter
3351 3437 3718 3507 permanenda
3754 3436 4104 3493 conﬁrmare-

822 3528 955 3600 ligni
997 3527 1151 3596 juxta
1204 3530 1378 3586 nostri
1409 3530 1827 3600 praedecessoris
1861 3529 2124 3586 Bonifacii
2171 3531 2413 3597 decreta,
2519 3541 2658 3590 mus,
2686 3533 2740 3580 et
2786 3525 2991 3596 absque
3031 3527 3178 3582 omni
3200 3525 3331 3597 jugo
3378 3540 3472 3582 seu
3501 3527 3706 3582 ditione
3735 3529 4100 3598 cujuscunque

824 3638 924 3693 pro
954 3623 1294 3679 immunitate
1343 3625 1474 3680 illud
1515 3626 1809 3681 emendare
1852 3625 2161 3691 noluerint;
2207 3626 2333 3680 dum
2359 3633 2416 3681 et
2517 3631 2763 3689 persona:
2791 3618 3144 3673 constabilire
3175 3618 3345 3673 nostri
3383 3617 3647 3689 privilegii
3700 3619 3894 3690 pagina
3922 3634 4101 3675 corro-

823 3715 1005 3770 smeuli
1037 3715 1182 3787 leges
1231 3717 1346 3773 hac
1379 3717 1568 3772 eadem
1601 3717 1676 3771 ita
1730 3717 1932 3772 habere
1974 3717 2264 3781 voluerint,
2299 3716 2415 3789 lege
2516 3706 2876 3763 boraremus:
2916 3715 3200 3778 propterea
3253 3709 3360 3763 tuis
3397 3706 3519 3762 ﬂexi
3563 3709 3817 3778 precibus
3841 3708 3911 3764 0b
3943 3708 4103 3764 inter—

822 3804 1030 3876 vulgari
1083 3815 1217 3860 teste
1246 3807 1297 3861 in
1329 3822 1434 3878 qua
1475 3807 1554 3862 sic
1598 3806 1856 3862 scribitur
1885 3821 1899 3859 :
1932 3825 1952 3857 ‹
1986 3807 2041 3862 Si
2086 3808 2207 3878 quis
2254 3823 2412 3862 manu
2519 3809 2738 3855 ventum
2771 3800 2983 3856 Domini
3032 3800 3373 3856 invictissimi
3426 3809 3482 3856 et
3516 3802 3587 3871 pii
3618 3800 3833 3857 Ottonis
3863 3801 4098 3872 impera-

821 3905 1029 3950 armata
1059 3911 1229 3966 usque
1262 3897 1329 3951 ad
1360 3905 1594 3967 quatuor
1617 3897 1869 3953 homines
1897 3897 1952 3952 in
1984 3898 2162 3952 vicum
2192 3897 2415 3954 alterius
2517 3891 2653 3947 toris
2735 3891 2948 3961 augusti
2985 3931 3000 3957 ,
3061 3889 3289 3961 ejusque
3369 3892 3666 3947 remedium
3730 3892 3925 3947 animae
4007 3905 4100 3960 per

821 3986 891 4042 ad
921 3988 1367 4044 malefaciendum
1420 3989 1656 4053 venerit,
1699 3989 1787 4044 ille
1845 3989 1935 4058 qui
1990 3991 2141 4059 prior
2189 3999 2272 4045 est
2313 4005 2416 4060 pro
2519 3981 2679 4052 hujus
2753 3992 2955 4037 nostrae
3007 3982 3350 4037 auctoritatis
3405 3982 3752 4054 privilegium
3800 3991 4100 4038 statuentes

819 4075 1008 4133 illicita
1070 4078 1489 4149 pnesumptione
1529 4087 1821 4147 componat
1863 4078 2063 4133 solidos
2101 4094 2282 4134 ncccc.
2318 4081 2416 4134 Se-
2518 4077 2882 4144 decernimus,
2923 4085 2983 4132 ut
3013 4087 3209 4133 cuncta
3239 4076 3355 4132 loca
3379 4085 3435 4132 et
3463 4078 3792 4134 monasteria
3818 4078 3885 4133 ad
3912 4092 4100 4149 supra-

817 4181 1022 4237 quaces
1053 4182 1182 4222 vero
1206 4169 1346 4238 ejus,
1378 4167 1753 4238 unusquisque
1780 4167 1982 4224 solidos
2001 4185 2164 4224 Lxxx.
2200 4170 2255 4224 Si
2283 4184 2413 4225 vero
2518 4169 2723 4224 dictum
2766 4169 3120 4225 Cluniacense
3151 4169 3458 4225 cmnobium
3488 4170 3836 4239 pertinentia,
3868 4184 3991 4239 quae
4034 4169 4099 4223 ab

822 4256 898 4312 ibi
948 4257 1258 4312 incendium
1313 4256 1576 4321 fecerint,
1630 4257 1735 4313 sibi
1791 4272 1988 4313 nonam
2044 4266 2411 4327 componant,
2517 4259 2788 4329 aliquibus
2813 4259 3163 4325 Christianis,
3191 4259 3731 4329 regibus,episcopis,
3757 4258 3984 4313 ducibus
4007 4272 4096 4313 seu

819 4348 1057 4418 praedam
1082 4364 1212 4404 vero
1241 4349 1294 4404 in
1328 4348 1693 4420 quadruplum
1729 4350 2038 4406 restituant.
2072 4370 2091 4404 ›
2139 4350 2198 4406 Si
2232 4351 2411 4407 seculi
2517 4348 2849 4419 principibus
2885 4348 3060 4403 eidem
3111 4348 3230 4405 loco
3279 4356 3407 4404 sunt
3451 4363 3728 4414 concessa,
3755 4358 3808 4404 et
3840 4345 3911 4403 ab
3952 4355 4098 4402 ante-

818 4441 964 4512 leges
993 4441 1158 4496 tatem
1190 4440 1458 4510 justitiam
1508 4441 1711 4498 habere
1765 4442 2059 4510 voluerint,
2101 4442 2188 4499 lex
2231 4443 2411 4498 divina
2444 4496 2485 4512 ᾗ
2517 4439 2825 4495 cessoribus
2857 4439 2965 4494 tuis
3007 4440 3294 4496 abbatibus
3321 4439 3608 4510 acquisita,
3641 4438 3891 4494 Bernone
3914 4436 4097 4493 videli-

818 4496 915 4586 cuur
949 4531 1175 4599 inferior
1190 4496 1320 4589 esse
1351 4532 1603 4588 debebit?
1643 4532 1779 4589 Cum
1827 4533 1882 4588 in
1942 4496 2112 4603 ipsius
2164 4532 2410 4589 veritatis
2443 4496 2488 4555 Β
2514 4538 2620 4594 cet,
2660 4527 2868 4595 Odonc,
2913 4529 3210 4601 Aymardo,
3248 4538 3304 4586 ct
3345 4496 3518 4585 beatae
3544 4527 3940 4584 recordationis
3972 4541 4096 4581 san-

816 4623 1106 4692 praascutia
1152 4639 1182 4678 a
1227 4623 1488 4680 Zacclimo
1525 4624 1891 4680 collaudatum
1939 4624 2046 4687 sit,
2096 4624 2142 4680 si
2173 4626 2412 4695 aliquem
2513 4628 2601 4674 clo
2638 4617 2834 4674 Maiolo
2873 4619 3274 4689 praedecessore
3327 4628 3454 4685 tuo,
3507 4616 3592 4672 vel
3644 4630 3980 4687 quaecunque
4031 4613 4096 4669 ad

817 4713 1201 4780 defraudaret,
1236 4724 1295 4769 ut
1328 4714 1380 4769 in
1412 4713 1771 4786 quadruplum
1811 4715 2140 4772 restitueret.
2177 4715 2244 4770 Et
2284 4715 2410 4786 quia
2511 4710 2760 4767 eumdem
2805 4711 2982 4766 locum
3031 4709 3306 4780 pertinere
3354 4708 3643 4772 videntur,
3680 4706 3886 4776 absque
3937 4703 4094 4759 ullius

816 4820 1088 4859 summum
1115 4806 1166 4860 in
1211 4805 1429 4875 regibus
1455 4805 1655 4862 bonum
1693 4813 1780 4862 est
1816 4805 2084 4875 justitiam
2116 4804 2316 4871 colere,
2346 4820 2412 4861 ac
2511 4801 2945 4858 contradictione
2975 4817 3094 4856 cum
3119 4816 3310 4872 magna
3339 4803 3632 4856 securitate
3660 4799 3875 4869 quietus
3902 4797 4094 4852 debeas

816 4912 914 4951 sua
947 4896 1142 4966 cuique
1171 4895 1293 4965 jura
1325 4911 1562 4964 scrvare,
1593 4905 1649 4952 et
1684 4896 1739 4951 in
1785 4895 2062 4966 subjectos
2095 4912 2202 4952 non
2231 4898 2411 4952 sinere
2513 4892 2812 4963 possidere,
2841 4900 2896 4946 et
2930 4907 3027 4962 per
3063 4903 3114 4947 te
3150 4892 3387 4946 universi
3417 4904 3766 4946 successores
3789 4889 3863 4943 tui
3896 4888 3949 4944 in
3977 4902 4094 4958 per-

816 4987 962 5058 quod
989 4987 1275 5058 potestatis
1299 4997 1383 5045 est
1411 4987 1553 5055 ﬁeri,
1585 4987 1679 5044 sed
1711 4989 1854 5059 quod
1881 5004 2094 5060 aequum
2118 4999 2202 5046 est
2229 4997 2413 5045 custos
2513 4991 2752 5053 petuum,
2779 4981 2882 5036 hoc
2903 4989 3005 5046 est,
3033 4981 3207 5053 ipsum
3230 4980 3586 5036 Cluniacense
3607 4977 3915 5036 ccenobium
3945 4993 3976 5032 a
3997 4991 4091 5048 po-

889 5101 967 5177 (8)
1010 5101 1231 5177 Boherli
1258 5101 1400 5177 regis
1421 5101 1757 5177 Francorum
1788 5099 2095 5172 coniusem-
2170 5172 2182 5177 _
2520 5098 2672 5177 siam.
2702 5096 2892 5177 imo.el
2920 5096 3228 5166 aliquandiu
3259 5103 3447 5177 ροειεξε
3488 5094 3719 5177 (φανηειι
3747 5107 3815 5149 ει
3845 5089 4091 5177 cressa"

887 5160 968 5244 (9}
1016 5160 1349 5228 lndictiouisv
1386 5173 1716 5237 certissima,
1759 5160 1923 5241 quam
1953 5160 2203 5242 apposui,
2229 5186 2407 5226 emen-
2523 5168 2606 5222 \‘ll
2633 5160 2876 5236 epistolis
2902 5160 3148 5292 apparet,
3181 5181 3245 5221 ac
3260 5160 3601 5248 nominatim.
3622 5164 3717 5218 lib.
3755 5179 3793 5246 ε,
3816 5160 3984 5235 epist.‘
4009 5160 4090 5214 19·

890 5245 962 5292 tio
1000 5252 1102 5292 est.
1138 5242 1349 5292 Scrinta
1376 5253 1460 5292 est
1484 5244 1626 5292 enim
1667 5243 1893 5292 epistola
1932 5258 2118 5292 mense
2150 5241 2409 5292 Novemb.
2517 5239 2633 5292 Non
2675 5237 2921 5292 desinunt
3003 5237 3245 5292 recorius
3296 5251 3450 5292 cutus
3483 5235 3633 5290 urbis
3685 5248 3972 5292 eDISCODus
4007 5246 4090 5285 es-

814 5234 962 5299 daiio
1000 5252 1102 5298 est.
1138 5242 1349 5313 Scripta
1376 5253 1460 5298 est
1484 5244 1626 5298 enim
1667 5234 1893 5314 epistola
1932 5234 2118 5297 mense
2150 5241 2409 5296 Novemb.
2517 5239 2633 5293 Non
2667 5234 3245 5308 'desiguat'Gregorius
3296 5234 3450 5360 cu'jus
3483 5234 3633 5316 urbis
3685 5234 3972 5316 episc0pus
4007 5246 4090 5285 es-

815 5313 1087 5360 nnn_998_
1116 5329 1222 5360 mm
1241 5328 1384 5360 anno
1408 5313 1780 5360 Constantiam
1831 5312 2104 5360 Rnbertns
2156 5327 2248 5360 rex
2276 5327 2408 5360 ron-
2518 5319 2600 5360 set
2630 5307 2718 5360 ille
2745 5306 3007 5360 Julianus.
3047 5305 3317 5360 Andecavi
3373 5315 3517 5360 orte.
3561 5305 3826 5360 siquidem
3859 5300 4090 5360 epistolae

815 5329 942 5385 nun.
962 5313 1087 5379 998,
1116 5329 1222 5385 quo
1241 5300 1384 5385 anno
1408 5300 2104 5385 Constantiamhuobertus
2156 5327 2248 5385 rex
2276 5327 2408 5367 con-
2517 5319 2602 5385 set
2630 5307 2718 5363 ille
2745 5300 3007 5385 Julianus.
3047 5300 3317 5385 Kndegavi
3353 5300 3517 5385 forte,
3561 5300 3826 5385 siquidem
3859 5300 4093 5385 epistolae
