4486 5544
316 351 421 405 933

1479 328 1841 390 EPISTOLIE
1876 327 1962 384 ET
2003 322 2414 380 PRIVILEGIA.

3461 332 3566 384 954

316 461 621 520 tentissimo
640 458 767 513 olim
800 457 933 514 duce
965 454 1249 511 Guillelmo
1279 455 1330 508 in
1353 468 1491 524 pago
1527 453 1887 531 Matiscopen-
1919 457 1963 518 Α
1995 448 2226 504 traditis.
2275 446 2534 501 (Iellulam
2583 457 2797 514 quoque
2839 445 2992 514 juxta
3053 444 3280 512 positam
3338 445 3390 499 in
3458 447 3572 516 ipso

315 556 363 611 si
386 553 690 616 fundatum,
711 565 835 606 cum
861 549 1111 604 omnibus
1135 548 1293 601 rebus
1316 546 1369 600 in
1397 546 1625 600 circuitu
1654 547 1890 615 ejusdem

317 647 446 710 loci,
487 653 540 699 et
571 645 621 698 in
663 643 786 696 aliis
836 641 1143 709 regionibus
1166 639 1356 709 positis
1385 641 1454 694 ad
1494 641 1668 708 ipsum
1694 639 1889 704 locum,

317 733 746 808 pertinentibus,
812 731 866 785 in
912 730 1171 785 comitatu
1226 728 1474 783 videlicet
1514 726 1893 783 Matisconensi

318 825 506 878 cellam
532 824 583 876 in
608 824 811 877 honore
833 819 1007 875 sancti
1035 818 1248 872 Martini
1274 827 1580 883 sacratam;
1607 817 1891 872 ecclesiam

319 928 533 982 quoque
564 913 716 982 juxta
765 911 995 981 positam
1035 909 1088 963 in
1118 911 1322 964 honore
1358 909 1528 964 sancti
1555 907 1776 964 Joannis
1804 912 1895 964 de-

320 1003 586 1066 dicatam;
621 999 774 1054 villas
803 999 967 1053 etiam
1013 999 1265 1052 Cavinias
1315 1013 1437 1054 cum
1487 997 1737 1063 ecclesia,
1796 997 1895 1052 So-

323 1093 642 1148 lustriacum
696 1092 876 1146 villam
938 1107 1060 1147 cum
1117 1091 1366 1156 ecclesia,
1425 1091 1724 1146 Escutiolas
1772 1107 1893 1146 cum

321 1183 571 1248 ecclesia,
600 1181 956 1238 Galliniaeum
1001 1197 1123 1237 cum
1153 1182 1403 1246 ecclesia,
1446 1183 1724 1237 Ruliacum
1773 1197 1894 1238 cum

323 1274 574 1338 ecclesia,
617 1273 854 1328 Masilias
891 1287 1013 1326 eum
1046 1274 1309 1339 ecclesia,
1345 1274 1768 1341 Clairmannum,
1801 1276 1897 1330 Pe-

325 1364 650 1427 troniacum,
679 1361 1096 1432 Bargeserenam
1124 1363 1326 1428 villam,
1375 1365 1733 1435 Arpayacum,
1766 1366 1897 1419 Dar-

325 1451 634 1516 boniacum,
677 1451 1088 1517 Besorniacum,
1123 1454 1408 1507 ecclesiam
1445 1463 1646 1509 sancta:
1683 1453 1897 1510 Colum-

325 1542 426 1606 baa,
459 1543 762 1604 Vitreriam,
813 1541 1216 1610 Burguliensem
1261 1544 1466 1608 villam,
1501 1554 1736 1598 castrum
1765 1545 1899 1600 Lur-

326 1634 546 1698 donum,
593 1633 917 1688 Blanuscum
968 1635 1144 1688 villam
1189 1636 1406 1691 nomine
1433 1636 1676 1700 Cottam,
1710 1652 1896 1690 mona-

325 1723 548 1777 sterium
603 1724 764 1776 etiam
848 1725 991 1794 quod
1051 1733 1274 1778 vocatur
1340 1723 1511 1780 Carus
1563 1723 1713 1779 locus
1775 1742 1897 1779 cum

1996 541 2253 594 comitatu
2305 538 2480 599 sitam,
2538 537 2590 588 in
2634 537 2838 591 honore
2890 544 3089 589 sancta:
3141 536 3232 589 Dei
3277 534 3571 590 Genitricis

1995 640 2285 692 sacratam,
2344 641 2464 696 qua:
2510 633 2734 680 vocatur
2784 628 2851 680 ad
2911 635 3142 679 montes.
3191 625 3571 681 Monasterium

1994 722 2158 777 etiam
2198 719 2606 774 Celsiniancnsc
2649 732 2769 771 cum
2808 716 2974 778 cellis,
3023 716 3298 780 ecclesiis,
3331 717 3487 782 villis,
3518 729 3575 774 et

1996 813 2154 870 terris
2207 813 2357 873 suis,
2420 811 2741 865 Carniacum
2803 809 3091 874 videlicet,
3135 808 3572 874 Burnunculum,

1994 904 2376 967 Abalniacum,
2411 901 2748 961 Ginniacum,
2785 901 3170 964 Cardonetum,
3220 911 3421 956 etcum
3453 917 3573 958 om-

1997 995 2159 1049 nibus
2209 993 2454 1049 ecclesiis
2483 1002 2537 1047 et
2564 993 2724 1046 terris
2747 993 2811 1045 ad
2836 992 3008 1060 ipsum
3037 992 3438 1048 Celsiniancnsc
3461 1008 3574 1047 ino-

1997 1083 2291 1137 nasterium
2343 1082 2759 1152 pertinentibus.
2825 1081 3027 1136 Cellam
3079 1098 3296 1152 quoque
3350 1084 3403 1137 in
3462 1083 3577 1152 ipso

1997 1175 2256 1230 comitatu
2285 1173 2444 1227 sitam
2493 1171 2580 1225 ubi
2614 1171 2900 1241 requiescit
2928 1181 3148 1227 sanctus
3180 1171 3387 1236 Florus,
3414 1187 3575 1242 quam

2000 1265 2220 1319 tradidit
2273 1263 2586 1333 supradicto
2635 1262 2751 1318 loco
2805 1262 3119 1332 Eustorgius
3172 1263 3400 1317 clericus
3455 1279 3577 1318 cum

1999 1351 2246 1406 omnibus
2290 1353 2354 1403 ad
2402 1366 2520 1404 eam
2556 1351 2968 1419 pertinentibus.
3031 1351 3228 1405 Cellam
3275 1368 3488 1422 quoque
3524 1353 3577 1407 in

2000 1443 2295 1498 Brivatensi
2347 1443 2466 1496 vico
2515 1443 2847 1510 pertinentes
2877 1443 2942 1495 ad
2987 1443 3351 1512 supradictutn
3379 1443 3573 1497 locum.

1999 1533 2202 1588 Cellam
2251 1533 2414 1587 etiam
2458 1532 2721 1586 Riliacum
2776 1548 2897 1586 cum
2936 1543 3090 1587 curte
3121 1542 3175 1589 et
3225 1534 3475 1591 omnibus
3507 1536 3576 1589 ad

2001 1640 2119 1680 eam
2170 1624 2582 1694 pertinentibus.
2614 1623 2884 1691 Capellam
2915 1639 3130 1693 quoque
3154 1623 3311 1693 juxta
3347 1627 3580 1694 positam

2006 1712 2056 1766 in
2102 1713 2311 1766 honore
2365 1721 2536 1767 sancti
2578 1712 2876 1766 Salvatoris
2927 1722 3296 1768 constructam
3343 1714 3395 1767 in
3453 1714 3578 1768 villa

324 1815 576 1869 omnibus
621 1815 689 1868 ad
749 1830 806 1870 se
852 1815 1273 1885 pertinentibus,
1342 1816 1531 1871 cellam
1571 1817 1896 1886 Regniacum
1931 1816 1974 1875 Β
2005 1801 2095 1855 δ³¹

1810 1833 1896 1870 um
1931 1816 1974 1875 Β
2005 1801 2324 1866 Saraciaco;
2374 1816 2564 1856 omnes
2612 1816 2826 1870 quoque
2875 1801 3132 1856 ecclesias
3165 1812 3220 1856 et
3259 1812 3448 1867 terras,
3482 1819 3575 1857 seu

326 1917 446 1955 cum
478 1902 726 1956 omnibus
771 1903 838 1955 ad
863 1916 980 1955 eam
1012 1901 1427 1970 pertinentibus,
1459 1903 1742 1959 ecclesiam
1769 1919 1895 1958 san-

325 1991 398 2043 cti
429 1989 662 2044 Victoris
687 2005 808 2045 cum
831 1991 1082 2045 omnibus
1104 2006 1222 2060 quae
1250 1993 1320 2046 ibi
1351 1993 1591 2062 aspicere
1618 1994 1896 2060 videntur;

325 2080 517 2134 cellam
553 2094 767 2149 quoque
793 2080 843 2133 in
877 2080 1080 2135 honore
1109 2082 1283 2136 sancti
1317 2083 1549 2137 Victoris
1571 2098 1691 2137 cum
1723 2084 1900 2138 omni-

328 2170 431 2224 bus
461 2170 573 2224 suis
604 2170 960 2239 appendiciis,
1005 2171 1265 2227 ecclesias
1296 2173 1457 2226 etiam
1503 2181 1556 2228 et
1586 2184 1756 2229 terras
1785 2190 1902 2244 quae

317 2257 474 2326 juxta
523 2260 666 2313 illam
706 2271 872 2326 sunt,
930 2276 1028 2330 pro
1077 2263 1271 2331 quibus
1327 2264 1571 2317 dedimus
1616 2265 1902 2319 ecclesiam

324 2348 498 2402 sancti
544 2348 797 2417 Jangulii,
850 2351 1211 2418 Eguirandam
1257 2367 1470 2420 quoque
1519 2361 1726 2406 curtem
1779 2367 1901 2406 cum

323 2439 550 2494 ecclesia
599 2440 769 2494 sancti
818 2442 1047 2496 Andrere
1080 2443 1331 2512 apostoli,
1362 2453 1415 2498 et
1441 2459 1561 2498 cum
1589 2444 1707 2498 aliis
1733 2446 1904 2500 eccle-

326 2527 423 2582 siis
472 2538 526 2582 et
570 2529 822 2582 omnibus
871 2531 982 2584 suis
1029 2532 1398 2600 appendiciis,
1452 2547 1639 2588 omnes
1692 2549 1903 2603 quoque

325 2616 586 2670 ecclesias
630 2625 685 2672 et
715 2627 909 2683 terras,
951 2632 1045 2673 seu
1085 2622 1261 2675 omnia
1291 2637 1622 2690 quaecunque
1660 2625 1905 2690 supradi-

327 2717 448 2761 ctus
484 2708 632 2763 locus
672 2709 884 2764 videtur
911 2711 1110 2766 habere
1141 2712 1192 2766 in
1219 2713 1331 2782 jam
1360 2714 1505 2767 dicto
1534 2714 1814 2768 comitatu.
1848 2714 1903 2766 ln

326 2799 585 2852 comitatu
619 2814 746 2854 vero
775 2799 1114 2856 Cabilonensi
1169 2803 1356 2856 cellam
1387 2803 1452 2856 de
1482 2803 1809 2857 Bellomonte
1851 2805 1900 2856 in

330 2891 537 2944 honore
585 2901 786 2946 sancta:
835 2892 926 2945 Dei
961 2892 1242 2961 genitricis
1294 2891 1474 2946 Maria:
1512 2903 1901 2957 constructam,

329 2993 453 3032 eum
507 2979 759 3033 omnibus
806 2995 926 3048 qua:
977 2981 1045 3034 ad
1099 2981 1268 3048 ipsam
1317 2983 1561 3051 aSpicere
1601 2983 1899 3036 videntur:

329 3069 612 3124 ecclesiam
657 3086 868 3139 quoque
895 3073 960 3126 de
987 3072 1314 3143 Campiloco,
1347 3091 1467 3128 cum
1512 3075 1760 3130 omnibus
1785 3091 1904 3145 quae

2002 1905 2334 1960 qutecunque
2361 1891 2573 1944 videtur
2611 1891 2953 1958 supradictus
2985 1891 3274 1948 Cluniacus
3303 1892 3580 1961 possidere

2004 1986 2056 2038 in
2082 1983 2193 2053 jam
2238 1983 2384 2037 dicto
2420 1981 2699 2036 comitatu.
2734 1982 3038 2039 Mansiones
3068 1998 3280 2054 quoque
3331 1999 3451 2039 curn
3494 1999 3583 2039 ca-

2003 2073 2138 2143 pella
2165 2073 2218 2126 in
2245 2071 2522 2126 Aviciensi
2549 2071 2770 2127 civitate
2798 2073 2951 2138 sitas,
2984 2088 3118 2143 quas
3150 2073 3366 2128 tradidit
3392 2089 3581 2143 supra-

2005 2165 2147 2220 dicto
2175 2164 2292 2218 loco
2313 2163 2542 2218 domnus
2565 2161 2872 2218 Grimaldus
2897 2163 3149 2218 clericus.
3185 2164 3238 2218 ln
3270 2165 3585 2234 episcopatu

2005 2257 2168 2311 ctiam
2223 2255 2520 2308 Vivariensi
2577 2253 2766 2307 cellam
2822 2253 3111 2307 Mizoscum
3162 2270 3285 2308 cum
3335 2255 3585 2308 omnibus

2005 2362 2124 2416 qua:
2160 2345 2229 2399 ibi
2272 2345 2575 2413 aspiciunt,
2606 2343 2792 2398 cellam
2825 2344 2889 2397 de
2920 2343 3200 2413 liumpono
3249 2352 3448 2407 monte,
3479 2345 3584 2397 cel-

2008 2439 2110 2490 lam
2154 2436 2218 2489 ad
2270 2434 2466 2500 fontes,
2520 2434 2708 2488 cellam
2761 2435 2955 2490 Riorus
3002 2450 3122 2489 cum
3166 2436 3415 2491 omnibus
3467 2451 3586 2504 quae

2008 2529 2208 2584 habere
2248 2526 2459 2580 videtur
2509 2524 2848 2593 supradictus
2893 2525 3042 2580 locus
3085 2526 3374 2581 Cluniacus
3399 2527 3448 2578 in
3473 2524 3584 2593 jam

2008 2621 2150 2674 dicto
2194 2618 2524 2686 episcopatu.
2572 2617 2628 2670 ln
2680 2617 2988 2686 episcopatu
3036 2616 3275 2673 Uticensi
3315 2629 3588 2673 monaste-

2010 2711 2145 2764 rium
2186 2711 2238 2763 in
2273 2711 2477 2763 honore
2504 2709 2674 2762 sancti
2714 2707 2856 2761 Petri
2880 2717 2934 2761 et
2965 2710 3138 2763 sancti
3175 2709 3450 2764 Saturnini
3496 2711 3589 2765 dc-

2010 2806 2264 2869 ilicatum,
2313 2819 2478 2876 super
2537 2807 2705 2875 ripam
2753 2806 2999 2860 Rhodani
3031 2807 3226 2871 situm,
3258 2822 3380 2861 cum
3409 2815 3590 2860 castro

2008 2896 2348 2952 Colonccllas
2386 2907 2441 2951 et
2468 2907 2623 2952 curte
2651 2897 2880 2962 Tulleta,
2914 2909 2967 2952 et
2997 2913 3118 2953 cum
3145 2898 3396 2954 omnibus
3434 2898 3500 2950 ad
3530 2911 3589 2950 se

2007 2988 2404 3057 pertinentibus
2439 3005 2503 3043 ex
2536 2998 2766 3058 utraque
2805 2998 2957 3057 parte
3003 2989 3256 3043 ﬂuminis.
3284 2989 3340 3043 ln
3365 2989 3590 3043 Trecas-

2007 3077 2126 3132 sino
2166 3079 2475 3147 episcopatu
2525 3079 2714 3132 cellam
2769 3079 2820 3131 in
2876 3080 3078 3132 honore
3132 3079 3302 3132 sancti
3355 3076 3587 3131 Amandi

332 3160 401 3213 ad
427 3175 547 3213 eam
589 3161 864 3228 pertinere
892 3162 1161 3217 videntur.
1197 3163 1416 3219 Curtcm
1448 3165 1610 3219 etiam
1645 3166 1904 3221 vocabulo
1933 3171 1976 3231 C
2008 3176 2392 3222 constructam.
2430 3169 2482 3221 ln
2529 3169 2839 3238 cpisc0palu
2885 3168 3147 3223 Aransico
3175 3170 3364 3223 cellam
3397 3169 3446 3222 in
3484 3167 3589 3222 Po-

325 3249 590 3304 Juliacum
622 3266 685 3304 cu
697 3267 744 3303 m
769 3251 1012 3308 ecclesiis
1035 3262 1089 3308 et
1117 3254 1276 3308 terris
1299 3256 1472 3309 eidem
1499 3256 1616 3310 loco
1637 3259 1906 3326 quondam

328 3340 396 3393 ab
421 3341 673 3411 episcopo
721 3341 968 3397 Manasse
992 3343 1225 3409 collatis,
1263 3356 1317 3398 et
1356 3362 1544 3400 omnes
1570 3346 1825 3400 ecclesias
1853 3354 1908 3400 ct

331 3441 528 3493 terras,
573 3446 906 3502 quaecunque
929 3436 1271 3503 supradictus
1301 3435 1447 3490 locus
1471 3437 1686 3491 videtur
1708 3437 1908 3493 habere

331 3518 383 3571 in
429 3518 538 3585 jam
585 3519 729 3572 dicto
756 3522 1036 3574 comitatu.
1071 3523 1124 3575 In
1148 3524 1458 3593 episcopatu
1491 3539 1616 3579 vero
1641 3525 1908 3594 Angusto-

331 3609 557 3662 dunensi
605 3610 792 3663 cellam
846 3611 1113 3666 Oradellis
1136 3624 1500 3669 constructam
1541 3617 1593 3669 in
1649 3617 1906 3670 honorem

331 3714 534 3759 sancta:
564 3707 653 3760 Dei
679 3707 969 3763 Genitricis
989 3725 1110 3763 cum
1133 3711 1384 3766 omnibus
1413 3712 1525 3766 suis
1557 3712 1905 3781 appendiciis.

329 3796 454 3851 Illas
479 3799 641 3852 etiam
671 3801 930 3856 ecclesias
975 3810 1028 3856 et
1060 3811 1235 3857 terras
1267 3820 1400 3873 quas
1428 3804 1766 3858 Theotardus
1797 3804 1908 3858 cle-

332 3888 481 3942 ricus
507 3904 674 3957 nuper
696 3891 920 3944 contulit
950 3891 1058 3960 jam
1096 3893 1240 3947 dicto
1269 3894 1607 3948 Cluniacensi
1638 3893 1905 3948 coenobio.

330 3975 726 4033 Conﬁrmamus
751 3980 911 4033 etiam
939 3989 992 4034 et
1013 3982 1426 4036 corroboramus
1450 3992 1630 4037 nostra
1653 3983 1908 4050 apostoli-

329 4080 392 4120 ca
421 4068 741 4122 auctoritate
774 4069 939 4134 illam,
979 4085 1137 4139 quam
1167 4071 1295 4126 fecit
1340 4073 1569 4126 domnus
1610 4071 1905 4126 Walterius

331 4158 1155 4232 Augustoduncnsis_episcopus,
1185 4165 1249 4218 de
1272 4165 1598 4219 monasterio
1615 4165 1755 4233 quod
1770 4166 1906 4220 dici-

333 4256 422 4301 tur
448 4247 794 4318 Magabrense
824 4251 890 4306 ad
931 4267 1080 4306 suam
1125 4253 1420 4308 Ecclesiam
1451 4255 1756 4322 pertinente
1782 4270 1904 4310 cum

330 4339 582 4394 omnibus
634 4341 700 4392 ad
750 4341 920 4410 ipsum
978 4344 1387 4411 pertinentibus.
1446 4344 1644 4399 Omnes
1690 4359 1905 4414 quoque

329 4428 588 4484 ecclesias
614 4439 667 4484 et
700 4440 890 4496 terras,
920 4443 974 4487 et
1017 4449 1353 4503 qumcunque
1389 4437 1730 4505 supradictus
1755 4436 1903 4493 locus

2011 3257 2098 3310 dio
2137 3256 2397 3320 Odoleno,
2445 3259 2886 3312 monasteriolum
2931 3259 2980 3311 in
3017 3260 3219 3313 honore
3253 3259 3424 3313 sancti
3449 3257 3588 3312 Pan-

2009 3347 2236 3403 taleonis
2287 3358 2660 3402 constructum
2713 3365 2833 3402 cum
2864 3349 3114 3405 omnibus
3143 3351 3208 3404 ad
3263 3350 3391 3406 illud
3421 3352 3588 3422 perti-

2009 3437 2277 3492 nentihus.
2310 3437 2364 3491 ln
2387 3437 2712 3506 Gapincensi
2743 3439 3055 3508 episcopatu
3076 3439 3267 3495 cellam
3301 3441 3355 3494 in
3382 3442 3588 3496 honore

2008 3528 2178 3582 sancti
2227 3528 2455 3582 Andreae
2498 3537 2889 3596 constructam,
2915 3530 3025 3600 jam
3073 3531 3215 3586 dicto
3246 3531 3590 3587 Cluniacensi

2009 3619 2254 3672 coenobio
2291 3633 2600 3674 concessam
2626 3635 2655 3674 a
2689 3618 2932 3674 Ricaudo
2953 3620 3150 3676 clerico
3181 3636 3302 3675 cum
3339 3621 3591 3676 omnibus

2009 3707 2338 3775 appendiciis
2359 3708 2487 3760 suis.
2531 3707 2939 3777 Ganagobiense
2983 3723 3196 3778 quoque
3223 3709 3582 3764 monasterio-

2011 3796 2116 3849 lum
2141 3805 2194 3850 et
2216 3805 2421 3851 curtem
2441 3796 2815 3863 Valentiolam,
2841 3807 2894 3853 et
2912 3801 3090 3852 omnia
3115 3813 3234 3868 qua:
3260 3801 3472 3855 videtur
3500 3814 3591 3854 su-

2009 3887 2285 3954 pradictus
2344 3887 2493 3942 locus
2535 3888 2824 3943 Cluniacus
2879 3897 3065 3945 tenere
3124 3899 3178 3945 et
3231 3893 3372 3961 quod
3429 3892 3590 3946 habet

2010 3976 2225 4039 habere,
2250 3977 2499 4032 videlicet
2539 3977 2604 4032 de
2627 3977 2822 4046 quibus
2860 3979 3021 4034 rebus
3056 3979 3216 4034 habet
3246 3982 3591 4036 donationem

2009 4066 2692 4136 etdescriptionem,atque
2708 4068 2772 4123 de
2798 4068 2988 4124 villaet
3011 4079 3191 4124 castro
3219 4070 3514 4134 Sarrianls,
3537 4079 3594 4124 ct

2007 4157 2073 4211 de
2127 4160 2380 4213 omnibus
2407 4174 2527 4228 qua:
2556 4160 2717 4214 habet
2756 4161 2807 4214 in
2837 4162 3006 4230 patria
3044 4177 3165 4231 qua:
3209 4172 3432 4218 vocatur
3463 4163 3594 4219 Pro-

2006 4248 2207 4313 vincia,
2247 4249 2298 4303 in
2347 4249 2712 4304 Valentinensi
2742 4251 3054 4322 episc0patu
3086 4253 3189 4308 hoc
3217 4254 3357 4322 quod
3382 4254 3596 4309 videtur

2007 4337 2205 4392 habere
2257 4337 2560 4394 Cluniensis
2615 4339 2764 4397 locus
2802 4342 2857 4396 in
2889 4342 3013 4398 villa
3073 4359 3193 4412 quae
3221 4345 3420 4400 dicitur
3443 4345 3592 4408 Ales,

2005 4439 2060 4484 et
2085 4431 2136 4485 in
2166 4441 2347 4486 monte
2376 4430 2541 4503 Syon,
2571 4441 2626 4488 et
2654 4434 2833 4488 omnia
2855 4451 2973 4504 quae
3002 4436 3218 4490 videtur
3246 4437 3447 4492 habere
3470 4438 3588 4508 ipse

329 4518 622 4576 Cluniacus
672 4523 884 4578 videtur
930 4525 1129 4581 habere
1159 4527 1211 4580 in
1255 4527 1369 4596 jam
1399 4529 1542 4584 dicto
1571 4530 1904 4602 episcopatu.
1935 4515 1985 4575 Ῐ)
2012 4520 2100 4576 Ιοο

1828 4541 1904 4585 ιιι,
1935 4515 2160 4577 Dlocus
2199 4522 2250 4575 in
2300 4522 2416 4592 ipso
2465 4524 2799 4594 episcopatu.
2851 4528 2906 4580 ln
2957 4528 3268 4597 episcopatu
3303 4529 3591 4586 Viennensi

329 4609 388 4664 In
414 4611 670 4666 comitatu
718 4630 931 4684 quoque
973 4617 1300 4673 Arvernensi
1343 4618 1693 4676 Silviniacum
1724 4639 1910 4679 mona-

330 4704 580 4770 sterium,
611 4705 698 4760 ubi
745 4708 1111 4776 praedecessor
1164 4723 1286 4767 tuus
1315 4723 1534 4770 sanctus
1563 4715 1790 4772 Maiolus
1821 4734 1908 4774 re-

330 4794 581 4860 quiescit.
604 4811 725 4850 cum
762 4799 1012 4854 omnibus
1039 4802 1105 4855 ad
1132 4802 1379 4857 eumdem
1427 4803 1602 4858 locum
1635 4807 1910 4875 pertinen-

334 4883 497 4936 tibus.
528 4883 594 4938 Et
618 4885 807 4939 cellam
839 4902 958 4956 qua:
982 4899 1203 4944 vocatur
1230 4891 1486 4947 Firmitas
1509 4910 1631 4948 cum
1657 4897 1910 4952 omnibus

329 4974 397 5026 ad
459 4988 518 5027 se
564 4977 990 5045 pertinentibus;
1035 4981 1224 5036 cellam
1275 4997 1487 5053 quoque
1526 4999 1646 5055 quae
1688 4998 1912 5042 vocatur

330 5060 632 5132 Scuriolas;
666 5065 948 5122 ecclesiam
977 5070 1138 5125 etiam
1164 5071 1218 5125 in
1250 5072 1454 5127 honore
1485 5075 1658 5128 sancti
1696 5073 1912 5146 Sulpitii

328 5152 559 5208 dicatam
604 5157 655 5209 in
694 5157 816 5211 villa
863 5173 980 5228 qure
1031 5162 1232 5216 dicitur
1269 5161 1588 5233 Langiacus.
1623 5166 1687 5219 Et
1717 5168 1908 5222 cellam

326 5258 448 5312 quae
485 5258 707 5302 vocatur
729 5249 797 5303 ad
828 5249 1052 5307 Boscum
1084 5254 1133 5307 in
1166 5254 1368 5308 honore
1406 5257 1579 5310 sancti
1603 5255 1746 5312 Petri
1774 5275 1904 5315 con-

326 5341 602 5390 structam.
652 5336 1037 5398 Monasterium
1084 5357 1297 5413 quoque
1335 5343 1477 5413 quod
1519 5344 1719 5399 dicitur
1757 5346 1909 5402 Rivis

326 5439 696 5485 consecratum
729 5431 782 5485 in
818 5432 1019 5490 honore
1065 5443 1266 5490 sanctae
1308 5435 1398 5491 Dei
1440 5433 1737 5493 Genitricis
1779 5453 1904 5495 cum

328 5526 474 5544 (III-In
517 5519 732 5544 ':_--_-
791 5531 835 5544 Α.
877 5539 895 5544 _
1005 5527 1036 5544 Ἰ
1105 5541 1116 5544 -
1157 5526 1254 5544 -.-'_
1321 5542 1326 5544 _
1359 5525 1535 5544 _.___J'
1579 5529 1610 5539 ⁸⁸
1713 5530 1750 5544 ΙἿ

2011 4613 2398 4668 monasterium
2431 4614 2574 4683 quod
2604 4625 2826 4671 vocatur
2865 4617 3260 4675 Taderniacum
3305 4637 3426 4678 cum
3457 4623 3593 4680 cella

2010 4717 2129 4773 qua?
2167 4703 2363 4760 dicitur
2409 4706 2668 4774 causclla,
2695 4717 2749 4763 et
2794 4709 2919 4764 villa
2949 4725 3070 4781 quae
3098 4722 3320 4768 vocatur
3343 4713 3591 4782 Braeost,

2010 4803 2064 4849 et
2091 4795 2214 4849 vilia
2243 4811 2364 4865 quae
2389 4797 2588 4851 dicitur
2633 4798 2835 4866 Insula,
2863 4816 2986 4856 cum
3026 4803 3277 4859 omnibus
3321 4805 3592 4873 ecclesiis,

2009 4887 2155 4944 villis
2186 4896 2242 4944 et
2280 4888 2440 4943 terris
2468 4902 2586 4958 quae
2615 4891 2831 4947 videtur
2886 4893 3087 4950 habere
3107 4895 3220 4964 jam
3247 4896 3424 4953 dictus
3447 4896 3595 4953 locus

2011 4978 2064 5033 in
2096 4983 2375 5037 nominato
2401 4985 2736 5055 episcOpatu.
2782 4984 2838 5037 In
2867 4987 3178 5057 episcopatu
3212 5003 3427 5059 quoque
3454 4988 3596 5062 Lug-

2012 5070 2263 5142 dunensi,
2297 5074 2485 5130 cellam
2507 5075 2683 5134 beatae
2711 5076 2891 5132 Mariae
2917 5093 3036 5148 qua:
3060 5080 3258 5134 dicitur
3286 5080 3595 5148 Taluzatis;

2011 5165 2199 5222 cellam
2227 5167 2501 5222 Poliacum
2521 5208 2535 5232 ,
2567 5170 2822 5224 cellulam
2865 5170 3218 5234 Artedunum,
3245 5171 3434 5227 cellam
3463 5187 3599 5240 quo-

2011 5273 2114 5328 que
2162 5261 2599 5326 Ambertensem,
2667 5277 2791 5322 cum
2842 5261 3113 5326 ecclesiis,
3170 5262 3310 5316 villis
3348 5271 3401 5317 et
3444 5264 3606 5320 terris

2010 5352 2075 5405 ad
2114 5352 2285 5424 ipsam
2310 5352 2745 5423 pertinentibus;
2775 5354 2965 5408 cellam
2995 5368 3210 5426 quoque
3236 5351 3604 5418 Saviniacum,

2008 5451 2062 5496 et
2095 5456 2307 5502 curtem
2361 5443 2785 5513 Ambariacum,
2843 5455 2898 5499 et
2953 5444 3238 5501 ecclesiam
3286 5441 3462 5498 sancti
3495 5441 3610 5496 An-
