4486 5544
896 410 999 467 935

2197 417 2523 474 GREGORII
2570 416 2607 469 ν
2646 416 2844 474 PAPZE

4053 417 4160 472 936

890 534 944 580 et
976 536 1169 588 terras,
1193 537 1327 592 quas
1374 520 1697 577 Wichardus
1733 523 1969 578 moriens
1991 524 2166 580 eidem
2208 527 2325 582 loco
2356 527 2480 582 Clu-
2514 535 2552 588 Α
2583 526 2839 580 Romanae
2864 524 3117 582 Ecclesizc
3165 525 3255 581 Dei
3306 525 3475 596 gratia
3533 525 3819 595 episcopus
3866 534 3919 580 et
3968 540 4163 580 servus

892 614 1065 669 niensi
1102 612 1354 679 contulit,
1409 627 1531 668 cum
1568 612 1822 667 omnibus
1870 629 1989 683 qua:
2019 616 2234 671 videtur
2274 618 2473 671 habere

892 703 1238 773 supradictus
1276 702 1428 758 locus
1474 702 1527 756 in
1580 718 1740 772 supra
1786 702 1899 771 jam
1939 704 2086 760 dicto
2138 707 2469 776 cpisc0patu.

887 794 1276 849 Monasterium
1307 808 1519 864 quoque
1551 792 1928 849 Paterniacum
1980 797 2048 852 ab
2083 797 2341 853 Adelaide
2369 800 2470 853 im-

884 886 1159 955 peratrice
1190 885 1429 955 Augusta
1471 893 1864 949 constructum,
1899 893 1953 941 et
2000 901 2032 940 a
2063 886 2309 943 Conrado
2348 903 2472 959 rege

881 986 937 1033 ct
989 976 1102 1033 ﬁlio
1148 992 1245 1033 suo
1276 975 1560 1047 llodulpho
1598 990 1742 1047 rege,
1788 974 2063 1031 Cluniensi
2096 976 2347 1032 ctenobio
2377 990 2472 1046 per

880 1076 1151 1139 praecepta
1178 1067 1377 1139 regalia
1420 1067 1697 1132 traditum,
1728 1082 1851 1121 cum
1882 1068 2135 1122 omnibus
2171 1083 2291 1137 qua:
2319 1068 2470 1122 vide-

881 1170 970 1213 tur
999 1159 1199 1213 habere
1240 1158 1295 1213 in
1342 1157 1671 1229 Burgundia,
1700 1163 1756 1212 et
1785 1172 1907 1212 eum
1932 1156 2184 1212 omnibus
2206 1172 2326 1227 qua:
2366 1157 2468 1227 ipsi

879 1250 1212 1304 monasterio
1248 1249 1301 1302 in
1326 1247 1545 1303 Alsacia
1568 1246 1831 1303 dederunt
1857 1247 2215 1318 imperatores
2240 1247 2467 1319 Augusti

879 1337 1131 1395 Ottones.
1176 1338 1560 1393 Mouasterium
1600 1352 1814 1408 quoque
1858 1338 2000 1406 quod
2046 1337 2245 1392 dicitur
2270 1336 2469 1392 Roma-

879 1442 1007 1482 num
1034 1442 1156 1483 cum
1170 1428 1420 1483 omnibus
1442 1426 1508 1481 ad
1529 1441 1595 1487 ,se
1622 1426 2013 1496 pertinentibus
2034 1421 2146 1494 jam
2176 1426 2319 1481 dicto
2346 1426 2467 1481 Clu-

878 1518 1055 1573 niensi
1084 1518 1351 1585 coenobio,
1375 1524 1429 1573 et
1458 1517 1552 1571 tibi
1580 1516 1792 1587 tuisque
1823 1517 2230 1572 successoribus
2264 1517 2466 1573 habere

878 1610 1226 1666 concedimus
1248 1610 1300 1664 iu
1345 1618 1685 1680 perpetuum.
1719 1607 1845 1663 Haec
1867 1611 2049 1663 omnia
2078 1624 2238 1679 supra
2264 1609 2466 1679 scripta

876 1696 1019 1765 loca,
1047 1708 1104 1755 et
1144 1698 1469 1753 monasteria
1511 1712 1633 1753 cum
1681 1695 1851 1760 cellis,
1895 1696 2160 1762 ecclesiis,
2196 1697 2461 1762 curtibus,

876 1787 1042 1852 villis,
1071 1789 1243 1842 servis
1266 1798 1321 1842 et
1344 1786 1576 1850 ancillis,
1599 1785 1771 1850 silvis,
1798 1786 1988 1851 vineis,
2013 1787 2238 1856 campis,
2268 1788 2463 1856 pratis,

2578 628 2858 671 servorum
2889 615 3004 670 Dei.

2646 705 2980 761 Desiderium
3009 706 3150 775 quod
3181 703 3248 759 ad
3278 703 3582 774 religiosum
3606 704 3933 773 propositum
3956 712 4010 757 et
4031 718 4158 758 san-

2575 802 2785 850 ctorum
2826 794 3066 850 locorum
3108 793 3455 850 stabilitatem
3502 793 3774 863 pertinere
3806 802 4157 858 monstratur,

2573 884 2692 940 sine
2744 885 2921 953 aliqua
2942 894 3025 940 est
3052 884 3161 940 Deo
3209 893 3430 939 auctore
3461 884 3715 939 dilatione
3746 884 4159 953 perﬁciendum,

2570 984 2625 1031 et
2653 979 2864 1047 quoties
2891 978 2945 1033 in
2975 978 3295 1048 quibusdam
3319 987 3520 1034 sanctae
3541 978 3794 1034 Ecclesia:
3826 979 4157 1034 utilitatibus

2571 1067 2657 1124 vel
2680 1070 2977 1126 commodis
3006 1081 3190 1126 noster
3213 1086 3486 1135 assensus,
3516 1080 3571 1127 et
3594 1071 3812 1127 solitum
3844 1072 4159 1141 apostolica:

2572 1160 2919 1216 auctoritatis
2948 1161 3259 1230 cxposeitur
3284 1161 3615 1229 praesidium,
3644 1161 3784 1216 ultro
3809 1162 4157 1231 benignitatis

2570 1250 2772 1305 intuitu
2813 1266 2910 1306 nos
2958 1253 3211 1306 convenit
3252 1253 3560 1315 subvenire,
3609 1261 3665 1306 et
3700 1265 3871 1306 ratum
3911 1255 4159 1323 proposi-

2569 1348 2681 1394 tum
2712 1356 2811 1410 pro
2832 1340 3039 1411 integra
3065 1342 3358 1397 securitate
3385 1357 3447 1397 ex
3482 1341 3689 1396 ratione
3716 1342 3967 1406 solidarc,
3992 1353 4051 1396 ut
4081 1358 4148 1396 ex

2569 1433 2673 1488 hoc
2694 1445 3007 1489 sanctorum
3036 1435 3311 1489 veneratio
3332 1434 3599 1499 locorum,
3622 1433 3768 1489 salus
3796 1443 3850 1487 et.
3889 1435 4153 1489 indemni-

2569 1532 2647 1578 tas
2676 1522 3010 1593 proﬁigetur,
3030 1532 3082 1578 et
3104 1522 3256 1578 nobis
3272 1538 3485 1593 quoque
3502 1523 3633 1577 lucri
3664 1523 3997 1592 potissimum
4017 1538 4156 1592 pra:-

2566 1613 2733 1667 mium
2774 1628 2805 1667 a
2852 1612 3142 1668 Conditore
3187 1614 3428 1669 omnium
3479 1613 3878 1682 prtescribatur.
3932 1612 4156 1667 \‘olente

2567 1703 2733 1772 igitur
2758 1710 2921 1770 atque
2960 1711 3185 1772 rogante
3231 1702 3388 1755 tertio
3427 1699 3621 1756 Ottone
3672 1702 4000 1771 imperatore
4046 1702 4156 1755 Au-

2568 1804 2723 1866 gusto
2749 1802 2803 1849 et
2850 1794 3137 1864 Lamperto
3166 1802 3365 1849 sancta:
3413 1793 3845 1849 Constantiensis
3899 1793 4156 1847 Ecclesiae

877 1878 1051 1948 aquis,
1106 1889 1477 1948 aquarumque
1520 1874 1861 1940 decursibus,
1913 1884 1971 1929 et
2016 1864 2465 1930 omnibusterris
2497 1873 2542 1932 Β
2569 1864 2648 1956 ὲρί

2381 1876 2465 1930 τῖε
2497 1873 2542 1932 Β
2569 1864 2837 1956 episcopo,
2855 1887 3123 1955 quoddam
3155 1885 3541 1940 monasterium
3567 1884 3619 1938 in
3645 1885 3757 1954 ripa
3786 1884 3979 1948 Rheni,
3995 1884 4152 1951 juxta

875 1972 1035 2026 cultis
1089 1980 1145 2023 et
1189 1969 1408 2024 incultis
1461 1968 1529 2023 ad
1577 1967 1920 2036 supradictas
1975 1967 2356 2036 possessiones
2385 1969 2469 2023 vel

875 2070 1177 2133 potestates
1207 2058 1604 2130 pertinentibus
1644 2057 1747 2127 ipsi
1788 2056 2065 2112 Cluniensi
2100 2058 2239 2123 loco,
2268 2058 2470 2127 tibique

874 2160 932 2205 et
982 2152 1090 2205 tuis
1146 2149 1554 2204 successoribus
1618 2162 1716 2218 per
1774 2145 1934 2215 hujus
1980 2148 2150 2202 nostri
2203 2147 2470 2218 privilegii

874 2241 1251 2295 auctoritatem
1286 2240 1517 2293 tenenda
1566 2247 1621 2292 et
1667 2237 1990 2306 possidenda
2041 2238 2388 2291 concedimus
2415 2238 2468 2291 in

871 2341 1213 2402 perpetuum,
1271 2329 1344 2384 ita
1368 2337 1428 2383 ut
1456 2327 1636 2383 nullus
1663 2328 1793 2394 dux,
1826 2341 2000 2398 neque
2034 2327 2340 2397 episcopus,
2373 2342 2468 2381 nc-

871 2438 977 2495 que
1001 2422 1196 2493 aliquis
1252 2422 1526 2492 princeps,
1568 2435 1744 2489 neque
1773 2418 2024 2489 quaelibet
2052 2434 2243 2489 magna
2278 2434 2469 2489 parva-

870 2530 977 2585 que
1004 2527 1236 2584 persona
1284 2512 1350 2567 de
1376 2510 1618 2581 praefatis
1647 2509 1900 2565 omnibus
1944 2509 2107 2563 rebus
2135 2517 2189 2562 et
2220 2509 2463 2573 decimis,

869 2620 992 2676 quae
1025 2604 1157 2658 inibi
1186 2602 1459 2672 pertinere
1514 2600 1790 2666 videntur,
1828 2597 2024 2653 audeat
2066 2597 2350 2652 molestare
2383 2596 2467 2652 vel

872 2694 1198 2764 inquietare.
1228 2690 1336 2746 Nec
1362 2707 1467 2746 non
1497 2690 1598 2746 sub
1623 2689 1790 2745 divini
1817 2688 2006 2760 judicii
2034 2688 2467 2759 promulgatioue

870 2797 925 2840 et
971 2784 1399 2848 conﬁrmatione,
1436 2781 1801 2837 anathematis
1859 2779 2243 2834 interdictione
2281 2793 2464 2832 corro-

875 2877 1133 2931 borantes
1163 2876 1525 2940 decernimus,
1574 2882 1636 2927 ut
1669 2872 1848 2927 nullus
1881 2870 2188 2942 episcopus,
2216 2884 2310 2924 seu
2345 2871 2466 2939 qui-

872 2966 1007 3020 libet
1077 2964 1416 3021 sacerdotum
1483 2962 1538 3017 in
1600 2962 1791 3018 eodem
1850 2960 2144 3017 venerabili
2207 2959 2456 3015 emnobio

869 3073 968 3128 pro
1016 3057 1195 3129 aliqua
1222 3056 1567 3113 ordinatione
1612 3069 1704 3110 seu
1736 3053 2148 3109 consecratione
2185 3052 2461 3119 ccclesite,

870 3150 1310 3221 presbyterorum
1356 3148 1440 3204 vel
1488 3148 1838 3203 diaconorum
1871 3147 2274 3215 missarumque
2312 3144 2457 3200 cele-

2568 1976 2939 2032 Coustautiam
2984 1977 3038 2030 in
3086 1976 3213 2031 villa
3277 1990 3395 2044 qua:
3448 1984 3669 2030 vocatur
3728 1974 4055 2037 Petrishusa,
4086 1974 4156 2029 de

2568 2065 2887 2121 Gehehardo
2932 2065 3103 2120 beatae
3146 2065 3421 2121 memoria:
3467 2065 3739 2135 episeopo,
3793 2066 3844 2118 in
3892 2066 4154 2120 honorem

2570 2156 2629 2212 S.
2656 2156 2901 2227 Gregorii
2930 2165 3320 2221 constructum,
3350 2156 3644 2226 apostolica
3690 2155 3998 2212 defensioue
4028 2173 4151 2212 mu-

2568 2249 2767 2314 nimus,
2816 2260 2868 2303 et
2918 2249 3201 2319 prtcceptis
3242 2248 3499 2303 Romanae
3547 2247 3799 2302 Ecclesia:
3852 2262 3917 2302 eo
3967 2258 4154 2303 tenore

2566 2337 2908 2402 decoramus,
2937 2345 3207 2407 quatenus
3256 2338 3324 2391 ad
3372 2337 3546 2407 ipsum
3609 2336 4021 2403 monasterium,
4067 2337 4153 2393 cui

2567 2444 2713 2485 nunc
2738 2430 2904 2483 abbas
2932 2428 3256 2483 Pericherus
3282 2434 3503 2497 praeest,
3532 2441 3656 2481 cum
3695 2426 3948 2481 omnibus
3986 2427 4054 2480 ad
4095 2441 4153 2480 5;:

2566 2519 2992 2590 pertinentibus,
3042 2518 3272 2573 diversis
3322 2518 3559 2589 prtediis,
3610 2517 3771 2573 cultis
3809 2530 3866 2573 et
3912 2518 4149 2580 incultis,

2569 2610 2781 2666 colonis
2804 2617 2857 2663 et
2882 2607 3119 2673 familiis,
3147 2607 3233 2661 vel
3257 2623 3595 2678 quacunque
3626 2608 3767 2662 idem
3799 2607 4151 2663 Geliehardus

2568 2701 2854 2770 episeOpus
2892 2698 3238 2754 haereditario
3274 2697 3398 2768 jure
3438 2698 3522 2753 vel
3570 2698 3748 2768 aliqua
3796 2700 4150 2768 acquisitiouc

2566 2794 2633 2850 ad
2676 2793 2817 2848 idem
2874 2791 3263 2847 monasterium
3316 2792 3662 2856 contradidit,
3692 2798 4149 2860 autquazcunque

2569 2884 2637 2940 de
2679 2882 2955 2955 episcopio
2999 2882 3374 2948 commutavit,
3425 2891 3519 2937 aut
3567 2882 3685 2937 sine
3731 2882 4152 2937 commutatione

2566 2973 2857 3045 permisit,
2923 2987 3133 3027 necnon
3186 2972 3446 3043 quidquid
3500 2972 3787 3043 praedictus
3834 2970 4151 3042 Lampertus

2566 3063 2850 3135 episcopus
2878 3063 2945 3118 ad
2974 3063 3146 3134 ipsum
3176 3062 3565 3117 monasterium
3599 3063 3650 3116 in
3676 3077 3997 3132 quocunque
4046 3079 4142 3117 ne-

2567 3153 2713 3224 gotio
2739 3153 3027 3219 concessit,
3059 3168 3181 3207 cum
3212 3153 3420 3224 Siggeri
3448 3152 3683 3223 prmdiis,
3713 3152 4063 3207 Tusccuanch
4094 3163 4147 3207 et

869 3217 1137 3307 liratioue,
1171 3240 1271 3295 nisi
1304 3240 1373 3294 ab
1399 3238 1594 3294 abbate
1627 3237 1868 3308 ejusdem
1917 3238 2019 3293 loci
2052 3238 2309 3292 invitatus
2333 3234 2454 3291 fue-
2484 3217 2528 3277 Ο
2559 3217 2791 3314 Wengiu
2823 3217 3046 3309 vocatis,
3081 3244 3135 3298 in
3175 3217 3572 3315 pago'Tur-geu,
3596 3217 3695 3298 sub
3733 3245 3993 3299 comitatu
4039 3244 4139 3298 Pc-

870 3332 961 3398 rit,
986 3331 1173 3386 venire
1197 3330 1263 3384 ad
1306 3329 1570 3399 agendum
1602 3336 1927 3398 praesumat;
1966 3328 2058 3382 sed
2087 3328 2244 3383 liceat
2269 3343 2458 3382 mona-

866 3420 985 3476 chis
1034 3419 1205 3489 ipsius
1238 3418 1340 3473 loci
1366 3418 1733 3487 cujuscunque
1784 3417 2058 3471 voluerint
2098 3417 2306 3470 ordinis
2332 3431 2458 3486 gra-

866 3514 992 3568 dum
1016 3512 1312 3582 suscipere,
1350 3510 1656 3581 ubicunque
1688 3510 1780 3565 tibi
1815 3511 2027 3580 tuisque
2053 3512 2459 3568 successoribus

866 3605 1145 3675 placuerit.
1181 3604 1418 3659 Ahhales
1462 3618 1694 3672 namque
1737 3602 1826 3673 qui
1868 3604 2222 3658 consecrandi
2266 3611 2453 3668 erunt,

865 3696 932 3750 de
967 3695 1081 3764 ipsa
1128 3694 1547 3765 congregatione
1594 3708 1715 3746 cum
1767 3692 1993 3747 consilio
2042 3693 2270 3749 fratrum
2311 3709 2459 3749 cont-

863 3784 1101 3839 muniter
1141 3784 1428 3853 eligantur,
1461 3792 1517 3837 ct
1565 3783 1634 3837 ad
1679 3797 1773 3837 eos
1819 3784 2242 3838 consecrandum
2270 3797 2458 3853 quem-

865 3889 1079 3945 cunque
1125 3873 1397 3929 voluerint
1425 3873 1737 3944 episcopum
1768 3873 2053 3929 advocent.
2092 3873 2459 3944 Quaseunque

863 3980 994 4021 vero
1044 3974 1221 4021 terras
1272 3980 1414 4020 nunc
1457 3975 1630 4030 tenes,
1671 3974 1726 4020 et
1772 3981 1911 4037 quas
1944 3976 1997 4021 tu
2028 3967 2215 4038 tuique
2239 3982 2459 4022 succes-

866 4072 1021 4113 sores
1057 4056 1343 4125 acquirere
1382 4057 1689 4126 potueritis,
1721 4056 1774 4110 in
1808 4066 2128 4129 perpetuum
2178 4059 2459 4129 possiden-

863 4148 960 4203 das
976 4148 1321 4204 concedimus
1350 4148 1522 4202 vobis.
1557 4146 1613 4202 Si
1650 4148 1769 4218 quis
1816 4158 1997 4205 autem
2036 4152 2328 4205 temerario
2363 4166 2457 4204 au-

863 4256 926 4295 su
960 4239 1125 4308 (quod
1158 4238 1276 4293 ﬁeri
1333 4254 1438 4293 non
1486 4239 1780 4311 credimus)
1829 4252 2018 4297 contra
2045 4241 2206 4312 hujus
2260 4251 2459 4298 nostrae

863 4332 1178 4404 apostolica:
1233 4332 1665 4387 conﬁrmationis
1714 4333 1911 4388 seriem
1939 4334 2127 4390 venire
2170 4342 2264 4389 aut
2297 4350 2457 4405 agere

865 4425 1177 4490 tentaverit,
1211 4423 1351 4479 sciat
1376 4438 1436 4479 se
1473 4424 1681 4479 Domini
1713 4425 1881 4481 nostri
1904 4426 2267 4496 apostolorum
2302 4428 2453 4498 prin-

863 4518 999 4588 cipis
1019 4516 1164 4571 Petri
1191 4515 1558 4570 anathematis
1585 4515 1800 4571 vinculo
1829 4518 2220 4584 innodantlum,
2249 4528 2449 4574 etcum

862 4606 1079 4664 diabolo
1099 4606 1321 4677 ejusque
1344 4604 1700 4659 atrocissimis
1725 4607 1957 4679 pompis,
1982 4615 2143 4675 atque
2169 4623 2291 4662 cum
2314 4606 2449 4665 Juda

863 4696 1128 4752 traditore
1156 4693 1368 4748 Domini
1400 4702 1455 4747 et
1487 4692 1785 4749 Salvatoris
1813 4695 1981 4750 nostri
2012 4694 2137 4751 Jesu
2164 4696 2363 4752 Christi
2396 4697 2449 4753 in

861 4797 1124 4842 aeternum
1165 4783 1343 4855 ignem
1379 4784 1850 4848 concremandum,
1896 4784 2161 4856 simulque
2199 4788 2250 4841 in
2289 4803 2448 4843 vora-

860 4880 1043 4947 ginem
1094 4885 1462 4946 tartarumque
1516 4876 1707 4941 chaos,
1761 4876 2067 4934 demersum
2101 4896 2221 4934 eum
2273 4881 2449 4951 impiis

860 4966 1244 5022 deﬁcieudum.
1298 4964 1400 5032 Qui
1436 4978 1563 5020 vero
1598 4973 1782 5021 custos
1830 4975 1885 5020 et
1925 4968 2244 5024 observator
2291 4970 2447 5036 hujus

861 5057 1029 5113 nostri
1066 5056 1332 5127 privilegii
1377 5055 1664 5122 exstiterit,
1716 5055 2112 5115 benedictionis
2140 5062 2368 5131 gratiam
2399 5073 2452 5116 et

862 5151 1025 5205 vitam
1061 5164 1090 5203 a
1118 5148 1343 5203 Domino
1380 5155 1635 5204 :eternam
1667 5160 2047 5221 consequatur.
2078 5152 2268 5207 Amen.

1586 5263 1730 5319 XXI.

2560 3331 2786 3387 retholdi
2812 3332 3029 3388 comitis
3068 3332 3204 3397 sitis,
3246 3348 3476 3401 quorum
3517 3348 3680 3387 unum
3729 3333 3795 3387 de
3836 3335 3998 3388 rebus
4034 3334 4148 3403 epi-

2560 3423 2726 3493 scopii
2773 3438 2867 3492 per
2896 3423 3205 3494 episc0pum
3243 3422 3645 3487 Gebehardum,
3688 3422 3832 3477 aliud
3890 3424 3957 3478 de
4006 3421 4144 3491 ejus-

2561 3513 2680 3568 dem
2717 3512 3031 3567 monasterii
3058 3512 3220 3568 rebus
3249 3527 3344 3583 per
3368 3513 3684 3583 praedictum
3712 3511 3960 3568 abbatem
3997 3511 4145 3567 Peri-

2561 3600 2785 3655 cherum
2819 3599 3144 3671 acquisitum
3171 3608 3277 3666 est,
3307 3600 3390 3654 vel
3419 3600 3775 3671 quodcunque
3800 3616 3894 3671 per
3915 3601 4143 3673 aliquem

2560 3691 2848 3745 Dominum
2879 3690 3184 3745 timentium
3218 3690 3284 3745 ad
3304 3691 3553 3745 eumdem
3580 3692 3726 3761 pium
3750 3690 3926 3746 locum
3953 3707 4144 3748 concc—

2560 3782 2793 3836 dcndum
2846 3789 2947 3848 est,
2994 3790 3083 3836 aut
3131 3797 3446 3838 concessum
3492 3781 3604 3851 jam
3636 3782 3816 3848 venit,
3848 3783 4141 3852 apostolica

2558 3869 2702 3924 beati
2728 3868 2875 3924 Petri
2910 3868 3225 3925 defensione
3264 3886 3325 3926 ac
3370 3872 3598 3926 tuitione
3641 3870 3938 3927 stabilitum
3973 3882 4030 3928 et
4065 3874 4146 3927 in-

2559 3974 2879 4015 concussum
2929 3961 3028 4015 sub
3079 3961 3280 4017 Christi
3332 3962 3642 4017 testimonio
3708 3972 4025 4032 permaneat
4083 3959 4144 4017 et

2558 4050 2831 4119 persistat.
2874 4048 2989 4104 Hoc
3035 4053 3201 4105 etiam
3244 4051 3359 4121 jam
3411 4051 3704 4122 apostolica
3732 4051 4141 4121 jttssione,cum

2558 4154 2821 4196 consensu
2860 4126 3001 4195 tertii
3025 4141 3237 4197 Ottonis
3260 4142 3600 4211 imperatoris
3625 4143 3851 4212 Augusti
3878 4151 3933 4197 et
3978 4142 4141 4198 Lam-

2559 4231 2696 4300 perti
2733 4232 3028 4301 supradicti
3057 4233 3318 4303 episcopi,
3341 4234 3431 4303 qui
3475 4234 3591 4290 bzec
3639 4234 3753 4288 ﬁeri
3797 4247 4138 4306 rogaverunt,

2557 4323 2778 4377 omnino
2821 4324 3216 4390 interdicimus,
3248 4340 3317 4379 ne
3348 4324 3486 4381 forte
3518 4326 3716 4397 aliquis
3745 4326 3918 4382 eidem
3951 4342 4134 4382 mona-

2559 4416 2725 4471 sterio
2753 4416 3083 4487 praeligantur,
3114 4417 3217 4472 nisi
3251 4432 3408 4486 quem
3446 4418 3748 4473 communis
3781 4416 4010 4473 fratrum
4046 4418 4142 4473 ibi-

2559 4506 2679 4561 dem
2719 4506 2829 4562 Deo
2854 4508 3207 4562 servientium
3236 4508 3524 4564 concordia
3569 4509 3763 4580 eligat;
3817 4512 3886 4564 ad
3933 4509 4138 4579 episco-

2557 4613 2685 4670 pum
2707 4612 2837 4653 vero
2862 4613 2985 4653 eum
3021 4598 3114 4668 qui
3162 4598 3234 4652 ita
3282 4598 3488 4655 electus
3527 4607 3631 4665 est,
3659 4600 3901 4655 stabilire
3931 4609 4137 4655 tantum

2558 4693 2846 4765 pertineat.
2877 4693 2933 4747 ld
2975 4692 3151 4762 ipsum
3189 4692 3353 4749 etiam
3381 4693 3447 4748 de
3476 4692 3719 4748 advocati
3743 4692 4006 4748 electione
4043 4693 4137 4747 de-

2558 4786 2850 4849 cernimus.
2880 4784 3061 4840 Electo
3091 4792 3275 4839 autem
3300 4784 3484 4839 abbati
3533 4783 3617 4839 vel
3665 4784 3996 4839 monasterio
4052 4784 4139 4838 ad~

2556 4887 2747 4931 vocato
2772 4891 2917 4930 cura:
2939 4875 3012 4929 sit
3035 4890 3123 4929 res
3151 4874 3467 4930 monasterii
3511 4888 3728 4938 curare,
3758 4888 3957 4944 easque
3987 4874 4137 4929 dissi-

2556 4967 2809 5037 pantibus
2842 4967 3112 5021 resistere.
3141 4964 3197 5020 Si
3233 4966 3355 5039 quis
3384 4966 3611 5031 interea,
3640 4965 3783 5036 quod
3829 4981 3936 5021 non
3968 4965 4137 5021 credi-

2554 5071 2696 5123 mus,
2722 5056 3013 5112 temerario
3051 5071 3186 5111 ausu
3209 5064 3400 5111 contra
3429 5070 3491 5110 ea
3524 5070 3643 5129 quae
3688 5054 3756 5111 ab
3803 5055 3908 5111 hac
3955 5064 4136 5112 nostra

2557 5150 2877 5205 auctoritate
2900 5149 2986 5221 pie
3015 5165 3079 5205 ac
3101 5148 3333 5204 ﬁrmiter
3357 5164 3455 5221 per
3484 5150 3588 5205 hoc
3638 5158 3882 5205 nostrum
3922 5149 4136 5221 privile-

2553 5242 2700 5312 gium
2744 5240 3003 5312 disposita
3034 5248 3179 5306 sunt,
3216 5240 3511 5306 contraire,
3536 5239 3620 5295 vel
3651 5240 3736 5294 his
3765 5254 3887 5310 qua.
3919 5254 3949 5294 a
3984 5241 4135 5293 nobis

2896 5333 2986 5350 ἢκ·
3034 5348 3039 5349 γ
3096 5347 3109 5349 -
3148 5330 3430 5350 -.-Ι-919⁸-.-
3485 5331 3564 5350 2-,,
3655 5330 3773 5350 J3-.!
3824 5345 3929 5350 _--_
3962 5330 4131 5350 __.-,£2
