4486 5544
424 154 525 211 937

1588 166 1940 221 EPISTOLE
1985 171 2069 223 ΕΤ
2116 173 2518 231 Ριιιγιιλςϐιλ.

3574 200 3677 254 938

423 265 569 317 dum.
614 264 681 317 At
734 281 859 320 vero
910 269 998 336 qui
1048 270 1134 336 pio
1189 271 1383 325 intuitu
1436 273 1751 328 observator
1805 284 2073 339 nostrer
2106 282 2314 347 stituta,
2371 290 2645 341 annuatim
2699 295 3010 358 pellsitlltcnt
3069 303 3323 357 solvendo
3378 306 3535 361 lic3at
3589 327 3681 364 vos

421 352 713 406 salutiferze
734 357 1107 425 prabccptionis
1130 360 1423 421 exstiterit,
1452 361 1839 417 benedictionis
1883 382 2002 433 gra-

421 442 551 494 tiam
583 442 776 510 ajnsto
817 446 1142 501 retributore
1172 449 1400 503 Domino
1429 450 1798 519 multipliciter
1820 469 2001 508 conse-

416 546 634 603 quatur,
658 545 713 590 et
740 537 861 591 vitaz
887 547 1101 592 aeterna:
1128 542 1399 610 particeps
1430 542 1565 597 ellici
1616 555 1889 599 mereatur
1947 550 1999 601 in

416 628 611 681 saecula
642 628 979 683 seculorum.
1019 634 1209 685 Amen.

1131 722 1287 777 XXII.

413 807 701 879 [cnseonu
738 827 882 864 raras
915 829 943 861 v
968 829 1222 867 EPISTOLA
1262 830 1326 867 Αι)
1368 831 1645 872 διλιιτικωι
1694 835 1956 873 annum.

1018 903 1197 970 (Anno
1237 905 1385 975 999.)

415 986 672 1059 [Histoire
716 993 787 1045 du
819 993 1154 1059 Lnnguedoc,
1191 1008 1320 1051 tom.
1352 998 1390 1062 Ι,
1422 1016 1653 1066 preuves,
1692 1017 1810 1071 pag.
1849 1003 1991 1073 155.]

481 1083 786 1139 Gnccomus
806 1088 1089 1157 episc0pus
1118 1104 1306 1143 servus
1331 1105 1609 1145 servorum
1639 1092 1753 1155 Dei,
1788 1094 1993 1148 charis-

408 1176 547 1229 simo
584 1176 690 1229 filio
721 1176 972 1232 Mmrmo
1005 1182 1442 1236 reverentissimo
1467 1184 1645 1237 abbati
1674 1187 1993 1241 venerabilis

408 1267 719 1319 monasterii
750 1267 920 1321 sancti
950 1268 1176 1324 Andreae
1198 1271 1443 1337 apostoli,
1474 1281 1527 1324 et
1558 1274 1729 1327 sancti
1754 1273 1990 1329 Michae-

406 1352 473 1408 lis
499 1354 827 1424 archangeli,
852 1364 907 1410 et
936 1357 1078 1411 beati
1116 1359 1329 1413 Martini
1362 1361 1724 1427 confessoris;
1742 1367 1883 1432 quod
1911 1378 1993 1420 est

406 1442 683 1497 fundatum
738 1445 787 1497 in
835 1449 1113 1502 cacumine
1154 1452 1352 1505 montis
1382 1453 1472 1519 qui
1515 1465 1853 1521 nuncupatur
1880 1458 1991 1511 An-

403 1534 586 1598 daoni,
614 1552 775 1605 super
800 1536 1015 1592 fluvium
1044 1539 1306 1606 Rhodani,
1332 1542 1553 1612 ejusque
1585 1550 1988 1604 successoribus

402 1624 687 1681 abbatibus
720 1627 771 1679 in
802 1637 1139 1697 perpetuum.

471 1714 606 1770 Cum
653 1731 895 1773 summus
948 1721 1256 1787 apostolica:
1308 1723 1586 1794 dignitatis
1630 1742 1763 1796 apex
1793 1730 1844 1782 in
1884 1730 1983 1784 hoc

400 1806 563 1860 divini
590 1808 903 1864 certaminis
952 1812 1125 1867 nitore
1172 1814 1507 1883 dignoscitur
1546 1819 1881 1890 prec-fulgere,
1927 1831 1985 1876 ut

384 1890 453 1947 ‘in
476 1900 792 1953 exercendis
832 1901 923 1954 Dei
974 1902 1224 1958 laudibus
1270 1905 1370 1958 sibi
1425 1906 1719 1976 impensius
1768 1912 1982 1966 studeat

396 1985 593 2041 laboris
621 1990 876 2045 exhibere
904 2002 1209 2059 certamen;
1248 1997 1317 2050 ob
1348 1998 1448 2051 hoc
1479 1999 1653 2053 debita
1697 2016 1795 2055 nos
1840 2002 1981 2070 ejus-

394 2074 519 2128 dem
572 2080 878 2144 apostolica:
946 2085 1231 2152 pastoralis
1281 2087 1543 2157 compulsi
1605 2090 1981 2149 sollicitudinis

391 2179 545 2231 cura,
573 2184 812 2239 quaequa:
864 2175 927 2226 ad
964 2177 1314 2232 stabilitatem
1348 2180 1556 2247 piorum
1586 2184 1856 2250 pertinere
1896 2186 1977 2240 di-

394 2268 728 2325 gnoscuntur
762 2261 1003 2318 locorum
1030 2265 1264 2321 ubertim
1292 2272 1631 2341 promulgare
1668 2283 1721 2329 et
1765 2289 1977 2345 aposto-

390 2348 507 2402 lica:
554 2349 909 2407 institutionis
962 2370 1193 2411 censura
1239 2359 1586 2415 confirmare.
1641 2363 1809 2433 Igitur
1849 2372 1974 2435 quia

386 2438 601 2503 petistis
626 2456 654 2493 a
687 2440 863 2507 nobis,
894 2453 1163 2511 quatenus
1192 2448 1612 2505 concederemus
1642 2453 1754 2508 sive
1777 2457 1974 2511 conﬁr-

386 2542 659 2583 maremus
702 2540 805 2586 tua:
854 2533 1188 2604 religiositati
1221 2540 1538 2607 praedictum
1586 2555 1971 2602 monasterium

383 2620 561 2673 sancti
591 2620 820 2676 Andrea:
865 2626 1114 2694 apostoli,
1157 2630 1327 2683 sancti
1373 2631 1665 2699 Michaelis,
1716 2646 1768 2690 et
1800 2640 1970 2694 sancti

385 2706 619 2773 Martini,
658 2719 715 2763 ut
748 2712 831 2765 bis
868 2714 1039 2769 tribus
1084 2717 1328 2771 ecclesiis
1373 2736 1534 2774 unum
1584 2738 1795 2792 semper
1842 2744 1968 2796 pcr-

379 2800 540 2855 sistat
566 2804 972 2858 monasterium.
1018 2808 1152 2860 Cum
1189 2810 1304 2879 ipso
1348 2821 1531 2866 monte
1562 2814 1614 2867 in
1657 2815 1864 2886 integro
1914 2820 1967 2874 in

379 2901 488 2955 quo
519 2888 714 2943 adsunt
749 2892 877 2960 ipsa:
906 2894 1149 2951 ecclesia:
1177 2914 1298 2953 cum
1329 2901 1581 2957 omnibus
1627 2903 1765 2958 infra
1824 2923 1881 2962 se
1912 2919 1967 2963 et

378 2976 525 3029 circa
561 2992 619 3031 se
648 2978 939 3035 haben.....
971 2998 1093 3038 cum
1126 2986 1393 3052 domibus,

377 3081 501 3120 cum
532 3070 782 3126 omnibus
814 3072 975 3129 rebus
1017 3085 1072 3131 et
1110 3080 1430 3135 substantiis
1459 3083 1746 3141 mobilibus
1777 3098 1832 3142 et
1861 3090 1961 3143 im-

377 3158 667 3216 mobilibus
716 3178 781 3217 ac
813 3180 1039 3236 seseque
1075 3173 1367 3239 moventia,
1408 3186 1886 3251 quantumcunque
1930 3201 1959 3238 a

373 3249 463 3305 die
489 3250 819 3312 fundatioms
850 3274 1019 3329 usque
1061 3279 1202 3319 nunc
1254 3267 1326 3321 ibi
1369 3284 1625 3326 concessa
1648 3274 1731 3328 vel
1769 3275 1960 3348 largita

374 3352 521 3394 sunt.
557 3342 753 3399 Verum
780 3356 834 3401 et
864 3347 977 3417 jam
1007 3360 1061 3406 et
1096 3369 1265 3423 usque
1291 3358 1344 3411 in
1370 3356 1610 3415 futurum
1638 3378 1736 3432 per
1773 3342 1958 3436 quem-

371 3430 456 3485 vis
485 3434 701 3490 modum
732 3437 805 3493 ibi
834 3442 1132 3510 advenerit,
1171 3462 1269 3503 nos
1310 3453 1607 3520 apostolica
1634 3460 1958 3515 auctoritate

374 3521 601 3580 ﬁrmiter
625 3535 681 3581 et
730 3531 997 3589 stabiliter
1045 3537 1145 3593 hoc
1192 3545 1578 3599 monasterium
1634 3550 1732 3604 sub
1777 3561 1957 3620 prote-

369 3612 547 3669 ctione
573 3616 783 3675 abbatis
810 3626 1084 3693 perpetuis
1117 3633 1452 3700 temporibus
1482 3612 1822 3709 praecipimus
1843 3658 1958 3712 per-

369 3720 593 3763 manere
622 3710 826 3782 absque
849 3716 1155 3785 cujuslibet
1186 3728 1582 3783 contestatione
1614 3732 1697 3786 vel
1728 3710 1955 3804 impedi»

368 3808 573 3855 mento.
614 3803 854 3875 Denique
885 3811 1048 3866 etiam
1093 3817 1479 3876 confirmamus
1508 3832 1566 3877 ut
1595 3826 1952 3899 undecunque

368 3899 702 3948 mortuorum
730 3912 958 3967 corpora
988 3908 1271 3963 masculini
1296 3925 1457 3967 sexus
1486 3914 1569 3968 vel
1609 3914 1851 3973 feminini
1878 3922 1948 3975 ibi

366 3993 423 4033 se
446 3984 660 4051 sepeliri
704 3987 1058 4061 devotaverit,
1092 3999 1267 4055 nullus
1311 4004 1619 4075 episcopus,
1652 4018 1746 4065 aut
1786 4027 1948 4067 cano-

364 4072 519 4128 nicus
568 4086 659 4131 aut
708 4085 1112 4153 canonicorum,
1168 4092 1418 4156 clericus,
1454 4099 1538 4153 vel
1590 4101 1944 4160 vice.....do-

364 4162 529 4217 minio
575 4168 717 4223 nulla
750 4178 1135 4236 contrarietate
1188 4185 1406 4241 malitiae
1438 4200 1627 4245 contra
1669 4194 1821 4250 vobis
1863 4199 1945 4251 vel

360 4261 546 4307 contra
580 4269 767 4315 servos
810 4270 1122 4324 monasterii
1163 4284 1431 4331 exerceat.
1480 4278 1619 4335 Loca
1650 4285 1791 4338 enim
1824 4302 1943 4356 qua:

359 4340 425 4396 de
455 4343 681 4405 aliorum
716 4351 960 4412 locorum
991 4359 1205 4429 piorum
1247 4382 1472 4426 numero
1503 4387 1609 4428 non
1647 4385 1771 4430 sunt
1815 4394 1944 4435 con-

2018 1624 2060 1682 Β

2103 370 2396 435 possidere,
2424 383 2476 427 et
2506 390 2567 427 ea
2598 380 2776 432 omnia
2801 384 2897 437 sub
2920 385 3059 453 juris
3104 400 3158 442 et
3208 392 3411 447 ditione
3453 400 3681 451 sanctis-

2102 457 2250 513 sima:
2298 472 2495 519 nostra:
2544 466 2797 525 Romanie
2842 473 3115 541 Ecclesirc,
3168 482 3253 535 cui
3307 483 3413 539 Dco
3462 497 3680 542 auctore

2102 547 2458 617 descrvimus,
2488 556 2634 610 vobis
2657 561 2721 613 ad
2750 565 3036 619 tenendum
3061 572 3424 627 concedimus.
3454 575 3679 643 Scitote,

2102 635 2296 694 fratres
2329 642 2688 711 dilectissimi,
2734 662 2858 707 ante
2886 658 3071 713 oculos
3104 664 3298 718 mentis
3329 675 3382 718 ct
3435 673 3681 737 corporis

2101 730 2414 787 traditiones
2460 738 2763 806 regularum
2813 758 3184 816 paternarum,
3217 766 3273 807 ut
3311 760 3681 829 unusquisque

2097 821 2350 886 prtclalus
2383 828 2613 891 noverit,
2651 832 2881 898 qualiter
2927 838 3114 894 debeat
3159 844 3451 913 imperasse
3500 850 3679 917 subje-

2097 912 2220 977 ctis,
2254 916 2449 969 nedum
2476 934 2667 989 aspera
2700 933 2754 978 et
2778 942 2881 981 non
2907 932 3193 1003 unicuique
3222 935 3373 991 fratri
3396 940 3677 1009 aptissima

2098 1003 2377 1059 videamur
2426 1010 2648 1079 imponi,
2691 1031 2756 1069 nc
2804 1034 2971 1089 usque
3023 1024 3089 1076 ad
3140 1036 3504 1097 contemptum
3554 1048 3679 1101 prn—

2096 1108 2309 1165 rumpat
2364 1100 2430 1155 de
2489 1104 2805 1173 imperantis
2862 1113 3245 1173 iudiscrctionc
3292 1100 3677 1190 subjectiaSit

2096 1201 2327 1257 namque
2350 1193 2624 1250 moderata
2648 1198 2905 1257 vivacitas
2923 1206 2972 1257 in
2998 1207 3466 1280 sollicitudinibus,
3486 1231 3676 1286 super-

2094 1280 2337 1337 eminens
2368 1286 2420 1338 in
2455 1286 2709 1345 fratribus
2739 1298 3051 1363 strenuitas,
3100 1310 3157 1353 ut
3187 1302 3314 1356 dum
3350 1307 3672 1376 regulariter

2093 1375 2268 1427 omnis
2294 1377 2549 1444 quictudo
2581 1381 2927 1451 integerrime
2954 1390 3254 1459 confertur,
3281 1409 3376 1464 per
3415 1375 3670 1455 obedien-

2094 1465 2179 1519 tia:
2212 1467 2404 1522 lineam
2438 1471 2571 1526 bene
2610 1477 2906 1533 servientes
2934 1483 3190 1537 exhibent
3234 1489 3569 1558 temporalia,
3603 1496 3671 1546 ad

2092 1558 2283 1624 gaudia
2333 1562 2568 1617 cmlcstis
2614 1568 2802 1635 patrim
2853 1576 3167 1639 perveniant
3212 1581 3560 1648 sempiterna.
3627 1587 3671 1636 A

2091 1651 2340 1715 prarsenti
2385 1652 2699 1709 duodecima
2752 1658 3061 1728 indictione,
3095 1675 3147 1719 ct
3179 1683 3347 1737 usque
3388 1671 3439 1723 in
3478 1688 3673 1742 perpe-

2085 1746 2232 1791 tuum
2267 1744 2609 1799 concedimus
2636 1750 3090 1811 etconfirmamus
3122 1759 3273 1814 vobis
3299 1763 3668 1829 supradictum

2085 1835 2475 1887 monasterium
2516 1846 2569 1890 et
2618 1850 2875 1906 montem,
2907 1845 3063 1899 sicuti
3095 1862 3191 1916 per
3229 1856 3670 1910 commutationis

2082 1924 2330 1978 chartam
2369 1927 2523 1983 vobis
2573 1932 2754 1985 evenit
2806 1934 2872 1988 de
2920 1935 3212 1996 Aldeberto
3240 1953 3295 1997 ct
3341 1945 3456 2013 ejus
3496 1948 3669 2002 fratre

2080 2015 2381 2080 Adalclmo,
2398 2020 2555 2074 simul
2575 2037 2697 2076 cum
2714 2023 3029 2096 conjugibus
3043 2032 3152 2086 suis
3168 2032 3371 2089 scilicet
3388 2036 3664 2093 Lcucinde

2080 2106 2295 2161 nomine
2316 2117 2368 2161 ct
2397 2109 2640 2175 Bcliilde,
2658 2128 2751 2167 seu
2780 2114 3073 2184 Poncionc,
3095 2131 3148 2175 et
3176 2124 3337 2177 fratre
3363 2127 3479 2195 ejus
3502 2127 3663 2183 Com-

2080 2194 2253 2258 bcrto,
2308 2197 2465 2250 simul
2502 2215 2625 2253 cum
2666 2201 3002 2274 conjugibus.
3054 2208 3316 2265 Adalinde
3359 2194 3565 2270 scilicet
3608 2226 3665 2272 et

2080 2285 2237 2349 Unia,
2282 2303 2381 2343 nec
2423 2306 2526 2343 non
2578 2292 2906 2365 Berengario
2956 2300 3277 2370 presbytero
3332 2306 3493 2359 simul
3537 2323 3662 2363 cum

2078 2376 2333 2433 fratribus
2374 2381 2581 2436 duobus
2622 2383 2830 2441 Perone
2863 2389 3106 2445 videlicet
3138 2402 3191 2446 et
3238 2393 3476 2461 Nectale,
3521 2398 3661 2454 Dab-

2077 2466 2207 2521 bato
2234 2470 2397 2524 etiam
2427 2487 2547 2526 cum
2581 2475 2751 2541 tribus
2784 2477 2906 2533 filiis
2929 2483 3042 2534 suis
3071 2484 3155 2537 bis
3181 2486 3512 2542 nominibus.
3554 2490 3663 2544 Ga-

2076 2558 2297 2625 riberto,
2326 2561 2607 2628 Silvestro,
2638 2576 2691 2619 ct
2720 2566 3016 2635 Poncione,
3052 2572 3123 2626 ita
3148 2577 3431 2642 praesentis
3462 2580 3661 2634 conﬁr-

2072 2650 2330 2705 mationis
2356 2654 2637 2725 privilegio
2681 2669 2875 2713 cuncta
2912 2677 3143 2730 qum“...
3193 2664 3515 2723 inconcussa
3566 2686 3660 2723 va-

2072 2739 2178 2794 leat
2205 2743 2497 2810 possidere.
2532 2745 2738 2802 idcirco
2767 2753 3146 2809 constituimus
3184 2772 3280 2812 nos
3330 2762 3657 2817 auctoritate

2072 2828 2164 2883 Dei
2193 2839 2247 2885 et
2283 2834 2454 2887 sancti
2484 2834 2627 2890 Petri
2658 2840 2881 2907 apostoli
2912 2851 2964 2895 et
2991 2853 3211 2909 nostrae,
3247 2858 3307 2901 ut
3339 2850 3464 2904 dum
3487 2852 3656 2906 abbas

2071 2920 2194 2975 inde
2231 2923 2445 2987 obicrit,
2497 2925 2675 2980 nullus
2730 2928 2799 2982 ibi
2852 2932 3009 2986 liccat
3059 2934 3266 3003 ingredi
3308 2939 3495 3005 abbas,
3547 2944 3655 2997 nisi

1427 2989 1569 3045 Villis
1595 2992 1665 3046 ibi
1686 3004 1739 3047 Cl
1766 2997 1964 3067 ubique
1992 2985 2035 3047 (ἶ
2070 3010 2189 3063 talis
2212 3012 2302 3080 qui
2354 3014 2463 3068 Deo
2509 3024 2563 3068 et
2616 3020 2827 3073 eunetis
2853 3019 3111 3076 fratribus
3166 3026 3480 3093 placeat,et
3527 3046 3653 3086 eum

2067 3116 2231 3170 quem
2269 3108 2674 3175 congregationi
2704 3110 2969 3178 placuerit
2990 3115 3194 3184 absque
3210 3129 3434 3186 peccato
3456 3138 3651 3179 conse-

2065 3192 2206 3247 crari
2238 3193 2417 3249 liccat.
2477 3196 2532 3251 Si
2584 3199 2706 3267 quis
2752 3212 2952 3268 autem,
2998 3209 3139 3274 quod
3190 3224 3295 3263 non
3354 3213 3648 3279 credimus,

2064 3284 2453 3354 qualiscunque
2498 3289 2801 3359 episcopus,
2837 3296 3099 3361 marchio,
3138 3314 3342 3363 comes,
3374 3313 3468 3358 aut
3501 3306 3648 3361 vice-

2063 3391 2261 3441 comes,
2296 3378 2380 3431 vel
2431 3380 2728 3446 austaldus,
2761 3384 2842 3438 vel
2898 3388 3127 3455 quilibet
3160 3407 3369 3463 magnae
3398 3410 3646 3464 persona:

2062 3467 2177 3521 haec
2208 3483 2327 3536 quae
2362 3484 2459 3538 pro
2494 3470 2585 3524 Dei
2619 3474 3003 3542 omnipotentis
3045 3493 3231 3535 amore
3262 3485 3643 3542 constituimus

2061 3558 2320 3628 refragari
2356 3569 2447 3614 aut
2492 3561 2545 3614 in
2574 3578 2789 3631 quoquo
2822 3570 3241 3638 transgredi.....
3271 3574 3408 3627 sciat
3448 3590 3507 3630 se
3539 3578 3641 3632 sub

2059 3647 2223 3701 divini
2246 3648 2436 3717 judicii
2466 3650 2829 3707 obtestatione
2859 3664 2911 3708 et
2934 3657 3293 3714 anathematis
3318 3662 3532 3717 vinculo
3558 3666 3639 3719 in-

2058 3740 2338 3809 nodatum,
2365 3749 2419 3797 et
2442 3758 2471 3797 a
2498 3759 2662 3814 regno
2683 3745 2777 3801 Dei
2808 3746 3176 3816 alienandum,
3199 3762 3395 3807 etcum
3423 3755 3639 3811 diabolo

2056 3834 2173 3890 sine
2198 3834 2304 3889 fine
2325 3836 2699 3891 cruciandum.
2747 3839 2849 3906 Qui
2881 3856 3009 3896 vero
3046 3843 3165 3913 pius
3208 3846 3418 3915 adjutor
3442 3856 3498 3902 et
3544 3849 3639 3904 ob-

2053 3934 2294 3981 servator
2322 3926 2480 3993 hujus
2514 3938 2712 3983 nostrae
2741 3932 3119 4001 praeceptionis
3143 3935 3436 4003 exstiterit,
3469 3937 3637 3993 bene-

2052 4018 2301 4073 dictionis
2331 4019 2561 4088 gratiam
2599 4036 2629 4075 a
2658 4020 2873 4077 Christo
2916 4024 3144 4081 Domino
3173 4038 3543 4099 consequatur
3580 4041 3636 4087 et

2050 4109 2173 4163 vitae
2196 4119 2413 4165 mtcrna:
2442 4112 2716 4181 particeps
2744 4112 2880 4169 effici
2910 4127 3203 4172 mereatur.

2119 4199 2389 4269 Scriptum
2416 4216 2510 4270 per
2540 4218 2757 4258 manum
2789 4204 3063 4263 Benedicti
3115 4211 3388 4267 scriniarii
3429 4224 3631 4271 sancta:

2047 4287 2305 4344 Romanae
2334 4290 2589 4348 Ecclesia:
2620 4294 2671 4348 in
2719 4308 2903 4353 mense
2940 4296 3181 4356 Januarii
3228 4310 3285 4357 et
3331 4302 3631 4362 indictione

2048 4382 2267 4452 prmfata
2296 4384 2608 4440 duodecima
