4486 5544
826 314 2435 363 mm

2054 355 2233 365 -.__.~_
2254 359 2307 363 ν..

2316 331 4115 390 %

1883 521 2062 561 CIRCA
2114 522 2332 564 ANNUM
2382 526 2608 567 DOMINI
2655 527 3026 572 DCCCCXCIX.

1566 721 3334 945 HBOTSUITHA

813 1085 1070 1149 VIBGO
1114 1088 1216 1149 ET
1261 1088 1646 1152 MONIALIS
1691 1091 2496 1159 GANDERSHEIMENSIS
2540 1100 2623 1160 IN
2665 1099 3115 1178 GERMANIA,
3163 1107 3487 1172 ORDINIS
3530 1113 3591 1176 S.
3641 1114 4091 1181 BENEDICTI.

1262 1421 1765 1515 NOTITIA
1837 1426 2487 1520 HISTORICA
2563 1432 2685 1519 IN
2762 1432 3681 1530 HROTSUITHAM.

2101 1616 2196 1687 (Ex
2243 1615 2527 1671 Meibomio
2568 1617 2826 1692 Seniori.)

878 1937 1203 1993 Laurentius
1255 1933 1611 2000 Humfredus,
1647 1935 1872 2007 Anglus,
1922 1934 2012 2003 qui
2051 1932 2388 2003 aliquandiu,
2421 1936 2468 1993 A
2497 1930 2708 1986 tissimis
2751 1932 2955 1999 didicit,
2986 1949 3067 1989 me
3104 1935 3389 1991 admodum
3433 1939 3673 1995 erudivit.
3720 1940 3849 2000 Haec
3877 1945 3971 2003 ibi.
4005 1948 4082 2004 Ex

811 2029 1091 2098 religionis
1113 2022 1300 2091 cauSa,
1326 2027 1379 2079 in
1408 2026 1698 2081 Germania
1724 2025 2006 2087 exsulavit,
2050 2023 2391 2088 Roswitliam,

804 2120 1098 2191 poetriam,
1127 2117 1317 2187 patrire
1354 2131 1465 2171 sua:
1504 2116 1783 2170 vindicare
1831 2114 2047 2184 satagit.
2087 2113 2213 2167 Vult
2250 2112 2393 2167 enim

802 2210 973 2265 fuiSSe
1018 2207 1185 2261 tiliam
1239 2205 1520 2271 llederici,
1565 2205 1708 2275 regis
1753 2203 2281 2265 Northumbrorum,
2327 2217 2392 2256 ex

802 2296 1102 2368 Bregsintla
1132 2310 1322 2358 uxore,
1349 2294 1454 2348 alio
1483 2293 1698 2348 nomine
1722 2303 1968 2347 vocatam
2010 2292 2243 2355 llihlam,
2271 2307 2392 2361 qua:

801 2389 858 2443 in
910 2386 1176 2443 cccnobiis
1219 2384 1514 2440 Britanniae
1540 2393 1595 2438 et
1622 2384 1813 2438 Gallia:
1844 2398 2016 2438 annos
2060 2392 2171 2437 tres
2214 2392 2267 2438 et
2296 2384 2391 2436 tri-

803 2478 953 2549 ginta
1002 2476 1296 2548 peregerit,
1350 2475 1549 2530 femina
1600 2473 1900 2529 clarissima
1949 2482 2003 2527 et
2053 2474 2386 2529 doctissima.

804 2567 1005 2623 Verum
1047 2567 1380 2637 temporibus
1425 2564 1714 2635 decipitur,
1766 2572 2042 2633 testesque
2085 2564 2220 2620 alias
2266 2572 2390 2620 sunt

802 2656 1068 2725 Georgius
1129 2655 1444 2721 Fabricius,
1502 2654 1784 2725 Originum
1841 2654 2023 2711 Saxon
2072 2655 2166 2710 lib.
2214 2672 2286 2720 ll,
2335 2666 2390 2711 et

803 2748 1070 2803 Henricus
1102 2748 1268 2812 Bodo,
1301 2747 1504 2801 Chron.
1532 2745 1837 2801 Gandersh.
1873 2762 1997 2811 ms.,
2051 2746 2386 2801 ltoswitham

799 2838 1058 2893 Saxonici
1087 2838 1301 2909 generis
1326 2836 1557 2907 puellam
1591 2836 1779 2891 fuisse.
1820 2836 1958 2891 Sunt
1990 2837 2081 2905 qui
2112 2851 2230 2891 eam
2260 2852 2386 2891 con-

791 2930 1027 2986 fundunt
1064 2945 1185 2984 cum
1218 2929 1526 2993 Roswitha,
1559 2926 2075 2982 Gandersheimensi
2112 2928 2385 2983 abbatissa

794 3031 988 3092 quarta
1016 3020 1337 3091 (Bruschius
1368 3018 1547 3073 Rodes
1577 3017 1826 3071 Windam
1847 3020 2048 3088 vocat),
2081 3034 2200 3089 qua;
2226 3018 2383 3075 Chri-

790 3113 949 3169 stinaa
998 3113 1187 3176 tertiae,
1245 3110 1547 3166 lundatoris
1579 3110 1787 3165 Ludolti
1822 3110 1967 3176 tilias,
2014 3111 2069 3163 in
2125 3112 2383 3181 regimine

789 3206 1108 3261 monasterii
1158 3203 1442 3268 successit,
1487 3205 1580 3259 sed
1624 3212 1680 3258 et
1710 3203 1765 3257 hi
1808 3204 2141 3272 temporibus
2192 3203 2384 3257 fallun-

792 3308 903 3353 tur.
947 3300 1021 3353 De
1067 3297 1347 3351 Roswitha
1392 3296 1663 3351 abbatissa
1697 3295 2004 3350 Chronicon
2044 3298 2276 3351 cmnobii
2319 3296 2376 3352 S.

786 3388 1067 3444 Michaelis
1097 3388 1237 3457 apud
1269 3387 1569 3442 liildcssam
1604 3388 1656 3441 iu
1691 3388 1833 3441 hunc
1861 3387 2077 3441 modum
2102 3386 2373 3456 loquitur:

788 3481 1113 3546 Walbertus,
1152 3482 1399 3550 septimus
1430 3481 1700 3551 episcopus
1737 3479 2219 3545 Iiildesheimensis,
2260 3491 2374 3551 post

787 3575 1129 3638 (.‘Iiristinam,
1147 3572 1699 3628 Gandersheimensem
1716 3574 2031 3628 abbatissa»:
2050 3574 2371 3642 defunctam,

786 3665 1108 3719 Rostcitham
1134 3664 1325 3718 ibidem
1353 3666 1406 3718 in
1438 3666 1662 3735 regimen
1691 3664 1996 3729 intromisit,
2023 3681 2140 3735 qua:
2178 3667 2375 3720 ca’teris

782 3758 1123 3814 excellentior
1149 3760 1201 3811 in
1231 3758 1399 3826 logica
1428 3766 1474 3810 et
1502 3756 1759 3810 rhetorica
1788 3756 2005 3821 exstitit,
2032 3766 2089 3809 ut
2120 3757 2232 3827 ejus
2255 3757 2375 3810 libri

780 3860 831 3905 et
862 3850 1124 3921 scriptura
1170 3860 1463 3914 testantur;
1503 3850 1789 3916 composuit
1820 3866 2042 3918 namque
2069 3849 2258 3903 librum
2298 3850 2375 3903 lo-

783 3942 913 4013 gica:
947 3940 1094 3994 valde
1139 3940 1413 4009 insignem.
1462 3938 1535 3993 De
1574 3938 1764 3992 eadem
1798 3937 2053 3993 Nicolaus
2092 3936 2374 3994 Selnecce-

782 4049 897 4099 rus,
932 4032 1237 4102 theologus,
1276 4030 1608 4101 Paaalagogiaz
1638 4040 1789 4100 parte
1812 4046 1849 4095 ι,
1883 4031 2039 4086 titulo
2062 4030 2140 4085 De
2174 4033 2385 4095 usuris,

781 4126 898 4180 lucc
927 4125 1119 4180 scribit
1147 4142 1157 4176 :
1194 4122 1268 4177 De
1303 4122 1564 4176 Roswitlta
1604 4122 1889 4187 abbatissas
1919 4122 2033 4189 [ilia
2067 4124 2199 4191 regis
2228 4119 2374 4176 Crte-

778 4216 897 4279 citv,
928 4223 983 4266 ut
1025 4214 1213 4283 fertur,
1265 4211 1461 4265 dicitur
1488 4211 1626 4282 quod
1666 4210 1876 4265 diabolo
1911 4210 2237 4277 schedulam,
2268 4228 2370 4282 qua

777 4322 910 4377 puer
955 4304 1169 4375 quidam
1199 4303 1455 4374 sanguine
1500 4319 1595 4357 suo
1623 4303 1817 4373 scripta
1854 4318 1908 4356 se
1954 4302 1999 4355 ei
2030 4302 2366 4372 obligaverat,

778 4398 1075 4453 extorserit.
1110 4396 1305 4453 Nostra
1335 4395 1564 4466 poetria,
1600 4395 1899 4461 Roswitha,
1933 4396 1984 4450 in
2011 4394 2371 4451 Gandershei-

776 4488 950 4544 mensi
986 4487 1237 4542 coenobio
1284 4486 1531 4541 instituta
1579 4494 1663 4541 est
1694 4485 1761 4539 ab
1808 4485 2195 4552 adolescentia,
2226 4487 2368 4556 quod

772 4577 1097 4650 praefatione
1139 4576 1191 4631 in
1240 4576 1524 4631 historiam
1567 4575 1741 4630 beata:
1787 4576 2015 4646 virginis
2044 4575 2225 4631 Maria:
2252 4592 2365 4646 ipsa

775 4640 1013 4727 testatur
1049 4669 1230 4724 verbis
1263 4667 1615 4737 sequentibus
1644 4682 1656 4719 :
1695 4640 2030 4731 Unde,'clam
2064 4640 2286 4731 cunctis,
2316 4677 2361 4720 et
2393 4640 2437 4698 θ

772 4765 929 4836 quasi
961 4764 1176 4833 furtim,
1205 4778 1343 4817 nunc
1389 4763 1443 4815 in
1482 4760 1848 4831 componendis
1877 4759 1989 4813 sola
2026 4760 2361 4825 desudando,

776 4872 917 4909 nunc
949 4853 1086 4907 male
1130 4852 1416 4921 composita
1464 4850 1800 4914 destruendo,
1848 4850 2173 4921 satagebam,
2208 4850 2367 4919 juxta

776 4963 951 5000 meum
983 4960 1153 5011 posse,
1203 4942 1320 4996 licet
1364 4942 1575 4995 minime
1616 4942 1987 5005 necessarium,
2034 4940 2257 5011 aliquem
2288 4950 2366 4994 ta-

777 5054 894 5092 men
918 5036 1173 5105 conﬁcere
1202 5044 1399 5088 textum
1422 5049 1487 5088 ea:
1508 5032 1775 5086 sententiis
1801 5029 2220 5101 Scripturarum,
2236 5049 2365 5103 quas

775 5131 918 5184 intra
966 5143 1144 5181 aream
1192 5122 1709 5179 Gandersheimensis
1760 5122 2068 5194 col/egeram
2114 5125 2359 5191 caenobii,

775 5222 946 5293 primo
973 5218 1372 5288 sapientissimo:
1397 5225 1551 5286 atque
1574 5214 1957 5285 benignissimae
1984 5212 2227 5267 Rikardis
2252 5232 2362 5267 ma-

775 5315 976 5385 gistrw,
1021 5310 1349 5379 aliarumque
1396 5325 1507 5363 sua:
1544 5307 1667 5362 vicis
1715 5308 2001 5362 instruente
2030 5308 2361 5377 magisterio;

775 5403 964 5452 deinde
1010 5418 1177 5452 nrona
1230 5401 1430 5452 favente
1479 5399 1763 5452 clementia:
1801 5399 1955 5452 reaite
1998 5398 2191 5452 indolis
2236 5396 2361 5452 Ger-

2499 2026 2696 2096 quihus
2747 2027 2929 2082 verbis
2974 2028 3228 2100 colligere
3275 2030 3439 2096 licet,
3494 2031 3821 2092 Richardam
3871 2041 4080 2109 primo,

2498 2117 2692 2172 deinde
2749 2116 3111 2189 Gerbirgam,
3173 2120 3465 2176 Boswitha:
3523 2124 3814 2195 magistras
3873 2128 4041 2187 fuisse
4066 2112 4097 2195 ,⁸

2496 2205 2695 2273 quibus
2744 2206 2859 2274 ipsa
2911 2222 3035 2261 mox
3082 2208 3135 2261 in
3196 2210 3386 2264 eodem
3457 2226 3679 2268 munere
3736 2224 4076 2275 successerit.

2495 2294 2685 2349 Fuisse
2714 2295 2911 2349 ibidem
2939 2296 3102 2351 etiam
3137 2296 3512 2365 przrlectiones
3538 2309 3592 2356 et
3634 2306 3895 2361 exercitia
3926 2310 4080 2365 theo—

2493 2384 2687 2454 logica,
2722 2401 2784 2440 ex
2835 2386 3054 2455 scriptis
3090 2385 3385 2443 Roswithaz
3436 2399 3605 2459 patet.
3651 2392 3861 2449 Etenim
3910 2398 4079 2454 multa

2493 2490 2559 2529 ex
2612 2474 2912 2543 Scripturis
2959 2475 3238 2545 eleganter
3283 2478 3512 2546 profert,
3559 2490 3614 2536 et
3662 2483 3715 2537 in
3766 2485 4079 2554 praefatione

2491 2580 2656 2634 quam
2697 2566 2953 2630 diximus,
2986 2575 3322 2635 protestatur
3365 2583 3423 2623 se
3461 2569 3745 2627 immatura
3784 2574 3886 2630 hac
3921 2587 4079 2632 astate

2490 2660 2738 2729 quaidam
2784 2675 2849 2715 ex
2898 2662 3217 2732 apocryphis
3248 2663 3613 2733 desumpsrsse
3643 2678 3707 2720 ex
3750 2665 4077 2738 ignorantia,

2488 2764 2644 2819 qua},
2707 2750 2831 2803 licet
2894 2750 3055 2804 dubia
3114 2751 3256 2817 sint,
3318 2761 3494 2807 tamen
3556 2751 3681 2808 boni
3750 2756 4075 2815 consulenda

2489 2848 2693 2895 censet.

2558 2929 2936 2987 Nobilissimus
2968 2932 3230 2990 Martinus
3260 2935 3569 2993 Fridericus
3599 2937 3896 3007 Seidelius,
3937 2956 4072 2998 con-

2486 3019 2724 3075 siliarius
2778 3019 3323 3092 Brandenhurgicus,
3386 3041 3509 3081 cum
3562 3029 3746 3085 icones
3790 3040 3845 3086 et
3895 3032 4070 3105 elogia

2485 3110 2726 3166 virorum
2776 3112 2979 3182 aliquot
3028 3118 3421 3184 praestantium,
3458 3120 3549 3191 qui
3604 3121 3831 3177 multum
3881 3127 4075 3181 studiis

2484 3204 2829 3273 consiliisque
2859 3206 2971 3261 suis
3000 3205 3293 3263 Marchiam
3319 3208 3579 3279 juverunt
3624 3222 3681 3268 et
3708 3213 4067 3283 illustrarunt,

2415 3282 2459 3343 Β
2487 3295 2836 3365 publicasset,
2898 3297 3003 3353 illis
3050 3298 3347 3356 Hroswidaz
3396 3313 3595 3359 nostrae
3642 3307 4069 3363 sanctimonialis

2483 3387 2535 3443 in
2564 3386 2950 3445 Gandersheim
2996 3390 3219 3462 efﬁgiem
3248 3393 3494 3461 inseruit,
3519 3407 3781 3469 vocatque
3808 3400 4067 3455 Helenam

2481 3491 2508 3530 a
2536 3476 2777 3541 Rossow,
2811 3477 2963 3547 cujus
2993 3479 3186 3535 nobilis
3210 3479 3425 3538 familiae
3456 3474 3722 3556 hodieque
3757 3488 3941 3558 plures
3972 3504 4067 3545 su-

2479 3577 2721 3638 persunt.
2756 3567 2854 3641 [ΙΙ.
2885 3568 3119 3626 Marsos.
3150 3571 3387 3645 summm]
3443 3581 3454 3599 '

2550 3662 2722 3734 Opera
2769 3662 3064 3719 Roswithaz
3106 3663 3457 3732 Trithemius,
3494 3668 3587 3724 lib.
3638 3669 3716 3725 De
3764 3671 3897 3727 viris
3945 3672 4069 3727 illuc

2479 3753 2681 3808 stribus
2722 3752 3058 3819 Germaniae,
3099 3755 3199 3811 hoc
3245 3757 3437 3813 ordine
3483 3768 3753 3814 recenset.
3810 3759 4063 3826 Rosvida,

2478 3844 2779 3898 monasterii
2803 3842 3318 3900 Gandersheimensis
3345 3848 3398 3900 in
3428 3845 3662 3902 Saxonia
3689 3850 4061 3913 sanctimonia-

2477 3935 2541 3988 lis
2579 3935 2741 4006 virgo,
2782 3936 3001 3999 nobilis,
3053 3938 3252 3991 ordinis
3298 3938 3404 3991 divi
3448 3937 3628 3993 Patris
3663 3938 3963 4006 Benedicti,
4007 3943 4065 3995 in

2476 4026 2666 4080 divinis
2695 4025 2984 4096 Scripturis
3015 4028 3250 4083 studiosa
3273 4038 3321 4083 et
3361 4030 3587 4098 erudita,
3627 4031 4065 4102 sa’culariumque

2476 4115 2771 4169 litterarum
2797 4116 3089 4186 disciplinis
3123 4118 3282 4186 probe
3311 4118 3532 4182 imbuta.
3569 4121 3775 4191 ingenio
3804 4132 4062 4190 prazstans

2474 4216 2520 4260 et
2547 4206 2692 4260 clara
2723 4206 2926 4276 eloquio
2980 4225 3070 4261 nec
3093 4210 3266 4263 minus
3291 4212 3678 4265 conversatione
3700 4228 3858 4282 quam
3880 4214 4063 4267 erudi-

2475 4299 2613 4352 tione
2638 4299 2877 4368 insignis,
2917 4299 3126 4369 scripsit
3167 4310 3272 4353 tam
3305 4311 3470 4354 metro
3506 4318 3665 4371 quam
3693 4319 3851 4371 prosa
3891 4302 4059 4357 multa

2472 4389 2729 4458 prazclara
2780 4389 3055 4458 opuscula,
3089 4391 3275 4459 quibus
3303 4408 3485 4446 sexum
3527 4392 3734 4462 ingenio
3780 4408 4056 4463 superans,

2473 4495 2657 4534 nomen
2683 4482 2837 4533 suum
2864 4496 2981 4532 cum
3024 4481 3219 4550 ingenti
3260 4480 3429 4552 gloria
3460 4482 3751 4536 transmisit
3779 4483 3849 4536 ad
3891 4494 4060 4552 poste-

2474 4589 2577 4627 ros.
2607 4570 2693 4627 Ex
2726 4573 2805 4627 his
2827 4589 2920 4643 ego
2942 4573 3042 4643 legi
3068 4574 3334 4643 subjecta:

2467 4712 2547 4765 Ad
2577 4710 2892 4781 Gerbergam
2918 4710 3235 4765 abbatissam
3259 4711 3470 4781 heroico
3493 4712 3727 4767 carmine
3754 4710 3831 4767 De
3866 4712 3970 4766 vita
4003 4721 4055 4765 et

2517 4779 2925 4852 conversatione
2950 4781 3271 4835 intemerata:
3300 4779 3398 4835 Dei
3428 4782 3693 4850 genitricis
3736 4792 3785 4835 et
3834 4782 4054 4852 virginis

2538 4852 2728 4906 Maria:
2756 4851 2946 4904 librum
2973 4868 3155 4905 unum.

2465 4923 2541 4977 De
2581 4923 2893 4976 Ascensione
2925 4921 3138 4975 Domini
3166 4922 3345 4975 eodem
3381 4923 3611 4976 carmine
3642 4920 3705 4977 L.
3740 4923 3790 4976 Ι.

2466 4994 2542 5047 Dc
2576 4993 2633 5048 S.
2666 4990 2926 5062 Gangolfo
2956 4990 3016 5062 ιι.
3052 4992 3098 5044 I.

2468 5061 2821 5135 De_passion’e
2858 5061 3161 5135 S.7Pelagii
3191 5064 3459 5133 martyris,
3515 5063 3597 5117 his
3636 5064 3952 5135 temporibus
3992 5065 4050 5119 in

2536 5079 2543 5114 ε
2580 5079 2821 5132 passione
2858 5079 2917 5117 ο.
2958 5079 3086 5116 ιἐια
3125 5080 3138 5115 ι

2536 5132 2781 5186 Corduba
2802 5134 2962 5200 passi,
2998 5131 3057 5185 L.

2464 5203 2727 5327 Dellapsu
2757 5201 3044 5271 TlteOpIiili,
3083 5202 3209 5257 Vice
3240 5202 3476 5269 Domini,
3507 5213 3555 5257 et
3584 5204 3700 5274 ejus
3721 5205 4045 5273 paenitentia,

2466 5345 2729 5452 De'lapsu
2764 5343 3040 5414 cujusdam
3066 5345 3298 5415 juvenis,
3327 5359 3419 5411 per
3445 5342 3503 5400 S.
3528 5342 3786 5399 Basiliam
3813 5345 4047 5398 conversi
