4486 5544
852 425 959 480 9ιὸ

2047 424 2138 478 AD
2175 422 2402 478 OPERA
2439 422 2906 478 “ROTSUITHIE

4006 421 4067 476 9-5
4076 420 4107 472 ι

850 551 994 604 sunt,
1021 539 1278 591 maximas
1311 538 1522 590 assidue
1550 554 1778 598 veneror,
1818 537 2101 604 Deumque,
2139 538 2543 592 celsissimarum
2582 538 2907 606 familiarum
2931 547 3202 601 statorem,
3235 554 3416 606 precor
3441 547 3494 590 ut
3522 535 4002 590 reverendissimam
4036 553 4112 586 se-

850 610 1119 662 renitatem
1155 618 1297 660 tuam
1331 607 1384 677 in
1412 623 1616 677 summa
1645 609 1809 677 animi
1840 607 2217 676 tranquillitate
2239 610 2469 677 sospitet,
2502 617 2548 660 et
2576 617 2825 676 perpetua
2851 609 3082 660 omnium
3114 623 3285 660 rerum
3311 607 3560 677 felicitate
3578 616 3765 677 augeat
3783 645 3798 670 ,
3827 615 3875 658 et
3905 621 4110 658 omnem

849 679 980 731 adeo
1011 677 1290 746 perniciem
1312 676 1376 728 ab
1406 693 1466 729 ea
1497 675 1796 746 longissime
1827 675 2044 739 avertat,
2086 694 2146 730 ac
2170 675 2381 745 stirpem
2409 675 2792 730 serenissimam
2825 687 3123 746 gentemque
3157 678 3453 730 universam
3487 675 3850 746 Guelplticam,
3882 683 3956 746 tot
3986 683 4111 746 tan-

850 742 1121 816 torumque
1147 747 1361 817 heroum
1383 742 1635 817 sanguine
1658 745 1934 817 fundatam
1962 742 2326 817 firmatumque
2356 747 2628 817 hactenus,
2661 756 2707 799 ct
2739 742 2888 816 regiis
2914 742 3116 816 quoque
3162 763 3223 799 ac
3251 747 3599 817 imperatoriis
3623 742 4110 817 necessitudinibus

849 827 1003 886 atque
1031 811 1367 886 afﬁnitatibus
1398 811 1750 884 conjunctam,
1784 811 2035 870 evehat‘in
2055 816 2186 876 dies.
2208 811 2255 870 et
2281 820 2335 869 in
2364 815 2609 869 solatium
2633 811 3161 886 communis-patrita,
3194 833 3256 869 ac
3287 811 3591 883 prmsidium
3619 813 3826 886 imperii
3856 811 4106 886 Romani.

852 882 1018 940 tutam
1051 882 1250 954 semper
1278 882 1648 955 ﬂorentemque
1673 886 1814 939 omni
1844 901 2018 938 rerum
2043 895 2182 939 statu
2213 895 2438 955 prtcstet,
2481 897 2557 950 ut,
2585 887 2912 940 serenissima
2939 882 3087 954 patre
3116 882 3358 948 sa'lvo,et
3385 885 3730 955 serenissimis
3759 882 4112 955 fratribusac

851 957 1118 1009 sororibus
1141 951 1320 1016 salvis,
1347 951 1801 1024 agnatis‘denique
1831 956 2066 1008 omnibus
2110 951 2454 1010 serénissimrc
2481 956 2665 1009 domus
2694 955 2871 1016 salvis.
2921 951 3149 1008 rationes
3190 956 3392 1024 imperii
3438 954 3659 1008 consilio
3707 951 3765 1006 et
3801 951 4114 1020 fortitudine

851 1025 1206 1096 (inelpltorum
1230 1024 1528 1096 felicissime
1559 1025 1946 1096 constituantur
1965 1065 1978 1088 ,
2006 1035 2054 1078 et
2077 1025 2245 1094 gloria
2280 1025 2603 1096 felicitasque
2641 1042 2757 1078 cum
2796 1024 2912 1096 ipsa
2937 1041 3111 1078 rerum
3142 1025 3430 1078 wternitate
3461 1025 3828 1092 adthuentur.

925 1092 1284 1164 ll’itembergw
1315 1092 1604 1164 Saxonum,
1639 1110 1710 1147 xu
1737 1093 1861 1164 Kal.
1893 1094 2045 1158 Jun.,
2080 1092 2217 1149 anno
2251 1092 2526 1163 reparata!
2549 1097 2737 1149 salutis
2778 1095 2936 1150 1707.

1558 1162 2014 1219 llererendissima:
2037 1162 2333 1220 serenitatis
2368 1175 2492 1231 tute,
2519 1166 2902 1229 devotissimus,

1989 1234 2150 1290 llenr.
2177 1229 2489 1292 Leonardus
2524 1235 3060 1303 SCIIURZFLEISCHIUS,
3097 1236 3143 1290 l.
3183 1236 3240 1290 V.
3271 1235 3334 1290 υ.
3367 1236 3726 1289 Historiarum
3761 1232 3824 1288 Ρ.
3865 1229 3936 1288 Ρ.

2349 1401 2662 1412 nan———-——

1310 1514 2225 1593 SCHUBZFLEISCHII
2292 1515 2816 1593 PBIEFATIO
2873 1514 3006 1591 AD
3086 1511 3664 1592 LECTOREM.

921 1714 1054 1768 Cum
1089 1713 1140 1766 in
1175 1713 1446 1768 veteribus
1475 1714 1903 1769 Christianorum
1941 1713 2132 1784 poetis,
2166 1715 2430 1785 superiori
2463 1722 2506 1780 Α
2539 1713 2827 1769 Roswitha:
2856 1714 3087 1784 imagine
3106 1714 3476 1784 judicandum.
3509 1715 3706 1768 Eadem
3736 1713 3938 1786 cﬂigies
3971 1732 4125 1788 repe-

851 1819 996 1858 auno
1024 1803 1248 1857 edendis
1271 1843 1285 1867 ,
1335 1818 1556 1872 operam
1587 1804 1929 1872 studiumque
1964 1819 2254 1874 ponerem,
2302 1814 2358 1859 et
2385 1805 2436 1858 itt

850 1903 1198 1963 conspectum
1245 1903 1394 1946 tuum
1433 1893 1877 1948 Commodianum
1915 1902 1970 1947 et
2009 1894 2307 1948 Orientium
2340 1894 2435 1948 dc-

853 2001 959 2038 nuo
989 1984 1312 2054 proferrem,
1341 1984 1658 2053 opportunis
1689 1984 2044 2054 quorumdam
2077 1984 2316 2038 consiliis
2344 1983 2441 2037 ad-

851 2080 1085 2134 monitus
1114 2095 1230 2133 sum
1261 2089 1318 2132 ut
1356 2078 1540 2132 oculos
1589 2077 1652 2131 ad
1694 2085 1876 2146 poetas
1925 2077 2103 2146 gentis
2158 2075 2438 2131 Saxonica:

846 2177 1221 2224 converterem
1250 2207 1263 2231 ,
1309 2176 1363 2220 et
1408 2167 1462 2220 in
1513 2166 1702 2235 primis
1740 2179 1834 2219 eos
1883 2164 1974 2234 qui
2026 2163 2078 2218 in
2107 2166 2438 2220 nostratibus

849 2258 1160 2329 regionibus
1184 2257 1270 2310 vix
1315 2255 1723 2324 conspiciuntur
1753 2254 2005 2323 amplius,
2037 2264 2091 2309 et
2124 2256 2229 2309 rari
2256 2255 2440 2308 admo-

850 2349 977 2403 dum
1006 2364 1068 2402 ac
1097 2347 1237 2402 haud
1270 2345 1428 2401 facile
1457 2346 1598 2401 obvii
1627 2353 1772 2410 sunt,
1807 2353 1919 2398 tum
1953 2345 2226 2400 rudiorem
2257 2346 2438 2401 satculi

873 2445 1043 2497 aciem
1072 2439 1386 2511 prmferunt,
1419 2448 1476 2492 ut
1507 2453 1612 2493 non
1656 2439 1771 2492 sine
1803 2437 2018 2492 fastidio
2049 2438 2313 2510 legantur,
2350 2454 2438 2493 re-

847 2535 1123 2591 cudendos
1172 2548 1420 2588 curarem
1467 2541 1629 2601 atque
1695 2531 1762 2585 ab
1821 2530 2036 2584 inficeto
2090 2530 2438 2585 scribentium

855 2641 1006 2680 more
1033 2637 1403 2694 repurgarent.
1449 2621 1629 2688 Quare
1661 2629 1717 2674 ut
1742 2620 2062 2690 aequissima:
2089 2634 2274 2674 eorum
2305 2619 2441 2688 peti-

851 2719 980 2772 tioni
1013 2715 1364 2779 satisfaciam,
1399 2713 1663 2783 principio
1701 2696 1785 2767 me
1815 2710 2018 2766 referre
2047 2710 2188 2767 volui
2221 2711 2286 2765 ad
2315 2725 2442 2778 poe-

848 2808 983 2861 trias
1010 2847 1024 2872 ,
1073 2821 1207 2876 quas
1257 2803 1492 2858 Saxonia
1521 2844 1535 2868 ,
1585 2818 1650 2856 ex
1681 2817 1788 2872 quo
1835 2803 2048 2856 Christe
2083 2801 2243 2856 tidem
2272 2802 2440 2866 dedit,

848 2907 1033 2967 postea
1063 2897 1115 2950 in
1143 2896 1262 2950 sinu
1291 2910 1388 2949 suo
1419 2893 1571 2956 fovit,
1601 2901 1659 2946 ut
1682 2893 1935 2962 patriam,
1964 2893 2175 2946 smculis
2200 2893 2443 2946 cultioris

848 2988 1110 3042 doctrina:
1156 2985 1490 3055 expertibus,
1519 2979 2124 3053 scriptis'illustrarcnt,
2165 2993 2219 3038 ct
2258 2999 2344 3038 res
2376 2985 2441 3038 ad

2541 1807 2678 1859 ritur
2708 1807 2872 1860 etiam
2926 1807 2978 1858 in
3015 1820 3176 1873 opere
3227 1805 3582 1860 Meibomiauo
3605 1845 3618 1865 .
3667 1804 3760 1859 sed
3793 1806 4022 1860 .nullum
4060 1809 4125 1862 de

2542 1895 2640 1948 hac
2673 1895 2844 1958 icone,
2875 1895 3101 1963 etquod
3131 1903 3295 1965 caput
3344 1896 3419 1949 rei
3467 1904 3570 1960 est,
3615 1894 3680 1949 de
3724 1895 3840 1963 ejus
3885 1895 4128 1952 subscri-

2541 1985 2740 2054 ptione,
2777 1985 2920 2054 quod
2949 1986 3137 2049 miror,
3163 1984 3424 2052 judicium
3461 1986 3599 2042 tulit.

2615 2077 2736 2132 Haec
2766 2093 2908 2132 nunc
2936 2079 3006 2131 ab
3033 2087 3278 2147 tmpertta
3307 2077 3648 2133 multitudine
3676 2093 3734 2133 se
3764 2078 4045 2149 disjunxit,
4072 2088 4130 2135 et

2542 2167 2867 2222 Richardam
2913 2176 3077 2236 atque
3123 2165 3450 2237 Gerbergam
3496 2166 3617 2220 vita:
3661 2168 3882 2237 perinde
3933 2184 3996 2224 ac
4031 2169 4129 2224 do-

2542 2267 2746 2318 ctrinm,
2777 2256 3064 2325 magistras
3093 2256 3300 2320 habuit,
3328 2270 3425 2310 nec
3449 2254 3667 2311 Latinas
3695 2257 3868 2310 solum
3896 2256 4124 2320 litteras,

2541 2358 2727 2398 verum
2755 2345 2918 2399 etiam
2947 2343 3165 2399 Grmcas
3194 2345 3518 2414 perdidicit,
3563 2355 3646 2409 et,
3683 2361 3780 2415 pro
3821 2349 4131 2404 conditione

2545 2445 2843 2504 temporum
2891 2446 2945 2489 et
2990 2445 3148 2505 captu
3203 2436 3366 2500 illius,
3399 2452 3504 2505 quo
3534 2438 3666 2492 vixit
3693 2441 3886 2495 decimi
3925 2443 4128 2506 smculi,

2543 2536 2772 2597 utroque
2798 2528 3060 2580 orationis
3109 2543 3307 2597 genere
3337 2569 3350 2590 ,
3402 2537 3514 2582 tam
3552 2528 3728 2585 soluto
3758 2546 3918 2599 quam
3949 2531 4130 2602 ligato,

2543 2619 2777 2674 excoluit
2808 2619 3044 2672 animum
3093 2635 3156 2674 ac
3205 2621 3532 2688 perpolivit;
3567 2636 3664 2676 nec
3691 2623 4131 2693 philosophorum

2544 2709 2678 2763 scita
2710 2724 2741 2762 a
2770 2709 2881 2763 suis
2908 2709 3102 2762 studiis
3129 2708 3300 2762 aliena
3334 2710 3505 2775 duxit,
3541 2711 3670 2779 quin
3715 2723 3860 2767 artes
3904 2715 4134 2783 optimas

2545 2815 2662 2869 quae
2705 2801 2770 2854 ad
2801 2801 3177 2855 disserendum
3210 2802 3410 2865 valent,
3441 2812 3495 2856 et
3535 2815 3851 2858 ornamenta
3899 2808 4132 2860 sermoni

2547 2892 2799 2957 afferunt,
2829 2894 3090 2947 memoria
3135 2903 3296 2963 atque
3323 2896 3503 2949 animo
3538 2896 3987 2964 comprehendit;
4021 2907 4132 2951 tum

2547 2984 2723 3038 omnis
2753 2984 3039 3038 vetustatis
3068 2984 3338 3052 exempla,
3383 3000 3500 3053 qua:
3539 2986 3810 3055 sapientes
3840 2987 4133 3049 instruunt,

846 3081 1183 3150 posteritatis
1236 3078 1555 3132 memoriam
1587 3075 1826 3147 insignes
1857 3075 2148 3130 traderent.
2204 3075 2320 3142 Quo
2349 3092 2446 3130 nu-
2480 3053 2522 3113 Β
2551 3073 2808 3144 praeclare
2860 3076 3033 3128 tenuit
3055 3114 3068 3139 ,
3119 3090 3477 3144 magnamque
3526 3077 3800 3145 sapientiae
3832 3089 4036 3146 partem
4071 3095 4136 3132 ex

851 3187 1000 3227 mero
1029 3169 1128 3225 fuit
1153 3168 1488 3233 llroswitha,
1515 3183 1635 3237 quae
1667 3167 2060 3222 recentioribus
2088 3167 2445 3238 scriptoribus

848 3261 1113 3316 Roswitha
1171 3261 1288 3314 sine
1339 3258 1670 3328 aspiratione
1718 3255 2047 3326 appellatur,
2089 3257 2239 3327 virgo
2274 3272 2450 3327 quon-

845 3354 971 3409 dam
1003 3353 1256 3407 sacerdos
1285 3349 1823 3416 Gandcslteimensis,
1852 3350 2068 3404 natione
2095 3349 2444 3418 Germanica,

847 3445 1116 3500 Saxonica
1154 3451 1312 3514 gente
1349 3450 1492 3506 orta,
1527 3440 1794 3512 virginum
1843 3440 2234 3496 Saxonicarum
2261 3441 2443 3508 decus,

847 3549 903 3594 ct
929 3538 1045 3593 sine
1089 3537 1252 3591 dubio
1300 3534 1560 3588 natalium
1593 3534 1855 3605 dignitate
1885 3533 2125 3599 illustris,
2158 3543 2445 3604 propterea

846 3630 992 3700 quod
1039 3627 1468 3682 vetustissimum
1526 3624 1664 3694 apud
1709 3623 1965 3680 Gandam
2019 3626 2444 3690 monasterium,

847 3723 992 3777 haud
1025 3721 1184 3776 facile
1215 3719 1474 3791 virgines,
1511 3733 1672 3787 quam
1721 3717 1866 3772 cultu
1910 3718 2189 3788 principali
2220 3727 2275 3772 et
2301 3735 2448 3772 sum-

848 3829 938 3868 mo
970 3813 1088 3866 loco
1125 3821 1278 3864 natas
1304 3850 1318 3875 ,
1372 3808 1687 3878 recipiebat.
1722 3806 1888 3876 Cujus
1932 3807 2155 3878 virginis
2184 3808 2448 3878 religiosa:

849 3919 1046 3960 nomen
1081 3918 1109 3957 a
1149 3902 1396 3972 pluribus
1432 3899 1789 3970 scriptoribus
1820 3899 1993 3953 media
2030 3910 2277 3970 correpta
2320 3915 2444 3969 pro-

846 3998 1151 4063 nuntiatur,
1204 3994 1349 4065 quod
1384 4003 1564 4048 tamen
1615 4008 1720 4048 non
1772 3995 2028 4064 approbo,
2072 4009 2229 4059 cum,
2270 3994 2448 4063 potius

845 4086 1306 4160 pronuntiandum
1351 4101 1476 4140 cum
1509 4099 1657 4139 mora
1689 4099 1810 4139 esse
1837 4125 1850 4149 ,
1902 4093 2159 4149 statuam,
2193 4085 2351 4154 idque
2389 4093 2449 4138 ιιι

847 4180 1066 4243 faciam,
1099 4178 1318 4233 adducit
1347 4192 1432 4231 me
1461 4176 1628 4245 ipsius
1656 4176 1948 4231 Roswitha:
1977 4177 2296 4240 auctoritas,
2330 4189 2443 4229 me-

847 4273 932 4326 dia
969 4271 1230 4342 producta
1281 4269 1718 4339 pronuntiantis,
1753 4283 1874 4322 cum
1923 4268 1975 4322 in
2016 4268 2332 4338 praefatione
2379 4270 2445 4323 ad

845 4363 1132 4418 historiam
1166 4362 1500 4416 intemeratae
1527 4359 1620 4415 Dei
1654 4359 1930 4429 genitricis
1962 4361 2036 4414 ait
2073 4377 2085 4413 :

972 4453 1264 4504 Hroswlthte
1291 4452 1414 4502 votis
1439 4449 1820 4512 carminnlisque
1845 4452 1994 4500 novis.

843 4548 980 4606 Cum
1010 4561 1119 4617 quo
1164 4545 1282 4600 loco
1315 4544 1419 4599 alia
1463 4543 1760 4599 Roswithze
1790 4543 1904 4598 loca
1937 4542 2171 4599 conferri
2202 4554 2448 4614 possunt,

843 4652 902 4698 ut
930 4640 1032 4697 col.
1063 4639 1222 4704 1082,
1247 4637 1384 4694 1085
1405 4646 1460 4692 et
1488 4637 1639 4703 alibi,
1667 4637 1756 4691 ubi
1783 4635 1962 4691 media
1985 4635 2220 4691 nominis
2245 4636 2447 4708 syllaba

839 4735 1048 4806 pariter
1079 4731 1341 4802 producta
1389 4731 1680 4800 reperitur.
1735 4727 1846 4785 Nec
1893 4728 2125 4783 Martino
2171 4728 2449 4784 Friderico

840 4826 1082 4883 Seidelio
1127 4823 1438 4888 assentior,
1495 4822 1786 4892 imaginem
1833 4821 2127 4877 Roswithae
2175 4837 2298 4877 eum
2347 4822 2448 4877 hac

839 4916 1242 4986 subscriptione
1282 4928 1296 4968 :
1340 4913 1542 4968 Helena
1590 4931 1621 4966 a
1663 4912 1915 4979 Rossow,
1959 4912 2108 4982 vulgo
2154 4912 2442 4979 Roswitha,

841 5005 1262 5061 sanctimonialis
1309 5005 1362 5058 in
1403 5003 1812 5067 Ganderslteim,
1863 5002 2140 5057 exhibenti
2183 5003 2234 5056 in
2285 5002 2443 5068 libro,

844 5097 940 5169 qui
999 5096 1185 5151 leones
1249 5105 1295 5151 et
1352 5093 1541 5165 Elegia
1614 5093 1847 5148 virorum
1922 5094 2121 5162 aliquot
2185 5103 2442 5163 prtcstan-

848 5189 1001 5253 tium,
1030 5197 1161 5253 etc.,
1189 5185 1527 5251 inscribitur,
1557 5193 1843 5255 propterea
1868 5181 2089 5252 quodin
2121 5181 2265 5236 nullo
2297 5182 2446 5237 testi-

2551 3163 2823 3220 annalium
2869 3165 3221 3220 monimentis
3255 3166 3630 3236 deprompsit;
3683 3183 3855 3236 neque
3886 3170 4140 3225 scientias

2551 3255 2965 3310 mathematicas
2999 3255 3270 3327 neglexit,
3325 3257 3377 3309 in
3428 3257 3623 3325 quibus
3663 3257 3748 3310 illa
3779 3260 4052 3330 egregiam
4086 3271 4140 3315 et

2548 3347 2760 3400 doctam
2783 3361 2862 3411 se,
2887 3355 3047 3417 prout
3073 3363 3136 3401 ex
3162 3348 3444 3402 con'toediis
3471 3347 3659 3417 liquet,
3691 3351 3947 3416 ostendit,
3979 3360 4140 3421 atque

2549 3453 2647 3493 sua
2679 3438 2878 3492 virtute
2913 3438 3078 3503 viros,
3107 3439 3198 3507 qui
3241 3438 3291 3491 in
3320 3438 3554 3494 obscuro
3580 3440 3777 3495 saeculo
3807 3440 3920 3496 ham
3962 3444 4140 3498 studia

2550 3529 2928 3600 neglexerant,
2959 3538 3014 3582 et
3045 3530 3281 3600 virgines
3326 3529 3394 3584 ad
3445 3531 3698 3585 virtutem
3743 3533 4039 3599 excitavit;
4087 3551 4144 3588 et

2548 3628 2715 3689 grata:
2746 3619 3048 3688 posteritati
3083 3619 3281 3688 pietate
3314 3620 3518 3689 pariter
3544 3629 3599 3674 et
3632 3621 3990 3676 sanctimonia
4031 3624 4141 3675 \‘il“~

2551 3709 2678 3762 tutis
2704 3708 3006 3779 exemplum
3039 3709 3298 3779 reliquit,
3348 3718 3405 3764 et
3440 3709 3592 3779 quasi
3625 3710 3866 3780 graditus
3896 3712 3948 3765 in
3973 3712 4141 3768 emtas

2552 3801 2813 3856 ascendit.

2620 3890 2771 3957 Quod
2821 3891 3040 3946 minime
3094 3892 3381 3962 ignorabat
3425 3891 3550 3948 Otto
3579 3931 3595 3958 ,
3649 3893 3808 3964 hujus
3838 3894 4139 3961 nominis."

2551 3983 2861 4051 imperator,
2890 3993 2944 4035 et
2974 3982 3199 4052 virginis
3237 3982 3427 4037 studiis
3454 3981 3842 4046 delectabatur,
3873 3995 4053 4053 atque,
4086 3997 4142 4036 ut

2549 4073 2717 4142 patris
2743 4071 2988 4142 Augusti,
3018 4071 3232 4128 Ottonis
3263 4072 3461 4144 Magni,
3502 4072 3595 4142 qui
3631 4071 3938 4140 Mitnlebiaa,
3969 4074 4140 4128 Bene-

2549 4167 2739 4223 dictini
2786 4167 2993 4222 ordinis
3039 4169 3308 4237 quondam
3359 4169 3413 4223 in
3463 4167 3760 4241 Thuringia
3801 4173 3871 4225 ad
3911 4171 4138 4227 Unstru-

2552 4262 2701 4316 thum
2747 4259 2942 4314 llumcn
2980 4261 3232 4323 cmnobii,
3266 4275 3407 4314 anno
3437 4260 3640 4315 Christi
3671 4260 3777 4316 975
3809 4260 4137 4326 decesserat,

2553 4365 2608 4410 et
2635 4354 2979 4426 Magdeburgi
3023 4355 3075 4408 in
3121 4354 3318 4424 templo
3355 4355 3654 4410 cathedrali
3686 4370 3714 4408 a
3747 4369 3803 4408 se
3830 4365 4140 4411 constructo

2560 4450 2706 4518 regio
2735 4461 2883 4502 more
2931 4446 3192 4516 sepultus,
3243 4447 3523 4500 historiam
3569 4456 3904 4514 contexeret,
3937 4450 4143 4519 gravis-

2559 4543 2693 4596 sime
2730 4539 3071 4604 hortabatur,
3125 4555 3298 4608 neque
3331 4539 3380 4594 id
3415 4541 3646 4610 negabat
3671 4541 3854 4596 Ottoni
3889 4543 4022 4610 filio,
4047 4545 4139 4598 Sed

2555 4632 2842 4704 postulatis
2885 4634 3112 4702 Augusti
3163 4633 3543 4702 imperatoris,
3589 4632 3814 4702 jubente
3860 4635 4062 4704 pariter
4089 4647 4140 4690 et

2558 4723 2870 4795 impellente
2906 4738 3027 4778 eam
3075 4723 3318 4778 antistita
3364 4738 3642 4778 sacrarum
3699 4725 3964 4796 virginum
4013 4725 4141 4783 Ger-

2557 4817 2744 4888 berga,
2775 4814 2936 4883 lmjns
2964 4816 3199 4871 nominis
3228 4814 3486 4881 secunda,
3517 4814 3691 4870 locum
3720 4815 3905 4881 dabat,
3933 4827 3988 4872 et
4012 4819 4140 4872 rude

2553 4907 2962 4978 inquinatumve
2985 4921 3156 4960 aevum
3179 4907 3438 4960 carminis
3467 4905 3723 4961 facultate
3745 4907 3996 4974 ornabat,
4020 4923 4139 4965 cum

2554 4997 2833 5052 historiam
2865 4996 3080 5052 Oltonis
3117 4995 3292 5066 Magni
3324 4997 3609 5060 conderet,
3647 5005 3704 5051 et
3749 5011 3836 5052 res
3863 4999 3933 5052 ab
3965 5012 4030 5055 eo
4055 5015 4142 5071 ge-

2555 5096 2667 5142 stas
2691 5102 2795 5140 non
2829 5095 3010 5156 inepto
3053 5085 3145 5140 sed
3175 5087 3352 5140 minus
3375 5094 3611 5155 compto,
3637 5100 3768 5140 vero
3794 5085 4140 5141 nihilominus

2555 5186 2609 5231 et
2639 5177 2705 5230 ad
2747 5174 2903 5229 fidem
2945 5174 3186 5230 historiae
3231 5189 3490 5245 expresso
3532 5176 3773 5230 carmine
3798 5216 3812 5242 ,
3861 5177 4138 5247 speciatim
