4486 5544
401 344 507 402 91ὅ

1779 362 2309 420 l’llULEGOMENA.

3554 381 3657 441 966

403 475 544 529 pam,
574 460 662 529 qui
704 470 827 513 ante
875 464 1242 530 pontiﬁcatmn
1272 467 1597 522 Octavianus
1624 479 1697 523 est
1735 482 1973 531 vocatus.
2011 477 2047 531 Λ
2082 477 2355 532 lieimensis
2400 481 2450 535 in
2492 482 2724 537 Sua-auia
2769 488 2965 541 ordinis
3009 490 3171 543 nostri
3211 493 3470 557 moniulis,
3517 498 3656 565 virgo

404 561 554 604 recto
584 552 699 605 zelo
726 554 997 621 rejecerit,
1030 558 1468 613 dissentientibus
1496 563 1783 631 quamlibet
1812 564 1975 617 Baro-

401 641 491 695 nio
519 650 573 695 et
618 642 963 709 Bcllarmino,
1013 647 1183 702 altero
1215 653 1280 703 ad
1308 666 1506 705 annum
1536 653 1735 708 Christi
1782 656 1883 710 964
1925 666 1976 710 et

398 733 521 798 966,
558 733 729 787 altero
756 736 791 789 2
820 736 887 789 de
912 738 1033 805 jure
1082 738 1238 793 Rom.
1280 742 1470 810 pontii.
1516 743 1607 809 99,
1639 760 1883 815 respons.
1910 748 1977 801 ad

400 833 774 893 argumentum
805 826 867 889 4,
898 828 1188 894 aientibus,
1224 829 1437 888 Ottonis
1483 833 1657 905 Magni
1707 836 1878 891 zelum
1924 839 1975 891 in

396 918 838 972 exauctoratione
874 917 1095 975 Joannis
1128 921 1239 987 XII,
1272 926 1372 979 etsi
1400 927 1620 993 bonum,
1659 943 1763 982 non
1799 938 1974 985 tamen

397 1017 603 1062 rectum
636 1010 801 1066 fuisse
847 1027 945 1068 nec
975 1017 1269 1071 secundum
1319 1020 1621 1075 scientiam.
1656 1021 1893 1088 Quorum
1923 1034 1978 1079 ct

396 1099 718 1153 sententiam
775 1103 1005 1157 maxime
1050 1104 1437 1163 defendendam
1485 1123 1832 1181 susceperunt
1882 1114 1974 1167 Al-

394 1188 634 1256 phonsus
663 1190 953 1248 Ciaeouius
984 1206 1037 1250 et
1075 1199 1407 1268 Augustinus
1448 1201 1727 1270 Oldoinus,
1759 1222 1810 1258 Ill
1844 1205 1978 1261 Vitis

393 1291 449 1334 et
479 1284 637 1337 rebus
666 1287 832 1354 gestis
862 1289 1173 1355 pontiﬁcum
1220 1291 1583 1348 Romanorum
1633 1304 1685 1351 et
1733 1299 1975 1351 cardina'

393 1370 546 1437 lium,
581 1376 647 1428 ad
679 1391 875 1430 annum
909 1379 1031 1440 956,
1066 1396 1116 1448 p.
1151 1382 1270 1435 715.
1307 1383 1479 1438 Verba
1529 1385 1818 1442 Roswitha:
1858 1404 1975 1457 qua:

394 1462 445 1516 in
480 1463 593 1518 Vita
632 1466 845 1522 Ottouis
884 1469 1057 1540 Magni
1090 1484 1304 1528 exstant
1345 1476 1459 1530 luce
1506 1488 1627 1531 sunt
1660 1499 1669 1531 ε

453 1587 678 1656 Qualiter
700 1600 749 1641 et
774 1595 893 1656 recti
916 1605 1231 1656 compunctus
1254 1602 1477 1647 acumine
1501 1599 1593 1648 zeli

455 1653 699 1724 fluminum
730 1655 1002 1724 pontiﬁcem
1025 1653 1241 1715 Quadam
1264 1672 1497 1724 perversa
1519 1668 1814 1724 patrantem,

452 1709 567 1782 gius
591 1725 682 1762 nec
702 1709 897 1782 monitis
916 1709 1197 1782 dignantgm
1223 1709 1404 1769 cedere
1430 1709 1634 1782 crebris,

450 1774 905 1843 gedishapostoliea:
930 1778 1137 1843 fraudari
1164 1779 1279 1830 fecit
1300 1782 1505 1843 honore,

450 1832 758 1884 Constitu’ens
791 1838 937 1885 alium
964 1842 1170 1889 rectoris
1189 1844 1383 1892 nomine
1408 1832 1627 1907 dignum.

387 1934 463 1987 lle
493 1939 935 1994 exauctoratione
963 1941 1186 1998 Joannis
1215 1943 1308 1999 XII
1349 1945 1451 2016 legi
1482 1957 1760 2003 merentur
1793 1951 1965 2005 Theo-

386 2026 603 2080 doricus
620 2028 684 2081 de
701 2027 872 2096 Niem,
888 2041 941 2087 et
957 2049 1018 2088 cx
1037 2047 1101 2089 eo
1118 2036 1429 2093 Meibomius
1449 2040 1499 2093 in
1522 2041 1663 2096 notis
1678 2043 1743 2096 ad
1774 2043 1971 2099 Roswi-

387 2120 531 2173 tliam
555 2139 567 2185 ;
596 2132 702 2176 tum
727 2125 962 2183 Joannes
988 2130 1250 2189 llenricus
1266 2134 1538 2192 Bmclerus
1560 2138 1611 2193 in
1636 2152 1967 2197 commenta-

385 2211 466 2263 rio
494 2213 565 2266 De
583 2215 740 2269 rebus
768 2219 944 2272 smculi
964 2236 989 2273 a
1010 2219 1225 2277 Christo
1248 2234 1371 2280 nato
1388 2243 1441 2281 rx
1465 2240 1518 2283 et
1544 2246 1595 2296 ι,
1616 2240 1668 2286 et
1686 2234 1967 2301 speciatim

385 2300 436 2353 in
467 2300 690 2366 Ottone;
731 2306 965 2364 Joannes
1006 2310 1283 2369 Conradus
1319 2316 1613 2375 llietericus
1639 2323 1691 2375 in
1718 2300 1965 2378 illistoria

382 2389 596 2448 Ottouis
647 2394 862 2465 Magni;
904 2400 1242 2459 llermannus
1281 2406 1605 2479 Conringius
1663 2412 1737 2467 De
1774 2414 1969 2470 ﬁnibus

382 2478 611 2545 imperii.
674 2487 801 2551 Qum
864 2488 1098 2547 Joannes
1129 2494 1406 2551 Launoius
1440 2513 1505 2553 eo
1535 2502 1750 2556 nomine
1781 2516 1965 2558 contra

381 2568 672 2625 ltaronium
724 2574 919 2643 aﬁ‘ert,
974 2580 1075 2651 legi
1134 2596 1359 2652 possunt
1407 2588 1459 2641 in
1530 2590 1645 2659 ejus
1697 2593 1962 2660 epistolis,

380 2670 520 2728 part.
582 2680 675 2727 IV,
729 2669 954 2735 epistola
1009 2673 1077 2737 l,
1131 2676 1195 2727 ad
1253 2676 1583 2734 Ludovicum
1640 2681 1965 2748 Mariesium,

380 2756 683 2825 theologum
760 2761 1169 2833 Parisiensem,
1231 2770 1451 2839 scripta.
1536 2772 1725 2831 Tradit
1804 2779 1965 2831 etiam

378 2846 630 2917 religiosa
663 2855 916 2908 sacerdos
951 2856 1100 2925 plura
1129 2859 1193 2912 de
1221 2860 1518 2931 Ludolpho,
1553 2866 1764 2921 Ottouis
1792 2868 1965 2938 Magni

378 2935 508 3001 lilo,
562 2941 700 2994 scitu
752 2943 930 3013 digna,
987 2948 1192 3017 hocque
1241 2954 1411 3021 magis
1459 2956 1809 3023 observanda,
1861 2935 1967 3030 q'no

376 3025 496 3091 plus
526 3042 554 3080 a
597 3029 925 3100 reliquorum
978 3039 1303 3107 scriptorum
1348 3043 1453 3099 ﬁde
1493 3050 1768 3103 recedunt.
1808 3025 1962 3118 Nam,

376 3130 495 3180 qua}
544 3117 611 3171 de
652 3120 871 3177 dissidio
920 3128 1083 3194 civili,
1119 3141 1337 3185 auctore
1382 3132 1660 3205 Ludolpho
1707 3142 1959 3205 excitato,

375 3222 868 3266 aoaimemorantur
914 3217 962 3268 in
1012 3220 1384 3287 supplemento
1433 3223 1755 3296 chinonis,
1806 3232 1962 3299 plane

376 3313 497 3348 cum
555 3303 869 3357 narratione
917 3305 1208 3364 Roswithm
1258 3329 1361 3366 non
1412 3319 1758 3373 conveniunt.
1807 3320 1967 3376 Putat

376 3395 552 3440 tamen
592 3389 677 3444 hic
702 3392 995 3460 Bceclerus,
1027 3399 1165 3454 hanc
1200 3402 1487 3458 Roswithrc
1514 3409 1876 3465 narrationem
1910 3412 1960 3463 in

379 3476 494 3528 Vita
526 3477 738 3536 Ottonis
769 3483 940 3554 Magni
973 3502 1159 3554 parum
1190 3505 1308 3546 esse
1339 3494 1625 3560 sinceram,
1652 3508 1705 3552 ct
1734 3516 1853 3553 cum
1884 3502 1957 3555 si-

373 3566 668 3625 mulatione
694 3576 925 3642 quadam
955 3580 1291 3647 permistam.

446 3659 511 3714 Ut
540 3678 681 3719 nunc
706 3667 868 3721 etiam
918 3681 1196 3729 auctorum
1238 3680 1562 3737 testimoniis
1591 3688 1957 3757 comprobem,

372 3747 634 3816 Virginem
686 3754 1021 3816 Roswitham
1073 3768 1432 3832 sacerdotem.
1481 3781 1535 3827 et
1580 3778 1848 3834 natalibus
1899 3781 1960 3835 il-

372 3837 630 3908 lustrem,
684 3848 901 3904 natione
950 3852 1324 3912 Germanicam
1380 3871 1435 3915 et
1484 3875 1641 3932 gente
1692 3868 1957 3926 Saxonica

370 3942 705 4001 prognatam,
756 3952 787 3993 c
837 3957 895 3996 re
944 3959 1060 3998 mea
1106 3962 1222 4003 esse
1268 3955 1472 4021 putavi.
1504 3956 1686 4013 Primo
1727 3963 1869 4016 enim
1909 3965 1958 4017 id

371 4017 574 4075 indicat
597 4028 993 4088 vetustissimus
1011 4034 1303 4094 Roswitlia:
1328 4057 1550 4110 operum
1575 4050 1765 4113 codex,
1794 4068 1953 4107 manu

370 4112 611 4169 mulieris
638 4123 999 4191 conscriptus,
1034 4143 1156 4182 cum
1193 4132 1349 4200 hujus
1390 4137 1575 4195 titulus
1619 4141 1953 4201 Roswitham

368 4214 665 4262 nostratem
713 4212 975 4283 virginem
1022 4223 1310 4278 monialem
1347 4226 1753 4299 Germanicam,
1797 4248 1955 4307 gente

368 4290 715 4365 Saxonieam,
758 4308 1018 4364 nominet.
1065 4311 1331 4371 Prteterea
1377 4332 1574 4387 praesto
1629 4327 1758 4381 mihi
1806 4341 1952 4395 sunt,

366 4385 630 4445 Henricus
660 4393 826 4463 Bodo,
870 4403 1138 4468 quondam
1188 4406 1240 4460 in
1272 4385 1447 4465 Clusre
1498 4416 1769 4473 cmuobio.
1812 4385 1953 4489 quod

364 4479 491 4534 fano
520 4482 1028 4549 Gandersheimensi
1075 4499 1381 4568 proximum
1425 4516 1528 4571 est,
1566 4510 1757 4566 doctus
1789 4523 1951 4583 atque

362 4572 591 4643 diligens
637 4583 955 4649 monachus,
1006 4588 1097 4655 qui
1147 4590 1199 4643 in
1242 4591 1513 4650 Chronico
1548 4614 1646 4656 suo
1680 4600 1949 4659 Ganders-

359 4662 649 4733 lieimensi,
697 4673 839 4739 quod
882 4673 1169 4749 Syntagma
1207 4684 1270 4736 de
1301 4691 1685 4745 constructione
1732 4697 1950 4750 coenobii

360 4750 723 4825 Gaudesieusi,
753 4764 1069 4832 perfectione
1096 4787 1299 4843 quoque
1329 4786 1375 4828 et
1404 4777 1690 4846 defectione
1715 4785 1947 4853 ejusdem

357 4845 701 4913 inscribitur,
752 4860 806 4907 et
849 4854 902 4909 in
957 4867 1102 4913 torno
1150 4861 1190 4915 ll
1248 4863 1446 4918 Rerum
1498 4867 1946 4929 Germanicarum

358 4936 629 4996 Meibomii
687 4954 886 5012 exstat,
928 4948 1260 5008 Roswitham
1294 4957 1432 5012 hanc
1478 4959 1738 5018 illustrem
1785 4968 1948 5039 virgi-

355 5044 480 5085 nem
522 5042 577 5087 et
624 5033 950 5092 Saxonicam
983 5044 1243 5098 nominat.
1282 5045 1449 5102 Verba
1485 5050 1623 5120 ejus,
1655 5070 1775 5125 quae
1804 5033 1941 5127 apud

354 5120 701 5179 Mcibomium
744 5136 873 5182 tom.
923 5131 983 5198 ll,
1026 5149 1077 5203 p.
1116 5135 1239 5202 490,
1296 5139 1565 5210 leguntur,
1608 5120 1719 5202 haec
1768 5120 1938 5206 sunt:

353 5212 466 5267 Sub
490 5215 848 5271 illustrissima
869 5222 1081 5277 domina
1111 5224 1370 5301 Garburgi
1402 5232 1501 5285 ista
1528 5240 1758 5293 secunda
1783 5243 1939 5297 vitam

348 5305 455 5372 egit
484 5322 543 5359 ac
573 5308 764 5377 ﬂoruit
792 5307 1011 5366 illustris
1051 5316 1191 5384 virgo
1221 5322 1637 5381 sanctimonialis
1669 5326 1938 5395 ﬂrosvita,

348 5397 404 5448 in
434 5394 674 5452 Saxonia
703 5408 845 5454 nata.
876 5404 1009 5454 miro
1038 5406 1240 5454 inaenin
1271 5430 1329 5454 nr
1358 5412 1599 5454 Ληριι-εηη
1626 5416 1831 5454 ριηη...
1886 5422 1938 5454 :..

2082 567 2289 631 nobilis,
2326 570 2377 621 in
2408 572 2595 625 divinis
2643 572 2930 642 Scripturis
2962 578 3118 631 simul
3156 590 3201 632 et
3230 582 3284 634 in
3314 582 3656 639 swcularibus

2079 658 2265 712 litteris
2298 644 2699 728 studiosissimo,
2728 676 2891 719 metro
2930 670 3089 721 simul
3116 671 3322 725 erudita
3356 674 3577 729 scribere
3608 687 3655 728 et

2078 767 2252 818 prosa,
2284 770 2374 806 nec
2417 754 2588 809 minus
2615 757 2906 811 eruditione
2944 776 3101 827 quam
3135 763 3253 814 vita:
3293 765 3475 817 merito
3505 782 3651 821 vene-

2080 844 2271 907 randa,
2294 854 2397 900 etc.
2431 845 2575 901 ldem
2607 848 2651 903 is
2680 859 2735 904 et
2778 850 2879 904 hoc
2908 860 3134 907 testatur
3176 853 3228 907 in
3256 853 3513 927 Catalogo
3540 859 3655 914 illu-

2080 935 2273 990 strium
2318 938 2574 1005 virorum,
2619 957 2671 1011 p.
2716 942 2818 997 120
2861 944 3112 999 editionis
3156 945 3597 1005 Francol‘urtame
3627 972 3655 1004 ει

2081 1023 2401 1093 Marquardo
2439 1027 2678 1083 Frehero
2720 1032 2995 1102 evulgatac.
3037 1033 3271 1091 Joannes
3300 1036 3659 1107 Cuspiniauus

2081 1117 2130 1169 in
2163 1114 2358 1171 Ottoue
2402 1117 2589 1189 Magno
2619 1122 2782 1177 tradit
2832 1126 3108 1193 sequentia
3141 1144 3151 1178 :
3190 1126 3287 1180 Res
3318 1140 3485 1197 gestas
3516 1130 3660 1184 Otto-

2080 1207 2158 1258 uis
2186 1205 2447 1261 Roswitha
2481 1212 2722 1266 monialis
2750 1216 3015 1283 complexa
3041 1227 3113 1269 est
3146 1220 3391 1281 uersibus,
3426 1222 3515 1289 qui
3544 1222 3659 1274 lit-ur

2078 1297 2179 1347 sint
2208 1307 2262 1348 ut
2295 1306 2526 1367 tempora
2559 1300 2812 1367 ferebant,
2845 1321 3003 1373 neque
3038 1306 3311 1376 elegantes,
3345 1325 3505 1378 neque
3533 1312 3661 1362 sali:

2078 1390 2224 1453 culti,
2272 1390 2569 1445 mirandum
2622 1404 2790 1447 tamen
2840 1407 2944 1461 est,
3004 1400 3268 1469 ingenium
3314 1402 3561 1456 muliebre
3608 1405 3658 1455 in

2078 1478 2332 1543 Suxonia,
2375 1490 2421 1533 et
2462 1482 2516 1534 in
2557 1483 2669 1551 ipsa
2716 1486 2955 1541 barbarie
2996 1491 3273 1544 educatum
3313 1503 3359 1545 et
3406 1497 3655 1562 genitura,

2076 1583 2134 1617 ea
2162 1577 2411 1633 pra'stare
2440 1572 2686 1636 potuisse.
2732 1573 2898 1629 Lilius
2944 1576 3233 1648 Gregorius
3262 1580 3546 1651 Gyraldus,
3580 1586 3660 1637 \‘ir

2076 1670 2205 1708 sane
2232 1655 2599 1723 doctissimus,
2633 1662 2726 1715 sed
2770 1664 3013 1729 meliore,
3043 1676 3102 1722 ut
3139 1669 3205 1723 de
3230 1686 3293 1724 eo
3322 1673 3497 1740 prodit
3526 1674 3656 1727 Bar-

2079 1745 2217 1799 Illius
2244 1746 2296 1799 in
2347 1748 2627 1804 Auimadv.
2663 1753 2727 1807 ad
2761 1753 2915 1810 Statii
2946 1756 3004 1811 L.
3042 1761 3102 1814 v.
3132 1762 3262 1815 Silv.
3296 1763 3359 1827 ιι,
3390 1764 3449 1817 Τ.
3481 1766 3519 1830 l,
3550 1746 3657 1820 for.-

2004 1836 2044 1893 11
2077 1845 2199 1889 tuna
2231 1838 2440 1909 dignus,
2470 1843 2534 1896 de
2560 1846 2732 1913 poetis
2774 1848 3043 1905 historicis
3074 1852 3283 1924 dialogo
3310 1873 3340 1908 ν
3368 1859 3441 1910 ait
3470 1878 3478 1909 :
3510 1861 3657 1928 Apud

2075 1924 2337 1993 Saxonas,
2369 1930 2423 1982 id
2462 1934 2599 2001 quod
2640 1937 2766 1987 milii
2814 1939 3069 1993 miraculo
3104 1945 3400 2011 proximum
3432 1949 3655 2012 videtur,

2072 2022 2248 2087 ﬂoruit
2282 2022 2545 2079 lioswitlia
2578 2030 2841 2084 monialis.
2876 2032 3141 2100 Georgius
3172 2036 3471 2103 Fabricius,
3507 2042 3655 2113 Orig.

2075 2110 2389 2168 Saxonicar.
2424 2117 2512 2170 lib.
2542 2133 2603 2183 ll,
2629 2121 2742 2175 liazc
2772 2122 2835 2176 de
2876 2123 3152 2181 Roswitha
3185 2126 3328 2182 fatur
3361 2148 3371 2182 :
3413 2130 3487 2184 De
3521 2131 3655 2186 llos-

2072 2204 2229 2256 willia
2279 2209 2479 2274 poetria
2530 2211 2716 2265 rectius
2772 2214 3068 2283 gloriantur
3119 2217 3373 2274 Saxones.
3420 2223 3563 2276 Idem
3612 2225 3657 2278 is

2076 2294 2232 2363 hujus
2262 2298 2587 2353 mentionem
2618 2301 2745 2356 facit
2777 2305 2828 2357 in
2863 2306 2996 2361 libro
3029 2309 3099 2363 Dc
3126 2312 3299 2378 poetis
3326 2311 3655 2369 Germaniae.

2073 2390 2275 2459 (Iaspar
2315 2392 2625 2462 Bruschius,
2670 2400 2722 2453 in
2753 2400 2983 2457 llistoria
3014 2409 3485 2475 monasteriorum,
3530 2413 3659 2467 llos.

2072 2481 2291 2534 witliam
2329 2495 2625 2542 nostratem
2667 2492 2894 2560 puellam
2928 2494 3250 2552 Saxonicam
3299 2511 3471 2556 vocat.
3505 2503 3656 2570 Quod

2075 2572 2343 2628 luculento
2371 2578 2533 2633 etiam
2567 2582 2853 2638 conﬁrmat
2884 2590 3191 2643 testimonio
3224 2594 3487 2649 Antoninus
3531 2597 3658 2649 Pos-

2073 2665 2319 2732 scvinus,
2380 2670 2431 2722 in
2486 2672 2757 2742 Apparatu
2825 2677 3158 2735 bibliothecze
3204 2700 3370 2739 sacrm
3416 2688 3484 2740 ita
3523 2692 3654 2742 scri-

2072 2754 2203 2807 bens
2234 2774 2246 2808 :
2280 2755 2539 2827 Rosvidis,
2572 2780 2725 2832 quam
2755 2766 2847 2819 alii
2892 2767 3163 2831 llosviliin,
3198 2776 3289 2826 alii
3337 2777 3653 2840 lloswidum,

2073 2845 2367 2915 Saxonica,
2415 2869 2597 2921 genere
2636 2868 2680 2910 et
2730 2859 2933 2926 familia
2990 2864 3137 2917 valde
3183 2868 3387 2921 nobilis.
3440 2871 3651 2941 lleliqui

2071 2953 2291 3004 omnes,
2352 2950 2407 2994 nt
2465 2943 2679 3001 Gabriel
2743 2949 2980 3006 Bucclini
3048 2956 3096 3008 in
3151 2958 3438 3015 Germania
3503 2973 3658 3032 topo-

2072 3030 2879 3112 chrono-stemmato-graphica
2914 3062 3064 3101 sacra
3096 3059 3147 3103 et
3178 3054 3400 3119 profana
3430 3067 3569 3124 part.
3607 3076 3652 3123 l;

2073 3121 2342 3181 Gerardus
2384 3127 2619 3187 Joannes
2676 3134 2919 3203 Vossius,
2981 3140 3054 3194 De
3113 3143 3385 3201 historicis
3452 3148 3657 3205 Latinis

2068 3212 2160 3266 lib.
2196 3232 2253 3281 u,
2300 3235 2346 3273 c.
2379 3219 2477 3285 4i;
2522 3221 2755 3281 Joannes
2804 3228 3067 3286 llenricus
3105 3233 3377 3289 chlerns
3423 3239 3472 3292 in
3510 3255 3655 3293 com-

2069 3318 2298 3363 mentar.
2346 3313 2418 3366 De
2468 3317 2628 3371 rebus
2674 3322 2851 3375 sccculi
2903 3338 2930 3374 a
2986 3324 3201 3382 Christo
3245 3339 3369 3382 nato
3422 3347 3472 3383 Ix
3505 3344 3555 3386 et
3591 3352 3652 3391 rt;

2066 3396 2360 3456 Casimirus
2414 3404 2588 3459 Oudin
2650 3409 2701 3462 in
2756 3410 3124 3481 Supplement.
3180 3419 3246 3472 de
3302 3422 3657 3491 scriptoribus

2066 3488 2449 3548 ecclesiasticis
2499 3511 2527 3547 a
2570 3496 2897 3556 Bellarmino
2927 3506 3161 3569 omissis,
3193 3524 3244 3577 p.
3277 3510 3370 3563 511
3397 3530 3410 3575 ;
3449 3514 3655 3570 (Iavcus

2065 3577 2117 3630 in
2162 3578 2397 3636 Historia
2448 3584 2708 3643 litteraria
2762 3594 3085 3662 scriptormu
3137 3600 3652 3670 ecclesiasticarum,

2063 3682 2111 3735 p.
2147 3668 2272 3736 412,
2318 3683 2371 3727 et
2419 3678 2709 3734 novissime
2754 3683 2896 3737 Eiias
2931 3686 2997 3738 du
3044 3685 3162 3751 l’in,
3193 3698 3320 3744 tom.
3353 3693 3458 3745 Vlll
3496 3668 3654 3750 Nova:

2064 3759 2407 3819 Bibliotheca:
2452 3778 2730 3824 auctorum
2769 3774 3283 3842 ecclesiasticarum,
3331 3799 3431 3836 una
3476 3796 3655 3841 mente

2065 3859 2224 3922 atque
2264 3861 2532 3914 sententia
2575 3864 2948 3932 comprobant,
2983 3878 3280 3925 nostratem
3314 3873 3648 3930 lloswitham

2060 3947 2325 4017 virginem
2360 3950 2525 4007 fuisse
2556 3954 2837 4012 illustrem.
2887 3959 3073 4030 Neque
3104 3965 3170 4017 ab
3214 3965 3296 4019 his
3324 3965 3487 4020 llenr.
3524 3969 3649 4023 Mei-

2061 4041 2273 4095 bomius
2321 4044 2373 4096 in
2411 4045 2528 4099 Vita
2583 4046 2875 4105 Roswithze
2918 4053 3165 4118 discedit,
3207 4058 3343 4112 hanc
3386 4060 3651 4130 virginem

2062 4132 2321 4187 illustrem
2352 4135 2571 4191 natione
2600 4138 3002 4208 Germanicam,
3034 4155 3191 4215 gente
3222 4146 3487 4204 Saxonica
3519 4167 3647 4220 pro-

2059 4235 2296 4293 gnatam,
2335 4227 2608 4283 evincens.
2636 4230 2894 4300 Spectant
2919 4246 2972 4290 et
3001 4237 3103 4291 huc
3136 4239 3521 4311 epigrammata
3548 4244 3651 4299 So-

2058 4316 2297 4371 dalitatis
2340 4318 2637 4386 litterariae,
2670 4339 2790 4394 qua:
2836 4327 2888 4381 in
2932 4327 3107 4398 Opera
3164 4331 3474 4399 lloswithae,
3523 4353 3643 4390 cum

2056 4402 2220 4459 Conr.
2252 4407 2429 4463 Celtes
2472 4426 2533 4465 ea
2584 4413 2817 4481 primum
2869 4418 2920 4471 in
2969 4420 3141 4475 lucem
3184 4422 3472 4488 emitteret,
3522 4438 3649 4480 sunt

2056 4495 2324 4559 conlecta,
2370 4508 2425 4552 ct
2457 4516 2645 4556 rursus
2678 4503 2804 4560 huic
2842 4507 3064 4563 editioni
3093 4521 3211 4579 post
3249 4511 3412 4567 Celtis
3450 4516 3649 4584 pracla-

2004 4568 2260 4643 )tionem
2312 4591 2624 4660 suhjuneta,
2687 4598 3002 4655 nominatim
3056 4603 3279 4660 Joannis
3334 4606 3639 4677 Dalburgii,

2053 4677 2280 4736 Joannis
2325 4683 2651 4752 Tritheimii,
2700 4687 2915 4745 llenrici
2961 4694 3027 4748 de
3077 4694 3285 4763 Bunau,
3333 4698 3524 4754 Ololiki
3577 4703 3641 4755 de

2056 4770 2239 4837 Stein,
2296 4773 2576 4833 Wilibaldi
2629 4779 3013 4850 Byrkhameri,
3066 4784 3288 4842 Joannis
3341 4788 3638 4861 Tliolophi,

2055 4863 2270 4921 llenrici
2302 4867 2662 4940 Groningeri,
2704 4872 2927 4931 Joannis
2966 4877 3208 4944 Verneri,
3256 4879 3469 4936 Martini
3513 4884 3641 4941 Mcl-

2053 4956 2321 5025 lerstadii,
2361 4960 2593 5019 Couradi
2633 4965 2818 5032 Celtis,
2860 4967 3082 5024 Joannis
3113 4971 3383 5039 Laterani,
3415 4973 3642 5031 Joannis

2054 5050 2242 5117 Stabii,
2279 5051 2479 5110 Urbani
2534 5054 2854 5130 Pracpusini,
2892 5061 3197 5117 Sebastiani
3246 5064 3515 5133 Sprenzii,
3550 5071 3640 5138 qui

2052 5142 2387 5202 Roswitham
2417 5156 2716 5205 nostratem
2746 5159 2800 5205 et
2830 5153 3044 5223 generis
3075 5156 3333 5225 dignitate
3358 5156 3641 5223 illustrem,

2048 5246 2103 5292 et
2147 5248 2302 5310 gente
2350 5240 2617 5299 Saxonica
2672 5243 2840 5299 fuisse
2884 5254 3085 5314 ortam,
3138 5250 3202 5304 ad
3246 5263 3407 5301 unmn
3457 5264 3649 5306 omnes

2048 5332 2394 5393 conﬁrmant.

2122 5422 2234 5454 Nam
2292 5425 2390 5454 ’--:l
2451 5428 2630 5454 δίκαι-Λ
2690 5428 2907 5454 ηΑΙζΑ-ν-
2979 5429 3135 5454 λοιμιο
3225 5438 3275 5454 --Ι
3329 5429 3345 5454 Ι
3374 5432 3578 5454 Α..-Α-μιε

2451 5428 2630 5454 :Innlln
2690 5428 2907 5454 ηΑΙζΑ-ν-
