4486 5544
875 379 973 434 9n
1029 450 1039 460 ἱ

2045 383 2134 436 ΑΙ)
2172 381 2395 437 OPERA
2440 381 2908 439 HBOTSUITHAS

4027 379 4136 436 948

875 506 1091 547 omnem
1139 490 1474 547 Britanniam
1519 492 1804 562 insigniter
1852 492 2157 557 illustravit,
2200 493 2455 547 audacter
2486 500 2528 555 Α
2559 494 2749 547 batissa
2781 495 2833 547 in
2860 494 3270 548 Streonesheale.
3302 494 3437 548 Tum
3462 493 3781 547 Wilhelmus
3812 492 4137 547 Malmesbu-

876 583 1052 653 magis
1090 598 1253 654 quam
1296 598 1426 638 vere
1474 584 1712 639 tradidit.
1746 584 1851 640 Sed
1886 599 2209 654 magnopere
2257 583 2457 637 fallitur

874 674 1217 741 ilumfredes,
1249 677 1683 746 quandoquidem
1726 692 1848 731 eum
1877 684 1933 731 et
1972 676 2209 732 locorum
2242 686 2296 731 et
2324 685 2457 730 tem-

873 780 1065 836 porum
1118 765 1356 821 rationes
1401 766 1672 821 reieliunt.
1722 766 1944 822 Constat
1989 766 2131 821 enim
2177 781 2243 820 ex
2291 767 2453 832 Beda,

874 854 1016 924 quod
1060 853 1238 920 Hilda,
1286 855 1438 926 virgo
1481 855 1841 919 sanctissima,
1874 856 2224 927 et-virginum
2275 856 2457 927 Angli-

873 959 1134 999 canaram
1179 946 1449 1013 quondam
1482 947 1645 1002 decus
1673 956 1727 1003 et
1767 957 2166 1012 ornamentum,
2206 957 2325 1016 post
2354 963 2455 1001 an-

876 1050 1008 1090 num
1046 1036 1222 1091 :etatis
1258 1037 1472 1091 tertium
1509 1047 1563 1093 et
1594 1039 1947 1104 tricesimum,
1979 1039 2245 1094 abdicatis
2274 1038 2455 1094 saeculi

864 1125 1101 1196 juribus,
1134 1126 1308 1182 ordini
1358 1143 1512 1184 sacro
1545 1143 1605 1184 se
1648 1130 1934 1195 addixerit,
1966 1138 2018 1185 et
2054 1144 2118 1184 ex
2160 1129 2454 1183 Northum-

868 1217 1010 1283 bria,
1042 1219 1217 1288 patria
1249 1234 1369 1285 sua,
1400 1220 1450 1274 in
1480 1220 1727 1291 Angliam
1758 1221 2096 1285 orientalem,
2128 1220 2281 1290 cujus
2314 1222 2456 1292 regis

865 1312 1170 1382 propinqua
1211 1322 1349 1379 erat,
1374 1313 1613 1383 profecta
1652 1314 1836 1380 luerit,
1869 1330 1933 1371 eo
1959 1316 2173 1385 quidem
2209 1316 2452 1381 consilio,

864 1409 926 1455 ut
950 1401 1077 1455 inde
1109 1402 1334 1471 trajecto
1375 1406 1511 1458 mari
1548 1406 1755 1461 veniret
1789 1407 1841 1461 in
1887 1406 2137 1471 Galliam,
2164 1417 2218 1462 et
2259 1407 2453 1462 ibidem

865 1492 921 1544 in
951 1492 1201 1547 cmnobio
1230 1495 1461 1562 quodam
1509 1495 1620 1551 Deo
1664 1512 1723 1551 se
1764 1498 2041 1566 vitamque
2086 1498 2312 1553 dicaret.
2348 1496 2454 1553 Sed

865 1583 984 1653 ipsa
1015 1584 1364 1642 nihilominus
1395 1588 1445 1641 in
1478 1591 1857 1660 peregrinandi
1889 1592 2165 1661 praposito
2193 1607 2288 1661 per
2318 1591 2452 1646 inte-

866 1686 1020 1740 grum
1061 1686 1259 1727 annum
1294 1676 1618 1742 persistebat
1665 1678 1717 1731 in
1746 1678 1937 1749 Anglia
1968 1679 2244 1745 orientali,
2277 1684 2453 1750 quoad

861 1771 1063 1831 praeter
1106 1764 1565 1833 exspectationem
1612 1767 1679 1820 ab
1723 1768 1976 1837 episcopo
2013 1769 2221 1823 Aidano
2268 1770 2320 1823 in
2360 1783 2455 1838 pa-

2559 584 2776 649 riensis,
2806 586 2885 640 De
2912 586 3077 657 gestis
3111 601 3291 655 regum
3323 585 3616 655 Anglorum
3650 584 3741 639 lib.
3774 600 3813 648 ι,
3846 595 4004 637 vocat
4031 583 4137 637 hoc

2558 675 2947 731 monasterium
3002 676 3366 740 Streanshale,
3429 675 3697 745 simulque
3752 681 3933 729 monet
3987 689 4137 727 nunc

2559 765 2762 837 Witeby
2801 766 3080 836 appellari.
3118 766 3293 822 Verba
3325 768 3437 822 haec
3466 776 3628 821 sunt:
3664 766 3899 832 Quorum
3942 767 4133 835 ρττεεὶο

2555 874 2716 926 puum
2742 858 3117 911 monasterium
3147 867 3269 911 tunc
3299 857 3639 926 feminarum,
3682 872 3819 909 nunc
3847 855 4135 908 monacho-

2558 970 2693 1018 rum,
2728 954 2791 1006 ab
2823 951 3066 1007 Eboraco
3102 951 3170 1006 50
3198 952 3426 1006 millibus
3460 953 3512 1003 in
3540 950 3735 1004 boreali
3776 959 3922 1017 parte
3952 948 4133 1010 situm,

2558 1045 2773 1113 antiquo
2807 1043 3053 1097 vocabulo
3087 1042 3472 1108 Streaneshall,
3500 1042 3654 1094 modo
3682 1039 3897 1109 Witeby
3930 1055 4137 1091 nuncu-

2557 1148 2737 1206 patur,
2769 1136 2907 1205 quod
2937 1135 3000 1189 ab
3038 1135 3255 1205 insignis
3283 1135 3550 1206 religionis
3584 1134 3779 1202 femina
3810 1130 3972 1184 llilda
4000 1145 4136 1196 cap-

2557 1235 2689 1292 tum,
2722 1224 3015 1295 Edel/ieda,
3040 1227 3272 1296 ejusdem
3301 1228 3432 1295 regis
3454 1226 3584 1294 lilia,
3610 1225 3663 1277 in
3688 1223 3934 1293 regimine
3958 1235 4137 1273 succe-

2557 1318 2681 1371 dens
2708 1318 2911 1388 magnis
2938 1318 3201 1387 ﬁscalium
3234 1334 3388 1387 apum
3434 1317 3654 1371 molibus
3689 1316 3857 1368 auxit.
3907 1310 4135 1367 Guiliel-

2558 1424 2678 1463 mus
2707 1407 3069 1474 Cambdenus,
3102 1408 3361 1464 luculenti
3394 1409 3572 1478 operis
3604 1416 3811 1467 auctor,
3844 1403 3984 1472 quod
4010 1401 4132 1454 Bri-

2562 1501 2741 1554 tannia
2774 1499 2963 1571 Magna
2995 1499 3332 1564 inscribitur,
3365 1497 3754 1553 monasterium
3807 1495 3908 1548 hoc
3938 1506 4133 1546 recen-

2560 1593 2681 1646 tiori
2715 1592 2979 1647 vocabulo
3010 1591 3224 1661 Whitby
3254 1591 3571 1655 nominavit,
3605 1604 3726 1643 cum
3757 1587 3832 1639 ait
3867 1604 3879 1639 :
3929 1584 4134 1652 Hujus-

2556 1685 2698 1737 modi
2724 1684 2895 1753 fuerat
2925 1684 3134 1737 abbatia
3159 1684 3223 1738 de
3250 1684 3463 1753 Whitby
3494 1684 3557 1736 ab
3589 1681 3752 1735 Hilda
3787 1681 4022 1743 domina,
4048 1696 4134 1731 rc-

2557 1775 2634 1841 gis
2667 1770 2843 1826 Etvini
2880 1789 2945 1826 ex
2984 1772 3094 1840 ﬁlio
3125 1782 3294 1842 nepte,
3323 1772 3568 1840 fundata.
3600 1770 3777 1836 Quare
3806 1770 3857 1822 in
3899 1775 4135 1821 mentem

864 1853 1025 1907 triam
1073 1863 1439 1909 revocaretur.
1490 1855 1546 1910 id
1578 1856 1666 1911 ubi
1700 1856 1901 1912 factum
1950 1866 2053 1922 est,
2083 1859 2259 1913 locum
2300 1859 2458 1912 unius
2488 1849 2533 1907 Β
2563 1862 2709 1916 venit
2738 1863 2925 1916 mirari
2957 1863 3098 1931 quod
3131 1861 3410 1916 Gerardus
3437 1861 3674 1916 Joannes
3695 1857 3918 1912 Vossius
3947 1855 4040 1908 lib.
4073 1870 4135 1917 ιι,

860 1942 1085 1999 familiae
1111 1946 1177 1999 ad
1222 1947 1644 2015 septentrionem
1678 1948 1913 2017 plagam,
1942 1959 2001 2003 ut
2028 1948 2265 2019 loquitur
2288 1948 2452 2013 Beda,

862 2033 1015 2090 Viuri
1047 2035 1283 2092 ﬂuminis
1313 2040 1540 2108 accepit,
1572 2049 1627 2094 et
1652 2056 1804 2110 aeque
1835 2042 1905 2096 ibi
1945 2057 2110 2095 unum
2143 2057 2344 2096 annum
2375 2042 2456 2095 vi-

862 2136 971 2182 tam
1020 2128 1327 2198 religiosam
1364 2146 1485 2185 cum
1528 2132 1811 2201 perpaucis
1840 2132 2003 2187 sociis
2033 2134 2313 2203 transegit,
2347 2132 2451 2196 vel,

859 2229 922 2273 ut
951 2219 1191 2289 loquitur
1213 2220 1494 2276 Matlhaeus
1518 2221 2143 2286 Westmonasteriensis,
2177 2221 2453 2276 abbatissa

859 2311 1003 2366 facta
1034 2310 1199 2367 fuerit
1223 2312 1290 2367 de
1332 2311 1610 2383 Hertesey.
1643 2312 1740 2368 Cui
1774 2314 1984 2368 muneri
2012 2322 2199 2385 postea
2240 2314 2295 2368 in
2335 2330 2452 2371 cae-

859 2405 1025 2459 nobio
1069 2420 1097 2459 a
1146 2420 1203 2460 se
1251 2414 1564 2461 constructo
1612 2405 2025 2472 Streanshalch,
2082 2406 2136 2461 in
2193 2409 2448 2463 comitatu

857 2494 1187 2550 Eboracensi
1226 2496 1352 2561 sito,
1385 2512 1593 2551 summa
1638 2512 1767 2552 cura
1812 2496 2096 2567 studioque
2129 2497 2364 2569 prmfuit,
2397 2500 2450 2553 in

858 2602 1033 2657 coque
1074 2588 1199 2642 vita:
1244 2602 1440 2658 genere
1485 2604 1655 2659 usque
1702 2588 1769 2643 ad
1796 2597 2026 2643 mortem
2062 2591 2447 2658 perseveravit.

855 2679 1038 2735 Testis
1063 2687 1146 2733 est
1178 2680 1502 2745 luculentus,
1532 2680 1624 2750 qui
1656 2680 1797 2749 apud
1829 2680 2028 2734 Bedam
2071 2689 2271 2746 exstat,
2304 2680 2453 2736 locus

857 2770 953 2826 lib.
1005 2788 1087 2837 tu,
1139 2788 1187 2827 c.
1225 2773 1312 2837 55,
1362 2772 1561 2827 Histor.
1612 2772 1917 2828 ecclesiast.
1964 2773 2141 2829 Verba
2191 2784 2450 2844 concepta

857 2861 895 2916 lt
913 2878 977 2916 cc
1000 2870 1126 2916 sunt
1149 2880 1160 2914 :
1187 2861 1338 2916 Anno
1361 2861 1650 2916 Dominica:
1674 2864 2051 2918 incarnationis
2080 2865 2452 2919 sexcentesimo

857 2954 1172 3022 octogesimo
1210 2951 1604 3022 religiosissima
1653 2950 1850 3006 Christi
1899 2952 2101 3021 famula
2146 2952 2329 3016 Ililda,
2361 2954 2452 3006 ab-

856 3044 1053 3096 batissa
1083 3043 1385 3096 monasterii
1409 3042 1837 3108 Streaneshalch,
1863 3052 1976 3111 post
2005 3043 2169 3096 multa
2191 3059 2309 3110 quae
2330 3044 2453 3113 fecit

854 3135 910 3188 in
939 3136 1091 3188 terris
1138 3150 1295 3203 Opera
1336 3133 1559 3187 coelestia
1602 3134 1671 3187 ad
1703 3134 2041 3204 percipienda
2088 3137 2305 3203 pramaia
2337 3136 2452 3188 vita:

855 3225 1096 3291 caelestis,
1139 3226 1204 3279 de
1246 3226 1398 3279 terris
1440 3224 1619 3279 ablata
1658 3227 1895 3279 transivit
1927 3225 2012 3279 die
2037 3226 2219 3295 quinta
2246 3227 2444 3279 decima

853 3318 1223 3373 Kalendarum
1260 3318 1644 3382 Decembrium,
1688 3334 1805 3371 cum
1838 3328 1966 3371 esset
1998 3334 2259 3371 annorum
2298 3334 2448 3372 sexa-

853 3412 1001 3481 ginta
1029 3426 1120 3464 sea:
1146 3426 1163 3463 :
1198 3408 1387 3478 quibus
1414 3424 1563 3477 wqua
1592 3410 1831 3478 portione
1870 3408 2073 3473 divisis,
2102 3408 2319 3478 triginta
2347 3418 2449 3461 tres

853 3502 1052 3573 primos
1076 3502 1130 3554 in
1160 3499 1405 3553 swculari
1432 3499 1613 3553 habitu
1644 3497 1963 3552 nobilissime
1986 3506 2287 3552 conversata
2311 3514 2451 3552 com-

852 3594 1033 3665 plcvit,
1060 3602 1106 3647 et
1135 3593 1348 3646 totidem
1373 3601 1640 3661 sequentes
1672 3590 1896 3645 nobilius
1921 3592 1976 3645 in
2010 3591 2319 3644 monachica
2348 3591 2449 3645 vita

854 3688 1085 3740 Domino
1110 3685 1452 3749 consecravit,
1480 3692 1586 3738 etc.
1629 3684 1761 3749 Quae
1790 3700 1908 3737 cum
1935 3684 2112 3738 relicto
2136 3683 2319 3738 habitu
2354 3700 2452 3738 stv-

858 3777 1028 3831 culari
1046 3776 1123 3829 illi
1146 3776 1244 3830 soli
1263 3776 1453 3830 servire
1476 3776 1805 3839 decrevisset,
1822 3776 2029 3829 secessit
2045 3776 2114 3827 ad
2129 3776 2450 3843 provinciam

859 3865 1195 3920 Orientalium
1219 3864 1507 3934 Anglorum
1528 3865 1660 3935 (erat
1686 3881 1908 3935 namque
1926 3866 2216 3935 propinqua
2239 3866 2371 3935 regis
2394 3865 2451 3917 il-

854 3959 984 4031 lius)
1017 3959 1321 4014 desiderans
1347 3959 1554 4023 exinde,
1586 3959 1631 4012 si
1659 3975 1759 4028 quo
1794 3958 1948 4011 modo
1985 3967 2174 4027 posset,
2202 3957 2449 4010 derelicta

852 4054 1049 4123 patria,
1086 4061 1133 4105 et
1175 4051 1414 4105 omnibus
1443 4048 1767 4121 qittecunque
1806 4052 2081 4116 habuerat,
2119 4050 2173 4103 in
2219 4048 2449 4103 Galliam

855 4144 1143 4215 pervenire,
1185 4153 1340 4214 atque
1370 4144 1421 4197 in
1464 4144 1783 4197 monasterio
1825 4142 1968 4197 Cala:
1997 4143 2325 4213 peregrinam
2355 4159 2449 4211 pro

856 4236 1087 4290 Domino
1103 4236 1259 4289 vitam
1280 4234 1489 4300 ducere,
1505 4244 1608 4290 etc.
1636 4233 1776 4288 Nam
1793 4245 1837 4288 et
1856 4235 1909 4287 in
1933 4234 2111 4288 eodem
2134 4236 2449 4288 monasterio

854 4342 1009 4380 soror
1064 4326 1225 4393 ipsius
1275 4324 1566 4390 Ha’resvid,
1623 4336 1791 4378 mater
1836 4324 2037 4393 Adulﬁ,
2091 4324 2227 4394 regis
2276 4325 2451 4378 orien-

856 4417 1045 4471 talium
1068 4416 1377 4486 Anglorum,
1407 4415 1734 4486 regularibus
1756 4414 1964 4469 subdita
2000 4414 2312 4484 disciplinis,
2336 4415 2447 4484 ipso

857 4522 1085 4577 tempore
1106 4524 1353 4561 coronam
1380 4505 1709 4575 exspectabat
1731 4514 1977 4559 wternam
1996 4522 2013 4569 ;
2029 4504 2181 4574 cujus
2198 4502 2446 4557 azmalata

856 4601 1171 4670 exemplum,
1202 4610 1248 4653 et
1288 4600 1401 4670 ipsa
1426 4598 1688 4669 proposito
1716 4597 2106 4667 peregrinandi,
2140 4612 2335 4650 annum
2366 4605 2447 4647 to-

857 4706 967 4746 tum
992 4694 1047 4747 in
1076 4691 1301 4762 prtefata
1342 4690 1610 4762 provincia
1648 4697 1887 4742 retenta:
1921 4687 2109 4741 deinde
2148 4686 2211 4739 ab
2239 4685 2445 4738 Aidano

855 4786 1096 4855 episcopo
1144 4784 1199 4837 in
1234 4783 1459 4853 patriam
1512 4790 1770 4847 revocata,
1831 4778 2026 4847 accepit
2071 4776 2242 4831 locum
2292 4777 2445 4829 unius

856 4877 1077 4949 familia:
1124 4876 1193 4929 ad
1234 4874 1693 4947 septentrionalem
1733 4873 1945 4945 plagam
2000 4868 2145 4923 Viuri
2187 4869 2439 4940 fluminis,

856 4969 946 5022 ubi
973 4982 1117 5037 tvque
1147 4983 1284 5020 anno
1314 4981 1418 5019 uno
1448 4964 1811 5019 monachicam
1840 4978 1957 5015 cum
1986 4960 2262 5031 perpaucis
2295 4959 2450 5012 sociis

855 5065 1014 5117 vitam
1045 5062 1254 5133 agebat,
1288 5069 1395 5115 etc.
1426 5058 1650 5129 Contigit
1683 5073 1798 5112 eam
1843 5056 2105 5123 suscipere
2151 5062 2452 5105 construen-

856 5159 984 5213 dum
1016 5158 1121 5213 sive
1152 5154 1506 5211 ordinandum
1538 5151 1913 5207 monasterium
1944 5149 1998 5201 in
2030 5146 2144 5199 loco
2171 5144 2260 5215 qui
2290 5159 2446 5197 voca-

855 5262 945 5304 tur
972 5244 1369 5306 Streanshalch,
1388 5244 1529 5314 qttod
1551 5260 1680 5313 opus
1708 5242 1807 5295 sibi
1833 5240 2129 5308 injunctum
2155 5252 2255 5289 non
2281 5235 2450 5305 segni-

855 5352 935 5396 ter
958 5338 1207 5410 tmplevit.
1235 5336 1467 5389 Faciunt
1491 5334 1655 5389 etiam
1686 5331 1750 5385 ad
1782 5331 1885 5385 hoc
1909 5327 2216 5381 institutum
2246 5339 2307 5379 ea
2330 5338 2449 5392 quae

856 5436 912 5490 in
945 5432 1216 5490 Chronico
1248 5430 1525 5487 Saxonico
1576 5427 1945 5498 reperiuntur,
1978 5422 2119 5492 quod
2146 5435 2310 5490 opera
2339 5430 2452 5475 stu-

1104 5527 1147 5544 ‘v
1216 5524 1277 5544 [εἰ
1371 5524 1409 5544 I.‘
1433 5523 1638 5544 1-.._-_..l:
1687 5517 1931 5544 Πει-ηηηῖἶ
2002 5512 2450 5544 -ιηινηκΛηιΙῖι-οἶηηη

2558 1968 2678 2023 cap.
2706 1953 2796 2018 41,
2829 1953 2905 2009 De
2950 1953 3224 2009 historicis
3250 1952 3459 2007 Latinis
3507 1950 3894 2006 monasterium
3925 1947 4045 2007 hoc,
4081 1945 4136 1997 in

2557 2061 2663 2115 quo
2713 2045 2869 2101 Hilda
2920 2045 3022 2100 fuit
3068 2045 3365 2109 abbatissa,
3421 2042 3697 2097 Herethow
3746 2036 4133 2109 appellaverit;

2554 2137 2715 2206 plane
2741 2138 2886 2192 enim
2918 2137 3020 2192 hoc
3048 2150 3243 2191 nomen
3293 2150 3397 2189 non
3438 2133 3685 2203 quadrat,
3717 2131 3809 2186 sed
3858 2143 3884 2182 a
3936 2126 4138 2183 descri-

2554 2230 2741 2300 ptione
2766 2229 3062 2299 Anglorum
3096 2228 3420 2297 scriptorum
3448 2225 3659 2296 longius
3686 2222 3911 2279 recedit.
3941 2220 3997 2273 in
4034 2220 4137 2274 hoc

2556 2323 2889 2377 monasterio
2917 2320 3359 2383 Streoneshaich,
3396 2319 3538 2389 quod
3569 2317 3711 2373 Beda
3746 2316 4137 2383 interpretatur

2555 2410 2714 2467 Sinus
2758 2411 2916 2477 Fari,
2967 2427 3088 2467 cum
3139 2426 3246 2481 quo
3296 2410 3572 2479 conspirat
3620 2408 3781 2465 etiam
3857 2404 4136 2472 Philippus

2554 2506 2790 2561 Brietius
2820 2506 2873 2559 in
2922 2503 3199 2559 Parallelis
3228 2503 3430 2558 veteris
3478 2511 3535 2557 et
3580 2514 3731 2556 nova:
3774 2496 4133 2567 geographia.

2554 2595 2791 2667 synodus
2822 2596 3019 2650 szeculo
3059 2594 3310 2663 septimo,
3344 2608 3487 2647 anno
3535 2590 3734 2645 Christi
3788 2588 3912 2653 664,
3952 2586 4137 2640 habita

2554 2694 2659 2751 est,
2702 2701 2822 2756 qua:
2871 2684 3030 2739 hodie
3079 2683 3381 2753 appellatur
3427 2680 3737 2743 Pharentis,
3781 2677 3886 2739 vel,
3938 2687 3997 2729 ut
4044 2673 4136 2727 alii

2555 2775 2816 2839 scribunt,
2849 2774 3121 2829 Farensis.
3152 2772 3513 2827 Tractabatur
3537 2780 3716 2824 autem
3748 2768 3799 2821 in
3831 2780 3893 2821 ea
3922 2764 3989 2818 de
4018 2764 4135 2827 lite,

2554 2879 2673 2933 quae
2702 2865 2768 2921 de
2800 2865 2886 2919 die
2912 2863 3206 2919 Paschatos
3236 2863 3375 2916 inter
3404 2852 3605 2931 Anglos
3629 2867 3685 2913 et
3733 2856 3925 2911 Scotos
3948 2862 4134 2909 coorta

2554 2963 2691 3009 erat.
2744 2954 3069 3009 Wilhelmus
3099 2949 3593 3007 Malmesburiensis
3623 2946 3973 3018 quastionem
4005 2944 4039 2995 Ι.
4069 2958 4130 2996 ιιι

2556 3048 2630 3103 De
2658 3048 2823 3119 gestis
2852 3047 3093 3117 pontiﬁc.
3121 3045 3306 3113 Augi.,
3349 3044 3419 3098 ita
3470 3043 3665 3097 format
3696 3058 3710 3091 :
3753 3036 4138 3107 Canquirebant

2554 3140 2679 3210 quid
2704 3152 2835 3194 esset
2870 3140 3232 3203 rectissimum,
3257 3146 3433 3189 utrum
3462 3150 3605 3189 more
3628 3133 3904 3187 Bn‘tonum
3930 3139 3975 3184 et
4006 3128 4138 3183 Sco-

2553 3240 2724 3284 torum
2754 3231 3022 3301 onmisque
3049 3228 3366 3299 aquilonalis
3392 3228 3558 3296 partis
3588 3244 3620 3279 a
3651 3240 3744 3279 xw
3770 3224 3918 3287 luna,
3956 3222 4139 3275 Domi-

2553 3321 2669 3373 nica
2697 3320 2781 3372 die
2811 3319 3040 3373 veniente
3070 3334 3233 3387 usque
3256 3318 3324 3370 ad
3357 3331 3471 3370 χχιι
3508 3314 3712 3368 Pascha
3738 3312 3996 3382 agendum
4020 3326 4039 3363 :
4067 3327 4139 3362 an

2552 3409 2737 3462 melius
2764 3410 2832 3463 sit
2865 3410 3070 3463 ratione
3112 3408 3251 3462 sedis
3300 3404 3602 3476 apostolica:
3648 3421 3680 3458 a
3711 3418 3778 3458 xv
3804 3402 3930 3456 luna
3976 3416 4139 3469 usque

2553 3501 2621 3553 ad
2653 3516 2743 3553 xxi
2774 3497 2982 3554 Pascha
3006 3508 3135 3554 esset
3158 3498 3436 3552 Dominica
3467 3495 3796 3582 celebranda.
3826 3492 3930 3549 Sed
3961 3490 4137 3555 Scoti,

2554 3608 2583 3645 a
2614 3607 2844 3661 quorum
2895 3606 3055 3646 causa
3104 3590 3282 3645 stabat
3329 3588 3510 3653 Hilda,
3559 3586 3711 3642 litem
3762 3584 4132 3656 perdiderunt.

2555 3683 2707 3738 liaud
2739 3682 3011 3737 immerito
3038 3697 3231 3749 magna
3262 3679 3517 3736 sacerdos
3564 3678 3743 3741 Hilda,
3798 3673 4133 3731 sanctissimi

2553 3772 2723 3826 moris
2747 3781 2801 3826 et
2829 3770 3271 3840 exquisitissime
3300 3768 3543 3833 virtutis,
3579 3765 3975 3832 reconditaeque
4005 3776 4134 3815 cru--

2551 3861 2770 3916 ditiouis
2793 3862 2963 3931 virgo,
2996 3876 3024 3913 a
3044 3859 3400 3929 scriptoribus
3422 3858 3660 3929 Anglicis
3681 3870 3786 3911 non
3804 3852 4135 3924 vulgaribus,

2552 3969 2650 4023 pro
2679 3968 2761 4016 eo,
2794 3967 2856 4006 ac
2887 3966 2985 4020 par
3018 3958 3122 4016 est,
3154 3959 3378 4004 ornatur
3408 3948 3617 4018 elogiis,
3648 3946 3833 4014 sicque
3857 3952 4079 3998 vocatur
4101 3956 4133 3994 a

2551 4046 2814 4108 Godvino,
2844 4044 2896 4098 in
2938 4042 3207 4113 episcopis
3228 4041 3682 4102 Eboracensibus,
3710 4036 3898 4089 mulier
3915 4035 4136 4087 sanctis-

2551 4140 2718 4199 sima;
2747 4152 2774 4189 a
2800 4134 2947 4189 Foxo
2978 4134 3031 4187 in
3058 4133 3211 4187 Actis
3242 4132 3376 4195 suis,
3401 4131 3595 4200 femina
3624 4126 3830 4181 erudita
3850 4133 3896 4177 et
3918 4123 4132 4185 devota,-

2552 4240 2581 4279 a
2612 4224 2788 4295 Spetlo
2818 4224 2853 4277 l.
2887 4239 2981 4286 vn,
3013 4238 3062 4277 c.
3095 4221 3184 4286 ΞΟ,
3214 4222 3301 4290 pia
3330 4230 3376 4274 et
3402 4219 3645 4283 erudita;
3674 4233 3702 4271 a
3730 4214 3964 4270 Lelando
3993 4211 4133 4281 apud

2549 4314 2767 4368 Baleum
2798 4321 2936 4367 cent.
2963 4312 3049 4376 10,
3077 4327 3123 4366 e.
3158 4310 3246 4374 16,
3277 4309 3471 4379 femina
3497 4304 3955 4376 incomparabilis;
3982 4314 4036 4356 et
4062 4300 4129 4354 ab

2550 4407 2788 4477 Illyrico,
2821 4405 2925 4459 ﬁde
2952 4403 3177 4458 Lelandi
3202 4412 3257 4456 et
3284 4401 3429 4455 Balei
3463 4400 3513 4453 in
3542 4398 3818 4466 Catalogo,
3843 4406 4009 4448 mater
4032 4392 4133 4444 mi-

2552 4495 2877 4559 sericordiw,
2908 4495 3045 4547 dono
3074 4491 3451 4546 miraculorum
3479 4487 3733 4551 illustris;
3764 4502 3794 4538 a
3829 4483 3991 4537 Baleo
4019 4482 4134 4551 ipso

2552 4596 2695 4643 cent.
2736 4587 2786 4652 1,
2827 4601 2877 4640 c.
2907 4584 2996 4649 80,
3030 4584 3217 4637 mulier
3257 4583 3365 4652 pia,
3398 4580 3644 4650 prudens,
3684 4578 3939 4640 litterata,
3967 4584 4021 4629 et
4066 4572 4135 4627 ab

2551 4680 2739 4735 eodem
2774 4694 2820 4733 c.
2854 4677 2941 4741 94,
2981 4676 3170 4730 mulier
3199 4674 3566 4733 sanctissima;
3600 4687 3629 4725 a
3660 4669 3951 4725 Wilbclmo
3996 4665 4131 4719 Mal-

2552 4772 2907 4829 mesburiensi
2939 4771 3014 4826 De
3046 4771 3214 4841 gestis
3260 4785 3446 4840 regum
3478 4767 3825 4838 Anglicorum
3871 4764 3906 4818 l.
3939 4781 3977 4827 ι,
4005 4763 4138 4815 insi-

2550 4871 2664 4941 gnis
2693 4867 2956 4937 religionis
3004 4864 3219 4933 femina.
3271 4862 3516 4918 Meminit
3554 4861 3717 4915 etiam
3766 4855 3926 4925 hujus
3968 4854 4135 4908 llildte

2556 4960 2796 5024 Simeon,
2827 4957 3122 5012 monachus
3158 4955 3560 5018 Dunelmensis,
3589 4951 3728 5022 apud
3757 4949 4047 5004 Seldenum
4077 4962 4130 5014 p.

2524 5051 2623 5105 '75
2670 5049 2923 5105 editionis
2952 5047 3333 5111 Londinensis,
3358 5046 3469 5111 cui,
3503 5054 3561 5099 ut
3590 5050 3818 5097 testatur
3867 5035 4136 5108 praelatio,

2554 5143 2657 5197 hoc
2686 5156 2822 5210 opus
2849 5139 3141 5209 plurimum
3178 5138 3354 5191 debet.

2628 5234 2828 5288 Horum
2861 5230 3183 5285 auctoritate
3212 5242 3356 5282 nunc
3400 5226 3533 5280 satis
3575 5222 3896 5291 abundeque
3932 5215 4137 5272 evinci-

2560 5334 2662 5388 tur,
2692 5321 2903 5376 Hildam
2951 5319 3167 5374 natione
3206 5317 3373 5372 fuisse
3418 5314 3667 5386 Anglam,
3706 5321 3761 5367 et
3803 5312 3856 5365 iu
3887 5305 4139 5364 etenobio

2562 5413 2975 5474 Streanesheale
3005 5428 3033 5466 a
3063 5426 3120 5466 se
3142 5418 3454 5466 constructo
3475 5406 3644 5461 sacris
3675 5401 3972 5472 virginibus
4000 5411 4139 5465 pr»

2816 5505 2993 5544 ihimm
3016 5519 3080 5544 nn
3108 5500 3349 5544 nrzp'anlm
3378 5510 3602 5544 munere.
3622 5508 3792 5544 usque
3813 5490 3879 5544 ad
3906 5499 4138 5544 mortem

2560 5509 2661 5544 (an!
2672 5524 2697 5544 α
2708 5523 2756 5544 ηι
