4486 5544
370 353 475 412 ως

1759 344 2291 400 PliOLEGOMENA.

3530 353 3634 411 950

368 478 558 519 corum
592 461 893 517 rationibus
925 460 976 514 id
1002 460 1231 530 probare
1276 473 1559 528 queamus.
1588 458 1797 513 lliluam
1830 473 1945 512 om-
1977 461 2018 517 Α
2052 469 2173 512 sunt
2209 478 2217 511 :
2255 458 2391 523 Quia
2443 460 2690 527 scriptum
2722 471 2795 512 est
2822 475 2836 510 :
2870 460 3107 515 Pretium
3138 462 3331 515 anima:
3377 464 3473 517 \iri
3504 467 3637 519 divi-

369 555 499 609 nino
528 554 796 608 diversam
822 566 942 607 esse
971 568 1001 605 a
1036 551 1313 606 Roswitlta
1358 559 1622 605 nostrate.
1658 550 1752 602 Illa
1803 549 1945 603 enim

367 644 469 701 fuit
494 644 666 715 Angla
695 653 749 699 ct
777 644 1026 699 sacerdos
1056 657 1247 712 magna
1274 644 1328 697 in
1361 640 1807 705 Streoneshalch,
1836 642 1942 704 vel,

366 748 423 791 ut
456 736 548 789 alii
579 736 882 799 nominant,
914 733 1349 799 Strconesheaie,
1380 734 1710 788 ntonasterio
1756 734 1808 787 in
1856 747 1947 786 co-

366 828 558 881 mitatu
590 825 918 881 Eboracensi
953 825 1078 890 sito,
1112 826 1225 879 lucc
1265 838 1394 879 vero
1440 825 1539 879 fuit
1568 825 1787 878 natione
1816 822 1948 878 Ger-

366 918 599 981 manica,
633 927 789 987 gente
822 915 1113 980 Saxonica,
1146 916 1297 988 virgo
1326 918 1598 982 sacerdos,
1630 917 1788 987 vulgo
1836 933 1948 971 rno-

369 1010 551 1074 nialis,
582 1010 635 1065 in
668 1009 914 1064 emnobio
944 1008 1476 1074 Gandershcimensi,
1515 1012 1603 1066 ubi
1652 1013 1719 1066 ab
1769 1011 1946 1066 adole-

367 1103 573 1155 scentia
610 1102 777 1155 bonas
812 1110 957 1155 artes
984 1102 1167 1157 didicit
1196 1103 1355 1156 ductu
1388 1102 1671 1157 llicltardis
1710 1112 1761 1157 et
1803 1104 1944 1156 anti-

366 1193 511 1245 stitis
538 1193 761 1263 virginis
793 1193 1107 1264 Gerburgrc,
1140 1209 1364 1263 quarum
1394 1196 1651 1265 discipula
1696 1196 1797 1250 fuit
1844 1195 1949 1251 Ro-

368 1284 587 1350 switha,
612 1291 670 1337 ut
697 1284 923 1353 ipsumet
954 1286 1003 1339 in
1032 1286 1346 1355 praefatione
1375 1288 1427 1340 in
1456 1286 1746 1342 Historiam
1777 1287 1949 1342 beata:

366 1376 590 1445 Virginis
619 1376 801 1431 Maria:
846 1387 1093 1433 testatur.
1129 1378 1394 1435 Prteterea
1451 1397 1723 1451 nunquam
1756 1381 1949 1451 legitur

367 1468 509 1536 quod
538 1467 816 1522 Roswitha
844 1471 1029 1524 eadem
1064 1470 1225 1525 fuerit
1248 1488 1367 1540 qua:
1392 1471 1565 1525 Hilda.
1596 1474 1773 1539 Quare
1806 1488 1949 1528 recte

365 1560 563 1614 asserit
591 1560 853 1629 Georgius
902 1560 1183 1615 Fabricius
1230 1560 1509 1630 Originum
1558 1562 1948 1618 Saxonicarutn

364 1651 459 1705 lib.
488 1668 523 1706 Il
551 1670 563 1706 :
594 1652 669 1707 De
693 1652 950 1708 Roswitha
972 1658 1170 1723 poetria
1189 1660 1374 1710 rectius
1395 1660 1690 1728 gloriantur
1713 1659 1949 1714 Saxones

364 1757 527 1808 quam
554 1741 746 1811 Angli;
774 1760 893 1797 nam
917 1742 1262 1798 Laurentium
1295 1745 1668 1813 Ilumfredum,
1698 1766 1807 1802 sua:
1833 1767 1946 1802 eam

363 1832 555 1899 patria:
598 1835 968 1898 vindicantem,
1034 1852 1135 1888 non
1185 1837 1452 1902 audimus,
1504 1855 1666 1907 neque
1708 1840 1944 1906 ferimus.
1982 1815 2025 1873 Β

365 1920 501 1977 Cum
540 1938 645 1992 quo
676 1926 951 1993 conspirat
978 1926 1251 1981 Gerardus
1298 1926 1535 1985 Joannes
1581 1930 1801 1987 Vossius
1854 1933 1946 1987 lib.

368 2026 429 2073 tt,
461 2026 511 2065 c.
539 2012 630 2077 41,
664 2013 736 2066 De
766 2014 1039 2069 historicis
1087 2015 1294 2071 Latinis
1338 2020 1428 2086 qni
1479 2020 1551 2073 ita
1593 2022 1900 2088 pronuntiat
1937 2043 1945 2073 ;

369 2097 511 2153 Nam
531 2100 859 2169 llumfredus
890 2114 936 2157 et
964 2104 1090 2159 locis
1118 2115 1164 2159 et
1190 2110 1507 2176 temporibus
1532 2110 1805 2178 refellitur,
1835 2128 1951 2163 cum

367 2189 534 2243 Ililtla
585 2192 755 2262 Angla
801 2194 957 2261 fuerit
990 2197 1043 2249 in
1097 2200 1414 2252 monasterio
1468 2199 1765 2266 "cret/tow,
1800 2213 1953 2272 atque

370 2296 515 2333 anno
544 2280 741 2336 Christi
769 2286 1189 2350 det'esscrit68ll,
1215 2304 1459 2357 regnante
1483 2290 1535 2343 in
1570 2289 1951 2346 Northumbria

370 2368 618 2437 ngrido,
650 2374 1090 2441 quemadmodum
1134 2388 1335 2431 constat
1363 2396 1427 2433 ea:
1453 2378 1597 2434 Beda
1631 2382 1721 2436 lib.
1769 2399 1820 2436 tv
1852 2383 1951 2435 lli—

365 2460 675 2526 storiarum,
700 2478 814 2531 cap.
848 2462 936 2518 23.
972 2464 1237 2520 Praeterea
1266 2482 1441 2536 neque
1472 2471 1722 2539 quopiam
1754 2471 1806 2525 in
1839 2472 1954 2525 loco

368 2552 568 2621 legitur
594 2555 735 2623 quod
767 2556 915 2610 llilda
943 2561 1251 2627 pervenerit
1281 2561 1335 2614 in
1372 2562 1738 2630 Germaniam,
1775 2565 1954 2634 ibique

367 2643 537 2700 bonas
564 2658 709 2702 artes
731 2649 998 2717 didicerit,
1029 2652 1225 2721 quippe
1248 2670 1367 2721 quae
1393 2666 1501 2708 tum
1529 2659 1789 2726 temporis
1814 2662 1952 2727 apud

366 2752 465 2791 nos
498 2737 665 2792 ferme
714 2740 1081 2807 exoleverant,
1134 2753 1187 2799 et
1237 2746 1409 2814 magis
1458 2747 1510 2800 in
1554 2748 1741 2818 Anglia
1792 2765 1952 2819 quam

365 2830 504 2897 apud
544 2844 641 2884 nos
671 2831 723 2885 in
762 2832 993 2889 obscuro
1041 2836 1144 2891 isto
1183 2840 1379 2894 sacculo
1405 2841 1803 2896 excolebamur.
1852 2844 1955 2897 Ac-

363 2919 509 2973 cedit
536 2923 679 2989 quod
712 2922 819 2978 illis
844 2928 1196 2995 temporibus,
1230 2930 1424 2996 quibus
1452 2931 1585 2984 vixit
1618 2930 1794 2997 llilda,
1820 2947 1956 2987 non-

366 3007 490 3061 dum
512 3008 1035 3069 Gandersheimense
1060 3017 1449 3072 monasterium
1476 3018 1635 3073 fuerit
1658 3023 1950 3088 conditum,

362 3099 560 3168 quippe
582 3101 725 3171 quod
750 3118 778 3156 a
800 3102 1101 3174 Ludolpho,
1128 3107 1402 3162 Saxonum
1428 3111 1582 3173 (luce,
1606 3114 1953 3181 persuasione

365 3163 764 3263 ejus-conjugis
814 3163 1063 3259 (ΜωίΑ.
1090 3163 1158 3250 ’(Σ.
1191 3198 1316 3261 842,
1352 3200 1403 3253 in
1980 3163 2023 3225 Ο

360 3294 479 3331 rum
508 3284 859 3349 prmcutsoris
888 3282 1109 3341 Joannis
1138 3287 1389 3356 Baptista:
1443 3306 1506 3345 ac
1538 3294 1951 3363 protomartyris

361 3368 639 3439 Stephani,
670 3372 971 3440 fundatum,
1000 3392 1143 3433 anno
1166 3394 1293 3433 vero
1313 3381 1511 3436 Christi
1544 3383 1647 3438 852
1674 3398 1702 3436 a
1735 3385 1791 3437 S.
1835 3385 1950 3439 Alt-

359 3459 531 3528 frido,
569 3475 765 3533 quarto
788 3466 1325 3525 llildesheimcnsium
1356 3477 1630 3542 episcopo,
1656 3490 1946 3531 consecra-

360 3561 472 3606 tum
527 3563 581 3608 et
628 3556 893 3622 dolatum,
935 3560 1242 3618 testimonio
1296 3563 1550 3630 Casparis
1594 3564 1839 3619 Bruscltii
1890 3575 1945 3620 el.

357 3642 625 3725 Gabrielis
658 3646 897 3701 Bucclini
929 3648 1180 3719 legimus.
1237 3651 1458 3716 Verum,
1505 3654 1550 3707 si
1582 3654 1743 3707 verba
1772 3654 1947 3723 diplo-

360 3735 860 3793 iuatis'l‘midatoris
891 3739 1153 3809 Ludolphi
1184 3743 1431 3811 inspicio,
1463 3745 1577 3799 lure
1609 3744 1751 3798 aliud
1783 3746 1949 3816 signi-

362 3824 527 3879 licare
554 3827 683 3881 mihi
716 3829 986 3885 videntur.
1023 3831 1191 3899 Hujus
1221 3834 1365 3887 enim
1390 3836 1709 3890 auctoritate
1737 3845 1949 3891 constat

358 3919 588 3986 primam
618 3921 773 3991 hujus
802 3925 1122 3978 monasterii
1154 3925 1336 3979 sedem
1373 3927 1489 3981 loco
1520 3926 1944 3994 Brtmtcshuscn,

362 4006 524 4061 hodie
549 4007 911 4073 Brunshusen,
944 4011 1110 4068 fuisse
1134 4012 1369 4079 aﬂixam,
1403 4016 1595 4071 deinde
1619 4027 1839 4086 propter
1873 4018 1949 4073 lo-

358 4112 481 4150 cum
508 4098 670 4153 nimis
698 4111 982 4170 angustum
1023 4105 1091 4157 ab
1137 4106 1326 4159 eodem
1374 4105 1678 4177 Ludolpho,
1723 4123 1949 4163 consen-

360 4188 528 4244 tiente
553 4190 669 4258 ejus
695 4192 922 4264 conjuge
950 4194 1085 4259 Oda,
1114 4206 1377 4251 mutatam
1403 4212 1546 4261 esse,
1578 4207 1632 4251 et
1662 4198 1947 4255 celebriori

358 4280 589 4337 aedilicio
637 4285 704 4337 ad
767 4286 1009 4341 Gandam
1066 4302 1302 4354 amnem,
1362 4305 1471 4344 non
1530 4292 1715 4360 procul
1770 4291 1944 4345 Brun-

357 4374 544 4428 shusio
591 4375 899 4442 distantem,
958 4380 1008 4433 in
1040 4382 1297 4436 honorem
1354 4383 1629 4437 Anastasii
1682 4393 1737 4439 et
1786 4385 1943 4438 Inno-

356 4465 523 4519 centii
572 4467 883 4535 pontificum
943 4481 1278 4537 constructo,
1327 4472 1658 4538 translatam,
1711 4472 1799 4527 ubi
1850 4474 1945 4529 lio-

356 4554 603 4608 diernum
654 4559 987 4626 conspicitur
1036 4561 1459 4616 vetustissimum
1525 4563 1664 4618 istud
1720 4572 1943 4633 pr0pter

356 4644 602 4700 Gandam
648 4652 1058 4705 monasterium.
1108 4653 1259 4720 Quod
1320 4670 1449 4711 vero
1496 4667 1706 4726 speetat
1746 4671 1943 4711 annum

358 4735 712 4805 fundationis,
757 4739 933 4796 fateor
966 4743 1184 4813 quidem
1224 4744 1374 4799 illum
1416 4746 1469 4799 in
1515 4745 1809 4816 diplomate
1840 4761 1946 4800 non

353 4843 477 4883 esse
515 4845 855 4901 expressum,
892 4835 1033 4890 haud
1084 4845 1262 4891 tamen
1310 4836 1613 4903 diliiculter,
1665 4839 1710 4893 si
1758 4840 1943 4908 conje—

355 4923 524 4977 cturis
542 4938 649 4977 non
675 4924 925 4980 inanibus
952 4928 1225 4993 standum,
1257 4928 1470 4983 deliniri
1502 4945 1679 5000 posse.
1714 4929 1771 4985 Si
1798 4930 1942 4985 enim

353 5028 496 5068 anno
518 5014 622 5069 855
647 5014 873 5071 Romam
902 5018 1174 5087 profectus
1194 5027 1277 5073 est
1298 5018 1631 5090 Ludolplms,
1656 5022 1820 5092 idque
1844 5022 1948 5075 iter

355 5115 477 5174 post
515 5107 830 5163 inchoatum
861 5125 891 5163 a
918 5124 976 5164 se
1009 5112 1397 5166 monasterium
1435 5115 1695 5185 suscepit,
1741 5114 1795 5169 in
1827 5129 1946 5169 eam

356 5200 685 5254 sententiam
736 5199 975 5257 adducar
1006 5210 1064 5257 tit
1094 5203 1312 5258 credam
1362 5219 1563 5260 annum
1617 5204 1945 5260 fundationis

354 5290 420 5343 ad
449 5304 651 5345 annum
674 5288 875 5344 Christi
905 5292 1011 5348 852
1034 5291 1227 5347 referri
1255 5306 1523 5365 oportere.
1560 5292 1806 5367 Diploma
1841 5296 1943 5350 hoc

350 5392 518 5412 nvolnl
558 5382 705 5412 οισι-ιιι
734 5380 1004 5412 ηηιΙΛηΑΜ
1061 5384 1209 5412 ηυξ-ιι-
1244 5385 1449 5412 ΙΖΙιΑΙΙηη
1477 5398 1581 5412 ιιι..-
1652 5387 1694 5412 ΙΙ
1740 5389 1778 5412 Ι)
1796 5404 1939 5412 -..μ--.ι

2052 552 2136 604 tia:
2162 551 2299 619 ejus,
2334 553 2528 605 idcirco
2580 568 2672 622 ego
2711 551 3055 621 Lutholphus,
3099 554 3208 607 dua:
3249 553 3517 621 Saxoniw,
3546 574 3637 612 no-

2048 653 2154 695 tunt
2184 660 2293 697 esse
2325 645 2478 712 cupio
2508 644 2749 698 omnibus
2787 642 2983 698 Christi
3034 644 3299 712 fidelibus,
3333 658 3439 700 tam
3496 664 3635 717 pre:-

2048 736 2273 789 sentibus
2290 752 2444 805 quam
2464 736 2831 806 futuris,quod
2860 754 2950 807 ego
2976 747 3089 806 post
3117 739 3497 794 inchoationem
3530 758 3639 796 mo-

2051 827 2262 880 nasterii
2288 826 2607 894 puellarum,
2632 829 2770 897 quod
2800 828 2979 881 divina
3028 829 3372 896 inspiratione
3412 846 3639 885 commo-

2050 920 2209 983 nitus,
2259 918 2515 990 simulque
2558 918 2757 973 dilecta:
2802 920 3038 990 conjugis
3083 936 3206 974 mea:
3258 919 3387 974 Odte
3430 923 3644 977 suadela

2050 1015 2315 1078 inductus,
2338 1017 2389 1069 in
2423 1016 2669 1068 honorem
2702 1016 3042 1083 prwcursoris
3072 1013 3422 1086 Stephanique
3468 1028 3646 1085 proto-

2050 1106 2299 1174 martyris
2332 1107 2384 1159 in
2429 1105 2913 1159 Brunnistashusea
2956 1106 3221 1175 redi/icore
3270 1110 3419 1177 ccepi,
3457 1110 3644 1163 litteris

2050 1196 2248 1248 domini
2271 1197 2435 1249 nostri
2452 1195 2763 1249 Luodcveici
2782 1194 3137 1249 Romanorum
3156 1198 3288 1266 regis
3311 1197 3640 1251 invictissimi

2052 1288 2119 1341 ad
2134 1288 2516 1341 sanctissimum
2538 1287 2772 1358 Sergium
2789 1305 2975 1357 papam
2998 1292 3241 1354 acceptis,
3258 1307 3373 1341 cum
3390 1292 3645 1357 prtcdicta

2053 1377 2276 1447 conjuge
2294 1394 2431 1442 mea,
2447 1394 2588 1432 anno
2612 1377 2898 1431 Dominicis
2918 1377 3309 1432 Incarnationis
3334 1381 3649 1448 octingente-

2051 1469 2182 1520 simo
2211 1467 2644 1536 quinquagesimo
2677 1469 2850 1530 tertio,
2884 1468 3169 1521 indictione
3191 1469 3359 1535 prima
3381 1508 3394 1531 ,
3426 1468 3553 1521 llam
3576 1489 3606 1520 η

2051 1559 2141 1621 ibi,
2170 1568 2216 1609 et
2246 1559 2298 1609 in
2321 1559 2599 1626 pra'sentia
2630 1560 2791 1626 ipsius
2832 1558 3020 1611 summi
3066 1558 3326 1625 pontiﬁcis
3373 1561 3644 1627 prtenomi-

2058 1659 2240 1701 natum
2268 1652 2662 1713 monasterium,
2694 1660 2738 1702 et
2768 1666 2973 1703 omnem
3004 1652 3337 1719 praprietatis
3374 1668 3503 1705 mea:
3540 1654 3647 1705 ha:-

2056 1741 2352 1803 reditatcm,
2370 1757 2526 1808 quant
2555 1742 2733 1801 habui,
2754 1740 2984 1793 videlice:
3020 1739 3393 1794 (-‘rrnderscmia
3440 1758 3642 1801 marcu,

2054 1839 2099 1881 et
2128 1829 2365 1899 Aluunge
2406 1845 2586 1882 marcu
2618 1840 2663 1882 et
2716 1829 3013 1899 Rttderingc
3061 1845 3241 1881 marcu
3286 1840 3331 1883 et
3380 1830 3636 1900 Dengdia-

2056 1935 2234 1971 marcu
2258 1930 2303 1972 et
2330 1917 2902 1987 Lachtianiiorpmarctt
2933 1931 2977 1972 et
3007 1919 3113 1971 alia
3136 1918 3248 1971 loca
3272 1920 3497 1986 plurima
3525 1937 3640 1973 cun:

2056 2013 2273 2079 familiis
2306 2014 2575 2079 utriusque
2627 2028 2780 2065 sea'us
2872 2013 3225 2079 apostolorum
3284 2014 3505 2080 principi
3552 2030 3645 2079 pro

2060 2107 2286 2159 remedio
2315 2106 2504 2158 animm
2540 2122 2687 2169 metu,
2713 2114 2757 2157 et
2799 2120 2977 2157 eorum
3010 2102 3187 2166 simul,
3219 2105 3403 2171 quibus
3446 2105 3648 2157 debitor

2056 2197 2249 2258 exstiti,
2278 2198 2330 2247 in
2345 2195 2434 2263 jus
2466 2204 2511 2246 et
2542 2195 2909 2262 proprietatem
2937 2192 3258 2260 integraliler
3286 2193 3501 2254 tradidi,
3537 2207 3641 2247 etc.

2056 2285 2186 2337 Cum
2215 2295 2385 2337 autem
2415 2284 2588 2335 divina
2618 2293 2928 2350 cooperante
2955 2293 3127 2350 gratia
3160 2297 3401 2349 prospere
3432 2284 3643 2335 domum

2058 2376 2410 2437 rediissemus,
2440 2382 2711 2443 gratanter
2740 2389 2768 2424 a
2807 2382 2987 2425 sancto
3020 2373 3237 2440 collegio
3268 2371 3482 2439 recepti,
3508 2387 3647 2423 eunt—

2057 2468 2172 2521 (lem
2202 2466 2370 2520 locum
2408 2482 2558 2519 sacro
2587 2465 2878 2533 puellarum
2913 2465 3064 2517 cu'tui
3108 2466 3335 2517 ridentes
3375 2463 3527 2517 nimi;
3559 2480 3648 2515 an-

2057 2570 2264 2630 gustum
2312 2559 2365 2611 in
2413 2557 2640 2627 quatiant
2688 2556 2816 2608 silva
2867 2555 3189 2607 ltrct'editatis
3242 2564 3456 2618 nostra',
3490 2554 3645 2622 juxta

2058 2649 2273 2717 [iuriam
2298 2645 2517 2710 Gandw,
2546 2647 2632 2716 qui
2673 2646 2777 2699 alio
2822 2646 3027 2699 nomine
3070 2643 3349 2698 Ecltttcrna
3382 2660 3648 2712 nuncupa-

2058 2754 2163 2807 tur,
2206 2756 2343 2794 anno
2382 2741 2445 2793 ab
2498 2740 2859 2793 incarnatione
2915 2737 3124 2790 homini
3185 2736 3309 2801 856,
3362 2736 3647 2787 indictione

2056 2842 2267 2903 quarta,
2298 2833 2567 2887 ecclesiam
2600 2835 2651 2884 in
2683 2832 2877 2883 honore
2899 2830 3267 2896 prastictonun
3290 2827 3646 2894 confessor-um

2059 2942 2161 2978 non
2188 2924 2339 2993 longe
2370 2940 2400 2976 a
2432 2923 2545 2977 loco
2569 2923 2765 2991 priore,
2786 2920 3056 2974 celebriori
3086 2918 3311 2986 cedi/icio
3362 2928 3650 2971 €0ii$ll'lt.‘t‘l-

2058 3033 2191 3069 mus.
2224 3014 2374 3069 Hanc
2396 3029 2573 3070 meam
2628 3012 2997 3081 conjecturam
3055 3009 3311 3080 pra-clare
3358 3007 3648 3063 conﬁrmat

2056 3106 2343 3177 Catalogus
2391 3107 2764 3176 episcoporum
2812 3100 3465 3165 llildcncslzeintcnsium,
3500 3114 3645 3153 sum-

2056 3209 2178 3267 ptus
2205 3197 2269 3252 de
2295 3196 2583 3252 Chronicis
2604 3193 2929 3264 Eggehardi,
2976 3191 3282 3262 \‘rugicusis
3311 3189 3545 3252 abbatis,
3579 3189 3646 3241 ad

2054 3291 2347 3357 Egbertum
2378 3288 2785 3351 COI'bClCIlSCIII,
2810 3302 2930 3339 cum
2955 3293 3346 3338 commemorat
3376 3291 3646 3335 monaste-

2054 3384 2191 3439 rium
2236 3383 2287 3436 in
2316 3380 2688 3435 Brunclhuseu
2748 3392 2890 3432 anno
2932 3376 3037 3430 852
3078 3375 3373 3437 conditum,
3404 3371 3650 3427 Gauder—

2052 3474 2360 3527 sheimense
2387 3486 2515 3526 vere
2547 3478 2742 3539 quarto
2767 3478 2889 3538 post
2916 3468 3029 3521 lucc
3066 3481 3226 3529 anno,
3258 3466 3358 3520 hoc
3378 3474 3459 3519 est
3506 3478 3647 3516 anno

2051 3562 2253 3627 Christi
2277 3560 2398 3624 856,
2424 3560 2756 3615 inchoatum.
2814 3557 2889 3612 Ita
2940 3557 3084 3612 enim
3141 3554 3332 3609 hitur:
3384 3553 3644 3620 Aitfric‘us

2021 3646 2026 3650 ’
2052 3670 2189 3707 anno
2234 3651 2441 3705 Domini
2472 3650 2578 3705 859.
2617 3666 2734 3703 cum
2764 3646 3035 3715 Ludolpho
3065 3646 3231 3712 primo
3273 3644 3404 3697 duce
3433 3644 3486 3696 in
3518 3641 3646 3695 Bru-

2053 3744 2353 3807 netshusen,
2380 3752 2426 3795 εἰ
2466 3750 2654 3811 quarto
2687 3750 2799 3807 pos:
2844 3741 2953 3792 Ita'c
3005 3753 3142 3790 anne
3188 3740 3238 3788 in
3295 3734 3645 3790 Candesheim

2050 3834 2309 3903 uirginum
2338 3832 2626 3885 cceuobium
2656 3829 2939 3882 inchoauit.
2995 3826 3183 3880 [Exstat
3235 3825 3321 3881 hic
3369 3825 3647 3894 catalogus

2052 3924 2191 3995 apud
2226 3922 2583 3986 Leibitizium,
2614 3921 2665 3973 in
2700 3918 2835 3973 liler
2864 3917 2939 3971 De
2968 3916 3326 3985 scriptoribus
3355 3914 3647 3982 antiquita-

2055 4028 2165 4069 tum
2194 4012 2708 4069 Brunswiccnsittm.
2741 4009 2882 4063 ldem
2911 4008 3068 4062 docet
3122 4005 3505 4077 Eagclhusius,
3551 4007 3645 4059 sed

2054 4119 2225 4159 annos
2258 4104 2489 4167 omittit,
2516 4100 2821 4169 asscritque
2849 4098 3027 4166 primo
3058 4096 3554 4150 sanctimonialium
3592 4095 3647 4148 in

2049 4197 2453 4252 Brunteshuscn
2508 4192 2818 4249 ccenobium
2868 4191 3036 4245 fuisse
3076 4189 3331 4245 :edilica'ri
3379 4196 3642 4257 emptum,

2050 4302 2194 4343 anno
2220 4296 2395 4342 autem
2421 4292 2619 4355 quarto
2640 4290 2761 4354 post
2792 4281 2919 4337 idin
2942 4279 3257 4337 Gandersen
3279 4287 3639 4335 exstructum.

2050 4379 2379 4436 Tcstimonia
2416 4376 2728 4449 Engelhusii
2761 4375 2861 4446 legi
2892 4381 3115 4443 possunt
3146 4373 3199 4427 in
3226 4373 3365 4427 libro
3393 4373 3531 4443 ejus,
3549 4373 3637 4426 cui

2052 4474 2240 4530 titulus
2271 4482 2354 4528 est
2380 4490 2392 4526 :
2426 4470 2560 4525 Vita:
2583 4486 2648 4524 ea:
2668 4466 2955 4523 celsissimo
2976 4465 3429 4521 serenissimorum
3450 4471 3643 4515 ducum

2052 4563 2530 4619 Brunswicensium
2580 4560 2736 4614 domo
2783 4558 3147 4619 oriundorum,
3178 4556 3270 4626 qui
3303 4555 3540 4609 insertus
3564 4562 3648 4609 est

2051 4654 2254 4709 Maderi
2284 4652 2714 4723 Antiquitatibus
2744 4646 3272 4711 Brunswicensibns,
3300 4662 3351 4715 p.
3381 4645 3453 4700 26
3480 4662 3495 4710 ;
3527 4654 3641 4700 tum

2051 4747 2104 4800 in
2133 4745 2402 4801 Chronico
2430 4743 2619 4813 ipsius,
2652 4742 2794 4811 quod
2821 4740 3026 4810 pariter
3061 4753 3129 4793 ex
3178 4753 3308 4793 mss.
3368 4737 3646 4793 codicibus

2053 4838 2286 4907 primum
2315 4835 2485 4891 edidit
2513 4834 2782 4898 Maderus,
2813 4847 2865 4901 p.
2900 4830 3023 4885 1'70.
3065 4828 3247 4897 Quare
3274 4842 3394 4883 mea
3429 4836 3647 4884 senten-

2052 4929 2125 4983 tia
2157 4936 2241 4984 est
2261 4925 2631 4982 emendandus
2655 4924 2893 4979 Joannes
2935 4920 3121 4976 Justus
3161 4918 3648 4975 Winckelmannus

2052 5023 2106 5077 in
2162 5019 2360 5076 Notitia
2419 5018 2619 5071 veteris
2668 5012 3196 5081 Saxo-Westphalia:
3240 5012 3318 5066 ita
3356 5019 3647 5066 statuens:

2053 5114 2233 5167 Brimo
2268 5110 2378 5163 dua:
2401 5107 2652 5163 Saxonica
2675 5105 2961 5159 ctenobiunt
2984 5102 3039 5155 in
3071 5101 3414 5157 Brunshusen
3441 5110 3653 5152 exstru-

2051 5207 2147 5261 xit.
2178 5205 2234 5260 ln
2260 5217 2325 5258 eo
2350 5200 2511 5257 etiam
2540 5199 2742 5254 fallitur
2764 5197 3147 5271 Eugelhusius,
3171 5192 3319 5267 quod
3346 5192 3654 5248 cmuobium

2054 5301 2109 5356 in
2140 5294 2543 5354 Bruntesltusen
2578 5294 2631 5349 in
2664 5294 2928 5349 honorem
2958 5288 3231 5346 Anastasii
3275 5293 3332 5339 et
3359 5284 3656 5339 Innocentii

2222 5394 2344 5412 για...
2374 5386 2639 5412 ...αα-,Ληζι
2686 5384 3013 5412 ..τιλξηηκιηω
3075 5396 3199 5412 ηις-μη
3249 5388 3429 5412 Inlnnn
3474 5375 3659 5412 Ineunt;
