  <div class='ocr_page' id='page_1' title='image "/cluster/home/n/w/nwhite01/storage/ocr_20150623/137/hvd.32044021286828/479.png"; bbox 0 0 4486 5544; ppageno 0'>
   <div class='ocr_carea' id='block_1_1' title="bbox 864 395 960 450">
    <p class='ocr_par' dir='ltr' id='par_1_1' title="bbox 864 395 960 450">
     <span class='ocr_line' id='line_1_1' title="bbox 864 395 960 450; baseline -0.01 0"><span class='ocrx_word' id='word_1_1' title='bbox 864 395 960 450; x_wconf 81' lang='grc'><strong>951</strong></span> 
     </span>
    </p>
   </div>
   <div class='ocr_carea' id='block_1_2' title="bbox 2042 367 2899 453">
    <p class='ocr_par' dir='ltr' id='par_1_2' title="bbox 2042 367 2899 453">
     <span class='ocr_line' id='line_1_2' title="bbox 2042 367 2899 453; baseline -0.004 -1"><span class='ocrx_word' id='word_1_2' title='bbox 2042 399 2131 452; x_wconf 75' lang='grc' dir='ltr'><strong>ΑΙ)</strong></span> <span class='ocrx_word' id='word_1_3' title='bbox 2167 396 2393 453; x_wconf 83' lang='lat' dir='ltr'><strong>OPERA</strong></span> <span class='ocrx_word' id='word_1_4' title='bbox 2433 367 2899 452; x_wconf 65' lang='lat' dir='ltr'><strong>IIROTSUITll/E</strong></span> 
     </span>
    </p>
   </div>
   <div class='ocr_carea' id='block_1_3' title="bbox 4019 391 4122 450">
    <p class='ocr_par' dir='ltr' id='par_1_3' title="bbox 4019 391 4122 450">
     <span class='ocr_line' id='line_1_3' title="bbox 4019 391 4122 450; baseline -0.039 0"><span class='ocrx_word' id='word_1_5' title='bbox 4019 391 4122 450; x_wconf 67' lang='lat'><strong>952</strong></span> 
     </span>
    </p>
   </div>
   <div class='ocr_carea' id='block_1_4' title="bbox 866 507 4121 579">
    <p class='ocr_par' dir='ltr' id='par_1_4' title="bbox 866 507 4121 579">
     <span class='ocr_line' id='line_1_4' title="bbox 866 507 4121 579; baseline 0.001 -16"><span class='ocrx_word' id='word_1_6' title='bbox 866 524 973 565; x_wconf 94' lang='lat' dir='ltr'><strong>non</strong></span> <span class='ocrx_word' id='word_1_7' title='bbox 1012 508 1268 579; x_wconf 83' lang='lat' dir='ltr'><strong>gaudent.</strong></span> <span class='ocrx_word' id='word_1_8' title='bbox 1295 508 1427 563; x_wconf 86' lang='lat' dir='ltr'><strong>Nam</strong></span> <span class='ocrx_word' id='word_1_9' title='bbox 1475 511 1779 567; x_wconf 89' lang='lat' dir='ltr'><strong>testimonio</strong></span> <span class='ocrx_word' id='word_1_10' title='bbox 1826 513 2062 568; x_wconf 86' lang='lat' dir='ltr'><strong>doctoris</strong></span> <span class='ocrx_word' id='word_1_11' title='bbox 2108 515 2290 568; x_wconf 82' lang='lat' dir='ltr'><strong>Jacobi</strong></span> <span class='ocrx_word' id='word_1_12' title='bbox 2342 520 2447 567; x_wconf 80' lang='lat' dir='ltr'><strong>An-</strong></span> <span class='ocrx_word' id='word_1_13' title='bbox 2478 519 2521 576; x_wconf 84' lang='grc' dir='ltr'><strong>Λ</strong></span> <span class='ocrx_word' id='word_1_14' title='bbox 2552 513 2795 567; x_wconf 80' lang='lat' dir='ltr'><strong>desiisse.</strong></span> <span class='ocrx_word' id='word_1_15' title='bbox 2830 512 2972 567; x_wconf 90' lang='lat' dir='ltr'><strong>Idem</strong></span> <span class='ocrx_word' id='word_1_16' title='bbox 3024 511 3179 566; x_wconf 85' lang='lat' dir='ltr'><strong>docet</strong></span> <span class='ocrx_word' id='word_1_17' title='bbox 3229 509 3532 565; x_wconf 90' lang='lat' dir='ltr'><strong>Chronieon</strong></span> <span class='ocrx_word' id='word_1_18' title='bbox 3589 507 3912 564; x_wconf 83' lang='lat' dir='ltr'><strong>Saxonicum</strong></span> <span class='ocrx_word' id='word_1_19' title='bbox 3965 522 4121 566; x_wconf 98' lang='lat' dir='ltr'><strong>antea</strong></span> 
     </span>
    </p>
   </div>
   <div class='ocr_carea' id='block_1_5' title="bbox 866 594 2445 673">
    <p class='ocr_par' dir='ltr' id='par_1_5' title="bbox 866 594 2445 673">
     <span class='ocr_line' id='line_1_5' title="bbox 866 594 2445 673; baseline 0.001 -19"><span class='ocrx_word' id='word_1_20' title='bbox 866 594 1036 665; x_wconf 55' lang='lat' dir='ltr'><strong>ureae:</strong></span> <span class='ocrx_word' id='word_1_21' title='bbox 1083 600 1135 655; x_wconf 93' lang='lat' dir='ltr'><strong>in</strong></span> <span class='ocrx_word' id='word_1_22' title='bbox 1181 600 1428 657; x_wconf 90' lang='lat' dir='ltr'><strong>oratione</strong></span> <span class='ocrx_word' id='word_1_23' title='bbox 1477 603 1541 657; x_wconf 90' lang='lat' dir='ltr'><strong>de</strong></span> <span class='ocrx_word' id='word_1_24' title='bbox 1588 603 1888 673; x_wconf 88' lang='lat' dir='ltr'><strong>principum</strong></span> <span class='ocrx_word' id='word_1_25' title='bbox 1926 603 2100 659; x_wconf 86' lang='lat' dir='ltr'><strong>ollicio</strong></span> <span class='ocrx_word' id='word_1_26' title='bbox 2129 605 2178 657; x_wconf 93' lang='lat' dir='ltr'><strong>in</strong></span> <span class='ocrx_word' id='word_1_27' title='bbox 2208 603 2445 673; x_wconf 85' lang='lat' dir='ltr'><strong>collegiis</strong></span> 
     </span>
    </p>
   </div>
   <div class='ocr_carea' id='block_1_6' title="bbox 868 696 2445 760">
    <p class='ocr_par' dir='ltr' id='par_1_6' title="bbox 868 696 2445 760">
     <span class='ocr_line' id='line_1_6' title="bbox 868 696 2445 760; baseline 0 -11"><span class='ocrx_word' id='word_1_28' title='bbox 868 696 1185 751; x_wconf 75' lang='lat' dir='ltr'><strong>monasticis</strong></span> <span class='ocrx_word' id='word_1_29' title='bbox 1226 697 1439 751; x_wconf 88' lang='lat' dir='ltr'><strong>tuendis</strong></span> <span class='ocrx_word' id='word_1_30' title='bbox 1484 705 1538 750; x_wconf 89' lang='lat' dir='ltr'><strong>et</strong></span> <span class='ocrx_word' id='word_1_31' title='bbox 1589 698 1783 752; x_wconf 91' lang='lat' dir='ltr'><strong>studiis</strong></span> <span class='ocrx_word' id='word_1_32' title='bbox 1834 698 2132 753; x_wconf 87' lang='lat' dir='ltr'><strong>litterarum</strong></span> <span class='ocrx_word' id='word_1_33' title='bbox 2182 697 2445 760; x_wconf 80' lang='lat' dir='ltr'><strong>fovendis,</strong></span> 
     </span>
    </p>
   </div>
   <div class='ocr_carea' id='block_1_7' title="bbox 866 784 2450 858">
    <p class='ocr_par' dir='ltr' id='par_1_7' title="bbox 866 784 2450 858">
     <span class='ocr_line' id='line_1_7' title="bbox 866 784 2450 858; baseline 0.001 -18"><span class='ocrx_word' id='word_1_34' title='bbox 866 800 1014 841; x_wconf 87' lang='lat' dir='ltr'><strong>anno</strong></span> <span class='ocrx_word' id='word_1_35' title='bbox 1049 784 1251 841; x_wconf 90' lang='lat' dir='ltr'><strong>Christi</strong></span> <span class='ocrx_word' id='word_1_36' title='bbox 1302 785 1430 841; x_wconf 82' lang='grc'><strong>1571</strong></span> <span class='ocrx_word' id='word_1_37' title='bbox 1482 787 1744 858; x_wconf 71' lang='lat' dir='ltr'><strong>Tuhingaa</strong></span> <span class='ocrx_word' id='word_1_38' title='bbox 1788 789 2002 854; x_wconf 89' lang='lat' dir='ltr'><strong>habita,</strong></span> <span class='ocrx_word' id='word_1_39' title='bbox 2030 789 2275 858; x_wconf 79' lang='lat' dir='ltr'><strong>legimus,</strong></span> <span class='ocrx_word' id='word_1_40' title='bbox 2306 791 2450 857; x_wconf 89' lang='lat' dir='ltr'><strong>quod</strong></span> 
     </span>
    </p>
   </div>
   <div class='ocr_carea' id='block_1_8' title="bbox 866 875 2449 933">
    <p class='ocr_par' dir='ltr' id='par_1_8' title="bbox 866 875 2449 933">
     <span class='ocr_line' id='line_1_8' title="bbox 866 875 2449 933; baseline 0.003 -6"><span class='ocrx_word' id='word_1_41' title='bbox 866 885 1226 930; x_wconf 87' lang='lat' dir='ltr'><strong>memoratum</strong></span> <span class='ocrx_word' id='word_1_42' title='bbox 1286 875 1589 930; x_wconf 78' lang='lat' dir='ltr'><strong>ccenobium</strong></span> <span class='ocrx_word' id='word_1_43' title='bbox 1647 876 2168 933; x_wconf 87' lang='lat' dir='ltr'><strong>Gandersheimeuse</strong></span> <span class='ocrx_word' id='word_1_44' title='bbox 2227 877 2295 931; x_wconf 75' lang='grc'>24</span> <span class='ocrx_word' id='word_1_45' title='bbox 2342 878 2449 931; x_wconf 90' lang='lat' dir='ltr'><strong>vir-</strong></span> 
     </span>
    </p>
   </div>
   <div class='ocr_carea' id='block_1_9' title="bbox 866 967 2446 1037">
    <p class='ocr_par' dir='ltr' id='par_1_9' title="bbox 866 967 2446 1037">
     <span class='ocr_line' id='line_1_9' title="bbox 866 967 2446 1037; baseline 0 -17"><span class='ocrx_word' id='word_1_46' title='bbox 866 967 1053 1034; x_wconf 76' lang='lat' dir='ltr'><strong>gines‘,</strong></span> <span class='ocrx_word' id='word_1_47' title='bbox 1097 967 1390 1022; x_wconf 85' lang='lat' dir='ltr'><strong>canonicos</strong></span> <span class='ocrx_word' id='word_1_48' title='bbox 1427 967 1528 1033; x_wconf 73' lang='lat'><strong>12,</strong></span> <span class='ocrx_word' id='word_1_49' title='bbox 1574 983 1697 1023; x_wconf 89' lang='lat' dir='ltr'><strong>cum</strong></span> <span class='ocrx_word' id='word_1_50' title='bbox 1740 968 1961 1023; x_wconf 87' lang='lat' dir='ltr'><strong>vicariis</strong></span> <span class='ocrx_word' id='word_1_51' title='bbox 2000 967 2064 1032; x_wconf 90' lang='lat'><strong>8,</strong></span> <span class='ocrx_word' id='word_1_52' title='bbox 2113 968 2446 1037; x_wconf 81' lang='lat' dir='ltr'><strong>complexum</strong></span> 
     </span>
    </p>
   </div>
   <div class='ocr_carea' id='block_1_10' title="bbox 864 1055 2449 1125">
    <p class='ocr_par' dir='ltr' id='par_1_10' title="bbox 864 1055 2449 1125">
     <span class='ocr_line' id='line_1_10' title="bbox 864 1055 2449 1125; baseline 0.003 -16"><span class='ocrx_word' id='word_1_53' title='bbox 864 1055 1053 1122; x_wconf 92' lang='lat' dir='ltr'><strong>fuerit,</strong></span> <span class='ocrx_word' id='word_1_54' title='bbox 1079 1072 1269 1112; x_wconf 89' lang='lat' dir='ltr'><strong>omnes</strong></span> <span class='ocrx_word' id='word_1_55' title='bbox 1302 1056 1865 1125; x_wconf 83' lang='lat' dir='ltr'><strong>tamenjurisdictioni</strong></span> <span class='ocrx_word' id='word_1_56' title='bbox 1914 1068 1968 1113; x_wconf 87' lang='lat' dir='ltr'><strong>et</strong></span> <span class='ocrx_word' id='word_1_57' title='bbox 2005 1058 2324 1115; x_wconf 85' lang='lat' dir='ltr'><strong>obedientiae</strong></span> <span class='ocrx_word' id='word_1_58' title='bbox 2363 1060 2449 1113; x_wconf 86' lang='lat' dir='ltr'><strong>ab-</strong></span> 
     </span>
    </p>
   </div>
   <div class='ocr_carea' id='block_1_11' title="bbox 863 1145 2449 1205">
    <p class='ocr_par' dir='ltr' id='par_1_11' title="bbox 863 1145 2449 1205">
     <span class='ocr_line' id='line_1_11' title="bbox 863 1145 2449 1205; baseline 0.002 -6"><span class='ocrx_word' id='word_1_59' title='bbox 863 1145 1085 1200; x_wconf 64' lang='lat' dir='ltr'><strong>batissa:</strong></span> <span class='ocrx_word' id='word_1_60' title='bbox 1106 1154 1160 1199; x_wconf 90' lang='lat' dir='ltr'><strong>et</strong></span> <span class='ocrx_word' id='word_1_61' title='bbox 1190 1146 1483 1201; x_wconf 85' lang='lat' dir='ltr'><strong>decanissae</strong></span> <span class='ocrx_word' id='word_1_62' title='bbox 1511 1146 1793 1203; x_wconf 87' lang='lat' dir='ltr'><strong>obnoxios.</strong></span> <span class='ocrx_word' id='word_1_63' title='bbox 1830 1148 2095 1203; x_wconf 56' lang='lat' dir='ltr'><strong>Caeterum</strong></span> <span class='ocrx_word' id='word_1_64' title='bbox 2129 1159 2185 1203; x_wconf 87' lang='lat' dir='ltr'><strong>et</strong></span> <span class='ocrx_word' id='word_1_65' title='bbox 2214 1150 2278 1204; x_wconf 90' lang='lat' dir='ltr'><strong>de</strong></span> <span class='ocrx_word' id='word_1_66' title='bbox 2306 1150 2449 1205; x_wconf 81' lang='lat' dir='ltr'><strong>Gan-</strong></span> 
     </span>
    </p>
   </div>
   <div class='ocr_carea' id='block_1_12' title="bbox 868 1234 2448 1308">
    <p class='ocr_par' dir='ltr' id='par_1_12' title="bbox 868 1234 2448 1308">
     <span class='ocr_line' id='line_1_12' title="bbox 868 1234 2448 1308; baseline 0.005 -23"><span class='ocrx_word' id='word_1_67' title='bbox 868 1234 1196 1289; x_wconf 88' lang='lat' dir='ltr'><strong>dersheimio</strong></span> <span class='ocrx_word' id='word_1_68' title='bbox 1222 1235 1271 1289; x_wconf 91' lang='lat' dir='ltr'><strong>id</strong></span> <span class='ocrx_word' id='word_1_69' title='bbox 1297 1236 1573 1291; x_wconf 86' lang='lat' dir='ltr'><strong>observari</strong></span> <span class='ocrx_word' id='word_1_70' title='bbox 1607 1251 1705 1305; x_wconf 91' lang='lat' dir='ltr'><strong>par</strong></span> <span class='ocrx_word' id='word_1_71' title='bbox 1749 1246 1849 1303; x_wconf 88' lang='lat' dir='ltr'><strong>est,</strong></span> <span class='ocrx_word' id='word_1_72' title='bbox 1881 1239 2024 1308; x_wconf 86' lang='lat' dir='ltr'><strong>quod</strong></span> <span class='ocrx_word' id='word_1_73' title='bbox 2070 1240 2448 1294; x_wconf 88' lang='lat' dir='ltr'><strong>serenissimus</strong></span> 
     </span>
    </p>
   </div>
   <div class='ocr_carea' id='block_1_13' title="bbox 866 1323 2449 1400">
    <p class='ocr_par' dir='ltr' id='par_1_13' title="bbox 866 1323 2449 1400">
     <span class='ocr_line' id='line_1_13' title="bbox 866 1323 2449 1400; baseline 0.003 -22"><span class='ocrx_word' id='word_1_74' title='bbox 866 1323 1061 1389; x_wconf 86' lang='lat' dir='ltr'><strong>Julius,</strong></span> <span class='ocrx_word' id='word_1_75' title='bbox 1096 1324 1589 1381; x_wconf 87' lang='lat' dir='ltr'><strong>Brunswicensium</strong></span> <span class='ocrx_word' id='word_1_76' title='bbox 1638 1328 1769 1392; x_wconf 82' lang='lat' dir='ltr'><strong>dux,</strong></span> <span class='ocrx_word' id='word_1_77' title='bbox 1817 1329 1960 1384; x_wconf 73' lang='lat' dir='ltr'><strong>Inlue</strong></span> <span class='ocrx_word' id='word_1_78' title='bbox 2008 1330 2182 1385; x_wconf 92' lang='lat' dir='ltr'><strong>locum</strong></span> <span class='ocrx_word' id='word_1_79' title='bbox 2230 1340 2449 1400; x_wconf 92' lang='lat' dir='ltr'><strong>propter</strong></span> 
     </span>
    </p>
   </div>
   <div class='ocr_carea' id='block_1_14' title="bbox 864 1417 2446 1491">
    <p class='ocr_par' dir='ltr' id='par_1_14' title="bbox 864 1417 2446 1491">
     <span class='ocr_line' id='line_1_14' title="bbox 864 1417 2446 1491; baseline 0.003 -21"><span class='ocrx_word' id='word_1_80' title='bbox 864 1417 1171 1472; x_wconf 90' lang='lat' dir='ltr'><strong>litterarum</strong></span> <span class='ocrx_word' id='word_1_81' title='bbox 1203 1419 1400 1482; x_wconf 91' lang='lat' dir='ltr'><strong>studia,</strong></span> <span class='ocrx_word' id='word_1_82' title='bbox 1424 1434 1544 1489; x_wconf 73' lang='lat' dir='ltr'><strong>tunc</strong></span> <span class='ocrx_word' id='word_1_83' title='bbox 1572 1420 1767 1475; x_wconf 91' lang='lat' dir='ltr'><strong>ibidem</strong></span> <span class='ocrx_word' id='word_1_84' title='bbox 1799 1436 2011 1490; x_wconf 90' lang='lat' dir='ltr'><strong>semper</strong></span> <span class='ocrx_word' id='word_1_85' title='bbox 2036 1421 2175 1476; x_wconf 87' lang='lat' dir='ltr'><strong>culta</strong></span> <span class='ocrx_word' id='word_1_86' title='bbox 2206 1433 2366 1491; x_wconf 89' lang='lat' dir='ltr'><strong>atque</strong></span> <span class='ocrx_word' id='word_1_87' title='bbox 2396 1424 2446 1475; x_wconf 93' lang='lat' dir='ltr'><strong>in</strong></span> 
     </span>
    </p>
   </div>
   <div class='ocr_carea' id='block_1_15' title="bbox 865 1506 2446 1581">
    <p class='ocr_par' dir='ltr' id='par_1_15' title="bbox 865 1506 2446 1581">
     <span class='ocr_line' id='line_1_15' title="bbox 865 1506 2446 1581; baseline 0.006 -23"><span class='ocrx_word' id='word_1_88' title='bbox 865 1507 982 1575; x_wconf 90' lang='lat' dir='ltr'><strong>ipsa</strong></span> <span class='ocrx_word' id='word_1_89' title='bbox 1010 1506 1261 1562; x_wconf 89' lang='lat' dir='ltr'><strong>barbarie</strong></span> <span class='ocrx_word' id='word_1_90' title='bbox 1291 1518 1609 1563; x_wconf 87' lang='lat' dir='ltr'><strong>conservata</strong></span> <span class='ocrx_word' id='word_1_91' title='bbox 1640 1519 1786 1574; x_wconf 87' lang='lat' dir='ltr'><strong>sunt,</strong></span> <span class='ocrx_word' id='word_1_92' title='bbox 1814 1511 2034 1565; x_wconf 79' lang='lat' dir='ltr'><strong>maximi</strong></span> <span class='ocrx_word' id='word_1_93' title='bbox 2064 1510 2274 1577; x_wconf 77' lang='lat' dir='ltr'><strong>fecerit,</strong></span> <span class='ocrx_word' id='word_1_94' title='bbox 2304 1513 2446 1581; x_wconf 83' lang='lat' dir='ltr'><strong>ejus-</strong></span> 
     </span>
    </p>
   </div>
   <div class='ocr_carea' id='block_1_16' title="bbox 865 1601 2450 1673">
    <p class='ocr_par' dir='ltr' id='par_1_16' title="bbox 865 1601 2450 1673">
     <span class='ocr_line' id='line_1_16' title="bbox 865 1601 2450 1673; baseline 0.005 -23"><span class='ocrx_word' id='word_1_95' title='bbox 865 1614 972 1667; x_wconf 91' lang='lat' dir='ltr'><strong>que</strong></span> <span class='ocrx_word' id='word_1_96' title='bbox 1002 1614 1185 1655; x_wconf 84' lang='lat' dir='ltr'><strong>amore</strong></span> <span class='ocrx_word' id='word_1_97' title='bbox 1215 1601 1352 1655; x_wconf 89' lang='lat' dir='ltr'><strong>adeo</strong></span> <span class='ocrx_word' id='word_1_98' title='bbox 1385 1611 1577 1671; x_wconf 85' lang='lat' dir='ltr'><strong>captus</strong></span> <span class='ocrx_word' id='word_1_99' title='bbox 1619 1601 1815 1666; x_wconf 87' lang='lat' dir='ltr'><strong>fuerit,</strong></span> <span class='ocrx_word' id='word_1_100' title='bbox 1848 1612 1907 1656; x_wconf 93' lang='lat' dir='ltr'><strong>ut</strong></span> <span class='ocrx_word' id='word_1_101' title='bbox 1950 1617 2014 1657; x_wconf 93' lang='lat' dir='ltr'><strong>eo</strong></span> <span class='ocrx_word' id='word_1_102' title='bbox 2064 1612 2301 1673; x_wconf 87' lang='lat' dir='ltr'><strong>tempore</strong></span> <span class='ocrx_word' id='word_1_103' title='bbox 2346 1619 2450 1672; x_wconf 79' lang='lat' dir='ltr'><strong>quo</strong></span> 
     </span>
    </p>
   </div>
   <div class='ocr_carea' id='block_1_17' title="bbox 868 1692 2450 1765">
    <p class='ocr_par' dir='ltr' id='par_1_17' title="bbox 868 1692 2450 1765">
     <span class='ocr_line' id='line_1_17' title="bbox 868 1692 2450 1765; baseline 0.003 -20"><span class='ocrx_word' id='word_1_104' title='bbox 868 1706 1024 1746; x_wconf 87' lang='lat' dir='ltr'><strong>sacra</strong></span> <span class='ocrx_word' id='word_1_105' title='bbox 1057 1692 1499 1759; x_wconf 85' lang='lat' dir='ltr'><strong>emendarentur,</strong></span> <span class='ocrx_word' id='word_1_106' title='bbox 1541 1695 1686 1749; x_wconf 91' lang='lat' dir='ltr'><strong>hunc</strong></span> <span class='ocrx_word' id='word_1_107' title='bbox 1711 1695 2021 1765; x_wconf 65' lang='lat' dir='ltr'><strong>paedagogio</strong></span> <span class='ocrx_word' id='word_1_108' title='bbox 2040 1706 2347 1751; x_wconf 85' lang='lat' dir='ltr'><strong>exornaret.</strong></span> <span class='ocrx_word' id='word_1_109' title='bbox 2381 1697 2450 1749; x_wconf 86' lang='lat' dir='ltr'><strong>At</strong></span> 
     </span>
    </p>
   </div>
   <div class='ocr_carea' id='block_1_18' title="bbox 866 1780 2447 1855">
    <p class='ocr_par' dir='ltr' id='par_1_18' title="bbox 866 1780 2447 1855">
     <span class='ocr_line' id='line_1_18' title="bbox 866 1780 2447 1855; baseline 0.002 -20"><span class='ocrx_word' id='word_1_110' title='bbox 866 1780 1149 1835; x_wconf 86' lang='lat' dir='ltr'><strong>enimvero</strong></span> <span class='ocrx_word' id='word_1_111' title='bbox 1180 1797 1301 1836; x_wconf 92' lang='lat' dir='ltr'><strong>eum</strong></span> <span class='ocrx_word' id='word_1_112' title='bbox 1331 1790 1513 1851; x_wconf 89' lang='lat' dir='ltr'><strong>postea</strong></span> <span class='ocrx_word' id='word_1_113' title='bbox 1539 1782 1919 1838; x_wconf 72' lang='lat' dir='ltr'><strong>observaretur</strong></span> <span class='ocrx_word' id='word_1_114' title='bbox 1945 1784 2311 1855; x_wconf 71' lang='lat' dir='ltr'><strong>paadagogium</strong></span> <span class='ocrx_word' id='word_1_115' title='bbox 2347 1785 2447 1838; x_wconf 92' lang='lat' dir='ltr'><strong>hoc</strong></span> 
     </span>
    </p>
   </div>
   <div class='ocr_carea' id='block_1_19' title="bbox 864 1862 2530 1936">
    <p class='ocr_par' dir='ltr' id='par_1_19' title="bbox 864 1862 2530 1936">
     <span class='ocr_line' id='line_1_19' title="bbox 864 1862 2530 1936; baseline -0.001 -13"><span class='ocrx_word' id='word_1_116' title='bbox 864 1869 1075 1923; x_wconf 52' lang='lat' dir='ltr'><strong>illustre</strong></span> <span class='ocrx_word' id='word_1_117' title='bbox 1130 1885 1237 1924; x_wconf 91' lang='lat' dir='ltr'><strong>non</strong></span> <span class='ocrx_word' id='word_1_118' title='bbox 1278 1871 1410 1924; x_wconf 82' lang='lat' dir='ltr'><strong>satis</strong></span> <span class='ocrx_word' id='word_1_119' title='bbox 1458 1872 1744 1926; x_wconf 88' lang='lat' dir='ltr'><strong>commodo</strong></span> <span class='ocrx_word' id='word_1_120' title='bbox 1786 1872 1904 1927; x_wconf 91' lang='lat' dir='ltr'><strong>loco</strong></span> <span class='ocrx_word' id='word_1_121' title='bbox 1951 1873 2135 1936; x_wconf 90' lang='lat' dir='ltr'><strong>situm,</strong></span> <span class='ocrx_word' id='word_1_122' title='bbox 2168 1874 2259 1927; x_wconf 89' lang='lat' dir='ltr'><strong>sed</strong></span> <span class='ocrx_word' id='word_1_123' title='bbox 2306 1872 2452 1926; x_wconf 62' lang='lat' dir='ltr'><strong>silvai</strong></span> <span class='ocrx_word' id='word_1_124' title='bbox 2486 1862 2530 1921; x_wconf 85' lang='grc' dir='ltr'><strong>Β</strong></span> 
     </span>
    </p>
   </div>
   <div class='ocr_carea' id='block_1_20' title="bbox 869 1956 2455 2028">
    <p class='ocr_par' dir='ltr' id='par_1_20' title="bbox 869 1956 2455 2028">
     <span class='ocr_line' id='line_1_20' title="bbox 869 1956 2455 2028; baseline 0.002 -19"><span class='ocrx_word' id='word_1_125' title='bbox 869 1956 1151 2027; x_wconf 78' lang='lat' dir='ltr'><strong>Hercynia:</strong></span> <span class='ocrx_word' id='word_1_126' title='bbox 1176 1958 1480 2026; x_wconf 82' lang='lat' dir='ltr'><strong>proximum</strong></span> <span class='ocrx_word' id='word_1_127' title='bbox 1511 1959 1696 2013; x_wconf 91' lang='lat' dir='ltr'><strong>multis</strong></span> <span class='ocrx_word' id='word_1_128' title='bbox 1720 1974 1982 2028; x_wconf 90' lang='lat' dir='ltr'><strong>aquarum</strong></span> <span class='ocrx_word' id='word_1_129' title='bbox 2023 1960 2365 2014; x_wconf 88' lang='lat' dir='ltr'><strong>eluvionibus</strong></span> <span class='ocrx_word' id='word_1_130' title='bbox 2401 1969 2455 2013; x_wconf 88' lang='lat' dir='ltr'><strong>et</strong></span> 
     </span>
    </p>
   </div>
   <div class='ocr_carea' id='block_1_21' title="bbox 866 2047 2452 2117">
    <p class='ocr_par' dir='ltr' id='par_1_21' title="bbox 866 2047 2452 2117">
     <span class='ocr_line' id='line_1_21' title="bbox 866 2047 2452 2117; baseline 0.004 -17"><span class='ocrx_word' id='word_1_131' title='bbox 866 2047 993 2103; x_wconf 89' lang='lat' dir='ltr'><strong>inde</strong></span> <span class='ocrx_word' id='word_1_132' title='bbox 1014 2048 1386 2102; x_wconf 85' lang='lat' dir='ltr'><strong>evenientibus</strong></span> <span class='ocrx_word' id='word_1_133' title='bbox 1419 2049 1671 2116; x_wconf 77' lang='lat' dir='ltr'><strong>periculis</strong></span> <span class='ocrx_word' id='word_1_134' title='bbox 1694 2050 1985 2104; x_wconf 78' lang='lat' dir='ltr'><strong>obnoxium</strong></span> <span class='ocrx_word' id='word_1_135' title='bbox 2017 2066 2160 2117; x_wconf 91' lang='lat' dir='ltr'><strong>esse,</strong></span> <span class='ocrx_word' id='word_1_136' title='bbox 2176 2052 2254 2106; x_wconf 93' lang='lat' dir='ltr'><strong>sic</strong></span> <span class='ocrx_word' id='word_1_137' title='bbox 2278 2052 2452 2106; x_wconf 89' lang='lat' dir='ltr'><strong>eidem</strong></span> 
     </span>
    </p>
   </div>
   <div class='ocr_carea' id='block_1_22' title="bbox 869 2138 2454 2206">
    <p class='ocr_par' dir='ltr' id='par_1_22' title="bbox 869 2138 2454 2206">
     <span class='ocr_line' id='line_1_22' title="bbox 869 2138 2454 2206; baseline 0.004 -15"><span class='ocrx_word' id='word_1_138' title='bbox 869 2138 1224 2195; x_wconf 83' lang='lat' dir='ltr'><strong>serenissima</strong></span> <span class='ocrx_word' id='word_1_139' title='bbox 1281 2139 1399 2193; x_wconf 89' lang='lat' dir='ltr'><strong>duci</strong></span> <span class='ocrx_word' id='word_1_140' title='bbox 1453 2138 1595 2196; x_wconf 88' lang='lat' dir='ltr'><strong>Julio</strong></span> <span class='ocrx_word' id='word_1_141' title='bbox 1656 2141 1828 2195; x_wconf 83' lang='lat' dir='ltr'><strong>visum</strong></span> <span class='ocrx_word' id='word_1_142' title='bbox 1886 2141 2028 2206; x_wconf 88' lang='lat' dir='ltr'><strong>fuit,</strong></span> <span class='ocrx_word' id='word_1_143' title='bbox 2082 2143 2209 2197; x_wconf 88' lang='lat' dir='ltr'><strong>illud</strong></span> <span class='ocrx_word' id='word_1_144' title='bbox 2275 2152 2454 2197; x_wconf 84' lang='lat' dir='ltr'><strong>trans-</strong></span> 
     </span>
    </p>
   </div>
   <div class='ocr_carea' id='block_1_23' title="bbox 869 2227 2452 2301">
    <p class='ocr_par' dir='ltr' id='par_1_23' title="bbox 869 2227 2452 2301">
     <span class='ocr_line' id='line_1_23' title="bbox 869 2227 2452 2301; baseline 0.004 -21"><span class='ocrx_word' id='word_1_145' title='bbox 869 2230 1015 2283; x_wconf 82' lang='lat' dir='ltr'><strong>ferre</strong></span> <span class='ocrx_word' id='word_1_146' title='bbox 1066 2227 1474 2291; x_wconf 85' lang='lat' dir='ltr'><strong>Ilelmstadium,</strong></span> <span class='ocrx_word' id='word_1_147' title='bbox 1507 2230 1596 2283; x_wconf 90' lang='lat' dir='ltr'><strong>ubi</strong></span> <span class='ocrx_word' id='word_1_148' title='bbox 1646 2240 1831 2299; x_wconf 89' lang='lat' dir='ltr'><strong>postea</strong></span> <span class='ocrx_word' id='word_1_149' title='bbox 1885 2232 2180 2301; x_wconf 81' lang='lat' dir='ltr'><strong>privilegiis</strong></span> <span class='ocrx_word' id='word_1_150' title='bbox 2236 2242 2452 2288; x_wconf 90' lang='lat' dir='ltr'><strong>auctum</strong></span> 
     </span>
    </p>
   </div>
   <div class='ocr_carea' id='block_1_24' title="bbox 871 2318 2456 2394">
    <p class='ocr_par' dir='ltr' id='par_1_24' title="bbox 871 2318 2456 2394">
     <span class='ocr_line' id='line_1_24' title="bbox 871 2318 2456 2394; baseline 0.006 -23"><span class='ocrx_word' id='word_1_151' title='bbox 871 2319 1164 2373; x_wconf 64' lang='lat' dir='ltr'><strong>academite</strong></span> <span class='ocrx_word' id='word_1_152' title='bbox 1226 2318 1489 2387; x_wconf 82' lang='lat' dir='ltr'><strong>dignitate</strong></span> <span class='ocrx_word' id='word_1_153' title='bbox 1565 2321 1974 2377; x_wconf 88' lang='lat' dir='ltr'><strong>cohonestatum</strong></span> <span class='ocrx_word' id='word_1_154' title='bbox 2035 2334 2136 2377; x_wconf 88' lang='lat' dir='ltr'><strong>cst.</strong></span> <span class='ocrx_word' id='word_1_155' title='bbox 2202 2324 2276 2379; x_wconf 89' lang='lat' dir='ltr'><strong>De</strong></span> <span class='ocrx_word' id='word_1_156' title='bbox 2350 2342 2456 2394; x_wconf 91' lang='lat' dir='ltr'><strong>quo</strong></span> 
     </span>
    </p>
   </div>
   <div class='ocr_carea' id='block_1_25' title="bbox 869 2408 2452 2482">
    <p class='ocr_par' dir='ltr' id='par_1_25' title="bbox 869 2408 2452 2482">
     <span class='ocr_line' id='line_1_25' title="bbox 869 2408 2452 2482; baseline 0.004 -20"><span class='ocrx_word' id='word_1_157' title='bbox 869 2409 1108 2463; x_wconf 89' lang='lat' dir='ltr'><strong>Joannes</strong></span> <span class='ocrx_word' id='word_1_158' title='bbox 1169 2408 1415 2465; x_wconf 85' lang='lat' dir='ltr'><strong>Caselius</strong></span> <span class='ocrx_word' id='word_1_159' title='bbox 1482 2412 1532 2463; x_wconf 92' lang='lat' dir='ltr'><strong>in</strong></span> <span class='ocrx_word' id='word_1_160' title='bbox 1606 2412 1808 2481; x_wconf 90' lang='lat' dir='ltr'><strong>scripto</strong></span> <span class='ocrx_word' id='word_1_161' title='bbox 1863 2412 2130 2482; x_wconf 92' lang='lat' dir='ltr'><strong>quodam,</strong></span> <span class='ocrx_word' id='word_1_162' title='bbox 2197 2415 2337 2482; x_wconf 90' lang='lat' dir='ltr'><strong>quod</strong></span> <span class='ocrx_word' id='word_1_163' title='bbox 2402 2416 2452 2468; x_wconf 90' lang='lat' dir='ltr'><strong>in</strong></span> 
     </span>
    </p>
   </div>
   <div class='ocr_carea' id='block_1_26' title="bbox 872 2498 2457 2568">
    <p class='ocr_par' dir='ltr' id='par_1_26' title="bbox 872 2498 2457 2568">
     <span class='ocr_line' id='line_1_26' title="bbox 872 2498 2457 2568; baseline 0.005 -17"><span class='ocrx_word' id='word_1_164' title='bbox 872 2498 1089 2568; x_wconf 86' lang='lat' dir='ltr'><strong>nuptias</strong></span> <span class='ocrx_word' id='word_1_165' title='bbox 1155 2498 1336 2554; x_wconf 86' lang='lat' dir='ltr'><strong>herois</strong></span> <span class='ocrx_word' id='word_1_166' title='bbox 1404 2500 1619 2555; x_wconf 83' lang='lat' dir='ltr'><strong>Henrici</strong></span> <span class='ocrx_word' id='word_1_167' title='bbox 1683 2502 1810 2558; x_wconf 85' lang='lat' dir='ltr'><strong>Julii</strong></span> <span class='ocrx_word' id='word_1_168' title='bbox 1861 2502 2053 2558; x_wconf 86' lang='lat' dir='ltr'><strong>Cuelﬂi</strong></span> <span class='ocrx_word' id='word_1_169' title='bbox 2111 2515 2165 2558; x_wconf 89' lang='lat' dir='ltr'><strong>et</strong></span> <span class='ocrx_word' id='word_1_170' title='bbox 2221 2506 2457 2560; x_wconf 82' lang='lat' dir='ltr'><strong>heroime</strong></span> 
     </span>
    </p>
   </div>
   <div class='ocr_carea' id='block_1_27' title="bbox 872 2590 2451 2664">
    <p class='ocr_par' dir='ltr' id='par_1_27' title="bbox 872 2590 2451 2664">
     <span class='ocr_line' id='line_1_27' title="bbox 872 2590 2451 2664; baseline 0.001 -19"><span class='ocrx_word' id='word_1_171' title='bbox 872 2591 1199 2646; x_wconf 71' lang='lat' dir='ltr'><strong>Elisabetha:</strong></span> <span class='ocrx_word' id='word_1_172' title='bbox 1258 2590 1542 2647; x_wconf 84' lang='lat' dir='ltr'><strong>Cimbricae</strong></span> <span class='ocrx_word' id='word_1_173' title='bbox 1606 2593 1879 2659; x_wconf 82' lang='lat' dir='ltr'><strong>confecit,</strong></span> <span class='ocrx_word' id='word_1_174' title='bbox 1939 2595 2010 2648; x_wconf 91' lang='lat' dir='ltr'><strong>ita</strong></span> <span class='ocrx_word' id='word_1_175' title='bbox 2075 2597 2389 2664; x_wconf 81' lang='lat' dir='ltr'><strong>pronuntiat</strong></span> <span class='ocrx_word' id='word_1_176' title='bbox 2441 2614 2451 2646; x_wconf 91' lang='lat'><strong>:</strong></span> 
     </span>
    </p>
   </div>
   <div class='ocr_carea' id='block_1_28' title="bbox 869 2681 2457 2755">
    <p class='ocr_par' dir='ltr' id='par_1_28' title="bbox 869 2681 2457 2755">
     <span class='ocr_line' id='line_1_28' title="bbox 869 2681 2457 2755; baseline 0.003 -18"><span class='ocrx_word' id='word_1_177' title='bbox 869 2682 1049 2751; x_wconf 79' lang='lat' dir='ltr'><strong>Igitur</strong></span> <span class='ocrx_word' id='word_1_178' title='bbox 1102 2683 1170 2735; x_wconf 87' lang='lat' dir='ltr'><strong>ad</strong></span> <span class='ocrx_word' id='word_1_179' title='bbox 1204 2683 1428 2737; x_wconf 76' lang='lat' dir='ltr'><strong>rivulum</strong></span> <span class='ocrx_word' id='word_1_180' title='bbox 1460 2686 1544 2737; x_wconf 87' lang='lat' dir='ltr'><strong>cui</strong></span> <span class='ocrx_word' id='word_1_181' title='bbox 1575 2681 1773 2739; x_wconf 68' lang='lat' dir='ltr'><strong>Canna</strong></span> <span class='ocrx_word' id='word_1_182' title='bbox 1805 2703 2008 2747; x_wconf 85' lang='lat' dir='ltr'><strong>nomen,</strong></span> <span class='ocrx_word' id='word_1_183' title='bbox 2044 2689 2240 2755; x_wconf 86' lang='lat' dir='ltr'><strong>primas</strong></span> <span class='ocrx_word' id='word_1_184' title='bbox 2269 2689 2457 2741; x_wconf 85' lang='lat' dir='ltr'><strong>acade-</strong></span> 
     </span>
    </p>
   </div>
   <div class='ocr_carea' id='block_1_29' title="bbox 877 2774 2457 2838">
    <p class='ocr_par' dir='ltr' id='par_1_29' title="bbox 877 2774 2457 2838">
     <span class='ocr_line' id='line_1_29' title="bbox 877 2774 2457 2838; baseline 0.003 -11"><span class='ocrx_word' id='word_1_185' title='bbox 877 2774 999 2828; x_wconf 82' lang='lat' dir='ltr'><strong>mite</strong></span> <span class='ocrx_word' id='word_1_186' title='bbox 1035 2775 1201 2827; x_wconf 86' lang='lat' dir='ltr'><strong>lineas</strong></span> <span class='ocrx_word' id='word_1_187' title='bbox 1248 2774 1421 2838; x_wconf 81' lang='lat' dir='ltr'><strong>duxit,</strong></span> <span class='ocrx_word' id='word_1_188' title='bbox 1449 2783 1553 2828; x_wconf 87' lang='lat' dir='ltr'><strong>etc.</strong></span> <span class='ocrx_word' id='word_1_189' title='bbox 1589 2775 1811 2829; x_wconf 88' lang='lat' dir='ltr'><strong>Teneros</strong></span> <span class='ocrx_word' id='word_1_190' title='bbox 1840 2777 1976 2829; x_wconf 91' lang='lat' dir='ltr'><strong>enim</strong></span> <span class='ocrx_word' id='word_1_191' title='bbox 2004 2778 2239 2831; x_wconf 87' lang='lat' dir='ltr'><strong>surculos</strong></span> <span class='ocrx_word' id='word_1_192' title='bbox 2265 2795 2292 2831; x_wconf 90' lang='lat' dir='ltr'><strong>e</strong></span> <span class='ocrx_word' id='word_1_193' title='bbox 2320 2776 2457 2831; x_wconf 81' lang='lat' dir='ltr'><strong>Can-</strong></span> 
     </span>
    </p>
   </div>
   <div class='ocr_carea' id='block_1_30' title="bbox 876 2865 2460 2935">
    <p class='ocr_par' dir='ltr' id='par_1_30' title="bbox 876 2865 2460 2935">
     <span class='ocr_line' id='line_1_30' title="bbox 876 2865 2460 2935; baseline 0.002 -17"><span class='ocrx_word' id='word_1_194' title='bbox 876 2866 1073 2920; x_wconf 87' lang='lat' dir='ltr'><strong>desinis</strong></span> <span class='ocrx_word' id='word_1_195' title='bbox 1104 2867 1269 2921; x_wconf 92' lang='lat' dir='ltr'><strong>hortis</strong></span> <span class='ocrx_word' id='word_1_196' title='bbox 1299 2866 1353 2920; x_wconf 86' lang='lat' dir='ltr'><strong>in</strong></span> <span class='ocrx_word' id='word_1_197' title='bbox 1386 2866 1541 2920; x_wconf 83' lang='lat' dir='ltr'><strong>valles</strong></span> <span class='ocrx_word' id='word_1_198' title='bbox 1582 2865 1890 2921; x_wconf 86' lang='lat' dir='ltr'><strong>Helmianas</strong></span> <span class='ocrx_word' id='word_1_199' title='bbox 1934 2869 2225 2935; x_wconf 88' lang='lat' dir='ltr'><strong>transtulit,</strong></span> <span class='ocrx_word' id='word_1_200' title='bbox 2251 2880 2305 2922; x_wconf 91' lang='lat' dir='ltr'><strong>ut</strong></span> <span class='ocrx_word' id='word_1_201' title='bbox 2348 2870 2460 2921; x_wconf 89' lang='lat' dir='ltr'><strong>ido-</strong></span> 
     </span>
    </p>
   </div>
   <div class='ocr_carea' id='block_1_31' title="bbox 877 2956 2457 3030">
    <p class='ocr_par' dir='ltr' id='par_1_31' title="bbox 877 2956 2457 3030">
     <span class='ocr_line' id='line_1_31' title="bbox 877 2956 2457 3030; baseline 0.003 -21"><span class='ocrx_word' id='word_1_202' title='bbox 877 2973 974 3010; x_wconf 86' lang='lat' dir='ltr'><strong>neo</strong></span> <span class='ocrx_word' id='word_1_203' title='bbox 999 2956 1108 3011; x_wconf 89' lang='lat' dir='ltr'><strong>solo</strong></span> <span class='ocrx_word' id='word_1_204' title='bbox 1140 2958 1193 3011; x_wconf 90' lang='lat' dir='ltr'><strong>in</strong></span> <span class='ocrx_word' id='word_1_205' title='bbox 1215 2958 1418 3027; x_wconf 81' lang='lat' dir='ltr'><strong>justam</strong></span> <span class='ocrx_word' id='word_1_206' title='bbox 1468 2959 1717 3012; x_wconf 90' lang='lat' dir='ltr'><strong>arborum</strong></span> <span class='ocrx_word' id='word_1_207' title='bbox 1761 2961 2123 3030; x_wconf 83' lang='lat' dir='ltr'><strong>proceritatem</strong></span> <span class='ocrx_word' id='word_1_208' title='bbox 2171 2972 2457 3030; x_wconf 84' lang='lat' dir='ltr'><strong>surgerent,</strong></span> 
     </span>
    </p>
   </div>
   <div class='ocr_carea' id='block_1_32' title="bbox 879 3048 2464 3121">
    <p class='ocr_par' dir='ltr' id='par_1_32' title="bbox 879 3048 2464 3121">
     <span class='ocr_line' id='line_1_32' title="bbox 879 3048 2464 3121; baseline 0.001 -20"><span class='ocrx_word' id='word_1_209' title='bbox 879 3048 1183 3119; x_wconf 79' lang='lat' dir='ltr'><strong>fructusque</strong></span> <span class='ocrx_word' id='word_1_210' title='bbox 1206 3050 1334 3119; x_wconf 77' lang='lat' dir='ltr'><strong>ipsa:</strong></span> <span class='ocrx_word' id='word_1_211' title='bbox 1363 3049 1557 3117; x_wconf 81' lang='lat' dir='ltr'><strong>ferrent</strong></span> <span class='ocrx_word' id='word_1_212' title='bbox 1582 3051 1879 3120; x_wconf 78' lang='lat' dir='ltr'><strong>reipublica:</strong></span> <span class='ocrx_word' id='word_1_213' title='bbox 1924 3062 2159 3121; x_wconf 86' lang='lat' dir='ltr'><strong>speratos</strong></span> <span class='ocrx_word' id='word_1_214' title='bbox 2216 3051 2464 3121; x_wconf 86' lang='lat' dir='ltr'><strong>multipli-</strong></span> 
     </span>
    </p>
   </div>
   <div class='ocr_carea' id='block_1_33' title="bbox 880 3137 2459 3209">
    <p class='ocr_par' dir='ltr' id='par_1_33' title="bbox 880 3137 2459 3209">
     <span class='ocr_line' id='line_1_33' title="bbox 880 3137 2459 3209; baseline 0.002 -18"><span class='ocrx_word' id='word_1_215' title='bbox 880 3155 985 3191; x_wconf 88' lang='lat' dir='ltr'><strong>ces.</strong></span> <span class='ocrx_word' id='word_1_216' title='bbox 1017 3137 1097 3191; x_wconf 90' lang='lat' dir='ltr'><strong>Eo</strong></span> <span class='ocrx_word' id='word_1_217' title='bbox 1124 3138 1238 3193; x_wconf 89' lang='lat' dir='ltr'><strong>loco</strong></span> <span class='ocrx_word' id='word_1_218' title='bbox 1288 3140 1517 3207; x_wconf 78' lang='lat' dir='ltr'><strong>porticus</strong></span> <span class='ocrx_word' id='word_1_219' title='bbox 1571 3141 1949 3209; x_wconf 85' lang='lat' dir='ltr'><strong>disputantium</strong></span> <span class='ocrx_word' id='word_1_220' title='bbox 2005 3142 2256 3205; x_wconf 81' lang='lat' dir='ltr'><strong>condidit,</strong></span> <span class='ocrx_word' id='word_1_221' title='bbox 2288 3141 2459 3209; x_wconf 83' lang='lat' dir='ltr'><strong>plures</strong></span> 
     </span>
    </p>
   </div>
   <div class='ocr_carea' id='block_1_34' title="bbox 2549 599 4124 672">
    <p class='ocr_par' dir='ltr' id='par_1_34' title="bbox 2549 599 4124 672">
     <span class='ocr_line' id='line_1_34' title="bbox 2549 599 4124 672; baseline -0.001 -13"><span class='ocrx_word' id='word_1_222' title='bbox 2549 614 2925 669; x_wconf 87' lang='lat' dir='ltr'><strong>memoratum,</strong></span> <span class='ocrx_word' id='word_1_223' title='bbox 2951 603 3099 671; x_wconf 90' lang='lat' dir='ltr'><strong>cujus</strong></span> <span class='ocrx_word' id='word_1_224' title='bbox 3127 603 3288 657; x_wconf 89' lang='lat' dir='ltr'><strong>verba</strong></span> <span class='ocrx_word' id='word_1_225' title='bbox 3323 603 3588 672; x_wconf 88' lang='lat' dir='ltr'><strong>interpres</strong></span> <span class='ocrx_word' id='word_1_226' title='bbox 3612 599 3832 656; x_wconf 86' lang='lat' dir='ltr'><strong>Latinus</strong></span> <span class='ocrx_word' id='word_1_227' title='bbox 3852 603 3923 657; x_wconf 90' lang='lat' dir='ltr'><strong>ita</strong></span> <span class='ocrx_word' id='word_1_228' title='bbox 3949 604 4124 658; x_wconf 84' lang='lat' dir='ltr'><strong>reddi-</strong></span> 
     </span>
    </p>
   </div>
   <div class='ocr_carea' id='block_1_35' title="bbox 2548 693 4125 762">
    <p class='ocr_par' dir='ltr' id='par_1_35' title="bbox 2548 693 4125 762">
     <span class='ocr_line' id='line_1_35' title="bbox 2548 693 4125 762; baseline -0.002 -13"><span class='ocrx_word' id='word_1_229' title='bbox 2548 695 2663 750; x_wconf 91' lang='lat' dir='ltr'><strong>dit:</strong></span> <span class='ocrx_word' id='word_1_230' title='bbox 2692 695 2807 749; x_wconf 80' lang='lat' dir='ltr'><strong>Hoc</strong></span> <span class='ocrx_word' id='word_1_231' title='bbox 2850 712 2987 749; x_wconf 88' lang='lat' dir='ltr'><strong>anno</strong></span> <span class='ocrx_word' id='word_1_232' title='bbox 3032 693 3134 748; x_wconf 86' lang='lat'><strong>680</strong></span> <span class='ocrx_word' id='word_1_233' title='bbox 3176 695 3363 748; x_wconf 78' lang='lat' dir='ltr'><strong>indixit</strong></span> <span class='ocrx_word' id='word_1_234' title='bbox 3390 693 3689 747; x_wconf 86' lang='lat' dir='ltr'><strong>Theodorus</strong></span> <span class='ocrx_word' id='word_1_235' title='bbox 3713 694 4125 762; x_wconf 83' lang='lat' dir='ltr'><strong>archiepiscopa-</strong></span> 
     </span>
    </p>
   </div>
   <div class='ocr_carea' id='block_1_36' title="bbox 2549 784 4127 860">
    <p class='ocr_par' dir='ltr' id='par_1_36' title="bbox 2549 784 4127 860">
     <span class='ocr_line' id='line_1_36' title="bbox 2549 784 4127 860; baseline -0.004 -18"><span class='ocrx_word' id='word_1_236' title='bbox 2549 791 2648 844; x_wconf 89' lang='lat' dir='ltr'><strong>lem</strong></span> <span class='ocrx_word' id='word_1_237' title='bbox 2670 790 2926 860; x_wconf 84' lang='lat' dir='ltr'><strong>synodum</strong></span> <span class='ocrx_word' id='word_1_238' title='bbox 2948 790 3001 842; x_wconf 93' lang='lat' dir='ltr'><strong>in</strong></span> <span class='ocrx_word' id='word_1_239' title='bbox 3019 787 3335 856; x_wconf 72' lang='lat' dir='ltr'><strong>licethfelde,</strong></span> <span class='ocrx_word' id='word_1_240' title='bbox 3355 797 3408 841; x_wconf 90' lang='lat' dir='ltr'><strong>ut</strong></span> <span class='ocrx_word' id='word_1_241' title='bbox 3434 786 3655 856; x_wconf 88' lang='lat' dir='ltr'><strong>(errores</strong></span> <span class='ocrx_word' id='word_1_242' title='bbox 3676 785 3835 853; x_wconf 88' lang='lat' dir='ltr'><strong>circa)</strong></span> <span class='ocrx_word' id='word_1_243' title='bbox 3858 784 4048 838; x_wconf 78' lang='lat' dir='ltr'><strong>Christi</strong></span> <span class='ocrx_word' id='word_1_244' title='bbox 4068 784 4127 852; x_wconf 74' lang='lat' dir='ltr'><strong>ﬁ-</strong></span> 
     </span>
    </p>
   </div>
   <div class='ocr_carea' id='block_1_37' title="bbox 2550 880 4125 954">
    <p class='ocr_par' dir='ltr' id='par_1_37' title="bbox 2550 880 4125 954">
     <span class='ocr_line' id='line_1_37' title="bbox 2550 880 4125 954; baseline -0.004 -17"><span class='ocrx_word' id='word_1_245' title='bbox 2550 885 2664 939; x_wconf 87' lang='lat' dir='ltr'><strong>dem</strong></span> <span class='ocrx_word' id='word_1_246' title='bbox 2680 887 2981 954; x_wconf 85' lang='lat' dir='ltr'><strong>corrigeret.</strong></span> <span class='ocrx_word' id='word_1_247' title='bbox 2999 881 3067 937; x_wconf 88' lang='lat' dir='ltr'><strong>Et</strong></span> <span class='ocrx_word' id='word_1_248' title='bbox 3084 883 3261 937; x_wconf 86' lang='lat' dir='ltr'><strong>eodem</strong></span> <span class='ocrx_word' id='word_1_249' title='bbox 3279 899 3416 936; x_wconf 90' lang='lat' dir='ltr'><strong>anno</strong></span> <span class='ocrx_word' id='word_1_250' title='bbox 3431 882 3645 935; x_wconf 84' lang='lat' dir='ltr'><strong>decessit</strong></span> <span class='ocrx_word' id='word_1_251' title='bbox 3664 880 3846 947; x_wconf 84' lang='lat' dir='ltr'><strong>Hilda,</strong></span> <span class='ocrx_word' id='word_1_252' title='bbox 3863 880 4125 934; x_wconf 84' lang='lat' dir='ltr'><strong>abbatissa</strong></span> 
     </span>
    </p>
   </div>
   <div class='ocr_carea' id='block_1_38' title="bbox 2549 970 4127 1044">
    <p class='ocr_par' dir='ltr' id='par_1_38' title="bbox 2549 970 4127 1044">
     <span class='ocr_line' id='line_1_38' title="bbox 2549 970 4127 1044; baseline -0.003 -17"><span class='ocrx_word' id='word_1_253' title='bbox 2549 976 2603 1029; x_wconf 86' lang='lat' dir='ltr'><strong>in</strong></span> <span class='ocrx_word' id='word_1_254' title='bbox 2634 974 3016 1030; x_wconf 85' lang='lat' dir='ltr'><strong>Streoneshale.</strong></span> <span class='ocrx_word' id='word_1_255' title='bbox 3032 975 3232 1031; x_wconf 88' lang='lat' dir='ltr'><strong>Contra</strong></span> <span class='ocrx_word' id='word_1_256' title='bbox 3249 989 3375 1028; x_wconf 84' lang='lat' dir='ltr'><strong>vero</strong></span> <span class='ocrx_word' id='word_1_257' title='bbox 3400 973 3603 1044; x_wconf 88' lang='lat' dir='ltr'><strong>poetria</strong></span> <span class='ocrx_word' id='word_1_258' title='bbox 3626 972 3895 1028; x_wconf 82' lang='lat' dir='ltr'><strong>Saxonum</strong></span> <span class='ocrx_word' id='word_1_259' title='bbox 3920 970 4127 1026; x_wconf 78' lang='lat' dir='ltr'><strong>Roswi-</strong></span> 
     </span>
    </p>
   </div>
   <div class='ocr_carea' id='block_1_39' title="bbox 2551 1062 4125 1133">
    <p class='ocr_par' dir='ltr' id='par_1_39' title="bbox 2551 1062 4125 1133">
     <span class='ocr_line' id='line_1_39' title="bbox 2551 1062 4125 1133; baseline -0.004 -12"><span class='ocrx_word' id='word_1_260' title='bbox 2551 1068 2665 1132; x_wconf 89' lang='lat' dir='ltr'><strong>tha,</strong></span> <span class='ocrx_word' id='word_1_261' title='bbox 2694 1068 3231 1124; x_wconf 85' lang='lat' dir='ltr'><strong>Candersheimensis</strong></span> <span class='ocrx_word' id='word_1_262' title='bbox 3256 1067 3523 1131; x_wconf 82' lang='lat' dir='ltr'><strong>monialis,</strong></span> <span class='ocrx_word' id='word_1_263' title='bbox 3548 1066 3800 1121; x_wconf 86' lang='lat' dir='ltr'><strong>trecentis</strong></span> <span class='ocrx_word' id='word_1_264' title='bbox 3829 1074 3949 1133; x_wconf 88' lang='lat' dir='ltr'><strong>post</strong></span> <span class='ocrx_word' id='word_1_265' title='bbox 3974 1062 4125 1116; x_wconf 86' lang='lat' dir='ltr'><strong>annis</strong></span> 
     </span>
    </p>
   </div>
   <div class='ocr_carea' id='block_1_40' title="bbox 2551 1152 4127 1229">
    <p class='ocr_par' dir='ltr' id='par_1_40' title="bbox 2551 1152 4127 1229">
     <span class='ocr_line' id='line_1_40' title="bbox 2551 1152 4127 1229; baseline -0.004 -18"><span class='ocrx_word' id='word_1_266' title='bbox 2551 1157 2740 1212; x_wconf 86' lang='lat' dir='ltr'><strong>ﬂorere</strong></span> <span class='ocrx_word' id='word_1_267' title='bbox 2786 1159 2967 1229; x_wconf 61' lang='lat' dir='ltr'><strong>coepit.</strong></span> <span class='ocrx_word' id='word_1_268' title='bbox 3018 1157 3229 1213; x_wconf 90' lang='lat' dir='ltr'><strong>Claruit</strong></span> <span class='ocrx_word' id='word_1_269' title='bbox 3268 1157 3412 1211; x_wconf 90' lang='lat' dir='ltr'><strong>enim</strong></span> <span class='ocrx_word' id='word_1_270' title='bbox 3456 1155 3544 1208; x_wconf 89' lang='lat' dir='ltr'><strong>illa</strong></span> <span class='ocrx_word' id='word_1_271' title='bbox 3589 1155 3688 1209; x_wconf 90' lang='lat' dir='ltr'><strong>sub</strong></span> <span class='ocrx_word' id='word_1_272' title='bbox 3737 1153 3933 1208; x_wconf 89' lang='lat' dir='ltr'><strong>Ottone</strong></span> <span class='ocrx_word' id='word_1_273' title='bbox 3976 1152 4038 1217; x_wconf 92' lang='lat' dir='ltr'><strong>Il,</strong></span> <span class='ocrx_word' id='word_1_274' title='bbox 4069 1160 4127 1205; x_wconf 84' lang='lat' dir='ltr'><strong>ut</strong></span> 
     </span>
    </p>
   </div>
   <div class='ocr_carea' id='block_1_41' title="bbox 2552 1242 4125 1316">
    <p class='ocr_par' dir='ltr' id='par_1_41' title="bbox 2552 1242 4125 1316">
     <span class='ocr_line' id='line_1_41' title="bbox 2552 1242 4125 1316; baseline -0.006 -14"><span class='ocrx_word' id='word_1_275' title='bbox 2552 1255 2762 1302; x_wconf 89' lang='lat' dir='ltr'><strong>constat</strong></span> <span class='ocrx_word' id='word_1_276' title='bbox 2790 1262 2855 1300; x_wconf 76' lang='lat' dir='ltr'><strong>ex</strong></span> <span class='ocrx_word' id='word_1_277' title='bbox 2901 1244 3016 1315; x_wconf 85' lang='lat' dir='ltr'><strong>ejus</strong></span> <span class='ocrx_word' id='word_1_278' title='bbox 3060 1245 3377 1316; x_wconf 72' lang='lat' dir='ltr'><strong>przefatione</strong></span> <span class='ocrx_word' id='word_1_279' title='bbox 3422 1244 3487 1298; x_wconf 93' lang='lat' dir='ltr'><strong>ad</strong></span> <span class='ocrx_word' id='word_1_280' title='bbox 3517 1243 3766 1299; x_wconf 90' lang='lat' dir='ltr'><strong>Ottonem</strong></span> <span class='ocrx_word' id='word_1_281' title='bbox 3802 1242 3863 1307; x_wconf 93' lang='lat' dir='ltr'><strong>II,</strong></span> <span class='ocrx_word' id='word_1_282' title='bbox 3895 1243 3997 1296; x_wconf 92' lang='lat' dir='ltr'><strong>hoc</strong></span> <span class='ocrx_word' id='word_1_283' title='bbox 4026 1250 4125 1304; x_wconf 90' lang='lat' dir='ltr'><strong>est,</strong></span> 
     </span>
    </p>
   </div>
   <div class='ocr_carea' id='block_1_42' title="bbox 2551 1333 4126 1407">
    <p class='ocr_par' dir='ltr' id='par_1_42' title="bbox 2551 1333 4126 1407">
     <span class='ocr_line' id='line_1_42' title="bbox 2551 1333 4126 1407; baseline -0.005 -14"><span class='ocrx_word' id='word_1_284' title='bbox 2551 1349 2609 1393; x_wconf 92' lang='lat' dir='ltr'><strong>ut</strong></span> <span class='ocrx_word' id='word_1_285' title='bbox 2656 1338 2733 1392; x_wconf 85' lang='lat' dir='ltr'><strong>ait</strong></span> <span class='ocrx_word' id='word_1_286' title='bbox 2782 1337 3040 1407; x_wconf 90' lang='lat' dir='ltr'><strong>Dupinius</strong></span> <span class='ocrx_word' id='word_1_287' title='bbox 3088 1337 3140 1389; x_wconf 94' lang='lat' dir='ltr'><strong>in</strong></span> <span class='ocrx_word' id='word_1_288' title='bbox 3186 1335 3385 1389; x_wconf 87' lang='lat' dir='ltr'><strong>Tabula</strong></span> <span class='ocrx_word' id='word_1_289' title='bbox 3431 1333 3803 1403; x_wconf 86' lang='lat' dir='ltr'><strong>chronologica</strong></span> <span class='ocrx_word' id='word_1_290' title='bbox 3852 1342 4126 1387; x_wconf 88' lang='lat' dir='ltr'><strong>auctorum</strong></span> 
     </span>
    </p>
   </div>
   <div class='ocr_carea' id='block_1_43' title="bbox 2551 1423 4127 1487">
    <p class='ocr_par' dir='ltr' id='par_1_43' title="bbox 2551 1423 4127 1487">
     <span class='ocr_line' id='line_1_43' title="bbox 2551 1423 4127 1487; baseline -0.004 -3"><span class='ocrx_word' id='word_1_291' title='bbox 2551 1430 3039 1486; x_wconf 85' lang='lat' dir='ltr'><strong>ceclesiasticorum</strong></span> <span class='ocrx_word' id='word_1_292' title='bbox 3083 1428 3148 1482; x_wconf 87' lang='lat' dir='ltr'><strong>ad</strong></span> <span class='ocrx_word' id='word_1_293' title='bbox 3202 1426 3455 1481; x_wconf 75' lang='lat' dir='ltr'><strong>saeculum</strong></span> <span class='ocrx_word' id='word_1_294' title='bbox 3510 1442 3561 1487; x_wconf 80' lang='grc' dir='ltr'>χ,</span> <span class='ocrx_word' id='word_1_295' title='bbox 3602 1440 3741 1479; x_wconf 92' lang='lat' dir='ltr'><strong>anno</strong></span> <span class='ocrx_word' id='word_1_296' title='bbox 3772 1424 3975 1478; x_wconf 84' lang='lat' dir='ltr'><strong>Christi</strong></span> <span class='ocrx_word' id='word_1_297' title='bbox 4007 1423 4127 1484; x_wconf 79' lang='lat'><strong>973,</strong></span> 
     </span>
    </p>
   </div>
   <div class='ocr_carea' id='block_1_44' title="bbox 2551 1511 4125 1589">
    <p class='ocr_par' dir='ltr' id='par_1_44' title="bbox 2551 1511 4125 1589">
     <span class='ocr_line' id='line_1_44' title="bbox 2551 1511 4125 1589; baseline -0.007 -16"><span class='ocrx_word' id='word_1_298' title='bbox 2551 1519 2795 1589; x_wconf 77' lang='lat' dir='ltr'><strong>quamvis</strong></span> <span class='ocrx_word' id='word_1_299' title='bbox 2820 1517 2873 1573; x_wconf 89' lang='lat' dir='ltr'><strong>id</strong></span> <span class='ocrx_word' id='word_1_300' title='bbox 2903 1526 3133 1585; x_wconf 87' lang='lat' dir='ltr'><strong>tempus,</strong></span> <span class='ocrx_word' id='word_1_301' title='bbox 3170 1530 3276 1583; x_wconf 93' lang='lat' dir='ltr'><strong>quo</strong></span> <span class='ocrx_word' id='word_1_302' title='bbox 3306 1514 3537 1568; x_wconf 75' lang='lat' dir='ltr'><strong>maxime</strong></span> <span class='ocrx_word' id='word_1_303' title='bbox 3563 1512 3763 1575; x_wconf 90' lang='lat' dir='ltr'><strong>ﬂoruit,</strong></span> <span class='ocrx_word' id='word_1_304' title='bbox 3793 1511 4125 1580; x_wconf 91' lang='lat' dir='ltr'><strong>Onuphrius,</strong></span> 
     </span>
    </p>
   </div>
   <div class='ocr_carea' id='block_1_45' title="bbox 2551 1598 4130 1665">
    <p class='ocr_par' dir='ltr' id='par_1_45' title="bbox 2551 1598 4130 1665">
     <span class='ocr_line' id='line_1_45' title="bbox 2551 1598 4130 1665; baseline -0.009 -1"><span class='ocrx_word' id='word_1_305' title='bbox 2551 1609 2823 1665; x_wconf 88' lang='lat' dir='ltr'><strong>Gerardus</strong></span> <span class='ocrx_word' id='word_1_306' title='bbox 2852 1605 3086 1662; x_wconf 89' lang='lat' dir='ltr'><strong>Joannes</strong></span> <span class='ocrx_word' id='word_1_307' title='bbox 3112 1603 3335 1658; x_wconf 82' lang='lat' dir='ltr'><strong>Vossius</strong></span> <span class='ocrx_word' id='word_1_308' title='bbox 3363 1613 3417 1657; x_wconf 91' lang='lat' dir='ltr'><strong>et</strong></span> <span class='ocrx_word' id='word_1_309' title='bbox 3445 1602 3645 1657; x_wconf 85' lang='lat' dir='ltr'><strong>Gottfr.</strong></span> <span class='ocrx_word' id='word_1_310' title='bbox 3673 1600 3943 1662; x_wconf 89' lang='lat' dir='ltr'><strong>Olearins,</strong></span> <span class='ocrx_word' id='word_1_311' title='bbox 3970 1598 4130 1653; x_wconf 92' lang='lat' dir='ltr'><strong>Oudi-</strong></span> 
     </span>
    </p>
   </div>
   <div class='ocr_carea' id='block_1_46' title="bbox 2554 1688 4133 1763">
    <p class='ocr_par' dir='ltr' id='par_1_46' title="bbox 2554 1688 4133 1763">
     <span class='ocr_line' id='line_1_46' title="bbox 2554 1688 4133 1763; baseline -0.007 -11"><span class='ocrx_word' id='word_1_312' title='bbox 2554 1716 2676 1763; x_wconf 92' lang='lat' dir='ltr'><strong>nus,</strong></span> <span class='ocrx_word' id='word_1_313' title='bbox 2705 1700 2771 1753; x_wconf 88' lang='lat' dir='ltr'><strong>ad</strong></span> <span class='ocrx_word' id='word_1_314' title='bbox 2812 1712 3011 1751; x_wconf 91' lang='lat' dir='ltr'><strong>annum</strong></span> <span class='ocrx_word' id='word_1_315' title='bbox 3041 1694 3241 1749; x_wconf 91' lang='lat' dir='ltr'><strong>Christi</strong></span> <span class='ocrx_word' id='word_1_316' title='bbox 3289 1693 3411 1757; x_wconf 87' lang='lat'><strong>980,</strong></span> <span class='ocrx_word' id='word_1_317' title='bbox 3442 1701 3626 1747; x_wconf 88' lang='lat' dir='ltr'><strong>contra</strong></span> <span class='ocrx_word' id='word_1_318' title='bbox 3653 1691 3915 1745; x_wconf 79' lang='lat' dir='ltr'><strong>Antonius</strong></span> <span class='ocrx_word' id='word_1_319' title='bbox 3940 1688 4133 1743; x_wconf 87' lang='lat' dir='ltr'><strong>Posse-</strong></span> 
     </span>
    </p>
   </div>
   <div class='ocr_carea' id='block_1_47' title="bbox 2556 1780 4133 1849">
    <p class='ocr_par' dir='ltr' id='par_1_47' title="bbox 2556 1780 4133 1849">
     <span class='ocr_line' id='line_1_47' title="bbox 2556 1780 4133 1849; baseline -0.007 -9"><span class='ocrx_word' id='word_1_320' title='bbox 2556 1791 2711 1843; x_wconf 85' lang='lat' dir='ltr'><strong>vinus</strong></span> <span class='ocrx_word' id='word_1_321' title='bbox 2739 1788 2806 1842; x_wconf 87' lang='lat' dir='ltr'><strong>ad</strong></span> <span class='ocrx_word' id='word_1_322' title='bbox 2851 1800 3049 1840; x_wconf 90' lang='lat' dir='ltr'><strong>annum</strong></span> <span class='ocrx_word' id='word_1_323' title='bbox 3080 1783 3277 1838; x_wconf 86' lang='lat' dir='ltr'><strong>Christi</strong></span> <span class='ocrx_word' id='word_1_324' title='bbox 3309 1782 3433 1845; x_wconf 86' lang='lat'><strong>990,</strong></span> <span class='ocrx_word' id='word_1_325' title='bbox 3467 1780 3726 1849; x_wconf 87' lang='lat' dir='ltr'><strong>rejiciant.</strong></span> <span class='ocrx_word' id='word_1_326' title='bbox 3753 1780 3870 1844; x_wconf 80' lang='lat' dir='ltr'><strong>Quo</strong></span> <span class='ocrx_word' id='word_1_327' title='bbox 3891 1785 4133 1846; x_wconf 85' lang='lat' dir='ltr'><strong>spectant</strong></span> 
     </span>
    </p>
   </div>
   <div class='ocr_carea' id='block_1_48' title="bbox 2558 1866 4130 1947">
    <p class='ocr_par' dir='ltr' id='par_1_48' title="bbox 2558 1866 4130 1947">
     <span class='ocr_line' id='line_1_48' title="bbox 2558 1866 4130 1947; baseline -0.008 -15"><span class='ocrx_word' id='word_1_328' title='bbox 2558 1888 2613 1932; x_wconf 90' lang='lat' dir='ltr'><strong>et</strong></span> <span class='ocrx_word' id='word_1_329' title='bbox 2644 1876 2853 1947; x_wconf 76' lang='lat' dir='ltr'><strong>legendi</strong></span> <span class='ocrx_word' id='word_1_330' title='bbox 2902 1882 3027 1929; x_wconf 90' lang='lat' dir='ltr'><strong>sunt</strong></span> <span class='ocrx_word' id='word_1_331' title='bbox 3066 1872 3293 1928; x_wconf 88' lang='lat' dir='ltr'><strong>Coceius</strong></span> <span class='ocrx_word' id='word_1_332' title='bbox 3342 1872 3417 1925; x_wconf 89' lang='lat' dir='ltr'><strong>De</strong></span> <span class='ocrx_word' id='word_1_333' title='bbox 3465 1870 3633 1938; x_wconf 84' lang='lat' dir='ltr'><strong>signis</strong></span> <span class='ocrx_word' id='word_1_334' title='bbox 3676 1868 3918 1923; x_wconf 75' lang='lat' dir='ltr'><strong>ecclesia:</strong></span> <span class='ocrx_word' id='word_1_335' title='bbox 3967 1867 4023 1921; x_wconf 89' lang='lat' dir='ltr'><strong>S.</strong></span> <span class='ocrx_word' id='word_1_336' title='bbox 4057 1866 4130 1927; x_wconf 75' lang='lat' dir='ltr'><strong>X;</strong></span> 
     </span>
    </p>
   </div>
   <div class='ocr_carea' id='block_1_49' title="bbox 2559 1958 4132 2027">
    <p class='ocr_par' dir='ltr' id='par_1_49' title="bbox 2559 1958 4132 2027">
     <span class='ocr_line' id='line_1_49' title="bbox 2559 1958 4132 2027; baseline -0.008 -5"><span class='ocrx_word' id='word_1_337' title='bbox 2559 1968 2808 2022; x_wconf 89' lang='lat' dir='ltr'><strong>Canisius</strong></span> <span class='ocrx_word' id='word_1_338' title='bbox 2840 1966 2892 2020; x_wconf 91' lang='lat' dir='ltr'><strong>in</strong></span> <span class='ocrx_word' id='word_1_339' title='bbox 2938 1965 3139 2020; x_wconf 88' lang='lat' dir='ltr'><strong>Chron.</strong></span> <span class='ocrx_word' id='word_1_340' title='bbox 3183 1962 3413 2027; x_wconf 86' lang='lat' dir='ltr'><strong>Eccles.;</strong></span> <span class='ocrx_word' id='word_1_341' title='bbox 3462 1960 3688 2015; x_wconf 84' lang='lat' dir='ltr'><strong>Jacobus</strong></span> <span class='ocrx_word' id='word_1_342' title='bbox 3733 1958 4035 2013; x_wconf 79' lang='lat' dir='ltr'><strong>Gaulterius</strong></span> <span class='ocrx_word' id='word_1_343' title='bbox 4082 1959 4132 2011; x_wconf 91' lang='lat' dir='ltr'><strong>in</strong></span> 
     </span>
    </p>
   </div>
   <div class='ocr_carea' id='block_1_50' title="bbox 2561 2050 4133 2127">
    <p class='ocr_par' dir='ltr' id='par_1_50' title="bbox 2561 2050 4133 2127">
     <span class='ocr_line' id='line_1_50' title="bbox 2561 2050 4133 2127; baseline -0.008 -13"><span class='ocrx_word' id='word_1_344' title='bbox 2561 2059 2763 2114; x_wconf 85' lang='lat' dir='ltr'><strong>Tabula</strong></span> <span class='ocrx_word' id='word_1_345' title='bbox 2793 2056 3198 2127; x_wconf 82' lang='lat' dir='ltr'><strong>Chronograph.</strong></span> <span class='ocrx_word' id='word_1_346' title='bbox 3243 2064 3413 2109; x_wconf 90' lang='lat' dir='ltr'><strong>status</strong></span> <span class='ocrx_word' id='word_1_347' title='bbox 3460 2053 3714 2107; x_wconf 69' lang='lat' dir='ltr'><strong>Ecclesize</strong></span> <span class='ocrx_word' id='word_1_348' title='bbox 3755 2051 4050 2106; x_wconf 52' lang='lat' dir='ltr'><strong>catholica.</strong></span> <span class='ocrx_word' id='word_1_349' title='bbox 4080 2050 4133 2103; x_wconf 90' lang='lat' dir='ltr'><strong>In</strong></span> 
     </span>
    </p>
   </div>
   <div class='ocr_carea' id='block_1_51' title="bbox 2560 2137 4132 2219">
    <p class='ocr_par' dir='ltr' id='par_1_51' title="bbox 2560 2137 4132 2219">
     <span class='ocr_line' id='line_1_51' title="bbox 2560 2137 4132 2219; baseline -0.007 -16"><span class='ocrx_word' id='word_1_350' title='bbox 2560 2166 2660 2219; x_wconf 86' lang='lat' dir='ltr'><strong>qua</strong></span> <span class='ocrx_word' id='word_1_351' title='bbox 2692 2147 3027 2219; x_wconf 63' lang='lat' dir='ltr'><strong>praefatione,</strong></span> <span class='ocrx_word' id='word_1_352' title='bbox 3073 2144 3215 2213; x_wconf 89' lang='lat' dir='ltr'><strong>quod</strong></span> <span class='ocrx_word' id='word_1_353' title='bbox 3259 2144 3432 2197; x_wconf 93' lang='lat' dir='ltr'><strong>obitcr</strong></span> <span class='ocrx_word' id='word_1_354' title='bbox 3473 2142 3785 2203; x_wconf 87' lang='lat' dir='ltr'><strong>notandum,</strong></span> <span class='ocrx_word' id='word_1_355' title='bbox 3842 2137 4132 2195; x_wconf 89' lang='lat' dir='ltr'><strong>Ottoneml</strong></span> 
     </span>
    </p>
   </div>
   <div class='ocr_carea' id='block_1_52' title="bbox 2560 2229 4135 2299">
    <p class='ocr_par' dir='ltr' id='par_1_52' title="bbox 2560 2229 4135 2299">
     <span class='ocr_line' id='line_1_52' title="bbox 2560 2229 4135 2299; baseline -0.009 -7"><span class='ocrx_word' id='word_1_356' title='bbox 2560 2255 2679 2292; x_wconf 93' lang='lat' dir='ltr'><strong>cum</strong></span> <span class='ocrx_word' id='word_1_357' title='bbox 2711 2236 2930 2299; x_wconf 90' lang='lat' dir='ltr'><strong>Davide,</strong></span> <span class='ocrx_word' id='word_1_358' title='bbox 2967 2234 3131 2288; x_wconf 88' lang='lat' dir='ltr'><strong>filium</strong></span> <span class='ocrx_word' id='word_1_359' title='bbox 3165 2232 3415 2287; x_wconf 90' lang='lat' dir='ltr'><strong>Ottonem</strong></span> <span class='ocrx_word' id='word_1_360' title='bbox 3462 2230 3503 2283; x_wconf 95' lang='lat' dir='ltr'><strong>ll</strong></span> <span class='ocrx_word' id='word_1_361' title='bbox 3544 2245 3664 2284; x_wconf 93' lang='lat' dir='ltr'><strong>cum</strong></span> <span class='ocrx_word' id='word_1_362' title='bbox 3698 2229 3987 2284; x_wconf 88' lang='lat' dir='ltr'><strong>Salomone</strong></span> <span class='ocrx_word' id='word_1_363' title='bbox 4014 2241 4135 2281; x_wconf 87' lang='lat' dir='ltr'><strong>con-</strong></span> 
     </span>
    </p>
   </div>
   <div class='ocr_carea' id='block_1_53' title="bbox 2564 2319 4131 2392">
    <p class='ocr_par' dir='ltr' id='par_1_53' title="bbox 2564 2319 4131 2392">
     <span class='ocr_line' id='line_1_53' title="bbox 2564 2319 4131 2392; baseline -0.008 -10"><span class='ocrx_word' id='word_1_364' title='bbox 2564 2330 2699 2392; x_wconf 88' lang='lat' dir='ltr'><strong>tulit,</strong></span> <span class='ocrx_word' id='word_1_365' title='bbox 2750 2329 2891 2382; x_wconf 85' lang='lat' dir='ltr'><strong>haud</strong></span> <span class='ocrx_word' id='word_1_366' title='bbox 2926 2325 3140 2379; x_wconf 91' lang='lat' dir='ltr'><strong>fallente</strong></span> <span class='ocrx_word' id='word_1_367' title='bbox 3170 2323 3362 2376; x_wconf 71' lang='lat' dir='ltr'><strong>futura:</strong></span> <span class='ocrx_word' id='word_1_368' title='bbox 3401 2319 3675 2375; x_wconf 86' lang='lat' dir='ltr'><strong>felicitatis</strong></span> <span class='ocrx_word' id='word_1_369' title='bbox 3708 2319 3923 2381; x_wconf 91' lang='lat' dir='ltr'><strong>indicio,</strong></span> <span class='ocrx_word' id='word_1_370' title='bbox 3960 2325 4017 2371; x_wconf 90' lang='lat' dir='ltr'><strong>ut</strong></span> <span class='ocrx_word' id='word_1_371' title='bbox 4046 2330 4131 2369; x_wconf 68' lang='lat' dir='ltr'><strong>ac~</strong></span> 
     </span>
    </p>
   </div>
   <div class='ocr_carea' id='block_1_54' title="bbox 2561 2410 4136 2487">
    <p class='ocr_par' dir='ltr' id='par_1_54' title="bbox 2561 2410 4136 2487">
     <span class='ocr_line' id='line_1_54' title="bbox 2561 2410 4136 2487; baseline -0.008 -15"><span class='ocrx_word' id='word_1_372' title='bbox 2561 2427 2767 2487; x_wconf 88' lang='lat' dir='ltr'><strong>ceptam</strong></span> <span class='ocrx_word' id='word_1_373' title='bbox 2802 2432 2828 2469; x_wconf 86' lang='lat' dir='ltr'><strong>a</strong></span> <span class='ocrx_word' id='word_1_374' title='bbox 2864 2424 3017 2485; x_wconf 84' lang='lat' dir='ltr'><strong>patre</strong></span> <span class='ocrx_word' id='word_1_375' title='bbox 3051 2414 3275 2485; x_wconf 84' lang='lat' dir='ltr'><strong>gloriam</strong></span> <span class='ocrx_word' id='word_1_376' title='bbox 3308 2413 3362 2465; x_wconf 90' lang='lat' dir='ltr'><strong>in</strong></span> <span class='ocrx_word' id='word_1_377' title='bbox 3394 2412 3713 2465; x_wconf 91' lang='lat' dir='ltr'><strong>immensum</strong></span> <span class='ocrx_word' id='word_1_378' title='bbox 3749 2410 4003 2477; x_wconf 91' lang='lat' dir='ltr'><strong>deinceps</strong></span> <span class='ocrx_word' id='word_1_379' title='bbox 4049 2421 4136 2460; x_wconf 58' lang='lat' dir='ltr'><strong>auo</strong></span> 
     </span>
    </p>
   </div>
   <div class='ocr_carea' id='block_1_55' title="bbox 2562 2496 4139 2577">
    <p class='ocr_par' dir='ltr' id='par_1_55' title="bbox 2562 2496 4139 2577">
     <span class='ocr_line' id='line_1_55' title="bbox 2562 2496 4139 2577; baseline -0.009 -16"><span class='ocrx_word' id='word_1_380' title='bbox 2562 2514 2730 2577; x_wconf 80' lang='lat' dir='ltr'><strong>geret,</strong></span> <span class='ocrx_word' id='word_1_381' title='bbox 2753 2505 2857 2559; x_wconf 86' lang='lat' dir='ltr'><strong>nisi</strong></span> <span class='ocrx_word' id='word_1_382' title='bbox 2875 2512 3195 2574; x_wconf 62' lang='lat' dir='ltr'><strong>praematura</strong></span> <span class='ocrx_word' id='word_1_383' title='bbox 3220 2509 3392 2556; x_wconf 90' lang='lat' dir='ltr'><strong>morte</strong></span> <span class='ocrx_word' id='word_1_384' title='bbox 3418 2510 3637 2570; x_wconf 88' lang='lat' dir='ltr'><strong>ereptus</strong></span> <span class='ocrx_word' id='word_1_385' title='bbox 3659 2498 3864 2553; x_wconf 89' lang='lat' dir='ltr'><strong>fuisset.</strong></span> <span class='ocrx_word' id='word_1_386' title='bbox 3902 2496 4139 2551; x_wconf 89' lang='lat' dir='ltr'><strong>Decessit</strong></span> 
     </span>
    </p>
   </div>
   <div class='ocr_carea' id='block_1_56' title="bbox 2562 2587 4138 2659">
    <p class='ocr_par' dir='ltr' id='par_1_56' title="bbox 2562 2587 4138 2659">
     <span class='ocr_line' id='line_1_56' title="bbox 2562 2587 4138 2659; baseline -0.007 -10"><span class='ocrx_word' id='word_1_387' title='bbox 2562 2595 2703 2649; x_wconf 89' lang='lat' dir='ltr'><strong>enim</strong></span> <span class='ocrx_word' id='word_1_388' title='bbox 2730 2593 2855 2649; x_wconf 88' lang='lat' dir='ltr'><strong>Otto</strong></span> <span class='ocrx_word' id='word_1_389' title='bbox 2880 2593 2920 2646; x_wconf 94' lang='grc'><strong>11</strong></span> <span class='ocrx_word' id='word_1_390' title='bbox 2944 2593 2995 2647; x_wconf 89' lang='lat' dir='ltr'><strong>in</strong></span> <span class='ocrx_word' id='word_1_391' title='bbox 3026 2592 3156 2646; x_wconf 91' lang='lat' dir='ltr'><strong>ﬂore</strong></span> <span class='ocrx_word' id='word_1_392' title='bbox 3180 2592 3373 2654; x_wconf 68' lang='lat' dir='ltr'><strong>aetatis,</strong></span> <span class='ocrx_word' id='word_1_393' title='bbox 3413 2591 3637 2659; x_wconf 87' lang='lat' dir='ltr'><strong>ipsoque</strong></span> <span class='ocrx_word' id='word_1_394' title='bbox 3662 2590 3837 2644; x_wconf 71' lang='lat' dir='ltr'><strong>celatis</strong></span> <span class='ocrx_word' id='word_1_395' title='bbox 3873 2587 4138 2641; x_wconf 87' lang='lat' dir='ltr'><strong>tricesimo</strong></span> 
     </span>
    </p>
   </div>
   <div class='ocr_carea' id='block_1_57' title="bbox 2564 2676 4136 2751">
    <p class='ocr_par' dir='ltr' id='par_1_57' title="bbox 2564 2676 4136 2751">
     <span class='ocr_line' id='line_1_57' title="bbox 2564 2676 4136 2751; baseline -0.007 -12"><span class='ocrx_word' id='word_1_396' title='bbox 2564 2700 2724 2748; x_wconf 79' lang='lat' dir='ltr'><strong>anno,</strong></span> <span class='ocrx_word' id='word_1_397' title='bbox 2753 2683 2893 2738; x_wconf 90' lang='lat' dir='ltr'><strong>bello</strong></span> <span class='ocrx_word' id='word_1_398' title='bbox 2915 2682 3053 2751; x_wconf 88' lang='lat' dir='ltr'><strong>quod</strong></span> <span class='ocrx_word' id='word_1_399' title='bbox 3078 2681 3362 2735; x_wconf 86' lang='lat' dir='ltr'><strong>infeliciter</strong></span> <span class='ocrx_word' id='word_1_400' title='bbox 3388 2681 3440 2734; x_wconf 90' lang='lat' dir='ltr'><strong>in</strong></span> <span class='ocrx_word' id='word_1_401' title='bbox 3474 2680 3625 2733; x_wconf 90' lang='lat' dir='ltr'><strong>Italia</strong></span> <span class='ocrx_word' id='word_1_402' title='bbox 3652 2687 3913 2749; x_wconf 78' lang='lat' dir='ltr'><strong>gesserat,</strong></span> <span class='ocrx_word' id='word_1_403' title='bbox 3944 2676 4136 2731; x_wconf 86' lang='lat' dir='ltr'><strong>instau-</strong></span> 
     </span>
    </p>
   </div>
   <div class='ocr_carea' id='block_1_58' title="bbox 2565 2765 4139 2835">
    <p class='ocr_par' dir='ltr' id='par_1_58' title="bbox 2565 2765 4139 2835">
     <span class='ocr_line' id='line_1_58' title="bbox 2565 2765 4139 2835; baseline -0.008 -7"><span class='ocrx_word' id='word_1_404' title='bbox 2565 2776 2735 2830; x_wconf 83' lang='lat' dir='ltr'><strong>rando</strong></span> <span class='ocrx_word' id='word_1_405' title='bbox 2766 2775 3025 2835; x_wconf 90' lang='lat' dir='ltr'><strong>intentus,</strong></span> <span class='ocrx_word' id='word_1_406' title='bbox 3075 2771 3260 2826; x_wconf 64' lang='lat' dir='ltr'><strong>Romae</strong></span> <span class='ocrx_word' id='word_1_407' title='bbox 3306 2785 3446 2824; x_wconf 87' lang='lat' dir='ltr'><strong>anno</strong></span> <span class='ocrx_word' id='word_1_408' title='bbox 3483 2769 3682 2823; x_wconf 88' lang='lat' dir='ltr'><strong>Christi</strong></span> <span class='ocrx_word' id='word_1_409' title='bbox 3714 2768 3816 2822; x_wconf 79' lang='lat'><strong>983</strong></span> <span class='ocrx_word' id='word_1_410' title='bbox 3846 2768 3898 2820; x_wconf 94' lang='lat' dir='ltr'><strong>in</strong></span> <span class='ocrx_word' id='word_1_411' title='bbox 3935 2765 4139 2835; x_wconf 85' lang='lat' dir='ltr'><strong>porticu</strong></span> 
     </span>
    </p>
   </div>
   <div class='ocr_carea' id='block_1_59' title="bbox 2568 2855 4142 2932">
    <p class='ocr_par' dir='ltr' id='par_1_59' title="bbox 2568 2855 4142 2932">
     <span class='ocr_line' id='line_1_59' title="bbox 2568 2855 4142 2932; baseline -0.008 -12"><span class='ocrx_word' id='word_1_412' title='bbox 2568 2866 2672 2920; x_wconf 87' lang='lat' dir='ltr'><strong>divi</strong></span> <span class='ocrx_word' id='word_1_413' title='bbox 2706 2865 2850 2920; x_wconf 85' lang='lat' dir='ltr'><strong>Petri</strong></span> <span class='ocrx_word' id='word_1_414' title='bbox 2881 2863 3138 2932; x_wconf 90' lang='lat' dir='ltr'><strong>sepultus.</strong></span> <span class='ocrx_word' id='word_1_415' title='bbox 3172 2860 3379 2930; x_wconf 91' lang='lat' dir='ltr'><strong>Corpus</strong></span> <span class='ocrx_word' id='word_1_416' title='bbox 3408 2859 3599 2915; x_wconf 88' lang='lat' dir='ltr'><strong>deinde</strong></span> <span class='ocrx_word' id='word_1_417' title='bbox 3638 2858 3953 2911; x_wconf 90' lang='lat' dir='ltr'><strong>translatum</strong></span> <span class='ocrx_word' id='word_1_418' title='bbox 3982 2864 4063 2909; x_wconf 91' lang='lat' dir='ltr'><strong>est</strong></span> <span class='ocrx_word' id='word_1_419' title='bbox 4091 2855 4142 2908; x_wconf 87' lang='lat' dir='ltr'><strong>in</strong></span> 
     </span>
    </p>
   </div>
   <div class='ocr_carea' id='block_1_60' title="bbox 2566 2944 4143 3019">
    <p class='ocr_par' dir='ltr' id='par_1_60' title="bbox 2566 2944 4143 3019">
     <span class='ocr_line' id='line_1_60' title="bbox 2566 2944 4143 3019; baseline -0.008 -9"><span class='ocrx_word' id='word_1_420' title='bbox 2566 2956 2840 3010; x_wconf 89' lang='lat' dir='ltr'><strong>basilicam</strong></span> <span class='ocrx_word' id='word_1_421' title='bbox 2872 2968 3090 3009; x_wconf 84' lang='lat' dir='ltr'><strong>novam.</strong></span> <span class='ocrx_word' id='word_1_422' title='bbox 3130 2952 3336 3005; x_wconf 83' lang='lat' dir='ltr'><strong>Attinet</strong></span> <span class='ocrx_word' id='word_1_423' title='bbox 3365 2950 3469 3004; x_wconf 90' lang='lat' dir='ltr'><strong>huc</strong></span> <span class='ocrx_word' id='word_1_424' title='bbox 3506 2949 3608 3019; x_wconf 84' lang='lat' dir='ltr'><strong>legi</strong></span> <span class='ocrx_word' id='word_1_425' title='bbox 3636 2946 3940 3002; x_wconf 90' lang='lat' dir='ltr'><strong>Chronicon</strong></span> <span class='ocrx_word' id='word_1_426' title='bbox 3969 2944 4143 2999; x_wconf 74' lang='lat' dir='ltr'><strong>Cassi-</strong></span> 
     </span>
    </p>
   </div>
   <div class='ocr_carea' id='block_1_61' title="bbox 2568 3036 4143 3111">
    <p class='ocr_par' dir='ltr' id='par_1_61' title="bbox 2568 3036 4143 3111">
     <span class='ocr_line' id='line_1_61' title="bbox 2568 3036 4143 3111; baseline -0.008 -12"><span class='ocrx_word' id='word_1_427' title='bbox 2568 3062 2731 3101; x_wconf 79' lang='lat' dir='ltr'><strong>nense</strong></span> <span class='ocrx_word' id='word_1_428' title='bbox 2764 3047 2856 3101; x_wconf 88' lang='lat' dir='ltr'><strong>lib.</strong></span> <span class='ocrx_word' id='word_1_429' title='bbox 2889 3061 2948 3109; x_wconf 85' lang='lat' dir='ltr'><strong>II,</strong></span> <span class='ocrx_word' id='word_1_430' title='bbox 2976 3059 3024 3098; x_wconf 93' lang='lat' dir='ltr'><strong>c.</strong></span> <span class='ocrx_word' id='word_1_431' title='bbox 3052 3044 3113 3107; x_wconf 89' lang='lat'><strong>9;</strong></span> <span class='ocrx_word' id='word_1_432' title='bbox 3142 3042 3412 3111; x_wconf 87' lang='lat' dir='ltr'><strong>Aringhus</strong></span> <span class='ocrx_word' id='word_1_433' title='bbox 3434 3040 3591 3094; x_wconf 82' lang='lat' dir='ltr'><strong>Rom.</strong></span> <span class='ocrx_word' id='word_1_434' title='bbox 3619 3038 3934 3093; x_wconf 88' lang='lat' dir='ltr'><strong>Subterran.</strong></span> <span class='ocrx_word' id='word_1_435' title='bbox 3960 3036 4054 3089; x_wconf 90' lang='lat' dir='ltr'><strong>lib.</strong></span> <span class='ocrx_word' id='word_1_436' title='bbox 4085 3051 4143 3098; x_wconf 86' lang='grc' dir='ltr'><strong>ιι,</strong></span> 
     </span>
    </p>
   </div>
   <div class='ocr_carea' id='block_1_62' title="bbox 2569 3128 4147 3207">
    <p class='ocr_par' dir='ltr' id='par_1_62' title="bbox 2569 3128 4147 3207">
     <span class='ocr_line' id='line_1_62' title="bbox 2569 3128 4147 3207; baseline -0.008 -15"><span class='ocrx_word' id='word_1_437' title='bbox 2569 3154 2617 3192; x_wconf 88' lang='lat' dir='ltr'><strong>c.</strong></span> <span class='ocrx_word' id='word_1_438' title='bbox 2648 3138 2700 3201; x_wconf 87' lang='lat'><strong>9,</strong></span> <span class='ocrx_word' id='word_1_439' title='bbox 2751 3137 2958 3207; x_wconf 69' lang='lat' dir='ltr'><strong>p.175.</strong></span> <span class='ocrx_word' id='word_1_440' title='bbox 3010 3134 3202 3189; x_wconf 89' lang='lat' dir='ltr'><strong>Utrum</strong></span> <span class='ocrx_word' id='word_1_441' title='bbox 3252 3131 3565 3200; x_wconf 61' lang='lat' dir='ltr'><strong>aegritudine</strong></span> <span class='ocrx_word' id='word_1_442' title='bbox 3615 3128 3778 3182; x_wconf 87' lang='lat' dir='ltr'><strong>animi</strong></span> <span class='ocrx_word' id='word_1_443' title='bbox 3825 3142 3893 3180; x_wconf 92' lang='lat' dir='ltr'><strong>an</strong></span> <span class='ocrx_word' id='word_1_444' title='bbox 3939 3140 4147 3180; x_wconf 84' lang='lat' dir='ltr'><strong>veneno</strong></span> 
     </span>
    </p>
   </div>
   <div class='ocr_carea' id='block_1_63' title="bbox 879 3214 4144 3300">
    <p class='ocr_par' dir='ltr' id='par_1_63' title="bbox 879 3214 4144 3300">
     <span class='ocr_line' id='line_1_63' title="bbox 879 3214 4144 3300; baseline -0.005 -18"><span class='ocrx_word' id='word_1_445' title='bbox 879 3232 1177 3284; x_wconf 88' lang='lat' dir='ltr'><strong>litterarum</strong></span> <span class='ocrx_word' id='word_1_446' title='bbox 1201 3232 1477 3300; x_wconf 87' lang='lat' dir='ltr'><strong>magistros</strong></span> <span class='ocrx_word' id='word_1_447' title='bbox 1507 3233 1711 3297; x_wconf 82' lang='lat' dir='ltr'><strong>accivit,</strong></span> <span class='ocrx_word' id='word_1_448' title='bbox 1735 3233 2031 3286; x_wconf 89' lang='lat' dir='ltr'><strong>doctoribus</strong></span> <span class='ocrx_word' id='word_1_449' title='bbox 2073 3233 2235 3286; x_wconf 87' lang='lat' dir='ltr'><strong>bonas</strong></span> <span class='ocrx_word' id='word_1_450' title='bbox 2266 3248 2461 3285; x_wconf 87' lang='lat' dir='ltr'><strong>merce-</strong></span> <span class='ocrx_word' id='word_1_451' title='bbox 2496 3214 2539 3275; x_wconf 83' lang='lat' dir='ltr'><strong>C</strong></span> <span class='ocrx_word' id='word_1_452' title='bbox 2574 3232 2815 3286; x_wconf 88' lang='lat' dir='ltr'><strong>sublatus</strong></span> <span class='ocrx_word' id='word_1_453' title='bbox 2843 3230 2913 3284; x_wconf 88' lang='lat' dir='ltr'><strong>sit</strong></span> <span class='ocrx_word' id='word_1_454' title='bbox 2940 3226 3090 3281; x_wconf 90' lang='lat' dir='ltr'><strong>multi</strong></span> <span class='ocrx_word' id='word_1_455' title='bbox 3121 3226 3388 3287; x_wconf 91' lang='lat' dir='ltr'><strong>dubitant,</strong></span> <span class='ocrx_word' id='word_1_456' title='bbox 3416 3231 3562 3277; x_wconf 90' lang='lat' dir='ltr'><strong>certe</strong></span> <span class='ocrx_word' id='word_1_457' title='bbox 3590 3220 3739 3275; x_wconf 88' lang='lat' dir='ltr'><strong>Italia</strong></span> <span class='ocrx_word' id='word_1_458' title='bbox 3790 3217 3924 3288; x_wconf 89' lang='lat' dir='ltr'><strong>patri</strong></span> <span class='ocrx_word' id='word_1_459' title='bbox 3964 3219 4144 3285; x_wconf 80' lang='lat' dir='ltr'><strong>Augu-</strong></span> 
     </span>
    </p>
   </div>
   <div class='ocr_carea' id='block_1_64' title="bbox 881 3321 2467 3390">
    <p class='ocr_par' dir='ltr' id='par_1_64' title="bbox 881 3321 2467 3390">
     <span class='ocr_line' id='line_1_64' title="bbox 881 3321 2467 3390; baseline 0.003 -19"><span class='ocrx_word' id='word_1_460' title='bbox 881 3321 972 3374; x_wconf 85' lang='lat' dir='ltr'><strong>des</strong></span> <span class='ocrx_word' id='word_1_461' title='bbox 1002 3321 1243 3384; x_wconf 83' lang='lat' dir='ltr'><strong>decrevit,</strong></span> <span class='ocrx_word' id='word_1_462' title='bbox 1273 3323 1491 3390; x_wconf 78' lang='lat' dir='ltr'><strong>prtemia</strong></span> <span class='ocrx_word' id='word_1_463' title='bbox 1540 3324 1766 3388; x_wconf 83' lang='lat' dir='ltr'><strong>addidit,</strong></span> <span class='ocrx_word' id='word_1_464' title='bbox 1806 3334 1907 3378; x_wconf 87' lang='lat' dir='ltr'><strong>etc.</strong></span> <span class='ocrx_word' id='word_1_465' title='bbox 1963 3333 2017 3376; x_wconf 89' lang='lat' dir='ltr'><strong>ut</strong></span> <span class='ocrx_word' id='word_1_466' title='bbox 2071 3323 2223 3376; x_wconf 89' lang='lat' dir='ltr'><strong>verbo</strong></span> <span class='ocrx_word' id='word_1_467' title='bbox 2273 3323 2467 3387; x_wconf 85' lang='lat' dir='ltr'><strong>dicam,</strong></span> 
     </span>
    </p>
   </div>
   <div class='ocr_carea' id='block_1_65' title="bbox 882 3412 2470 3481">
    <p class='ocr_par' dir='ltr' id='par_1_65' title="bbox 882 3412 2470 3481">
     <span class='ocr_line' id='line_1_65' title="bbox 882 3412 2470 3481; baseline 0.002 -17"><span class='ocrx_word' id='word_1_468' title='bbox 882 3412 1270 3465; x_wconf 83' lang='lat' dir='ltr'><strong>universitatem</strong></span> <span class='ocrx_word' id='word_1_469' title='bbox 1300 3412 1614 3466; x_wconf 87' lang='lat' dir='ltr'><strong>litterariam</strong></span> <span class='ocrx_word' id='word_1_470' title='bbox 1664 3430 1849 3467; x_wconf 86' lang='lat' dir='ltr'><strong>novam</strong></span> <span class='ocrx_word' id='word_1_471' title='bbox 1890 3414 2129 3467; x_wconf 86' lang='lat' dir='ltr'><strong>omnibus</strong></span> <span class='ocrx_word' id='word_1_472' title='bbox 2169 3413 2318 3467; x_wconf 80' lang='lat' dir='ltr'><strong>rebus</strong></span> <span class='ocrx_word' id='word_1_473' title='bbox 2348 3413 2470 3481; x_wconf 83' lang='lat' dir='ltr'><strong>fun-</strong></span> 
     </span>
    </p>
   </div>
   <div class='ocr_carea' id='block_1_66' title="bbox 880 3501 2473 3560">
    <p class='ocr_par' dir='ltr' id='par_1_66' title="bbox 880 3501 2473 3560">
     <span class='ocr_line' id='line_1_66' title="bbox 880 3501 2473 3560; baseline 0.002 -6"><span class='ocrx_word' id='word_1_474' title='bbox 880 3502 1043 3555; x_wconf 89' lang='lat' dir='ltr'><strong>davit.</strong></span> <span class='ocrx_word' id='word_1_475' title='bbox 1068 3501 1179 3556; x_wconf 89' lang='lat' dir='ltr'><strong>Nec</strong></span> <span class='ocrx_word' id='word_1_476' title='bbox 1208 3502 1365 3557; x_wconf 91' lang='lat' dir='ltr'><strong>aliter</strong></span> <span class='ocrx_word' id='word_1_477' title='bbox 1399 3503 1562 3557; x_wconf 85' lang='lat' dir='ltr'><strong>sentit</strong></span> <span class='ocrx_word' id='word_1_478' title='bbox 1608 3502 1923 3558; x_wconf 86' lang='lat' dir='ltr'><strong>Meibomius</strong></span> <span class='ocrx_word' id='word_1_479' title='bbox 1951 3505 2003 3558; x_wconf 90' lang='lat' dir='ltr'><strong>in</strong></span> <span class='ocrx_word' id='word_1_480' title='bbox 2042 3503 2312 3560; x_wconf 91' lang='lat' dir='ltr'><strong>Chronico</strong></span> <span class='ocrx_word' id='word_1_481' title='bbox 2345 3503 2473 3558; x_wconf 82' lang='lat' dir='ltr'><strong>Rid-</strong></span> 
     </span>
    </p>
   </div>
   <div class='ocr_carea' id='block_1_67' title="bbox 886 3592 2470 3664">
    <p class='ocr_par' dir='ltr' id='par_1_67' title="bbox 886 3592 2470 3664">
     <span class='ocr_line' id='line_1_67' title="bbox 886 3592 2470 3664; baseline 0.003 -21"><span class='ocrx_word' id='word_1_482' title='bbox 886 3592 1251 3662; x_wconf 84' lang='lat' dir='ltr'><strong>dagshusano,</strong></span> <span class='ocrx_word' id='word_1_483' title='bbox 1285 3608 1338 3662; x_wconf 92' lang='lat' dir='ltr'><strong>p.</strong></span> <span class='ocrx_word' id='word_1_484' title='bbox 1373 3592 1470 3647; x_wconf 81' lang='grc'><strong>591</strong></span> <span class='ocrx_word' id='word_1_485' title='bbox 1513 3610 1525 3645; x_wconf 88' lang='grc'>;</span> <span class='ocrx_word' id='word_1_486' title='bbox 1561 3595 1797 3663; x_wconf 79' lang='lat' dir='ltr'><strong>Aperuit,</strong></span> <span class='ocrx_word' id='word_1_487' title='bbox 1830 3594 2024 3664; x_wconf 91' lang='lat' dir='ltr'><strong>inquit,</strong></span> <span class='ocrx_word' id='word_1_488' title='bbox 2054 3596 2190 3649; x_wconf 89' lang='lat' dir='ltr'><strong>idem</strong></span> <span class='ocrx_word' id='word_1_489' title='bbox 2234 3596 2470 3664; x_wconf 87' lang='lat' dir='ltr'><strong>princeps</strong></span> 
     </span>
    </p>
   </div>
   <div class='ocr_carea' id='block_1_68' title="bbox 883 3680 2469 3754">
    <p class='ocr_par' dir='ltr' id='par_1_68' title="bbox 883 3680 2469 3754">
     <span class='ocr_line' id='line_1_68' title="bbox 883 3680 2469 3754; baseline 0.004 -23"><span class='ocrx_word' id='word_1_490' title='bbox 883 3680 1092 3734; x_wconf 86' lang='lat' dir='ltr'><strong>illustre</strong></span> <span class='ocrx_word' id='word_1_491' title='bbox 1120 3682 1487 3751; x_wconf 75' lang='lat' dir='ltr'><strong>pa’dagogium</strong></span> <span class='ocrx_word' id='word_1_492' title='bbox 1528 3684 1583 3735; x_wconf 88' lang='lat' dir='ltr'><strong>in</strong></span> <span class='ocrx_word' id='word_1_493' title='bbox 1612 3684 1994 3753; x_wconf 84' lang='lat' dir='ltr'><strong>antiquissima,</strong></span> <span class='ocrx_word' id='word_1_494' title='bbox 2029 3686 2259 3753; x_wconf 83' lang='lat' dir='ltr'><strong>adeoque</strong></span> <span class='ocrx_word' id='word_1_495' title='bbox 2279 3686 2469 3754; x_wconf 90' lang='lat' dir='ltr'><strong>prima,</strong></span> 
     </span>
    </p>
   </div>
   <div class='ocr_carea' id='block_1_69' title="bbox 882 3770 2473 3840">
    <p class='ocr_par' dir='ltr' id='par_1_69' title="bbox 882 3770 2473 3840">
     <span class='ocr_line' id='line_1_69' title="bbox 882 3770 2473 3840; baseline 0.003 -18"><span class='ocrx_word' id='word_1_496' title='bbox 882 3771 929 3823; x_wconf 92' lang='lat' dir='ltr'><strong>si</strong></span> <span class='ocrx_word' id='word_1_497' title='bbox 960 3787 1065 3840; x_wconf 90' lang='lat' dir='ltr'><strong>qua</strong></span> <span class='ocrx_word' id='word_1_498' title='bbox 1117 3770 1397 3824; x_wconf 88' lang='lat' dir='ltr'><strong>annalibus</strong></span> <span class='ocrx_word' id='word_1_499' title='bbox 1443 3772 1631 3825; x_wconf 88' lang='lat' dir='ltr'><strong>nostris</strong></span> <span class='ocrx_word' id='word_1_500' title='bbox 1691 3772 1841 3837; x_wconf 81' lang='lat' dir='ltr'><strong>fides,</strong></span> <span class='ocrx_word' id='word_1_501' title='bbox 1892 3775 2017 3827; x_wconf 86' lang='lat' dir='ltr'><strong>urbe</strong></span> <span class='ocrx_word' id='word_1_502' title='bbox 2066 3772 2353 3837; x_wconf 82' lang='lat' dir='ltr'><strong>Gandesia,</strong></span> <span class='ocrx_word' id='word_1_503' title='bbox 2407 3776 2473 3826; x_wconf 92' lang='lat' dir='ltr'><strong>ad</strong></span> 
     </span>
    </p>
   </div>
   <div class='ocr_carea' id='block_1_70' title="bbox 888 3860 2474 3931">
    <p class='ocr_par' dir='ltr' id='par_1_70' title="bbox 888 3860 2474 3931">
     <span class='ocr_line' id='line_1_70' title="bbox 888 3860 2474 3931; baseline 0.001 -16"><span class='ocrx_word' id='word_1_504' title='bbox 888 3860 1133 3915; x_wconf 81' lang='lat' dir='ltr'><strong>Gandam</strong></span> <span class='ocrx_word' id='word_1_505' title='bbox 1159 3862 1401 3930; x_wconf 83' lang='lat' dir='ltr'><strong>fluvium,</strong></span> <span class='ocrx_word' id='word_1_506' title='bbox 1432 3878 1533 3915; x_wconf 88' lang='lat' dir='ltr'><strong>non</strong></span> <span class='ocrx_word' id='word_1_507' title='bbox 1559 3863 1741 3931; x_wconf 87' lang='lat' dir='ltr'><strong>procul</strong></span> <span class='ocrx_word' id='word_1_508' title='bbox 1785 3864 1848 3916; x_wconf 91' lang='lat' dir='ltr'><strong>ab</strong></span> <span class='ocrx_word' id='word_1_509' title='bbox 1895 3862 2158 3917; x_wconf 81' lang='lat' dir='ltr'><strong>Herciniis</strong></span> <span class='ocrx_word' id='word_1_510' title='bbox 2214 3865 2474 3916; x_wconf 85' lang='lat' dir='ltr'><strong>montibus</strong></span> 
     </span>
    </p>
   </div>
   <div class='ocr_carea' id='block_1_71' title="bbox 884 3950 2474 4020">
    <p class='ocr_par' dir='ltr' id='par_1_71' title="bbox 884 3950 2474 4020">
     <span class='ocr_line' id='line_1_71' title="bbox 884 3950 2474 4020; baseline -0.001 -14"><span class='ocrx_word' id='word_1_511' title='bbox 884 3954 988 4006; x_wconf 84' lang='lat' dir='ltr'><strong>sita</strong></span> <span class='ocrx_word' id='word_1_512' title='bbox 1009 3994 1022 4017; x_wconf 86' lang='lat'><strong>,</strong></span> <span class='ocrx_word' id='word_1_513' title='bbox 1048 3960 1155 4005; x_wconf 86' lang='lat' dir='ltr'><strong>etc.</strong></span> <span class='ocrx_word' id='word_1_514' title='bbox 1217 3950 1481 4019; x_wconf 81' lang='lat' dir='ltr'><strong>Migrante</strong></span> <span class='ocrx_word' id='word_1_515' title='bbox 1523 3952 1680 4020; x_wconf 87' lang='lat' dir='ltr'><strong>paulo</strong></span> <span class='ocrx_word' id='word_1_516' title='bbox 1716 3964 1827 4020; x_wconf 89' lang='lat' dir='ltr'><strong>post</strong></span> <span class='ocrx_word' id='word_1_517' title='bbox 1857 3953 2146 4016; x_wconf 84' lang='lat' dir='ltr'><strong>Gandesia,</strong></span> <span class='ocrx_word' id='word_1_518' title='bbox 2171 3954 2237 4005; x_wconf 91' lang='lat' dir='ltr'><strong>ad</strong></span> <span class='ocrx_word' id='word_1_519' title='bbox 2262 3951 2474 4005; x_wconf 85' lang='lat' dir='ltr'><strong>Elntum</strong></span> 
     </span>
    </p>
   </div>
   <div class='ocr_carea' id='block_1_72' title="bbox 884 4042 2475 4115">
    <p class='ocr_par' dir='ltr' id='par_1_72' title="bbox 884 4042 2475 4115">
     <span class='ocr_line' id='line_1_72' title="bbox 884 4042 2475 4115; baseline 0.002 -22"><span class='ocrx_word' id='word_1_520' title='bbox 884 4044 1172 4115; x_wconf 75' lang='lat' dir='ltr'><strong>Gymnasio</strong></span> <span class='ocrx_word' id='word_1_521' title='bbox 1204 4045 1322 4107; x_wconf 88' lang='lat' dir='ltr'><strong>isto,</strong></span> <span class='ocrx_word' id='word_1_522' title='bbox 1359 4042 1701 4096; x_wconf 85' lang='lat' dir='ltr'><strong>Windruvius</strong></span> <span class='ocrx_word' id='word_1_523' title='bbox 1740 4060 1856 4096; x_wconf 90' lang='lat' dir='ltr'><strong>cum</strong></span> <span class='ocrx_word' id='word_1_524' title='bbox 1884 4044 2321 4098; x_wconf 87' lang='lat' dir='ltr'><strong>commilitonibus</strong></span> <span class='ocrx_word' id='word_1_525' title='bbox 2368 4045 2475 4096; x_wconf 82' lang='lat' dir='ltr'><strong>suis</strong></span> 
     </span>
    </p>
   </div>
   <div class='ocr_carea' id='block_1_73' title="bbox 884 4129 2475 4201">
    <p class='ocr_par' dir='ltr' id='par_1_73' title="bbox 884 4129 2475 4201">
     <span class='ocr_line' id='line_1_73' title="bbox 884 4129 2475 4201; baseline -0.003 -15"><span class='ocrx_word' id='word_1_526' title='bbox 884 4150 943 4186; x_wconf 86' lang='lat' dir='ltr'><strong>eo</strong></span> <span class='ocrx_word' id='word_1_527' title='bbox 969 4149 1023 4186; x_wconf 88' lang='lat' dir='ltr'><strong>se</strong></span> <span class='ocrx_word' id='word_1_528' title='bbox 1054 4132 1361 4201; x_wconf 85' lang='lat' dir='ltr'><strong>deportavit.</strong></span> <span class='ocrx_word' id='word_1_529' title='bbox 1391 4129 1774 4184; x_wconf 86' lang='lat' dir='ltr'><strong>Translationis</strong></span> <span class='ocrx_word' id='word_1_530' title='bbox 1810 4133 1967 4201; x_wconf 82' lang='lat' dir='ltr'><strong>hujus</strong></span> <span class='ocrx_word' id='word_1_531' title='bbox 2020 4149 2099 4185; x_wconf 86' lang='lat' dir='ltr'><strong>me</strong></span> <span class='ocrx_word' id='word_1_532' title='bbox 2152 4131 2475 4185; x_wconf 83' lang='lat' dir='ltr'><strong>adolescente</strong></span> 
     </span>
    </p>
   </div>
   <div class='ocr_carea' id='block_1_74' title="bbox 885 4219 2475 4292">
    <p class='ocr_par' dir='ltr' id='par_1_74' title="bbox 885 4219 2475 4292">
     <span class='ocr_line' id='line_1_74' title="bbox 885 4219 2475 4292; baseline -0.004 -13"><span class='ocrx_word' id='word_1_533' title='bbox 885 4229 997 4279; x_wconf 69' lang='lat' dir='ltr'><strong>hcce</strong></span> <span class='ocrx_word' id='word_1_534' title='bbox 1045 4223 1313 4292; x_wconf 84' lang='lat' dir='ltr'><strong>ferebatur</strong></span> <span class='ocrx_word' id='word_1_535' title='bbox 1354 4239 1515 4275; x_wconf 85' lang='lat' dir='ltr'><strong>causa</strong></span> <span class='ocrx_word' id='word_1_536' title='bbox 1551 4241 1567 4275; x_wconf 78' lang='lat'><strong>.&#39;</strong></span> <span class='ocrx_word' id='word_1_537' title='bbox 1598 4219 1919 4277; x_wconf 80' lang='lat' dir='ltr'><strong>Candesium</strong></span> <span class='ocrx_word' id='word_1_538' title='bbox 1950 4224 2129 4286; x_wconf 89' lang='lat' dir='ltr'><strong>situm,</strong></span> <span class='ocrx_word' id='word_1_539' title='bbox 2156 4232 2211 4275; x_wconf 91' lang='lat' dir='ltr'><strong>ut</strong></span> <span class='ocrx_word' id='word_1_540' title='bbox 2244 4223 2375 4285; x_wconf 74' lang='lat' dir='ltr'><strong>dixi,</strong></span> <span class='ocrx_word' id='word_1_541' title='bbox 2409 4221 2475 4274; x_wconf 91' lang='lat' dir='ltr'><strong>ad</strong></span> 
     </span>
    </p>
   </div>
   <div class='ocr_carea' id='block_1_75' title="bbox 884 4315 2477 4387">
    <p class='ocr_par' dir='ltr' id='par_1_75' title="bbox 884 4315 2477 4387">
     <span class='ocr_line' id='line_1_75' title="bbox 884 4315 2477 4387; baseline -0.004 -14"><span class='ocrx_word' id='word_1_542' title='bbox 884 4321 1093 4374; x_wconf 80' lang='lat' dir='ltr'><strong>radices</strong></span> <span class='ocrx_word' id='word_1_543' title='bbox 1138 4319 1305 4373; x_wconf 88' lang='lat' dir='ltr'><strong>saltus</strong></span> <span class='ocrx_word' id='word_1_544' title='bbox 1357 4316 1593 4371; x_wconf 85' lang='lat' dir='ltr'><strong>Hercinii</strong></span> <span class='ocrx_word' id='word_1_545' title='bbox 1632 4318 1840 4370; x_wconf 84' lang='lat' dir='ltr'><strong>initium</strong></span> <span class='ocrx_word' id='word_1_546' title='bbox 1871 4318 2001 4370; x_wconf 84' lang='lat' dir='ltr'><strong>veris</strong></span> <span class='ocrx_word' id='word_1_547' title='bbox 2026 4317 2335 4387; x_wconf 87' lang='lat' dir='ltr'><strong>liquescente</strong></span> <span class='ocrx_word' id='word_1_548' title='bbox 2366 4315 2477 4367; x_wconf 83' lang='lat' dir='ltr'><strong>nive</strong></span> 
     </span>
    </p>
   </div>
   <div class='ocr_carea' id='block_1_76' title="bbox 885 4407 2478 4482">
    <p class='ocr_par' dir='ltr' id='par_1_76' title="bbox 885 4407 2478 4482">
     <span class='ocr_line' id='line_1_76' title="bbox 885 4407 2478 4482; baseline -0.006 -16"><span class='ocrx_word' id='word_1_549' title='bbox 885 4424 933 4466; x_wconf 89' lang='lat' dir='ltr'><strong>ct</strong></span> <span class='ocrx_word' id='word_1_550' title='bbox 962 4429 1100 4482; x_wconf 81' lang='lat' dir='ltr'><strong>aqua</strong></span> <span class='ocrx_word' id='word_1_551' title='bbox 1128 4412 1337 4480; x_wconf 86' lang='lat' dir='ltr'><strong>copiosa</strong></span> <span class='ocrx_word' id='word_1_552' title='bbox 1365 4426 1429 4463; x_wconf 81' lang='lat' dir='ltr'><strong>ea:</strong></span> <span class='ocrx_word' id='word_1_553' title='bbox 1454 4409 1605 4463; x_wconf 89' lang='lat' dir='ltr'><strong>editis</strong></span> <span class='ocrx_word' id='word_1_554' title='bbox 1626 4409 1885 4463; x_wconf 88' lang='lat' dir='ltr'><strong>montibus</strong></span> <span class='ocrx_word' id='word_1_555' title='bbox 1913 4408 2201 4471; x_wconf 83' lang='lat' dir='ltr'><strong>delabente,</strong></span> <span class='ocrx_word' id='word_1_556' title='bbox 2232 4407 2478 4460; x_wconf 87' lang='lat' dir='ltr'><strong>eluvioni-</strong></span> 
     </span>
    </p>
   </div>
   <div class='ocr_carea' id='block_1_77' title="bbox 888 4497 2477 4569">
    <p class='ocr_par' dir='ltr' id='par_1_77' title="bbox 888 4497 2477 4569">
     <span class='ocr_line' id='line_1_77' title="bbox 888 4497 2477 4569; baseline -0.004 -13"><span class='ocrx_word' id='word_1_557' title='bbox 888 4507 983 4558; x_wconf 89' lang='lat' dir='ltr'><strong>bus</strong></span> <span class='ocrx_word' id='word_1_558' title='bbox 1033 4503 1251 4558; x_wconf 86' lang='lat' dir='ltr'><strong>subinde</strong></span> <span class='ocrx_word' id='word_1_559' title='bbox 1306 4501 1657 4569; x_wconf 78' lang='lat' dir='ltr'><strong>infestabatur</strong></span> <span class='ocrx_word' id='word_1_560' title='bbox 1702 4518 1718 4554; x_wconf 92' lang='lat'><strong><em>:</em></strong></span> <span class='ocrx_word' id='word_1_561' title='bbox 1758 4502 1854 4563; x_wconf 91' lang='lat' dir='ltr'><strong>ita,</strong></span> <span class='ocrx_word' id='word_1_562' title='bbox 1880 4510 1935 4553; x_wconf 90' lang='lat' dir='ltr'><strong>ut</strong></span> <span class='ocrx_word' id='word_1_563' title='bbox 1984 4500 2104 4553; x_wconf 86' lang='lat' dir='ltr'><strong>libri</strong></span> <span class='ocrx_word' id='word_1_564' title='bbox 2151 4509 2197 4552; x_wconf 89' lang='lat' dir='ltr'><strong>et</strong></span> <span class='ocrx_word' id='word_1_565' title='bbox 2245 4497 2477 4566; x_wconf 75' lang='lat' dir='ltr'><strong>supellex</strong></span> 
     </span>
    </p>
   </div>
   <div class='ocr_carea' id='block_1_78' title="bbox 885 4588 2480 4659">
    <p class='ocr_par' dir='ltr' id='par_1_78' title="bbox 885 4588 2480 4659">
     <span class='ocr_line' id='line_1_78' title="bbox 885 4588 2480 4659; baseline -0.004 -13"><span class='ocrx_word' id='word_1_566' title='bbox 885 4592 1145 4646; x_wconf 82' lang='lat' dir='ltr'><strong>litterario</strong></span> <span class='ocrx_word' id='word_1_567' title='bbox 1177 4602 1285 4645; x_wconf 87' lang='lat' dir='ltr'><strong>tam</strong></span> <span class='ocrx_word' id='word_1_568' title='bbox 1327 4591 1619 4645; x_wconf 82' lang='lat' dir='ltr'><strong>docentium</strong></span> <span class='ocrx_word' id='word_1_569' title='bbox 1658 4608 1816 4659; x_wconf 90' lang='lat' dir='ltr'><strong>quam</strong></span> <span class='ocrx_word' id='word_1_570' title='bbox 1856 4590 2164 4643; x_wconf 87' lang='lat' dir='ltr'><strong>discentium</strong></span> <span class='ocrx_word' id='word_1_571' title='bbox 2218 4588 2480 4657; x_wconf 89' lang='lat' dir='ltr'><strong>periclita-</strong></span> 
     </span>
    </p>
   </div>
   <div class='ocr_carea' id='block_1_79' title="bbox 885 4676 2482 4748">
    <p class='ocr_par' dir='ltr' id='par_1_79' title="bbox 885 4676 2482 4748">
     <span class='ocr_line' id='line_1_79' title="bbox 885 4676 2482 4748; baseline -0.003 -13"><span class='ocrx_word' id='word_1_572' title='bbox 885 4692 1093 4748; x_wconf 81' lang='lat' dir='ltr'><strong>rentur,</strong></span> <span class='ocrx_word' id='word_1_573' title='bbox 1115 4691 1223 4736; x_wconf 88' lang='lat' dir='ltr'><strong>etc.</strong></span> <span class='ocrx_word' id='word_1_574' title='bbox 1251 4681 1516 4736; x_wconf 77' lang='lat' dir='ltr'><strong>Prteterea</strong></span> <span class='ocrx_word' id='word_1_575' title='bbox 1542 4682 1787 4734; x_wconf 83' lang='lat' dir='ltr'><strong>remotius</strong></span> <span class='ocrx_word' id='word_1_576' title='bbox 1808 4694 1922 4734; x_wconf 83' lang='lat' dir='ltr'><strong>erat</strong></span> <span class='ocrx_word' id='word_1_577' title='bbox 1958 4676 2276 4733; x_wconf 83' lang='lat' dir='ltr'><strong>Candesium</strong></span> <span class='ocrx_word' id='word_1_578' title='bbox 2317 4695 2347 4730; x_wconf 92' lang='lat' dir='ltr'><strong>a</strong></span> <span class='ocrx_word' id='word_1_579' title='bbox 2383 4693 2482 4730; x_wconf 91' lang='lat' dir='ltr'><strong>me-</strong></span> 
     </span>
    </p>
   </div>
   <div class='ocr_carea' id='block_1_80' title="bbox 889 4767 2477 4840">
    <p class='ocr_par' dir='ltr' id='par_1_80' title="bbox 889 4767 2477 4840">
     <span class='ocr_line' id='line_1_80' title="bbox 889 4767 2477 4840; baseline -0.002 -19"><span class='ocrx_word' id='word_1_580' title='bbox 889 4770 1101 4825; x_wconf 78' lang='lat' dir='ltr'><strong>ditullio</strong></span> <span class='ocrx_word' id='word_1_581' title='bbox 1133 4769 1465 4835; x_wconf 72' lang='lat' dir='ltr'><strong>Saxoniw,et</strong></span> <span class='ocrx_word' id='word_1_582' title='bbox 1488 4771 1707 4840; x_wconf 87' lang='lat' dir='ltr'><strong>quasiin</strong></span> <span class='ocrx_word' id='word_1_583' title='bbox 1739 4768 1932 4840; x_wconf 84' lang='lat' dir='ltr'><strong>angulo</strong></span> <span class='ocrx_word' id='word_1_584' title='bbox 1961 4769 2065 4823; x_wconf 87' lang='lat' dir='ltr'><strong>sive</strong></span> <span class='ocrx_word' id='word_1_585' title='bbox 2088 4784 2292 4821; x_wconf 86' lang='lat' dir='ltr'><strong>secessu</strong></span> <span class='ocrx_word' id='word_1_586' title='bbox 2334 4767 2477 4836; x_wconf 89' lang='lat' dir='ltr'><strong>posi-</strong></span> 
     </span>
    </p>
   </div>
   <div class='ocr_carea' id='block_1_81' title="bbox 892 4858 2477 4931">
    <p class='ocr_par' dir='ltr' id='par_1_81' title="bbox 892 4858 2477 4931">
     <span class='ocr_line' id='line_1_81' title="bbox 892 4858 2477 4931; baseline -0.002 -16"><span class='ocrx_word' id='word_1_587' title='bbox 892 4878 1027 4929; x_wconf 86' lang='lat' dir='ltr'><strong>tum,</strong></span> <span class='ocrx_word' id='word_1_588' title='bbox 1054 4864 1193 4917; x_wconf 88' lang='lat' dir='ltr'><strong>unde</strong></span> <span class='ocrx_word' id='word_1_589' title='bbox 1229 4864 1405 4916; x_wconf 88' lang='lat' dir='ltr'><strong>minus</strong></span> <span class='ocrx_word' id='word_1_590' title='bbox 1438 4862 1764 4931; x_wconf 80' lang='lat' dir='ltr'><strong>frequentari</strong></span> <span class='ocrx_word' id='word_1_591' title='bbox 1807 4861 2109 4931; x_wconf 88' lang='lat' dir='ltr'><strong>putabatur.</strong></span> <span class='ocrx_word' id='word_1_592' title='bbox 2163 4858 2477 4913; x_wconf 77' lang='lat' dir='ltr'><strong>Helmtesta-</strong></span> 
     </span>
    </p>
   </div>
   <div class='ocr_carea' id='block_1_82' title="bbox 889 4949 2475 5022">
    <p class='ocr_par' dir='ltr' id='par_1_82' title="bbox 889 4949 2475 5022">
     <span class='ocr_line' id='line_1_82' title="bbox 889 4949 2475 5022; baseline -0.003 -17"><span class='ocrx_word' id='word_1_593' title='bbox 889 4954 1038 5006; x_wconf 86' lang='lat' dir='ltr'><strong>dium</strong></span> <span class='ocrx_word' id='word_1_594' title='bbox 1092 4970 1241 5018; x_wconf 90' lang='lat' dir='ltr'><strong>vero,</strong></span> <span class='ocrx_word' id='word_1_595' title='bbox 1299 4964 1643 5021; x_wconf 79' lang='lat' dir='ltr'><strong>prteterquam</strong></span> <span class='ocrx_word' id='word_1_596' title='bbox 1696 4953 1834 5022; x_wconf 88' lang='lat' dir='ltr'><strong>quod</strong></span> <span class='ocrx_word' id='word_1_597' title='bbox 1888 4952 2023 5005; x_wconf 88' lang='lat' dir='ltr'><strong>inter</strong></span> <span class='ocrx_word' id='word_1_598' title='bbox 2065 4949 2475 5019; x_wconf 83' lang='lat' dir='ltr'><strong>Magdeburgum</strong></span> 
     </span>
    </p>
   </div>
   <div class='ocr_carea' id='block_1_83' title="bbox 889 5041 2479 5117">
    <p class='ocr_par' dir='ltr' id='par_1_83' title="bbox 889 5041 2479 5117">
     <span class='ocr_line' id='line_1_83' title="bbox 889 5041 2479 5117; baseline -0.004 -18"><span class='ocrx_word' id='word_1_599' title='bbox 889 5056 937 5100; x_wconf 84' lang='lat' dir='ltr'><strong>et</strong></span> <span class='ocrx_word' id='word_1_600' title='bbox 966 5045 1353 5117; x_wconf 86' lang='lat' dir='ltr'><strong>Brunswigam,</strong></span> <span class='ocrx_word' id='word_1_601' title='bbox 1384 5045 1535 5099; x_wconf 85' lang='lat' dir='ltr'><strong>urbes</strong></span> <span class='ocrx_word' id='word_1_602' title='bbox 1558 5044 1760 5114; x_wconf 87' lang='lat' dir='ltr'><strong>amplas</strong></span> <span class='ocrx_word' id='word_1_603' title='bbox 1793 5054 1841 5098; x_wconf 89' lang='lat' dir='ltr'><strong>et</strong></span> <span class='ocrx_word' id='word_1_604' title='bbox 1886 5042 2187 5112; x_wconf 85' lang='lat' dir='ltr'><strong>populosas,</strong></span> <span class='ocrx_word' id='word_1_605' title='bbox 2221 5041 2333 5096; x_wconf 86' lang='lat' dir='ltr'><strong>loco</strong></span> <span class='ocrx_word' id='word_1_606' title='bbox 2371 5042 2479 5110; x_wconf 84' lang='lat' dir='ltr'><strong>fere</strong></span> 
     </span>
    </p>
   </div>
   <div class='ocr_carea' id='block_1_84' title="bbox 889 5132 2480 5207">
    <p class='ocr_par' dir='ltr' id='par_1_84' title="bbox 889 5132 2480 5207">
     <span class='ocr_line' id='line_1_84' title="bbox 889 5132 2480 5207; baseline -0.003 -18"><span class='ocrx_word' id='word_1_607' title='bbox 889 5139 1197 5192; x_wconf 71' lang='lat' dir='ltr'><strong>inter-medio</strong></span> <span class='ocrx_word' id='word_1_608' title='bbox 1227 5153 1388 5207; x_wconf 90' lang='lat' dir='ltr'><strong>eoque</strong></span> <span class='ocrx_word' id='word_1_609' title='bbox 1418 5146 1595 5206; x_wconf 85' lang='lat' dir='ltr'><strong>aperto</strong></span> <span class='ocrx_word' id='word_1_610' title='bbox 1634 5146 1681 5189; x_wconf 89' lang='lat' dir='ltr'><strong>et</strong></span> <span class='ocrx_word' id='word_1_611' title='bbox 1729 5133 1929 5188; x_wconf 85' lang='lat' dir='ltr'><strong>salubri</strong></span> <span class='ocrx_word' id='word_1_612' title='bbox 1967 5134 2121 5186; x_wconf 86' lang='lat' dir='ltr'><strong>situm</strong></span> <span class='ocrx_word' id='word_1_613' title='bbox 2161 5142 2259 5198; x_wconf 87' lang='lat' dir='ltr'><strong>est,</strong></span> <span class='ocrx_word' id='word_1_614' title='bbox 2285 5132 2480 5185; x_wconf 85' lang='lat' dir='ltr'><strong>vicinas</strong></span> 
     </span>
    </p>
   </div>
   <div class='ocr_carea' id='block_1_85' title="bbox 893 5224 2479 5297">
    <p class='ocr_par' dir='ltr' id='par_1_85' title="bbox 893 5224 2479 5297">
     <span class='ocr_line' id='line_1_85' title="bbox 893 5224 2479 5297; baseline -0.003 -17"><span class='ocrx_word' id='word_1_615' title='bbox 893 5230 1050 5283; x_wconf 83' lang='lat' dir='ltr'><strong>habet</strong></span> <span class='ocrx_word' id='word_1_616' title='bbox 1077 5239 1443 5284; x_wconf 85' lang='lat' dir='ltr'><strong>concurrentes</strong></span> <span class='ocrx_word' id='word_1_617' title='bbox 1475 5227 1731 5297; x_wconf 87' lang='lat' dir='ltr'><strong>regiones,</strong></span> <span class='ocrx_word' id='word_1_618' title='bbox 1761 5228 2007 5279; x_wconf 88' lang='lat' dir='ltr'><strong>ducatum</strong></span> <span class='ocrx_word' id='word_1_619' title='bbox 2034 5224 2479 5278; x_wconf 87' lang='lat' dir='ltr'><strong>Brunswicensem</strong></span> 
     </span>
    </p>
   </div>
   <div class='ocr_carea' id='block_1_86' title="bbox 892 5313 2478 5356">
    <p class='ocr_par' dir='ltr' id='par_1_86' title="bbox 892 5313 2478 5356">
     <span class='ocr_line' id='line_1_86' title="bbox 892 5313 2478 5356; baseline -0.001 0"><span class='ocrx_word' id='word_1_620' title='bbox 892 5328 939 5356; x_wconf 72' lang='grc' dir='ltr'><em>οι</em></span> <span class='ocrx_word' id='word_1_621' title='bbox 998 5318 1462 5356; x_wconf 11' lang='grc' dir='ltr'><strong>ιῄτιηηιηηηοηωιη</strong></span> <span class='ocrx_word' id='word_1_622' title='bbox 1531 5316 2035 5356; x_wconf 68' lang='lat' dir='ltr'><strong>nrrhipnicrnnnhlm</strong></span> <span class='ocrx_word' id='word_1_623' title='bbox 2072 5313 2478 5356; x_wconf 70' lang='lat' dir='ltr'><strong>Martdphitrnpn-</strong></span> 
     </span>
    </p>
   </div>
   <div class='ocr_carea' id='block_1_87' title="bbox 2576 3308 4149 3386">
    <p class='ocr_par' dir='ltr' id='par_1_87' title="bbox 2576 3308 4149 3386">
     <span class='ocr_line' id='line_1_87' title="bbox 2576 3308 4149 3386; baseline -0.011 -9"><span class='ocrx_word' id='word_1_624' title='bbox 2576 3333 2717 3377; x_wconf 90' lang='lat' dir='ltr'><strong>stum</strong></span> <span class='ocrx_word' id='word_1_625' title='bbox 2749 3323 2933 3386; x_wconf 90' lang='lat' dir='ltr'><strong>decus,</strong></span> <span class='ocrx_word' id='word_1_626' title='bbox 2953 3320 3059 3373; x_wconf 84' lang='lat' dir='ltr'><strong>[ilio</strong></span> <span class='ocrx_word' id='word_1_627' title='bbox 3091 3327 3144 3373; x_wconf 89' lang='lat' dir='ltr'><strong>et</strong></span> <span class='ocrx_word' id='word_1_628' title='bbox 3172 3317 3347 3385; x_wconf 90' lang='lat' dir='ltr'><strong>nepoti</strong></span> <span class='ocrx_word' id='word_1_629' title='bbox 3374 3311 3808 3373; x_wconf 78' lang='lat' dir='ltr'><strong>exitiumattulit,</strong></span> <span class='ocrx_word' id='word_1_630' title='bbox 3834 3325 3933 3364; x_wconf 91' lang='lat' dir='ltr'><strong>nec</strong></span> <span class='ocrx_word' id='word_1_631' title='bbox 3963 3308 4149 3363; x_wconf 86' lang='lat' dir='ltr'><strong>melius</strong></span> 
     </span>
    </p>
   </div>
   <div class='ocr_carea' id='block_1_88' title="bbox 2578 3399 3888 3478">
    <p class='ocr_par' dir='ltr' id='par_1_88' title="bbox 2578 3399 3888 3478">
     <span class='ocr_line' id='line_1_88' title="bbox 2578 3399 3888 3478; baseline -0.012 -11"><span class='ocrx_word' id='word_1_632' title='bbox 2578 3411 2949 3478; x_wconf 79' lang='lat' dir='ltr'><strong>sinceriusque</strong></span> <span class='ocrx_word' id='word_1_633' title='bbox 2978 3423 3100 3463; x_wconf 91' lang='lat' dir='ltr'><strong>cum</strong></span> <span class='ocrx_word' id='word_1_634' title='bbox 3130 3405 3537 3461; x_wconf 89' lang='lat' dir='ltr'><strong>successoribus</strong></span> <span class='ocrx_word' id='word_1_635' title='bbox 3567 3412 3745 3457; x_wconf 88' lang='lat' dir='ltr'><strong>actum</strong></span> <span class='ocrx_word' id='word_1_636' title='bbox 3769 3399 3888 3453; x_wconf 84' lang='lat' dir='ltr'><strong>fuit.</strong></span> 
     </span>
    </p>
   </div>
   <div class='ocr_carea' id='block_1_89' title="bbox 2650 3488 4151 3557">
    <p class='ocr_par' dir='ltr' id='par_1_89' title="bbox 2650 3488 4151 3557">
     <span class='ocr_line' id='line_1_89' title="bbox 2650 3488 4151 3557; baseline -0.011 0"><span class='ocrx_word' id='word_1_637' title='bbox 2650 3505 2846 3557; x_wconf 74' lang='lat' dir='ltr'><strong>Verum</strong></span> <span class='ocrx_word' id='word_1_638' title='bbox 2875 3500 3039 3555; x_wconf 89' lang='lat' dir='ltr'><strong>abhis</strong></span> <span class='ocrx_word' id='word_1_639' title='bbox 3066 3498 3365 3551; x_wconf 89' lang='lat' dir='ltr'><strong>rationibus</strong></span> <span class='ocrx_word' id='word_1_640' title='bbox 3385 3494 3763 3550; x_wconf 87' lang='lat' dir='ltr'><strong>discessionem</strong></span> <span class='ocrx_word' id='word_1_641' title='bbox 3782 3488 4151 3545; x_wconf 86' lang='lat' dir='ltr'><strong>facitJoannes</strong></span> 
     </span>
    </p>
   </div>
   <div class='ocr_carea' id='block_1_90' title="bbox 2578 3578 4150 3653">
    <p class='ocr_par' dir='ltr' id='par_1_90' title="bbox 2578 3578 4150 3653">
     <span class='ocr_line' id='line_1_90' title="bbox 2578 3578 4150 3653; baseline -0.011 -4"><span class='ocrx_word' id='word_1_642' title='bbox 2578 3592 2909 3649; x_wconf 87' lang='lat' dir='ltr'><strong>Trithemius</strong></span> <span class='ocrx_word' id='word_1_643' title='bbox 2945 3592 2996 3643; x_wconf 90' lang='lat' dir='ltr'><strong>in</strong></span> <span class='ocrx_word' id='word_1_644' title='bbox 3041 3590 3180 3643; x_wconf 91' lang='lat' dir='ltr'><strong>libro</strong></span> <span class='ocrx_word' id='word_1_645' title='bbox 3228 3588 3302 3642; x_wconf 89' lang='lat' dir='ltr'><strong>De</strong></span> <span class='ocrx_word' id='word_1_646' title='bbox 3365 3584 3715 3653; x_wconf 84' lang='lat' dir='ltr'><strong>scriptoribus</strong></span> <span class='ocrx_word' id='word_1_647' title='bbox 3766 3578 4150 3636; x_wconf 76' lang='lat' dir='ltr'><strong>ecclesiasticis</strong></span> 
     </span>
    </p>
   </div>
   <div class='ocr_carea' id='block_1_91' title="bbox 2578 3670 4152 3755">
    <p class='ocr_par' dir='ltr' id='par_1_91' title="bbox 2578 3670 4152 3755">
     <span class='ocr_line' id='line_1_91' title="bbox 2578 3670 4152 3755; baseline -0.011 -14"><span class='ocrx_word' id='word_1_648' title='bbox 2578 3686 2856 3755; x_wconf 89' lang='lat' dir='ltr'><strong>inscripto,</strong></span> <span class='ocrx_word' id='word_1_649' title='bbox 2889 3692 2943 3738; x_wconf 90' lang='lat' dir='ltr'><strong>et</strong></span> <span class='ocrx_word' id='word_1_650' title='bbox 2990 3681 3118 3736; x_wconf 87' lang='grc'><strong>1601</strong></span> <span class='ocrx_word' id='word_1_651' title='bbox 3172 3695 3201 3732; x_wconf 89' lang='lat' dir='ltr'><strong>a</strong></span> <span class='ocrx_word' id='word_1_652' title='bbox 3253 3676 3575 3747; x_wconf 85' lang='lat' dir='ltr'><strong>Marquardo</strong></span> <span class='ocrx_word' id='word_1_653' title='bbox 3605 3675 3842 3729; x_wconf 84' lang='lat' dir='ltr'><strong>Frehero</strong></span> <span class='ocrx_word' id='word_1_654' title='bbox 3882 3686 4003 3726; x_wconf 88' lang='lat' dir='ltr'><strong>cum</strong></span> <span class='ocrx_word' id='word_1_655' title='bbox 4035 3670 4152 3723; x_wconf 86' lang='lat' dir='ltr'><strong>aliis</strong></span> 
     </span>
    </p>
   </div>
   <div class='ocr_carea' id='block_1_92' title="bbox 2577 3762 4152 3847">
    <p class='ocr_par' dir='ltr' id='par_1_92' title="bbox 2577 3762 4152 3847">
     <span class='ocr_line' id='line_1_92' title="bbox 2577 3762 4152 3847; baseline -0.014 -12"><span class='ocrx_word' id='word_1_656' title='bbox 2577 3781 2738 3844; x_wconf 90' lang='lat' dir='ltr'><strong>edito,</strong></span> <span class='ocrx_word' id='word_1_657' title='bbox 2773 3777 2968 3847; x_wconf 90' lang='lat' dir='ltr'><strong>quippe</strong></span> <span class='ocrx_word' id='word_1_658' title='bbox 3002 3775 3092 3844; x_wconf 90' lang='lat' dir='ltr'><strong>qui</strong></span> <span class='ocrx_word' id='word_1_659' title='bbox 3121 3771 3454 3827; x_wconf 71' lang='lat' dir='ltr'><strong>Itosvvitham</strong></span> <span class='ocrx_word' id='word_1_660' title='bbox 3482 3767 3767 3821; x_wconf 84' lang='lat' dir='ltr'><strong>monialem</strong></span> <span class='ocrx_word' id='word_1_661' title='bbox 3794 3762 4152 3818; x_wconf 85' lang='lat' dir='ltr'><strong>Gandershei-</strong></span> 
     </span>
    </p>
   </div>
   <div class='ocr_carea' id='block_1_93' title="bbox 2580 3850 4154 3934">
    <p class='ocr_par' dir='ltr' id='par_1_93' title="bbox 2580 3850 4154 3934">
     <span class='ocr_line' id='line_1_93' title="bbox 2580 3850 4154 3934; baseline -0.014 -9"><span class='ocrx_word' id='word_1_662' title='bbox 2580 3885 2841 3934; x_wconf 92' lang='lat' dir='ltr'><strong>mensem,</strong></span> <span class='ocrx_word' id='word_1_663' title='bbox 2874 3870 2939 3921; x_wconf 87' lang='lat' dir='ltr'><strong>ad</strong></span> <span class='ocrx_word' id='word_1_664' title='bbox 2982 3876 3219 3934; x_wconf 88' lang='lat' dir='ltr'><strong>tempora</strong></span> <span class='ocrx_word' id='word_1_665' title='bbox 3246 3862 3439 3917; x_wconf 88' lang='lat' dir='ltr'><strong>Leonis</strong></span> <span class='ocrx_word' id='word_1_666' title='bbox 3461 3858 3527 3912; x_wconf 72' lang='lat' dir='ltr'><strong>IV</strong></span> <span class='ocrx_word' id='word_1_667' title='bbox 3552 3855 3839 3926; x_wconf 82' lang='lat' dir='ltr'><strong>pontificis,</strong></span> <span class='ocrx_word' id='word_1_668' title='bbox 3865 3854 3977 3908; x_wconf 86' lang='lat' dir='ltr'><strong>sive</strong></span> <span class='ocrx_word' id='word_1_669' title='bbox 4002 3850 4154 3921; x_wconf 88' lang='lat' dir='ltr'><strong>paulo</strong></span> 
     </span>
    </p>
   </div>
   <div class='ocr_carea' id='block_1_94' title="bbox 2578 3940 4153 4031">
    <p class='ocr_par' dir='ltr' id='par_1_94' title="bbox 2578 3940 4153 4031">
     <span class='ocr_line' id='line_1_94' title="bbox 2578 3940 4153 4031; baseline -0.016 -15"><span class='ocrx_word' id='word_1_670' title='bbox 2578 3970 2698 4031; x_wconf 92' lang='lat' dir='ltr'><strong>post</strong></span> <span class='ocrx_word' id='word_1_671' title='bbox 2726 3960 2791 4013; x_wconf 86' lang='lat' dir='ltr'><strong>ad</strong></span> <span class='ocrx_word' id='word_1_672' title='bbox 2823 3972 3020 4011; x_wconf 90' lang='lat' dir='ltr'><strong>annum</strong></span> <span class='ocrx_word' id='word_1_673' title='bbox 3059 3952 3259 4010; x_wconf 92' lang='lat' dir='ltr'><strong>Christi</strong></span> <span class='ocrx_word' id='word_1_674' title='bbox 3284 3950 3409 4013; x_wconf 84' lang='lat'><strong>860,</strong></span> <span class='ocrx_word' id='word_1_675' title='bbox 3440 3948 3627 4009; x_wconf 89' lang='lat' dir='ltr'><strong>refert,</strong></span> <span class='ocrx_word' id='word_1_676' title='bbox 3659 3962 3712 4015; x_wconf 92' lang='lat' dir='ltr'><strong>p.</strong></span> <span class='ocrx_word' id='word_1_677' title='bbox 3745 3945 3867 3999; x_wconf 83' lang='grc'><strong>178.</strong></span> <span class='ocrx_word' id='word_1_678' title='bbox 3901 3943 3983 3995; x_wconf 80' lang='lat' dir='ltr'><strong>Ait</strong></span> <span class='ocrx_word' id='word_1_679' title='bbox 4014 3940 4153 4031; x_wconf 80' lang='lat' dir='ltr'><strong>enim</strong></span> 
     </span>
    </p>
   </div>
   <div class='ocr_carea' id='block_1_95' title="bbox 2581 4028 4153 4106">
    <p class='ocr_par' dir='ltr' id='par_1_95' title="bbox 2581 4028 4153 4106">
     <span class='ocr_line' id='line_1_95' title="bbox 2581 4028 4153 4106; baseline -0.015 -2"><span class='ocrx_word' id='word_1_680' title='bbox 2581 4028 2776 4105; x_wconf 86' lang='lat' dir='ltr'><strong>ibidem</strong></span> <span class='ocrx_word' id='word_1_681' title='bbox 2805 4063 2817 4100; x_wconf 91' lang='lat'><strong>:</strong></span> <span class='ocrx_word' id='word_1_682' title='bbox 2844 4047 3119 4101; x_wconf 77' lang='lat' dir='ltr'><strong>Coaztanea</strong></span> <span class='ocrx_word' id='word_1_683' title='bbox 3152 4041 3376 4095; x_wconf 84' lang='lat' dir='ltr'><strong>Joannis</strong></span> <span class='ocrx_word' id='word_1_684' title='bbox 3423 4037 3627 4106; x_wconf 80' lang='lat' dir='ltr'><strong>Anglici</strong></span> <span class='ocrx_word' id='word_1_685' title='bbox 3676 4035 3795 4103; x_wconf 79' lang='lat' dir='ltr'><strong>fuit,</strong></span> <span class='ocrx_word' id='word_1_686' title='bbox 3838 4032 3942 4096; x_wconf 90' lang='lat' dir='ltr'><strong>vel,</strong></span> <span class='ocrx_word' id='word_1_687' title='bbox 3973 4039 4031 4084; x_wconf 92' lang='lat' dir='ltr'><strong>ut</strong></span> <span class='ocrx_word' id='word_1_688' title='bbox 4070 4028 4153 4082; x_wconf 90' lang='lat' dir='ltr'><strong>alii</strong></span> 
     </span>
    </p>
   </div>
   <div class='ocr_carea' id='block_1_96' title="bbox 2578 4124 4154 4193">
    <p class='ocr_par' dir='ltr' id='par_1_96' title="bbox 2578 4124 4154 4193">
     <span class='ocr_line' id='line_1_96' title="bbox 2578 4124 4154 4193; baseline -0.015 1"><span class='ocrx_word' id='word_1_689' title='bbox 2578 4140 2821 4193; x_wconf 87' lang='lat' dir='ltr'><strong>scribunt</strong></span> <span class='ocrx_word' id='word_1_690' title='bbox 2850 4156 2861 4190; x_wconf 90' lang='lat'><strong>:</strong></span> <span class='ocrx_word' id='word_1_691' title='bbox 2891 4135 3167 4189; x_wconf 72' lang='lat' dir='ltr'><strong>Coa&#39;lanea</strong></span> <span class='ocrx_word' id='word_1_692' title='bbox 3198 4132 3420 4185; x_wconf 73' lang='lat' dir='ltr'><strong>Joannw</strong></span> <span class='ocrx_word' id='word_1_693' title='bbox 3455 4126 3724 4179; x_wconf 76' lang='lat' dir='ltr'><strong>Britanna:</strong></span> <span class='ocrx_word' id='word_1_694' title='bbox 3754 4124 3873 4188; x_wconf 90' lang='lat' dir='ltr'><strong>fuit,</strong></span> <span class='ocrx_word' id='word_1_695' title='bbox 3902 4134 4154 4191; x_wconf 88' lang='lat' dir='ltr'><strong>quorsum</strong></span> 
     </span>
    </p>
   </div>
   <div class='ocr_carea' id='block_1_97' title="bbox 2582 4212 4147 4300">
    <p class='ocr_par' dir='ltr' id='par_1_97' title="bbox 2582 4212 4147 4300">
     <span class='ocr_line' id='line_1_97' title="bbox 2582 4212 4147 4300; baseline -0.012 -17"><span class='ocrx_word' id='word_1_696' title='bbox 2582 4232 2680 4300; x_wconf 86' lang='lat' dir='ltr'><strong>legi</strong></span> <span class='ocrx_word' id='word_1_697' title='bbox 2718 4229 2876 4284; x_wconf 86' lang='lat' dir='ltr'><strong>debet</strong></span> <span class='ocrx_word' id='word_1_698' title='bbox 2923 4226 3091 4280; x_wconf 90' lang='lat' dir='ltr'><strong>Lilius</strong></span> <span class='ocrx_word' id='word_1_699' title='bbox 3122 4223 3414 4292; x_wconf 84' lang='lat' dir='ltr'><strong>Gregorius</strong></span> <span class='ocrx_word' id='word_1_700' title='bbox 3455 4218 3719 4289; x_wconf 88' lang='lat' dir='ltr'><strong>Gyraldus</strong></span> <span class='ocrx_word' id='word_1_701' title='bbox 3765 4225 3912 4270; x_wconf 89' lang='lat' dir='ltr'><strong>tomo</strong></span> <span class='ocrx_word' id='word_1_702' title='bbox 3950 4214 3989 4267; x_wconf 94' lang='lat' dir='ltr'><strong>II</strong></span> <span class='ocrx_word' id='word_1_703' title='bbox 4018 4212 4147 4280; x_wconf 90' lang='lat' dir='ltr'><strong>Ope-</strong></span> 
     </span>
    </p>
   </div>
   <div class='ocr_carea' id='block_1_98' title="bbox 2580 4304 4155 4387">
    <p class='ocr_par' dir='ltr' id='par_1_98' title="bbox 2580 4304 4155 4387">
     <span class='ocr_line' id='line_1_98' title="bbox 2580 4304 4155 4387; baseline -0.013 -12"><span class='ocrx_word' id='word_1_704' title='bbox 2580 4336 2720 4385; x_wconf 87' lang='lat' dir='ltr'><strong>rum,</strong></span> <span class='ocrx_word' id='word_1_705' title='bbox 2754 4318 2963 4387; x_wconf 81' lang='lat' dir='ltr'><strong>dialogo</strong></span> <span class='ocrx_word' id='word_1_706' title='bbox 2989 4318 3042 4381; x_wconf 85' lang='grc'>5,</span> <span class='ocrx_word' id='word_1_707' title='bbox 3073 4316 3148 4370; x_wconf 90' lang='lat' dir='ltr'><strong>De</strong></span> <span class='ocrx_word' id='word_1_708' title='bbox 3189 4323 3467 4384; x_wconf 89' lang='lat' dir='ltr'><strong>poetarum</strong></span> <span class='ocrx_word' id='word_1_709' title='bbox 3506 4309 3747 4371; x_wconf 85' lang='lat' dir='ltr'><strong>historia,</strong></span> <span class='ocrx_word' id='word_1_710' title='bbox 3787 4304 4036 4360; x_wconf 91' lang='lat' dir='ltr'><strong>editionis</strong></span> <span class='ocrx_word' id='word_1_711' title='bbox 4062 4318 4155 4356; x_wconf 82' lang='lat' dir='ltr'><strong>no-</strong></span> 
     </span>
    </p>
   </div>
   <div class='ocr_carea' id='block_1_99' title="bbox 2580 4394 4157 4479">
    <p class='ocr_par' dir='ltr' id='par_1_99' title="bbox 2580 4394 4157 4479">
     <span class='ocr_line' id='line_1_99' title="bbox 2580 4394 4157 4479; baseline -0.013 -12"><span class='ocrx_word' id='word_1_712' title='bbox 2580 4413 2805 4474; x_wconf 68' lang='lat' dir='ltr'><strong>visimm,</strong></span> <span class='ocrx_word' id='word_1_713' title='bbox 2834 4425 2995 4479; x_wconf 87' lang='lat' dir='ltr'><strong>quam</strong></span> <span class='ocrx_word' id='word_1_714' title='bbox 3023 4407 3241 4462; x_wconf 88' lang='lat' dir='ltr'><strong>exhibet</strong></span> <span class='ocrx_word' id='word_1_715' title='bbox 3269 4403 3506 4459; x_wconf 91' lang='lat' dir='ltr'><strong>Joannes</strong></span> <span class='ocrx_word' id='word_1_716' title='bbox 3534 4401 3766 4457; x_wconf 86' lang='lat' dir='ltr'><strong>Jensius.</strong></span> <span class='ocrx_word' id='word_1_717' title='bbox 3804 4397 3938 4451; x_wconf 89' lang='lat' dir='ltr'><strong>Tum</strong></span> <span class='ocrx_word' id='word_1_718' title='bbox 3967 4394 4157 4450; x_wconf 76' lang='lat' dir='ltr'><strong>Paulus</strong></span> 
     </span>
    </p>
   </div>
   <div class='ocr_carea' id='block_1_100' title="bbox 2584 4484 4159 4557">
    <p class='ocr_par' dir='ltr' id='par_1_100' title="bbox 2584 4484 4159 4557">
     <span class='ocr_line' id='line_1_100' title="bbox 2584 4484 4159 4557; baseline -0.014 0"><span class='ocrx_word' id='word_1_719' title='bbox 2584 4501 2921 4557; x_wconf 90' lang='lat' dir='ltr'><strong>Colomesius</strong></span> <span class='ocrx_word' id='word_1_720' title='bbox 2945 4499 2996 4552; x_wconf 94' lang='lat' dir='ltr'><strong>in</strong></span> <span class='ocrx_word' id='word_1_721' title='bbox 3022 4493 3580 4551; x_wconf 86' lang='lat' dir='ltr'><strong>animadversionibus</strong></span> <span class='ocrx_word' id='word_1_722' title='bbox 3608 4489 3804 4543; x_wconf 90' lang='lat' dir='ltr'><strong>ibidem</strong></span> <span class='ocrx_word' id='word_1_723' title='bbox 3833 4494 3980 4540; x_wconf 88' lang='lat' dir='ltr'><strong>recte</strong></span> <span class='ocrx_word' id='word_1_724' title='bbox 4006 4484 4159 4539; x_wconf 86' lang='lat' dir='ltr'><strong>docet</strong></span> 
     </span>
    </p>
   </div>
   <div class='ocr_carea' id='block_1_101' title="bbox 2588 4577 4157 4659">
    <p class='ocr_par' dir='ltr' id='par_1_101' title="bbox 2588 4577 4157 4659">
     <span class='ocr_line' id='line_1_101' title="bbox 2588 4577 4157 4659; baseline -0.013 -11"><span class='ocrx_word' id='word_1_725' title='bbox 2588 4595 2685 4648; x_wconf 91' lang='lat' dir='ltr'><strong>hac</strong></span> <span class='ocrx_word' id='word_1_726' title='bbox 2729 4593 2780 4646; x_wconf 92' lang='lat' dir='ltr'><strong>in</strong></span> <span class='ocrx_word' id='word_1_727' title='bbox 2831 4590 3211 4659; x_wconf 87' lang='lat' dir='ltr'><strong>supputatione</strong></span> <span class='ocrx_word' id='word_1_728' title='bbox 3261 4585 3367 4639; x_wconf 85' lang='lat' dir='ltr'><strong>falli</strong></span> <span class='ocrx_word' id='word_1_729' title='bbox 3419 4580 3815 4643; x_wconf 83' lang='lat' dir='ltr'><strong>Tritheintium,</strong></span> <span class='ocrx_word' id='word_1_730' title='bbox 3852 4577 4157 4646; x_wconf 83' lang='lat' dir='ltr'><strong>pariterque</strong></span> 
     </span>
    </p>
   </div>
   <div class='ocr_carea' id='block_1_102' title="bbox 2585 4666 4158 4753">
    <p class='ocr_par' dir='ltr' id='par_1_102' title="bbox 2585 4666 4158 4753">
     <span class='ocr_line' id='line_1_102' title="bbox 2585 4666 4158 4753; baseline -0.014 -13"><span class='ocrx_word' id='word_1_731' title='bbox 2585 4695 2768 4740; x_wconf 88' lang='lat' dir='ltr'><strong>monet</strong></span> <span class='ocrx_word' id='word_1_732' title='bbox 2794 4701 2851 4739; x_wconf 90' lang='lat' dir='ltr'><strong>se</strong></span> <span class='ocrx_word' id='word_1_733' title='bbox 2879 4684 3030 4753; x_wconf 87' lang='lat' dir='ltr'><strong>plura</strong></span> <span class='ocrx_word' id='word_1_734' title='bbox 3062 4690 3115 4735; x_wconf 90' lang='lat' dir='ltr'><strong>et</strong></span> <span class='ocrx_word' id='word_1_735' title='bbox 3144 4678 3283 4734; x_wconf 81' lang='lat' dir='ltr'><strong>haud</strong></span> <span class='ocrx_word' id='word_1_736' title='bbox 3315 4674 3549 4746; x_wconf 84' lang='lat' dir='ltr'><strong>vulgaria</strong></span> <span class='ocrx_word' id='word_1_737' title='bbox 3591 4672 3656 4726; x_wconf 91' lang='lat' dir='ltr'><strong>de</strong></span> <span class='ocrx_word' id='word_1_738' title='bbox 3686 4672 3785 4725; x_wconf 90' lang='lat' dir='ltr'><strong>hac</strong></span> <span class='ocrx_word' id='word_1_739' title='bbox 3810 4668 4014 4724; x_wconf 89' lang='lat' dir='ltr'><strong>Joanna</strong></span> <span class='ocrx_word' id='word_1_740' title='bbox 4046 4666 4158 4719; x_wconf 85' lang='lat' dir='ltr'><strong>Bri-</strong></span> 
     </span>
    </p>
   </div>
   <div class='ocr_carea' id='block_1_103' title="bbox 2585 4756 4158 4843">
    <p class='ocr_par' dir='ltr' id='par_1_103' title="bbox 2585 4756 4158 4843">
     <span class='ocr_line' id='line_1_103' title="bbox 2585 4756 4158 4843; baseline -0.013 -12"><span class='ocrx_word' id='word_1_741' title='bbox 2585 4787 2747 4831; x_wconf 90' lang='lat' dir='ltr'><strong>tanna</strong></span> <span class='ocrx_word' id='word_1_742' title='bbox 2789 4775 3072 4843; x_wconf 90' lang='lat' dir='ltr'><strong>scripsisse</strong></span> <span class='ocrx_word' id='word_1_743' title='bbox 3134 4771 3186 4823; x_wconf 90' lang='lat' dir='ltr'><strong>in</strong></span> <span class='ocrx_word' id='word_1_744' title='bbox 3239 4768 3351 4823; x_wconf 92' lang='lat' dir='ltr'><strong>suis</strong></span> <span class='ocrx_word' id='word_1_745' title='bbox 3386 4762 3657 4834; x_wconf 90' lang='lat' dir='ltr'><strong>opusculis</strong></span> <span class='ocrx_word' id='word_1_746' title='bbox 3708 4770 3762 4816; x_wconf 89' lang='lat' dir='ltr'><strong>et</strong></span> <span class='ocrx_word' id='word_1_747' title='bbox 3807 4756 4158 4814; x_wconf 77' lang='lat' dir='ltr'><strong>miscellam-is</strong></span> 
     </span>
    </p>
   </div>
   <div class='ocr_carea' id='block_1_104' title="bbox 2584 4851 4157 4925">
    <p class='ocr_par' dir='ltr' id='par_1_104' title="bbox 2584 4851 4157 4925">
     <span class='ocr_line' id='line_1_104' title="bbox 2584 4851 4157 4925; baseline -0.015 -2"><span class='ocrx_word' id='word_1_748' title='bbox 2584 4868 2877 4925; x_wconf 88' lang='lat' dir='ltr'><strong>historicis.</strong></span> <span class='ocrx_word' id='word_1_749' title='bbox 2912 4866 3108 4921; x_wconf 81' lang='lat' dir='ltr'><strong>Contra</strong></span> <span class='ocrx_word' id='word_1_750' title='bbox 3143 4876 3291 4924; x_wconf 88' lang='lat' dir='ltr'><strong>vero,</strong></span> <span class='ocrx_word' id='word_1_751' title='bbox 3335 4860 3377 4913; x_wconf 86' lang='lat' dir='ltr'><strong>si</strong></span> <span class='ocrx_word' id='word_1_752' title='bbox 3407 4856 3622 4917; x_wconf 88' lang='lat' dir='ltr'><strong>seriem,</strong></span> <span class='ocrx_word' id='word_1_753' title='bbox 3663 4868 3819 4923; x_wconf 83' lang='lat' dir='ltr'><strong>quem</strong></span> <span class='ocrx_word' id='word_1_754' title='bbox 3852 4851 4047 4906; x_wconf 86' lang='lat' dir='ltr'><strong>ibidem</strong></span> <span class='ocrx_word' id='word_1_755' title='bbox 4076 4866 4157 4901; x_wconf 85' lang='lat' dir='ltr'><strong>or-</strong></span> 
     </span>
    </p>
   </div>
   <div class='ocr_carea' id='block_1_105' title="bbox 2584 4941 4160 5021">
    <p class='ocr_par' dir='ltr' id='par_1_105' title="bbox 2584 4941 4160 5021">
     <span class='ocr_line' id='line_1_105' title="bbox 2584 4941 4160 5021; baseline -0.014 -5"><span class='ocrx_word' id='word_1_756' title='bbox 2584 4962 2732 5016; x_wconf 88' lang='lat' dir='ltr'><strong>dinat</strong></span> <span class='ocrx_word' id='word_1_757' title='bbox 2763 4957 3111 5015; x_wconf 87' lang='lat' dir='ltr'><strong>Trithemius,</strong></span> <span class='ocrx_word' id='word_1_758' title='bbox 3145 4959 3470 5021; x_wconf 89' lang='lat' dir='ltr'><strong>spectamus,</strong></span> <span class='ocrx_word' id='word_1_759' title='bbox 3505 4945 3839 5001; x_wconf 81' lang='lat' dir='ltr'><strong>Roswitham</strong></span> <span class='ocrx_word' id='word_1_760' title='bbox 3874 4942 4015 4996; x_wconf 83' lang='lat' dir='ltr'><strong>inter</strong></span> <span class='ocrx_word' id='word_1_761' title='bbox 4046 4941 4160 4994; x_wconf 86' lang='lat' dir='ltr'><strong>illos</strong></span> 
     </span>
    </p>
   </div>
   <div class='ocr_carea' id='block_1_106' title="bbox 2583 5031 4161 5121">
    <p class='ocr_par' dir='ltr' id='par_1_106' title="bbox 2583 5031 4161 5121">
     <span class='ocr_line' id='line_1_106' title="bbox 2583 5031 4161 5121; baseline -0.013 -15"><span class='ocrx_word' id='word_1_762' title='bbox 2583 5052 2878 5121; x_wconf 87' lang='lat' dir='ltr'><strong>scriptores</strong></span> <span class='ocrx_word' id='word_1_763' title='bbox 2908 5045 3108 5107; x_wconf 89' lang='lat' dir='ltr'><strong>retulit,</strong></span> <span class='ocrx_word' id='word_1_764' title='bbox 3142 5044 3229 5111; x_wconf 91' lang='lat' dir='ltr'><strong>qui</strong></span> <span class='ocrx_word' id='word_1_765' title='bbox 3262 5049 3381 5109; x_wconf 90' lang='lat' dir='ltr'><strong>post</strong></span> <span class='ocrx_word' id='word_1_766' title='bbox 3418 5052 3617 5092; x_wconf 87' lang='lat' dir='ltr'><strong>annum</strong></span> <span class='ocrx_word' id='word_1_767' title='bbox 3654 5033 3855 5090; x_wconf 90' lang='lat' dir='ltr'><strong>Christi</strong></span> <span class='ocrx_word' id='word_1_768' title='bbox 3887 5032 4024 5087; x_wconf 87' lang='grc'>1000</span> <span class='ocrx_word' id='word_1_769' title='bbox 4071 5031 4161 5087; x_wconf 79' lang='lat' dir='ltr'><strong>ﬂo~</strong></span> 
     </span>
    </p>
   </div>
   <div class='ocr_carea' id='block_1_107' title="bbox 2589 5122 4160 5207">
    <p class='ocr_par' dir='ltr' id='par_1_107' title="bbox 2589 5122 4160 5207">
     <span class='ocr_line' id='line_1_107' title="bbox 2589 5122 4160 5207; baseline -0.015 -9"><span class='ocrx_word' id='word_1_770' title='bbox 2589 5149 2835 5205; x_wconf 91' lang='lat' dir='ltr'><strong>ruerunt,</strong></span> <span class='ocrx_word' id='word_1_771' title='bbox 2866 5152 3035 5207; x_wconf 90' lang='lat' dir='ltr'><strong>eoque</strong></span> <span class='ocrx_word' id='word_1_772' title='bbox 3075 5133 3291 5187; x_wconf 90' lang='lat' dir='ltr'><strong>nomine</strong></span> <span class='ocrx_word' id='word_1_773' title='bbox 3330 5130 3512 5199; x_wconf 91' lang='lat' dir='ltr'><strong>plures</strong></span> <span class='ocrx_word' id='word_1_774' title='bbox 3555 5126 3847 5194; x_wconf 86' lang='lat' dir='ltr'><strong>scriptores</strong></span> <span class='ocrx_word' id='word_1_775' title='bbox 3886 5122 4001 5192; x_wconf 87' lang='lat' dir='ltr'><strong>ejus</strong></span> <span class='ocrx_word' id='word_1_776' title='bbox 4047 5137 4160 5177; x_wconf 85' lang='lat' dir='ltr'><strong>sen-</strong></span> 
     </span>
    </p>
   </div>
   <div class='ocr_carea' id='block_1_108' title="bbox 2588 5212 4163 5287">
    <p class='ocr_par' dir='ltr' id='par_1_108' title="bbox 2588 5212 4163 5287">
     <span class='ocr_line' id='line_1_108' title="bbox 2588 5212 4163 5287; baseline -0.014 -2"><span class='ocrx_word' id='word_1_777' title='bbox 2588 5231 2808 5287; x_wconf 89' lang='lat' dir='ltr'><strong>tentiam</strong></span> <span class='ocrx_word' id='word_1_778' title='bbox 2859 5234 3076 5281; x_wconf 87' lang='lat' dir='ltr'><strong>secutos</strong></span> <span class='ocrx_word' id='word_1_779' title='bbox 3128 5224 3181 5275; x_wconf 94' lang='lat' dir='ltr'><strong>in</strong></span> <span class='ocrx_word' id='word_1_780' title='bbox 3232 5233 3472 5275; x_wconf 90' lang='lat' dir='ltr'><strong>errorem</strong></span> <span class='ocrx_word' id='word_1_781' title='bbox 3524 5215 3749 5271; x_wconf 78' lang='lat' dir='ltr'><strong>induxit.</strong></span> <span class='ocrx_word' id='word_1_782' title='bbox 3796 5212 3951 5267; x_wconf 83' lang='lat' dir='ltr'><strong>Hune</strong></span> <span class='ocrx_word' id='word_1_783' title='bbox 3995 5226 4163 5281; x_wconf 86' lang='lat' dir='ltr'><strong>neque</strong></span> 
     </span>
    </p>
   </div>
   <div class='ocr_carea' id='block_1_109' title="bbox 2590 5303 4161 5356">
    <p class='ocr_par' dir='ltr' id='par_1_109' title="bbox 2590 5303 4161 5356">
     <span class='ocr_line' id='line_1_109' title="bbox 2590 5303 4161 5356; baseline -0.001 0"><span class='ocrx_word' id='word_1_784' title='bbox 2590 5321 2811 5356; x_wconf 69' lang='lat' dir='ltr'><strong>l&#39;nrnlllc</strong></span> <span class='ocrx_word' id='word_1_785' title='bbox 2848 5316 3107 5356; x_wconf 69' lang='lat' dir='ltr'><strong>nnl‘mcnn</strong></span> <span class='ocrx_word' id='word_1_786' title='bbox 3150 5314 3201 5356; x_wconf 92' lang='lat' dir='ltr'><strong>in</strong></span> <span class='ocrx_word' id='word_1_787' title='bbox 3250 5310 3431 5356; x_wconf 70' lang='lat' dir='ltr'><strong>Indice</strong></span> <span class='ocrx_word' id='word_1_788' title='bbox 3459 5324 3549 5356; x_wconf 67' lang='lat' dir='ltr'><strong>seu</strong></span> <span class='ocrx_word' id='word_1_789' title='bbox 3595 5304 4007 5356; x_wconf 86' lang='lat' dir='ltr'><strong>Nomenclatore</strong></span> <span class='ocrx_word' id='word_1_790' title='bbox 4032 5303 4161 5356; x_wconf 89' lang='lat' dir='ltr'><strong>scri-</strong></span> 
     </span>
    </p>
   </div>
  </div>
