4486 5544
358 343 458 402 953

1731 345 2261 402 PBOLEGOMENA.

3517 357 3621 416 954

359 460 498 513 riens
527 458 670 513 enim
701 457 1018 524 Roswitha’,
1057 459 1146 528 qui
1178 459 1325 514 solus
1369 473 1594 513 seorsrm
1625 459 1802 513 editus
1827 469 1930 519 est.
1962 461 2010 516 A
2042 463 2297 515 resvvitha
2349 460 2518 530 Angla
2544 501 2556 524 ,
2607 460 2783 529 ibique
2830 462 2880 515 in
2931 463 3145 532 aliquod
3211 468 3619 531 monasterium,

356 557 412 599 ut
441 548 542 602 sub
571 547 732 602 finem
771 547 930 617 hujus
957 548 1290 618 prmfationis
1316 549 1605 614 indicatur,
1630 564 1791 620 opera
1822 552 1938 620 ejus

355 651 459 692 non
489 640 917 710 comprehendit.
951 640 1146 695 lterum
1172 641 1240 694 ab
1265 642 1348 696 his
1373 643 1668 697 rationibus
1713 644 1941 700 discedit

357 733 708 795 Trithemius,
742 733 899 802 plane
923 734 1004 787 sui
1041 733 1271 788 fortasse
1302 735 1518 798 oblitus,
1555 745 1611 790 et
1634 735 1768 791 alias
1799 739 1942 807 prio-

355 824 506 878 ribus
543 823 845 878 contrarias
883 824 1290 893 supputationes
1324 823 1554 878 instituit
1587 824 1638 879 in
1669 825 1940 882 Chronico

356 914 651 983 llirsaugize
683 923 811 969 tom.
845 914 864 968 ι
896 915 1206 978 Annalium,
1256 913 1691 984 quandoquidem
1720 916 1792 970 ibi
1827 916 1936 972 Ro-

365 1005 617 1059 svvitham
634 1005 698 1057 ad
713 1019 910 1057 annum
935 1004 1134 1058 Christi
1159 1005 1254 1060 97l
1289 1004 1460 1074 ponit,
1486 1015 1537 1058 et
1571 1015 1714 1060 recte
1745 1008 1940 1061 smculo

357 1095 566 1148 decimo
591 1109 708 1148 eam
740 1095 980 1148 ascribit.
1008 1093 1263 1160 Quamvis
1289 1105 1440 1149 vetus
1471 1094 1749 1148 Tritheniii
1775 1097 1940 1151 editio

359 1184 669 1253 imperfecta
726 1183 883 1251 lmjns
927 1184 1200 1250 Chronici,
1252 1201 1281 1239 a
1330 1184 1651 1254 Marquardo
1701 1185 1940 1240 Frehero

357 1274 694 1331 Franeofurti
731 1278 858 1332 lGUl
895 1278 1166 1345 evulgata,
1206 1278 1364 1332 unius
1409 1278 1534 1331 anni
1581 1278 1938 1333 diﬂ‘erentiam

357 1367 676 1430 constituat,
707 1383 770 1420 ac
801 1378 966 1435 ponat
1010 1383 1208 1421 annum
1237 1368 1437 1423 Christi
1479 1369 1604 1436 970,
1631 1369 1939 1439 pariterque

355 1463 602 1516 eumdem
635 1477 834 1516 ammm
867 1464 970 1517 970
998 1467 1048 1517 in
1081 1464 1336 1528 Catalogo
1375 1465 1659 1520 illustrium
1699 1467 1935 1521 virorum

356 1562 622 1614 numeret,
684 1563 996 1622 repetatque
1045 1571 1094 1623 p.
1157 1555 1280 1610 129.
1326 1555 1503 1622 Quare
1554 1557 1737 1611 mirari
1795 1560 1939 1613 subit

355 1642 512 1709 plane
557 1642 655 1696 sibi
689 1657 794 1697 non
823 1645 1130 1699 constitisse
1181 1646 1561 1709 'l‘rithemium,
1597 1648 1939 1718 rationesque

359 1740 658 1798 tcmpormn
711 1734 932 1787 omnino
979 1735 1351 1800 conturbasse,
1381 1744 1436 1790 et
1463 1751 1704 1791 errorem
1755 1754 1939 1794 errore

2041 553 2192 622 cujus
2224 570 2418 609 nomen
2448 554 2744 622 scriptores
2797 562 2996 618 tacent,
3045 557 3284 608 intravit.
3335 557 3463 624 ane
3494 572 3622 612 vero

2040 645 2177 713 apud
2207 643 2566 698 Mabillonium
2594 645 2644 697 in
2675 643 2884 698 Sceculo
2906 645 2944 698 ll
2969 644 3338 710 Benedictino,
3368 648 3418 701 in
3448 648 3622 720 elogio

2041 735 2097 787 S.
2137 733 2576 796 Theoledehedis,
2612 734 2678 788 ad
2710 733 2809 788 hoc
2856 733 3157 788 institutum
3190 736 3510 803 pertinentia
3543 738 3623 792 lc-

2040 835 2257 894 gnntur,
2293 823 2499 877 lubrico
2525 825 2770 876 nituntur
2804 822 3174 886 fundamento,
3208 840 3305 879 nec
3342 825 3470 879 tanti
3501 836 3626 880 sunt

2041 924 2099 968 ut
2129 928 2212 967 me
2251 913 2302 966 in
2343 913 2459 981 ejus
2485 913 2807 966 sententiam
2851 913 3113 968 adducere
3146 914 3370 982 possint.
3403 913 3626 969 Rectius

2041 1006 2224 1075 utique
2279 1016 2464 1058 contra
2522 1003 2886 1057 lllabillonium
2950 1015 3032 1057 est
3085 1005 3428 1058 statuemlnm
3481 1006 3624 1074 quod

2042 1095 2371 1150 liereswitha
2404 1095 2570 1165 Angla
2622 1113 2725 1149 non
2767 1096 2904 1150 facta
2949 1097 3106 1149 fuerit
3149 1097 3396 1151 tnonialis
3439 1113 3621 1151 mona-

2041 1190 2190 1243 sterii
2224 1189 2462 1243 Calensis
2495 1190 2544 1242 in
2590 1188 2759 1242 Gallia
2798 1189 2909 1251 siti,
2941 1200 3010 1250 et,
3051 1189 3150 1243 lide
3183 1190 3623 1246 Sanunarthano-

2043 1294 2159 1331 rum
2187 1278 2416 1331 fratrum
2467 1278 2518 1330 in
2571 1277 2738 1332 Gallia
2771 1277 3099 1338 Christiana,
3150 1295 3176 1330 a
3209 1279 3326 1330 diva
3357 1278 3624 1343 Bathilde,

2042 1368 2290 1424 Clodovei
2341 1369 2378 1422 ll
2434 1371 2572 1440 regis
2600 1371 2846 1439 conjuge,
2880 1369 3080 1423 fomlati
3111 1387 3124 1433 ;
3156 1387 3327 1440 neque
3362 1371 3626 1426 Jotrcnsis

2043 1462 2397 1521 monasterii,
2475 1461 2678 1529 pariter
2740 1462 2788 1512 in
2855 1461 3023 1514 Gallia
3083 1461 3195 1522 siti,
3263 1473 3421 1528 atque
3479 1478 3506 1515 a
3566 1461 3623 1516 S.

2042 1550 2248 1612 Adone,
2282 1550 2338 1602 B.
2373 1550 2612 1603 Audoeni
2645 1553 2833 1611 li'atre,
2868 1549 3103 1613 conditi;
3138 1567 3312 1619 neque
3353 1549 3487 1604 Jotri
3535 1567 3622 1606 se-

2043 1641 2220 1709 pulta,
2273 1650 2328 1692 ut
2395 1639 2648 1707 prurclare
2700 1641 3033 1692 demonstrat
3083 1643 3346 1695 Antonius
3396 1641 3518 1711 l'agi
3573 1643 3624 1696 in

2042 1730 2243 1784 Critica
2273 1729 2571 1782 Baroniana
2601 1729 2858 1782 adversus
2893 1729 3282 1794 Mahilloniunt,
3311 1742 3417 1784 tum
3445 1732 3483 1784 ll
3514 1773 3528 1795 ,
3558 1733 3623 1785 ad

355 1823 689 1886 cunnilassc,
746 1840 807 1878 ac
866 1825 1194 1879 Rosa-illlam
1259 1843 1379 1881 mox
1427 1828 1492 1881 ad
1551 1829 1804 1883 secutum
1863 1847 1939 1894 ιχ,
1973 1816 2016 1874 Β
2046 1835 2243 1872 annum
2285 1819 2481 1872 Christi
2511 1819 2612 1872 080
2641 1860 2653 1882 ,
2685 1821 2773 1888 qui
2824 1836 2884 1873 ea
2914 1823 3194 1876 occasione
3241 1838 3479 1876 errorem
3526 1823 3626 1878 Be-

356 1928 478 1966 mox
543 1915 610 1967 ad
664 1914 916 1967 smculnm
969 1932 1022 1980 Χ,
1077 1931 1196 1970 mox
1258 1917 1322 1970 ad
1373 1918 1693 1988 principium
1760 1921 1940 1974 smeuli

353 2017 456 2066 xu,
523 2003 789 2057 retulisse.
854 2005 1101 2058 Attamen
1179 2021 1283 2059 non
1337 2006 1530 2060 desunt
1587 2009 1676 2077 qui
1735 2009 1941 2062 Trithe-

355 2093 523 2147 mium
572 2095 640 2146 ab
672 2095 772 2147 hoc
815 2111 1001 2149 errore
1032 2096 1304 2150 vindicare
1341 2098 1578 2159 student,
1621 2097 1763 2151 inter
1805 2114 1942 2166 quos

354 2182 602 2252 inprimis
627 2185 983 2238 nominandus
1006 2195 1088 2239 est
1111 2185 1375 2240 Antonius
1396 2185 1720 2240 Possevinus
1749 2187 1801 2240 in
1825 2193 1937 2256 Ap-

355 2283 548 2343 paratu
571 2275 908 2329 bibliotheca:
957 2292 1144 2340 sacrm,
1191 2277 1274 2331 vir
1329 2278 1578 2347 equidem
1636 2280 1848 2343 doetus,
1887 2289 1942 2333 at

357 2364 509 2432 gravi
565 2381 807 2421 censurze
856 2369 1142 2432 obnoxius,
1196 2386 1300 2440 qua
1349 2386 1472 2425 cum
1524 2373 1726 2426 notavit
1777 2371 1941 2426 David

355 2453 664 2509 Biondellus
708 2457 759 2510 in
789 2458 1253 2524 l’seudo-lsidoro,
1303 2461 1516 2515 Baronii
1546 2464 1939 2532 exscriptorem

357 2549 666 2611 nominans,
697 2549 819 2602 licet
846 2565 966 2604 cum
999 2567 1062 2606 eo
1097 2553 1281 2607 mitius
1312 2553 1520 2623 egerint
1555 2553 1800 2608 Valerius
1830 2555 1940 2608 An-

359 2641 517 2694 dreas
549 2639 837 2706 Desselins,
866 2642 918 2696 in
945 2644 1260 2712 praefatione
1292 2646 1355 2698 ad
1390 2645 1772 2700 Bibliotheeam
1825 2647 1942 2700 Bel-

359 2732 558 2800 gicam,
612 2741 664 2785 et
714 2732 901 2788 Daniel
945 2734 1140 2802 Georg.
1189 2735 1494 2791 lllorhosins
1548 2738 1600 2790 in
1650 2738 1939 2809 Polyhist.,

358 2836 474 2889 cap.
512 2822 595 2874 16.
646 2821 743 2877 llic
775 2824 918 2877 enim
965 2823 1289 2879 Possevinns
1342 2827 1617 2879 existimat
1663 2842 1767 2881 non
1829 2829 1942 2882 lure

359 2913 484 2966 talia
515 2913 790 2983 ignorasse
825 2916 1180 2971 Trithemium
1201 2959 1214 2981 ,
1244 2920 1385 2986 quod
1417 2918 1693 2972 Boswitha
1726 2931 1942 2974 nostras

357 3001 556 3056 smculo
586 3003 794 3057 decimo
821 3004 1079 3067 ﬂoruerit,
1108 3008 1172 3061 'et
1214 3009 1298 3060 vix
1333 3009 1660 3063 credendum
1692 3011 1762 3064 sit
1810 3011 1943 3066 tales

357 3103 412 3147 et
444 3103 550 3148 tam
583 3096 844 3150 absurdus
875 3106 1171 3167 tempormn
1204 3101 1440 3154 rationes
1484 3100 1551 3153 ab
1578 3117 1642 3154 eo
1675 3118 1796 3155 esse
1834 3103 1938 3155 ini-

360 3197 465 3249 tas,
510 3197 696 3240 contra
729 3191 905 3257 potius
935 3192 1281 3244 statuemlmn
1335 3193 1604 3256 videatur,
1653 3195 1720 3245 ab
1765 3194 1943 3247 alieno

356 3280 572 3333 homine
599 3280 848 3348 imperito
876 3281 956 3334 vel
1000 3282 1291 3351 impostore
1313 3299 1426 3345 cas,
1455 3284 1630 3337 verbis
1656 3284 1944 3352 aliquando

357 3370 628 3424 nonnullis
651 3371 869 3434 additis,
895 3372 974 3424 his
1001 3372 1133 3425 locis
1165 3373 1395 3426 insertas
1421 3371 1603 3426 fuisse.
1635 3373 1943 3426 FaturPos-

358 3460 573 3512 sevinus
605 3460 656 3511 in
690 3460 960 3528 Apparatu
989 3477 1144 3514 sacro
1175 3461 1246 3513 ita
1275 3475 1288 3512 :
1318 3461 1546 3514 Alterius
1576 3462 1748 3530 potius
1785 3479 1940 3530 quam

357 3547 628 3602 Trithemii
655 3565 762 3602 esse
786 3550 989 3618 opinor.
1025 3549 1337 3618 lmpostores
1354 3551 1487 3602 eniin
1513 3552 1675 3604 nostri
1698 3552 1944 3619 temporis

355 3641 511 3710 hujus
541 3640 682 3693 modi
728 3641 892 3693 multa
935 3644 987 3694 in
1026 3642 1232 3709 scriptis
1257 3641 1637 3693 catholicorum
1667 3641 1941 3693 doctorum

355 3732 704 3794 inseruerunt,
730 3741 833 3783 etc.
862 3729 1014 3795 Quod
1038 3731 1091 3783 in
1142 3729 1435 3783 Tritheimii
1459 3731 1687 3784 secunda
1718 3732 1943 3785 editione

355 3824 590 3892 ejusdem
636 3823 755 3876 libri
792 3823 866 3877 De
897 3825 1237 3894 scriptoribus
1283 3824 1646 3878 ecclesiasticis
1689 3827 1941 3893 fecerunt,

354 3933 516 3985 eaque
545 3918 871 3970 inseruerunt
893 3933 1010 3986 qua:
1037 3916 1350 3969 Tritliemius
1377 3934 1643 3986 nunquam
1685 3920 1943 3986 cogitave-

356 4015 460 4058 rat.
486 4005 758 4061 Gerardns
787 4004 1021 4060 Joannes
1053 4006 1272 4060 Vossius
1323 4006 1397 4060 De
1436 4007 1709 4061 historicis
1737 4007 1946 4062 Latinis

355 4095 448 4150 lib.
476 4113 531 4157 ιι.
563 4114 610 4152 e.
636 4099 724 4158 41,
746 4099 992 4152 emndem
1023 4097 1325 4152 Tritheimii
1353 4114 1592 4153 errorem
1611 4101 1941 4162 observavit,

355 4188 449 4241 sed
479 4188 680 4256 pariter
704 4189 874 4255 ipsum
907 4189 972 4241 ab
1003 4189 1207 4242 erroris
1239 4189 1548 4255 suspicione
1573 4189 1839 4255 liberavit,
1868 4201 1941 4254 et,

356 4279 425 4333 ab
452 4278 667 4333 homine
691 4289 989 4348 temporum
1016 4296 1202 4349 parum
1233 4280 1562 4350 intelligente
1591 4281 1797 4348 adjecta
1823 4298 1942 4338 esse

356 4369 665 4424 arbitratur.
699 4369 872 4423 Verla
908 4370 1077 4425 Vossii
1109 4372 1220 4424 hare
1251 4380 1374 4424 sunt
1402 4391 1413 4424 :
1448 4371 1627 4441 Neque
1649 4375 1744 4426 lioc
1771 4376 1941 4428 uesci-

358 4459 424 4511 vit
455 4457 811 4522 Tritheimius,
846 4471 950 4514 etc.
981 4460 1111 4514 lllud
1145 4469 1321 4514 tamen
1369 4461 1454 4516 hic
1492 4463 1640 4532 angit
1669 4461 1916 4518 Vossium

356 4565 527 4618 quare
583 4550 917 4605 Roswitham
967 4552 1317 4607 Tritheimius
1346 4553 1486 4608 inter
1515 4555 1811 4623 scriptores
1848 4558 1937 4626 qni

355 4653 390 4706 p
415 4647 478 4692 st
512 4639 850 4694 millesimum
887 4649 939 4694 et
979 4644 1334 4697 centesimum
1367 4658 1568 4697 annum
1618 4644 1937 4710 ﬂoruerunt,

357 4730 576 4796 referat,
609 4731 701 4785 sed
731 4733 796 4785 ad
825 4733 937 4786 luce
970 4735 1292 4804 respondere
1320 4737 1629 4805 expeditum
1663 4749 1764 4802 est,
1795 4742 1937 4809 quod

355 4817 724 4884 Tritheimius,
789 4820 839 4873 in
897 4821 1150 4892 Catalogo
1203 4824 1488 4880 illustrium
1539 4826 1778 4882 virorum
1835 4845 1938 4883 non

355 4920 546 4967 exacte
593 4912 846 4967 observet
899 4915 1141 4969 ordinem
1192 4926 1514 4986 temporum,
1549 4929 1709 4990 atque
1756 4930 1942 4975 :etates

355 5002 678 5074 scriptorum
716 5005 1011 5059 secundum
1053 5021 1222 5060 annos
1271 5024 1374 5062 non
1425 5025 1638 5079 semper
1665 5021 1937 5082 supputet.

427 5093 592 5166 Igitur
656 5095 951 5164 speciosius
1022 5097 1192 5166 magis
1264 5114 1426 5168 quam
1490 5101 1668 5154 verius
1726 5102 1942 5158 fecisset

357 5187 683 5243 lluml’redus
753 5189 794 5242 si
865 5187 1296 5254 Hereswitham,
1376 5191 1596 5244 natione
1676 5193 1938 5265 Anglam,

356 5279 523 5334 Anna:
602 5277 746 5348 regis
829 5279 1170 5336 orientalium
1240 5279 1533 5350 Anglorum
1611 5284 1940 5354 conjugem,

1925 4501 2023 4560 τι)

2044 1913 2124 1966 tlte
2146 1912 2414 1973 emendat,
2439 1911 2580 1963 aliud
2605 1912 2656 1964 in
2688 1912 2857 1966 Gallia
2891 1917 3272 1967 monasterium
3299 1932 3392 1985 pro
3413 1917 3626 1971 (Ialensi

2046 2002 2374 2056 monasterio
2431 2003 2712 2056 sunnentis.
2770 2003 2813 2056 A
2867 2002 3006 2058 Beda
3042 2006 3292 2074 deceptus
3337 2017 3418 2061 est
3467 2009 3627 2060 etiam

2044 2091 2325 2144 lllatthmns
2395 2090 3042 2156 Westmonaslericnsis,
3107 2111 3227 2146 cum
3295 2097 3360 2148 ad
3429 2111 3627 2149 annmn

2043 2181 2244 2237 Christi
2277 2182 2381 2237 680
2425 2184 2618 2236 scribit
2649 2183 3041 2238 llcresvvitlnun
3077 2187 3384 2254 przrdietam
3420 2189 3626 2241 monia-

2045 2271 2145 2328 lem
2181 2272 2342 2327 fuisse
2365 2274 2607 2326 Calensis
2635 2277 2946 2329 monasterii
2975 2317 2989 2340 ,
3020 2277 3160 2344 quod
3195 2287 3370 2330 t:unen
3423 2289 3627 2347 tempo-

2047 2379 2162 2416 rum
2197 2365 2494 2418 rationibus
2531 2365 2688 2432 plane
2711 2381 2815 2420 non
2844 2368 3113 2436 congruit.
3150 2367 3352 2421 Doccnt
3379 2370 3521 2421 enim
3553 2385 3629 2422 eiu

2043 2455 2186 2523 quod
2230 2453 2563 2509 llercswitha
2598 2457 2765 2526 Angla
2816 2468 2939 2511 ante
2981 2474 3178 2510 anmun
3232 2459 3330 2511 0·ίῖ
3366 2459 3513 2528 virgo
3544 2474 3629 2513 sa-

2047 2545 2239 2598 cerdos
2274 2546 2411 2598 facta
2443 2545 2625 2608 fuerit,
2655 2563 2762 2615 quo
2798 2558 3037 2616 tempore
3081 2547 3303 2601 Calcnse
3361 2560 3630 2603 monaste-

2048 2636 2184 2689 rium
2215 2638 2449 2690 nomlum
2487 2648 2852 2692 constructum
2881 2651 3020 2692 erat.
3058 2639 3123 2693 L't
3163 2656 3287 2694 vero
3311 2641 3374 2692 ad
3415 2639 3624 2694 llildam

2050 2730 2280 2791 redeam,
2332 2731 2380 2782 id
2411 2731 2804 2784 admonemlnm
2857 2737 2957 2786 erit
3001 2733 3137 2786 hanc.
3167 2733 3380 2800 quidem
3419 2734 3468 2786 in
3508 2732 3631 2786 Gal-

2049 2818 2175 2870 liam
2210 2820 2311 2872 iter
2349 2820 2662 2874 meditatam
2696 2821 2880 2884 fuisse,
2917 2824 3006 2874 sed
3035 2839 3098 2876 eo
3127 2839 3398 2890 numquam
3445 2838 3629 2890 perve-

2049 2911 2192 2965 nisse
2234 2909 2314 2962 vel
2347 2911 2522 2978 potius
2567 2926 2779 2979 semper
2805 2913 2855 2963 in
2889 2912 3076 2977 Anglia
3131 2912 3391 2965 mansisse
3417 2951 3431 2974 ,
3462 2928 3632 2979 quan—

2049 3017 2208 3070 quam
2240 3002 2361 3054 hnic
2396 3002 2674 3054 sententiae
2719 3014 2979 3071 repugnat
3007 3002 3270 3055 llenriens
3317 3001 3633 3054 llleibomins

2050 3091 2233 3144 senior
2268 3091 2317 3142 in
2351 3091 2469 3142 Vita
2501 3090 2811 3154 Boswithfe,
2844 3093 3162 3144 existimans
3187 3091 3395 3143 llildam
3432 3091 3482 3142 in
3517 3106 3632 3144 ca:-

1970 3158 2016 3220 C
2051 3182 2224 3236 nohiis
2280 3182 2567 3236 Britannia:
2607 3199 2669 3236 ac
2705 3182 2890 3237 Gallia:
2942 3200 3114 3237 annos
3163 3194 3271 3237 tres
3318 3195 3370 3236 ct
3403 3185 3623 3253 triginta

2049 3273 2368 3328 coniecisse.
2415 3273 2485 3326 At
2511 3275 2790 3330 enimvero
2819 3275 2862 3328 si
2891 3276 3054 3329 verba
3097 3275 3249 3327 Βεὼρ
3286 3276 3505 3342 propius
3553 3276 3634 3328 in-

2048 3365 2218 3433 spicio
2247 3406 2259 3425 ,
2296 3365 2626 3418 contrarium
2675 3367 2902 3427 docent,
2954 3375 3009 3418 et
3061 3375 3249 3418 contra
3287 3364 3632 3419 Meibominm

2050 3458 2407 3525 comprobant
2437 3456 2644 3509 llildam
2681 3472 2954 3524 nunquam
3008 3457 3060 3510 in
3105 3455 3334 3510 Galliam
3379 3457 3631 3509 intrasse.

2049 3553 2182 3605 Tota
2216 3551 2289 3603 rei
2319 3550 2604 3603 dillicultas
2634 3551 2732 3603 sila
2767 3560 2851 3604 est
2882 3551 2935 3604 in
2970 3551 3055 3603 his
3091 3549 3292 3612 verbis,
3325 3549 3375 3601 in
3413 3556 3635 3617 pra'l'uta

2047 3643 2312 3710 prorincia
2346 3652 2541 3694 retenta
2581 3653 2676 3705 est,
2711 3658 2828 3709 qua:
2871 3642 2944 3695 ita
2993 3641 3306 3711 esplicanda
3359 3642 3634 3703 arbitror,

2052 3744 2106 3788 ut
2133 3737 2198 3788 de
2222 3735 2411 3806 Anglia
2446 3735 2694 3789 orientali
2728 3735 3115 3805 intelligantur,
3146 3743 3306 3802 atque
3329 3734 3462 3789 adeo
3481 3734 3636 3788 Beda:

2050 3843 2285 3888 sensum,
2319 3827 2606 3880 obscurum
2637 3827 2737 3880 hoc
2767 3827 2817 3880 in
2852 3827 2986 3889 loco,
3019 3829 3162 3879 hunc
3213 3841 3334 3880 esse
3385 3825 3592 3878 allii-mo
3620 3865 3634 3883 .

2050 3917 2191 3985 quod
2245 3914 2394 3968 llilda
2441 3931 2505 3970 ex
2559 3918 2732 3986 patria
2779 3917 3163 3971 Northumbria
3214 3915 3531 3986 migraverit
3585 3917 3634 3967 in

2049 4008 2296 4076 Angliam
2328 4007 2671 4072 orientalem,
2703 4023 2826 4062 eum
2861 4008 2930 4061 ibi
2966 4009 3030 4062 de
3056 4010 3249 4063 itinere
3273 4051 3286 4070 ,
3321 4011 3372 4061 in
3407 4005 3634 4060 Galliam

2050 4097 2117 4150 ad
2156 4112 2395 4151 sororem
2423 4095 2816 4151 llereswitham
2846 4099 3210 4167 suscipiendo,
3243 4098 3524 4167 cogitaret,
3545 4112 3638 4163 per

2049 4204 2247 4240 annum
2289 4187 2579 4250 mansisse,
2625 4188 2800 4256 quoad
2829 4189 2895 4241 ab
2925 4188 3133 4241 Aidano
3155 4229 3169 4251 ,
3202 4186 3632 4241 Lindisim'nensi

2047 4277 2336 4346 episcopo,
2385 4276 2438 4329 in
2486 4277 2714 4345 patriam
2767 4277 3210 4332 Northumbriam
3266 4285 3630 4331 revocaretur.

2049 4365 2154 4422 Sed
2201 4368 2346 4421 enim
2386 4375 2592 4421 sanctae
2630 4367 2851 4437 virginis
2912 4368 3193 4421 consilimn
3263 4365 3634 4436 proﬁciscendi

2047 4468 2197 4512 extra
2228 4457 2563 4511 Britanniam
2621 4472 2880 4512 successu
2930 4459 3146 4521 caruit,
3201 4453 3635 4524 quandoquidem

2051 4550 2210 4603 verba
2242 4547 2398 4602 Beda:
2446 4547 2606 4601 aliam
2660 4548 3171 4617 interpretationem
3217 4545 3630 4614 recipiunt,ut-

2048 4651 2171 4708 pote
2203 4654 2306 4693 non
2335 4639 2700 4693 asseverantis
2722 4678 2736 4702 ,
2765 4638 2858 4692 sed
2893 4647 3100 4692 tantmn
3132 4635 3632 4698 commemorantis,

2050 4732 2195 4784 illam
2231 4739 2492 4783 retentam
2537 4745 2658 4784 esse
2689 4729 2738 4782 in
2787 4729 3063 4798 przedicta,
3117 4728 3167 4781 id
3218 4736 3300 4782 est
3353 4727 3404 4779 in
3444 4725 3631 4780 eadem

2049 4821 2344 4891 provincia,
2382 4836 2501 4889 qua:
2531 4836 2659 4876 sane
2690 4819 2790 4873 fuit
2820 4820 3112 4890 Anglorum
3142 4818 3486 4873 orientalium
3513 4832 3637 4886 pro-

2052 4914 2225 4968 vincia
2252 4953 2265 4974 ,
2295 4911 2360 4966 de
2403 4927 2506 4980 qua
2545 4911 3057 4982 Anglo-Saxouicus
3110 4909 3392 4980 presbyter
3422 4908 3638 4964 loeutus

2053 5006 2248 5070 fuerat,
2281 5004 2596 5072 neutiquam
2625 5017 2752 5057 vero
2787 5003 2840 5056 in
2883 5001 3055 5057 Gallia
3087 5043 3102 5066 ,
3151 5017 3312 5072 quam
3361 5001 3504 5055 idem
3553 5000 3643 5056 ille

2052 5110 2210 5154 antea
2256 5096 2594 5166 provinciam
2645 5110 2751 5150 non
2781 5094 3014 5148 dixerat.
3072 5093 3176 5149 Pro
3219 5106 3334 5146 mea
3366 5093 3644 5147 sententia

2054 5200 2160 5244 stat
2187 5188 2474 5246 Matthzeus
2502 5185 3114 5244 \Vestmonasteriensis
3147 5185 3213 5239 ad
3261 5197 3459 5237 annum
3507 5183 3615 5241 680
3648 5224 3660 5243 .

2054 5285 2145 5354 qui
2175 5283 2263 5341 his
2292 5281 2462 5334 utitur
2484 5282 2671 5337 verbis
2702 5299 2716 5334 :
2747 5279 2897 5333 Anno
2928 5279 3115 5348 gratia:
3145 5277 3250 5335 680
3277 5273 3444 5328 llilda
3489 5278 3666 5331 abba-
