4486 5544
843 414 949 477 955

842 537 967 589 licto
1017 535 1196 587 habitu
1239 534 1482 588 sa'culari
1510 534 1539 597 ,'
1579 535 1843 604 proposuit
1896 532 2180 601 transferre
2244 548 2297 584 se
2357 530 2424 581 ad
2456 531 2500 587 A

842 625 1216 680 monasterium
1248 622 1411 688 Culte,
1442 625 1526 676 ubi
1552 640 1701 677 soror
1728 624 1891 692 ipsius
1929 621 2234 683 llereswita,
2260 632 2426 675 mater

846 714 1130 784 ᾹῖιάιιιρΙιί
1155 754 1171 781 ,
1203 716 1336 785 regis
1368 714 1699 769 orientalium
1731 713 2039 784 Anglorum,
2068 712 2175 766 Deo
2208 713 2427 780 feliciter

841 807 1120 861 militabat.
1158 806 1263 862 Sed
1306 817 1501 861 retenta
1524 816 1597 861 est
1626 824 1655 859 a
1684 805 1909 874 prtesule
1940 805 2145 858 Aidano
2165 845 2178 868 ,
2208 814 2255 857 et
2283 805 2425 871 facta

840 899 1138 963 abbatissa,
1184 898 1252 951 ad
1298 896 1572 968 Ilertesey,
1618 906 1666 950 et
1696 906 1808 967 post
1854 897 1908 949 in
1937 896 2250 949 monasterio
2282 894 2425 949 Stre-

840 990 1056 1059 nefliallt
1095 990 1376 1060 appellato,
1406 992 1545 1061 quod
1590 990 1703 1060 ipsa
1751 990 2101 1059 fundaverat,
2148 997 2250 1044 etc.
2289 988 2425 1043 Tum

837 1078 1166 1151 suffragatur
1196 1082 1321 1136 huic
1372 1081 1655 1136 sententia:
1686 1088 1887 1135 nostra:
1936 1080 2206 1135 Antonius
2242 1078 2373 1149 Pagi
2406 1119 2420 1144 ,

837 1168 893 1223 in
933 1169 1132 1224 Critira
1163 1170 1496 1238 Baroniana,
1531 1180 1662 1226 tom.
1720 1170 1783 1225 III
1816 1212 1829 1236 ,
1876 1171 1941 1225 ad
1973 1186 2178 1225 annum
2221 1170 2424 1225 Christi

839 1260 964 1322 680.
991 1260 1227 1317 Matthaei
1262 1262 1866 1318 Wcstmonastcriensis
1894 1262 2219 1317 sententiam
2243 1262 2424 1332 gravi-

835 1353 938 1407 bus
985 1354 1317 1410 confirmans
1382 1357 1731 1426 argumentis.
1794 1356 1940 1412 Inter
2009 1356 2111 1411 alia
2167 1355 2295 1429 Pagi
2347 1356 2422 1413 sic

837 1445 909 1497 ait
936 1461 950 1499 :
978 1443 1228 1514 Quisquis
1257 1446 1393 1497 enim
1436 1455 1627 1499 attente
1667 1455 1831 1499 totum
1862 1445 2020 1500 Bedw
2062 1446 2231 1499 locum
2263 1464 2421 1517 supra

836 1536 1109 1589 recitatum
1138 1536 1345 1604 legerit,
1390 1537 1641 1606 intelliget
1678 1537 1874 1591 Bedam
1927 1537 2057 1591 nihil
2099 1537 2245 1590 aliud
2286 1540 2424 1591 indi-

832 1642 954 1680 care
974 1643 1130 1696 quam
1164 1626 1377 1679 llildam
1408 1643 1473 1680 ex
1496 1625 1873 1680 Northumbria
1901 1630 2074 1696 patria
2116 1646 2210 1682 sua
2237 1630 2289 1681 in
2314 1629 2421 1680 An—

833 1716 994 1786 gliam
1019 1717 1307 1786 perrexisse
1328 1735 1346 1779 ;
1370 1728 1417 1771 et
1442 1718 1493 1770 in
1517 1734 1600 1783 ea,
1626 1735 1741 1771 cum
1773 1720 1836 1771 tle
1866 1719 2185 1787 profectione
2207 1722 2261 1772 in
2294 1718 2421 1774 Cal-

834 1806 959 1857 liam
992 1806 1323 1873 suscipienda
1349 1808 1623 1875 cogitaret,
1653 1823 1744 1875 per
1774 1824 1971 1859 annum
2003 1809 2261 1861 mansisse
2281 1851 2293 1871 ,
2326 1810 2420 1861 do-

837 1910 930 1945 nec
975 1904 1210 1946 revocata
1254 1905 1326 1947 est
1384 1895 1446 1947 ab
1485 1894 1690 1949 Aidano
1737 1899 1791 1949 in
1821 1898 2047 1965 patriam
2073 1913 2160 1949 seu
2191 1898 2243 1951 in
2275 1897 2416 1951 Nor-
2454 1883 2496 1939 Β

834 1981 1169 2034 tliumbriam.
1226 1980 1558 2047 Propositum
1608 1984 1769 2051 igitur
1835 1984 2203 2052 peregrinandi
2272 1998 2423 2039 extra

832 2068 1167 2123 Britanniam
1212 2071 1529 2123 exsecutioni
1574 2088 1677 2123 non
1738 2072 2005 2125 mandavit
2055 2071 2218 2125 Ililda
2246 2113 2260 2128 .
2307 2090 2423 2125 cum

835 2158 969 2211 illud
999 2157 1143 2211 Beda
1170 2176 1270 2212 non
1305 2161 1554 2228 affirmet;
1590 2161 1693 2213 imo
1726 2163 1921 2213 scribat
1948 2204 1961 2227 ,
1992 2161 2138 2214 illam
2170 2172 2423 2215 retentam

833 2266 943 2303 esse
965 2251 1015 2301 in
1042 2251 1221 2303 eadem
1243 2252 1529 2318 provincia,
1565 2252 1783 2321 ideoque
1809 2254 1860 2305 in
1882 2254 2148 2320 provincia
2194 2256 2424 2307 orienta-

832 2338 963 2393 lium
1006 2339 1313 2408 Anglorum,
1346 2341 1409 2392 de
1436 2357 1538 2402 qua
1568 2341 1776 2394 locutus
1808 2342 2009 2409 fuerat,
2062 2360 2165 2396 non
2202 2360 2319 2396 vero
2369 2344 2423 2397 in

832 2431 1031 2495 Callia,
1060 2449 1217 2501 quam
1247 2432 1391 2486 Beda
1415 2446 1568 2486 antea
1592 2436 1912 2500 provinciam
1942 2452 2043 2487 non
2069 2435 2384 2504 appellarat.

900 2525 1053 2591 Quod
1078 2542 1222 2581 nunc
1247 2528 1437 2581 attinet
1471 2528 1537 2580 ad
1575 2526 1869 2582 Roswitlne
1900 2528 2162 2581 nostratis
2210 2544 2421 2582 morum

834 2618 1208 2688 doctrinaeque
1230 2621 1540 2690 magistras,
1575 2621 1763 2675 Izabuit
1798 2621 1882 2673 illa
1917 2622 2129 2689 plures,
2165 2622 2258 2676 sed
2287 2622 2421 2676 duas

833 2709 1084 2778 inprimis
1136 2712 1411 2774 nominat,
1445 2712 1640 2780 quibus
1683 2713 1863 2767 omnia
1929 2714 2095 2767 refert
2156 2722 2417 2785 accepta,

834 2814 1038 2870 caSque
1072 2804 1298 2857 summis
1328 2803 1714 2873 ornatclogiis,
1744 2813 1816 2867 et,
1850 2814 1907 2857 ut
1938 2814 2195 2874 perpetua
2228 2807 2421 2860 harum

835 2890 1098 2944 memoria
1130 2890 1451 2944 feminarum
1485 2892 1551 2945 ad
1584 2907 1797 2946 onmem
1830 2894 2205 2960 posteritatem
2226 2909 2419 2962 perve-

832 2983 968 3045 niat,
1002 2982 1052 3035 in
1076 2982 1417 3051 prazfatione,
1442 2984 1493 3037 in
1519 2998 1683 3051 opera
1702 2999 1795 3037 sua
1819 2984 2067 3037 versibus
2088 2986 2416 3053 conscripta,

829 3072 1071 3141 graviter
1092 3072 1378 3140 expressit.
1414 3070 1587 3127 Verba
1620 3073 1732 3127 bazc
1750 3081 1873 3127 sunt
1904 3091 1915 3125 :
1945 3070 2125 3125 Primo
2151 3075 2422 3141 sapientis-

833 3162 1003 3224 simte,
1030 3170 1184 3229 atque
1212 3162 1597 3229 benignissime
1631 3160 1907 3214 Riltltardie
1932 3162 2198 3230 magistra:
2224 3202 2237 3225 ,
2284 3162 2416 3215 alia-

831 3268 1050 3321 rumque
1078 3268 1188 3305 sua:
1217 3253 1341 3306 vicis
1370 3254 1655 3305 instruente
1682 3252 2002 3321 magisterio,
2027 3252 2233 3317 deinde,
2259 3268 2422 3321 prona
2452 3240 2498 3303 C

831 3342 1037 3411 favente
1061 3341 1335 3394 clementia
1364 3342 1519 3409 regite
1548 3342 1741 3395 indolis
1772 3338 2067 3410 Cerbergte,
2097 3342 2249 3410 cujus
2289 3359 2425 3395 nunc

832 3431 1030 3485 subdor
1071 3432 1305 3485 dominio
1336 3432 1581 3497 abbatia',
1609 3449 1726 3502 qum
1770 3443 1923 3487 (etate
1966 3435 2176 3499 minor,
2204 3435 2294 3488 sed
2321 3476 2334 3499 ,
2372 3446 2425 3488 ut

831 3522 1156 3591 imperialem
1204 3522 1414 3575 decebat
1446 3532 1667 3591 neptem,
1710 3526 1927 3577 scientia
1962 3526 2288 3593 provectior,
2326 3527 2430 3579 ali-

836 3622 959 3683 quot
991 3623 1230 3668 auctores
1272 3629 1402 3683 quos
1444 3615 1556 3683 ipsa
1586 3616 1732 3684 prior
1760 3632 1791 3668 a
1838 3615 2235 3685 sapientissimis
2277 3619 2425 3672 didi-

833 3706 924 3769 cit,
960 3722 1038 3758 me
1064 3706 1348 3757 admodum
1374 3707 1457 3774 pie
1478 3707 1724 3759 erudivit.
1756 3708 1931 3776 Atque
1978 3708 2052 3761 ita
2086 3719 2299 3764 constat
2329 3727 2423 3781 po—

831 3795 1115 3849 steriorem
1160 3795 1470 3865 magistram
1515 3795 1840 3867 Garbnrgim
1863 3838 1877 3861 ,
1911 3797 2033 3851 aliis
2062 3796 2379 3869 Gerbirgam
2411 3842 2424 3865 ,

831 3885 1002 3940 fuisse
1033 3887 1335 3941 antistitam
1366 3928 1379 3951 ,
1410 3887 1570 3958 vulgo
1598 3888 1929 3943 abbatissam
1962 3928 1976 3952 ,
2010 3888 2061 3942 in
2097 3890 2199 3944 hoc
2241 3906 2424 3945 cumo-

833 3978 952 4043 bio,
978 3979 1119 4046 quod
1150 3994 1281 4033 sane
1310 3980 1374 4031 de
1403 3980 1572 4048 priori
1628 3994 1734 4032 non
1768 3980 1875 4033 dici
1910 3994 2085 4049 neque
2136 3997 2201 4035 ex
2249 3984 2427 4036 verbis

836 4079 1154 4124 memoratas
1196 4068 1534 4138 pra-rationis
1580 4069 1759 4141 colligi
1794 4080 1988 4138 potest.
2039 4069 2221 4127 Nihilo
2248 4082 2425 4127 tamen

836 4162 1018 4217 secius
1058 4161 1301 4215 nonnulli
1340 4161 1688 4231 reperiuntur
1732 4163 1823 4231 qui
1861 4162 2097 4231 priorem
2134 4164 2427 4219 Roswitha:

835 4255 1152 4325 magistram
1186 4252 1499 4307 Richardim
1538 4253 1866 4308 abbatissam
1896 4254 2103 4323 pariter
2126 4254 2285 4324 hujus
2318 4271 2429 4311 cce-

834 4348 979 4401 uobii
1014 4346 1179 4401 fuisse
1204 4346 1396 4409 ferant,
1431 4346 1573 4401 haud
1611 4345 1716 4401 alio
1746 4346 1858 4400 nixi
1894 4346 2243 4402 fundamento
2265 4364 2425 4417 quam

833 4439 976 4508 quod
1006 4438 1058 4493 in
1092 4439 1193 4493 hac
1220 4438 1541 4507 praefatione
1570 4446 1730 4493 antea
1760 4440 2036 4494 nominata
2065 4454 2291 4510 ponunt.
2321 4442 2426 4497 Sed

833 4532 919 4587 his
952 4546 1057 4585 non
1090 4530 1376 4600 applaudo,
1412 4546 1599 4585 verum
1626 4532 1805 4601 potius
1828 4533 1878 4585 in
1908 4541 2092 4601 partes
2113 4534 2423 4604 negantium

832 4637 918 4687 eo,
952 4636 1185 4691 reorque
1210 4622 1547 4687 Richardim,
1571 4622 1678 4688 vel,
1704 4633 1763 4679 ut
1789 4623 2177 4694 aliiappellant,
2206 4624 2425 4679 Riklmr-

835 4714 943 4765 dim
991 4712 1151 4781 hujus
1191 4712 1505 4767 monasterii
1550 4711 1719 4768 fuisse
1768 4713 2095 4779 mouialem,
2147 4731 2423 4786 nunquam

834 4818 965 4857 vero
996 4803 1063 4857 ad
1107 4803 1394 4858 abbatissa:
1445 4804 1760 4875 dignitatem
1802 4814 2071 4860 evectam.
2122 4806 2201 4861 Ex
2244 4810 2423 4863 verbis

835 4902 1149 4949 memoratae
1182 4895 1514 4964 prmlalionis
1542 4894 1645 4950 hoc
1677 4902 1883 4948 tantum
1916 4895 2242 4950 concludere
2273 4896 2420 4961 licet,

837 4987 981 5057 quod
1015 4985 1307 5041 Richardis
1350 4987 1567 5056 sapiens
1595 4985 1862 5055 doctaque
1898 4985 2051 5055 virgo
2083 4984 2245 5039 fuerit
2278 4985 2428 5041 vixe-

836 5079 1016 5150 ritque
1047 5080 1098 5132 in
1146 5079 1480 5134 monasterio
1508 5118 1522 5143 ,
1558 5085 1721 5147 atque
1767 5076 2010 5131 docuerit
2054 5075 2388 5131 Roswitham
2411 5120 2424 5144 ,

839 5184 947 5225 non
990 5179 1167 5224 tamen
1212 5170 1334 5226 ideo
1368 5168 1653 5223 llic/tardis
1695 5167 1969 5221 abbatissa
2017 5168 2201 5221 statim
2246 5167 2425 5223 vocari

838 5272 1038 5334 potest,
1075 5279 1198 5318 cum
1224 5263 1276 5319 id
1304 5261 1501 5333 virgini
1533 5276 1749 5331 quoque
1790 5258 2055 5314 sacerdoti
2097 5258 2383 5313 conveniat
2411 5299 2423 5323 ,

836 5364 952 5410 tum
978 5355 1141 5411 etiam
1181 5356 1233 5410 in
1266 5354 1411 5425 quod
1438 5363 1601 5423 caput
1641 5353 1719 5407 rei
1751 5360 1849 5415 est,
1886 5366 2151 5421 nusquam
2193 5367 2431 5408 comme-

840 5458 1103 5503 moretur.
1144 5448 1329 5503 Series
1368 5446 1771 5502 abbatissarum
1815 5444 2423 5510 Gandesheimensium,

2048 420 2137 473 AD
2173 418 2395 475 OPERA
2431 413 2898 469 IIROTSUITII/E

4010 414 4109 469 956

2670 523 2757 578 IV.
2802 522 3085 577 lIroswita.

2674 615 2739 668 V.
2774 615 3098 685 Luthgardis
3123 614 3163 668 I.

2671 704 2758 759 VI.
2784 704 3208 776 Windelgardis.

2676 796 2778 851 VII.
2806 797 3105 867 Garburgis
3146 799 3209 853 Il.
3250 797 3379 870 (Sub
3411 800 3509 854 hac
3547 798 3810 871 Garburgi
3844 800 4107 855 Roswima

2740 899 2916 942 nostra
2949 889 3195 943 monialis
3244 891 3397 944 vitam
3421 892 3521 961 egit
3550 909 3611 947 ac
3644 891 3870 958 claruit,
3914 894 4108 946 eidem-

2734 998 2832 1050 que
2854 998 3034 1049 poema
3058 999 3209 1035 suum
3238 982 3541 1037 dedicavit.‘

2678 1070 2797 1125 illl.
2828 1072 3048 1142 Sophia.

2669 1160 2763 1217 IX.
2790 1162 3100 1218 Adelheidis
3128 1163 3168 1218 Ι.

2675 1250 2741 1305 Χ.
2782 1252 3021 1307 Beatrix.

2672 1340 2759 1395 XI.
2794 1341 3110 1397 Adelheidis
3140 1344 3202 1398 II.

2670 1430 2779 1485 XII.
2816 1430 3203 1487 Fredcruntha.

2674 1522 2804 1576 ΧΙΙΙ.
2834 1524 3011 1594 Agnes
3046 1525 3084 1578 l.

2666 1614 2802 1669 XIV.
2834 1616 3143 1671 Adellteidis
3178 1617 3260 1671 Ill.

2666 1704 2779 1758 XV.
2811 1705 2968 1760 Berta
2992 1706 3029 1759 I.

2664 1797 2802 1852 XVI.
2845 1798 3165 1869 LulhgarJis
3196 1800 3257 1854 II.

2658 1890 2823 1944 .XVII.
2869 1891 3183 1946 Adelheidis
3213 1892 3301 1947 IV.

2670 1980 2847 2036 XVIII.
2890 1982 3201 2036 Adelheidis
3224 1981 3287 2034 V.

2672 2071 2811 2125 XIX.
2856 2072 3146 2128 Mathildis.

2670 2163 2790 2217 ΧΧ.
2824 2164 2981 2218 Berta
3012 2165 3077 2218 II.

2599 2252 2799 2306 Verum
2835 2255 2919 2307 hic
2948 2255 3090 2307 milia
3124 2256 3400 2310 abbatissa
3430 2264 3705 2325 comparet
3732 2272 3850 2326 qua:
3880 2257 4108 2311 Richar—

2527 2340 2609 2395 dis
2641 2343 2856 2395 nomine
2886 2344 2955 2396 sit
2978 2344 3252 2413 insignita,
3283 2355 3338 2398 et
3368 2344 3583 2397 illorum
3620 2355 3918 2415 temporum
3952 2388 3965 2409 ,
3995 2350 4110 2415 qui-

2531 2429 2631 2481 bus
2677 2429 2963 2484 Roswitha
3010 2432 3262 2486 monialis
3304 2432 3813 2487 Gandesheimensis
3869 2435 4003 2488 vixit
4051 2452 4109 2488 ac

2525 2520 2737 2584 claruit,
2767 2522 3012 2589 aequalis.
3045 2521 3152 2577 Nec
3183 2537 3307 2577 vero
3354 2523 3453 2577 hoc
3496 2523 3599 2578 tale
3646 2524 3931 2578 RicharJis
3987 2542 4098 2578 no-

2525 2628 2647 2667 men
2677 2614 2944 2682 reperitur
2982 2616 3032 2667 in
3088 2615 3230 2669 serie
3271 2615 3465 2669 harum
3521 2616 3918 2670 abbatissarum
3944 2657 3957 2680 ,
3988 2634 4103 2685 (ιιι-ε

2525 2714 2707 2759 exstat
2734 2706 2874 2775 apud
2898 2706 3204 2761 Gabrielem
3232 2707 3567 2773 Bucelinum,
3614 2719 3668 2762 et
3706 2710 3888 2764 multis
3927 2711 4109 2764 locisa

2527 2800 2692 2869 priori
2729 2802 2941 2855 diversa
2959 2810 3041 2855 est
3070 2802 3122 2855 in
3150 2812 3306 2871 parte
3331 2818 3368 2854 ιι
3398 2803 3702 2857 Germani-.c
3721 2804 4112 2872 topo-chronu—

2526 2894 3112 2963 stemmato'graphica:
3160 2909 3350 2947 sacrae.
3394 2894 3576 2951 Series
3603 2896 3997 2951 abbatissarum
4030 2911 4109 2951 se-

2525 2983 2758 3037 cundum
2788 2983 3104 3039 Buceliuum
3140 2986 3253 3039 haec
3282 2993 3366 3038 est
3397 2999 3411 3037 :

2670 3074 2709 3128 I.
2751 3074 3030 3130 “abundis

2669 3166 2732 3221 II.
2771 3166 3033 3237 Gerbirga
3067 3170 3105 3222 I.

2675 3257 2760 3310 III.
2802 3256 3097 3312 Christina.
3117 3262 3128 3273 ‘

2671 3349 2759 3402 IV.
2803 3351 3181 3406 Rodeswinda.

2673 3440 2735 3494 V.
2777 3439 3195 3510 Weudelgarda.

2669 3529 2757 3584 VI.
2798 3529 3073 3602 Gerberga
3119 3532 3182 3585 II.
3226 3532 3359 3603 (Sub
3388 3550 3529 3604 qua,
3585 3543 3644 3587 ut
3690 3533 3765 3587 ait
3804 3532 4109 3595 Bucelinus,

2671 3621 2863 3673 claruit
2917 3621 3163 3677 monialis
3213 3620 3718 3693 ejusdem'caenobii
3774 3624 4109 3686 doctissima,

2677 3710 2831 3779 cujus
2889 3712 3115 3779 insignia
3162 3722 3363 3765 exstant
3411 3714 3657 3783 prwclari
3705 3713 3897 3783 ingenii
3952 3713 4115 3765 moni-

2670 3810 2843 3852 menta
2894 3801 3145 3854 historica
3173 3813 3220 3855 et
3250 3804 3500 3873 poetica.)

2676 3890 2780 3943 vn.
2826 3889 3047 3961 SOphia.

2675 3981 2806 4035 V'III.
2850 3983 3198 4039 Athelheidcs
3226 3986 3262 4038 I.

2669 4071 2759 4124 IX.
2806 4071 3025 4125 Bcrtha.

2670 4160 2735 4213 Χ.
2780 4160 3077 4215 Loicardis.

2674 4252 2763 4305 XI.
2804 4253 3119 4309 Atelheides
3145 4255 3216 4319 II,
3253 4266 3358 4311 etc.

2528 4345 2747 4399 Certum
2794 4345 2959 4415 igitur
3028 4347 3166 4416 apud
3221 4364 3307 4401 me
3370 4356 3453 4401 est
3504 4348 3820 4413 Richardin,
3869 4348 3981 4403 sive
4028 4347 4119 4401 lti-

2529 4437 2808 4502 chardatn,
2859 4454 2964 4492 non
3000 4439 3049 4491 in
3096 4437 3494 4493 abbatissarum
3526 4440 4114 4504 Gandesheimensium,

2529 4528 2622 4583 sed
2655 4527 2993 4592 monialium,
3026 4543 3254 4583 numero
3282 4544 3403 4584 esse
3435 4533 3818 4600 reponendum.
3858 4529 3913 4583 Id
3942 4539 4114 4583 tamen

2533 4616 2691 4673 fateri
2725 4633 2810 4672 me
2851 4627 3085 4686 oportet,
3121 4618 3314 4673 barum
3349 4620 3533 4675 talium
3579 4622 3776 4676 seriem
3820 4621 4113 4691 primarum

2532 4710 2674 4765 illius
2710 4710 3023 4764 monasterii
3074 4709 3495 4776 abbatissarum,
3544 4726 3662 4781 quae
3716 4710 3855 4781 apud
3905 4710 4115 4764 Buceli-

2533 4817 2659 4856 num
2688 4801 2900 4870 legitur,
2927 4801 3193 4866 mutilam,
3236 4811 3291 4856 et
3319 4818 3386 4856 ex
3430 4803 3663 4858 Bodonis
3699 4802 3966 4857 Chronico
3995 4817 4118 4871 sup.

2531 4890 2782 4959 plendam
2817 4890 3019 4957 pariter
3075 4906 3138 4943 ac
3193 4892 3588 4946 emendandam
3646 4907 3786 4947 esse.
3857 4892 4113 4947 Eumdem

2537 4968 2777 5035 Buceliui
2834 4980 3079 5034 ordinem
3129 4982 3293 5037 habet
3342 4992 3395 5035 et
3445 4982 3653 5053 Gaspar
3704 4982 4018 5050 Bruscbius,
4065 4985 4116 5039 in

2536 5076 2828 5132 centuriaI
2866 5078 3316 5132 monasteriorum
3355 5077 3660 5133 Germania:
3704 5079 4115 5149 praecipuorum,

2534 5185 2587 5239 p.
2640 5168 2726 5223 66.
2769 5167 2875 5223 Sed
2924 5166 3068 5222 ultro
3122 5167 3323 5223 fatetur
3368 5183 3489 5223 eum
3548 5184 3668 5225 esse
3723 5169 4114 5238 imperfectum.

2533 5261 2677 5316 Idem
2705 5269 2786 5315 est
2817 5260 2905 5315 ille
2942 5260 3257 5324 Bruschius,
3287 5275 3448 5330 quem
3486 5262 3650 5332 plagii
3697 5262 3975 5316 accusavit
4018 5261 4120 5315 La-

2534 5353 2671 5417 zius,
2702 5356 2755 5405 et
2802 5367 2829 5405 a
2882 5350 3177 5405 Francisco
3226 5349 3613 5417 Guillimanno,
3665 5353 3717 5405 in
3766 5351 4116 5421 Chronologia

2534 5444 2907 5513 episc0porum
2969 5442 3545 5512 Argentoratensium,
3617 5458 3759 5513 saepe
3819 5444 4120 5509 iterumque
