4486 5544
388 370 484 425 957

1776 368 2308 424 PllOLEGOMENA.

3548 361 3650 416 958

455 483 660 536 Laudat
694 493 889 536 mento
926 482 1068 537 hunc
1105 495 1450 543 monacnum,
1495 470 1791 545 Bodonem,
1828 481 1969 533 llen-
1997 488 2044 545 Α
2076 482 2337 536 lunctorie
2361 492 2776 552 consignavertt,
2806 490 2856 535 et
2908 479 3152 550 plurimis
3186 479 3237 530 in
3285 476 3418 530 locis
3448 476 3513 528 ab
3558 489 3653 528 au—

386 573 529 627 ricus
561 572 877 627 Meibomius
910 574 960 626 in
994 572 1136 625 notis
1168 571 1232 624 ad
1272 572 1542 635 eumdem,
1581 581 1631 626 et
1664 571 1969 626 Chronicon

386 665 453 717 ab
489 677 553 717 eo
581 665 645 716 ad
679 678 880 717 annum
932 678 1103 731 usque
1158 660 1296 716 1550
1350 663 1727 717 continuatum
1782 662 1966 721 fuisse.

384 762 536 809 recte
564 753 819 816 allirmat,
860 753 961 808 etsi
1006 752 1250 821 quaedam
1301 751 1445 805 illius
1478 753 1658 820 operis
1686 752 1884 821 portio,
1914 759 1972 804 ut

385 854 539 898 antea
571 844 843 909 admonui,
879 855 1180 913 temporum
1212 843 1407 913 injuria
1440 843 1745 908 intercidit;
1771 853 1823 899 et
1845 859 1972 898 vero

386 933 437 988 id
468 935 609 1005 quod
636 934 936 989 etiamnum
963 943 1159 998 exstat,
1194 950 1299 989 non
1330 934 1469 989 ultra
1517 935 1838 1004 productum
1891 935 1969 988 le-

384 1025 546 1095 gitur,
578 1042 737 1097 quam
769 1026 833 1080 ad
869 1036 1107 1096 tempora
1137 1026 1423 1082 abbatissae
1454 1025 1626 1081 Berta:
1652 1026 1693 1079 ll
1714 1067 1728 1089 ,
1773 1027 1971 1096 quippe

386 1133 505 1185 qua:
532 1134 673 1172 anno
703 1118 905 1173 Christi
940 1119 1078 1173 129.5
1103 1118 1167 1173 ad
1197 1120 1337 1174 hanc
1363 1118 1676 1189 dignitatem
1705 1122 1967 1190 pervenit.

385 1206 495 1261 Nec
526 1219 702 1263 tamen
728 1211 909 1263 omnia
953 1211 1143 1280 probat
1187 1210 1526 1275 Meibomius,
1560 1214 1857 1280 prtesertim
1906 1227 1969 1266 ea

384 1310 505 1365 qua:
558 1299 623 1352 de
667 1300 1001 1367 principibus
1056 1298 1308 1353 Saxonia:
1356 1300 1538 1363 tradit,
1600 1314 1772 1367 neque
1806 1300 1856 1352 in
1906 1314 1971 1353 eo

385 1390 661 1441 consensit
686 1404 807 1442 cum
832 1388 1048 1443 Bodoue
1076 1390 1126 1443 in
1151 1373 1352 1444 Chron.
1388 1391 1582 1459 saepius
1615 1390 1797 1453 allato,
1829 1391 1970 1459 quod

385 1476 475 1531 hic
508 1478 670 1532 (idem
720 1478 881 1533 faciat
909 1480 1332 1550 Windclgardim
1366 1481 1693 1535 abbatissam
1735 1480 1971 1536 Gaudes-

385 1550 1054 1635 lieiinensem,'ecclesiam
1086 1581 1235 1626 extra
1274 1573 1528 1643 oppidum
1567 1572 1620 1627 in
1655 1573 1967 1628 memoriam

381 1656 441 1709 Β.
476 1657 711 1727 Virginis
751 1675 780 1712 a
824 1675 882 1713 se
930 1660 1251 1726 dedicatam,
1296 1661 1679 1717 exstruendam
1725 1678 1967 1727 curasse,

385 1755 546 1815 atque
561 1748 692 1801 adeo
717 1748 1037 1803 fundatricis
1056 1749 1266 1803 titulum
1289 1752 1669 1819 promeruisse,
1688 1768 1847 1821 quam
1877 1768 1969 1822 po-

2074 570 2323 625 ctoritate
2366 570 2669 623 tabularum
2706 578 2949 622 veterum
2993 564 3299 621 recesserit.

2142 659 2407 715 Craterum
2439 675 2538 715 nec
2581 660 2632 713 id
2683 660 2768 713 hic
2798 657 3151 714 omittendum
3198 664 3300 716 est,
3351 651 3491 722 quod
3540 650 3652 705 Ro-

2073 752 2266 808 svvitha
2296 760 2475 807 nostra
2519 751 2765 806 monialis
2793 751 3013 805 minime
3038 746 3409 803 confundenda
3440 744 3511 798 sit
3532 760 3654 798 eunt

2071 844 2342 899 abbatissa
2376 844 2666 910 llroswita,
2716 861 2835 915 qua:
2876 844 2929 897 in
2973 843 3249 913 praemissa
3292 840 3653 893 abalissarum

2073 938 2212 992 serie
2247 945 2439 1007 quarta
2471 947 2554 992 est
2598 939 2650 991 in
2700 938 2909 992 ordine.
2969 936 3161 990 Nostra
3206 935 3386 996 enim,
3438 934 3504 987 de
3550 948 3656 1001 qua

2072 1029 2161 1085 hic
2184 1031 2393 1098 agimus
2417 1031 2712 1097 permansit
2754 1029 3023 1091 monialis,
3053 1038 3105 1082 et
3137 1040 3410 1096 nunquam
3456 1023 3521 1077 ad
3564 1024 3657 1077 ab-

2071 1119 2288 1175 batissa:
2332 1121 2649 1191 dignitatem
2696 1130 2879 1175 evecta
2929 1130 3031 1174 est.
3089 1118 3267 1185 Quare
3310 1118 3391 1170 vir
3421 1114 3659 1170 clarissi-

2072 1212 2475 1277 ntus,Joanncs
2506 1212 2768 1266 llcuricus
2812 1212 3114 1273 Bmclerus,
3158 1210 3206 1261 in
3250 1204 3657 1262 Cmmncntario

2071 1302 2145 1355 De
2174 1304 2330 1358 rebus
2362 1302 2541 1357 smculi
2568 1318 2596 1356 a
2621 1301 2838 1356 Christo
2868 1311 2994 1355 nato
3034 1318 3089 1355 ιχ
3120 1310 3173 1354 ct
3200 1316 3251 1361 χ,
3286 1299 3338 1350 in
3370 1295 3564 1352 Ottonc
3588 1293 3650 1359 ll,

2070 1410 2122 1463 p.
2158 1394 2285 1460 562,
2324 1396 2677 1464 corrigendos
2716 1404 2817 1457 est,
2847 1411 2967 1448 cum
3002 1393 3197 1447 ibidem
3230 1392 3335 1445 ait:
3366 1390 3455 1444 Est
3495 1388 3653 1457 hujus

2069 1484 2313 1551 temporis
2340 1486 2495 1537 etiant
2522 1483 2748 1547 Roswid,
2782 1486 2886 1537 sive
2925 1482 3225 1544 Ilrosritha,
3261 1482 3403 1550 virgo
3434 1480 3654 1531 illustris

2070 1574 2311 1627 monialis
2339 1576 2529 1644 primo,
2564 1586 2677 1643 post
2703 1575 2963 1626 abbatissa
2993 1570 3529 1633 Cautlerslteintensis,
3560 1569 3655 1621 ab-

2070 1662 2325 1717 batissam
2357 1680 2477 1719 cum
2504 1665 2727 1719 moniali
2760 1664 3116 1725 confundens,
3148 1664 3289 1717 sicut
3316 1662 3366 1715 iu
3398 1659 3649 1714 eumdem

2070 1770 2309 1809 errorem
2344 1757 2594 1811 inductus
2622 1770 2702 1812 est
2726 1759 2914 1812 doctor
2940 1756 3283 1811 Christianus
3315 1753 3649 1817 Kortholtus,

380 1846 495 1891 stea
524 1836 841 1909 Cerburgim
873 1839 923 1892 in
956 1841 1259 1894 cmnobium
1305 1840 1707 1895 Benedictioum
1742 1858 1968 1897 conver-
2002 1829 2043 1888 Β
2071 1858 2120 1898 c.
2152 1844 2185 1897 3
2212 1860 2334 1899 saec.
2386 1862 2440 1909 χ,
2466 1862 2517 1915 p.
2559 1847 2683 1911 592,
2725 1848 2775 1901 in
2816 1848 2952 1901 libro
2982 1848 3072 1916 qui
3126 1847 3435 1900 inscribitur
3480 1845 3657 1899 llisto-

383 1926 532 1992 tisse,
556 1926 625 1981 30
655 1928 965 1983 hominibus
991 1929 1169 1983 locum
1206 1940 1489 1999 peraptum
1527 1932 1840 1987 reddidisse.
1878 1933 1966 1987 Sic

380 2017 524 2071 enim
554 2017 696 2071 fatur
736 2018 880 2071 Bodo
912 2020 1051 2087 apud
1084 2018 1432 2074 Meibomium
1466 2029 1595 2074 tom.
1630 2020 1670 2073 ll
1692 2061 1705 2082 ,
1734 2037 1784 2091 p.
1820 2021 1915 2075 491
1950 2040 1962 2075 :

381 2106 774 2177 Windelgardis
820 2091 1087 2162 ecclesiam
1138 2121 1284 2161 extra
1328 2111 1573 2179 Oppidum
1622 2112 1672 2163 in
1718 2112 1965 2164 honorem

377 2196 624 2265 Deiparte
665 2196 893 2266 Virginis
922 2200 1222 2267 a'diﬁcavit,
1254 2217 1408 2269 quant
1443 2211 1489 2253 et
1539 2202 1794 2254 benedixit
1836 2201 1969 2253 Deo-

376 2305 477 2354 que
510 2289 722 2342 dicavit.
756 2288 899 2343 idem
943 2290 1080 2360 apud
1115 2289 1483 2357 Meibomium,
1510 2310 1561 2361 p.
1602 2292 1703 2346 494
1736 2311 1747 2345 :
1788 2292 1965 2346 Eccle-

378 2382 513 2433 siam
553 2380 700 2434 illuni
750 2391 899 2434 extra
944 2382 1211 2451 Oppidum,
1256 2400 1413 2453 quam
1464 2384 1673 2435 domina
1720 2383 1960 2437 Wiudcl-

377 2472 557 2540 gardis
584 2472 836 2539 wdiﬁcari
867 2473 1010 2541 fecit,
1044 2474 1097 2526 in
1142 2475 1425 2527 ccenobiunt
1468 2474 1725 2544 virginum
1767 2475 1965 2527 ordinis

378 2562 484 2615 diri
506 2561 831 2618 Benedictini
866 2566 1223 2619 illustrissima
1274 2568 1487 2619 domina
1528 2566 1839 2636 Carburgis,
1867 2569 1965 2619 Itu-

372 2654 467 2724 jus
502 2656 727 2709 nominis
767 2659 1018 2722 secunda,
1077 2660 1345 2712 convertit.
1396 2659 1465 2712 At
1513 2660 1788 2713 enimvero
1833 2676 1964 2713 con-

381 2748 605 2803 tradicit
638 2750 761 2804 huic
807 2749 1126 2804 Meibomius
1176 2751 1225 2802 in
1277 2751 1419 2804 notis
1456 2749 1521 2802 ad
1581 2750 1963 2820 panegyricum

379 2840 671 2896 [loswithce
693 2883 710 2909 ,
742 2852 795 2897 et
825 2844 1002 2911 potius
1031 2842 1218 2902 statuit
1246 2842 1402 2909 hujus
1432 2842 1673 2897 ecclesiae
1699 2842 1963 2895 fumtatri-

377 2948 495 2986 cem
542 2931 708 2987 fuisse
753 2932 1073 3003 Gerbutgim
1134 2933 1205 2997 ll,
1240 2934 1565 2987 abbatissam
1607 2932 1965 2988 Gaudershei-

376 3014 641 3083 mensem,
676 3022 890 3078 llenrtci
942 3023 1148 3088 Rixosi,
1184 3025 1335 3078 ducis
1380 3024 1644 3087 Bavarim,
1687 3022 1876 3089 ﬁliam,
1913 3032 1966 3076 et

376 3114 596 3169 llenrici
642 3113 925 3169 llezelonis
945 3155 958 3179 ,
993 3114 1177 3169 itidem
1228 3114 1466 3168 Bavariae
1497 3114 1667 3178 ducis,
1698 3130 1959 3178 sororem,

378 3213 435 3258 et
483 3213 631 3258 recte
681 3204 733 3257 id
793 3202 988 3272 probat
1052 3218 1117 3257 ex
1189 3204 1476 3273 diplomate
1540 3204 1966 3260 conﬁrmationis

378 3297 593 3350 Ottonis
631 3295 673 3349 ll
702 3296 1065 3365 imperatoris,
1109 3305 1297 3364 aperte
1326 3296 1377 3349 in
1405 3311 1469 3349 eo
1496 3298 1547 3351 id
1576 3300 1961 3353 asseveranlis.

377 3386 553 3441 Verba
596 3388 905 3457 diplomatis
942 3388 1055 3443 haec
1094 3397 1223 3442 sunt
1260 3407 1271 3440 :
1316 3388 1534 3442 Noverit
1572 3390 1805 3443 omnium
1837 3390 1967 3457 [ide-

378 3477 505 3530 lium
537 3488 833 3531 nostrorum
868 3520 881 3540 ,
915 3489 1021 3532 tam
1068 3481 1401 3543 pra’sentium
1443 3496 1599 3549 quam
1641 3480 1963 3549 futurorum,

376 3570 663 3633 industria,
704 3569 929 3639 qualiter
952 3571 1116 3639 neptis
1166 3580 1345 3623 nostra
1377 3568 1629 3641 Gerbirga
1673 3573 1963 3636 nominata,

378 3657 891 3714 Gandersbeimensis
945 3660 1163 3713 caenobii
1212 3660 1519 3724 abbatissa,
1574 3661 1839 3730 quoddam
1895 3662 1966 3713 ibi

379 3752 780 3814 monasterium,
847 3752 902 3803 in
967 3752 1236 3821 superiore
1287 3750 1442 3821 plaga
1508 3752 1734 3804 civitatis
1782 3754 1961 3816 situm,

375 3842 578 3908 penitus
628 3858 659 3893 α
692 3842 1033 3909 fundamento
1087 3850 1387 3894 construere
1432 3842 1484 3895 in
1531 3841 1724 3894 honore
1770 3852 1964 3895 sancta:

381 3928 594 3995 Maria),
627 3931 688 3983 ob
720 3930 936 3984 ca’lestis
978 3931 1160 4000 gaudii
1189 3947 1351 3999 spem,
1389 3946 1679 3999 praponens
1704 3930 1965 3984 voluntate

376 4023 855 4075 sanctimonialium
903 4040 1119 4076 suarum
1146 4064 1160 4087 ,
1206 4023 1395 4076 ibidem
1444 4025 1591 4094 prius
1620 4025 1960 4087 manentium,

375 4111 667 4174 constituit,
711 4112 936 4181 illucque
981 4113 1193 4179 triginta
1240 4110 1663 4165 sanctimoniales
1700 4113 1754 4165 in
1801 4112 1962 4165 divini

373 4200 570 4252 servitii
602 4199 872 4267 collegium
909 4202 1225 4271 aggregavit.
1256 4202 1326 4254 At
1352 4201 1647 4255 ehronieon
1681 4202 1963 4255 llilleshei-

375 4305 562 4344 mense
589 4288 772 4344 Jacobi
829 4290 1081 4355 Beutelii,
1123 4293 1261 4360 apud
1307 4291 1675 4346 Christianum
1735 4292 1959 4346 Franci-

374 4394 527 4433 scum
581 4379 811 4443 Paulini,
863 4380 931 4434 ab
978 4382 1080 4435 hac
1120 4379 1387 4435 Meibomii
1438 4383 1705 4437 sententia
1765 4382 1958 4435 iterum

371 4471 597 4535 recedit,
630 4480 683 4525 et
709 4487 849 4537 eam,
882 4488 1042 4541 quam
1084 4472 1230 4527 Bodo
1270 4474 1433 4538 fovet,
1469 4475 1813 4537 sententiam,
1853 4484 1959 4527 tue-

370 4575 479 4622 tur.
509 4566 682 4622 Verba
718 4569 743 4640 §
772 4570 803 4625 9
848 4570 959 4624 haac
989 4579 1152 4624 sunt:
1204 4569 1521 4641 Sigltardus,
1575 4571 1694 4623 aliis
1727 4568 1960 4624 Gebhar-

368 4658 489 4721 dus,
537 4659 855 4712 consecravit
887 4657 1330 4729 Windelgardim,
1378 4661 1693 4715 abbatissam
1722 4660 1959 4715 Gaudes-

368 4748 703 4812 Iteintensem,
744 4765 862 4817 qua:
888 4748 1158 4801 ecclesiam
1188 4758 1335 4802 extra
1378 4751 1624 4819 Oppidum
1668 4751 1718 4804 in
1758 4766 1960 4807 memo-

368 4839 505 4892 riam
545 4837 608 4891 Β.
647 4836 877 4908 Virginis
906 4839 1183 4903 exstruxit,
1215 4857 1244 4891 α
1281 4856 1331 4892 se
1359 4840 1675 4893 dedicatam.
1712 4839 1864 4895 llaud
1894 4856 1957 4896 eo

366 4928 547 4984 secius
576 4927 813 4984 Joannes
862 4928 1127 5000 Georgius
1172 4927 1552 4984 Leuckfeldius
1594 4930 1738 4985 hunc
1771 4948 1959 4987 mona-

365 5018 527 5072 chum
562 5018 832 5073 Bodonem
876 5019 1122 5075 laudibus
1165 5020 1531 5089 prosequitur,
1575 5022 1800 5090 ejusque
1842 5023 1953 5076 sio-

365 5110 604 5180 gularetn
634 5112 956 5166 industriam
980 5112 1341 5178 commendat,
1382 5114 1652 5183 inprimis,
1697 5118 1841 5183 quod
1876 5126 1952 5171 ta-

362 5202 630 5258 bularium
654 5202 1185 5261 Gandersheimense
1212 5204 1507 5274 inspexerit
1543 5221 1605 5259 ac
1645 5210 1951 5274 pervoluta-

364 5293 524 5357 verit,
560 5295 769 5351 litteras
814 5294 938 5347 item
984 5296 1331 5359 lundationis,
1360 5297 1667 5351 donationis
1693 5306 1747 5351 et
1776 5300 1947 5371 diplo-

2074 1934 2154 1986 ria
2188 1934 2558 1988 ecclesiastica
2604 1935 2735 1990 Novi
2768 1936 3122 2001 Testamenti,
3154 1936 3464 1989 Rosvitham
3494 1933 3658 1987 abba-

2073 2022 2281 2087 tissam,
2316 2032 2366 2078 et
2396 2024 2727 2079 lloswitham
2761 2026 3071 2088 monialem,
3101 2041 3259 2077 unam
3299 2027 3651 2092 eamdemque

2070 2111 2257 2176 fuisse,
2292 2124 2459 2168 ratus.
2491 2115 2690 2169 Scribit
2721 2116 2863 2169 enim
2911 2117 2982 2169 ita
3016 2134 3027 2168 :
3065 2115 3220 2168 Hisce
3260 2115 3520 2183 jungatur
3560 2114 3657 2166 [iu-

2069 2206 2250 2258 swit/ia
2273 2207 2379 2259 sire
2406 2205 2681 2271 IIrosrita,
2729 2208 2868 2275 virgo
2904 2208 3087 2260 nobilis
3109 2247 3122 2267 ,
3174 2207 3340 2274 primo
3392 2206 3656 2269 tttOttitt/is’,

2069 2310 2246 2366 postea
2288 2300 2549 2352 abbatissa
2574 2297 3108 2351 Candcrsheimcnsis.

2143 2388 2238 2441 llis
2269 2389 2499 2451 traditis,
2538 2389 2678 2441 haud
2724 2389 2959 2442 alienum
2994 2387 3109 2442 fore
3157 2395 3287 2457 puto
3318 2388 3361 2442 si
3415 2389 3478 2441 ad
3523 2388 3657 2441 Ros-

2071 2479 2250 2532 witha:
2297 2478 2495 2548 ingenii
2552 2480 2909 2539 monimenta,
2970 2494 3088 2547 qua:
3132 2487 3297 2547 grata:
3350 2479 3655 2546 posteritati

2071 2570 2309 2638 reliquit,
2361 2570 2731 2624 enttmerauda
2795 2570 3045 2638 deinceps
3074 2570 3347 2623 accedam.
3423 2568 3661 2637 Reliquit

2070 2660 2215 2715 enim
2240 2659 2390 2729 virgo
2415 2659 2662 2729 religiosa
2696 2659 2828 2712 varii
2860 2658 3160 2728 argumenti
3196 2657 3418 2727 scripta,
3451 2667 3505 2711 et
3535 2672 3658 2710 mox

2072 2750 2223 2804 Vitas
2269 2758 2568 2819 martyrum
2614 2758 2669 2803 et
2701 2756 3031 2809 sanctorum,
3085 2763 3208 2800 mox
3254 2747 3555 2807 comazu'ias,
3605 2747 3657 2798 in

2069 2840 2451 2895 nmulationem
2469 2839 2716 2904 Terentii,
2750 2839 3008 2891 illibatam
3034 2838 3402 2907 virginitatem
3421 2839 3658 2891 suaden-

2070 2941 2173 2995 tes,
2238 2945 2361 2984 mox
2416 2928 2708 2984 Historiam
2769 2928 2981 2983 Ottonis
3062 2928 3235 2997 Magni
3304 2928 3657 2996 conscripsit.

2068 3020 2229 3074 Plura
2262 3020 2500 3090 scripsit,
2533 3022 2626 3074 sed
2662 3020 2745 3073 vel
2772 3029 3075 3088 temporqu
3123 3017 3316 3087 injuria
3356 3019 3656 3090 deperdita,

2071 3113 2152 3167 vel
2180 3112 2457 3181 subrepta.
2481 3110 2660 3165 Testis
2691 3110 2851 3180 hujus
2883 3110 2980 3173 rei,
3007 3109 3153 3163 omni
3186 3109 3507 3177 exceptione
3540 3124 3650 3161 ma-

2061 3208 2169 3276 jor,
2223 3214 2307 3260 est
2348 3203 2617 3258 Henricus
2673 3202 2838 3265 Bodo,
2885 3202 3184 3256 monachus
3241 3200 3537 3264 Clusensis,
3602 3200 3653 3252 in

2068 3296 2415 3367 Syntagmate
2443 3308 2558 3357 suo,
2592 3309 2646 3363 p.
2675 3291 2799 3356 452,
2834 3291 2975 3361 apud
3002 3290 3369 3355 Meibomium,
3396 3304 3517 3344 cum
3555 3288 3657 3342 ibi-

2068 3388 2186 3442 dem
2219 3385 2545 3440 mentionem
2578 3382 2745 3437 faciat
2773 3383 3039 3452 poematis
3083 3381 3365 3451 cujusdam
3416 3380 3480 3435 de
3524 3395 3656 3434 con-

2068 3478 2362 3533 structione
2404 3474 2721 3530 monasterii
2770 3472 3121 3538 Gandesiani,
3164 3488 3193 3525 a
3242 3472 3521 3527 Boswitha
3558 3488 3656 3526 no-

2067 3577 2237 3624 strate
2265 3566 2581 3637 conscripti.
2616 3564 2815 3619 Verum
2847 3566 2968 3630 hoc,
3000 3575 3058 3619 ut
3082 3574 3229 3619 recte
3256 3565 3418 3619 tradit
3454 3564 3658 3619 Meibo-

2067 3660 2231 3725 mius,
2264 3674 2367 3712 non
2400 3658 2533 3711 exiit
2577 3658 2629 3711 in
2662 3658 2855 3719 lucem,
2889 3672 3066 3726 neque
3100 3658 3149 3711 id
3182 3658 3340 3712 hodie
3388 3658 3657 3726 reperitur

2068 3752 2118 3805 in
2152 3750 2399 3805 ca-nobio
2428 3748 2964 3811 Gandersheimensi,
2998 3756 3057 3802 ut
3098 3747 3263 3802 refert
3289 3749 3373 3802 vir
3398 3763 3653 3803 reveren-

2066 3841 2181 3903 dus,
2207 3839 2441 3895 Joannes
2461 3838 2721 3909 Georgius
2742 3838 3116 3895 Leuckl‘eldius
3141 3840 3192 3894 in
3225 3840 3655 3909 Antiquitatibus

2066 3930 2662 3995 Walckenredensibus,
2678 3946 2797 3999 qua
2811 3946 3057 3985 sermone
3073 3930 3396 3986 Germanico
3410 3933 3655 4002 proxime

2062 4021 2400 4092 prodierunt,
2446 4036 2569 4090 pag.
2616 4020 2741 4074 245.
2786 4020 2924 4075 Ante
2953 4037 3111 4090 quem
3151 4022 3459 4077 Chronicon
3503 4022 3653 4076 Wal-

2064 4112 2450 4175 ckenredeuse,
2485 4112 2598 4165 sive
2620 4110 2936 4180 Catalogum
2962 4113 3239 4177 abbatum,
3273 4111 3460 4166 Latine
3486 4113 3652 4167 edidit

2064 4204 2327 4259 Henricus
2351 4202 2744 4268 Eckstormius,
2775 4205 2865 4273 qui
2894 4205 3093 4272 prodiit
3136 4204 3453 4259 lielmstadii
3488 4204 3646 4257 1617.

2066 4296 2237 4350 Porro
2286 4304 2621 4349 memoratus
2668 4293 3046 4351 Leuckfeldius
3076 4295 3260 4359 tradit,
3306 4310 3334 4347 a
3367 4295 3650 4349 monachis

2074 4387 2233 4442 vicini
2264 4387 2574 4441 monasterii
2605 4385 2811 4451 Clusae,
2864 4386 3037 4442 ordini
3074 4385 3426 4441 Benedictino
3456 4402 3612 4441 sacro
3633 4429 3647 4453 ,

2062 4486 2319 4547 quantum
2351 4478 2660 4548 conjectura
2689 4476 2903 4545 assequi
2952 4474 3100 4539 licet,
3152 4474 3279 4529 illud
3309 4491 3429 4530 esse
3457 4476 3652 4530 subre-

2063 4577 2211 4638 ptum
2243 4578 2294 4623 et
2325 4567 2429 4622 alio
2454 4566 2797 4630 translatum,
2823 4580 2887 4620 eo
2918 4564 3222 4634 praesertim
3269 4574 3512 4634 tempore
3542 4581 3649 4633 quo

2061 4656 2273 4723 Julius,
2326 4656 2815 4711 Brunswicensium
2863 4653 2969 4707 dux
3001 4664 3037 4720 ,'
3068 4669 3208 4708 anno
3258 4652 3457 4708 Christi
3509 4654 3648 4710 1568

2064 4750 2340 4805 doctorem
2384 4746 2644 4803 Jacobum
2692 4747 2940 4810 Androm,
2989 4745 3267 4814 religionis
3297 4746 3647 4800 emendanda:

2062 4855 2247 4903 causa,
2276 4854 2339 4894 ea
2383 4838 2435 4893 in
2464 4838 2580 4892 loca
2617 4838 2784 4901 misit,
2829 4846 3168 4905 repugnante
3218 4835 3343 4888 licet
3374 4834 3647 4889 abbatissa

2064 4930 2301 4985 cmnobii
2328 4927 2898 4991 Gandcrsheimensis,
2932 4924 3243 4995 Magdalena
3272 4925 3336 4978 de
3362 4922 3645 4978 Columna.

2064 5023 2311 5079 Monachi
2361 5021 2504 5075 enim
2558 5019 2879 5082 Clusenses,
2933 5019 2997 5072 de
3043 5018 3289 5072 instituto
3323 5014 3451 5069 Julii
3498 5016 3651 5071 ducis

2062 5110 2421 5177 commoniti,
2470 5118 2724 5179 metuque
2782 5124 2935 5164 novae
2980 5109 3295 5163 mutationis
3336 5107 3650 5175 perterriti,

2060 5207 2296 5277 optimas
2318 5216 2561 5274 quasque
2593 5216 2679 5255 res
2729 5216 2853 5257 suas
2887 5211 3045 5270 atque
3088 5198 3411 5256 monasterii
3442 5199 3657 5253 tabulas

2059 5300 2413 5369 collegerunt,
2430 5306 2590 5363 atque
2610 5292 2868 5347 aliorsum
2895 5291 3350 5358 transportandas
3371 5298 3658 5342 curarunt.
