4486 5544
887 436 990 509 95'9

2086 453 2174 505 AD
2215 450 2439 508 OPERA
2484 438 2945 512 "nomentum.

4032 467 4132 521 960

878 570 1148 641 jacturam
1182 567 1323 623 illius
1355 568 1545 623 merito
1574 577 1877 637 queruntur
1901 568 1998 637 (t).
2030 567 2202 634 Quam
2238 569 2289 622 in
2331 584 2455 621 sen-
2488 569 2533 624 Α
2564 569 2849 627 admodum
2902 574 3095 629 ibidem
3147 575 3198 628 in
3242 576 3481 643 margine
3513 577 3690 633 videre
3720 587 3819 633 cst.
3858 580 4135 651 Inscriptio

885 658 1111 713 tentiam
1140 656 1242 728 legi
1282 657 1475 711 attinet
1504 667 1659 725 pacta
1707 672 1851 711 anno
1893 657 2095 712 Christi
2143 657 2277 712 1571
2323 660 2465 714 inter

882 749 1293 804 serenissimum
1347 748 1537 803 ducem
1586 747 1785 802 Julium
1839 760 1895 802 et
1948 750 2277 804 abbatissam
2326 749 2467 803 Gan-

884 841 1346 895 dersheimenscm
1380 839 1432 893 in
1466 839 1641 910 capite
1674 838 1949 909 religionis
1972 852 2257 895 conventa.
2288 840 2341 894 lu
2384 842 2466 896 his

883 934 1027 988 enim
1054 932 1212 987 fidem
1238 932 1495 1004 obligavit
1517 932 1759 987 antistita
1783 946 1863 993 se,
1887 947 1983 1001 pro
2004 945 2068 987 eo
2082 933 2227 1003 quod
2250 932 2461 997 habeat,

877 1024 1025 1094 jure,
1055 1022 1192 1079 velle
1236 1023 1517 1094 iujungere
1562 1023 1745 1079 abbati
1787 1024 2034 1079 Clusensi
2066 1034 2119 1079 et
2146 1026 2262 1095 ejus
2287 1040 2466 1080 mona-

885 1114 1037 1169 sterii
1063 1115 1363 1179 sodalibus,
1414 1116 1558 1171 omni
1591 1124 1649 1169 ut
1691 1116 1870 1170 studio
1911 1132 2149 1186 curaque
2198 1118 2249 1171 in
2299 1118 2349 1172 id
2386 1119 2465 1172 in-

883 1204 1465 1276 tumbantutantiqua
1495 1208 1808 1263 monasterii
1849 1208 2205 1263 instrumenta
2249 1218 2304 1262 et
2332 1225 2463 1264 con-

883 1296 1193 1353 cessiouum
1245 1296 1452 1352 tabulas
1510 1298 1645 1352 bona
1681 1300 1783 1352 tide
1818 1299 2141 1362 restituant,
2176 1310 2230 1353 et
2273 1316 2463 1355 mona-

883 1391 1053 1443 sterio
1113 1391 1291 1443 denuo
1348 1390 1623 1455 inferant;
1680 1390 1773 1444 sed
1839 1400 1964 1444 voto
2032 1405 2135 1444 non
2190 1394 2467 1461 respondit

881 1490 1127 1537 eventus.
1163 1481 1292 1535 Eam
1324 1497 1540 1551 qucque
1582 1483 1633 1536 in
1666 1498 1778 1537 rem
1828 1483 2005 1554 legere
2043 1483 2256 1551 juvabit
2288 1486 2465 1540 excel-

882 1571 1239 1627 lentissimum
1259 1571 1605 1627 Wilhclmum
1627 1574 1909 1628 Eruestum
1938 1573 2269 1639 Teuzclium,
2293 1578 2465 1630 virum

882 1665 935 1717 in
970 1666 1070 1718 hoc
1118 1666 1417 1720 studiorum
1470 1681 1668 1736 genere
1714 1668 2143 1721 versatissiuuun
2170 1709 2184 1734 ,
2228 1670 2277 1722 in
2320 1670 2467 1724 Actis

881 1756 1196 1810 menstruis.

954 1849 1064 1903 Nec
1097 1851 1147 1904 id
1176 1850 1263 1904 hie
1290 1851 1507 1906 rcticeri
1552 1851 1729 1916 debet,
1779 1853 1922 1923 quod
1944 1853 2189 1921 proxime
2232 1854 2314 1906 vir
2344 1853 2466 1922 qui-

2570 662 2723 730 hujus
2748 663 2871 719 vitm
2894 664 3008 719 luet:
3038 664 3233 734 legitur
3262 684 3272 717 :
3316 664 3429 720 Vita
3472 666 3531 721 S.
3560 668 3864 723 Wunibaldi
3911 672 4133 733 abbatis,

2568 770 2599 806 a
2624 754 3011 807 sanctimoniali
3035 753 3479 810 Hildcnlteimcnsi
3502 758 3720 827 scripta,
3747 768 3852 813 etc.

2638 843 2852 899 Verum.
2881 843 3127 900 Oudinus
3157 856 3210 900 et
3250 846 3511 916 Dupinius
3556 847 3904 903 vehementer
3947 849 4137 904 fallun-

2569 942 2673 989 tur.
2710 934 2841 987 Nam
2876 935 2926 987 in
2959 934 3091 989 locis
3133 935 3292 988 modo
3328 935 3503 991 allatis
3532 952 3806 1006 nunquam
3854 938 4137 993 Roswitha:

2568 1027 2628 1081 fit
2661 1028 2877 1089 mentio,
2905 1031 3100 1083 nedum
3134 1037 3465 1085 memoratur
3487 1031 3559 1085 ibi
3587 1032 3703 1101 ejus
3724 1046 3938 1097 nomen,
3967 1048 4137 1101 neque

2568 1116 2621 1170 id
2652 1116 2899 1171 Canisius
2940 1127 2993 1171 et
3034 1116 3244 1182 Surius,
3276 1118 3417 1171 aliud
3468 1118 3683 1185 edocti,
3731 1119 4017 1182 afﬁrmant,
4048 1122 4136 1175 sed

2567 1208 2745 1276 potius
2768 1222 2832 1262 ex
2866 1207 3144 1262 ltinerario
3173 1206 3229 1262 8.
3262 1208 3574 1272 Willibaldi,
3598 1218 3652 1263 et
3671 1226 3736 1264 ex
3770 1211 3885 1264 Vita
3917 1210 3973 1264 8.
4005 1210 4134 1264 Wu-

2570 1298 2766 1351 nibaldi
2795 1337 2809 1361 ,
2860 1299 3074 1368 probari
3110 1307 3286 1368 potest
3335 1300 3402 1354 ab
3450 1316 3551 1354 una
3593 1300 3889 1370 eademque
3932 1302 4137 1370 virgine

2569 1388 2961 1443 sanctimoniali
3012 1388 3479 1444 lleidenheimensi
3509 1430 3521 1453 ,
3578 1391 3790 1444 illorum
3841 1404 4134 1459 temporum

2568 1480 2783 1548 mquali,
2810 1494 2929 1549 qua:
2976 1495 3005 1531 a
3036 1480 3305 1534 nonnullis
3348 1477 3816 1534 Hildenlieimensis
3865 1482 4135 1545 scribitur,

2570 1568 2668 1623 has
2695 1568 3175 1623 commentationes
3197 1583 3315 1624 esse
3343 1568 3637 1634 confectas,
3666 1570 3714 1621 id
3738 1570 3878 1637 quod
3916 1569 3999 1621 vel
4040 1570 4135 1622 hoc

2570 1670 2890 1731 argumento
2917 1668 3147 1724 constat,
3194 1676 3314 1714 cum
3344 1661 3396 1713 in
3424 1660 3543 1713 Vita
3588 1659 3643 1714 S.
3692 1659 3995 1713 Wunibaldi
4029 1660 4139 1712 lucc

2570 1754 2732 1807 verba
2765 1753 3012 1822 lcgantur
3042 1771 3054 1805 :
3108 1753 3232 1805 Post
3257 1754 3366 1805 lucc
3391 1753 3586 1822 itaque,
3608 1769 3723 1805 cum
3748 1769 3912 1821 sagax
3948 1752 4036 1805 ille
4058 1769 4137 1804 ro-

2571 1843 2674 1896 tiva
2715 1843 3026 1896 voluntatem
3066 1842 3349 1912 adimplere
3388 1843 3597 1912 optabat
3630 1844 3907 1907 desideria,
3944 1844 4138 1896 statim-

878 1938 1000 1993 daut
1030 1939 1367 1995 clarissimus
1412 1956 1477 1995 ex
1518 1942 1744 1996 Francia
1792 1943 2041 1997 orientali
2088 1958 2185 2011 per
2232 1944 2462 1997 amicum
2500 1905 2543 1962 Β
2570 1947 2649 2000 (1ω

2366 1905 2462 1995 ζιηη
2500 1905 2543 1962 Β
2570 1947 2687 2000 que,
2736 1931 2955 1984 Domino
2990 1932 3335 2000 dispensante,
3367 1933 3435 1984 ad
3460 1942 3688 2001 aptatum
3719 1942 3764 1985 et
3790 1932 4137 1985 desideratum

879 2045 968 2083 me
991 2030 1277 2084 certiorem
1310 2030 1517 2096 fecerit,
1564 2035 1827 2088 asservari
1882 2035 1932 2087 in
1983 2036 2311 2088 monasterio
2339 2034 2467 2089 Rid-

880 2121 1226 2191 dagshusano
1256 2122 1489 2192 aliquem
1534 2124 1826 2179 Roswithm
1875 2125 2111 2179 libellum
2140 2167 2152 2189 ,
2203 2128 2466 2180 hactenus

879 2209 1162 2273 iuedilum,
1202 2225 1360 2279 quem
1408 2220 1467 2265 ut
1524 2213 1710 2267 usibus
1754 2215 1888 2269 meis
1936 2224 2249 2279 mutuarer,
2303 2226 2465 2286 atque

878 2300 1028 2369 operi
1058 2302 1199 2369 quod
1224 2302 1323 2354 sub
1352 2316 1513 2355 manu
1539 2313 1620 2355 est
1647 2304 1925 2369 adderem,
1953 2305 2093 2357 ultro
2122 2321 2205 2357 me
2230 2320 2467 2360 commo-

878 2387 1098 2441 nefecit.
1129 2389 1256 2459 Ego,
1290 2390 1379 2457 qui
1428 2391 1559 2444 nihil
1592 2392 1734 2445 aliud
1766 2408 1946 2461 quer
1980 2394 2079 2446 nisi
2125 2403 2180 2447 ut
2208 2394 2273 2447 de
2304 2410 2463 2463 repu—

877 2477 1017 2533 lilica
1048 2478 1312 2534 lilteraria
1362 2481 1538 2550 aliqua
1587 2483 1775 2538 saltem
1823 2500 1886 2538 ex
1936 2493 2088 2553 parte
2122 2488 2256 2540 bene
2285 2487 2469 2540 vidcar

876 2571 1098 2634 mereri,
1128 2570 1274 2624 omni
1324 2572 1501 2626 studio
1529 2588 1765 2643 curaque
1814 2574 1865 2628 in
1910 2575 1961 2629 id
2000 2575 2217 2629 incubui
2266 2585 2325 2629 ut
2354 2576 2467 2646 ejus

879 2662 1196 2732 inspiciendi
1226 2664 1673 2734 describendique
1701 2666 1927 2721 facultas
1954 2667 2083 2721 mihi
2113 2670 2353 2735 daretur,
2374 2668 2464 2723 sed

883 2768 973 2821 spe
1001 2768 1119 2807 mea
1151 2752 1440 2809 frustratus
1467 2770 1606 2809 sum.
1654 2755 1786 2810 Nam
1812 2758 1877 2810 ad
1907 2756 2117 2811 litteras
2144 2773 2313 2822 meas,
2351 2758 2467 2827 ejus

886 2844 961 2897 rei
1008 2859 1175 2898 causa
1203 2844 1457 2914 scriptas,
1500 2845 1602 2899 hoc
1636 2847 1880 2916 responsi
1929 2847 2047 2901 loco
2096 2848 2299 2917 accepi,
2331 2848 2467 2901 nihil

879 2935 1139 3003 ejusmodi
1213 2938 1267 2990 in
1325 2936 1771 3007 Riddagshusano
1818 2940 2146 2994 monasterio
2199 2940 2465 3010 reperiri,

882 3026 1139 3094 inspectis
1172 3027 1295 3081 licet
1322 3036 1376 3080 et
1404 3028 1756 3097 pervolutatis
1790 3028 2037 3082 tabularii
2072 3028 2305 3083 schedis.

950 3118 1119 3173 Porro
1147 3117 1447 3173 Casimirus
1473 3117 1646 3173 Oudin
1669 3160 1683 3182 ,
1715 3120 1764 3172 in
1807 3120 2204 3189 Supplemeutis
2236 3121 2300 3175 de
2335 3120 2469 3174 seri-

878 3209 1124 3278 ptoribus
1161 3226 1189 3262 a
1216 3208 1544 3263 Bellarmino
1589 3210 1804 3265 omissis
1832 3251 1846 3275 ,
1871 3227 1922 3279 p.
1955 3210 2051 3263 551
2085 3251 2098 3275 ,
2130 3220 2182 3264 ct
2232 3210 2293 3263 L.
2324 3210 2465 3265 Elias

880 3299 1165 3366 Dupinius,
1202 3300 1251 3352 in
1291 3315 1429 3353 nova
1462 3298 1790 3353 Bibliotheca
1834 3308 2114 3352 auctorum
2138 3299 2468 3353 ecclesiasti-

880 3405 1065 3443 corutu
1086 3431 1099 3455 ,
1128 3390 1382 3442 idiomatc
1412 3390 1618 3443 Gallico
1648 3390 1977 3458 conscripta,
2029 3399 2159 3443 tom.
2195 3390 2325 3450 Vlll,
2362 3391 2469 3443 Hoc

882 3482 1093 3536 swithre
1126 3483 1353 3535 nostrati
1388 3482 1690 3535 attribuunt
1720 3482 2058 3536 ltinerarium
2084 3481 2140 3536 8.
2177 3483 2468 3538 Willibaltli

880 3573 1061 3639 primi,
1103 3572 1447 3627 Eistcttensis
1491 3573 1754 3641 episcopi,
1784 3582 1941 3643 prout
1990 3572 2181 3627 Surius
2214 3573 2360 3637 illud,
2403 3589 2467 3627 ex

880 3662 1079 3716 Cauisii
1115 3672 1242 3716 tom.
1274 3664 1340 3717 IV
1369 3665 1655 3734 Antiquar.
1700 3665 1848 3719 Lect.
1888 3666 2288 3731 transcribens,
2320 3666 2471 3719 exhi-

885 3755 977 3807 bet
1018 3755 1067 3807 iu
1104 3754 1238 3808 Vitis
1278 3765 1613 3821 sanctorum,
1640 3756 1707 3810 ad
1738 3770 1977 3810 mensem
2004 3756 2202 3810 Julium
2224 3797 2238 3821 ,
2272 3758 2471 3825 sigilla-

885 3846 981 3899 titu
1015 3847 1079 3901 ad
1104 3862 1303 3899 annum
1341 3848 1469 3910 750,
1527 3856 1581 3902 et
1626 3848 1765 3918 apud
1797 3847 2059 3903 Joannem
2108 3849 2470 3904 lllabillouium

879 3940 1078 4009 legitur
1099 3938 1309 3994 Sazculo
1338 3938 1402 3993 Ill
1436 3939 1761 3996 Sanctorum
1790 3942 1996 3997 ordinis
2037 3944 2145 3997 divi
2175 3942 2471 4009 Benedicti,

880 4040 1026 4085 ῑοηιο
1062 4030 1124 4084 ll.
1177 4030 1469 4099 Inscriptio
1525 4030 1682 4099 hujus
1740 4032 2009 4086 ltinerarii
2062 4033 2134 4087 ita
2166 4048 2223 4087 se
2267 4033 2468 4087 habet:

878 4123 1221 4177 ltinerarium
1265 4122 1325 4177 S.
1372 4124 1669 4177 Willibaldi
1694 4165 1709 4190 ,
1751 4126 1976 4195 episcopi
2028 4125 2352 4179 Eistcttensis
2383 4166 2395 4187 ,
2442 4144 2472 4179 a

876 4217 1235 4285 consanguine
1278 4216 1443 4284 ipsius
1482 4218 1692 4281 sancti,
1716 4218 2111 4270 sanctimoniuli
2154 4216 2474 4271 IIeiden/zei-

876 4306 1059 4368 mensi,
1088 4307 1361 4375 scriptum.
1390 4307 1574 4361 Altera
1602 4316 1781 4361 autem
1809 4307 1931 4361 Vita
1966 4308 2122 4377 hujus
2146 4308 2462 4371 Willibaldi,

876 4415 997 4468 quze
1028 4401 1170 4469 apud
1217 4398 1585 4455 Mabillonium
1616 4409 1836 4466 exstat,
1889 4399 2122 4464 szcc.lll,
2151 4416 2203 4470 p.
2238 4416 2312 4465 ll,
2358 4416 2469 4454 non

880 4492 1019 4546 hanc
1062 4490 1529 4545 sanctimonialem
1562 4489 2125 4555 Heidenheimenscm,
2161 4492 2254 4545 sed
2304 4492 2469 4545 alium

880 4596 1252 4654 auonymum,
1307 4582 1551 4651 agnoscit
1607 4594 1904 4639 auctorem.
1958 4581 2224 4636 Praeterea
2269 4582 2463 4651 virgini
2498 4608 2546 4666 ι)

880 4672 1146 4744 religiosae
1194 4673 1505 4737 Roswithre,
1555 4674 1800 4742 prmdicti
1856 4672 2187 4742 scriptores,
2218 4670 2463 4726 Oudinus

875 4773 931 4820 ct
960 4765 1241 4835 Dupinius,
1270 4764 1446 4817 Vitam
1476 4763 1534 4817 S.
1563 4762 1891 4829 Wunibaldi,
1915 4762 2074 4833 primi
2101 4761 2309 4817 abbatis
2338 4761 2463 4817 Hei-

876 4857 1301 4922 denheimeusis,
1334 4867 1393 4911 ut
1423 4857 1580 4927 hujus
1608 4856 1839 4921 auctori,
1872 4856 2169 4926 assignant,
2200 4864 2360 4923 prout
2400 4870 2460 4908 ea

873 4948 1072 5020 legitur
1101 4949 1241 5017 apud
1276 4946 1567 5002 Henricum
1614 4946 1890 5002 Canisium
1935 4946 1987 4999 in
2036 4954 2181 5000 tomo
2210 4944 2275 4997 η’
2307 4944 2463 4997 Anti-

874 5055 1102 5109 quarum
1130 5038 1469 5101 Lectionum,
1498 5037 1586 5090 ubi
1623 5045 1853 5091 testatur
1881 5050 1941 5090 se
1973 5034 2145 5089 Vitam
2176 5033 2235 5089 S.
2266 5033 2464 5087 Wuni-

877 5131 1043 5196 baldi,
1068 5130 1317 5201 quamvis
1345 5131 1602 5185 incultam
1640 5137 1693 5185 et
1720 5129 2034 5191 obscuram,
2082 5136 2136 5182 et
2179 5126 2323 5181 vitiis
2354 5141 2469 5179 sca-

2494 3263 2541 3326 C

2568 2022 2881 2076 inc/tonuerit
2918 2023 3031 2086 iter,
3068 2032 3136 2087 et,
3162 2024 3292 2076 sicut
3324 2023 3377 2077 in
3417 2023 3525 2076 alia
3567 2023 3747 2091 fratris
3776 2024 3886 2091 ejus
3910 2032 4135 2087 textura,

2568 2113 2808 2167 subtilius
2830 2116 3120 2169 intimando
3144 2116 3521 2179 enarravimus,
3547 2127 3593 2170 et
3626 2134 3761 2171 nunc
3791 2118 4030 2171 iterando
4061 2134 4135 2170 re-

2567 2223 2951 2271 memoramus,
2999 2216 3103 2260 etc.
3154 2207 3380 2273 Quidam
3434 2205 3588 2274 hujus
3632 2208 3791 2262 studii
3845 2208 4000 2277 periti
4049 2223 4137 2276 per

2570 2297 2709 2350 hanc
2742 2296 3205 2351 sanctimonialem
3254 2297 3555 2367 intelligunt
3595 2298 3763 2366 ipsam
3795 2296 3851 2351 S.
3896 2297 4136 2366 Walpur-

2569 2403 2717 2457 gam,
2770 2398 2972 2456 atque,
3027 2389 3245 2442 adducti
3296 2389 3543 2458 inprimis
3572 2389 3838 2444 Adelberti
3868 2430 3883 2453 ,
3935 2388 4136 2442 abbatis

2569 2480 3091 2545 lleidenheimcnsis,
3120 2482 3461 2546 auctoritate,
3486 2492 3751 2548 statuunt,
3800 2482 3858 2537 S.
3898 2482 4136 2551 Walpur-

2568 2586 2691 2639 gam
2739 2571 2804 2625 de
2838 2572 2996 2625 rebus
3021 2572 3187 2642 gestis
3228 2571 3457 2626 fratrum
3490 2588 3707 2628 suorum
3757 2572 4045 2627 Willibaldi
4088 2580 4138 2624 et

2570 2660 2877 2715 Wunibaldi
2946 2661 3332 2716 commentaria
3412 2663 3708 2730 scripsisse.
3771 2662 3941 2716 Verba
3986 2660 4138 2714 Adel-

2568 2748 2705 2802 berti
2736 2748 2787 2801 in
2815 2748 3125 2818 praefatione
3146 2751 3211 2801 ad
3234 2750 3631 2815 Eberhardum,
3654 2750 3959 2818 episcopum
3990 2749 4139 2802 Bam-

2568 2838 2911 2909 bergensem,
2942 2840 3081 2907 apud
3110 2838 3367 2893 Iacobum
3411 2838 3745 2904 Gretserum,
3790 2855 3845 2907 p.
3881 2839 4001 2895 320.
4034 2839 4140 2891 lucc

2571 2943 2698 2987 sunt
2731 2950 2743 2984 :
2777 2931 3085 3002 Quicunque
3130 2948 3250 3002 ergo
3282 2949 3441 3001 genus
3486 2942 3533 2985 et
3581 2932 3731 2984 vitam
3766 2930 3823 2984 S.
3854 2930 4141 2984 Willibaldi

2569 3038 2614 3079 et
2640 3025 2949 3079 Wunibaldi
2989 3025 3204 3079 voluerit
3240 3040 3545 3094 agnoscere,
3569 3041 3632 3077 ea:
3671 3025 3873 3091 scriptis
3898 3022 3955 3076 S.
4000 3021 4140 3075 Wal—

2572 3118 2749 3189 burgw
2780 3118 3014 3188 virginis,
3043 3135 3159 3188 qua:
3201 3135 3449 3188 germana
3476 3135 3625 3171 soror
3651 3134 3827 3171 eorum
3867 3127 4003 3180 erat,
4041 3117 4142 3185 ple-

2574 3212 2709 3264 nitcr
2733 3211 2919 3279 poterit
2943 3210 3185 3263 ediscere.
3217 3208 3351 3263 lluic
3392 3210 3670 3263 sententiae
3700 3210 3859 3263 etiam
3891 3207 4143 3277 suifraga-

2574 3312 2660 3357 tur
2715 3302 3089 3366 Mcdibardus,
3141 3302 3191 3354 in
3222 3300 3509 3370 Rhylhmis
3547 3302 3612 3355 de
3656 3299 3712 3353 S.
3752 3298 4043 3368 Walpurga
4075 3301 4145 3351 ita

2572 3407 3047 3449 commemorans:
3092 3390 3361 3460 Superstes
3404 3393 3609 3461 utrique
3658 3392 3834 3461 fratri,
3884 3394 4147 3461 utriusque

2574 3484 2810 3545 breviter,
2854 3483 2943 3536 sed
2978 3484 3258 3545 veraciter,
3291 3483 3597 3551 conscripsit
3648 3481 3819 3536 Vitam
3864 3484 4147 3552 insignissi-

2572 3592 2733 3627 mam.
2767 3573 2864 3627 Ubi
2900 3583 3079 3627 tamen
3132 3571 3427 3643 Philippus,
3474 3574 3780 3629 tricesimus
3824 3589 3996 3627 nonus
4036 3574 4144 3642 epi-

2575 3680 2774 3733 scopus
2819 3663 3163 3718 Eistetteusis
3189 3704 3202 3727 ,
3252 3663 3328 3719 De
3364 3662 3502 3719 divis
3553 3663 3871 3719 tutelaribus
3914 3662 4149 3719 ecclesi.e

2574 3754 2937 3816 Eistcttensis,
2972 3769 3133 3823 quem
3175 3755 3621 3809 commentarium
3652 3753 3886 3809 Iacobus
3930 3754 4145 3809 Gretsr-

2574 3861 2667 3900 rus
2696 3847 2745 3899 in
2776 3845 2947 3899 lucem
2994 3845 3201 3913 primus
3249 3846 3447 3911 emisit,
3482 3845 3851 3901 Medibardum
3898 3853 4067 3905 notat,
4097 3852 4150 3896 ct

2574 3936 2717 3989 hunc
2767 3950 2953 3990 errore
2997 3935 3203 4004 lapsum
3254 3949 3374 3989 esse
3428 3944 3819 3991 commemorat
3867 3945 4149 4003 propterea

2574 4024 2716 4094 quod
2735 4024 2791 4077 S.
2812 4023 3166 4093 Warpurgam
3193 4025 3407 4093 utrique
3437 4023 3587 4077 fratri
3613 4024 3958 4092 superstitem
3991 4021 4151 4074 fuisse

2575 4124 2813 4171 enarrat.
2845 4115 3045 4169 Deinde
3081 4114 3289 4168 dubitat
3331 4112 3618 4169 Gretserus
3650 4114 3701 4167 iu
3751 4111 4145 4167 observationi-

2573 4208 2674 4263 bus
2706 4208 2759 4261 in
2809 4207 3041 4275 Philippi
3092 4206 3329 4276 episcopi
3380 4204 3881 4260 Commentarium:
3924 4202 4145 4265 Utrum,

2575 4298 2714 4353 sicut
2742 4297 2858 4367 ejus
2889 4298 3053 4351 verba
3089 4298 3310 4360 habent,
3336 4294 3640 4349 Adelbertus
3664 4293 4064 4364 Hodoeporicon
4100 4302 4145 4343 et

2574 4392 2849 4445 historiam
2896 4388 3364 4453 Willilbaldinam,
3406 4405 3522 4458 qua:
3567 4398 3706 4441 tomo
3738 4384 3822 4439 ιν
3866 4382 4145 4439 Canisiano

2573 4492 2801 4547 exstant,
2829 4482 3109 4553 signiﬁcet,
3151 4497 3314 4551 eaque
3356 4497 3387 4533 a
3421 4480 3481 4535 S.
3527 4479 3818 4549 Walpurga
3857 4477 4153 4544 conscripta

2573 4576 2854 4629 crediderit
2887 4617 2902 4642 ,
2952 4592 3022 4630 an
3063 4574 3170 4628 alia
3203 4572 3577 4627 commentaria
3626 4570 3690 4624 ab
3729 4569 3911 4624 eadem
3959 4566 4147 4637 virgine

2572 4667 2848 4721 elaborata
2891 4668 3099 4731 viderit,
3132 4666 3394 4736 afﬁrmare
3443 4678 3545 4717 non
3587 4660 3772 4714 habeo.
3804 4656 3954 4713 Certe
3976 4656 4149 4726 plera-

2571 4775 2688 4828 que,
2716 4758 2763 4811 si
2786 4773 2889 4811 non
2928 4758 3126 4821 omnia,
3167 4771 3283 4825 qua:
3305 4753 3613 4807 Adelbertus
3632 4751 3809 4819 aﬂ'ert,
3834 4750 3887 4801 in
3915 4746 4149 4801 Historia

2573 4848 2639 4902 ιγ
2645 4846 2983 4908 illilbaldina,
3005 4857 3051 4899 et
3079 4847 3132 4899 in
3173 4842 3557 4911 Hodoeporico,
3601 4839 3971 4902 inveniuntur;
4011 4836 4143 4906 quod

2578 4938 2975 5007 Hodoeporicou
2996 4936 3129 5007 stylo
3142 4936 3415 5006 paululum
3436 4934 3697 4988 limatiore
3718 4948 4008 5003 anonymus
4029 4932 4143 5002 qui-

2573 5033 2695 5084 dam
2724 5030 2971 5093 reddidit,
3006 5030 3182 5083 recisis
3226 5028 3492 5091 nonnulis,
3526 5037 3579 5081 ut
3604 5036 3728 5081 tom.
3756 5025 3838 5080 IV
3872 5026 3936 5079 Α.
3972 5024 4034 5077 ι.
4072 5022 4141 5075 ri-

2571 5121 2694 5175 dere
2725 5120 2864 5175 licet.

3772 5206 4139 5228 J3-----2-..a.u

3204 5223 3256 5228 -_—
3321 5216 3361 5228 ο.
3421 5216 3655 5228 ..Α.ΙἸ.-“
