4486 5544
402 328 493 384 961

1784 332 2293 388 PROLEGOMENA
2308 374 2321 387 .

3549 348 3652 403 96:!

400 458 540 504 nem,
595 443 783 495 harum
826 443 1255 498 lucubrationum
1321 454 1594 500 auctorem
1650 462 1793 511 esse,
1860 463 1977 515 qum
2010 454 2051 510 Α
2082 466 2133 502 se
2176 461 2446 504 tenuerunt
2499 456 2650 509 annis
2704 460 2913 514 circiter
2958 467 3150 518 decem.
3196 464 3260 518 Et
3304 464 3460 533 paulo
3491 479 3605 534 p05l
3641 486 3655 521 :

400 535 663 588 sententia
699 552 807 603 prtr
839 536 1063 605 reliquis
1093 537 1220 591 mihi
1247 538 1410 591 etiam
1433 538 1627 606 placet.
1660 538 1773 593 Non
1797 550 1973 594 autem

398 626 606 693 primus
657 625 999 681 Eistettensis
1034 628 1319 696 episc0pus
1350 628 1691 685 Willibaldus
1727 630 1826 684 fuit
1876 647 1973 684 na-

400 715 545 768 tione
576 713 804 779 Suevus,
862 732 1036 786 neque
1066 718 1284 773 natione
1316 718 1531 783 Scotus,
1568 722 1668 774 etsi
1712 723 1976 789 posterius

400 805 458 857 Γ).
493 802 706 861 Oleario
741 807 793 860 in
828 809 997 862 abaco
1027 809 1249 878 placuit,
1280 811 1373 865 sed
1417 810 1604 881 Anglis
1644 812 1757 867 sive
1779 813 1976 884 Anglo-

397 896 699 952 Saxonibus
735 901 1079 953 annumerari
1110 901 1290 963 debet,
1321 910 1379 954 ut
1433 912 1578 956 recte
1612 912 1731 972 post
1759 902 1976 959 Gretse-

397 1002 514 1039 rum
546 988 599 1039 iu
628 988 1100 1044 observationibus
1149 992 1215 1044 ad
1257 990 1482 1062 Philippi
1516 992 1974 1049 Commentarium

394 1094 510 1148 cap.
546 1079 600 1142 3,
635 1080 945 1148 judicarunl
977 1081 1218 1138 Oudinus
1251 1085 1301 1137 in
1342 1082 1725 1153 Supplementa
1769 1087 1834 1140 ad
1858 1086 1975 1139 Bel-

394 1169 701 1235 lurminum,
732 1187 783 1239 p.
818 1171 933 1233 199,
957 1181 1009 1225 et
1040 1173 1296 1241 aninius
1332 1183 1459 1227 tom.
1495 1172 1562 1227 ιν
1592 1173 1751 1227 Nova:
1773 1172 1975 1229 Biblio-

397 1258 564 1312 tbecm
599 1270 879 1313 auctorum
909 1260 1418 1315 eeclesiasticorum.
1447 1261 1651 1327 Quibus
1675 1272 1729 1317 et
1752 1263 1972 1332 applau-

394 1349 471 1401 dit
501 1349 711 1402 Caveus
750 1349 801 1401 in
843 1348 1077 1402 llistoria
1111 1349 1373 1405 litteraria
1429 1352 1753 1420 scriptorum
1801 1354 1974 1408 eccle-

392 1437 755 1490 siasticorum.
822 1437 1004 1506 Neque
1039 1453 1161 1492 cum
1218 1440 1320 1495 hoc
1359 1440 1669 1495 \Villibaldo
1724 1444 1975 1512 episcopo

395 1526 700 1579 Eistettensi
750 1526 1158 1581 confundendus
1207 1538 1290 1582 est
1340 1529 1427 1583 ille
1498 1529 1836 1585 “'illibaldus
1882 1534 1971 1600 qui

394 1616 565 1669 Vitam
642 1617 698 1670 S.
761 1616 1021 1671 Bonifaeii
1087 1620 1428 1689 conscripsit,
1481 1636 1600 1690 quae
1655 1630 1841 1690 postea
1907 1623 1974 1677 ab

389 1704 645 1769 Ollilono,
671 1706 941 1759 undecimi
982 1708 1162 1760 saeculi
1222 1710 1507 1775 monacho,
1545 1711 1805 1779 epistolis,
1840 1714 1973 1766 actis

2081 538 2301 593 Devictis
2326 551 2476 609 atque
2503 546 2693 600 amotis
2733 550 3042 621 subregulis.
3088 553 3383 608 Ceadwalla
3433 561 3657 624 suscepit

2078 629 2369 695 imperium.
2412 633 2587 701 Atque
2612 635 2735 691 inde
2758 639 2967 708 judicat
3024 644 3286 709 Cointius,
3326 645 3656 701 ltichardum

2079 730 2320 772 nostrqu
2370 736 2432 774 ex
2479 722 2690 778 illorttm
2738 729 3147 800 subregulorum
3196 750 3421 790 numero
3466 735 3654 793 fuisse.

2077 808 2363 864 Bollandus
2385 813 2588 882 pariter
2631 816 2961 873 ltiehardnm
3012 838 3188 894 regem
3230 827 3481 897 appellat,
3515 830 3657 897 apud

2076 914 2233 967 quem
2265 902 2424 955 etiam
2450 902 2569 971 ejus
2594 906 2736 971 Vita,
2761 923 2827 963 ex
2855 910 3006 966 Actis
3030 925 3338 970 sanctorum
3361 900 3657 974 Willibaldi

2076 998 2129 1041 et
2161 988 2462 1047 \Vunibaldi
2496 994 2742 1064 inprimis
2787 1000 3052 1067 confecta,
3086 1006 3152 1059 ad
3182 1007 3322 1061 diem
3367 1010 3656 1078 septimum

2077 1080 2195 1134 ldus
2221 1080 2499 1138 Februarii
2540 1084 2753 1156 legitur,
2784 1090 2873 1157 qui
2905 1091 3020 1147 dies
3050 1093 3101 1147 in
3126 1093 3281 1149 fastis
3329 1098 3655 1154 ecclesiasti-

2070 1172 2154 1225 cis
2194 1172 2250 1226 S.
2311 1173 2564 1229 Richardi
2610 1182 2883 1235 memorim
2945 1183 3156 1241 dicatus
3213 1197 3313 1243 est.
3368 1189 3564 1244 Vermn
3590 1193 3656 1243 ab

2077 1266 2355 1336 utriusque
2413 1272 2681 1325 sententia
2734 1275 2937 1328 recedit
2982 1275 3179 1348 Pagius
3227 1290 3354 1334 tom.
3402 1282 3465 1336 Ill
3517 1284 3651 1338 Crit.

2076 1358 2271 1413 Baron.
2311 1361 2376 1415 ad
2406 1377 2605 1416 annmn
2637 1364 2836 1419 Christi
2863 1366 2984 1432 7.30,
3015 1378 3068 1423 et
3098 1370 3154 1425 S.
3192 1372 3519 1429 Richardum
3550 1393 3653 1431 non

2074 1448 2276 1519 Anglize
2309 1467 2486 1521 regem
2533 1457 2625 1507 sed
2684 1456 2914 1510 nobilem
2946 1469 2999 1512 et
3040 1462 3369 1527 praedivitem
3425 1464 3655 1535 Augltnn

2077 1537 2242 1592 fuisse
2273 1541 2454 1606 tradit,
2487 1556 2656 1611 coque
2682 1545 2896 1598 nomine
2920 1558 3067 1601 notat
3090 1549 3469 1607 Bollandumct
3496 1554 3655 1609 Coin-

2077 1628 2204 1681 timn
2254 1633 2395 1698 quod
2442 1648 2501 1687 se
2550 1648 2578 1686 a
2626 1634 2856 1691 Barouio
2905 1639 2955 1692 in
2998 1656 3235 1697 errorem
3286 1645 3461 1699 induci
3510 1649 3653 1715 passi

2076 1720 2292 1787 fuerint,
2324 1740 2445 1778 cum
2503 1735 2678 1781 tamen
2719 1729 2980 1786 Baronius
3029 1734 3161 1788 nihil
3215 1736 3409 1791 habeat
3440 1739 3576 1793 unde
3604 1740 3655 1793 id

387 1793 736 1847 conciliorum
788 1793 1014 1863 aliisque
1061 1798 1330 1852 nonnullis
1379 1808 1537 1853 aucta
1586 1810 1687 1854 est.
1738 1800 1966 1856 llicnim
2001 1800 2043 1857 ll
2073 1813 2280 1879 probet,
2313 1831 2473 1885 quam
2519 1834 2586 1871 ex
2635 1821 2913 1888 supposito
2943 1823 3000 1877 s,
3052 1824 3307 1880 malum“
3357 1829 3650 1898 (ιρίιειριιίο,

385 1883 581 1937 diversi
609 1893 732 1937 sunt
766 1894 817 1937 et
865 1899 894 1937 a
939 1899 997 1939 se
1028 1885 1256 1941 invicem
1308 1888 1560 1958 distingui
1592 1890 1807 1954 debent,
1842 1890 1967 1945 licet

386 1974 688 2039 Serrarius,
744 1976 777 2028 Ι.
847 1993 907 2030 ιιι
960 1977 1160 2032 Rerum
1198 1978 1683 2050 Moguntiacarum,
1736 1993 1849 2038 not.
1903 1987 1961 2049 l;

386 2065 727 2119 Mabillonius
774 2066 827 2118 in
880 2068 1344 2125 observationibus
1395 2073 1609 2140 praeviis
1662 2074 1731 2127 ad
1789 2075 1963 2128 Vitam

386 2157 558 2221 illam,
615 2167 665 2211 tt
714 2157 958 2213 Cointius
1012 2160 1064 2213 in
1123 2161 1423 2217 Annalibus
1472 2165 1852 2220 ecclesiasticis
1898 2168 1963 2220 ad

384 2265 582 2302 annum
640 2250 835 2304 Christi
872 2250 992 2316 712,
1032 2268 1085 2305 ιι.
1140 2252 1226 2317 12,
1274 2269 1459 2309 errore
1506 2256 1673 2319 ducti,
1724 2256 1965 2311 diversos

383 2340 481 2394 hos
506 2357 601 2410 pro
630 2342 815 2395 iisdem
850 2343 1153 2398 habuerint.
1188 2345 1317 2399 Illud
1349 2356 1524 2400 tamen
1573 2348 1659 2401 hic
1690 2364 1795 2403 non
1826 2364 1963 2417 queo

382 2431 633 2494 iuﬁciari,
662 2433 862 2487 nullutn
904 2434 1229 2489 Richardutn
1260 2438 1462 2507 Anglia:
1490 2454 1691 2505 regem,
1725 2443 1815 2509 qui
1866 2457 1962 2510 pa-

384 2532 465 2577 ter
497 2524 551 2577 S.
590 2524 879 2580 Willibaldi
912 2528 1147 2596 episcopi
1185 2528 1547 2594 Eistettcnsis,
1589 2531 1715 2585 item
1765 2533 1965 2587 Wunc-

378 2615 521 2669 baldi
554 2617 785 2679 abbatis,
830 2627 882 2671 ct
939 2617 996 2671 S.
1030 2618 1354 2689 Walpurgis,
1402 2622 1691 2675 abbatissa:
1727 2622 1963 2678 Heiden-

381 2706 695 2769 heimeusis,
750 2706 927 2770 luerit,
964 2710 1015 2762 iu
1048 2710 1189 2763 serie
1246 2726 1429 2781 regum
1468 2712 1672 2781 Anglize
1716 2715 1960 2782 reperiri,

380 2810 555 2865 neque
591 2796 707 2865 ejus
756 2798 989 2852 nominis
1027 2814 1207 2868 regem
1250 2801 1455 2869 uspiam
1499 2801 1550 2853 in
1600 2806 1963 2859 monumentis

377 2885 634 2956 Anglicis,
668 2893 860 2941 nedum
893 2890 944 2942 in
973 2888 1137 2953 Beda,
1184 2891 1275 2959 qui
1321 2900 1570 2946 accurate
1629 2908 1813 2962 regmn
1872 2909 1962 2962 ge-

379 2978 654 3049 nealogias
724 2981 1014 3045 recensuit,
1075 2982 1324 3036 inveniri.
1386 2985 1588 3038 Omitto
1631 2988 1963 3041 recentiores

379 3070 727 3125 Wilbelntum
783 3072 1334 3139 Malmesburicnscm,
1379 3076 1683 3131 Matlhazum
1720 3078 1961 3133 Vestino-

2068 1902 2223 1974 longe
2275 1916 2395 1974 post
2430 1908 2545 1977 ejus
2588 1920 2815 1964 mortem
2886 1915 3211 1985 conscripto,
3261 1920 3402 1988 quod
3462 1920 3653 1975 fabula)

2069 1998 2247 2063 potius
2269 2012 2427 2065 quam
2482 1998 2721 2053 historize
2755 2003 3130 2058 ascribendum
3169 2008 3258 2061 sit.
3296 2008 3463 2075 Quem
3495 2025 3649 2065 erro-

2069 2102 2180 2140 rem
2209 2089 2435 2155 ipsemet
2486 2089 2766 2155 Barouius,
2809 2102 2867 2147 ut
2903 2096 3136 2163 videtur,
3194 2110 3374 2168 postea
3432 2104 3653 2171 agnovit

2070 2179 2119 2231 in
2150 2180 2442 2247 appendicc
2465 2185 2528 2233 ad
2554 2182 2695 2237 hunc
2725 2198 2945 2248 annum,
2970 2203 3089 2239 cum
3118 2188 3311 2243 ibidem
3344 2191 3397 2243 S.
3426 2191 3650 2246 Richar-

2066 2271 2213 2336 dutn,
2250 2288 2353 2327 non
2378 2273 2579 2342 Anglia:
2630 2290 2836 2344 regem,
2888 2280 2980 2331 sed
3016 2280 3184 2332 virum
3212 2299 3395 2350 genere
3415 2292 3469 2337 et
3500 2286 3650 2337 rebus

2066 2361 2266 2413 clarum
2332 2362 2647 2415 nominavit.
2703 2364 2853 2430 Quod
2909 2382 3035 2421 vero
3097 2370 3163 2423 ad
3226 2372 3399 2425 Vitam
3456 2374 3649 2426 allittt'l'.

2068 2448 2123 2503 S.
2164 2450 2491 2521 Walpurgte,
2543 2452 2663 2507 aliis
2713 2452 2770 2506 S.
2816 2455 3143 2527 Walpurgis,
3174 2462 3498 2529 conscripsit
3524 2479 3645 2519 eam

2067 2538 2450 2603 Wolifhardus,
2520 2544 2749 2598 emnobii
2826 2546 3200 2603 llaseurietaui
3282 2562 3405 2605 ante
3478 2570 3649 2609 annos

2065 2631 2434 2701 septingentos
2482 2636 2797 2700 monachus,
2845 2653 3005 2706 quam
3060 2640 3308 2697 Canisius
3365 2655 3549 2714 postea
3594 2648 3645 2701 in

2066 2720 2256 2785 lucem,
2300 2722 2398 2775 etsi
2434 2738 2539 2777 non
2582 2725 2866 2795 integram,
2908 2732 3104 2795 emisit,
3146 2734 3482 2805 inseruitque
3532 2738 3648 2807 ejus

2067 2818 2195 2863 tom.
2237 2811 2301 2865 1V
2344 2811 2700 2881 Antiquarum
2752 2815 3086 2879 Lectionum.
3142 2824 3228 2877 tibi
3286 2824 3390 2878 duo
3437 2834 3647 2881 tantum

2065 2900 2184 2954 libri
2237 2916 2303 2955 ex
2372 2912 2604 2969 quatuor
2656 2904 2760 2958 illis
2833 2908 3177 2964 exhibentur.
3246 2912 3445 2969 Omnes
3502 2916 3647 2971 enim

2063 3004 2261 3058 eosque
2292 2991 2551 3061 integros,
2583 2992 2849 3061 adjunctis
2890 3005 3067 3051 tamen
3119 3000 3444 3068 Cauisimis,
3487 3002 3651 3060 Petro

2066 3083 2335 3138 Stevartio
2382 3085 2659 3151 debemus,
2711 3089 2864 3157 cujus
2907 3105 3032 3143 cura
3080 3106 3220 3147 anno
3267 3094 3467 3150 Christi
3512 3098 3649 3154 1616

378 3164 786 3229 nastcrienscm,
832 3166 1120 3224 lleuricum
1172 3168 1708 3237 lluniindonicnsem,
1738 3174 1958 3229 Floreu-
1988 3152 2029 3211 (ἶ
2063 3172 2368 3242 lugolstadii
2419 3175 2753 3243 prodierunt.
2801 3178 2992 3248 Ampio
3042 3183 3203 3236 etiam
3258 3189 3649 3241 commentario

378 3258 511 3310 tium
558 3256 1012 3326 Wigorniensem,
1065 3259 1460 3314 Etlielwerdum
1512 3272 1567 3316 et
1615 3264 1769 3329 alios,
1819 3269 1957 3335 apud

374 3363 509 3418 quos
536 3348 675 3401 nulla
726 3359 809 3403 est
846 3350 1045 3403 mentio
1101 3349 1359 3405 Riehardi
1399 3354 1563 3422 regis,
1608 3355 1699 3423 qui
1748 3357 1815 3409 ad
1847 3357 1958 3411 hzcc

376 3448 619 3509 tempora
694 3437 946 3493 refertur.
1024 3440 1217 3495 Verum
1284 3453 1461 3496 tamen
1518 3458 1617 3513 ego
1675 3444 1741 3498 de
1801 3445 1958 3513 hujus

376 3529 617 3583 historiae
661 3530 763 3583 title
824 3545 925 3584 nec
965 3531 1256 3601 quidquam
1306 3533 1606 3587 detractum
1654 3549 1772 3589 esse
1814 3536 1955 3598 volo,

373 3623 474 3678 etsi
506 3622 830 3695 dissentiant
859 3622 1166 3677 Munstcrus
1194 3624 1244 3677 in
1275 3623 1716 3695 Cosntographia,
1758 3625 1957 3680 Panta-

373 3713 491 3767 leon
519 3692 593 3767 be
622 3712 754 3766 viris
779 3712 1100 3778 illustribus,
1135 3713 1400 3769 Martinus
1425 3714 1648 3769 Crusius
1676 3715 1727 3768 in
1773 3715 1958 3771 Sueri-

374 3804 455 3858 cis
490 3803 574 3858 vel
629 3804 810 3873 potius
841 3802 1150 3859 Volusianis
1207 3806 1320 3860 suis
1354 3805 1674 3871 Annalibus,
1726 3805 1953 3863 Nauclc-

373 3910 487 3961 rus,
516 3894 777 3961 lrenicus,
809 3895 1118 3950 Chronicon
1164 3897 1524 3966 Anonymum,
1582 3912 1723 3952 anno
1754 3898 1954 3953 Christi

376 3984 511 4041 M94
555 3984 917 4056 Noritnbergzc
950 3987 1174 4051 editum,
1207 3989 1335 4040 item
1391 3986 1667 4057 Philippus
1716 3989 1767 4042 in
1798 3989 1956 4045 Com-

372 4080 637 4134 mentario
663 4080 737 4135 De
767 4080 906 4134 divis
953 4080 1273 4135 tutelaribus
1296 4079 1557 4134 Ecclesia:
1592 4081 1952 4147 Eisteltensis,

373 4184 482 4227 tum
515 4173 746 4242 denique
791 4172 1123 4227 Breviarium
1160 4172 1504 4237 Eistetteuse,
1540 4172 1607 4226 ad
1651 4189 1815 4226 unum
1838 4190 1955 4227 om-

370 4281 465 4319 nes
512 4265 831 4330 sentientes,
866 4262 1197 4317 Richardum
1253 4262 1463 4317 Sueviae
1528 4265 1717 4319 durem
1766 4264 1950 4329 fuisse,

368 4355 461 4409 sed
486 4355 837 4409 nihilominus
865 4354 1133 4409 assentior
1171 4354 1332 4409 Baleo
1355 4364 1409 4409 et
1437 4354 1691 4410 Gretsero
1718 4371 1953 4413 comme-

368 4447 722 4512 morantibus,
781 4448 956 4502 virum
1014 4447 1291 4502 exstitisse
1359 4446 1687 4502 Ricbardutn
1741 4449 1954 4518 generis

366 4538 628 4609 dignitate
660 4537 946 4603 illustrem,
974 4546 1027 4591 et
1064 4538 1278 4607 regibus
1304 4538 1605 4608 propinqua
1632 4540 1951 4609 cognatione

365 4628 734 4698 coniunctum.
768 4627 853 4682 Nil
879 4636 1057 4682 tamen
1089 4627 1305 4682 obstare
1330 4636 1483 4698 putat
1506 4627 1699 4683 Petrus
1733 4626 1951 4684 Stcvar-

367 4719 473 4774 tius
500 4719 553 4773 in
581 4719 858 4774 notatione
894 4720 1051 4774 tertia
1076 4718 1318 4789 prtcdicti
1372 4720 1517 4785 libri,
1547 4720 1689 4790 quod
1719 4721 1952 4792 scripto-

364 4820 453 4863 res
496 4820 617 4862 eum
668 4807 1107 4880 praetermittam,
1167 4824 1313 4874 cum,
1358 4810 1405 4864 si
1445 4825 1553 4865 non
1608 4811 1950 4867 administra-

363 4904 514 4959 tione
554 4912 731 4959 tamen
775 4919 973 4977 genere
999 4945 1014 4970 ,
1057 4905 1102 4960 si
1153 4920 1259 4959 non
1307 4902 1481 4960 ollieio
1523 4914 1701 4960 tamen
1750 4907 1905 4962 titulo
1935 4948 1950 4973 ,

360 5011 459 5052 rex
508 4998 689 5053 luerit.
748 4997 1018 5053 Praeterea
1061 4999 1203 5053 hanc
1277 4999 1601 5054 sententiam
1663 5002 1951 5056 conﬁrmat

356 5086 585 5144 Carolus
636 5087 880 5144 Cointius
936 5089 989 5143 in
1050 5089 1348 5145 Annalibus
1416 5089 1826 5158 ecclesiasticis,
1884 5093 1951 5146 ad

356 5196 563 5237 annum
620 5180 821 5237 Christi
876 5182 997 5250 758,
1043 5200 1100 5239 ιι.
1144 5184 1201 5251 5,
1226 5183 1317 5239 sed
1378 5183 1539 5255 paulo
1599 5185 1757 5240 aliter
1790 5206 1801 5239 :
1833 5185 1955 5240 Vult

352 5274 506 5331 enim
530 5274 779 5331 Cointius
803 5272 971 5332 fuisse
1001 5275 1369 5348 subregulum,
1395 5285 1450 5332 et
1482 5279 1678 5347 probat
1700 5293 1765 5333 ex
1798 5280 1955 5334 Beda:

351 5363 455 5418 lib.
503 5378 574 5428 tv,
607 5376 731 5433 cap.
791 5361 876 5428 l2,
922 5366 1241 5437 subregulos
1298 5365 1463 5421 fuisse
1512 5366 1635 5423 illos
1683 5370 1773 5438 qui
1834 5378 1957 5438 post

348 5453 668 5512 Conwalehi
695 5452 836 5523 regis
872 5455 1078 5514 obitum
1128 5458 1387 5526 tantisper
1429 5458 1757 5516 occidentali
1785 5461 1956 5517 Saxo-

2064 3260 2123 3316 S.
2152 3261 2459 3333 Walpurgis
2489 3264 2663 3319 Vitam
2692 3268 3001 3337 complexus
3023 3282 3101 3325 est
3132 3272 3409 3343 Philippus
3437 3276 3650 3332 tricesi-

2062 3368 2182 3406 mus
2236 3368 2410 3407 nouus
2450 3355 2736 3424 episcopus
2781 3358 3143 3426 Eistettensis,
3191 3364 3282 3432 qui
3307 3366 3451 3434 apud
3482 3365 3647 3421 Cani-

2061 3446 2199 3498 sium
2227 3455 2402 3500 exstat
2444 3456 2571 3500 tom.
2601 3446 2667 3500 IV
2698 3448 2765 3501 A.
2795 3448 2857 3503 L.
2892 3450 3061 3517 Quem
3098 3453 3327 3524 Philippi
3372 3471 3650 3512 commen-

2064 3535 2256 3589 tarium
2287 3546 2473 3605 postea
2504 3537 2571 3591 ab
2603 3552 2872 3609 anonymo
2906 3543 3138 3611 quodam
3172 3545 3224 3597 iu
3271 3550 3649 3617 compendium

2063 3625 2356 3689 redactum,
2411 3626 2643 3694 primum
2695 3630 2862 3683 edidit
2905 3645 3047 3701 saepe
3095 3634 3403 3691 nominatus
3454 3635 3649 3692 Petrus

2061 3716 2385 3783 Stcvartius,
2418 3726 2473 3771 ct
2514 3719 2645 3773 Viue
2667 3728 2829 3789 atque
2861 3723 3137 3779 miraculis
3187 3725 3244 3780 S.
3278 3726 3585 3799 Walpurgzn
3617 3747 3647 3783 a

2058 3806 2399 3862 Wolll'hardo
2446 3808 2932 3877 eonfectisjunxit.
2975 3812 3260 3884 Rhytlnnis
3281 3817 3444 3871 etiam
3473 3817 3648 3873 Vitam

2060 3898 2115 3953 S.
2150 3899 2460 3970 Walpurgis
2487 3901 2700 3955 inclusit
2728 3902 3069 3959 Medibardus
3108 3922 3199 3961 seu
3238 3908 3642 3980 Medingaudus.

2058 3988 2324 4044 Praeterea
2345 4005 2769 4047 commemorant
2794 3993 3201 4052 Ccnturiatores
3231 3998 3645 4070 Magdeburgici,

2056 4090 2198 4134 cent.
2244 4097 2336 4135 vui
2388 4091 2441 4136 et
2483 4081 2661 4137 Josias
2710 4083 2972 4141 Siuderus
3022 4087 3245 4142 Gcsncri
3297 4092 3641 4158 epitomalor,

2059 4182 2168 4223 tum
2200 4170 2392 4227 Baleus
2420 4182 2561 4227 cent.
2595 4190 2631 4227 ιι
2658 4172 2993 4245 Scriptorum
3026 4179 3338 4245 Britannim,
3370 4181 3426 4236 S.
3464 4182 3643 4237 Willi-

2056 4260 2273 4315 baldutn
2310 4262 2484 4317 Vitam
2535 4273 2588 4318 et
2638 4280 2724 4319 res
2758 4275 2936 4335 gestas
2969 4269 3026 4322 S.
3086 4269 3394 4342 \Valpurgis
3442 4276 3649 4330 sororis

2053 4369 2166 4409 suae
2218 4356 2494 4410 memoria:
2525 4357 2844 4424 prodidisse,
2891 4363 2984 4415 sed
3038 4358 3154 4418 haec
3184 4368 3567 4422 commentatio
3599 4370 3645 4424 si

2059 4463 2294 4517 unquam
2320 4450 2547 4515 exstitit,
2576 4449 2656 4503 vel
2686 4458 2985 4521 temporum
3008 4454 3207 4523 injuria
3238 4457 3515 4528 deperdita
3538 4471 3641 4523 est,

2061 4538 2140 4593 vel
2190 4540 2243 4593 in
2288 4538 2405 4594 loco
2438 4541 2674 4609 quodam
2725 4542 2956 4599 obscuro
3004 4548 3239 4617 reposita
3288 4558 3343 4603 et
3394 4551 3645 4619 squalore

2056 4630 2286 4685 obducta
2314 4631 2599 4687 delitescit.
2649 4632 2831 4701 Quare
2879 4636 3065 4691 mirari
3108 4640 3253 4694 subit
3293 4640 3560 4696 Oudiuum
3590 4654 3645 4698 et

2059 4720 2347 4792 Dupinium
2374 4737 2439 4777 eo
2468 4723 2718 4795 delapsos
2743 4740 2863 4781 esse
2902 4738 2961 4781 ut
3010 4732 3322 4798 putaverint
3369 4733 3467 4789 has
3492 4735 3645 4791 Vitas

2059 4812 2116 4868 S.
2160 4813 2553 4870 Wunebaldiet
2581 4815 2637 4871 S.
2666 4816 2959 4873 Willibaldi
2985 4819 3318 4878 Roswitham
3345 4834 3642 4881 nostratem

2054 4913 2331 4961 auctorem
2355 4920 2672 4976 agnoscere,
2721 4922 2844 4963 cum
2880 4922 3056 4965 tamen
3098 4913 3230 4983 ipsis
3263 4924 3565 4985 temporum
3593 4928 3647 4971 et

2053 4997 2293 5055 locorum
2340 5002 2579 5056 rationes
2628 5003 2853 5060 omnino
2906 5017 3228 5077 repugnent,
3278 5008 3411 5062 adeo
3465 5018 3523 5062 ut
3566 5010 3647 5063 ιιι

2053 5092 2198 5148 solus
2240 5091 2597 5150 Tritbeimius
2630 5095 2749 5151 illos
2777 5096 2881 5153 hoc
2911 5098 3108 5154 docere
3151 5099 3436 5171 potuisset,
3466 5101 3555 5169 qui
3585 5117 3653 5155 ne

2058 5184 2224 5239 verbo
2248 5182 2468 5253 quidem
2495 5185 2549 5239 in
2581 5188 2939 5245 recensendis
2962 5186 3257 5245 Roswithae
3280 5189 3534 5257 operibus
3560 5192 3657 5245 ha-

2056 5291 2176 5332 rum
2242 5276 2487 5334 Vitarutn
2554 5282 2897 5339 mentionem
2969 5280 3144 5337 fecit:
3198 5282 3264 5338 de
3325 5293 3434 5348 quo
3483 5289 3663 5337 tamen

2058 5378 2295 5435 constat,
2319 5383 2445 5424 eum
2478 5385 2573 5425 sex
2600 5371 2719 5431 iere
2755 5375 2930 5431 millia
2963 5373 3217 5431 codicum
3249 5369 3513 5426 librorum
3534 5388 3667 5428 mss.

2066 5475 2311 5523 veterum
2360 5466 2598 5521 maxima
2656 5483 2787 5526 cura
2825 5480 2881 5526 et
2903 5482 3125 5527 summo
3152 5465 3333 5526 studio
3368 5463 3672 5535 collegisse,
