  <div class='ocr_page' id='page_1' title='image "/cluster/home/n/w/nwhite01/storage/ocr_20150623/137/hvd.32044021286828/485.png"; bbox 0 0 4486 5544; ppageno 0'>
   <div class='ocr_carea' id='block_1_1' title="bbox 861 358 963 412">
    <p class='ocr_par' dir='ltr' id='par_1_1' title="bbox 861 358 963 412">
     <span class='ocr_line' id='line_1_1' title="bbox 861 358 963 412; baseline 0.02 -1"><span class='ocrx_word' id='word_1_1' title='bbox 861 358 963 412; x_wconf 76' lang='lat'><strong>965</strong></span> 
     </span>
    </p>
   </div>
   <div class='ocr_carea' id='block_1_2' title="bbox 2066 336 2927 397">
    <p class='ocr_par' dir='ltr' id='par_1_2' title="bbox 2066 336 2927 397">
     <span class='ocr_line' id='line_1_2' title="bbox 2066 336 2927 397; baseline -0.008 0"><span class='ocrx_word' id='word_1_2' title='bbox 2066 343 2154 397; x_wconf 85' lang='lat' dir='ltr'><strong>AD</strong></span> <span class='ocrx_word' id='word_1_3' title='bbox 2193 338 2416 396; x_wconf 80' lang='lat' dir='ltr'><strong>OPERA</strong></span> <span class='ocrx_word' id='word_1_4' title='bbox 2458 336 2927 391; x_wconf 68' lang='lat' dir='ltr'><strong>llROTSUlTH/E</strong></span> 
     </span>
    </p>
   </div>
   <div class='ocr_carea' id='block_1_3' title="bbox 4027 341 4122 395">
    <p class='ocr_par' dir='ltr' id='par_1_3' title="bbox 4027 341 4122 395">
     <span class='ocr_line' id='line_1_3' title="bbox 4027 341 4122 395; baseline -0.021 0"><span class='ocrx_word' id='word_1_5' title='bbox 4027 341 4122 395; x_wconf 69' lang='lat' dir='ltr'><strong>9M</strong></span> 
     </span>
    </p>
   </div>
   <div class='ocr_carea' id='block_1_4' title="bbox 861 448 4131 537">
    <p class='ocr_par' dir='ltr' id='par_1_4' title="bbox 861 448 4131 537">
     <span class='ocr_line' id='line_1_4' title="bbox 861 448 4131 537; baseline -0.005 -13"><span class='ocrx_word' id='word_1_6' title='bbox 861 471 1008 524; x_wconf 98' lang='lat' dir='ltr'><strong>tione</strong></span> <span class='ocrx_word' id='word_1_7' title='bbox 1058 465 1325 537; x_wconf 83' lang='lat' dir='ltr'><strong>Fulgentii</strong></span> <span class='ocrx_word' id='word_1_8' title='bbox 1369 476 1510 517; x_wconf 89' lang='lat' dir='ltr'><strong>anno</strong></span> <span class='ocrx_word' id='word_1_9' title='bbox 1556 458 1757 516; x_wconf 76' lang='lat' dir='ltr'><strong>Christi</strong></span> <span class='ocrx_word' id='word_1_10' title='bbox 1806 457 1939 512; x_wconf 70' lang='grc'><strong>1519</strong></span> <span class='ocrx_word' id='word_1_11' title='bbox 1994 457 2060 509; x_wconf 90' lang='lat' dir='ltr'><strong>ad</strong></span> <span class='ocrx_word' id='word_1_12' title='bbox 2098 450 2444 508; x_wconf 87' lang='lat' dir='ltr'><strong>reverendam</strong></span> <span class='ocrx_word' id='word_1_13' title='bbox 2477 453 2521 512; x_wconf 79' lang='grc' dir='ltr'>Α</span> <span class='ocrx_word' id='word_1_14' title='bbox 2551 448 2745 517; x_wconf 85' lang='lat' dir='ltr'><strong>quippe</strong></span> <span class='ocrx_word' id='word_1_15' title='bbox 2772 448 2966 518; x_wconf 83' lang='lat' dir='ltr'><strong>quibus</strong></span> <span class='ocrx_word' id='word_1_16' title='bbox 2992 448 3226 518; x_wconf 80' lang='lat' dir='ltr'><strong>virgines</strong></span> <span class='ocrx_word' id='word_1_17' title='bbox 3269 462 3453 503; x_wconf 74' lang='lat' dir='ltr'><strong>sacr.:s</strong></span> <span class='ocrx_word' id='word_1_18' title='bbox 3488 448 3555 502; x_wconf 93' lang='lat' dir='ltr'><strong>ad</strong></span> <span class='ocrx_word' id='word_1_19' title='bbox 3594 451 3899 507; x_wconf 86' lang='lat' dir='ltr'><strong>castitatem</strong></span> <span class='ocrx_word' id='word_1_20' title='bbox 3951 454 4131 508; x_wconf 75' lang='lat' dir='ltr'><strong>colcn~</strong></span> 
     </span>
    </p>
   </div>
   <div class='ocr_carea' id='block_1_5' title="bbox 860 540 2444 616">
    <p class='ocr_par' dir='ltr' id='par_1_5' title="bbox 860 540 2444 616">
     <span class='ocr_line' id='line_1_5' title="bbox 860 540 2444 616; baseline -0.013 -2"><span class='ocrx_word' id='word_1_21' title='bbox 860 567 1090 615; x_wconf 83' lang='lat' dir='ltr'><strong>matrem</strong></span> <span class='ocrx_word' id='word_1_22' title='bbox 1140 552 1661 616; x_wconf 77' lang='lat' dir='ltr'><strong>Pirckheimeriam,</strong></span> <span class='ocrx_word' id='word_1_23' title='bbox 1744 548 1996 603; x_wconf 86' lang='lat' dir='ltr'><strong>editionis</strong></span> <span class='ocrx_word' id='word_1_24' title='bbox 2052 540 2444 614; x_wconf 84' lang='lat' dir='ltr'><strong>llaganoensis,</strong></span> 
     </span>
    </p>
   </div>
   <div class='ocr_carea' id='block_1_6' title="bbox 858 637 2447 722">
    <p class='ocr_par' dir='ltr' id='par_1_6' title="bbox 858 637 2447 722">
     <span class='ocr_line' id='line_1_6' title="bbox 858 637 2447 722; baseline -0.013 -17"><span class='ocrx_word' id='word_1_25' title='bbox 858 652 1111 722; x_wconf 78' lang='lat' dir='ltr'><strong>legimus,</strong></span> <span class='ocrx_word' id='word_1_26' title='bbox 1145 648 1395 717; x_wconf 89' lang='lat' dir='ltr'><strong>idemque</strong></span> <span class='ocrx_word' id='word_1_27' title='bbox 1419 643 1694 700; x_wconf 71' lang='lat' dir='ltr'><strong>Memoriae</strong></span> <span class='ocrx_word' id='word_1_28' title='bbox 1727 639 2082 696; x_wconf 77' lang='lat' dir='ltr'><strong>Trevoltianae</strong></span> <span class='ocrx_word' id='word_1_29' title='bbox 2105 637 2172 691; x_wconf 93' lang='lat' dir='ltr'><strong>ad</strong></span> <span class='ocrx_word' id='word_1_30' title='bbox 2203 647 2447 690; x_wconf 87' lang='lat' dir='ltr'><strong>mensem</strong></span> 
     </span>
    </p>
   </div>
   <div class='ocr_carea' id='block_1_7' title="bbox 854 727 2451 813">
    <p class='ocr_par' dir='ltr' id='par_1_7' title="bbox 854 727 2451 813">
     <span class='ocr_line' id='line_1_7' title="bbox 854 727 2451 813; baseline -0.012 -16"><span class='ocrx_word' id='word_1_31' title='bbox 854 741 1098 813; x_wconf 79' lang='lat' dir='ltr'><strong>Aprilem</strong></span> <span class='ocrx_word' id='word_1_32' title='bbox 1164 738 1291 794; x_wconf 86' lang='lat' dir='ltr'><strong>anni</strong></span> <span class='ocrx_word' id='word_1_33' title='bbox 1366 735 1523 798; x_wconf 84' lang='grc'><strong>1705,</strong></span> <span class='ocrx_word' id='word_1_34' title='bbox 1597 750 1650 805; x_wconf 95' lang='lat' dir='ltr'><strong>p.</strong></span> <span class='ocrx_word' id='word_1_35' title='bbox 1718 732 1843 796; x_wconf 72' lang='grc'><strong>512,</strong></span> <span class='ocrx_word' id='word_1_36' title='bbox 1918 746 2017 787; x_wconf 86' lang='lat' dir='ltr'><strong>suo</strong></span> <span class='ocrx_word' id='word_1_37' title='bbox 2098 727 2451 798; x_wconf 79' lang='lat' dir='ltr'><strong>comprobant</strong></span> 
     </span>
    </p>
   </div>
   <div class='ocr_carea' id='block_1_8' title="bbox 857 817 2444 899">
    <p class='ocr_par' dir='ltr' id='par_1_8' title="bbox 857 817 2444 899">
     <span class='ocr_line' id='line_1_8' title="bbox 857 817 2444 899; baseline -0.009 -14"><span class='ocrx_word' id='word_1_38' title='bbox 857 830 1195 887; x_wconf 90' lang='lat' dir='ltr'><strong>testimonio.</strong></span> <span class='ocrx_word' id='word_1_39' title='bbox 1290 827 1489 899; x_wconf 88' lang='lat' dir='ltr'><strong>Ecquis</strong></span> <span class='ocrx_word' id='word_1_40' title='bbox 1574 825 1718 880; x_wconf 91' lang='lat' dir='ltr'><strong>enim</strong></span> <span class='ocrx_word' id='word_1_41' title='bbox 1810 838 1992 877; x_wconf 90' lang='lat' dir='ltr'><strong>rerum</strong></span> <span class='ocrx_word' id='word_1_42' title='bbox 2090 817 2444 874; x_wconf 85' lang='lat' dir='ltr'><strong>Germanica-</strong></span> 
     </span>
    </p>
   </div>
   <div class='ocr_carea' id='block_1_9' title="bbox 859 904 2450 990">
    <p class='ocr_par' dir='ltr' id='par_1_9' title="bbox 859 904 2450 990">
     <span class='ocr_line' id='line_1_9' title="bbox 859 904 2450 990; baseline -0.011 -15"><span class='ocrx_word' id='word_1_43' title='bbox 859 937 979 977; x_wconf 92' lang='lat' dir='ltr'><strong>rum</strong></span> <span class='ocrx_word' id='word_1_44' title='bbox 1042 920 1249 990; x_wconf 92' lang='lat' dir='ltr'><strong>peritus</strong></span> <span class='ocrx_word' id='word_1_45' title='bbox 1310 933 1368 973; x_wconf 90' lang='lat' dir='ltr'><strong>se</strong></span> <span class='ocrx_word' id='word_1_46' title='bbox 1439 913 1751 987; x_wconf 84' lang='lat' dir='ltr'><strong>persuaderi</strong></span> <span class='ocrx_word' id='word_1_47' title='bbox 1814 910 2067 981; x_wconf 90' lang='lat' dir='ltr'><strong>patiatur,</strong></span> <span class='ocrx_word' id='word_1_48' title='bbox 2141 914 2203 962; x_wconf 93' lang='lat' dir='ltr'><strong>ut</strong></span> <span class='ocrx_word' id='word_1_49' title='bbox 2263 904 2450 961; x_wconf 87' lang='lat' dir='ltr'><strong>credat</strong></span> 
     </span>
    </p>
   </div>
   <div class='ocr_carea' id='block_1_10' title="bbox 860 1001 2450 1072">
    <p class='ocr_par' dir='ltr' id='par_1_10' title="bbox 860 1001 2450 1072">
     <span class='ocr_line' id='line_1_10' title="bbox 860 1001 2450 1072; baseline -0.01 -3"><span class='ocrx_word' id='word_1_50' title='bbox 860 1030 926 1069; x_wconf 79' lang='lat' dir='ltr'><strong>ex</strong></span> <span class='ocrx_word' id='word_1_51' title='bbox 974 1011 1390 1069; x_wconf 80' lang='lat' dir='ltr'><strong>Heidenheimio</strong></span> <span class='ocrx_word' id='word_1_52' title='bbox 1433 1006 1911 1065; x_wconf 91' lang='lat' dir='ltr'><strong>Gandesheiminm</strong></span> <span class='ocrx_word' id='word_1_53' title='bbox 1952 1003 2193 1072; x_wconf 80' lang='lat' dir='ltr'><strong>exsculpi</strong></span> <span class='ocrx_word' id='word_1_54' title='bbox 2247 1001 2450 1072; x_wconf 86' lang='lat' dir='ltr'><strong>posse?</strong></span> 
     </span>
    </p>
   </div>
   <div class='ocr_carea' id='block_1_11' title="bbox 861 1092 2447 1160">
    <p class='ocr_par' dir='ltr' id='par_1_11' title="bbox 861 1092 2447 1160">
     <span class='ocr_line' id='line_1_11' title="bbox 861 1092 2447 1160; baseline -0.011 0"><span class='ocrx_word' id='word_1_55' title='bbox 861 1104 1095 1160; x_wconf 88' lang='lat' dir='ltr'><strong>Omnino</strong></span> <span class='ocrx_word' id='word_1_56' title='bbox 1134 1102 1277 1156; x_wconf 91' lang='lat' dir='ltr'><strong>enim</strong></span> <span class='ocrx_word' id='word_1_57' title='bbox 1330 1100 1543 1155; x_wconf 83' lang='lat' dir='ltr'><strong>diversa</strong></span> <span class='ocrx_word' id='word_1_58' title='bbox 1573 1106 1700 1153; x_wconf 92' lang='lat' dir='ltr'><strong>sunt</strong></span> <span class='ocrx_word' id='word_1_59' title='bbox 1744 1094 2096 1159; x_wconf 86' lang='lat' dir='ltr'><strong>monasteria,</strong></span> <span class='ocrx_word' id='word_1_60' title='bbox 2130 1101 2184 1147; x_wconf 90' lang='lat' dir='ltr'><strong>et</strong></span> <span class='ocrx_word' id='word_1_61' title='bbox 2220 1092 2447 1146; x_wconf 91' lang='lat' dir='ltr'><strong>multum</strong></span> 
     </span>
    </p>
   </div>
   <div class='ocr_carea' id='block_1_12' title="bbox 862 1181 2447 1251">
    <p class='ocr_par' dir='ltr' id='par_1_12' title="bbox 862 1181 2447 1251">
     <span class='ocr_line' id='line_1_12' title="bbox 862 1181 2447 1251; baseline -0.009 -1"><span class='ocrx_word' id='word_1_62' title='bbox 862 1196 1004 1251; x_wconf 90' lang='lat' dir='ltr'><strong>inter</strong></span> <span class='ocrx_word' id='word_1_63' title='bbox 1034 1209 1093 1249; x_wconf 91' lang='lat' dir='ltr'><strong>se</strong></span> <span class='ocrx_word' id='word_1_64' title='bbox 1132 1194 1356 1248; x_wconf 91' lang='lat' dir='ltr'><strong>distant.</strong></span> <span class='ocrx_word' id='word_1_65' title='bbox 1406 1190 1647 1245; x_wconf 89' lang='lat' dir='ltr'><strong>Alterum</strong></span> <span class='ocrx_word' id='word_1_66' title='bbox 1678 1187 1823 1242; x_wconf 84' lang='lat' dir='ltr'><strong>enim</strong></span> <span class='ocrx_word' id='word_1_67' title='bbox 1857 1187 1909 1241; x_wconf 90' lang='lat' dir='ltr'><strong>in</strong></span> <span class='ocrx_word' id='word_1_68' title='bbox 1942 1184 2171 1240; x_wconf 85' lang='lat' dir='ltr'><strong>Francia</strong></span> <span class='ocrx_word' id='word_1_69' title='bbox 2201 1181 2447 1238; x_wconf 84' lang='lat' dir='ltr'><strong>orientali</strong></span> 
     </span>
    </p>
   </div>
   <div class='ocr_carea' id='block_1_13' title="bbox 861 1274 2446 1347">
    <p class='ocr_par' dir='ltr' id='par_1_13' title="bbox 861 1274 2446 1347">
     <span class='ocr_line' id='line_1_13' title="bbox 861 1274 2446 1347; baseline -0.009 -6"><span class='ocrx_word' id='word_1_70' title='bbox 861 1286 1066 1347; x_wconf 88' lang='lat' dir='ltr'><strong>situm;</strong></span> <span class='ocrx_word' id='word_1_71' title='bbox 1101 1284 1330 1339; x_wconf 92' lang='lat' dir='ltr'><strong>alterum</strong></span> <span class='ocrx_word' id='word_1_72' title='bbox 1363 1281 1566 1336; x_wconf 81' lang='lat' dir='ltr'><strong>veteris</strong></span> <span class='ocrx_word' id='word_1_73' title='bbox 1613 1278 1862 1333; x_wconf 78' lang='lat' dir='ltr'><strong>Saxoniae</strong></span> <span class='ocrx_word' id='word_1_74' title='bbox 1893 1276 2088 1331; x_wconf 91' lang='lat' dir='ltr'><strong>ﬁnibus</strong></span> <span class='ocrx_word' id='word_1_75' title='bbox 2114 1274 2446 1331; x_wconf 89' lang='lat' dir='ltr'><strong>continetur.</strong></span> 
     </span>
    </p>
   </div>
   <div class='ocr_carea' id='block_1_14' title="bbox 861 1364 2448 1444">
    <p class='ocr_par' dir='ltr' id='par_1_14' title="bbox 861 1364 2448 1444">
     <span class='ocr_line' id='line_1_14' title="bbox 861 1364 2448 1444; baseline -0.009 -13"><span class='ocrx_word' id='word_1_76' title='bbox 861 1375 943 1431; x_wconf 93' lang='lat' dir='ltr'><strong>Ad</strong></span> <span class='ocrx_word' id='word_1_77' title='bbox 966 1375 1115 1444; x_wconf 91' lang='lat' dir='ltr'><strong>prius</strong></span> <span class='ocrx_word' id='word_1_78' title='bbox 1139 1372 1333 1428; x_wconf 82' lang='lat' dir='ltr'><strong>referri</strong></span> <span class='ocrx_word' id='word_1_79' title='bbox 1357 1380 1567 1441; x_wconf 89' lang='lat' dir='ltr'><strong>oportet</strong></span> <span class='ocrx_word' id='word_1_80' title='bbox 1602 1368 1744 1422; x_wconf 88' lang='lat' dir='ltr'><strong>illam</strong></span> <span class='ocrx_word' id='word_1_81' title='bbox 1770 1367 1911 1422; x_wconf 88' lang='lat' dir='ltr'><strong>sacri</strong></span> <span class='ocrx_word' id='word_1_82' title='bbox 1934 1366 2140 1422; x_wconf 87' lang='lat' dir='ltr'><strong>ordinis</strong></span> <span class='ocrx_word' id='word_1_83' title='bbox 2162 1364 2448 1436; x_wconf 79' lang='lat' dir='ltr'><strong>virginem,</strong></span> 
     </span>
    </p>
   </div>
   <div class='ocr_carea' id='block_1_15' title="bbox 862 1456 2448 1536">
    <p class='ocr_par' dir='ltr' id='par_1_15' title="bbox 862 1456 2448 1536">
     <span class='ocr_line' id='line_1_15' title="bbox 862 1456 2448 1536; baseline -0.007 -15"><span class='ocrx_word' id='word_1_84' title='bbox 862 1482 981 1536; x_wconf 75' lang='lat' dir='ltr'><strong>qua:</strong></span> <span class='ocrx_word' id='word_1_85' title='bbox 1012 1466 1069 1521; x_wconf 92' lang='lat' dir='ltr'><strong>S.</strong></span> <span class='ocrx_word' id='word_1_86' title='bbox 1104 1464 1423 1520; x_wconf 88' lang='lat' dir='ltr'><strong>Wunebaldi</strong></span> <span class='ocrx_word' id='word_1_87' title='bbox 1454 1472 1507 1517; x_wconf 92' lang='lat' dir='ltr'><strong>et</strong></span> <span class='ocrx_word' id='word_1_88' title='bbox 1535 1460 1828 1516; x_wconf 86' lang='lat' dir='ltr'><strong>Willibaldi</strong></span> <span class='ocrx_word' id='word_1_89' title='bbox 1876 1474 1964 1515; x_wconf 89' lang='lat' dir='ltr'><strong>res</strong></span> <span class='ocrx_word' id='word_1_90' title='bbox 1996 1467 2178 1530; x_wconf 77' lang='lat' dir='ltr'><strong>gestas</strong></span> <span class='ocrx_word' id='word_1_91' title='bbox 2205 1456 2448 1513; x_wconf 92' lang='lat' dir='ltr'><strong>conscri-</strong></span> 
     </span>
    </p>
   </div>
   <div class='ocr_carea' id='block_1_16' title="bbox 862 1548 2450 1629">
    <p class='ocr_par' dir='ltr' id='par_1_16' title="bbox 862 1548 2450 1629">
     <span class='ocr_line' id='line_1_16' title="bbox 862 1548 2450 1629; baseline -0.006 -17"><span class='ocrx_word' id='word_1_92' title='bbox 862 1559 992 1629; x_wconf 83' lang='lat' dir='ltr'><strong>psit,</strong></span> <span class='ocrx_word' id='word_1_93' title='bbox 1043 1557 1355 1625; x_wconf 84' lang='lat' dir='ltr'><strong>neutiquam</strong></span> <span class='ocrx_word' id='word_1_94' title='bbox 1393 1555 1459 1609; x_wconf 92' lang='lat' dir='ltr'><strong>ad</strong></span> <span class='ocrx_word' id='word_1_95' title='bbox 1492 1554 1760 1623; x_wconf 82' lang='lat' dir='ltr'><strong>posterius</strong></span> <span class='ocrx_word' id='word_1_96' title='bbox 1801 1550 2083 1622; x_wconf 86' lang='lat' dir='ltr'><strong>aggregari</strong></span> <span class='ocrx_word' id='word_1_97' title='bbox 2131 1550 2309 1605; x_wconf 88' lang='lat' dir='ltr'><strong>debet.</strong></span> <span class='ocrx_word' id='word_1_98' title='bbox 2343 1548 2450 1619; x_wconf 90' lang='lat' dir='ltr'><strong>lgi-</strong></span> 
     </span>
    </p>
   </div>
   <div class='ocr_carea' id='block_1_17' title="bbox 864 1642 2449 1715">
    <p class='ocr_par' dir='ltr' id='par_1_17' title="bbox 864 1642 2449 1715">
     <span class='ocr_line' id='line_1_17' title="bbox 864 1642 2449 1715; baseline -0.003 -14"><span class='ocrx_word' id='word_1_99' title='bbox 864 1658 953 1702; x_wconf 89' lang='lat' dir='ltr'><strong>tnr</strong></span> <span class='ocrx_word' id='word_1_100' title='bbox 1003 1648 1396 1703; x_wconf 87' lang='lat' dir='ltr'><strong>monasterium</strong></span> <span class='ocrx_word' id='word_1_101' title='bbox 1446 1646 1959 1709; x_wconf 82' lang='lat' dir='ltr'><strong>Heidenheimense,</strong></span> <span class='ocrx_word' id='word_1_102' title='bbox 1998 1645 2140 1715; x_wconf 93' lang='lat' dir='ltr'><strong>quod</strong></span> <span class='ocrx_word' id='word_1_103' title='bbox 2171 1659 2201 1698; x_wconf 90' lang='lat' dir='ltr'><strong>a</strong></span> <span class='ocrx_word' id='word_1_104' title='bbox 2233 1642 2449 1699; x_wconf 90' lang='lat' dir='ltr'><strong>Cointio</strong></span> 
     </span>
    </p>
   </div>
   <div class='ocr_carea' id='block_1_18' title="bbox 862 1738 2447 1808">
    <p class='ocr_par' dir='ltr' id='par_1_18' title="bbox 862 1738 2447 1808">
     <span class='ocr_line' id='line_1_18' title="bbox 862 1738 2447 1808; baseline -0.001 -15"><span class='ocrx_word' id='word_1_105' title='bbox 862 1739 964 1793; x_wconf 85' lang='lat' dir='ltr'><strong>sub</strong></span> <span class='ocrx_word' id='word_1_106' title='bbox 997 1739 1157 1794; x_wconf 90' lang='lat' dir='ltr'><strong>ﬁnem</strong></span> <span class='ocrx_word' id='word_1_107' title='bbox 1191 1740 1319 1794; x_wconf 89' lang='lat' dir='ltr'><strong>tomi</strong></span> <span class='ocrx_word' id='word_1_108' title='bbox 1352 1739 1394 1792; x_wconf 68' lang='grc' dir='ltr'><strong>γ</strong></span> <span class='ocrx_word' id='word_1_109' title='bbox 1448 1740 1500 1793; x_wconf 93' lang='lat' dir='ltr'><strong>in</strong></span> <span class='ocrx_word' id='word_1_110' title='bbox 1526 1738 1703 1794; x_wconf 89' lang='lat' dir='ltr'><strong>indice</strong></span> <span class='ocrx_word' id='word_1_111' title='bbox 1724 1738 2012 1808; x_wconf 86' lang='lat' dir='ltr'><strong>posteriori</strong></span> <span class='ocrx_word' id='word_1_112' title='bbox 2040 1738 2447 1808; x_wconf 81' lang='lat' dir='ltr'><strong>episcopatuum</strong></span> 
     </span>
    </p>
   </div>
   <div class='ocr_carea' id='block_1_19' title="bbox 2551 542 4129 611">
    <p class='ocr_par' dir='ltr' id='par_1_19' title="bbox 2551 542 4129 611">
     <span class='ocr_line' id='line_1_19' title="bbox 2551 542 4129 611; baseline 0.003 -14"><span class='ocrx_word' id='word_1_113' title='bbox 2551 543 2672 597; x_wconf 88' lang='lat' dir='ltr'><strong>dam</strong></span> <span class='ocrx_word' id='word_1_114' title='bbox 2704 557 2842 597; x_wconf 88' lang='lat' dir='ltr'><strong>novo</strong></span> <span class='ocrx_word' id='word_1_115' title='bbox 2886 542 3155 596; x_wconf 89' lang='lat' dir='ltr'><strong>scribendi</strong></span> <span class='ocrx_word' id='word_1_116' title='bbox 3200 551 3517 611; x_wconf 87' lang='lat' dir='ltr'><strong>argumento</strong></span> <span class='ocrx_word' id='word_1_117' title='bbox 3554 542 3835 599; x_wconf 77' lang='lat' dir='ltr'><strong>exhortata</strong></span> <span class='ocrx_word' id='word_1_118' title='bbox 3864 555 3944 601; x_wconf 90' lang='lat' dir='ltr'><strong>est</strong></span> <span class='ocrx_word' id='word_1_119' title='bbox 3973 564 3986 611; x_wconf 91' lang='lat'>;</span> <span class='ocrx_word' id='word_1_120' title='bbox 4021 556 4129 601; x_wconf 92' lang='lat' dir='ltr'><strong>tum</strong></span> 
     </span>
    </p>
   </div>
   <div class='ocr_carea' id='block_1_20' title="bbox 2550 635 4132 709">
    <p class='ocr_par' dir='ltr' id='par_1_20' title="bbox 2550 635 4132 709">
     <span class='ocr_line' id='line_1_20' title="bbox 2550 635 4132 709; baseline 0.002 -18"><span class='ocrx_word' id='word_1_121' title='bbox 2550 644 2773 707; x_wconf 87' lang='lat' dir='ltr'><strong>propter</strong></span> <span class='ocrx_word' id='word_1_122' title='bbox 2803 636 3091 690; x_wconf 88' lang='lat' dir='ltr'><strong>lectionem</strong></span> <span class='ocrx_word' id='word_1_123' title='bbox 3123 635 3366 689; x_wconf 82' lang='lat' dir='ltr'><strong>Vitarnm</strong></span> <span class='ocrx_word' id='word_1_124' title='bbox 3400 636 3467 690; x_wconf 91' lang='lat' dir='ltr'><strong>D.</strong></span> <span class='ocrx_word' id='word_1_125' title='bbox 3499 635 3685 692; x_wconf 74' lang='lat' dir='ltr'><strong>Maria:</strong></span> <span class='ocrx_word' id='word_1_126' title='bbox 3714 639 3949 709; x_wconf 73' lang='lat' dir='ltr'><strong>virginis,</strong></span> <span class='ocrx_word' id='word_1_127' title='bbox 3989 656 4132 694; x_wconf 86' lang='lat' dir='ltr'><strong>mar-</strong></span> 
     </span>
    </p>
   </div>
   <div class='ocr_carea' id='block_1_21' title="bbox 2552 728 4132 800">
    <p class='ocr_par' dir='ltr' id='par_1_21' title="bbox 2552 728 4132 800">
     <span class='ocr_line' id='line_1_21' title="bbox 2552 728 4132 800; baseline 0.001 -18"><span class='ocrx_word' id='word_1_128' title='bbox 2552 738 2727 798; x_wconf 85' lang='lat' dir='ltr'><strong>tyrum</strong></span> <span class='ocrx_word' id='word_1_129' title='bbox 2761 738 2816 782; x_wconf 92' lang='lat' dir='ltr'><strong>et</strong></span> <span class='ocrx_word' id='word_1_130' title='bbox 2844 736 3187 789; x_wconf 86' lang='lat' dir='ltr'><strong>sanctorum,</strong></span> <span class='ocrx_word' id='word_1_131' title='bbox 3212 742 3349 796; x_wconf 87' lang='lat' dir='ltr'><strong>quas</strong></span> <span class='ocrx_word' id='word_1_132' title='bbox 3376 728 3607 797; x_wconf 89' lang='lat' dir='ltr'><strong>scriptas</strong></span> <span class='ocrx_word' id='word_1_133' title='bbox 3648 728 3894 798; x_wconf 89' lang='lat' dir='ltr'><strong>reliquit,</strong></span> <span class='ocrx_word' id='word_1_134' title='bbox 3925 730 4132 800; x_wconf 86' lang='lat' dir='ltr'><strong>aliquo-</strong></span> 
     </span>
    </p>
   </div>
   <div class='ocr_carea' id='block_1_22' title="bbox 2551 818 4135 893">
    <p class='ocr_par' dir='ltr' id='par_1_22' title="bbox 2551 818 4135 893">
     <span class='ocr_line' id='line_1_22' title="bbox 2551 818 4135 893; baseline 0.003 -20"><span class='ocrx_word' id='word_1_135' title='bbox 2551 821 2653 874; x_wconf 86' lang='lat' dir='ltr'><strong>ties</strong></span> <span class='ocrx_word' id='word_1_136' title='bbox 2680 835 2708 873; x_wconf 87' lang='lat' dir='ltr'><strong>a</strong></span> <span class='ocrx_word' id='word_1_137' title='bbox 2734 820 2965 874; x_wconf 88' lang='lat' dir='ltr'><strong>Baronio</strong></span> <span class='ocrx_word' id='word_1_138' title='bbox 2992 820 3045 873; x_wconf 91' lang='lat' dir='ltr'><strong>in</strong></span> <span class='ocrx_word' id='word_1_139' title='bbox 3069 818 3452 892; x_wconf 82' lang='lat' dir='ltr'><strong>Martyrologio</strong></span> <span class='ocrx_word' id='word_1_140' title='bbox 3477 820 3743 885; x_wconf 82' lang='lat' dir='ltr'><strong>laudatas,</strong></span> <span class='ocrx_word' id='word_1_141' title='bbox 3770 830 3883 877; x_wconf 90' lang='lat' dir='ltr'><strong>tum</strong></span> <span class='ocrx_word' id='word_1_142' title='bbox 3914 835 4135 893; x_wconf 79' lang='lat' dir='ltr'><strong>propter</strong></span> 
     </span>
    </p>
   </div>
   <div class='ocr_carea' id='block_1_23' title="bbox 2549 908 4136 981">
    <p class='ocr_par' dir='ltr' id='par_1_23' title="bbox 2549 908 4136 981">
     <span class='ocr_line' id='line_1_23' title="bbox 2549 908 4136 981; baseline 0.003 -17"><span class='ocrx_word' id='word_1_143' title='bbox 2549 908 2832 965; x_wconf 88' lang='lat' dir='ltr'><strong>historiam</strong></span> <span class='ocrx_word' id='word_1_144' title='bbox 2863 910 3077 965; x_wconf 77' lang='lat' dir='ltr'><strong>Ottonis</strong></span> <span class='ocrx_word' id='word_1_145' title='bbox 3102 910 3297 981; x_wconf 85' lang='lat' dir='ltr'><strong>Magni,</strong></span> <span class='ocrx_word' id='word_1_146' title='bbox 3328 927 3449 981; x_wconf 78' lang='lat' dir='ltr'><strong>quae</strong></span> <span class='ocrx_word' id='word_1_147' title='bbox 3493 928 3597 966; x_wconf 92' lang='lat' dir='ltr'><strong>non</strong></span> <span class='ocrx_word' id='word_1_148' title='bbox 3631 928 3856 981; x_wconf 87' lang='lat' dir='ltr'><strong>parvum</strong></span> <span class='ocrx_word' id='word_1_149' title='bbox 3886 916 3953 969; x_wconf 87' lang='lat' dir='ltr'><strong>ad</strong></span> <span class='ocrx_word' id='word_1_150' title='bbox 3983 916 4136 969; x_wconf 78' lang='lat' dir='ltr'><strong>intel-</strong></span> 
     </span>
    </p>
   </div>
   <div class='ocr_carea' id='block_1_24' title="bbox 2549 996 4130 1070">
    <p class='ocr_par' dir='ltr' id='par_1_24' title="bbox 2549 996 4130 1070">
     <span class='ocr_line' id='line_1_24' title="bbox 2549 996 4130 1070; baseline 0.005 -19"><span class='ocrx_word' id='word_1_151' title='bbox 2549 996 2790 1068; x_wconf 88' lang='lat' dir='ltr'><strong>ligendas</strong></span> <span class='ocrx_word' id='word_1_152' title='bbox 2816 1011 2902 1052; x_wconf 87' lang='lat' dir='ltr'><strong>res</strong></span> <span class='ocrx_word' id='word_1_153' title='bbox 2946 998 2998 1052; x_wconf 93' lang='lat' dir='ltr'><strong>in</strong></span> <span class='ocrx_word' id='word_1_154' title='bbox 3028 997 3316 1054; x_wconf 86' lang='lat' dir='ltr'><strong>Germania</strong></span> <span class='ocrx_word' id='word_1_155' title='bbox 3349 1014 3413 1054; x_wconf 92' lang='lat' dir='ltr'><strong>eo</strong></span> <span class='ocrx_word' id='word_1_156' title='bbox 3441 1008 3681 1070; x_wconf 84' lang='lat' dir='ltr'><strong>tempore</strong></span> <span class='ocrx_word' id='word_1_157' title='bbox 3718 1011 3899 1070; x_wconf 85' lang='lat' dir='ltr'><strong>gestas</strong></span> <span class='ocrx_word' id='word_1_158' title='bbox 3944 1002 4130 1059; x_wconf 89' lang='lat' dir='ltr'><strong>lectori</strong></span> 
     </span>
    </p>
   </div>
   <div class='ocr_carea' id='block_1_25' title="bbox 2549 1085 2938 1143">
    <p class='ocr_par' dir='ltr' id='par_1_25' title="bbox 2549 1085 2938 1143">
     <span class='ocr_line' id='line_1_25' title="bbox 2549 1085 2938 1143; baseline 0.005 -2"><span class='ocrx_word' id='word_1_159' title='bbox 2549 1086 2730 1142; x_wconf 86' lang='lat' dir='ltr'><strong>lumen</strong></span> <span class='ocrx_word' id='word_1_160' title='bbox 2761 1085 2938 1143; x_wconf 81' lang='lat' dir='ltr'><strong>aﬁ&#39;ert.</strong></span> 
     </span>
    </p>
   </div>
   <div class='ocr_carea' id='block_1_26' title="bbox 2619 1178 4131 1250">
    <p class='ocr_par' dir='ltr' id='par_1_26' title="bbox 2619 1178 4131 1250">
     <span class='ocr_line' id='line_1_26' title="bbox 2619 1178 4131 1250; baseline 0.007 -19"><span class='ocrx_word' id='word_1_161' title='bbox 2619 1178 2823 1245; x_wconf 85' lang='lat' dir='ltr'><strong>Quibus</strong></span> <span class='ocrx_word' id='word_1_162' title='bbox 2846 1180 3177 1249; x_wconf 83' lang='lat' dir='ltr'><strong>argumentis</strong></span> <span class='ocrx_word' id='word_1_163' title='bbox 3202 1190 3480 1250; x_wconf 91' lang='lat' dir='ltr'><strong>permotus</strong></span> <span class='ocrx_word' id='word_1_164' title='bbox 3501 1197 3617 1237; x_wconf 89' lang='lat' dir='ltr'><strong>sum</strong></span> <span class='ocrx_word' id='word_1_165' title='bbox 3651 1193 3708 1239; x_wconf 92' lang='lat' dir='ltr'><strong>ut</strong></span> <span class='ocrx_word' id='word_1_166' title='bbox 3732 1201 3884 1239; x_wconf 77' lang='lat' dir='ltr'><strong>novae.</strong></span> <span class='ocrx_word' id='word_1_167' title='bbox 3912 1186 4131 1242; x_wconf 88' lang='lat' dir='ltr'><strong>editioni</strong></span> 
     </span>
    </p>
   </div>
   <div class='ocr_carea' id='block_1_27' title="bbox 2550 1272 4134 1347">
    <p class='ocr_par' dir='ltr' id='par_1_27' title="bbox 2550 1272 4134 1347">
     <span class='ocr_line' id='line_1_27' title="bbox 2550 1272 4134 1347; baseline 0.006 -22"><span class='ocrx_word' id='word_1_168' title='bbox 2550 1272 2802 1326; x_wconf 68' lang='lat' dir='ltr'><strong>curandae</strong></span> <span class='ocrx_word' id='word_1_169' title='bbox 2851 1272 3236 1337; x_wconf 80' lang='lat' dir='ltr'><strong>incumberent,</strong></span> <span class='ocrx_word' id='word_1_170' title='bbox 3276 1285 3331 1328; x_wconf 92' lang='lat' dir='ltr'><strong>et</strong></span> <span class='ocrx_word' id='word_1_171' title='bbox 3364 1272 3655 1330; x_wconf 76' lang='lat' dir='ltr'><strong>Roswithan</strong></span> <span class='ocrx_word' id='word_1_172' title='bbox 3702 1278 3957 1347; x_wconf 85' lang='lat' dir='ltr'><strong>npttscula</strong></span> <span class='ocrx_word' id='word_1_173' title='bbox 4004 1279 4134 1334; x_wconf 88' lang='lat' dir='ltr'><strong>inte-</strong></span> 
     </span>
    </p>
   </div>
   <div class='ocr_carea' id='block_1_28' title="bbox 2550 1368 4131 1441">
    <p class='ocr_par' dir='ltr' id='par_1_28' title="bbox 2550 1368 4131 1441">
     <span class='ocr_line' id='line_1_28' title="bbox 2550 1368 4131 1441; baseline 0.004 -22"><span class='ocrx_word' id='word_1_174' title='bbox 2550 1381 2645 1437; x_wconf 88' lang='lat' dir='ltr'><strong>gra</strong></span> <span class='ocrx_word' id='word_1_175' title='bbox 2698 1374 2751 1421; x_wconf 90' lang='lat' dir='ltr'><strong>et</strong></span> <span class='ocrx_word' id='word_1_176' title='bbox 2787 1368 2927 1435; x_wconf 91' lang='lat' dir='ltr'><strong>apud</strong></span> <span class='ocrx_word' id='word_1_177' title='bbox 2971 1382 3071 1423; x_wconf 87' lang='lat' dir='ltr'><strong>nos</strong></span> <span class='ocrx_word' id='word_1_178' title='bbox 3114 1368 3401 1423; x_wconf 88' lang='lat' dir='ltr'><strong>admodum</strong></span> <span class='ocrx_word' id='word_1_179' title='bbox 3449 1384 3603 1433; x_wconf 90' lang='lat' dir='ltr'><strong>rara,</strong></span> <span class='ocrx_word' id='word_1_180' title='bbox 3635 1370 3813 1425; x_wconf 88' lang='lat' dir='ltr'><strong>denuo</strong></span> <span class='ocrx_word' id='word_1_181' title='bbox 3840 1371 4131 1441; x_wconf 78' lang='lat' dir='ltr'><strong>proferrem</strong></span> 
     </span>
    </p>
   </div>
   <div class='ocr_carea' id='block_1_29' title="bbox 2551 1456 4133 1527">
    <p class='ocr_par' dir='ltr' id='par_1_29' title="bbox 2551 1456 4133 1527">
     <span class='ocr_line' id='line_1_29' title="bbox 2551 1456 4133 1527; baseline 0.005 -18"><span class='ocrx_word' id='word_1_182' title='bbox 2551 1456 2603 1510; x_wconf 93' lang='lat' dir='ltr'><strong>in</strong></span> <span class='ocrx_word' id='word_1_183' title='bbox 2639 1456 2847 1523; x_wconf 84' lang='lat' dir='ltr'><strong>lucem;</strong></span> <span class='ocrx_word' id='word_1_184' title='bbox 2881 1457 3040 1527; x_wconf 81' lang='lat' dir='ltr'><strong>idque</strong></span> <span class='ocrx_word' id='word_1_185' title='bbox 3086 1458 3245 1514; x_wconf 92' lang='lat' dir='ltr'><strong>simul</strong></span> <span class='ocrx_word' id='word_1_186' title='bbox 3290 1460 3635 1514; x_wconf 88' lang='lat' dir='ltr'><strong>admonerem</strong></span> <span class='ocrx_word' id='word_1_187' title='bbox 3668 1471 3792 1515; x_wconf 90' lang='lat' dir='ltr'><strong>ante</strong></span> <span class='ocrx_word' id='word_1_188' title='bbox 3841 1478 3927 1517; x_wconf 91' lang='lat' dir='ltr'><strong>me</strong></span> <span class='ocrx_word' id='word_1_189' title='bbox 3974 1462 4133 1517; x_wconf 73' lang='lat' dir='ltr'><strong>fuisse</strong></span> 
     </span>
    </p>
   </div>
   <div class='ocr_carea' id='block_1_30' title="bbox 2549 1545 4133 1620">
    <p class='ocr_par' dir='ltr' id='par_1_30' title="bbox 2549 1545 4133 1620">
     <span class='ocr_line' id='line_1_30' title="bbox 2549 1545 4133 1620; baseline 0.006 -21"><span class='ocrx_word' id='word_1_190' title='bbox 2549 1545 2835 1616; x_wconf 89' lang='lat' dir='ltr'><strong>plerosque</strong></span> <span class='ocrx_word' id='word_1_191' title='bbox 2880 1548 2970 1617; x_wconf 90' lang='lat' dir='ltr'><strong>qui</strong></span> <span class='ocrx_word' id='word_1_192' title='bbox 3004 1549 3145 1604; x_wconf 88' lang='lat' dir='ltr'><strong>hanc</strong></span> <span class='ocrx_word' id='word_1_193' title='bbox 3193 1564 3413 1620; x_wconf 82' lang='lat' dir='ltr'><strong>cperam</strong></span> <span class='ocrx_word' id='word_1_194' title='bbox 3443 1564 3640 1604; x_wconf 86' lang='lat' dir='ltr'><strong>navare</strong></span> <span class='ocrx_word' id='word_1_195' title='bbox 3681 1552 3997 1617; x_wconf 87' lang='lat' dir='ltr'><strong>voluerunt,</strong></span> <span class='ocrx_word' id='word_1_196' title='bbox 4046 1555 4133 1608; x_wconf 76' lang='lat' dir='ltr'><strong>sed</strong></span> 
     </span>
    </p>
   </div>
   <div class='ocr_carea' id='block_1_31' title="bbox 2552 1638 4133 1714">
    <p class='ocr_par' dir='ltr' id='par_1_31' title="bbox 2552 1638 4133 1714">
     <span class='ocr_line' id='line_1_31' title="bbox 2552 1638 4133 1714; baseline 0.004 -23"><span class='ocrx_word' id='word_1_197' title='bbox 2552 1652 2829 1706; x_wconf 86' lang='lat' dir='ltr'><strong>nunquam</strong></span> <span class='ocrx_word' id='word_1_198' title='bbox 2865 1638 2918 1692; x_wconf 92' lang='lat' dir='ltr'><strong>id</strong></span> <span class='ocrx_word' id='word_1_199' title='bbox 2950 1653 3009 1693; x_wconf 91' lang='lat' dir='ltr'><strong>re</strong></span> <span class='ocrx_word' id='word_1_200' title='bbox 3040 1639 3153 1707; x_wconf 91' lang='lat' dir='ltr'><strong>ipsa</strong></span> <span class='ocrx_word' id='word_1_201' title='bbox 3185 1641 3569 1708; x_wconf 57' lang='lat' dir='ltr'><strong>praestiterunt,</strong></span> <span class='ocrx_word' id='word_1_202' title='bbox 3600 1640 3705 1702; x_wconf 88' lang='lat' dir='ltr'><strong>vel,</strong></span> <span class='ocrx_word' id='word_1_203' title='bbox 3735 1641 3855 1695; x_wconf 86' lang='lat' dir='ltr'><strong>aliis</strong></span> <span class='ocrx_word' id='word_1_204' title='bbox 3887 1644 4133 1714; x_wconf 85' lang='lat' dir='ltr'><strong>gravissi-</strong></span> 
     </span>
    </p>
   </div>
   <div class='ocr_carea' id='block_1_32' title="bbox 2556 1728 4133 1799">
    <p class='ocr_par' dir='ltr' id='par_1_32' title="bbox 2556 1728 4133 1799">
     <span class='ocr_line' id='line_1_32' title="bbox 2556 1728 4133 1799; baseline 0.004 -17"><span class='ocrx_word' id='word_1_205' title='bbox 2556 1728 2659 1782; x_wconf 88' lang='lat' dir='ltr'><strong>mis</strong></span> <span class='ocrx_word' id='word_1_206' title='bbox 2696 1729 3143 1798; x_wconf 89' lang='lat' dir='ltr'><strong>occupationibus</strong></span> <span class='ocrx_word' id='word_1_207' title='bbox 3174 1730 3435 1799; x_wconf 88' lang='lat' dir='ltr'><strong>impediti,</strong></span> <span class='ocrx_word' id='word_1_208' title='bbox 3472 1730 3554 1786; x_wconf 90' lang='lat' dir='ltr'><strong>vel</strong></span> <span class='ocrx_word' id='word_1_209' title='bbox 3582 1732 3820 1787; x_wconf 89' lang='lat' dir='ltr'><strong>contenti</strong></span> <span class='ocrx_word' id='word_1_210' title='bbox 3853 1734 3897 1786; x_wconf 84' lang='lat' dir='ltr'><strong>si</strong></span> <span class='ocrx_word' id='word_1_211' title='bbox 3938 1733 4133 1789; x_wconf 81' lang='lat' dir='ltr'><strong>Roswi-</strong></span> 
     </span>
    </p>
   </div>
   <div class='ocr_carea' id='block_1_33' title="bbox 859 1791 4133 1897">
    <p class='ocr_par' dir='ltr' id='par_1_33' title="bbox 859 1791 4133 1897">
     <span class='ocr_line' id='line_1_33' title="bbox 859 1791 4133 1897; baseline 0.001 -13"><span class='ocrx_word' id='word_1_212' title='bbox 859 1838 915 1885; x_wconf 90' lang='lat' dir='ltr'><strong>et</strong></span> <span class='ocrx_word' id='word_1_213' title='bbox 955 1831 1435 1893; x_wconf 84' lang='lat' dir='ltr'><strong>monasteriorum,</strong></span> <span class='ocrx_word' id='word_1_214' title='bbox 1486 1830 1649 1883; x_wconf 87' lang='lat' dir='ltr'><strong>etiam</strong></span> <span class='ocrx_word' id='word_1_215' title='bbox 1711 1791 2165 1883; x_wconf 54' lang='lat' dir='ltr'><strong>llildenheimiinn</strong></span> <span class='ocrx_word' id='word_1_216' title='bbox 2217 1791 2455 1897; x_wconf 70' lang='lat' dir='ltr'><strong>appella-</strong></span> <span class='ocrx_word' id='word_1_217' title='bbox 2482 1791 2527 1850; x_wconf 77' lang='grc' dir='ltr'><strong>Β</strong></span> <span class='ocrx_word' id='word_1_218' title='bbox 2558 1818 2661 1871; x_wconf 59' lang='lat' dir='ltr'><strong>Illa?</strong></span> <span class='ocrx_word' id='word_1_219' title='bbox 2692 1817 3082 1888; x_wconf 67' lang='lat' dir='ltr'><strong>Panegyricum</strong></span> <span class='ocrx_word' id='word_1_220' title='bbox 3113 1817 3165 1872; x_wconf 79' lang='grc' dir='ltr'><strong>ίιι</strong></span> <span class='ocrx_word' id='word_1_221' title='bbox 3193 1819 3405 1873; x_wconf 70' lang='grc' dir='ltr'><strong>Ῑῦυάθῐῐι</strong></span> <span class='ocrx_word' id='word_1_222' title='bbox 3448 1831 3504 1873; x_wconf 73' lang='grc' dir='ltr'><strong>ει</strong></span> <span class='ocrx_word' id='word_1_223' title='bbox 3538 1828 3687 1890; x_wconf 65' lang='lat'><strong>89813</strong></span> <span class='ocrx_word' id='word_1_224' title='bbox 3714 1819 3933 1876; x_wconf 75' lang='grc' dir='ltr'><strong>Οίιοηίε</strong></span> <span class='ocrx_word' id='word_1_225' title='bbox 3964 1822 4133 1895; x_wconf 74' lang='lat' dir='ltr'><strong>Magni</strong></span> 
     </span>
    </p>
   </div>
   <div class='ocr_carea' id='block_1_34' title="bbox 862 1916 2454 1987">
    <p class='ocr_par' dir='ltr' id='par_1_34' title="bbox 862 1916 2454 1987">
     <span class='ocr_line' id='line_1_34' title="bbox 862 1916 2454 1987; baseline -0.001 -16"><span class='ocrx_word' id='word_1_226' title='bbox 862 1926 971 1981; x_wconf 90' lang='lat' dir='ltr'><strong>tur,</strong></span> <span class='ocrx_word' id='word_1_227' title='bbox 1000 1934 1107 1973; x_wconf 90' lang='lat' dir='ltr'><strong>non</strong></span> <span class='ocrx_word' id='word_1_228' title='bbox 1142 1919 1192 1972; x_wconf 91' lang='lat' dir='ltr'><strong>in</strong></span> <span class='ocrx_word' id='word_1_229' title='bbox 1228 1917 1461 1973; x_wconf 84' lang='lat' dir='ltr'><strong>Saxonia</strong></span> <span class='ocrx_word' id='word_1_230' title='bbox 1512 1926 1597 1971; x_wconf 92' lang='lat' dir='ltr'><strong>est</strong></span> <span class='ocrx_word' id='word_1_231' title='bbox 1620 1916 1997 1987; x_wconf 79' lang='lat' dir='ltr'><strong>quaerendum,</strong></span> <span class='ocrx_word' id='word_1_232' title='bbox 2028 1931 2201 1985; x_wconf 91' lang='lat' dir='ltr'><strong>neque</strong></span> <span class='ocrx_word' id='word_1_233' title='bbox 2228 1917 2282 1970; x_wconf 91' lang='lat' dir='ltr'><strong>in</strong></span> <span class='ocrx_word' id='word_1_234' title='bbox 2310 1916 2454 1970; x_wconf 86' lang='lat' dir='ltr'><strong>Thu-</strong></span> 
     </span>
    </p>
   </div>
   <div class='ocr_carea' id='block_1_35' title="bbox 860 2007 2452 2077">
    <p class='ocr_par' dir='ltr' id='par_1_35' title="bbox 860 2007 2452 2077">
     <span class='ocr_line' id='line_1_35' title="bbox 860 2007 2452 2077; baseline -0.001 -15"><span class='ocrx_word' id='word_1_235' title='bbox 860 2008 1035 2076; x_wconf 86' lang='lat' dir='ltr'><strong>ringia</strong></span> <span class='ocrx_word' id='word_1_236' title='bbox 1066 2008 1517 2077; x_wconf 82' lang='lat' dir='ltr'><strong>investigandum,</strong></span> <span class='ocrx_word' id='word_1_237' title='bbox 1552 2016 1608 2060; x_wconf 91' lang='lat' dir='ltr'><strong>ut</strong></span> <span class='ocrx_word' id='word_1_238' title='bbox 1634 2022 1823 2061; x_wconf 89' lang='lat' dir='ltr'><strong>errore</strong></span> <span class='ocrx_word' id='word_1_239' title='bbox 1853 2007 2051 2061; x_wconf 91' lang='lat' dir='ltr'><strong>ductus</strong></span> <span class='ocrx_word' id='word_1_240' title='bbox 2080 2007 2292 2076; x_wconf 81' lang='lat' dir='ltr'><strong>putavit</strong></span> <span class='ocrx_word' id='word_1_241' title='bbox 2337 2007 2452 2060; x_wconf 88' lang='lat' dir='ltr'><strong>An-</strong></span> 
     </span>
    </p>
   </div>
   <div class='ocr_carea' id='block_1_36' title="bbox 863 2094 2453 2165">
    <p class='ocr_par' dir='ltr' id='par_1_36' title="bbox 863 2094 2453 2165">
     <span class='ocr_line' id='line_1_36' title="bbox 863 2094 2453 2165; baseline 0.001 -16"><span class='ocrx_word' id='word_1_242' title='bbox 863 2095 1045 2150; x_wconf 82' lang='lat' dir='ltr'><strong>tonius</strong></span> <span class='ocrx_word' id='word_1_243' title='bbox 1074 2094 1225 2165; x_wconf 89' lang='lat' dir='ltr'><strong>Pagi,</strong></span> <span class='ocrx_word' id='word_1_244' title='bbox 1281 2102 1415 2148; x_wconf 91' lang='lat' dir='ltr'><strong>tom.</strong></span> <span class='ocrx_word' id='word_1_245' title='bbox 1446 2095 1509 2149; x_wconf 93' lang='lat' dir='ltr'><strong>lll</strong></span> <span class='ocrx_word' id='word_1_246' title='bbox 1538 2094 1676 2149; x_wconf 90' lang='lat' dir='ltr'><strong>Crit.</strong></span> <span class='ocrx_word' id='word_1_247' title='bbox 1706 2094 1907 2148; x_wconf 87' lang='lat' dir='ltr'><strong>Baron.</strong></span> <span class='ocrx_word' id='word_1_248' title='bbox 1936 2096 2003 2148; x_wconf 91' lang='lat' dir='ltr'><strong>ad</strong></span> <span class='ocrx_word' id='word_1_249' title='bbox 2028 2111 2229 2150; x_wconf 87' lang='lat' dir='ltr'><strong>annum</strong></span> <span class='ocrx_word' id='word_1_250' title='bbox 2252 2095 2453 2150; x_wconf 85' lang='lat' dir='ltr'><strong>Christi</strong></span> 
     </span>
    </p>
   </div>
   <div class='ocr_carea' id='block_1_37' title="bbox 860 2184 2451 2255">
    <p class='ocr_par' dir='ltr' id='par_1_37' title="bbox 860 2184 2451 2255">
     <span class='ocr_line' id='line_1_37' title="bbox 860 2184 2451 2255; baseline -0.001 -16"><span class='ocrx_word' id='word_1_251' title='bbox 860 2184 988 2250; x_wconf 70' lang='grc' dir='ltr'><strong>7Ξ5,</strong></span> <span class='ocrx_word' id='word_1_252' title='bbox 1036 2186 1130 2239; x_wconf 91' lang='lat' dir='ltr'><strong>sed</strong></span> <span class='ocrx_word' id='word_1_253' title='bbox 1160 2186 1276 2255; x_wconf 85' lang='lat' dir='ltr'><strong>ejus</strong></span> <span class='ocrx_word' id='word_1_254' title='bbox 1300 2185 1457 2239; x_wconf 88' lang='lat' dir='ltr'><strong>sedes</strong></span> <span class='ocrx_word' id='word_1_255' title='bbox 1486 2185 1541 2239; x_wconf 91' lang='lat' dir='ltr'><strong>in</strong></span> <span class='ocrx_word' id='word_1_256' title='bbox 1591 2184 1891 2240; x_wconf 85' lang='lat' dir='ltr'><strong>Franconia</strong></span> <span class='ocrx_word' id='word_1_257' title='bbox 1938 2187 2317 2240; x_wconf 85' lang='lat' dir='ltr'><strong>constituenda</strong></span> <span class='ocrx_word' id='word_1_258' title='bbox 2348 2195 2451 2241; x_wconf 90' lang='lat' dir='ltr'><strong>est.</strong></span> 
     </span>
    </p>
   </div>
   <div class='ocr_carea' id='block_1_38' title="bbox 862 2275 2455 2331">
    <p class='ocr_par' dir='ltr' id='par_1_38' title="bbox 862 2275 2455 2331">
     <span class='ocr_line' id='line_1_38' title="bbox 862 2275 2455 2331; baseline -0.001 0"><span class='ocrx_word' id='word_1_259' title='bbox 862 2276 990 2331; x_wconf 85' lang='lat' dir='ltr'><strong>Fuit</strong></span> <span class='ocrx_word' id='word_1_260' title='bbox 1017 2285 1199 2330; x_wconf 88' lang='lat' dir='ltr'><strong>autem</strong></span> <span class='ocrx_word' id='word_1_261' title='bbox 1252 2275 1725 2331; x_wconf 82' lang='lat' dir='ltr'><strong>lleidenbeimium</strong></span> <span class='ocrx_word' id='word_1_262' title='bbox 1750 2283 1804 2329; x_wconf 90' lang='lat' dir='ltr'><strong>et</strong></span> <span class='ocrx_word' id='word_1_263' title='bbox 1830 2275 2219 2329; x_wconf 87' lang='lat' dir='ltr'><strong>monachorum</strong></span> <span class='ocrx_word' id='word_1_264' title='bbox 2248 2285 2303 2329; x_wconf 90' lang='lat' dir='ltr'><strong>et</strong></span> <span class='ocrx_word' id='word_1_265' title='bbox 2332 2290 2455 2330; x_wconf 83' lang='lat' dir='ltr'><strong>san-</strong></span> 
     </span>
    </p>
   </div>
   <div class='ocr_carea' id='block_1_39' title="bbox 863 2365 2455 2431">
    <p class='ocr_par' dir='ltr' id='par_1_39' title="bbox 863 2365 2455 2431">
     <span class='ocr_line' id='line_1_39' title="bbox 863 2365 2455 2431; baseline -0.001 -10"><span class='ocrx_word' id='word_1_266' title='bbox 863 2366 1261 2421; x_wconf 80' lang='lat' dir='ltr'><strong>ctimonialium</strong></span> <span class='ocrx_word' id='word_1_267' title='bbox 1289 2366 1618 2431; x_wconf 73' lang='lat' dir='ltr'><strong>cmnobium,</strong></span> <span class='ocrx_word' id='word_1_268' title='bbox 1650 2365 1725 2420; x_wconf 87' lang='lat' dir='ltr'><strong>ita</strong></span> <span class='ocrx_word' id='word_1_269' title='bbox 1758 2375 1938 2419; x_wconf 89' lang='lat' dir='ltr'><strong>tamen</strong></span> <span class='ocrx_word' id='word_1_270' title='bbox 1975 2374 2033 2419; x_wconf 90' lang='lat' dir='ltr'><strong>ut</strong></span> <span class='ocrx_word' id='word_1_271' title='bbox 2067 2367 2455 2421; x_wconf 89' lang='lat' dir='ltr'><strong>sanctimonia-</strong></span> 
     </span>
    </p>
   </div>
   <div class='ocr_carea' id='block_1_40' title="bbox 863 2454 2455 2526">
    <p class='ocr_par' dir='ltr' id='par_1_40' title="bbox 863 2454 2455 2526">
     <span class='ocr_line' id='line_1_40' title="bbox 863 2454 2455 2526; baseline 0.002 -18"><span class='ocrx_word' id='word_1_272' title='bbox 863 2455 995 2510; x_wconf 91' lang='lat' dir='ltr'><strong>lium</strong></span> <span class='ocrx_word' id='word_1_273' title='bbox 1044 2456 1432 2510; x_wconf 87' lang='lat' dir='ltr'><strong>monasterium</strong></span> <span class='ocrx_word' id='word_1_274' title='bbox 1486 2456 1538 2509; x_wconf 91' lang='lat' dir='ltr'><strong>in</strong></span> <span class='ocrx_word' id='word_1_275' title='bbox 1594 2454 1712 2510; x_wconf 92' lang='lat' dir='ltr'><strong>loco</strong></span> <span class='ocrx_word' id='word_1_276' title='bbox 1774 2466 1918 2511; x_wconf 84' lang='lat' dir='ltr'><strong>esset</strong></span> <span class='ocrx_word' id='word_1_277' title='bbox 1964 2458 2055 2526; x_wconf 93' lang='lat' dir='ltr'><strong>qui</strong></span> <span class='ocrx_word' id='word_1_278' title='bbox 2108 2456 2386 2525; x_wconf 89' lang='lat' dir='ltr'><strong>sejunctus</strong></span> <span class='ocrx_word' id='word_1_279' title='bbox 2424 2474 2455 2511; x_wconf 85' lang='lat' dir='ltr'><strong>a</strong></span> 
     </span>
    </p>
   </div>
   <div class='ocr_carea' id='block_1_41' title="bbox 864 2546 2456 2603">
    <p class='ocr_par' dir='ltr' id='par_1_41' title="bbox 864 2546 2456 2603">
     <span class='ocr_line' id='line_1_41' title="bbox 864 2546 2456 2603; baseline 0.001 -4"><span class='ocrx_word' id='word_1_280' title='bbox 864 2546 1204 2600; x_wconf 88' lang='lat' dir='ltr'><strong>monasterio</strong></span> <span class='ocrx_word' id='word_1_281' title='bbox 1230 2546 1472 2600; x_wconf 90' lang='lat' dir='ltr'><strong>virorum</strong></span> <span class='ocrx_word' id='word_1_282' title='bbox 1516 2556 1653 2600; x_wconf 91' lang='lat' dir='ltr'><strong>erat.</strong></span> <span class='ocrx_word' id='word_1_283' title='bbox 1689 2546 1835 2599; x_wconf 92' lang='lat' dir='ltr'><strong>ldem</strong></span> <span class='ocrx_word' id='word_1_284' title='bbox 1870 2556 2054 2601; x_wconf 90' lang='lat' dir='ltr'><strong>monet</strong></span> <span class='ocrx_word' id='word_1_285' title='bbox 2091 2546 2304 2603; x_wconf 85' lang='lat' dir='ltr'><strong>Marcus</strong></span> <span class='ocrx_word' id='word_1_286' title='bbox 2336 2548 2456 2602; x_wconf 77' lang='lat' dir='ltr'><strong>Vel-</strong></span> 
     </span>
    </p>
   </div>
   <div class='ocr_carea' id='block_1_42' title="bbox 863 2636 2453 2706">
    <p class='ocr_par' dir='ltr' id='par_1_42' title="bbox 863 2636 2453 2706">
     <span class='ocr_line' id='line_1_42' title="bbox 863 2636 2453 2706; baseline 0.003 -16"><span class='ocrx_word' id='word_1_287' title='bbox 863 2650 1018 2691; x_wconf 86' lang='lat' dir='ltr'><strong>serus</strong></span> <span class='ocrx_word' id='word_1_288' title='bbox 1048 2636 1102 2690; x_wconf 89' lang='lat' dir='ltr'><strong>in</strong></span> <span class='ocrx_word' id='word_1_289' title='bbox 1140 2636 1397 2706; x_wconf 89' lang='lat' dir='ltr'><strong>operibus</strong></span> <span class='ocrx_word' id='word_1_290' title='bbox 1441 2638 1553 2691; x_wconf 90' lang='lat' dir='ltr'><strong>suis</strong></span> <span class='ocrx_word' id='word_1_291' title='bbox 1598 2636 1635 2691; x_wconf 93' lang='lat' dir='ltr'><strong>l.</strong></span> <span class='ocrx_word' id='word_1_292' title='bbox 1688 2653 1752 2703; x_wconf 89' lang='lat' dir='ltr'><strong>v,</strong></span> <span class='ocrx_word' id='word_1_293' title='bbox 1786 2653 1838 2706; x_wconf 90' lang='lat' dir='ltr'><strong>p.</strong></span> <span class='ocrx_word' id='word_1_294' title='bbox 1893 2638 2015 2691; x_wconf 74' lang='lat' dir='ltr'><strong>H7.</strong></span> <span class='ocrx_word' id='word_1_295' title='bbox 2044 2638 2134 2691; x_wconf 86' lang='lat' dir='ltr'><strong>Ait</strong></span> <span class='ocrx_word' id='word_1_296' title='bbox 2168 2640 2311 2693; x_wconf 90' lang='lat' dir='ltr'><strong>enim</strong></span> <span class='ocrx_word' id='word_1_297' title='bbox 2352 2639 2453 2694; x_wconf 91' lang='lat' dir='ltr'><strong>ibi-</strong></span> 
     </span>
    </p>
   </div>
   <div class='ocr_carea' id='block_1_43' title="bbox 863 2724 2457 2793">
    <p class='ocr_par' dir='ltr' id='par_1_43' title="bbox 863 2724 2457 2793">
     <span class='ocr_line' id='line_1_43' title="bbox 863 2724 2457 2793; baseline 0.002 -14"><span class='ocrx_word' id='word_1_298' title='bbox 863 2726 1026 2783; x_wconf 88' lang='lat' dir='ltr'><strong>dem:</strong></span> <span class='ocrx_word' id='word_1_299' title='bbox 1081 2725 1275 2780; x_wconf 82' lang='lat' dir='ltr'><strong>Frater</strong></span> <span class='ocrx_word' id='word_1_300' title='bbox 1314 2724 1608 2791; x_wconf 83' lang='lat' dir='ltr'><strong>Villibaldi,</strong></span> <span class='ocrx_word' id='word_1_301' title='bbox 1658 2726 2017 2793; x_wconf 84' lang='lat' dir='ltr'><strong>Vunibaldus,</strong></span> <span class='ocrx_word' id='word_1_302' title='bbox 2070 2728 2457 2783; x_wconf 85' lang='lat' dir='ltr'><strong>Ileidenheimii</strong></span> 
     </span>
    </p>
   </div>
   <div class='ocr_carea' id='block_1_44' title="bbox 859 2814 2457 2886">
    <p class='ocr_par' dir='ltr' id='par_1_44' title="bbox 859 2814 2457 2886">
     <span class='ocr_line' id='line_1_44' title="bbox 859 2814 2457 2886; baseline 0.001 -16"><span class='ocrx_word' id='word_1_303' title='bbox 859 2818 1094 2871; x_wconf 85' lang='lat' dir='ltr'><strong>virorum</strong></span> <span class='ocrx_word' id='word_1_304' title='bbox 1142 2818 1554 2879; x_wconf 78' lang='lat' dir='ltr'><strong>monasterium,</strong></span> <span class='ocrx_word' id='word_1_305' title='bbox 1608 2814 1885 2886; x_wconf 83' lang='lat' dir='ltr'><strong>Valburgis</strong></span> <span class='ocrx_word' id='word_1_306' title='bbox 1928 2833 2080 2870; x_wconf 88' lang='lat' dir='ltr'><strong>soror</strong></span> <span class='ocrx_word' id='word_1_307' title='bbox 2135 2817 2457 2886; x_wconf 78' lang='lat' dir='ltr'><strong>feminarum</strong></span> 
     </span>
    </p>
   </div>
   <div class='ocr_carea' id='block_1_45' title="bbox 860 2908 2058 2980">
    <p class='ocr_par' dir='ltr' id='par_1_45' title="bbox 860 2908 2058 2980">
     <span class='ocr_line' id='line_1_45' title="bbox 860 2908 2058 2980; baseline 0.003 -19"><span class='ocrx_word' id='word_1_308' title='bbox 860 2908 1123 2962; x_wconf 75' lang='lat' dir='ltr'><strong>excitavit.</strong></span> <span class='ocrx_word' id='word_1_309' title='bbox 1154 2908 1307 2965; x_wconf 81' lang='lat' dir='ltr'><strong>Nunc</strong></span> <span class='ocrx_word' id='word_1_310' title='bbox 1338 2911 1403 2965; x_wconf 93' lang='lat' dir='ltr'><strong>ad</strong></span> <span class='ocrx_word' id='word_1_311' title='bbox 1428 2912 1517 2980; x_wconf 89' lang='lat' dir='ltr'><strong>jus</strong></span> <span class='ocrx_word' id='word_1_312' title='bbox 1545 2912 1725 2965; x_wconf 65' lang='lat' dir='ltr'><strong>saeculi</strong></span> <span class='ocrx_word' id='word_1_313' title='bbox 1758 2912 2058 2966; x_wconf 87' lang='lat' dir='ltr'><strong>redactum.</strong></span> 
     </span>
    </p>
   </div>
   <div class='ocr_carea' id='block_1_46' title="bbox 936 2997 2456 3070">
    <p class='ocr_par' dir='ltr' id='par_1_46' title="bbox 936 2997 2456 3070">
     <span class='ocr_line' id='line_1_46' title="bbox 936 2997 2456 3070; baseline 0.001 -17"><span class='ocrx_word' id='word_1_314' title='bbox 936 2997 1217 3069; x_wconf 84' lang='lat' dir='ltr'><strong>Sequitur,</strong></span> <span class='ocrx_word' id='word_1_315' title='bbox 1263 3000 1521 3056; x_wconf 83' lang='lat' dir='ltr'><strong>benevole</strong></span> <span class='ocrx_word' id='word_1_316' title='bbox 1573 3002 1761 3065; x_wconf 88' lang='lat' dir='ltr'><strong>lector,</strong></span> <span class='ocrx_word' id='word_1_317' title='bbox 1821 3010 1879 3055; x_wconf 91' lang='lat' dir='ltr'><strong>ut</strong></span> <span class='ocrx_word' id='word_1_318' title='bbox 1927 3016 2191 3070; x_wconf 83' lang='lat' dir='ltr'><strong>exponam</strong></span> <span class='ocrx_word' id='word_1_319' title='bbox 2223 3001 2456 3055; x_wconf 88' lang='lat' dir='ltr'><strong>instituti</strong></span> 
     </span>
    </p>
   </div>
   <div class='ocr_carea' id='block_1_47' title="bbox 863 3088 2457 3159">
    <p class='ocr_par' dir='ltr' id='par_1_47' title="bbox 863 3088 2457 3159">
     <span class='ocr_line' id='line_1_47' title="bbox 863 3088 2457 3159; baseline 0.001 -17"><span class='ocrx_word' id='word_1_320' title='bbox 863 3088 968 3143; x_wconf 92' lang='lat' dir='ltr'><strong>mei</strong></span> <span class='ocrx_word' id='word_1_321' title='bbox 1006 3104 1247 3156; x_wconf 87' lang='lat' dir='ltr'><strong>causam,</strong></span> <span class='ocrx_word' id='word_1_322' title='bbox 1296 3091 1647 3159; x_wconf 88' lang='lat' dir='ltr'><strong>quamobrem</strong></span> <span class='ocrx_word' id='word_1_323' title='bbox 1674 3091 1850 3146; x_wconf 90' lang='lat' dir='ltr'><strong>denuo</strong></span> <span class='ocrx_word' id='word_1_324' title='bbox 1885 3090 2218 3146; x_wconf 79' lang='lat' dir='ltr'><strong>edendorum</strong></span> <span class='ocrx_word' id='word_1_325' title='bbox 2249 3089 2457 3144; x_wconf 79' lang='lat' dir='ltr'><strong>Roswi-</strong></span> 
     </span>
    </p>
   </div>
   <div class='ocr_carea' id='block_1_48' title="bbox 868 3180 2456 3254">
    <p class='ocr_par' dir='ltr' id='par_1_48' title="bbox 868 3180 2456 3254">
     <span class='ocr_line' id='line_1_48' title="bbox 868 3180 2456 3254; baseline 0.001 -20"><span class='ocrx_word' id='word_1_326' title='bbox 868 3181 972 3235; x_wconf 83' lang='lat' dir='ltr'><strong>tbae</strong></span> <span class='ocrx_word' id='word_1_327' title='bbox 1020 3180 1256 3251; x_wconf 90' lang='lat' dir='ltr'><strong>Operum</strong></span> <span class='ocrx_word' id='word_1_328' title='bbox 1301 3182 1539 3238; x_wconf 86' lang='lat' dir='ltr'><strong>laborem</strong></span> <span class='ocrx_word' id='word_1_329' title='bbox 1586 3183 1939 3254; x_wconf 82' lang='lat' dir='ltr'><strong>susceperim,</strong></span> <span class='ocrx_word' id='word_1_330' title='bbox 1992 3183 2145 3252; x_wconf 87' lang='lat' dir='ltr'><strong>cujus</strong></span> <span class='ocrx_word' id='word_1_331' title='bbox 2188 3185 2456 3253; x_wconf 73' lang='lat' dir='ltr'><strong>pnecipue</strong></span> 
     </span>
    </p>
   </div>
   <div class='ocr_carea' id='block_1_49' title="bbox 869 3275 2459 3349">
    <p class='ocr_par' dir='ltr' id='par_1_49' title="bbox 869 3275 2459 3349">
     <span class='ocr_line' id='line_1_49' title="bbox 869 3275 2459 3349; baseline 0.003 -20"><span class='ocrx_word' id='word_1_332' title='bbox 869 3276 987 3330; x_wconf 75' lang='lat' dir='ltr'><strong>haec</strong></span> <span class='ocrx_word' id='word_1_333' title='bbox 1016 3290 1225 3329; x_wconf 89' lang='lat' dir='ltr'><strong>summa</strong></span> <span class='ocrx_word' id='word_1_334' title='bbox 1256 3275 1357 3329; x_wconf 82' lang='lat' dir='ltr'><strong>fuit</strong></span> <span class='ocrx_word' id='word_1_335' title='bbox 1384 3278 1523 3345; x_wconf 91' lang='lat' dir='ltr'><strong>quod</strong></span> <span class='ocrx_word' id='word_1_336' title='bbox 1551 3292 1616 3331; x_wconf 90' lang='lat' dir='ltr'><strong>eo</strong></span> <span class='ocrx_word' id='word_1_337' title='bbox 1642 3278 1859 3332; x_wconf 87' lang='lat' dir='ltr'><strong>nomine</strong></span> <span class='ocrx_word' id='word_1_338' title='bbox 1886 3278 2099 3347; x_wconf 91' lang='lat' dir='ltr'><strong>publice</strong></span> <span class='ocrx_word' id='word_1_339' title='bbox 2125 3294 2153 3331; x_wconf 91' lang='lat' dir='ltr'><strong>a</strong></span> <span class='ocrx_word' id='word_1_340' title='bbox 2190 3280 2301 3333; x_wconf 87' lang='lat' dir='ltr'><strong>viro</strong></span> <span class='ocrx_word' id='word_1_341' title='bbox 2325 3294 2459 3349; x_wconf 79' lang='lat' dir='ltr'><strong>quo-</strong></span> 
     </span>
    </p>
   </div>
   <div class='ocr_carea' id='block_1_50' title="bbox 864 3364 2459 3435">
    <p class='ocr_par' dir='ltr' id='par_1_50' title="bbox 864 3364 2459 3435">
     <span class='ocr_line' id='line_1_50' title="bbox 864 3364 2459 3435; baseline 0.004 -18"><span class='ocrx_word' id='word_1_342' title='bbox 864 3364 1006 3425; x_wconf 88' lang='lat' dir='ltr'><strong>dam,</strong></span> <span class='ocrx_word' id='word_1_343' title='bbox 1055 3365 1209 3434; x_wconf 89' lang='lat' dir='ltr'><strong>cujus</strong></span> <span class='ocrx_word' id='word_1_344' title='bbox 1256 3367 1395 3435; x_wconf 86' lang='lat' dir='ltr'><strong>apud</strong></span> <span class='ocrx_word' id='word_1_345' title='bbox 1446 3381 1531 3419; x_wconf 91' lang='lat' dir='ltr'><strong>me</strong></span> <span class='ocrx_word' id='word_1_346' title='bbox 1581 3367 1878 3421; x_wconf 85' lang='lat' dir='ltr'><strong>auctoritas</strong></span> <span class='ocrx_word' id='word_1_347' title='bbox 1910 3365 2070 3431; x_wconf 89' lang='lat' dir='ltr'><strong>valet,</strong></span> <span class='ocrx_word' id='word_1_348' title='bbox 2123 3366 2459 3423; x_wconf 88' lang='lat' dir='ltr'><strong>nobilissimo</strong></span> 
     </span>
    </p>
   </div>
   <div class='ocr_carea' id='block_1_51' title="bbox 866 3453 2456 3525">
    <p class='ocr_par' dir='ltr' id='par_1_51' title="bbox 866 3453 2456 3525">
     <span class='ocr_line' id='line_1_51' title="bbox 866 3453 2456 3525; baseline 0.003 -19"><span class='ocrx_word' id='word_1_349' title='bbox 866 3454 1123 3508; x_wconf 85' lang='lat' dir='ltr'><strong>invitatus</strong></span> <span class='ocrx_word' id='word_1_350' title='bbox 1150 3453 1368 3517; x_wconf 83' lang='lat' dir='ltr'><strong>fuerim,</strong></span> <span class='ocrx_word' id='word_1_351' title='bbox 1401 3456 1752 3510; x_wconf 80' lang='lat' dir='ltr'><strong>existimante</strong></span> <span class='ocrx_word' id='word_1_352' title='bbox 1805 3456 2025 3525; x_wconf 81' lang='lat' dir='ltr'><strong>dignum</strong></span> <span class='ocrx_word' id='word_1_353' title='bbox 2053 3455 2167 3511; x_wconf 84' lang='lat' dir='ltr'><strong>fore</strong></span> <span class='ocrx_word' id='word_1_354' title='bbox 2195 3458 2456 3524; x_wconf 86' lang='lat' dir='ltr'><strong>laborem,</strong></span> 
     </span>
    </p>
   </div>
   <div class='ocr_carea' id='block_1_52' title="bbox 868 3545 2461 3618">
    <p class='ocr_par' dir='ltr' id='par_1_52' title="bbox 868 3545 2461 3618">
     <span class='ocr_line' id='line_1_52' title="bbox 868 3545 2461 3618; baseline 0.004 -21"><span class='ocrx_word' id='word_1_355' title='bbox 868 3545 911 3598; x_wconf 86' lang='lat' dir='ltr'><strong>si</strong></span> <span class='ocrx_word' id='word_1_356' title='bbox 947 3545 1253 3607; x_wconf 77' lang='lat' dir='ltr'><strong>ltoswithae,</strong></span> <span class='ocrx_word' id='word_1_357' title='bbox 1285 3546 1512 3618; x_wconf 88' lang='lat' dir='ltr'><strong>virginis</strong></span> <span class='ocrx_word' id='word_1_358' title='bbox 1537 3546 1841 3610; x_wconf 65' lang='lat' dir='ltr'><strong>Saxorticw,</strong></span> <span class='ocrx_word' id='word_1_359' title='bbox 1874 3547 2128 3617; x_wconf 84' lang='lat' dir='ltr'><strong>opuscula</strong></span> <span class='ocrx_word' id='word_1_360' title='bbox 2148 3588 2162 3612; x_wconf 92' lang='lat'><strong>,</strong></span> <span class='ocrx_word' id='word_1_361' title='bbox 2188 3564 2308 3618; x_wconf 76' lang='lat' dir='ltr'><strong>quae</strong></span> <span class='ocrx_word' id='word_1_362' title='bbox 2334 3559 2461 3604; x_wconf 87' lang='lat' dir='ltr'><strong>ante</strong></span> 
     </span>
    </p>
   </div>
   <div class='ocr_carea' id='block_1_53' title="bbox 866 3636 2454 3709">
    <p class='ocr_par' dir='ltr' id='par_1_53' title="bbox 866 3636 2454 3709">
     <span class='ocr_line' id='line_1_53' title="bbox 866 3636 2454 3709; baseline 0.005 -22"><span class='ocrx_word' id='word_1_363' title='bbox 866 3636 1131 3691; x_wconf 89' lang='lat' dir='ltr'><strong>ducentos</strong></span> <span class='ocrx_word' id='word_1_364' title='bbox 1152 3646 1207 3690; x_wconf 91' lang='lat' dir='ltr'><strong>et</strong></span> <span class='ocrx_word' id='word_1_365' title='bbox 1230 3638 1411 3705; x_wconf 87' lang='lat' dir='ltr'><strong>plures</strong></span> <span class='ocrx_word' id='word_1_366' title='bbox 1428 3653 1622 3705; x_wconf 85' lang='lat' dir='ltr'><strong>annos,</strong></span> <span class='ocrx_word' id='word_1_367' title='bbox 1640 3638 1911 3709; x_wconf 89' lang='lat' dir='ltr'><strong>sigillatim</strong></span> <span class='ocrx_word' id='word_1_368' title='bbox 1937 3655 2079 3694; x_wconf 88' lang='lat' dir='ltr'><strong>anno</strong></span> <span class='ocrx_word' id='word_1_369' title='bbox 2102 3639 2304 3695; x_wconf 85' lang='lat' dir='ltr'><strong>Christi</strong></span> <span class='ocrx_word' id='word_1_370' title='bbox 2323 3641 2454 3695; x_wconf 82' lang='grc'><strong>1501</strong></span> 
     </span>
    </p>
   </div>
   <div class='ocr_carea' id='block_1_54' title="bbox 867 3727 2463 3800">
    <p class='ocr_par' dir='ltr' id='par_1_54' title="bbox 867 3727 2463 3800">
     <span class='ocr_line' id='line_1_54' title="bbox 867 3727 2463 3800; baseline 0.007 -21"><span class='ocrx_word' id='word_1_371' title='bbox 867 3727 996 3797; x_wconf 87' lang='lat' dir='ltr'><strong>(non</strong></span> <span class='ocrx_word' id='word_1_372' title='bbox 1030 3727 1189 3793; x_wconf 81' lang='grc'><strong>1505,</strong></span> <span class='ocrx_word' id='word_1_373' title='bbox 1223 3738 1281 3782; x_wconf 82' lang='grc' dir='ltr'><strong>ιιι</strong></span> <span class='ocrx_word' id='word_1_374' title='bbox 1315 3729 1398 3783; x_wconf 92' lang='lat' dir='ltr'><strong>vir</strong></span> <span class='ocrx_word' id='word_1_375' title='bbox 1447 3729 1681 3800; x_wconf 88' lang='lat' dir='ltr'><strong>inclytus</strong></span> <span class='ocrx_word' id='word_1_376' title='bbox 1728 3731 1937 3800; x_wconf 89' lang='lat' dir='ltr'><strong>putavit</strong></span> <span class='ocrx_word' id='word_1_377' title='bbox 1977 3732 2029 3786; x_wconf 92' lang='lat' dir='ltr'><strong>in</strong></span> <span class='ocrx_word' id='word_1_378' title='bbox 2062 3732 2463 3790; x_wconf 88' lang='lat' dir='ltr'><strong>introductione</strong></span> 
     </span>
    </p>
   </div>
   <div class='ocr_carea' id='block_1_55' title="bbox 867 3818 2462 3889">
    <p class='ocr_par' dir='ltr' id='par_1_55' title="bbox 867 3818 2462 3889">
     <span class='ocr_line' id='line_1_55' title="bbox 867 3818 2462 3889; baseline 0.007 -20"><span class='ocrx_word' id='word_1_379' title='bbox 867 3818 933 3872; x_wconf 82' lang='lat' dir='ltr'><strong>ad</strong></span> <span class='ocrx_word' id='word_1_380' title='bbox 967 3818 1162 3873; x_wconf 89' lang='lat' dir='ltr'><strong>librum</strong></span> <span class='ocrx_word' id='word_1_381' title='bbox 1199 3820 1445 3889; x_wconf 74' lang='lat' dir='ltr'><strong>proxime</strong></span> <span class='ocrx_word' id='word_1_382' title='bbox 1474 3819 1680 3874; x_wconf 90' lang='lat' dir='ltr'><strong>editum</strong></span> <span class='ocrx_word' id='word_1_383' title='bbox 1700 3860 1715 3884; x_wconf 90' lang='lat'><strong>,</strong></span> <span class='ocrx_word' id='word_1_384' title='bbox 1749 3821 1833 3875; x_wconf 94' lang='lat' dir='ltr'><strong>cui</strong></span> <span class='ocrx_word' id='word_1_385' title='bbox 1862 3821 2050 3876; x_wconf 92' lang='lat' dir='ltr'><strong>titulus</strong></span> <span class='ocrx_word' id='word_1_386' title='bbox 2076 3833 2162 3878; x_wconf 91' lang='lat' dir='ltr'><strong>est</strong></span> <span class='ocrx_word' id='word_1_387' title='bbox 2203 3823 2462 3880; x_wconf 89' lang='lat' dir='ltr'><strong>Collectio</strong></span> 
     </span>
    </p>
   </div>
   <div class='ocr_carea' id='block_1_56' title="bbox 870 3908 2462 3983">
    <p class='ocr_par' dir='ltr' id='par_1_56' title="bbox 870 3908 2462 3983">
     <span class='ocr_line' id='line_1_56' title="bbox 870 3908 2462 3983; baseline 0.007 -22"><span class='ocrx_word' id='word_1_388' title='bbox 870 3908 1208 3979; x_wconf 82' lang='lat' dir='ltr'><strong>Scriptorum</strong></span> <span class='ocrx_word' id='word_1_389' title='bbox 1262 3909 1464 3965; x_wconf 83' lang='lat' dir='ltr'><strong>Rerum</strong></span> <span class='ocrx_word' id='word_1_390' title='bbox 1516 3910 2076 3983; x_wconf 87' lang='lat' dir='ltr'><strong>Brunswicensium),</strong></span> <span class='ocrx_word' id='word_1_391' title='bbox 2131 3930 2159 3968; x_wconf 85' lang='lat' dir='ltr'><strong>a</strong></span> <span class='ocrx_word' id='word_1_392' title='bbox 2210 3917 2462 3973; x_wconf 86' lang='lat' dir='ltr'><strong>Conrado</strong></span> 
     </span>
    </p>
   </div>
   <div class='ocr_carea' id='block_1_57' title="bbox 867 3998 2462 4072">
    <p class='ocr_par' dir='ltr' id='par_1_57' title="bbox 867 3998 2462 4072">
     <span class='ocr_line' id='line_1_57' title="bbox 867 3998 2462 4072; baseline 0.006 -19"><span class='ocrx_word' id='word_1_393' title='bbox 867 3998 1017 4053; x_wconf 88' lang='lat' dir='ltr'><strong>Celte</strong></span> <span class='ocrx_word' id='word_1_394' title='bbox 1047 3998 1415 4072; x_wconf 70' lang='lat' dir='ltr'><strong>Norimbergre</strong></span> <span class='ocrx_word' id='word_1_395' title='bbox 1438 4001 1581 4056; x_wconf 88' lang='lat' dir='ltr'><strong>edita</strong></span> <span class='ocrx_word' id='word_1_396' title='bbox 1615 4010 1759 4067; x_wconf 89' lang='lat' dir='ltr'><strong>sunt,</strong></span> <span class='ocrx_word' id='word_1_397' title='bbox 1793 4012 1847 4058; x_wconf 90' lang='lat' dir='ltr'><strong>et</strong></span> <span class='ocrx_word' id='word_1_398' title='bbox 1889 4006 2228 4062; x_wconf 89' lang='lat' dir='ltr'><strong>nostratibus</strong></span> <span class='ocrx_word' id='word_1_399' title='bbox 2275 4008 2327 4061; x_wconf 92' lang='lat' dir='ltr'><strong>in</strong></span> <span class='ocrx_word' id='word_1_400' title='bbox 2380 4023 2462 4063; x_wconf 87' lang='lat' dir='ltr'><strong>re-</strong></span> 
     </span>
    </p>
   </div>
   <div class='ocr_carea' id='block_1_58' title="bbox 869 4090 2460 4166">
    <p class='ocr_par' dir='ltr' id='par_1_58' title="bbox 869 4090 2460 4166">
     <span class='ocr_line' id='line_1_58' title="bbox 869 4090 2460 4166; baseline 0.008 -23"><span class='ocrx_word' id='word_1_401' title='bbox 869 4090 1121 4160; x_wconf 81' lang='lat' dir='ltr'><strong>gionibus</strong></span> <span class='ocrx_word' id='word_1_402' title='bbox 1138 4090 1251 4159; x_wconf 83' lang='lat' dir='ltr'><strong>jam</strong></span> <span class='ocrx_word' id='word_1_403' title='bbox 1277 4093 1365 4147; x_wconf 82' lang='lat' dir='ltr'><strong>vix</strong></span> <span class='ocrx_word' id='word_1_404' title='bbox 1389 4094 1626 4163; x_wconf 88' lang='lat' dir='ltr'><strong>cognita,</strong></span> <span class='ocrx_word' id='word_1_405' title='bbox 1656 4094 1832 4149; x_wconf 92' lang='lat' dir='ltr'><strong>denuo</strong></span> <span class='ocrx_word' id='word_1_406' title='bbox 1857 4097 2163 4152; x_wconf 90' lang='lat' dir='ltr'><strong>recudenda</strong></span> <span class='ocrx_word' id='word_1_407' title='bbox 2189 4114 2460 4166; x_wconf 89' lang='lat' dir='ltr'><strong>curarem,</strong></span> 
     </span>
    </p>
   </div>
   <div class='ocr_carea' id='block_1_59' title="bbox 867 4182 2467 4259">
    <p class='ocr_par' dir='ltr' id='par_1_59' title="bbox 867 4182 2467 4259">
     <span class='ocr_line' id='line_1_59' title="bbox 867 4182 2467 4259; baseline 0.008 -23"><span class='ocrx_word' id='word_1_408' title='bbox 867 4190 924 4236; x_wconf 89' lang='lat' dir='ltr'><strong>et</strong></span> <span class='ocrx_word' id='word_1_409' title='bbox 968 4184 1035 4235; x_wconf 83' lang='lat' dir='ltr'><strong>ab</strong></span> <span class='ocrx_word' id='word_1_410' title='bbox 1077 4182 1291 4237; x_wconf 91' lang='lat' dir='ltr'><strong>iuﬁceto</strong></span> <span class='ocrx_word' id='word_1_411' title='bbox 1320 4185 1589 4240; x_wconf 89' lang='lat' dir='ltr'><strong>scribendi</strong></span> <span class='ocrx_word' id='word_1_412' title='bbox 1638 4201 1786 4241; x_wconf 92' lang='lat' dir='ltr'><strong>more</strong></span> <span class='ocrx_word' id='word_1_413' title='bbox 1816 4202 2185 4259; x_wconf 90' lang='lat' dir='ltr'><strong>repurgarem.</strong></span> <span class='ocrx_word' id='word_1_414' title='bbox 2221 4192 2371 4259; x_wconf 84' lang='lat' dir='ltr'><strong>Quod</strong></span> <span class='ocrx_word' id='word_1_415' title='bbox 2407 4203 2467 4249; x_wconf 95' lang='lat' dir='ltr'><strong>ut</strong></span> 
     </span>
    </p>
   </div>
   <div class='ocr_carea' id='block_1_60' title="bbox 871 4273 2465 4346">
    <p class='ocr_par' dir='ltr' id='par_1_60' title="bbox 871 4273 2465 4346">
     <span class='ocr_line' id='line_1_60' title="bbox 871 4273 2465 4346; baseline 0.008 -18"><span class='ocrx_word' id='word_1_416' title='bbox 871 4273 1161 4329; x_wconf 91' lang='lat' dir='ltr'><strong>consilium</strong></span> <span class='ocrx_word' id='word_1_417' title='bbox 1190 4276 1383 4330; x_wconf 89' lang='lat' dir='ltr'><strong>inirem</strong></span> <span class='ocrx_word' id='word_1_418' title='bbox 1402 4320 1415 4340; x_wconf 89' lang='lat'><strong>,</strong></span> <span class='ocrx_word' id='word_1_419' title='bbox 1446 4278 1629 4346; x_wconf 86' lang='lat' dir='ltr'><strong>operis</strong></span> <span class='ocrx_word' id='word_1_420' title='bbox 1652 4276 1970 4346; x_wconf 89' lang='lat' dir='ltr'><strong>jucunditas</strong></span> <span class='ocrx_word' id='word_1_421' title='bbox 2000 4298 2088 4338; x_wconf 88' lang='lat' dir='ltr'><strong>me</strong></span> <span class='ocrx_word' id='word_1_422' title='bbox 2118 4284 2325 4339; x_wconf 76' lang='lat' dir='ltr'><strong>induxit</strong></span> <span class='ocrx_word' id='word_1_423' title='bbox 2354 4302 2465 4341; x_wconf 86' lang='lat' dir='ltr'><strong>ma-</strong></span> 
     </span>
    </p>
   </div>
   <div class='ocr_carea' id='block_1_61' title="bbox 870 4362 2467 4437">
    <p class='ocr_par' dir='ltr' id='par_1_61' title="bbox 870 4362 2467 4437">
     <span class='ocr_line' id='line_1_61' title="bbox 870 4362 2467 4437; baseline 0.008 -20"><span class='ocrx_word' id='word_1_424' title='bbox 870 4362 1039 4427; x_wconf 80' lang='lat' dir='ltr'><strong>xime,</strong></span> <span class='ocrx_word' id='word_1_425' title='bbox 1074 4379 1196 4419; x_wconf 82' lang='lat' dir='ltr'><strong>cum</strong></span> <span class='ocrx_word' id='word_1_426' title='bbox 1230 4365 1587 4437; x_wconf 83' lang='lat' dir='ltr'><strong>intelligerem</strong></span> <span class='ocrx_word' id='word_1_427' title='bbox 1614 4368 1924 4424; x_wconf 91' lang='lat' dir='ltr'><strong>institutum</strong></span> <span class='ocrx_word' id='word_1_428' title='bbox 1958 4371 2061 4426; x_wconf 91' lang='lat' dir='ltr'><strong>hoc</strong></span> <span class='ocrx_word' id='word_1_429' title='bbox 2090 4372 2243 4437; x_wconf 90' lang='lat' dir='ltr'><strong>mihi,</strong></span> <span class='ocrx_word' id='word_1_430' title='bbox 2283 4375 2335 4428; x_wconf 90' lang='lat' dir='ltr'><strong>in</strong></span> <span class='ocrx_word' id='word_1_431' title='bbox 2368 4390 2467 4431; x_wconf 90' lang='lat' dir='ltr'><strong>an-</strong></span> 
     </span>
    </p>
   </div>
   <div class='ocr_carea' id='block_1_62' title="bbox 870 4454 2463 4523">
    <p class='ocr_par' dir='ltr' id='par_1_62' title="bbox 870 4454 2463 4523">
     <span class='ocr_line' id='line_1_62' title="bbox 870 4454 2463 4523; baseline 0.011 -17"><span class='ocrx_word' id='word_1_432' title='bbox 870 4454 1019 4523; x_wconf 86' lang='lat' dir='ltr'><strong>tiqua</strong></span> <span class='ocrx_word' id='word_1_433' title='bbox 1068 4454 1303 4511; x_wconf 80' lang='lat' dir='ltr'><strong>Saxonia</strong></span> <span class='ocrx_word' id='word_1_434' title='bbox 1353 4468 1503 4523; x_wconf 87' lang='lat' dir='ltr'><strong>nato,</strong></span> <span class='ocrx_word' id='word_1_435' title='bbox 1538 4476 1644 4515; x_wconf 91' lang='lat' dir='ltr'><strong>non</strong></span> <span class='ocrx_word' id='word_1_436' title='bbox 1694 4470 1903 4516; x_wconf 91' lang='lat' dir='ltr'><strong>tantum</strong></span> <span class='ocrx_word' id='word_1_437' title='bbox 1955 4463 2315 4520; x_wconf 91' lang='lat' dir='ltr'><strong>honoriﬁcmn</strong></span> <span class='ocrx_word' id='word_1_438' title='bbox 2369 4468 2463 4523; x_wconf 89' lang='lat' dir='ltr'><strong>sed</strong></span> 
     </span>
    </p>
   </div>
   <div class='ocr_carea' id='block_1_63' title="bbox 869 4546 2462 4625">
    <p class='ocr_par' dir='ltr' id='par_1_63' title="bbox 869 4546 2462 4625">
     <span class='ocr_line' id='line_1_63' title="bbox 869 4546 2462 4625; baseline 0.01 -25"><span class='ocrx_word' id='word_1_439' title='bbox 869 4546 1035 4601; x_wconf 90' lang='lat' dir='ltr'><strong>etiam</strong></span> <span class='ocrx_word' id='word_1_440' title='bbox 1086 4549 1324 4619; x_wconf 75' lang='lat' dir='ltr'><strong>antiquae</strong></span> <span class='ocrx_word' id='word_1_441' title='bbox 1374 4550 1651 4607; x_wconf 83' lang='lat' dir='ltr'><strong>Saxonum</strong></span> <span class='ocrx_word' id='word_1_442' title='bbox 1696 4556 1841 4625; x_wconf 89' lang='lat' dir='ltr'><strong>genti</strong></span> <span class='ocrx_word' id='word_1_443' title='bbox 1894 4555 2187 4625; x_wconf 90' lang='lat' dir='ltr'><strong>gloriosum</strong></span> <span class='ocrx_word' id='word_1_444' title='bbox 2233 4558 2368 4625; x_wconf 81' lang='lat' dir='ltr'><strong>fore,</strong></span> <span class='ocrx_word' id='word_1_445' title='bbox 2416 4562 2462 4616; x_wconf 90' lang='lat' dir='ltr'><strong>si</strong></span> 
     </span>
    </p>
   </div>
   <div class='ocr_carea' id='block_1_64' title="bbox 870 4641 2465 4719">
    <p class='ocr_par' dir='ltr' id='par_1_64' title="bbox 870 4641 2465 4719">
     <span class='ocr_line' id='line_1_64' title="bbox 870 4641 2465 4719; baseline 0.01 -27"><span class='ocrx_word' id='word_1_446' title='bbox 870 4648 1112 4707; x_wconf 59' lang='lat' dir='ltr'><strong>coeptum</strong></span> <span class='ocrx_word' id='word_1_447' title='bbox 1143 4641 1429 4696; x_wconf 82' lang='lat' dir='ltr'><strong>consilium</strong></span> <span class='ocrx_word' id='word_1_448' title='bbox 1459 4658 1852 4715; x_wconf 86' lang='lat' dir='ltr'><strong>persequerer,</strong></span> <span class='ocrx_word' id='word_1_449' title='bbox 1886 4649 2207 4719; x_wconf 88' lang='lat' dir='ltr'><strong>eruditoque</strong></span> <span class='ocrx_word' id='word_1_450' title='bbox 2232 4652 2346 4707; x_wconf 91' lang='lat' dir='ltr'><strong>orbi</strong></span> <span class='ocrx_word' id='word_1_451' title='bbox 2373 4652 2465 4708; x_wconf 90' lang='lat' dir='ltr'><strong>de-</strong></span> 
     </span>
    </p>
   </div>
   <div class='ocr_carea' id='block_1_65' title="bbox 870 4730 2464 4816">
    <p class='ocr_par' dir='ltr' id='par_1_65' title="bbox 870 4730 2464 4816">
     <span class='ocr_line' id='line_1_65' title="bbox 870 4730 2464 4816; baseline 0.011 -33"><span class='ocrx_word' id='word_1_452' title='bbox 870 4730 1137 4787; x_wconf 87' lang='lat' dir='ltr'><strong>clararem</strong></span> <span class='ocrx_word' id='word_1_453' title='bbox 1184 4734 1398 4803; x_wconf 86' lang='lat' dir='ltr'><strong>qualem</strong></span> <span class='ocrx_word' id='word_1_454' title='bbox 1447 4735 1681 4792; x_wconf 83' lang='lat' dir='ltr'><strong>Saxonia</strong></span> <span class='ocrx_word' id='word_1_455' title='bbox 1710 4740 1974 4809; x_wconf 84' lang='lat' dir='ltr'><strong>virginem</strong></span> <span class='ocrx_word' id='word_1_456' title='bbox 2003 4744 2250 4813; x_wconf 90' lang='lat' dir='ltr'><strong>genuerit</strong></span> <span class='ocrx_word' id='word_1_457' title='bbox 2298 4752 2464 4816; x_wconf 87' lang='lat' dir='ltr'><strong>atque</strong></span> 
     </span>
    </p>
   </div>
   <div class='ocr_carea' id='block_1_66' title="bbox 874 4822 2463 4901">
    <p class='ocr_par' dir='ltr' id='par_1_66' title="bbox 874 4822 2463 4901">
     <span class='ocr_line' id='line_1_66' title="bbox 874 4822 2463 4901; baseline 0.011 -27"><span class='ocrx_word' id='word_1_458' title='bbox 874 4822 926 4875; x_wconf 91' lang='lat' dir='ltr'><strong>in</strong></span> <span class='ocrx_word' id='word_1_459' title='bbox 958 4822 1077 4877; x_wconf 91' lang='lat' dir='ltr'><strong>sinu</strong></span> <span class='ocrx_word' id='word_1_460' title='bbox 1111 4838 1210 4879; x_wconf 83' lang='lat' dir='ltr'><strong>suo</strong></span> <span class='ocrx_word' id='word_1_461' title='bbox 1240 4825 1457 4891; x_wconf 82' lang='lat' dir='ltr'><strong>aluerit,</strong></span> <span class='ocrx_word' id='word_1_462' title='bbox 1483 4829 1696 4885; x_wconf 81' lang='lat' dir='ltr'><strong>sarculis</strong></span> <span class='ocrx_word' id='word_1_463' title='bbox 1727 4830 1845 4886; x_wconf 89' lang='lat' dir='ltr'><strong>istis</strong></span> <span class='ocrx_word' id='word_1_464' title='bbox 1871 4834 2170 4901; x_wconf 58' lang='lat' dir='ltr'><strong>praesertim</strong></span> <span class='ocrx_word' id='word_1_465' title='bbox 2194 4836 2463 4901; x_wconf 91' lang='lat' dir='ltr'><strong>obscuris,</strong></span> 
     </span>
    </p>
   </div>
   <div class='ocr_carea' id='block_1_67' title="bbox 872 4913 2464 4982">
    <p class='ocr_par' dir='ltr' id='par_1_67' title="bbox 872 4913 2464 4982">
     <span class='ocr_line' id='line_1_67' title="bbox 872 4913 2464 4982; baseline 0.011 -17"><span class='ocrx_word' id='word_1_466' title='bbox 872 4913 1071 4981; x_wconf 92' lang='lat' dir='ltr'><strong>quibus</strong></span> <span class='ocrx_word' id='word_1_467' title='bbox 1098 4914 1255 4970; x_wconf 80' lang='lat' dir='ltr'><strong>bonae</strong></span> <span class='ocrx_word' id='word_1_468' title='bbox 1300 4925 1448 4973; x_wconf 89' lang='lat' dir='ltr'><strong>artes</strong></span> <span class='ocrx_word' id='word_1_469' title='bbox 1487 4928 1539 4973; x_wconf 89' lang='lat' dir='ltr'><strong>et</strong></span> <span class='ocrx_word' id='word_1_470' title='bbox 1578 4919 1769 4977; x_wconf 86' lang='lat' dir='ltr'><strong>litterae</strong></span> <span class='ocrx_word' id='word_1_471' title='bbox 1822 4936 1851 4976; x_wconf 89' lang='lat' dir='ltr'><strong>a</strong></span> <span class='ocrx_word' id='word_1_472' title='bbox 1882 4923 2015 4978; x_wconf 89' lang='lat' dir='ltr'><strong>viris</strong></span> <span class='ocrx_word' id='word_1_473' title='bbox 2054 4924 2283 4980; x_wconf 83' lang='lat' dir='ltr'><strong>aberant</strong></span> <span class='ocrx_word' id='word_1_474' title='bbox 2328 4935 2383 4982; x_wconf 89' lang='lat' dir='ltr'><strong>et</strong></span> <span class='ocrx_word' id='word_1_475' title='bbox 2410 4927 2464 4982; x_wconf 94' lang='lat' dir='ltr'><strong>in</strong></span> 
     </span>
    </p>
   </div>
   <div class='ocr_carea' id='block_1_68' title="bbox 874 5004 2467 5090">
    <p class='ocr_par' dir='ltr' id='par_1_68' title="bbox 874 5004 2467 5090">
     <span class='ocr_line' id='line_1_68' title="bbox 874 5004 2467 5090; baseline 0.01 -31"><span class='ocrx_word' id='word_1_476' title='bbox 874 5004 1166 5062; x_wconf 87' lang='lat' dir='ltr'><strong>Germania</strong></span> <span class='ocrx_word' id='word_1_477' title='bbox 1204 5006 1319 5063; x_wconf 83' lang='lat' dir='ltr'><strong>fere</strong></span> <span class='ocrx_word' id='word_1_478' title='bbox 1359 5010 1757 5069; x_wconf 81' lang='lat' dir='ltr'><strong>exsoleverant.</strong></span> <span class='ocrx_word' id='word_1_479' title='bbox 1800 5014 1962 5069; x_wconf 85' lang='lat' dir='ltr'><strong>Certe</strong></span> <span class='ocrx_word' id='word_1_480' title='bbox 1999 5017 2312 5081; x_wconf 89' lang='lat' dir='ltr'><strong>miriﬁcum,</strong></span> <span class='ocrx_word' id='word_1_481' title='bbox 2359 5034 2467 5090; x_wconf 90' lang='lat' dir='ltr'><strong>quo</strong></span> 
     </span>
    </p>
   </div>
   <div class='ocr_carea' id='block_1_69' title="bbox 876 5092 2465 5173">
    <p class='ocr_par' dir='ltr' id='par_1_69' title="bbox 876 5092 2465 5173">
     <span class='ocr_line' id='line_1_69' title="bbox 876 5092 2465 5173; baseline 0.011 -26"><span class='ocrx_word' id='word_1_482' title='bbox 876 5092 1134 5162; x_wconf 87' lang='lat' dir='ltr'><strong>pollebat,</strong></span> <span class='ocrx_word' id='word_1_483' title='bbox 1172 5097 1448 5168; x_wconf 88' lang='lat' dir='ltr'><strong>ingenium</strong></span> <span class='ocrx_word' id='word_1_484' title='bbox 1486 5104 1623 5159; x_wconf 88' lang='lat' dir='ltr'><strong>adeo</strong></span> <span class='ocrx_word' id='word_1_485' title='bbox 1651 5103 1902 5173; x_wconf 86' lang='lat' dir='ltr'><strong>probavit</strong></span> <span class='ocrx_word' id='word_1_486' title='bbox 1945 5107 2218 5173; x_wconf 91' lang='lat' dir='ltr'><strong>onmibus,</strong></span> <span class='ocrx_word' id='word_1_487' title='bbox 2266 5118 2325 5162; x_wconf 88' lang='lat' dir='ltr'><strong>ut</strong></span> <span class='ocrx_word' id='word_1_488' title='bbox 2360 5125 2465 5165; x_wconf 90' lang='lat' dir='ltr'><strong>non</strong></span> 
     </span>
    </p>
   </div>
   <div class='ocr_carea' id='block_1_70' title="bbox 878 5188 2468 5267">
    <p class='ocr_par' dir='ltr' id='par_1_70' title="bbox 878 5188 2468 5267">
     <span class='ocr_line' id='line_1_70' title="bbox 878 5188 2468 5267; baseline 0.011 -30"><span class='ocrx_word' id='word_1_489' title='bbox 878 5192 1086 5239; x_wconf 90' lang='lat' dir='ltr'><strong>tantum</strong></span> <span class='ocrx_word' id='word_1_490' title='bbox 1111 5188 1319 5255; x_wconf 67' lang='lat' dir='ltr'><strong>saeculi,</strong></span> <span class='ocrx_word' id='word_1_491' title='bbox 1358 5203 1543 5246; x_wconf 87' lang='lat' dir='ltr'><strong>verum</strong></span> <span class='ocrx_word' id='word_1_492' title='bbox 1574 5193 1741 5248; x_wconf 89' lang='lat' dir='ltr'><strong>etiam</strong></span> <span class='ocrx_word' id='word_1_493' title='bbox 1782 5193 2030 5251; x_wconf 91' lang='lat' dir='ltr'><strong>mulieris</strong></span> <span class='ocrx_word' id='word_1_494' title='bbox 2060 5206 2276 5267; x_wconf 89' lang='lat' dir='ltr'><strong>captum</strong></span> <span class='ocrx_word' id='word_1_495' title='bbox 2308 5212 2468 5254; x_wconf 81' lang='lat' dir='ltr'><strong>exce-</strong></span> 
     </span>
    </p>
   </div>
   <div class='ocr_carea' id='block_1_71' title="bbox 874 5278 2469 5361">
    <p class='ocr_par' dir='ltr' id='par_1_71' title="bbox 874 5278 2469 5361">
     <span class='ocr_line' id='line_1_71' title="bbox 874 5278 2469 5361; baseline 0.011 -29"><span class='ocrx_word' id='word_1_496' title='bbox 874 5278 1047 5345; x_wconf 89' lang='lat' dir='ltr'><strong>deret,</strong></span> <span class='ocrx_word' id='word_1_497' title='bbox 1075 5296 1270 5352; x_wconf 83' lang='lat' dir='ltr'><strong>magno</strong></span> <span class='ocrx_word' id='word_1_498' title='bbox 1291 5297 1425 5340; x_wconf 86' lang='lat' dir='ltr'><strong>sane</strong></span> <span class='ocrx_word' id='word_1_499' title='bbox 1459 5284 1730 5353; x_wconf 73' lang='lat' dir='ltr'><strong>Saxonize,</strong></span> <span class='ocrx_word' id='word_1_500' title='bbox 1765 5298 1820 5342; x_wconf 91' lang='lat' dir='ltr'><strong>et</strong></span> <span class='ocrx_word' id='word_1_501' title='bbox 1849 5289 1916 5344; x_wconf 89' lang='lat' dir='ltr'><strong>ad</strong></span> <span class='ocrx_word' id='word_1_502' title='bbox 1941 5304 2157 5347; x_wconf 90' lang='lat' dir='ltr'><strong>omnem</strong></span> <span class='ocrx_word' id='word_1_503' title='bbox 2185 5295 2469 5361; x_wconf 90' lang='lat' dir='ltr'><strong>posterita-</strong></span> 
     </span>
    </p>
   </div>
   <div class='ocr_carea' id='block_1_72' title="bbox 877 5373 2464 5453">
    <p class='ocr_par' dir='ltr' id='par_1_72' title="bbox 877 5373 2464 5453">
     <span class='ocr_line' id='line_1_72' title="bbox 877 5373 2464 5453; baseline 0.009 -31"><span class='ocrx_word' id='word_1_504' title='bbox 877 5378 987 5424; x_wconf 86' lang='lat' dir='ltr'><strong>tem</strong></span> <span class='ocrx_word' id='word_1_505' title='bbox 1017 5373 1385 5442; x_wconf 86' lang='lat' dir='ltr'><strong>prOpagando,</strong></span> <span class='ocrx_word' id='word_1_506' title='bbox 1442 5375 1686 5432; x_wconf 90' lang='lat' dir='ltr'><strong>mulieris</strong></span> <span class='ocrx_word' id='word_1_507' title='bbox 1735 5378 2149 5449; x_wconf 73' lang='lat' dir='ltr'><strong>sapientissimae</strong></span> <span class='ocrx_word' id='word_1_508' title='bbox 2198 5383 2464 5453; x_wconf 81' lang='lat' dir='ltr'><strong>exemplo.</strong></span> 
     </span>
    </p>
   </div>
   <div class='ocr_carea' id='block_1_73' title="bbox 877 5458 2464 5539">
    <p class='ocr_par' dir='ltr' id='par_1_73' title="bbox 877 5458 2464 5539">
     <span class='ocr_line' id='line_1_73' title="bbox 877 5458 2464 5539; baseline 0.008 -26"><span class='ocrx_word' id='word_1_509' title='bbox 877 5458 1013 5516; x_wconf 86' lang='lat' dir='ltr'><strong>Tum</strong></span> <span class='ocrx_word' id='word_1_510' title='bbox 1045 5477 1173 5517; x_wconf 88' lang='lat' dir='ltr'><strong>vero</strong></span> <span class='ocrx_word' id='word_1_511' title='bbox 1214 5463 1354 5519; x_wconf 90' lang='lat' dir='ltr'><strong>lectu</strong></span> <span class='ocrx_word' id='word_1_512' title='bbox 1388 5466 1541 5521; x_wconf 87' lang='lat' dir='ltr'><strong>utilia</strong></span> <span class='ocrx_word' id='word_1_513' title='bbox 1573 5468 1689 5525; x_wconf 81' lang='lat' dir='ltr'><strong>haec</strong></span> <span class='ocrx_word' id='word_1_514' title='bbox 1724 5470 1980 5539; x_wconf 91' lang='lat' dir='ltr'><strong>opuscula</strong></span> <span class='ocrx_word' id='word_1_515' title='bbox 2009 5473 2232 5527; x_wconf 89' lang='lat' dir='ltr'><strong>omnino</strong></span> <span class='ocrx_word' id='word_1_516' title='bbox 2254 5474 2464 5538; x_wconf 89' lang='lat' dir='ltr'><strong>censui,</strong></span> 
     </span>
    </p>
   </div>
   <div class='ocr_carea' id='block_1_74' title="bbox 2491 4506 2542 4566">
    <p class='ocr_par' dir='ltr' id='par_1_74' title="bbox 2491 4506 2542 4566">
     <span class='ocr_line' id='line_1_74' title="bbox 2491 4506 2542 4566; baseline 0 0"><span class='ocrx_word' id='word_1_517' title='bbox 2491 4506 2542 4566; x_wconf 86' lang='lat' dir='ltr'><strong>D</strong></span> 
     </span>
    </p>
   </div>
   <div class='ocr_carea' id='block_1_75' title="bbox 2554 1908 4135 1984">
    <p class='ocr_par' dir='ltr' id='par_1_75' title="bbox 2554 1908 4135 1984">
     <span class='ocr_line' id='line_1_75' title="bbox 2554 1908 4135 1984; baseline 0.004 -22"><span class='ocrx_word' id='word_1_518' title='bbox 2554 1908 2943 1979; x_wconf 90' lang='lat' dir='ltr'><strong>conscriptum,</strong></span> <span class='ocrx_word' id='word_1_519' title='bbox 2983 1924 3169 1964; x_wconf 89' lang='lat' dir='ltr'><strong>rursus</strong></span> <span class='ocrx_word' id='word_1_520' title='bbox 3215 1911 3267 1963; x_wconf 92' lang='lat' dir='ltr'><strong>in</strong></span> <span class='ocrx_word' id='word_1_521' title='bbox 3320 1910 3495 1965; x_wconf 90' lang='lat' dir='ltr'><strong>lucem</strong></span> <span class='ocrx_word' id='word_1_522' title='bbox 3536 1912 3864 1967; x_wconf 89' lang='lat' dir='ltr'><strong>emisissent.</strong></span> <span class='ocrx_word' id='word_1_523' title='bbox 3903 1914 3977 1968; x_wconf 90' lang='lat' dir='ltr'><strong>Ita</strong></span> <span class='ocrx_word' id='word_1_524' title='bbox 4006 1929 4135 1984; x_wconf 74' lang='lat' dir='ltr'><strong>prte-</strong></span> 
     </span>
    </p>
   </div>
   <div class='ocr_carea' id='block_1_76' title="bbox 2554 1999 4136 2071">
    <p class='ocr_par' dir='ltr' id='par_1_76' title="bbox 2554 1999 4136 2071">
     <span class='ocr_line' id='line_1_76' title="bbox 2554 1999 4136 2071; baseline 0.004 -18"><span class='ocrx_word' id='word_1_525' title='bbox 2554 1999 2731 2054; x_wconf 90' lang='lat' dir='ltr'><strong>dictus</strong></span> <span class='ocrx_word' id='word_1_526' title='bbox 2764 1999 3056 2054; x_wconf 78' lang='lat' dir='ltr'><strong>Roswitlne</strong></span> <span class='ocrx_word' id='word_1_527' title='bbox 3102 1999 3463 2071; x_wconf 86' lang='lat' dir='ltr'><strong>Panegyricus</strong></span> <span class='ocrx_word' id='word_1_528' title='bbox 3508 2003 3733 2056; x_wconf 89' lang='lat' dir='ltr'><strong>seorsim</strong></span> <span class='ocrx_word' id='word_1_529' title='bbox 3777 2004 3953 2058; x_wconf 90' lang='lat' dir='ltr'><strong>editus</strong></span> <span class='ocrx_word' id='word_1_530' title='bbox 3981 2014 4034 2058; x_wconf 92' lang='lat' dir='ltr'><strong>et</strong></span> <span class='ocrx_word' id='word_1_531' title='bbox 4065 2005 4136 2059; x_wconf 78' lang='lat' dir='ltr'><strong>in-</strong></span> 
     </span>
    </p>
   </div>
   <div class='ocr_carea' id='block_1_77' title="bbox 2555 2090 4137 2165">
    <p class='ocr_par' dir='ltr' id='par_1_77' title="bbox 2555 2090 4137 2165">
     <span class='ocr_line' id='line_1_77' title="bbox 2555 2090 4137 2165; baseline 0.004 -21"><span class='ocrx_word' id='word_1_532' title='bbox 2555 2105 2727 2145; x_wconf 69' lang='lat' dir='ltr'><strong>nexus</strong></span> <span class='ocrx_word' id='word_1_533' title='bbox 2774 2100 2859 2145; x_wconf 92' lang='lat' dir='ltr'><strong>est</strong></span> <span class='ocrx_word' id='word_1_534' title='bbox 2899 2090 3215 2146; x_wconf 86' lang='lat' dir='ltr'><strong>Collectioni</strong></span> <span class='ocrx_word' id='word_1_535' title='bbox 3280 2093 3603 2161; x_wconf 91' lang='lat' dir='ltr'><strong>scriptorum</strong></span> <span class='ocrx_word' id='word_1_536' title='bbox 3653 2092 3995 2159; x_wconf 78' lang='lat' dir='ltr'><strong>Germaniae,</strong></span> <span class='ocrx_word' id='word_1_537' title='bbox 4045 2110 4137 2165; x_wconf 87' lang='lat' dir='ltr'><strong>per</strong></span> 
     </span>
    </p>
   </div>
   <div class='ocr_carea' id='block_1_78' title="bbox 2554 2180 4138 2247">
    <p class='ocr_par' dir='ltr' id='par_1_78' title="bbox 2554 2180 4138 2247">
     <span class='ocr_line' id='line_1_78' title="bbox 2554 2180 4138 2247; baseline 0.004 -11"><span class='ocrx_word' id='word_1_538' title='bbox 2554 2182 2765 2236; x_wconf 65' lang='lat' dir='ltr'><strong>iustum</strong></span> <span class='ocrx_word' id='word_1_539' title='bbox 2790 2182 3117 2246; x_wconf 86' lang='lat' dir='ltr'><strong>Rcuberum,</strong></span> <span class='ocrx_word' id='word_1_540' title='bbox 3152 2180 3410 2237; x_wconf 68' lang='lat' dir='ltr'><strong>llanoviaa</strong></span> <span class='ocrx_word' id='word_1_541' title='bbox 3442 2182 3599 2247; x_wconf 83' lang='grc'><strong>1619,</strong></span> <span class='ocrx_word' id='word_1_542' title='bbox 3626 2192 3736 2237; x_wconf 91' lang='lat' dir='ltr'><strong>tum</strong></span> <span class='ocrx_word' id='word_1_543' title='bbox 3765 2200 3953 2241; x_wconf 87' lang='lat' dir='ltr'><strong>rursus</strong></span> <span class='ocrx_word' id='word_1_544' title='bbox 3982 2185 4138 2241; x_wconf 82' lang='lat' dir='ltr'><strong>Fran-</strong></span> 
     </span>
    </p>
   </div>
   <div class='ocr_carea' id='block_1_79' title="bbox 2555 2272 4135 2347">
    <p class='ocr_par' dir='ltr' id='par_1_79' title="bbox 2555 2272 4135 2347">
     <span class='ocr_line' id='line_1_79' title="bbox 2555 2272 4135 2347; baseline 0.004 -20"><span class='ocrx_word' id='word_1_545' title='bbox 2555 2273 2750 2327; x_wconf 85' lang='lat' dir='ltr'><strong>cot‘urti</strong></span> <span class='ocrx_word' id='word_1_546' title='bbox 2810 2276 2874 2327; x_wconf 91' lang='lat' dir='ltr'><strong>ad</strong></span> <span class='ocrx_word' id='word_1_547' title='bbox 2956 2272 3193 2328; x_wconf 61' lang='lat' dir='ltr'><strong>Manum</strong></span> <span class='ocrx_word' id='word_1_548' title='bbox 3250 2273 3399 2343; x_wconf 92' lang='lat' dir='ltr'><strong>prelo</strong></span> <span class='ocrx_word' id='word_1_549' title='bbox 3471 2275 3798 2331; x_wconf 91' lang='lat' dir='ltr'><strong>Aubriorum</strong></span> <span class='ocrx_word' id='word_1_550' title='bbox 3853 2292 4135 2347; x_wconf 80' lang='lat' dir='ltr'><strong>expressus</strong></span> 
     </span>
    </p>
   </div>
   <div class='ocr_carea' id='block_1_80' title="bbox 2557 2362 4137 2437">
    <p class='ocr_par' dir='ltr' id='par_1_80' title="bbox 2557 2362 4137 2437">
     <span class='ocr_line' id='line_1_80' title="bbox 2557 2362 4137 2437; baseline 0.004 -20"><span class='ocrx_word' id='word_1_551' title='bbox 2557 2378 2700 2417; x_wconf 91' lang='lat' dir='ltr'><strong>anno</strong></span> <span class='ocrx_word' id='word_1_552' title='bbox 2731 2362 2890 2425; x_wconf 72' lang='lat'><strong>1621,</strong></span> <span class='ocrx_word' id='word_1_553' title='bbox 2923 2372 3083 2433; x_wconf 89' lang='lat' dir='ltr'><strong>atque</strong></span> <span class='ocrx_word' id='word_1_554' title='bbox 3113 2363 3433 2420; x_wconf 81' lang='lat' dir='ltr'><strong>Witichindi</strong></span> <span class='ocrx_word' id='word_1_555' title='bbox 3462 2364 3711 2421; x_wconf 76' lang='lat' dir='ltr'><strong>Historiae</strong></span> <span class='ocrx_word' id='word_1_556' title='bbox 3740 2368 3985 2437; x_wconf 91' lang='lat' dir='ltr'><strong>junctus,</strong></span> <span class='ocrx_word' id='word_1_557' title='bbox 4016 2385 4137 2424; x_wconf 87' lang='lat' dir='ltr'><strong>cura</strong></span> 
     </span>
    </p>
   </div>
   <div class='ocr_carea' id='block_1_81' title="bbox 2556 2453 4131 2527">
    <p class='ocr_par' dir='ltr' id='par_1_81' title="bbox 2556 2453 4131 2527">
     <span class='ocr_line' id='line_1_81' title="bbox 2556 2453 4131 2527; baseline 0.003 -18"><span class='ocrx_word' id='word_1_558' title='bbox 2556 2454 2771 2511; x_wconf 83' lang='lat' dir='ltr'><strong>Henrici</strong></span> <span class='ocrx_word' id='word_1_559' title='bbox 2802 2453 3070 2509; x_wconf 82' lang='lat' dir='ltr'><strong>Meibomii</strong></span> <span class='ocrx_word' id='word_1_560' title='bbox 3105 2454 3362 2515; x_wconf 90' lang='lat' dir='ltr'><strong>Senioris,</strong></span> <span class='ocrx_word' id='word_1_561' title='bbox 3396 2456 3485 2523; x_wconf 90' lang='lat' dir='ltr'><strong>qui</strong></span> <span class='ocrx_word' id='word_1_562' title='bbox 3520 2465 3674 2511; x_wconf 91' lang='lat' dir='ltr'><strong>notas</strong></span> <span class='ocrx_word' id='word_1_563' title='bbox 3706 2458 3968 2527; x_wconf 87' lang='lat' dir='ltr'><strong>quasdam</strong></span> <span class='ocrx_word' id='word_1_564' title='bbox 4001 2458 4131 2527; x_wconf 89' lang='lat' dir='ltr'><strong>adje-</strong></span> 
     </span>
    </p>
   </div>
   <div class='ocr_carea' id='block_1_82' title="bbox 2558 2543 4135 2614">
    <p class='ocr_par' dir='ltr' id='par_1_82' title="bbox 2558 2543 4135 2614">
     <span class='ocr_line' id='line_1_82' title="bbox 2558 2543 4135 2614; baseline 0.003 -15"><span class='ocrx_word' id='word_1_565' title='bbox 2558 2544 2664 2611; x_wconf 91' lang='lat' dir='ltr'><strong>cit;</strong></span> <span class='ocrx_word' id='word_1_566' title='bbox 2699 2544 2890 2599; x_wconf 92' lang='lat' dir='ltr'><strong>deinde</strong></span> <span class='ocrx_word' id='word_1_567' title='bbox 2922 2543 3064 2598; x_wconf 88' lang='lat' dir='ltr'><strong>haud</strong></span> <span class='ocrx_word' id='word_1_568' title='bbox 3094 2544 3302 2613; x_wconf 91' lang='lat' dir='ltr'><strong>pridem</strong></span> <span class='ocrx_word' id='word_1_569' title='bbox 3334 2559 3362 2597; x_wconf 91' lang='lat' dir='ltr'><strong>a</strong></span> <span class='ocrx_word' id='word_1_570' title='bbox 3390 2543 3612 2600; x_wconf 84' lang='lat' dir='ltr'><strong>Juniore</strong></span> <span class='ocrx_word' id='word_1_571' title='bbox 3637 2545 3800 2601; x_wconf 84' lang='lat' dir='ltr'><strong>Henr.</strong></span> <span class='ocrx_word' id='word_1_572' title='bbox 3834 2546 4135 2614; x_wconf 80' lang='lat' dir='ltr'><strong>Meibomio,</strong></span> 
     </span>
    </p>
   </div>
   <div class='ocr_carea' id='block_1_83' title="bbox 2558 2634 4139 2708">
    <p class='ocr_par' dir='ltr' id='par_1_83' title="bbox 2558 2634 4139 2708">
     <span class='ocr_line' id='line_1_83' title="bbox 2558 2634 4139 2708; baseline 0.004 -20"><span class='ocrx_word' id='word_1_573' title='bbox 2558 2635 2734 2690; x_wconf 82' lang='lat' dir='ltr'><strong>amico</strong></span> <span class='ocrx_word' id='word_1_574' title='bbox 2766 2634 2953 2689; x_wconf 81' lang='lat' dir='ltr'><strong>fratris</strong></span> <span class='ocrx_word' id='word_1_575' title='bbox 3000 2637 3105 2690; x_wconf 91' lang='lat' dir='ltr'><strong>mei</strong></span> <span class='ocrx_word' id='word_1_576' title='bbox 3155 2634 3438 2705; x_wconf 85' lang='lat' dir='ltr'><strong>singulari,</strong></span> <span class='ocrx_word' id='word_1_577' title='bbox 3482 2636 3575 2690; x_wconf 89' lang='lat' dir='ltr'><strong>sed</strong></span> <span class='ocrx_word' id='word_1_578' title='bbox 3618 2652 3813 2708; x_wconf 88' lang='lat' dir='ltr'><strong>magno</strong></span> <span class='ocrx_word' id='word_1_579' title='bbox 3841 2637 4139 2694; x_wconf 71' lang='lat' dir='ltr'><strong>Germaniae</strong></span> 
     </span>
    </p>
   </div>
   <div class='ocr_carea' id='block_1_84' title="bbox 2558 2729 4140 2803">
    <p class='ocr_par' dir='ltr' id='par_1_84' title="bbox 2558 2729 4140 2803">
     <span class='ocr_line' id='line_1_84' title="bbox 2558 2729 4140 2803; baseline 0.004 -21"><span class='ocrx_word' id='word_1_580' title='bbox 2558 2729 2757 2784; x_wconf 88' lang='lat' dir='ltr'><strong>damno</strong></span> <span class='ocrx_word' id='word_1_581' title='bbox 2782 2729 3153 2798; x_wconf 90' lang='lat' dir='ltr'><strong>superioribus</strong></span> <span class='ocrx_word' id='word_1_582' title='bbox 3177 2729 3337 2785; x_wconf 91' lang='lat' dir='ltr'><strong>annis</strong></span> <span class='ocrx_word' id='word_1_583' title='bbox 3368 2729 3639 2797; x_wconf 86' lang='lat' dir='ltr'><strong>defuncto,</strong></span> <span class='ocrx_word' id='word_1_584' title='bbox 3669 2740 3811 2787; x_wconf 81' lang='lat' dir='ltr'><strong>tome</strong></span> <span class='ocrx_word' id='word_1_585' title='bbox 3836 2731 3953 2802; x_wconf 91' lang='lat' dir='ltr'><strong>ejus</strong></span> <span class='ocrx_word' id='word_1_586' title='bbox 3973 2733 4140 2803; x_wconf 92' lang='lat' dir='ltr'><strong>primo</strong></span> 
     </span>
    </p>
   </div>
   <div class='ocr_carea' id='block_1_85' title="bbox 2559 2817 3531 2875">
    <p class='ocr_par' dir='ltr' id='par_1_85' title="bbox 2559 2817 3531 2875">
     <span class='ocr_line' id='line_1_85' title="bbox 2559 2817 3531 2875; baseline 0.001 -3"><span class='ocrx_word' id='word_1_587' title='bbox 2559 2818 2759 2873; x_wconf 81' lang='lat' dir='ltr'><strong>Rerum</strong></span> <span class='ocrx_word' id='word_1_588' title='bbox 2786 2817 3232 2874; x_wconf 88' lang='lat' dir='ltr'><strong>Germanicarum</strong></span> <span class='ocrx_word' id='word_1_589' title='bbox 3275 2820 3531 2875; x_wconf 91' lang='lat' dir='ltr'><strong>insertus.</strong></span> 
     </span>
    </p>
   </div>
   <div class='ocr_carea' id='block_1_86' title="bbox 2629 2909 4139 2969">
    <p class='ocr_par' dir='ltr' id='par_1_86' title="bbox 2629 2909 4139 2969">
     <span class='ocr_line' id='line_1_86' title="bbox 2629 2909 4139 2969; baseline 0.003 -7"><span class='ocrx_word' id='word_1_590' title='bbox 2629 2909 2711 2962; x_wconf 87' lang='lat' dir='ltr'><strong>Ad</strong></span> <span class='ocrx_word' id='word_1_591' title='bbox 2764 2917 3066 2963; x_wconf 79' lang='lat' dir='ltr'><strong>extremum</strong></span> <span class='ocrx_word' id='word_1_592' title='bbox 3115 2910 3181 2962; x_wconf 91' lang='lat' dir='ltr'><strong>de</strong></span> <span class='ocrx_word' id='word_1_593' title='bbox 3210 2909 3459 2965; x_wconf 91' lang='lat' dir='ltr'><strong>Conrado</strong></span> <span class='ocrx_word' id='word_1_594' title='bbox 3507 2910 3657 2967; x_wconf 90' lang='lat' dir='ltr'><strong>Celte</strong></span> <span class='ocrx_word' id='word_1_595' title='bbox 3681 2921 3736 2967; x_wconf 92' lang='lat' dir='ltr'><strong>et</strong></span> <span class='ocrx_word' id='word_1_596' title='bbox 3780 2913 3832 2967; x_wconf 90' lang='lat' dir='ltr'><strong>id</strong></span> <span class='ocrx_word' id='word_1_597' title='bbox 3867 2912 4139 2969; x_wconf 87' lang='lat' dir='ltr'><strong>observari</strong></span> 
     </span>
    </p>
   </div>
   <div class='ocr_carea' id='block_1_87' title="bbox 2558 2990 4142 3074">
    <p class='ocr_par' dir='ltr' id='par_1_87' title="bbox 2558 2990 4142 3074">
     <span class='ocr_line' id='line_1_87' title="bbox 2558 2990 4142 3074; baseline 0.004 -22"><span class='ocrx_word' id='word_1_598' title='bbox 2558 3015 2658 3069; x_wconf 83' lang='lat' dir='ltr'><strong>par</strong></span> <span class='ocrx_word' id='word_1_599' title='bbox 2688 3008 2789 3063; x_wconf 89' lang='lat' dir='ltr'><strong>est,</strong></span> <span class='ocrx_word' id='word_1_600' title='bbox 2826 3000 2969 3069; x_wconf 89' lang='lat' dir='ltr'><strong>quod</strong></span> <span class='ocrx_word' id='word_1_601' title='bbox 3013 2999 3436 3055; x_wconf 88' lang='lat' dir='ltr'><strong>dissimulaverit</strong></span> <span class='ocrx_word' id='word_1_602' title='bbox 3484 2990 3895 3067; x_wconf 81' lang='lat' dir='ltr'><strong>monasterium,</strong></span> <span class='ocrx_word' id='word_1_603' title='bbox 3928 3018 3994 3058; x_wconf 81' lang='lat' dir='ltr'><strong>ex</strong></span> <span class='ocrx_word' id='word_1_604' title='bbox 4040 3018 4142 3074; x_wconf 88' lang='lat' dir='ltr'><strong>quo</strong></span> 
     </span>
    </p>
   </div>
   <div class='ocr_carea' id='block_1_88' title="bbox 2562 3089 4141 3159">
    <p class='ocr_par' dir='ltr' id='par_1_88' title="bbox 2562 3089 4141 3159">
     <span class='ocr_line' id='line_1_88' title="bbox 2562 3089 4141 3159; baseline 0.001 -14"><span class='ocrx_word' id='word_1_605' title='bbox 2562 3105 2685 3145; x_wconf 72' lang='lat' dir='ltr'><strong>cum</strong></span> <span class='ocrx_word' id='word_1_606' title='bbox 2728 3104 2793 3145; x_wconf 89' lang='lat' dir='ltr'><strong>eo</strong></span> <span class='ocrx_word' id='word_1_607' title='bbox 2835 3090 3003 3145; x_wconf 84' lang='lat' dir='ltr'><strong>codex</strong></span> <span class='ocrx_word' id='word_1_608' title='bbox 3054 3106 3155 3145; x_wconf 90' lang='lat' dir='ltr'><strong>ms.</strong></span> <span class='ocrx_word' id='word_1_609' title='bbox 3205 3089 3493 3145; x_wconf 73' lang='lat' dir='ltr'><strong>Roswithae</strong></span> <span class='ocrx_word' id='word_1_610' title='bbox 3548 3090 3649 3145; x_wconf 80' lang='lat' dir='ltr'><strong>fuit</strong></span> <span class='ocrx_word' id='word_1_611' title='bbox 3695 3093 4141 3159; x_wconf 87' lang='lat' dir='ltr'><strong>communicatus,</strong></span> 
     </span>
    </p>
   </div>
   <div class='ocr_carea' id='block_1_89' title="bbox 2563 3179 4145 3251">
    <p class='ocr_par' dir='ltr' id='par_1_89' title="bbox 2563 3179 4145 3251">
     <span class='ocr_line' id='line_1_89' title="bbox 2563 3179 4145 3251; baseline 0.003 -19"><span class='ocrx_word' id='word_1_612' title='bbox 2563 3179 3001 3249; x_wconf 66' lang='lat' dir='ltr'><strong>quandoquidem</strong></span> <span class='ocrx_word' id='word_1_613' title='bbox 3034 3180 3085 3234; x_wconf 88' lang='lat' dir='ltr'><strong>id</strong></span> <span class='ocrx_word' id='word_1_614' title='bbox 3119 3180 3231 3235; x_wconf 72' lang='lat' dir='ltr'><strong>haec</strong></span> <span class='ocrx_word' id='word_1_615' title='bbox 3259 3181 3424 3235; x_wconf 86' lang='lat' dir='ltr'><strong>verba</strong></span> <span class='ocrx_word' id='word_1_616' title='bbox 3465 3189 3733 3236; x_wconf 88' lang='lat' dir='ltr'><strong>testantur</strong></span> <span class='ocrx_word' id='word_1_617' title='bbox 3760 3197 3878 3251; x_wconf 76' lang='lat' dir='ltr'><strong>quae</strong></span> <span class='ocrx_word' id='word_1_618' title='bbox 3904 3183 3956 3237; x_wconf 90' lang='lat' dir='ltr'><strong>in</strong></span> <span class='ocrx_word' id='word_1_619' title='bbox 3986 3181 4145 3238; x_wconf 85' lang='lat' dir='ltr'><strong>Celtis</strong></span> 
     </span>
    </p>
   </div>
   <div class='ocr_carea' id='block_1_90' title="bbox 2562 3268 4143 3343">
    <p class='ocr_par' dir='ltr' id='par_1_90' title="bbox 2562 3268 4143 3343">
     <span class='ocr_line' id='line_1_90' title="bbox 2562 3268 4143 3343; baseline 0.003 -21"><span class='ocrx_word' id='word_1_620' title='bbox 2562 3268 2880 3339; x_wconf 73' lang='lat' dir='ltr'><strong>praefatione</strong></span> <span class='ocrx_word' id='word_1_621' title='bbox 2901 3269 2967 3323; x_wconf 90' lang='lat' dir='ltr'><strong>ad</strong></span> <span class='ocrx_word' id='word_1_622' title='bbox 2996 3268 3333 3323; x_wconf 81' lang='lat' dir='ltr'><strong>Roswitham</strong></span> <span class='ocrx_word' id='word_1_623' title='bbox 3356 3269 3605 3340; x_wconf 79' lang='lat' dir='ltr'><strong>leguntur</strong></span> <span class='ocrx_word' id='word_1_624' title='bbox 3628 3288 3640 3323; x_wconf 89' lang='lat'><strong>:</strong></span> <span class='ocrx_word' id='word_1_625' title='bbox 3672 3270 3801 3325; x_wconf 86' lang='lat' dir='ltr'><strong>Cum</strong></span> <span class='ocrx_word' id='word_1_626' title='bbox 3826 3272 4025 3343; x_wconf 84' lang='lat' dir='ltr'><strong>itaque,</strong></span> <span class='ocrx_word' id='word_1_627' title='bbox 4048 3272 4143 3339; x_wconf 83' lang='lat' dir='ltr'><strong>ait,</strong></span> 
     </span>
    </p>
   </div>
   <div class='ocr_carea' id='block_1_91' title="bbox 2564 3362 4149 3437">
    <p class='ocr_par' dir='ltr' id='par_1_91' title="bbox 2564 3362 4149 3437">
     <span class='ocr_line' id='line_1_91' title="bbox 2564 3362 4149 3437; baseline 0.003 -22"><span class='ocrx_word' id='word_1_628' title='bbox 2564 3378 2729 3433; x_wconf 84' lang='lat' dir='ltr'><strong>nuper</strong></span> <span class='ocrx_word' id='word_1_629' title='bbox 2751 3362 2865 3431; x_wconf 88' lang='lat' dir='ltr'><strong>ejus</strong></span> <span class='ocrx_word' id='word_1_630' title='bbox 2893 3362 3065 3431; x_wconf 84' lang='lat' dir='ltr'><strong>gratia</strong></span> <span class='ocrx_word' id='word_1_631' title='bbox 3087 3378 3298 3432; x_wconf 87' lang='lat' dir='ltr'><strong>peregre</strong></span> <span class='ocrx_word' id='word_1_632' title='bbox 3334 3363 3598 3431; x_wconf 87' lang='lat' dir='ltr'><strong>profectus</strong></span> <span class='ocrx_word' id='word_1_633' title='bbox 3643 3363 3879 3432; x_wconf 89' lang='lat' dir='ltr'><strong>fuissem,</strong></span> <span class='ocrx_word' id='word_1_634' title='bbox 3919 3365 4149 3437; x_wconf 87' lang='lat' dir='ltr'><strong>forteque</strong></span> 
     </span>
    </p>
   </div>
   <div class='ocr_carea' id='block_1_92' title="bbox 2568 3453 4150 3528">
    <p class='ocr_par' dir='ltr' id='par_1_92' title="bbox 2568 3453 4150 3528">
     <span class='ocr_line' id='line_1_92' title="bbox 2568 3453 4150 3528; baseline 0.002 -21"><span class='ocrx_word' id='word_1_635' title='bbox 2568 3455 2624 3509; x_wconf 88' lang='lat' dir='ltr'><strong>in</strong></span> <span class='ocrx_word' id='word_1_636' title='bbox 2664 3455 2952 3509; x_wconf 72' lang='lat' dir='ltr'><strong>cwnobium</strong></span> <span class='ocrx_word' id='word_1_637' title='bbox 2987 3454 3187 3507; x_wconf 78' lang='lat' dir='ltr'><strong>ordinis</strong></span> <span class='ocrx_word' id='word_1_638' title='bbox 3217 3453 3278 3509; x_wconf 89' lang='lat' dir='ltr'><strong>S.</strong></span> <span class='ocrx_word' id='word_1_639' title='bbox 3304 3454 3573 3508; x_wconf 82' lang='lat' dir='ltr'><strong>Benedicti</strong></span> <span class='ocrx_word' id='word_1_640' title='bbox 3594 3456 3955 3521; x_wconf 88' lang='lat' dir='ltr'><strong>concesissem,</strong></span> <span class='ocrx_word' id='word_1_641' title='bbox 3986 3458 4150 3528; x_wconf 87' lang='lat' dir='ltr'><strong>reperi</strong></span> 
     </span>
    </p>
   </div>
   <div class='ocr_carea' id='block_1_93' title="bbox 2563 3541 4150 3611">
    <p class='ocr_par' dir='ltr' id='par_1_93' title="bbox 2563 3541 4150 3611">
     <span class='ocr_line' id='line_1_93' title="bbox 2563 3541 4150 3611; baseline 0.002 -13"><span class='ocrx_word' id='word_1_642' title='bbox 2563 3543 2964 3607; x_wconf 78' lang='lat' dir='ltr'><strong>vetulissimum,</strong></span> <span class='ocrx_word' id='word_1_643' title='bbox 2994 3543 3170 3597; x_wconf 87' lang='lat' dir='ltr'><strong>littera</strong></span> <span class='ocrx_word' id='word_1_644' title='bbox 3212 3543 3374 3611; x_wconf 87' lang='lat' dir='ltr'><strong>fernte</strong></span> <span class='ocrx_word' id='word_1_645' title='bbox 3402 3541 3623 3597; x_wconf 76' lang='lat' dir='ltr'><strong>Gothica</strong></span> <span class='ocrx_word' id='word_1_646' title='bbox 3655 3555 3702 3598; x_wconf 88' lang='lat' dir='ltr'><strong>et</strong></span> <span class='ocrx_word' id='word_1_647' title='bbox 3730 3545 3964 3600; x_wconf 85' lang='lat' dir='ltr'><strong>mulieris</strong></span> <span class='ocrx_word' id='word_1_648' title='bbox 3993 3563 4150 3601; x_wconf 89' lang='lat' dir='ltr'><strong>manu</strong></span> 
     </span>
    </p>
   </div>
   <div class='ocr_carea' id='block_1_94' title="bbox 2565 3635 4153 3708">
    <p class='ocr_par' dir='ltr' id='par_1_94' title="bbox 2565 3635 4153 3708">
     <span class='ocr_line' id='line_1_94' title="bbox 2565 3635 4153 3708; baseline 0.003 -19"><span class='ocrx_word' id='word_1_649' title='bbox 2565 3636 2939 3705; x_wconf 85' lang='lat' dir='ltr'><strong>conscriptum,</strong></span> <span class='ocrx_word' id='word_1_650' title='bbox 2972 3636 3221 3700; x_wconf 85' lang='lat' dir='ltr'><strong>codicem,</strong></span> <span class='ocrx_word' id='word_1_651' title='bbox 3252 3635 3349 3689; x_wconf 87' lang='lat' dir='ltr'><strong>sub</strong></span> <span class='ocrx_word' id='word_1_652' title='bbox 3391 3635 3543 3690; x_wconf 85' lang='lat' dir='ltr'><strong>titulo</strong></span> <span class='ocrx_word' id='word_1_653' title='bbox 3582 3646 3629 3690; x_wconf 88' lang='lat' dir='ltr'><strong>et</strong></span> <span class='ocrx_word' id='word_1_654' title='bbox 3674 3638 4015 3708; x_wconf 81' lang='lat' dir='ltr'><strong>inscriptione</strong></span> <span class='ocrx_word' id='word_1_655' title='bbox 4057 3641 4153 3693; x_wconf 77' lang='lat' dir='ltr'><strong>vir-</strong></span> 
     </span>
    </p>
   </div>
   <div class='ocr_carea' id='block_1_95' title="bbox 2564 3723 4153 3798">
    <p class='ocr_par' dir='ltr' id='par_1_95' title="bbox 2564 3723 4153 3798">
     <span class='ocr_line' id='line_1_95' title="bbox 2564 3723 4153 3798; baseline 0.004 -18"><span class='ocrx_word' id='word_1_656' title='bbox 2564 3726 2700 3797; x_wconf 87' lang='lat' dir='ltr'><strong>ginis</strong></span> <span class='ocrx_word' id='word_1_657' title='bbox 2745 3735 2792 3780; x_wconf 87' lang='lat' dir='ltr'><strong>et</strong></span> <span class='ocrx_word' id='word_1_658' title='bbox 2836 3726 3083 3779; x_wconf 84' lang='lat' dir='ltr'><strong>monialis</strong></span> <span class='ocrx_word' id='word_1_659' title='bbox 3131 3723 3463 3791; x_wconf 72' lang='lat' dir='ltr'><strong>Germanice,</strong></span> <span class='ocrx_word' id='word_1_660' title='bbox 3511 3737 3658 3797; x_wconf 87' lang='lat' dir='ltr'><strong>gente</strong></span> <span class='ocrx_word' id='word_1_661' title='bbox 3699 3727 3987 3784; x_wconf 68' lang='lat' dir='ltr'><strong>Sasonica.</strong></span> <span class='ocrx_word' id='word_1_662' title='bbox 4040 3731 4153 3798; x_wconf 85' lang='lat' dir='ltr'><strong>Quo</strong></span> 
     </span>
    </p>
   </div>
   <div class='ocr_carea' id='block_1_96' title="bbox 2566 3818 4152 3893">
    <p class='ocr_par' dir='ltr' id='par_1_96' title="bbox 2566 3818 4152 3893">
     <span class='ocr_line' id='line_1_96' title="bbox 2566 3818 4152 3893; baseline 0.003 -20"><span class='ocrx_word' id='word_1_663' title='bbox 2566 3818 2967 3873; x_wconf 89' lang='lat' dir='ltr'><strong>continebantur</strong></span> <span class='ocrx_word' id='word_1_664' title='bbox 3008 3836 3069 3873; x_wconf 92' lang='lat' dir='ltr'><strong>ea</strong></span> <span class='ocrx_word' id='word_1_665' title='bbox 3090 3836 3208 3889; x_wconf 75' lang='lat' dir='ltr'><strong>qua:</strong></span> <span class='ocrx_word' id='word_1_666' title='bbox 3246 3819 3303 3873; x_wconf 90' lang='lat' dir='ltr'><strong>in</strong></span> <span class='ocrx_word' id='word_1_667' title='bbox 3333 3818 3507 3889; x_wconf 87' lang='lat' dir='ltr'><strong>fronte</strong></span> <span class='ocrx_word' id='word_1_668' title='bbox 3536 3830 3583 3875; x_wconf 89' lang='lat' dir='ltr'><strong>et</strong></span> <span class='ocrx_word' id='word_1_669' title='bbox 3614 3821 3785 3875; x_wconf 84' lang='lat' dir='ltr'><strong>indice</strong></span> <span class='ocrx_word' id='word_1_670' title='bbox 3814 3822 3974 3893; x_wconf 79' lang='lat' dir='ltr'><strong>hujus</strong></span> <span class='ocrx_word' id='word_1_671' title='bbox 4012 3825 4152 3878; x_wconf 77' lang='lat' dir='ltr'><strong>volu-</strong></span> 
     </span>
    </p>
   </div>
   <div class='ocr_carea' id='block_1_97' title="bbox 2566 3908 4152 3984">
    <p class='ocr_par' dir='ltr' id='par_1_97' title="bbox 2566 3908 4152 3984">
     <span class='ocr_line' id='line_1_97' title="bbox 2566 3908 4152 3984; baseline 0.006 -23"><span class='ocrx_word' id='word_1_672' title='bbox 2566 3908 2722 3962; x_wconf 84' lang='lat' dir='ltr'><strong>minis</strong></span> <span class='ocrx_word' id='word_1_673' title='bbox 2748 3909 3100 3962; x_wconf 85' lang='lat' dir='ltr'><strong>continentur.</strong></span> <span class='ocrx_word' id='word_1_674' title='bbox 3129 3908 3308 3976; x_wconf 87' lang='lat' dir='ltr'><strong>Quare</strong></span> <span class='ocrx_word' id='word_1_675' title='bbox 3338 3908 3574 3966; x_wconf 83' lang='lat' dir='ltr'><strong>Joannes</strong></span> <span class='ocrx_word' id='word_1_676' title='bbox 3606 3911 3907 3967; x_wconf 83' lang='lat' dir='ltr'><strong>Aventinus</strong></span> <span class='ocrx_word' id='word_1_677' title='bbox 3938 3914 3989 3967; x_wconf 93' lang='lat' dir='ltr'><strong>in</strong></span> <span class='ocrx_word' id='word_1_678' title='bbox 4020 3931 4152 3984; x_wconf 75' lang='lat' dir='ltr'><strong>prae-</strong></span> 
     </span>
    </p>
   </div>
   <div class='ocr_carea' id='block_1_98' title="bbox 2567 3998 4150 4075">
    <p class='ocr_par' dir='ltr' id='par_1_98' title="bbox 2567 3998 4150 4075">
     <span class='ocr_line' id='line_1_98' title="bbox 2567 3998 4150 4075; baseline 0.006 -24"><span class='ocrx_word' id='word_1_679' title='bbox 2567 3998 2770 4054; x_wconf 82' lang='lat' dir='ltr'><strong>tatione</strong></span> <span class='ocrx_word' id='word_1_680' title='bbox 2794 3998 2846 4053; x_wconf 94' lang='lat' dir='ltr'><strong>in</strong></span> <span class='ocrx_word' id='word_1_681' title='bbox 2878 3998 3056 4053; x_wconf 84' lang='lat' dir='ltr'><strong>Vitam</strong></span> <span class='ocrx_word' id='word_1_682' title='bbox 3090 3998 3305 4055; x_wconf 83' lang='lat' dir='ltr'><strong>Henrici</strong></span> <span class='ocrx_word' id='word_1_683' title='bbox 3335 4000 3424 4065; x_wconf 81' lang='lat' dir='ltr'><strong>IV,</strong></span> <span class='ocrx_word' id='word_1_684' title='bbox 3457 4001 3686 4057; x_wconf 83' lang='lat' dir='ltr'><strong>Caesaris</strong></span> <span class='ocrx_word' id='word_1_685' title='bbox 3707 4002 3956 4075; x_wconf 84' lang='lat' dir='ltr'><strong>Augusti,</strong></span> <span class='ocrx_word' id='word_1_686' title='bbox 3982 4007 4068 4061; x_wconf 77' lang='lat' dir='ltr'><strong>vix</strong></span> <span class='ocrx_word' id='word_1_687' title='bbox 4094 4022 4150 4061; x_wconf 91' lang='lat' dir='ltr'><strong>se</strong></span> 
     </span>
    </p>
   </div>
   <div class='ocr_carea' id='block_1_99' title="bbox 2566 4091 4152 4162">
    <p class='ocr_par' dir='ltr' id='par_1_99' title="bbox 2566 4091 4152 4162">
     <span class='ocr_line' id='line_1_99' title="bbox 2566 4091 4152 4162; baseline 0.004 -17"><span class='ocrx_word' id='word_1_688' title='bbox 2566 4091 2849 4146; x_wconf 89' lang='lat' dir='ltr'><strong>continere</strong></span> <span class='ocrx_word' id='word_1_689' title='bbox 2880 4092 3053 4161; x_wconf 91' lang='lat' dir='ltr'><strong>potuit</strong></span> <span class='ocrx_word' id='word_1_690' title='bbox 3081 4092 3208 4161; x_wconf 90' lang='lat' dir='ltr'><strong>quin</strong></span> <span class='ocrx_word' id='word_1_691' title='bbox 3243 4092 3666 4162; x_wconf 87' lang='lat' dir='ltr'><strong>reprehenderet</strong></span> <span class='ocrx_word' id='word_1_692' title='bbox 3694 4094 4003 4150; x_wconf 90' lang='lat' dir='ltr'><strong>Conradum</strong></span> <span class='ocrx_word' id='word_1_693' title='bbox 4032 4096 4152 4152; x_wconf 86' lang='lat' dir='ltr'><strong>Cel-</strong></span> 
     </span>
    </p>
   </div>
   <div class='ocr_carea' id='block_1_100' title="bbox 2567 4187 4153 4253">
    <p class='ocr_par' dir='ltr' id='par_1_100' title="bbox 2567 4187 4153 4253">
     <span class='ocr_line' id='line_1_100' title="bbox 2567 4187 4153 4253; baseline 0.004 -17"><span class='ocrx_word' id='word_1_694' title='bbox 2567 4194 2696 4243; x_wconf 88' lang='lat' dir='ltr'><strong>tem.</strong></span> <span class='ocrx_word' id='word_1_695' title='bbox 2731 4196 2891 4252; x_wconf 92' lang='lat' dir='ltr'><strong>quem</strong></span> <span class='ocrx_word' id='word_1_696' title='bbox 2939 4191 3328 4253; x_wconf 69' lang='lat' dir='ltr'><strong>praeceptorem</strong></span> <span class='ocrx_word' id='word_1_697' title='bbox 3380 4200 3536 4240; x_wconf 87' lang='lat' dir='ltr'><strong>suum</strong></span> <span class='ocrx_word' id='word_1_698' title='bbox 3565 4196 3721 4241; x_wconf 86' lang='lat' dir='ltr'><strong>vocat</strong></span> <span class='ocrx_word' id='word_1_699' title='bbox 3753 4187 3805 4241; x_wconf 94' lang='lat' dir='ltr'><strong>in</strong></span> <span class='ocrx_word' id='word_1_700' title='bbox 3854 4189 4153 4244; x_wconf 79' lang='lat' dir='ltr'><strong>Annalibus</strong></span> 
     </span>
    </p>
   </div>
   <div class='ocr_carea' id='block_1_101' title="bbox 2567 4270 4151 4341">
    <p class='ocr_par' dir='ltr' id='par_1_101' title="bbox 2567 4270 4151 4341">
     <span class='ocr_line' id='line_1_101' title="bbox 2567 4270 4151 4341; baseline 0.006 -17"><span class='ocrx_word' id='word_1_701' title='bbox 2567 4270 2783 4333; x_wconf 82' lang='lat' dir='ltr'><strong>Boicis,</strong></span> <span class='ocrx_word' id='word_1_702' title='bbox 2836 4284 2889 4339; x_wconf 93' lang='lat' dir='ltr'><strong>p.</strong></span> <span class='ocrx_word' id='word_1_703' title='bbox 2938 4271 2993 4337; x_wconf 83' lang='grc'><strong>1,</strong></span> <span class='ocrx_word' id='word_1_704' title='bbox 3051 4272 3195 4341; x_wconf 92' lang='lat' dir='ltr'><strong>quod</strong></span> <span class='ocrx_word' id='word_1_705' title='bbox 3237 4272 3519 4328; x_wconf 91' lang='lat' dir='ltr'><strong>reticuerit</strong></span> <span class='ocrx_word' id='word_1_706' title='bbox 3566 4289 3761 4330; x_wconf 90' lang='lat' dir='ltr'><strong>nomen</strong></span> <span class='ocrx_word' id='word_1_707' title='bbox 3839 4279 4151 4333; x_wconf 82' lang='lat' dir='ltr'><strong>monasterii</strong></span> 
     </span>
    </p>
   </div>
   <div class='ocr_carea' id='block_1_102' title="bbox 2568 4361 4149 4441">
    <p class='ocr_par' dir='ltr' id='par_1_102' title="bbox 2568 4361 4149 4441">
     <span class='ocr_line' id='line_1_102' title="bbox 2568 4361 4149 4441; baseline 0.008 -27"><span class='ocrx_word' id='word_1_708' title='bbox 2568 4361 2627 4415; x_wconf 87' lang='lat' dir='ltr'><strong>S.</strong></span> <span class='ocrx_word' id='word_1_709' title='bbox 2672 4361 3079 4426; x_wconf 87' lang='lat' dir='ltr'><strong>Emmerammi,</strong></span> <span class='ocrx_word' id='word_1_710' title='bbox 3125 4365 3267 4433; x_wconf 91' lang='lat' dir='ltr'><strong>quod</strong></span> <span class='ocrx_word' id='word_1_711' title='bbox 3313 4362 3623 4437; x_wconf 82' lang='lat' dir='ltr'><strong>Ratisponae</strong></span> <span class='ocrx_word' id='word_1_712' title='bbox 3671 4366 3889 4424; x_wconf 86' lang='lat' dir='ltr'><strong>Theodo</strong></span> <span class='ocrx_word' id='word_1_713' title='bbox 3927 4372 4149 4441; x_wconf 89' lang='lat' dir='ltr'><strong>primus,</strong></span> 
     </span>
    </p>
   </div>
   <div class='ocr_carea' id='block_1_103' title="bbox 2568 4454 4153 4532">
    <p class='ocr_par' dir='ltr' id='par_1_103' title="bbox 2568 4454 4153 4532">
     <span class='ocr_line' id='line_1_103' title="bbox 2568 4454 4153 4532; baseline 0.007 -24"><span class='ocrx_word' id='word_1_714' title='bbox 2568 4468 2673 4509; x_wconf 91' lang='lat' dir='ltr'><strong>non</strong></span> <span class='ocrx_word' id='word_1_715' title='bbox 2729 4454 3035 4519; x_wconf 86' lang='lat' dir='ltr'><strong>secundus,</strong></span> <span class='ocrx_word' id='word_1_716' title='bbox 3092 4456 3196 4511; x_wconf 91' lang='lat' dir='ltr'><strong>etsi</strong></span> <span class='ocrx_word' id='word_1_717' title='bbox 3270 4471 3454 4511; x_wconf 90' lang='lat' dir='ltr'><strong>rerum</strong></span> <span class='ocrx_word' id='word_1_718' title='bbox 3504 4458 3790 4514; x_wconf 89' lang='lat' dir='ltr'><strong>Boicarum</strong></span> <span class='ocrx_word' id='word_1_719' title='bbox 3860 4463 4153 4532; x_wconf 86' lang='lat' dir='ltr'><strong>scriptores</strong></span> 
     </span>
    </p>
   </div>
   <div class='ocr_carea' id='block_1_104' title="bbox 2570 4548 4155 4622">
    <p class='ocr_par' dir='ltr' id='par_1_104' title="bbox 2570 4548 4155 4622">
     <span class='ocr_line' id='line_1_104' title="bbox 2570 4548 4155 4622; baseline 0.007 -21"><span class='ocrx_word' id='word_1_720' title='bbox 2570 4557 2858 4618; x_wconf 91' lang='lat' dir='ltr'><strong>utrumque</strong></span> <span class='ocrx_word' id='word_1_721' title='bbox 2888 4548 3235 4606; x_wconf 90' lang='lat' dir='ltr'><strong>Theodonem</strong></span> <span class='ocrx_word' id='word_1_722' title='bbox 3262 4567 3363 4621; x_wconf 88' lang='lat' dir='ltr'><strong>pro</strong></span> <span class='ocrx_word' id='word_1_723' title='bbox 3387 4568 3495 4608; x_wconf 91' lang='lat' dir='ltr'><strong>uno</strong></span> <span class='ocrx_word' id='word_1_724' title='bbox 3520 4553 3775 4619; x_wconf 88' lang='lat' dir='ltr'><strong>habeant,</strong></span> <span class='ocrx_word' id='word_1_725' title='bbox 3804 4555 4043 4611; x_wconf 79' lang='lat' dir='ltr'><strong>condidit</strong></span> <span class='ocrx_word' id='word_1_726' title='bbox 4064 4574 4077 4622; x_wconf 89' lang='lat'><strong>;</strong></span> <span class='ocrx_word' id='word_1_727' title='bbox 4102 4566 4155 4612; x_wconf 90' lang='lat' dir='ltr'><strong>et</strong></span> 
     </span>
    </p>
   </div>
   <div class='ocr_carea' id='block_1_105' title="bbox 2570 4638 4152 4711">
    <p class='ocr_par' dir='ltr' id='par_1_105' title="bbox 2570 4638 4152 4711">
     <span class='ocr_line' id='line_1_105' title="bbox 2570 4638 4152 4711; baseline 0.004 -18"><span class='ocrx_word' id='word_1_728' title='bbox 2570 4638 2864 4693; x_wconf 89' lang='lat' dir='ltr'><strong>etiamnum</strong></span> <span class='ocrx_word' id='word_1_729' title='bbox 2911 4654 3103 4711; x_wconf 89' lang='lat' dir='ltr'><strong>magna</strong></span> <span class='ocrx_word' id='word_1_730' title='bbox 3168 4650 3224 4695; x_wconf 91' lang='lat' dir='ltr'><strong>et</strong></span> <span class='ocrx_word' id='word_1_731' title='bbox 3279 4640 3429 4696; x_wconf 89' lang='lat' dir='ltr'><strong>urbis</strong></span> <span class='ocrx_word' id='word_1_732' title='bbox 3475 4650 3530 4695; x_wconf 91' lang='lat' dir='ltr'><strong>et</strong></span> <span class='ocrx_word' id='word_1_733' title='bbox 3586 4640 3794 4696; x_wconf 88' lang='lat' dir='ltr'><strong>ordinis</strong></span> <span class='ocrx_word' id='word_1_734' title='bbox 3845 4644 4152 4701; x_wconf 88' lang='lat' dir='ltr'><strong>celebritate</strong></span> 
     </span>
    </p>
   </div>
   <div class='ocr_carea' id='block_1_106' title="bbox 2570 4730 4145 4801">
    <p class='ocr_par' dir='ltr' id='par_1_106' title="bbox 2570 4730 4145 4801">
     <span class='ocr_line' id='line_1_106' title="bbox 2570 4730 4145 4801; baseline 0.006 -17"><span class='ocrx_word' id='word_1_735' title='bbox 2570 4730 2836 4801; x_wconf 78' lang='lat' dir='ltr'><strong>Splendet,</strong></span> <span class='ocrx_word' id='word_1_736' title='bbox 2865 4746 2932 4787; x_wconf 78' lang='lat' dir='ltr'><strong>ex</strong></span> <span class='ocrx_word' id='word_1_737' title='bbox 2972 4731 3127 4800; x_wconf 83' lang='lat' dir='ltr'><strong>cujus</strong></span> <span class='ocrx_word' id='word_1_738' title='bbox 3152 4732 3478 4788; x_wconf 85' lang='lat' dir='ltr'><strong>bibliotheca</strong></span> <span class='ocrx_word' id='word_1_739' title='bbox 3509 4744 3685 4789; x_wconf 87' lang='lat' dir='ltr'><strong>tamen</strong></span> <span class='ocrx_word' id='word_1_740' title='bbox 3714 4735 3893 4789; x_wconf 91' lang='lat' dir='ltr'><strong>omnia</strong></span> <span class='ocrx_word' id='word_1_741' title='bbox 3936 4752 4032 4791; x_wconf 90' lang='lat' dir='ltr'><strong>sua</strong></span> <span class='ocrx_word' id='word_1_742' title='bbox 4065 4739 4145 4793; x_wconf 88' lang='lat' dir='ltr'><strong>de-</strong></span> 
     </span>
    </p>
   </div>
   <div class='ocr_carea' id='block_1_107' title="bbox 2570 4826 4150 4897">
    <p class='ocr_par' dir='ltr' id='par_1_107' title="bbox 2570 4826 4150 4897">
     <span class='ocr_line' id='line_1_107' title="bbox 2570 4826 4150 4897; baseline 0.007 -21"><span class='ocrx_word' id='word_1_743' title='bbox 2570 4833 2905 4893; x_wconf 86' lang='lat' dir='ltr'><strong>sumpserat;</strong></span> <span class='ocrx_word' id='word_1_744' title='bbox 2936 4834 2989 4881; x_wconf 92' lang='lat' dir='ltr'><strong>et</strong></span> <span class='ocrx_word' id='word_1_745' title='bbox 3018 4826 3313 4881; x_wconf 91' lang='lat' dir='ltr'><strong>secundum</strong></span> <span class='ocrx_word' id='word_1_746' title='bbox 3344 4835 3519 4891; x_wconf 89' lang='lat' dir='ltr'><strong>vetus,</strong></span> <span class='ocrx_word' id='word_1_747' title='bbox 3551 4826 3691 4896; x_wconf 94' lang='lat' dir='ltr'><strong>quod</strong></span> <span class='ocrx_word' id='word_1_748' title='bbox 3720 4827 3792 4883; x_wconf 90' lang='lat' dir='ltr'><strong>ibi</strong></span> <span class='ocrx_word' id='word_1_749' title='bbox 3823 4840 4150 4897; x_wconf 87' lang='lat' dir='ltr'><strong>asservatur,</strong></span> 
     </span>
    </p>
   </div>
   <div class='ocr_carea' id='block_1_108' title="bbox 2570 4915 4157 4993">
    <p class='ocr_par' dir='ltr' id='par_1_108' title="bbox 2570 4915 4157 4993">
     <span class='ocr_line' id='line_1_108' title="bbox 2570 4915 4157 4993; baseline 0.006 -23"><span class='ocrx_word' id='word_1_750' title='bbox 2570 4915 2862 4972; x_wconf 79' lang='lat' dir='ltr'><strong>Roswitbae</strong></span> <span class='ocrx_word' id='word_1_751' title='bbox 2909 4918 3187 4987; x_wconf 79' lang='lat' dir='ltr'><strong>exemplar</strong></span> <span class='ocrx_word' id='word_1_752' title='bbox 3242 4919 3535 4973; x_wconf 80' lang='lat' dir='ltr'><strong>editionem</strong></span> <span class='ocrx_word' id='word_1_753' title='bbox 3584 4934 3736 4974; x_wconf 88' lang='lat' dir='ltr'><strong>suam</strong></span> <span class='ocrx_word' id='word_1_754' title='bbox 3784 4920 3936 4990; x_wconf 91' lang='lat' dir='ltr'><strong>prelo</strong></span> <span class='ocrx_word' id='word_1_755' title='bbox 3980 4926 4157 4993; x_wconf 76' lang='lat' dir='ltr'><strong>expri-</strong></span> 
     </span>
    </p>
   </div>
   <div class='ocr_carea' id='block_1_109' title="bbox 2572 5010 4157 5073">
    <p class='ocr_par' dir='ltr' id='par_1_109' title="bbox 2572 5010 4157 5073">
     <span class='ocr_line' id='line_1_109' title="bbox 2572 5010 4157 5073; baseline 0.004 -8"><span class='ocrx_word' id='word_1_756' title='bbox 2572 5011 2822 5067; x_wconf 66' lang='lat' dir='ltr'><strong>mendam</strong></span> <span class='ocrx_word' id='word_1_757' title='bbox 2845 5020 3148 5065; x_wconf 87' lang='lat' dir='ltr'><strong>curaverat.</strong></span> <span class='ocrx_word' id='word_1_758' title='bbox 3168 5010 3341 5065; x_wconf 88' lang='lat' dir='ltr'><strong>Verba</strong></span> <span class='ocrx_word' id='word_1_759' title='bbox 3366 5012 3619 5067; x_wconf 84' lang='lat' dir='ltr'><strong>Aventini</strong></span> <span class='ocrx_word' id='word_1_760' title='bbox 3650 5013 3764 5067; x_wconf 75' lang='lat' dir='ltr'><strong>haec</strong></span> <span class='ocrx_word' id='word_1_761' title='bbox 3784 5024 3942 5069; x_wconf 92' lang='lat' dir='ltr'><strong>sunt:</strong></span> <span class='ocrx_word' id='word_1_762' title='bbox 3973 5017 4157 5073; x_wconf 73' lang='lat' dir='ltr'><strong>Exstat</strong></span> 
     </span>
    </p>
   </div>
   <div class='ocr_carea' id='block_1_110' title="bbox 2572 5102 4155 5181">
    <p class='ocr_par' dir='ltr' id='par_1_110' title="bbox 2572 5102 4155 5181">
     <span class='ocr_line' id='line_1_110' title="bbox 2572 5102 4155 5181; baseline 0.005 -25"><span class='ocrx_word' id='word_1_763' title='bbox 2572 5113 2617 5157; x_wconf 90' lang='lat' dir='ltr'><strong>et</strong></span> <span class='ocrx_word' id='word_1_764' title='bbox 2663 5103 2734 5155; x_wconf 81' lang='lat' dir='ltr'><strong>ibi</strong></span> <span class='ocrx_word' id='word_1_765' title='bbox 2765 5102 2842 5173; x_wconf 89' lang='lat' dir='ltr'><strong>(in</strong></span> <span class='ocrx_word' id='word_1_766' title='bbox 2890 5102 3213 5157; x_wconf 88' lang='lat' dir='ltr'><strong>bibliotheca</strong></span> <span class='ocrx_word' id='word_1_767' title='bbox 3260 5103 3367 5158; x_wconf 89' lang='lat' dir='ltr'><strong>divi</strong></span> <span class='ocrx_word' id='word_1_768' title='bbox 3400 5102 3704 5159; x_wconf 79' lang='lat' dir='ltr'><strong>liemerami</strong></span> <span class='ocrx_word' id='word_1_769' title='bbox 3746 5103 4155 5181; x_wconf 83' lang='lat' dir='ltr'><strong>Reginohurgii)</strong></span> 
     </span>
    </p>
   </div>
   <div class='ocr_carea' id='block_1_111' title="bbox 2572 5195 4159 5271">
    <p class='ocr_par' dir='ltr' id='par_1_111' title="bbox 2572 5195 4159 5271">
     <span class='ocr_line' id='line_1_111' title="bbox 2572 5195 4159 5271; baseline 0.003 -20"><span class='ocrx_word' id='word_1_770' title='bbox 2572 5196 2841 5265; x_wconf 74' lang='lat' dir='ltr'><strong>exemplar</strong></span> <span class='ocrx_word' id='word_1_771' title='bbox 2886 5196 3192 5250; x_wconf 76' lang='lat' dir='ltr'><strong>veneranda:</strong></span> <span class='ocrx_word' id='word_1_772' title='bbox 3259 5198 3529 5251; x_wconf 86' lang='lat' dir='ltr'><strong>vetustatis</strong></span> <span class='ocrx_word' id='word_1_773' title='bbox 3586 5195 3893 5263; x_wconf 74' lang='lat' dir='ltr'><strong>Roswitliw,</strong></span> <span class='ocrx_word' id='word_1_774' title='bbox 3954 5202 4159 5271; x_wconf 69' lang='lat' dir='ltr'><strong>feminae</strong></span> 
     </span>
    </p>
   </div>
   <div class='ocr_carea' id='block_1_112' title="bbox 2570 5287 4159 5365">
    <p class='ocr_par' dir='ltr' id='par_1_112' title="bbox 2570 5287 4159 5365">
     <span class='ocr_line' id='line_1_112' title="bbox 2570 5287 4159 5365; baseline 0.002 -22"><span class='ocrx_word' id='word_1_775' title='bbox 2570 5298 2813 5351; x_wconf 68' lang='lat' dir='ltr'><strong>sacratae,</strong></span> <span class='ocrx_word' id='word_1_776' title='bbox 2844 5290 2982 5355; x_wconf 85' lang='lat' dir='ltr'><strong>quod</strong></span> <span class='ocrx_word' id='word_1_777' title='bbox 3006 5287 3322 5342; x_wconf 83' lang='lat' dir='ltr'><strong>Chunradus</strong></span> <span class='ocrx_word' id='word_1_778' title='bbox 3345 5288 3504 5344; x_wconf 84' lang='lat' dir='ltr'><strong>Celtis</strong></span> <span class='ocrx_word' id='word_1_779' title='bbox 3535 5291 3867 5346; x_wconf 84' lang='lat' dir='ltr'><strong>commodata</strong></span> <span class='ocrx_word' id='word_1_780' title='bbox 3893 5305 4159 5365; x_wconf 89' lang='lat' dir='ltr'><strong>acceptum</strong></span> 
     </span>
    </p>
   </div>
   <div class='ocr_carea' id='block_1_113' title="bbox 2571 5377 4158 5448">
    <p class='ocr_par' dir='ltr' id='par_1_113' title="bbox 2571 5377 4158 5448">
     <span class='ocr_line' id='line_1_113' title="bbox 2571 5377 4158 5448; baseline 0.004 -16"><span class='ocrx_word' id='word_1_781' title='bbox 2571 5395 2728 5448; x_wconf 82' lang='lat' dir='ltr'><strong>Opera</strong></span> <span class='ocrx_word' id='word_1_782' title='bbox 2762 5394 2858 5431; x_wconf 86' lang='lat' dir='ltr'><strong>sua</strong></span> <span class='ocrx_word' id='word_1_783' title='bbox 2895 5377 3257 5431; x_wconf 71' lang='lat' dir='ltr'><strong>excutiendum</strong></span> <span class='ocrx_word' id='word_1_784' title='bbox 3306 5379 3529 5433; x_wconf 85' lang='lat' dir='ltr'><strong>curavit.</strong></span> <span class='ocrx_word' id='word_1_785' title='bbox 3565 5379 3935 5447; x_wconf 84' lang='lat' dir='ltr'><strong>Quamobrem</strong></span> <span class='ocrx_word' id='word_1_786' title='bbox 3980 5391 4158 5437; x_wconf 88' lang='lat' dir='ltr'><strong>autem</strong></span> 
     </span>
    </p>
   </div>
   <div class='ocr_carea' id='block_1_114' title="bbox 2571 5469 4158 5542">
    <p class='ocr_par' dir='ltr' id='par_1_114' title="bbox 2571 5469 4158 5542">
     <span class='ocr_line' id='line_1_114' title="bbox 2571 5469 4158 5542; baseline 0.003 -17"><span class='ocrx_word' id='word_1_787' title='bbox 2571 5472 2620 5525; x_wconf 91' lang='lat' dir='ltr'><strong>id</strong></span> <span class='ocrx_word' id='word_1_788' title='bbox 2652 5471 2956 5535; x_wconf 89' lang='lat' dir='ltr'><strong>obticuerit,</strong></span> <span class='ocrx_word' id='word_1_789' title='bbox 3009 5469 3142 5524; x_wconf 90' lang='lat' dir='ltr'><strong>satis</strong></span> <span class='ocrx_word' id='word_1_790' title='bbox 3193 5470 3379 5525; x_wconf 89' lang='lat' dir='ltr'><strong>mirari</strong></span> <span class='ocrx_word' id='word_1_791' title='bbox 3434 5488 3539 5526; x_wconf 92' lang='lat' dir='ltr'><strong>non</strong></span> <span class='ocrx_word' id='word_1_792' title='bbox 3586 5486 3829 5542; x_wconf 86' lang='lat' dir='ltr'><strong>possum.</strong></span> <span class='ocrx_word' id='word_1_793' title='bbox 3862 5474 3940 5530; x_wconf 86' lang='lat' dir='ltr'><strong>De</strong></span> <span class='ocrx_word' id='word_1_794' title='bbox 3971 5476 4158 5530; x_wconf 84' lang='lat' dir='ltr'><strong>eodem</strong></span> 
     </span>
    </p>
   </div>
  </div>
