4486 5544
375 379 480 435 965

1786 374 2317 434 PROLECOMENA.

3551 386 3652 439 966

376 498 431 542 et
453 489 668 543 hortatu
698 501 952 541 coronam
992 486 1257 556 poeticam
1281 501 1309 539 a
1333 484 1544 541 Cmsare
1578 485 1953 548 Fridericolll,
1988 492 2033 547 Α
2065 486 2289 559 Estmihi
2317 507 2619 557 persuasum,
2644 497 2835 557 dignam
2859 508 2969 544 esse
2995 499 3039 543 iu
3066 510 3267 555 corpore
3292 497 3486 547 formam
3514 539 3526 559 ,

378 575 787 629 Maximilianil
848 583 1021 645 patre,
1077 576 1129 629 in
1174 590 1297 630 arce
1328 574 1763 643 Norimbergensi
1818 591 1960 630 anno

376 667 508 721 1491
560 667 810 729 obtinuit,
861 667 1171 735 primusque
1200 667 1316 735 ejus
1363 666 1638 735 dignitatis
1669 666 1880 719 titulum
1909 676 1961 720 et

373 755 605 821 insignia
662 755 802 823 apud
863 756 1162 810 Germanos
1214 756 1434 825 gessit:
1490 771 1650 825 quam
1704 771 1957 811 coronam

370 847 616 901 lauream
654 847 829 901 adhuc
875 846 1033 900 hodie
1065 844 1397 900 Vindnbome
1442 848 1711 900 asservari
1742 847 1958 901 tradunt

370 938 687 1008 scriptores.
717 937 919 993 Nactus
940 945 1119 990 autem
1147 946 1229 991 est
1256 936 1393 991 hanc
1414 937 1731 1007 dignitatem
1748 937 1954 992 Conra-

367 1027 469 1082 dus
490 1027 671 1085 Celtes
696 1041 838 1081 anno
858 1027 1033 1081 aetatis
1054 1042 1164 1081 sua:
1184 1027 1457 1081 tricesimo
1488 1028 1746 1084 secundo.
1777 1029 1956 1095 Quare

368 1132 527 1171 error
544 1116 960 1181 Eschenbachii,
987 1117 1038 1170 in
1068 1126 1368 1185 temporum
1392 1116 1689 1172 rationibus
1710 1118 1956 1173 commis-

368 1224 481 1270 sus,
509 1208 785 1263 emendari
814 1206 992 1272 debet,
1024 1222 1143 1262 cum
1183 1208 1257 1261 ait
1291 1207 1599 1263 Conradum
1629 1208 1830 1264 Celtem
1859 1225 1953 1265 co-

368 1306 619 1349 ronatum
651 1296 719 1350 ab
750 1295 1074 1365 imperatore
1114 1312 1255 1351 anno
1284 1296 1486 1352 Christi
1518 1298 1673 1363 1487,
1724 1314 1845 1353 cum
1877 1308 1957 1352 ta-

368 1402 493 1441 men
525 1400 647 1441 eum
694 1388 934 1442 scribere
964 1384 1307 1457 oportuisset
1331 1389 1487 1444 1491.
1521 1390 1673 1457 Quod
1720 1391 1804 1445 vel
1853 1392 1954 1446 hoc

367 1487 692 1548 argumento
736 1486 972 1542 constat,
1018 1480 1061 1534 si
1088 1489 1248 1534 natus
1295 1480 1576 1537 Conradus
1605 1481 1783 1537 Celtes
1812 1498 1954 1537 anno

364 1566 569 1623 Christi
603 1568 773 1633 1459,
803 1578 857 1623 et
882 1570 1061 1624 aetatis
1099 1586 1240 1625 anno
1276 1574 1544 1628 tricesimo
1572 1575 1811 1631 secundo
1837 1575 1954 1629 lau-

366 1674 515 1714 ream
533 1660 797 1729 poeticam
813 1660 1128 1725 obtinuit,ut
1144 1662 1257 1731 ipse
1273 1662 1713 1719 Escheubachius
1729 1665 1947 1731 fatetur,

363 1762 704 1817 consequens
725 1758 808 1804 est
830 1757 886 1803 ut
916 1748 1176 1805 afﬁrmem
1198 1752 1371 1821 ipsum
1402 1753 1467 1807 ab
1500 1754 1826 1822 imperatore
1855 1772 1949 1811 co-

2126 552 2185 618 lit
2208 552 2333 611 quod
2360 567 2456 604 non
2481 552 2649 618 segnis
2669 552 2841 606 sérvus
2864 561 3041 605 amoris
3066 552 3218 606 eram.

2062 610 2201 682 Adde
2229 610 2395 682 genus
2418 610 2568 682 loith
2591 632 2877 682 proavorum
2904 628 3165 668 stemmate
3200 619 3403 682 clarum,

2125 674 2331 741 Μωμυῖ
2347 681 2425 725 ubi
2454 674 2631 739 gelidis
2651 692 2830 726 cornua
2859 681 3009 729 liectit
3039 694 3192 741 aquis.

2061 732 2168 804 Ηίς.
2189 737 2269 783 ubi
2299 732 2589 804 Francorum
2608 741 2723 787 urbs
2748 741 2923 804 illustri?
2948 732 3161 804 valle'let
3178 750 3306 804 atur,

2124 796 2296 857 Deque
2322 804 2457 862 ἠριεου
2484 803 2651 851 Grzeco
2678 803 2871 850 nomine
2900 803 3029 851 dicta
3058 803 3199 864 polis.

2062 917 2262 973 Ilorum
2312 921 2474 992 igitur
2522 924 2759 979 locorqu
2810 928 3131 982 auctoritate
3159 929 3438 986 Conradus
3475 934 3653 992 Celtes

2060 1013 2125 1065 de
2165 1016 2454 1084 semetipso
2504 1026 2730 1072 testatur
2779 1034 2837 1075 se
2886 1018 3049 1075 fuisse
3100 1023 3241 1078 haud
3287 1029 3472 1094 procul
3518 1030 3650 1085 urbe

2060 1098 2330 1171 llerbipoli
2364 1113 2568 1159 natum.
2607 1106 2751 1160 Idem
2795 1108 2896 1163 hoc
2941 1110 3056 1179 ejus
3096 1110 3235 1176 Vita,
3278 1130 3307 1167 a
3356 1116 3652 1173 Sodalitate

2059 1189 2319 1244 litteraria
2347 1191 2606 1249 Rhenaua
2631 1196 2895 1262 confecta,
2922 1199 3123 1255 iudicat
3167 1202 3319 1271 cujus
3344 1206 3506 1259 verba
3532 1208 3648 1261 haec

2057 1291 2215 1335 sunt:
2246 1282 2517 1340 Conradus
2550 1287 2737 1352 Celtes,
2771 1288 3072 1357 Protucius,
3103 1294 3306 1361 familia
3336 1294 3532 1350 Celtica
3560 1300 3654 1351 Ιιο-

2057 1382 2201 1426 uesta
2229 1385 2275 1427 et
2303 1379 2442 1444 apud
2463 1378 2714 1446 primores
2740 1379 2985 1437 Francia:
3007 1384 3285 1451 honorata,
3311 1389 3379 1439 ad
3412 1387 3646 1442 Maurum

2055 1465 2291 1531 ﬂuvium,
2344 1468 2487 1521 haud
2538 1470 2686 1540 longe
2730 1472 2792 1524 ab
2837 1472 3155 1543 Herebipoli,
3210 1476 3543 1533 Francorum
3590 1483 3646 1533 iu

2056 1552 2338 1611 Germania
2379 1564 2671 1631 metropoli.
2715 1563 2950 1620 Protucii
2982 1582 3175 1622 nomen
3211 1581 3294 1623 est
3326 1572 3534 1637 fictum,
3576 1583 3650 1639 et,

2054 1646 2122 1700 ob
2152 1648 2550 1707 dissimulatum
2580 1655 2719 1710 forte
2750 1658 2941 1725 patriae
2990 1675 3210 1726 nomen,
3245 1664 3311 1715 ab
3344 1678 3408 1717 eo
3441 1680 3653 1719 assum-

2054 1748 2223 1807 ptum.
2288 1742 2465 1809 Quare
2524 1746 2708 1801 mirari
2764 1749 2911 1803 subit
2968 1768 3065 1805 cur
3115 1751 3312 1808 Paulus
3362 1755 3649 1820 Freherus,

365 1846 619 1891 ronatum
674 1838 840 1893 fuisse
890 1854 996 1893 non
1046 1856 1188 1895 anno
1235 1842 1391 1907 1487,
1449 1843 1543 1898 sed
1584 1844 1740 1899 1491.
1786 1844 1953 1911 Quem
1987 1837 2029 1895 B
2059 1827 2135 1882 Ge

1879 1862 1953 1900 ειη
1987 1837 2029 1895 Β
2059 1827 2334 1886 Cerardus
2382 1832 2616 1890 Joannes
2670 1836 2932 1905 Vossius,
2986 1850 3040 1894 et
3087 1852 3209 1910 post
3249 1844 3349 1898 hos
3407 1845 3650 1901 Eschen-

361 1942 603 1983 errorem
633 1968 649 1994 ,
692 1928 802 1998 jam
853 1937 978 1983 ante
1041 1930 1506 1987 Eschcnbachium
1568 1936 1954 1991 commiserunt

359 2016 597 2075 Joannes
659 2018 851 2075 Petrus
900 2018 1175 2077 Lotichius
1236 2022 1290 2076 in
1330 2022 1675 2079 Bibliotheca:
1732 2026 1952 2095 poetica:

360 2119 517 2179 parte
552 2125 633 2175 nt,
663 2125 718 2180 p.
755 2110 805 2174 9,
840 2120 894 2165 et
922 2110 1119 2167 Paulus
1158 2111 1432 2168 Freherus
1457 2114 1509 2167 in
1546 2114 1780 2171 Theatro
1811 2119 1953 2172 viro-

360 2214 482 2253 rum
512 2200 814 2255 eruditione
839 2202 1133 2267 clarorum,
1176 2220 1231 2273 p.
1277 2203 1400 2257 213.
1444 2203 1570 2275 Legi
1599 2206 1704 2261 huc
1731 2218 1953 2277 possunt

358 2289 602 2357 ejusdem
628 2290 859 2347 Conradi
880 2293 1042 2348 Celtis
1064 2294 1329 2363 praefatio,
1357 2306 1588 2366 quatuor
1613 2298 1778 2368 ipsius
1799 2299 1952 2355 libris

358 2381 619 2435 Amorum
647 2382 888 2451 prmlixa,
921 2393 1031 2439 tum
1062 2384 1182 2441 libri
1209 2386 1465 2454 Odarum,
1490 2390 1579 2459 qui
1603 2392 1948 2460 Argentorati

358 2488 504 2528 anno
533 2473 669 2527 1515
691 2476 1023 2544 prodierunt,
1048 2478 1242 2545 quibus
1277 2489 1332 2534 et
1378 2482 1653 2549 przetnissa
1682 2482 1798 2552 ejus
1825 2481 1947 2537 Vita

357 2578 390 2617 a
424 2563 724 2620 Sodalitate
758 2565 1021 2620 litteraria
1064 2566 1323 2623 Bhenana
1368 2576 1479 2623 tum
1526 2572 1781 2641 temporis
1822 2587 1949 2627 con-

356 2654 577 2723 scripta.
619 2654 731 2711 Sub
757 2656 915 2711 linem
949 2656 1108 2727 hujus
1141 2658 1262 2713 libri
1288 2661 1622 2731 conspicitur
1645 2664 1810 2717 etiam
1831 2664 1948 2733 ejus

354 2747 689 2817 epitaphium
716 2789 729 2810 ,
762 2748 958 2819 quippe
989 2750 1131 2819 quod
1158 2751 1314 2806 docet
1338 2752 1541 2808 Celtem
1569 2764 1742 2811 morte
1764 2756 1945 2812 deces-

358 2836 496 2891 sisse
530 2852 672 2892 anno
696 2836 896 2893 Christi
934 2839 1089 2905 l508,
1124 2842 1296 2911 pridie
1332 2842 1467 2898 Non.
1512 2844 1711 2913 Febr.;
1746 2848 1946 2905 vixisse

357 2929 516 2984 annis
558 2930 646 2995 49,
700 2932 891 2987 diebus
920 2933 975 2997 3,
1010 2935 1265 2989 traditum
1298 2937 1587 3007 sepulturae
1614 2938 1945 2998 Vintlobona:

349 3015 506 3084 juxta
525 3017 693 3072 aedem
717 3018 821 3073 divi
854 3019 1131 3089 Stephani.
1171 3021 1390 3092 Lapidis
1424 3026 1603 3095 itaque
1632 3030 1944 3098 sepulcralis

356 3112 413 3159 et
439 3106 739 3161 carminum
762 3107 813 3161 in
845 3108 1001 3163 busta
1026 3110 1143 3180 ejus
1172 3114 1591 3183 compositorum
1619 3120 1941 3175 auctoritate

2057 1918 2322 1987 hachius,
2373 1923 2539 1979 Celtis
2595 1929 2827 1983 natalem
2883 1932 3060 1987 locum
3112 1932 3436 1991 Suevofurto
3484 1938 3654 1992 ascri-

2055 2010 2292 2075 pserint;
2329 2012 2417 2080 qui
2449 2022 2625 2068 tamen
2654 2015 2780 2071 alibi
2811 2021 3133 2087 quzercndus
3162 2062 3175 2086 ,
3204 2034 3258 2077 et
3289 2025 3429 2079 haud
3462 2028 3650 2095 procul

2056 2096 2325 2169 llerbipoli
2384 2101 2728 2159 collocandus
2778 2115 2916 2159 erat.
2985 2105 3186 2175 Certe,
3236 2112 3281 2165 si
3333 2114 3648 2170 Suevofurti

2055 2188 2227 2244 lucem
2293 2192 2639 2260 aspexisset,
2688 2196 2876 2271 utique
2936 2213 3041 2253 non
3097 2201 3399 2271 scripturus
3458 2204 3653 2261 luisset

2053 2291 2112 2332 se
2160 2278 2302 2333 haud
2349 2282 2536 2351 procul
2594 2266 2867 2356 Herbipoli
2922 2299 3110 2343 natum
3161 2266 3300 2346 esse.
3357 2292 3491 2348 Nam
3557 2309 3652 2365 op-

2052 2370 2233 2438 pidum
2277 2371 2659 2428 Suevofurtutn
2716 2387 2799 2432 est
2849 2380 3035 2448 procul
3087 2381 3359 2453 llerbipoli
3402 2385 3564 2438 situm
3598 2394 3653 2439 et

2051 2460 2289 2531 quinque
2338 2462 2660 2519 milliaribus
2713 2467 2780 2521 ab
2834 2483 2897 2522 ea
2957 2469 3139 2524 distat.
3199 2472 3398 2526 Verum
3442 2474 3510 2527 ab
3564 2474 3648 2529 his

2054 2566 2244 2607 rursus
2291 2552 2676 2611 discessionem
2724 2557 2851 2612 facit
2901 2559 3250 2625 Trithemius,
3296 2572 3368 2628 et,
3412 2566 3453 2619 si
3488 2566 3650 2620 verba

2049 2640 2165 2708 ejus
2202 2643 2446 2712 inspicio,
2478 2661 2596 2715 qua:
2623 2656 2838 2703 exstant
2870 2658 3002 2703 tom.
3040 2650 3080 2705 ll
3110 2653 3397 2708 Annalium
3428 2654 3651 2710 llirsau-

2049 2732 2337 2800 gicnsium,
2385 2751 2437 2805 p.
2485 2736 2610 2801 656,
2662 2739 2822 2793 aliam
2854 2741 3009 2810 plane
3047 2746 3274 2812 patriam
3304 2745 3438 2801 Celti
3472 2747 3649 2802 vindi-

2049 2832 2195 2889 cant,
2218 2834 2400 2894 atque,
2427 2842 2491 2881 ex
2515 2844 2651 2899 pago
2673 2828 2938 2900 Wupfeld,
2963 2835 3053 2902 qui
3084 2834 3407 2891 Sucvol‘urto
3428 2839 3651 2908 proliior

2048 2925 2146 2975 cst,
2179 2917 2463 2972 oriundum
2519 2920 2875 2987 confirmant;
2907 2940 3066 2992 quam
3110 2927 3161 2979 iu
3202 2943 3312 2983 rem
3358 2929 3431 2983 ita
3475 2930 3646 2999 loqui-

2048 3014 2136 3059 tur
2162 3025 2172 3059 :
2200 3006 2472 3063 Conradus
2495 3009 2681 3075 Celtes,
2707 3016 2915 3068 natione
2938 3013 3251 3083 Germanus,
3276 3023 3447 3088 patria
3472 3020 3649 3075 Frun-

2048 3113 2138 3149 rus
2170 3100 2463 3165 orientalis,
2508 3118 2572 3154 ea:
2611 3103 2868 3173 Wulfeld,
2896 3124 3055 3175 prope
3087 3109 3432 3181 Schweinfurl
3465 3116 3649 3168 oriun-

355 3193 635 3250 Conradus
659 3195 931 3252 Gesnerus
953 3198 1004 3252 in
1029 3198 1384 3269 Bibliotheca,
1407 3213 1461 3260 et
1484 3206 1598 3275 ejus
1622 3208 1946 3277 cpitomator
1975 3184 2016 3245 C
2049 3189 2180 3255 ‘1'“;
2209 3191 2301 3247 sed
2338 3192 2452 3248 “33°
2496 3210 2669 3265 neque
2700 3198 2887 3262 cenis,
2934 3216 3106 3270 "om":
3131 3203 3265 3257 Vim
3303 3205 3417 3273 eius
3467 3206 3648 3261 verbis

353 3282 530 3340 Josias
581 3285 865 3353 Simlerus,
915 3292 1199 3345 commode
1245 3292 1470 3348 refutari
1522 3308 1767 3365 possunt,
1827 3316 1948 3355 cum

353 3374 540 3429 dicunt
572 3394 586 3429 :
616 3375 819 3431 Claruit
861 3376 1137 3434 Conradus
1180 3379 1347 3437 Celtes
1376 3400 1513 3438 anno
1538 3386 1752 3442 Domini
1788 3390 1944 3443 1570.

352 3462 605 3520 Profecto
642 3467 880 3522 nondum
928 3468 996 3524 iis
1044 3473 1377 3540 temporibus
1427 3484 1583 3531 natus
1630 3478 1748 3533 fuit.
1806 3479 1949 3535 Vidit

352 3555 498 3610 enim
529 3556 577 3613 is
602 3557 778 3613 lucem
805 3559 962 3625 1459,
992 3571 1047 3616 et
1075 3561 1256 3618 ﬂoruit
1283 3565 1533 3636 inprimis
1560 3570 1704 3626 circa
1741 3573 1945 3628 exitum

352 3647 536 3701 saeculi
571 3648 765 3703 decimi
793 3650 989 3718 quinti,
1019 3660 1075 3707 et
1105 3654 1317 3709 initium
1352 3658 1532 3712 saeculi
1562 3660 1757 3715 decimi
1784 3664 1941 3717 sexti.

354 3736 533 3792 Patria
553 3738 675 3807 ,ejus
707 3741 773 3795 ad
806 3741 1063 3811 Moenum,
1090 3746 1233 3802 haud
1262 3746 1417 3820 longe
1446 3749 1514 3804 ab
1544 3752 1675 3807 urbe
1704 3752 1943 3809 Franco-

352 3843 473 3883 rum
504 3829 776 3901 Herbipoli
804 3833 1032 3900 distans,
1068 3846 1397 3892 memoratur
1421 3841 1474 3895 in
1504 3840 1620 3911 ejus
1649 3841 1791 3908 Vita,
1825 3860 1945 3911 qua:

353 3933 384 3972 a
412 3919 706 3975 Melchiore
746 3922 939 3978 Adami
973 3926 1303 3996 transcripta
1339 3927 1536 3999 legitur
1576 3932 1628 3985 in
1660 3931 1775 3999 ejus
1808 3932 1945 3989 libro

353 4011 431 4065 De
466 4010 604 4067 Vitis
650 4011 1092 4083 philosophorum
1136 4016 1549 4085 Germanorum,
1601 4022 1814 4078 titulum
1865 4024 1945 4079 fe-

352 4108 528 4154 rente.
605 4099 711 4155 Sed
761 4100 912 4157 locus
966 4104 1163 4159 ibidem
1214 4122 1320 4162 non
1386 4118 1469 4164 est
1512 4110 1837 4183 designatus,
1888 4124 1943 4170 et

350 4204 664 4259 quanquam
697 4190 971 4248 Gerardus
997 4192 1232 4250 Joannes
1279 4196 1502 4254 Vossius
1548 4199 1641 4257 lib.
1685 4218 1767 4270 nt,
1820 4218 1938 4276 cap.

351 4279 443 4345 10,
471 4280 546 4334 De
573 4281 846 4337 historicis
868 4282 1094 4351 Latinis,
1129 4294 1184 4341 et
1220 4301 1290 4342 ex
1315 4304 1380 4344 eo
1402 4289 1646 4349 Andreas
1677 4293 1942 4352 Christia-

350 4386 454 4426 nus
481 4371 945 4439 Eschenbachius,
979 4375 1032 4430 in
1068 4377 1459 4437 Dissertatioue
1490 4383 1557 4439 de
1591 4387 1765 4455 poetis
1788 4387 1943 4445 Chri-

350 4461 543 4517 stianis
570 4463 762 4529 sacris,
806 4480 861 4517 n.
904 4465 992 4531 55,
1031 4474 1143 4521 tum
1174 4468 1455 4527 Matthaeus
1486 4471 1691 4531 Merian
1739 4476 1793 4531 in
1843 4478 1941 4535 To-

2054 3280 2162 3333 ullo
2192 3283 2350 3336 modo
2385 3285 2730 3353 respondent.
2769 3286 2903 3342 Nam
2930 3290 2974 3344 si
3005 3292 3053 3343 in
3084 3291 3201 3346 loco
3228 3293 3464 3364 WUpfelt
3502 3307 3648 3351 esset

2052 3379 2229 3435 natus,
2256 3382 2507 3429 accurate
2537 3374 2803 3444 loquendo
2831 3380 3009 3446 potius
3047 3382 3354 3452 scripsisset
3385 3384 3562 3439 Celtes
3589 3402 3647 3441 se

2049 3479 2213 3534 prope
2237 3464 2613 3521 Suevofurtum
2649 3481 2768 3523 esse
2798 3478 3004 3533 natum,
3048 3488 3170 3529 cum
3198 3489 3367 3545 pagus
3401 3476 3647 3546 Wupfeld

2048 3568 2213 3623 prope
2267 3554 2644 3611 Sucvot‘urtum
2695 3557 2767 3612 sit
2820 3559 2976 3615 situs.
3036 3562 3299 3617 Cancrum
3354 3566 3419 3620 de
3471 3567 3648 3634 poetis

2049 3642 2304 3698 laureatis
2333 3643 2434 3715 legi
2475 3653 2700 3715 possunt
2732 3644 2975 3718 Scaliger
3002 3650 3053 3704 in
3080 3650 3406 3709 Ausonianis
3436 3653 3649 3710 Lectio—

2048 3734 2227 3799 nibus,
2260 3736 2400 3790 idem
2433 3735 2525 3791 lib.
2569 3753 2585 3791 ι
2631 3736 2781 3793 Poet.
2832 3738 3034 3795 Christ.
3085 3741 3177 3807 41,
3219 3744 3309 3799 ubi
3360 3746 3525 3803 tradit
3580 3762 3647 3803 ex

2048 3823 2296 3889 Martiali,
2345 3824 2595 3882 heroicos
2641 3839 2830 3897 poetas
2860 3829 3045 3886 Roma:
3074 3848 3280 3902 querna
3311 3851 3507 3893 corona
3550 3840 3645 3895 do-

2048 3915 2163 3968 nari
2200 3915 2418 3980 solitos;
2454 3926 2565 3971 tum
2600 3918 2836 3974 Thomas
2881 3920 3167 3977 Reinesius
3221 3926 3275 3980 in
3323 3928 3501 3985 Variis
3543 3930 3649 3987 Lc-

2045 4006 2312 4061 ctionibus
2349 4006 2442 4062 lib.
2486 4024 2524 4073 ι,
2565 4024 2684 4079 cap.
2711 4010 2795 4074 19,
2835 4011 2925 4066 ubi
2959 4012 3006 4066 is
3033 4011 3292 4083 Scaligcri
3315 4021 3645 4077 sententiam

2046 4095 2113 4148 ab
2140 4109 2427 4165 operarum
2463 4098 2673 4152 mendis
2716 4114 2836 4167 qua:
2899 4114 3114 4156 sensum
3171 4104 3396 4161 nimium
3458 4114 3644 4165 turba-

2045 4194 2185 4250 rent,
2220 4187 2487 4255 purgavit,
2529 4196 2585 4243 et
2620 4188 2699 4243 sic
2745 4188 3078 4262 Scaligerum
3118 4206 3309 4251 contra
3350 4198 3646 4268 Casparem

2044 4273 2448 4343 Hoffmaunum,
2504 4278 2773 4333 medicum
2818 4281 3179 4350 professorem
3226 4285 3509 4354 Noricum,
3548 4292 3645 4347 de-

2044 4362 2501 4422 fendit:Carolus
2541 4367 2672 4422 item
2701 4368 3018 4428 Paschalius
3059 4373 3110 4429 in
3157 4377 3527 4435 eruditissimo
3569 4381 3647 4439 De

2043 4457 2258 4514 coronis
2276 4472 2441 4528 opere
2465 4466 2521 4514 et
2542 4456 2779 4516 Joannes
2797 4460 3005 4519 Frider.
3025 4463 3307 4524 Hecltelius
3331 4469 3405 4526 De
3430 4474 3648 4529 coronis

348 4553 646 4624 pogmphia
693 4553 1010 4611 Franconim
1044 4559 1275 4628 patriam
1322 4561 1602 4629 deﬁniam,
1644 4574 1698 4621 et
1738 4566 1940 4626 δυενο,
1968 4537 2017 4598 D
2045 4557 2348 4618 poetarum.
2401 4549 2527 4606 Fuit
2569 4566 2700 4609 sane
2748 4554 3158 4626 antiquissimus
3207 4568 3262 4615 et
3303 4565 3453 4619 omni
3485 4565 3645 4622 laude

349 4644 553 4700 furtum
590 4646 644 4700 in
669 4645 896 4703 Francia
919 4649 1168 4707 orientali
1195 4651 1264 4709 ad
1291 4652 1549 4723 Moenum,
1577 4660 1720 4728 quod
1750 4662 1939 4733 vulgus

352 4734 695 4806 Suinfurtum
743 4739 1027 4807 nominat,
1078 4741 1243 4798 fuisse
1285 4745 1535 4811 tradant,
1594 4757 1770 4806 tamen
1824 4754 1940 4823 ipso

349 4825 515 4882 Celtis
552 4828 859 4886 testimonio
884 4831 1218 4889 refelluntur.
1280 4835 1580 4895 Continuat
1621 4845 1765 4898 enim
1811 4846 1937 4902 illud

350 4913 631 4973 Conradus
665 4916 843 4975 Celtes
872 4921 923 4975 iu
960 4922 1139 4979 libello
1179 4940 1276 4980 suo
1310 4929 1384 4982 De
1415 4930 1647 5001 origine,
1675 4935 1803 5001 situ,
1831 4952 1919 4991 mo

350 5005 501 5060 ribus
521 5014 575 5060 et
604 5007 866 5065 institutis
895 5009 1284 5086 Norimbergm,
1331 5020 1513 5076 verbis
1551 5028 1901 5094 sequentibus

350 5095 467 5161 Quo
495 5106 665 5154 tractu
704 5098 856 5166 silva,
884 5116 999 5157 cum
1034 5122 1187 5162 amne
1213 5112 1568 5180 progrediens,
1600 5131 1723 5170 mox
1758 5104 1926 5173 nomei

348 5206 379 5242 α
405 5188 643 5257 collibus,
671 5208 776 5263 qua
802 5209 857 5247 se
881 5194 934 5248 in
955 5194 1136 5252 (cavam
1166 5198 1421 5271 fastigial,
1461 5206 1668 5274 accipit,
1716 5206 1919 5265 Franci

346 5298 528 5353 sceque
550 5282 906 5357 Steigervald,
935 5288 989 5341 id
1010 5302 1084 5345 est
1108 5292 1274 5347 ardua
1298 5295 1450 5360 silva,
1474 5297 1686 5351 dicitur.
1715 5299 1935 5369 Deinde,

348 5374 437 5412 ubi
484 5378 696 5412 ηνηηδηυ
749 5376 923 5412 pinnata
982 5382 1177 5412 ιεωω...
1230 5383 1399 5412 δ”-λι..-
1451 5396 1517 5412 --ι
1588 5399 1751 5412 -.-ι-.-.

2045 4640 2237 4712 dignus
2265 4640 2354 4697 hic
2378 4651 2566 4713 poetas
2614 4643 2935 4702 honestandi
2963 4663 3103 4713 mos,
3133 4652 3227 4707 sed
3260 4669 3421 4725 quem
3455 4656 3523 4711 ab
3550 4656 3646 4711 ali-

2045 4744 2176 4803 quot
2214 4734 2426 4791 saeculis
2472 4735 2861 4809 intermissum,
2893 4756 3036 4799 anno
3074 4743 3277 4801 Christi
3311 4746 3440 4803 1541
3486 4765 3644 4805 revo-

2045 4826 2189 4881 cavit
2213 4828 2448 4897 primum
2469 4830 2619 4886 urbis
2644 4830 2831 4888 Romae
2864 4844 3106 4903 senatus,
3134 4846 3300 4911 atque
3326 4850 3500 4909 poeta:
3529 4841 3645 4896 lau-

2050 4918 2181 4971 .eati
2212 4918 2527 4990 dignitatem
2559 4920 2610 4975 in
2643 4921 2993 4982 Franciscum
3018 4927 3368 4986 Petrarcham
3391 4932 3640 4997 contulit,

2032 5014 2105 5061 tut
2153 5007 2271 5078 ejus
2326 5009 2445 5064 Vita
2501 5019 2750 5069 testatur.
2812 5014 3000 5087 Itaque
3050 5020 3237 5078 mirari
3291 5021 3434 5078 subit
3480 5038 3647 5092 quare

2030 5110 2154 5154 .tam
2188 5102 2465 5173 antiquam
2488 5113 2542 5159 et
2566 5104 2893 5164 laudabilem
2926 5118 3396 5179 consuetudinem,
3446 5126 3502 5171 et
3548 5132 3649 5172 sm-

2044 5189 2165 5261 pius
2204 5192 2272 5248 ab
2323 5192 2744 5263 imperatoribus
2794 5204 3128 5273 expetitam,
3182 5205 3442 5266 Suetonio
3492 5216 3650 5275 teste,

2046 5282 2222 5340 rideat
2270 5295 2457 5343 auctor
2505 5286 2715 5361 Satyraa
2760 5290 3078 5369 Menippea.
