4486 5544
912 452 1018 513 9δῖ

2095 461 2183 514 AD
2214 459 2443 515 OPERA
2481 458 2948 516 HROTSUITHAS

4065 469 4169 527 968

951 635 4133 673 —_———"—————————__._____—___——

1951 768 2574 883 CONRADI
2660 771 3159 887 CELTIS

2270 1000 2803 1081 PRJEFATIO

1641 1174 1752 1228 AD
1792 1174 2319 1232 FRIDERICUM
2350 1176 2434 1231 ill
2474 1176 2856 1233 SAXONl/E
2894 1180 3425 1239 ELECTOREM.

1981 1323 2156 1393 \Edit.
2200 1329 2333 1401 Opp.
2377 1330 2705 1386 ilrotsuilhae
2740 1335 2865 1387 anni
2898 1334 3079 1405 1501.)

974 1586 1187 1658 Difficili
1207 1598 1253 1642 et
1284 1590 1436 1658 longa
1456 1589 1892 1659 peregrinatione,
1919 1605 2023 1644 non
2042 1590 2153 1645 sine
2174 1591 2361 1660 peculii
2383 1594 2484 1648 mei
2510 1602 2560 1657 Α
2589 1610 2703 1648 rum
2734 1606 3031 1650 nostrorum
3058 1604 3262 1665 patrum
3290 1607 3336 1651 et
3365 1599 3774 1668 progenitorum,
3797 1602 3935 1656 circa
3966 1603 4163 1659 litteras

902 1691 951 1733 et
993 1695 1252 1749 prosperae
1304 1678 1609 1732 valetudinis
1655 1679 1905 1748 jactura,
1944 1681 2178 1749 princeps
2231 1680 2480 1736 illustris-

899 1768 1049 1830 sime,
1079 1765 1373 1820 Germanice
1404 1777 1592 1820 nostra:
1615 1767 1745 1834 ﬁnes
1775 1777 1822 1820 et
1847 1768 1960 1836 ejus
1986 1768 2259 1837 interiora,
2285 1786 2401 1839 qua:
2424 1780 2481 1824 tu

898 1874 1278 1928 germanusque
1313 1869 1456 1921 tuus,
1496 1857 1959 1928 Magdeburgensis
1986 1859 2401 1929 archiepiscopus
2432 1872 2478 1915 et

898 1950 1196 2007 Germania:
1241 1954 1438 2021 primas
1466 1993 1481 2017 ,
1528 1952 1676 2023 longe
1723 1952 1926 2021 lateque
1974 1954 2278 2022 possidetis,
2312 1955 2481 2023 perlu-

896 2045 1097 2107 stravi,
1149 2058 1366 2111 eumque
1408 2040 1637 2094 laborem
1680 2050 1729 2094 et
1758 2041 2005 2093 itinerum
2041 2040 2275 2110 pericula
2316 2041 2479 2096 libens

896 2151 1096 2202 semper
1127 2143 1173 2186 et
1201 2132 1358 2185 hilari
1389 2132 1563 2185 animo
1603 2131 1774 2194 subii,
1818 2140 1871 2183 ut
1903 2132 2147 2201 antiquos
2174 2141 2221 2184 et
2250 2132 2477 2185 nondum

894 2227 1173 2295 impressos
1208 2225 1519 2294 inquirerem
1546 2223 1768 2288 codices,
1805 2232 1873 2286 et,
1903 2224 1947 2276 si
1980 2240 2107 2293 quos
2142 2225 2195 2277 in
2227 2223 2477 2279 Hercinia

893 2315 1047 2378 silva,
1076 2315 1289 2383 Alpibus
1317 2313 1663 2382 Obnobiisque
1689 2314 1972 2379 montibus,
2002 2324 2050 2367 et
2080 2316 2239 2368 vastis
2269 2312 2478 2369 Germa-

896 2409 998 2459 nice
1033 2405 1425 2471 solitudinibus,
1460 2405 1739 2474 paludibus
1772 2407 1951 2471 etiam,
1984 2406 2039 2459 in
2068 2407 2395 2461 monasteriis
2429 2417 2476 2461 et

892 2499 1137 2552 camabiis
1167 2497 1510 2562 Druidarum,
1545 2496 1943 2566 locupletissime
1968 2514 2000 2551 a
2037 2498 2228 2551 nostris
2256 2500 2478 2567 impera-

890 2588 1090 2641 toribus
1133 2598 1180 2642 et
1222 2588 1441 2641 ducibus
1485 2587 1719 2656 fundatis
1749 2626 1763 2651 ,
1814 2588 2139 2652 invenissem,
2184 2599 2475 2641 nostrorum

891 2676 1207 2730 swculorum
1235 2676 1511 2746 felicitate,
1547 2693 1637 2745 per
1679 2677 2068 2746 impressoriam
2105 2688 2292 2743 artem,
2321 2695 2352 2731 a
2384 2696 2477 2733 no-

886 2767 1010 2821 stris
1053 2768 1347 2821 hominibus
1377 2768 1632 2822 inventam
1664 2810 1678 2832 ,
1724 2771 1778 2823 in
1827 2769 1995 2823 lucem
2044 2770 2352 2843 proferrem.
2393 2773 2473 2825 Ad

885 2875 1044 2927 quam
1075 2876 1181 2913 rem
1211 2858 1388 2912 multa:
1413 2875 1539 2912 sane
1573 2870 1618 2912 et
1651 2860 1878 2913 honesta:
1924 2876 2097 2914 causa:
2134 2877 2214 2913 me
2257 2861 2476 2931 impule-

2583 1694 2630 1738 et
2678 1687 2979 1756 religionem
3034 1686 3388 1741 Christianam
3436 1699 3705 1753 nostram,
3760 1693 4081 1762 diligentiam
4113 1704 4162 1748 et

2574 1773 2727 1843 juges
2754 1773 2955 1828 labores
2985 1766 3215 1828 viderent
3244 1785 3289 1829 et
3320 1777 3687 1847 intelligerent,
3716 1782 4162 1836 commiseratione

2582 1864 2811 1930 quadam
2848 1864 3056 1929 ductus,
3094 1873 3141 1917 et
3164 1865 3453 1933 priscorum
3493 1866 3869 1923 Germanorum
3898 1870 4163 1926 laboribus

2580 1955 2771 2008 mirum
2808 1956 2863 2008 in
2901 1956 3112 2009 modum
3164 1958 3481 2026 compatiens
3504 1998 3519 2023 ,
3568 1968 3664 2023 ut,
3710 1976 3826 2029 qua:
3853 1960 3932 2014 illi
3957 1964 4158 2032 magnis

2581 2045 2823 2113 impensis
2861 2055 2909 2099 et
2938 2046 3145 2115 vigiliis,
3175 2046 3300 2099 dum
3329 2058 3447 2100 ante
3482 2064 3647 2102 annos
3675 2051 4022 2120 septingentos
4058 2051 4157 2105 Ro-

2580 2153 2763 2189 manas
2790 2136 2989 2189 litteras
3040 2138 3205 2206 (prius
3238 2139 3374 2190 enim
3420 2136 3619 2192 ercis
3648 2141 3730 2193 usi
3772 2140 3993 2212 fuimus)
4042 2159 4155 2196 cum

2581 2227 2829 2295 religione
2855 2225 3156 2281 Christiana
3185 2228 3525 2298 suscepimus,
3554 2231 3897 2299 scripsissent,
3928 2232 4021 2286 illa
4043 2233 4156 2302 jam

2579 2317 2889 2371 sa'culorum
2929 2328 3225 2371 nostrorum
3264 2319 3491 2387 ignavia,
3521 2322 3749 2386 incuria,
3798 2332 3846 2375 et
3872 2322 3998 2377 dum
4039 2340 4152 2393 spe-

2579 2410 2720 2461 ciosa
2752 2408 2872 2461 vitia
2895 2410 3179 2478 sequimur,
3220 2426 3252 2461 a
3285 2408 3398 2462 cwli
3428 2409 3648 2478 injuria,
3679 2412 3907 2479 pulvere,
3937 2430 4031 2483 pro
4073 2414 4154 2466 lit-

2578 2508 2805 2551 terarum
2828 2498 3036 2563 studiis,
3059 2499 3161 2552 situ
3185 2507 3231 2551 et
3254 2500 3416 2564 carie,
3438 2508 3505 2563 et,
3530 2510 3585 2553 ut
3609 2517 3724 2555 cum
3747 2505 3939 2572 gemitu
3961 2504 4150 2570 dicam,

2577 2608 2608 2644 a
2636 2591 2821 2661 blaptis
2848 2592 3023 2655 etiam,
3059 2607 3161 2643 non
3198 2591 3327 2647 satis
3380 2600 3492 2644 tuta
3536 2603 3724 2646 essent.
3766 2594 3994 2648 Accessit
4023 2597 4151 2649 mira

2581 2683 2706 2735 mihi
2721 2682 2959 2751 quardam
2973 2681 3311 2734 historiarum
3325 2677 3755 2737 Germanicarum
3770 2686 4151 2753 vicinarumque

2581 2774 2727 2826 nobis
2760 2773 3032 2825 nationum
3065 2773 3270 2840 cupido,
3300 2780 3377 2835 ut,
3403 2772 3448 2824 si
3478 2788 3604 2841 quos
3641 2775 3948 2828 invenissem
3988 2776 4053 2829 de
4079 2792 4151 2829 re-

2576 2862 2723 2932 gibus
2753 2874 2799 2915 et
2844 2862 3242 2931 imperatoribus
3298 2862 3487 2915 nostris
3534 2864 3735 2917 codices
3762 2904 3777 2930 ,
3818 2874 3910 2917 aut
3942 2864 4150 2919 illorum

844 2962 848 2965 ‘
885 2960 1025 3005 rant.
1078 2950 1189 3004 Nec
1232 2949 1617 3019 vaniloquentia
1667 2949 1963 3021 aliquorum
2006 2952 2383 3006 maledicorum
2425 2964 2472 3006 et
2506 2946 2548 3004 Β
2577 2953 2717 3007 clare
2744 2961 2888 3021 gesta
2920 2962 3009 3004 aut
3038 2953 3178 3004 dicta
3217 2953 3280 3004 ab
3316 2953 3541 3005 externis
3574 2952 3651 3006 vel
3678 2954 3944 3008 nostratiis
3972 2954 4149 3010 litteris

881 3044 1238 3096 detractorum
1265 3058 1498 3095 meorum
1539 3058 1619 3095 me
1645 3042 1709 3095 ab
1748 3043 1950 3111 incepto
1995 3045 2251 3097 deterrere
2288 3054 2472 3113 potue-

881 3142 984 3185 rat.
1019 3131 1123 3197 Qui
1152 3132 1275 3185 dum
1301 3132 1353 3184 in
1378 3131 1481 3184 alio
1511 3132 1729 3185 viderint
1758 3132 1896 3201 quod
1923 3133 2094 3201 impar
2117 3134 2227 3186 suis
2254 3132 2468 3197 viribus,

879 3222 955 3276 vel
985 3222 1124 3292 quod
1148 3221 1226 3275 illi
1248 3238 1343 3275 sua
1368 3222 1599 3290 ignavia,
1630 3229 1675 3274 et
1710 3222 1770 3273 ob
1800 3222 2011 3275 insitam
2042 3223 2234 3292 ingenii
2260 3232 2307 3276 et
2340 3223 2473 3275 iner-

876 3311 965 3364 titz
1013 3311 1371 3365 hebetudinem
1415 3323 1461 3363 et
1510 3310 1843 3376 tarditatem,
1892 3313 2144 3382 attingere
2189 3323 2467 3382 nequeunt,

874 3415 999 3452 mox
1020 3398 1206 3453 cliente
1230 3399 1431 3461 virtuti,
1471 3399 1554 3451 cui
1581 3397 1710 3451 nihil
1744 3398 1936 3451 invium
1959 3410 2003 3452 et
2026 3400 2342 3454 inaccessum
2369 3412 2467 3466 est,

874 3488 1228 3559 obloquuntur
1269 3496 1317 3539 et
1349 3487 1685 3555 obstrepunt,
1736 3480 2099 3558 sacrilegiique
2127 3506 2213 3544 eos
2246 3490 2468 3545 insimu-

873 3578 1019 3646 lant,
1055 3579 1145 3649 qui
1171 3588 1396 3632 vetustos
1424 3579 1625 3632 codices
1644 3619 1658 3643 ,
1690 3589 1735 3631 et
1767 3579 2019 3649 quidquid
2045 3580 2339 3635 litterarum
2372 3584 2466 3636 sub

871 3668 1253 3729 Gonstantinis,
1293 3665 1499 3721 Carolis
1532 3677 1579 3721 et
1604 3668 1910 3739 Arnulphis,
1941 3668 2229 3725 Fridericis
2256 3683 2303 3726 et
2333 3671 2469 3727 Con-

875 3764 1042 3827 radis,
1083 3774 1129 3817 et
1161 3762 1493 3830 Oddonibus,
1534 3764 1839 3818 clarissimis
1868 3774 1915 3820 et
1946 3766 2346 3839 religiosissimis
2374 3768 2465 3819 im-

870 3855 1218 3923 peratoribus,
1249 3855 1302 3907 in
1330 3854 1670 3908 Germaniam
1702 3854 1930 3921 illatum,
1956 3867 2046 3909 aut
2080 3857 2221 3927 apud
2247 3873 2341 3911 nos
2372 3873 2464 3909 na—

871 3956 979 3998 tum
1011 3946 1370 4015 conspexerint
1396 3987 1410 4011 ,
1452 3942 1738 4018 Gra’caque
1764 3957 1810 4002 et
1838 3946 2080 4003 Romana
2120 3949 2213 4003 illa
2237 3990 2251 4014 ,
2290 3951 2462 4019 prisco

871 4036 1174 4089 charactere
1215 4037 1542 4105 conscripta,
1577 4037 1744 4108 legere
1791 4056 1894 4093 non
1930 4040 2215 4109 potuerint.
2262 4039 2461 4104 Quibus

872 4142 963 4195 ego
998 4126 1214 4195 benigne
1263 4127 1547 4180 admodum
1594 4130 1901 4198 respondeo,
1925 4130 2332 4198 pulcherrimum
2353 4146 2463 4183 esse

866 4216 1064 4268 homini
1106 4213 1367 4269 Germano
1400 4226 1447 4268 et
1491 4216 1639 4269 laudi
1678 4219 1773 4270 toti
1812 4217 2141 4273 Germanica:
2168 4220 2388 4283 nationi,
2417 4220 2462 4272 si

2574 3042 2825 3096 mandata
2851 3082 2864 3104 ,
2918 3040 3037 3095 illos
3072 3042 3125 3094 in
3152 3042 3317 3095 lucem
3361 3043 3587 3106 ederem,
3618 3053 3707 3096 aut
3747 3044 3815 3097 ad
3837 3044 4150 3099 illustratum

2576 3140 2805 3184 nostram
2830 3128 3196 3195 Germaniam,
3233 3146 3348 3201 qua:
3370 3131 3424 3183 in
3455 3131 3695 3185 manibus
3727 3143 3821 3197 est,
3855 3134 4148 3196 insererem,

2573 3233 2661 3276 aut
2684 3233 2990 3293 argumenta
3016 3225 3275 3277 scribendi
3297 3225 3604 3294 acciperem.
3633 3225 3763 3279 Cum
3790 3228 3965 3296 itaque
3996 3244 4152 3297 nuper

2570 3316 2685 3384 ejus
2713 3314 2885 3384 gratia
2918 3331 3127 3384 peregre
3155 3316 3416 3385 profectus
3446 3316 3681 3385 fuissem,
3712 3317 3947 3386 forteque
3980 3320 4035 3373 in
4056 3336 4150 3373 cce-

2576 3404 2789 3456 nobium
2818 3404 3015 3457 ordinis
3055 3406 3221 3458 sancti
3273 3405 3536 3460 Benedicti
3572 3408 3961 3473 concessissem,
3990 3410 4149 3479 reperi

2569 3493 2999 3558 vetustissimum,
3031 3493 3205 3547 littera
3231 3493 3392 3562 ferme
3421 3494 3641 3550 Gothica
3660 3506 3707 3551 et
3735 3497 3970 3553 mulieris
3994 3516 4149 3553 manu

2568 3583 2917 3651 conscriptum
2954 3583 3182 3636 codicem
3205 3623 3219 3647 ,
3248 3584 3342 3636 sub
3369 3584 3521 3637 titulo
3560 3594 3607 3638 et
3634 3585 3968 3656 inscriptione
3995 3588 4149 3658 virgi-

2568 3673 2647 3727 nis
2673 3683 2717 3727 et
2742 3674 2985 3728 monialis
3016 3673 3313 3738 Germanw,
3351 3674 3810 3745 gente'Sarconica,
3845 3695 3948 3745 quo
3985 3680 4148 3733 conti-

2568 3764 2823 3817 nebantur
2859 3781 2920 3818 ea
2956 3781 3074 3834 qua:
3105 3766 3160 3818 in
3195 3764 3364 3833 fronte
3401 3776 3448 3821 et
3486 3766 3656 3820 indice
3680 3767 3838 3836 hujus
3878 3767 4149 3821 voluminis

2566 3855 2912 3909 continentur.
2945 3854 3259 3910 Incredibile
3290 3857 3455 3921 dictu,
3487 3868 3680 3927 quanto
3706 3867 3914 3927 stupore
3943 3870 3991 3913 et
4022 3876 4149 3929 gau-

2566 3944 2651 3997 dio
2678 3955 2944 4013 correptus
2973 3946 3161 4013 fuerim
3183 3986 3197 4012 ,
3231 3947 3355 3999 dum
3382 3946 3650 4001 mulierem
3694 3945 4009 4002 Germanum
4037 3959 4148 4018 post

2565 4046 2830 4089 sexcentos
2856 4053 3021 4091 annos
3050 4037 3142 4106 (tot
3166 4039 3301 4091 enim
3325 4038 3388 4090 ab
3412 4036 3630 4092 Oddone
3650 4040 3817 4107 primo
3840 4039 3893 4092 in
3917 4051 4146 4095 nostram

2567 4142 2725 4194 usque
2748 4135 2951 4180 atatem
2975 4128 3195 4198 fluxere)
3224 4127 3410 4181 Latina
3437 4130 3670 4183 oratione
3696 4140 3741 4184 et
3770 4132 3923 4184 versu
3940 4130 4147 4201 loquen-

2563 4227 2662 4271 tem
2688 4217 2944 4286 legissem.
2981 4217 3220 4272 Mirabar
3242 4220 3296 4272 in
3320 4235 3380 4271 ea
3402 4219 3723 4274 vehementer
3752 4222 3879 4287 tria,
3907 4238 4025 4291 qua:
4048 4224 4144 4275 ad-

864 4305 1002 4369 quis,
1035 4321 1212 4357 amore
1243 4304 1535 4359 litterarum
1567 4316 1613 4361 et
1644 4307 1849 4375 patria’,
1874 4310 2314 4378 peregrinationes
2342 4326 2459 4363 sus-
2486 4291 2530 4351 (ἶ
2564 4306 2773 4358 modum
2797 4307 2977 4375 paucis
3011 4322 3254 4360 concessa
3282 4317 3425 4372 sunt,
3464 4317 3517 4361 ut
3546 4306 3776 4363 Ioannes
3806 4308 4143 4381 Dalburgius,

864 4394 1077 4461 ceperit,
1113 4402 1182 4457 et,
1210 4410 1529 4465 quaecunque
1569 4396 1888 4465 exemplaria
1930 4408 2098 4453 vetera
2138 4395 2319 4454 Grteca
2365 4412 2455 4453 aut

865 4481 1080 4548 Latina,
1105 4484 1262 4547 dono,
1294 4487 1719 4551 commutatione,
1744 4487 1820 4541 vel
1842 4498 2042 4553 mutuo,
2067 4501 2156 4543 aut
2182 4501 2453 4543 numerata

864 4574 1106 4642 pecunia,
1134 4575 1434 4643 conquirere
1477 4575 1662 4643 possit,
1703 4575 1897 4646 illaque
1936 4579 2267 4645 impressioni
2300 4596 2453 4633 man-

863 4664 1010 4728 dare,
1043 4674 1113 4728 et,
1142 4664 1268 4717 dum
1314 4664 1407 4717 illa
1444 4666 1695 4734 impressa
1738 4678 1827 4721 aut
1875 4672 2193 4739 transcripta
2236 4670 2450 4739 fuerint,

862 4768 980 4805 cum
1008 4770 1186 4815 usura,
1222 4764 1292 4819 et,
1319 4764 1372 4806 ut
1402 4755 1475 4808 ita
1513 4756 1706 4821 dicam,
1738 4766 1851 4824 post
1880 4757 2080 4810 liminio
2111 4759 2332 4828 acceptis
2367 4761 2452 4812 in-

862 4845 1051 4911 duciis,
1083 4847 1137 4900 in
1182 4846 1297 4901 loca
1324 4864 1419 4901 sua
1448 4858 1493 4902 et
1521 4850 1751 4903 caenobia
1792 4859 2133 4904 revertantur.
2168 4851 2447 4918 Quocirca,

861 4937 985 4991 dum
1011 4937 1253 4992 vidissem
1285 4938 1450 4993 multa
1475 4938 1733 5009 prtrclara
1775 4950 1821 4993 et
1848 4940 2075 4995 illustria
2108 4942 2451 5011 exemplaria,

861 5036 1109 5096 tanquam
1136 5028 1339 5097 egregia
1366 5038 1412 5082 et
1437 5028 1609 5098 opima
1631 5028 1875 5098 quredam
1904 5028 1966 5082 de
1996 5030 2143 5084 nobis
2171 5030 2359 5099 spolia,
2389 5031 2452 5083 ab

856 5114 1011 5171 Italis
1039 5133 1065 5171 e
1096 5116 1378 5173 Germania
1410 5121 1464 5174 in
1491 5119 1710 5175 Italiam
1752 5121 1926 5175 delata
1964 5123 2136 5193 ibique
2178 5126 2451 5193 impressa,

859 5207 1153 5275 cogitabam
1183 5225 1296 5279 ego,
1333 5210 1403 5263 ad
1435 5227 1539 5277 me,
1578 5212 1837 5265 hominem
1868 5212 1922 5266 in
1953 5214 2125 5267 media
2170 5212 2453 5270 Germania

859 5306 906 5354 et
947 5296 1199 5353 Hercinia
1231 5312 1437 5367 natum,
1474 5312 1520 5355 et
1542 5303 1633 5373 qui
1656 5303 1854 5372 primus
1878 5304 2013 5358 inter
2046 5304 2334 5360 Germanos
2360 5306 2449 5360 lit-

859 5397 1087 5428 turns-um
1123 5402 1428 5428 nrnmaoun
1462 5403 1506 5428 nl
1537 5394 1763 5428 ίηοῖηηίιι
1816 5411 1876 5428 ηρ
1898 5395 2219 5428 :munu-o'nlam
2246 5396 2449 5428 Ιηοηοοηη

2572 4394 2943 4450 Vormatiensis
2974 4398 3211 4461 antistes,
3240 4398 3471 4450 omnium
3503 4398 3660 4452 decus
3688 4409 3943 4464 nostrum,
3973 4410 4019 4454 et
4060 4400 4146 4452 lit-

2560 4500 2788 4542 terarum
2830 4499 2875 4542 et
2909 4490 3192 4559 pra'sulum
3219 4488 3483 4558 singulare
3504 4502 3888 4554 ornamentum,
3920 4493 3975 4545 in
4000 4492 4144 4545 disti-

2558 4580 2653 4632 cho
2676 4596 2772 4633 suo
2796 4581 3048 4643 meminit,
3073 4580 3210 4650 quod
3234 4580 3360 4632 talia
3382 4579 3607 4648 puellari
3629 4591 3781 4635 a’tate
3808 4582 4070 4651 scripserit
4098 4592 4141 4636 et

2560 4674 2808 4742 feminea,
2842 4674 2897 4725 in
2943 4673 3113 4727 media
3145 4673 3384 4727 barbarie
3425 4682 3472 4725 et
3504 4671 3678 4741 patria
3705 4671 3922 4725 horrida
3948 4672 4139 4741 genita.

2561 4761 2802 4816 Mirabar
2843 4764 3055 4832 insuper
3092 4763 3333 4833 antiquas
3356 4763 3629 4817 verborum
3672 4770 3719 4815 et
3759 4761 4030 4814 nominum
4067 4762 4143 4813 in-

2557 4852 2805 4919 flexiones
2844 4862 2891 4905 et
2927 4861 3242 4917 structuras,
3284 4862 3339 4906 ut
3369 4851 3481 4907 sois
3514 4867 3608 4921 pro
3632 4851 3760 4917 sibi,
3793 4851 3862 4905 tis
3884 4867 3980 4919 pro
4024 4850 4138 4914 libi,

2558 4942 2659 4995 mis
2684 4957 2777 5009 pro
2807 4940 2957 5005 mihi,
2986 4940 3184 5010 ﬁguras
3212 4942 3368 4995 etiam
3393 4950 3439 4995 et
3460 4940 3749 4994 dictionum
3773 4940 4063 5009 passiones,
4087 4948 4138 4991 ut

2558 5032 2774 5086 debrius
2808 5048 2902 5101 pro
2930 5032 3132 5095 ebrius,
3163 5044 3208 5087 et
3241 5033 3294 5085 id
3323 5049 3485 5103 genus
3512 5031 3686 5101 plura.
3714 5030 3881 5085 Taceo
3908 5030 4169 5116 liberales‘

2558 5133 2693 5176 artes
2724 5123 3215 5193 mathematicasque
3255 5124 3589 5194 disciplinas,
3637 5122 3695 5177 in
3737 5123 3925 5193 quibus
3957 5139 4011 5178 se
4052 5122 4139 5175 illa

2556 5212 2763 5267 doctam
2796 5222 2841 5266 et
2869 5213 3233 5267 admirabilem
3266 5214 3509 5277 ostendit,
3542 5223 3597 5267 ut
3630 5212 3695 5267 de
3717 5213 3853 5266 tonis
3876 5222 3924 5267 et
3946 5214 4138 5266 musica

2556 5303 2610 5356 in
2644 5300 2963 5371 Paphnutio,
2988 5314 3033 5356 et
3070 5303 3133 5357 de
3162 5303 3228 5367 vi,
3259 5311 3304 5355 et
3333 5303 3542 5367 virtute,
3581 5310 3628 5356 et
3658 5303 3862 5356 naturis
3898 5317 4136 5356 numero-

2558 5411 2669 5428 σορκ,
2698 5395 2750 5428 ε..
2788 5394 2886 5428 ΒΑ.
2939 5393 3092 5428 ΠυηιΙ
3119 5395 3159 5428 οἱ

3191 5395 3449 5428 unauna".
3473 5392 3725 5428 Λνηιὸηηὲι
3755 5394 4054 5428 woman-ilia
4084 5392 4133 5428 δη
