4486 5544
356 387 462 443 969

349 701 590 761 ptorum,
619 691 670 744 in
709 693 892 762 quibus
929 694 1078 764 longe
1121 695 1226 748 alia
1251 713 1407 751 auam
1451 698 1504 751 in
1531 697 1787 768 Digestis,
1822 700 1938 752 divo

355 783 684 854 Hieronymo
731 795 779 839 et
838 787 1175 857 Augustino,
1234 789 1538 844 elocutionis
1586 794 1937 862 compositura

347 886 442 936 est,
482 877 568 928 ubi
599 876 772 930 omnia
805 876 873 929 ad
915 877 1249 947 arhythmum
1289 889 1336 932 et
1364 883 1670 935 concinnam
1704 884 1860 936 medii
1889 893 1936 937 et

348 969 469 1036 finis
499 970 837 1024 sonoritatem
865 971 1183 1040 referuntur,
1219 989 1368 1043 quem
1397 972 1578 1028 Cicero
1606 974 1831 1030 colorem
1859 978 1934 1030 si-

347 1060 542 1115 militer
570 1063 837 1117 cadentem
864 1075 910 1118 et
936 1065 1253 1119 desinentem
1282 1068 1536 1120 nominat.
1577 1065 1805 1122 Proinde
1832 1086 1936 1122 non

347 1170 428 1206 me
457 1164 660 1208 tantum
705 1155 860 1226 hujus
891 1157 1106 1227 virginis
1144 1168 1336 1212 nostrte
1367 1159 1556 1214 littera:
1585 1160 1932 1228 delectabant,

342 1258 595 1314 quantum
631 1247 706 1300 vel
739 1247 845 1301 illa:
883 1257 1075 1302 nostrae
1113 1247 1386 1310 Cimbrica:
1429 1251 1687 1314 mulieris,
1718 1252 1794 1306 vel
1839 1250 1936 1306 Ve-

344 1333 470 1387 lada
495 1335 586 1388 illa
615 1345 706 1388 aut
721 1336 944 1391 Aurinia
958 1354 990 1390 a
1006 1336 1254 1393 Romanis
1274 1341 1631 1410 scriptoribus,
1648 1344 1736 1411 qui
1758 1343 1934 1413 singu-

343 1425 507 1479 larem
534 1427 587 1480 in
619 1426 751 1481 bello
784 1427 1023 1482 virtutem
1067 1439 1114 1483 et
1149 1430 1521 1484 divinationem
1552 1431 1658 1486 illis
1685 1434 1932 1487 divinitus

340 1521 652 1589 inspiratam
699 1533 1125 1577 commemorant.
1171 1522 1407 1594 Longum
1457 1535 1628 1589 esset,
1679 1523 1930 1596 Princeps

339 1609 728 1674 illustrissime,
770 1612 816 1664 si
859 1610 1243 1666 Germanorum
1289 1612 1564 1665 mulierum
1606 1614 1837 1677 virtutes,
1865 1615 1929 1667 ab

338 1703 585 1755 humanis
628 1701 977 1767 sublatarunt,
1023 1714 1071 1756 et
1113 1703 1286 1756 adhuc
1327 1704 1624 1769 viventium,
1669 1721 1930 1761 recensere

337 1793 537 1847 vellem.
571 1790 682 1847 Nec
701 1810 794 1863 ego
819 1796 952 1846 tanti
979 1793 1214 1863 Sappho,
1242 1793 1484 1860 Gleliam,
1517 1797 1594 1850 vel
1620 1795 1926 1868 Hieronymi

337 1884 682 1939 Eustochiam
725 1896 772 1940 et
805 1884 1120 1949 Paulinam,
1169 1897 1258 1940 aut
1287 1891 1427 1957 apud
1457 1887 1730 1952 Hebrteos,
1763 1889 1921 1955 Ruth,
1957 1875 2002 1935 Β

333 1976 521 2030 Judith
544 1987 589 2031 et
620 1976 828 2041 Esther,
860 1988 1112 2047 quantum
1138 1995 1229 2049 ego
1255 1980 1308 2033 in
1331 1981 1545 2034 musicis
1570 1982 1925 2035 instrumentis

335 2070 575 2124 omnibus
606 2072 963 2125 doctissimum
992 2074 1199 2128 Annam
1241 2073 1577 2142 Germanam,
1611 2087 1700 2130 aut
1730 2077 1929 2146 Agnul-

332 2160 439 2213 lam
471 2159 702 2214 Frisium
733 2163 788 2216 in
826 2165 1143 2218 carminibus
1190 2164 1466 2236 Sapphicis
1495 2204 1508 2229 ,
1549 2167 1672 2236 jure
1714 2168 1851 2220 civili
1880 2177 1927 2221 et

331 2253 532 2318 divino,
560 2263 606 2307 et
633 2254 961 2324 philosophia
983 2257 1370 2322 admirabilem,
1402 2270 1492 2311 aut
1517 2258 1665 2312 illam
1695 2269 1926 2312 nostram

331 2347 644 2399 charitatem
689 2344 937 2400 Vilibaldi
968 2347 1348 2417 Pyrkhamers,
1383 2352 1598 2420 hospitis
1639 2353 1799 2405 nostri
1840 2370 1925 2406 so-

331 2451 525 2501 rorem,
555 2437 607 2490 in
646 2435 886 2490 Romana
916 2437 1095 2507 lingua
1127 2449 1173 2492 et
1200 2441 1485 2494 scribendis
1517 2442 1750 2510 epistolis
1792 2444 1927 2510 faci-

330 2526 434 2580 lem
464 2537 510 2580 et
533 2536 1012 2596 extemporaneam.
1050 2527 1245 2584 Nullus
1277 2547 1431 2586 sexus
1453 2542 1501 2586 ct
1529 2543 1680 2598 a’tas,
1713 2536 1764 2588 in
1786 2535 1925 2590 omni

329 2628 592 2673 terrarum
617 2618 753 2685 loco,
783 2621 852 2674 ad
882 2622 1122 2676 virtutem
1152 2633 1199 2677 et
1221 2625 1567 2680 eruditionem
1589 2627 1858 2682 imbecillis
1879 2640 1926 2683 et

327 2710 574 2765 indocilis
601 2722 713 2778 est,
756 2713 802 2766 si
830 2714 1042 2784 quando
1069 2715 1334 2785 ingenium
1367 2718 1651 2782 industria,
1687 2720 1928 2774 educatio

326 2810 377 2854 et
421 2803 698 2872 praeceptio
748 2802 824 2857 illi
860 2804 1026 2858 adest.
1079 2805 1210 2860 Cum
1258 2808 1432 2878 itaque
1458 2849 1472 2871 ,
1516 2808 1764 2879 Princeps
1806 2811 1928 2864 illu-

327 2892 607 2958 strissime,
634 2893 790 2964 longa
819 2911 1018 2949 mecum
1065 2898 1376 2967 cogitatione
1406 2899 1694 2964 volvissem,
1718 2901 1926 2956 cuinam

329 3001 460 3054 opus
500 2995 662 3040 tanta:
704 2989 940 3042 mulieris
967 2990 1212 3045 dedicare
1243 2993 1478 3048 deberem
1504 3035 1518 3059 ,
1565 2997 1842 3050 occurristi
1871 3009 1927 3050 tu

328 3094 456 3131 mos:
496 3079 553 3132 in
605 3079 712 3133 illis
746 3081 1048 3137 decretoriis
1095 3094 1142 3137 et
1178 3087 1530 3141 comitialibus
1578 3089 1926 3161 Norinbergre

331 3168 541 3235 diebus,
569 3187 789 3243 cumque
827 3175 1056 3228 codicem
1089 3177 1240 3230 istius
1294 3189 1485 3232 nostra:
1521 3191 1684 3249 poettv
1712 3183 1805 3236 tibi
1836 3184 1925 3237 ob-

331 3263 593 3329 tulissem,
623 3275 681 3318 tu
709 3282 852 3330 mox,
882 3277 936 3319 ut
959 3268 1592 3340 imprimeretur,jussisti
1629 3285 1676 3327 et
1706 3279 1922 3340 curasti,

329 3357 458 3411 data
485 3360 643 3413 etiam
676 3376 708 3412 a
735 3359 976 3415 Ctesareo
1015 3373 1199 3416 senatu
1237 3366 1524 3436 privilegio,
1561 3385 1624 3423 ne
1656 3373 1770 3440 quis
1813 3373 1923 3426 ha'c

326 3458 374 3503 et
405 3448 513 3503 alia
541 3451 859 3519 exemplaria
903 3454 1159 3524 impressa
1197 3458 1252 3510 in
1287 3460 1463 3514 decem
1498 3466 1670 3529 annis,
1707 3477 1817 3532 post
1845 3484 1924 3521 me

327 3549 375 3593 et
408 3539 612 3594 sodales
638 3557 802 3606 meos,
832 3543 886 3594 in
915 3542 1089 3598 liberis
1117 3556 1164 3600 et
1195 3548 1554 3618 imperialibus
1589 3555 1801 3609 urbibus
1831 3558 1922 3610 im-

326 3633 554 3716 primere
595 3635 829 3699 auderet,
873 3636 967 3690 sub
1001 3649 1141 3692 certa
1187 3651 1234 3695 et
1261 3643 1433 3699 debita
1472 3648 1688 3702 mulcto.
1739 3649 1924 3716 Accipe

326 3725 507 3794 igitur,
539 3710 790 3798 Princeps
811 3728 1183 3800 illustrissime,
1214 3734 1472 3792 litterario
1497 3721 1641 3794 illius
1666 3742 1922 3809 mulieris,

324 3824 474 3884 gente
518 3825 609 3869 tua
658 3827 807 3884 artat,
847 3835 1087 3886 munera,
1116 3841 1234 3893 qua:
1259 3837 1337 3889 tu,
1368 3839 1422 3880 ut
1466 3831 1743 3884 aeterniora
1781 3842 1922 3899 sunt,

325 3907 533 3976 majora
562 3909 813 3976 azstimas,
837 3928 995 3982 quam
1023 3916 1067 3967 si
1099 3915 1191 3968 tibi
1219 3919 1346 3984 quid
1371 3920 1574 3986 fluxum
1597 3931 1644 3974 et
1667 3923 1924 3977 caducum

324 3997 713 4055 obtulissemus.
765 4001 964 4058 Tantus
1000 4006 1137 4059 enim
1182 4023 1334 4061 amor
1374 4019 1495 4064 tuus
1537 4011 1593 4066 in
1629 4024 1850 4068 (eternas
1876 4026 1924 4069 et

323 4089 686 4155 immortales,
738 4101 792 4144 ut
848 4093 922 4145 ita
969 4095 1231 4162 dixerim,
1274 4097 1477 4155 litteras
1528 4111 1574 4155 et
1622 4103 1924 4173 religionem

325 4178 681 4235 Christianam
703 4192 797 4249 est,
824 4193 878 4238 ut
906 4185 1063 4253 facile
1084 4204 1262 4243 omnes
1288 4190 1422 4245 alios
1452 4190 1750 4249 Germania:
1779 4198 1925 4265 prin-

323 4273 485 4342 cipes,
512 4273 701 4327 multos
732 4277 888 4329 etiam
913 4279 1183 4347 praesules,
1211 4283 1279 4335 ad
1310 4301 1440 4353 quos
1472 4286 1767 4343 litterarum
1797 4307 1924 4344 cura

321 4372 372 4416 et
406 4364 760 4431 patrocinium
792 4365 915 4434 jure
958 4380 1191 4437 spectare
1239 4373 1468 4439 deberet,
1507 4378 1728 4433 excellas
1760 4391 1808 4434 et
1838 4397 1925 4435 su-

320 4466 490 4522 peres.
534 4451 779 4524 Sequeris
808 4464 863 4509 tu
902 4468 1034 4513 recte
1073 4471 1120 4514 et
1158 4463 1380 4519 inhaeres
1425 4468 1648 4538 vestigiis
1686 4469 1923 4528 Oddonis

321 4546 468 4601 illius
508 4549 702 4617 primi,
751 4552 903 4621 cujus
948 4571 1097 4609 omne
1145 4560 1517 4626 patrimonium
1567 4575 1614 4618 et
1661 4568 2002 4654 amplissi-D

323 4654 468 4692 mum
489 4637 760 4705 imperium
784 4652 840 4694 tu
866 4652 914 4697 et
935 4661 1216 4715 germanus
1237 4659 1379 4717 tuus,
1406 4651 1682 4723 Ernestus,
1711 4658 1922 4731 Magde-

324 4733 594 4803 burgensis
631 4735 1049 4806 archiepiscopus
1071 4780 1086 4806 ,
1117 4742 1452 4800 hatreditario
1503 4751 1728 4818 quodam
1774 4754 1919 4823 jure,

322 4823 500 4888 titulo,
531 4840 689 4893 prope
719 4827 990 4896 sanguinis
1017 4835 1393 4902 propagatione
1419 4847 1466 4889 et
1503 4839 1776 4908 affinitate,
1801 4861 1920 4913 pos-

322 4913 520 4967 sidetis.
546 4914 802 4984 Accepisti
829 4932 943 4969 eam
970 4936 1002 4972 a
1030 4924 1446 4991 progenitoribus
1482 4930 1586 4982 tuis
1620 4941 1666 4985 et
1690 4935 1922 5005 principe

322 5005 679 5061 illustrissimo
706 5046 720 5071 ,
766 5005 991 5065 Ernesto
1016 5053 1029 5077 ,
1074 5014 1475 5082 institutionem,
1516 5025 1606 5090 qui
1651 5025 1918 5098 religione,

322 5102 538 5170 pietate,
576 5101 831 5173 justitia,
881 5114 928 5158 et
971 5105 1231 5178 singulari
1281 5111 1558 5168 clementia
1605 5127 1653 5172 et
1685 5118 1921 5175 liberali-

325 5200 429 5246 tate
455 5233 468 5257 ,
513 5209 672 5264 super
730 5207 906 5248 omnes
952 5197 1035 5249 sui
1082 5198 1262 5252 sceculi
1304 5204 1566 5272 principes
1604 5208 1828 5277 pollebat
1874 5219 1922 5265 et

326 5285 616 5351 eminebat,
664 5283 1000 5355 felicissimus
1067 5288 1154 5342 ille
1221 5291 1549 5360 fecunditate
1624 5300 1923 5359 illustrissi-

327 5389 422 5430 maz
468 5375 749 5435 coniugis.
791 5373 1110 5432 Bovarorum
1173 5377 1388 5435 familia
1459 5386 1831 5435 anliauinimn
1876 5403 1925 5435 οι

1735 400 2266 461 ΡιυηιςοΟΜΕΝΑ.

352 503 587 573 epistoltv
621 513 669 557 et
705 505 977 573 rescripta,
1016 507 1159 560 testis
1195 519 1268 561 est
1317 510 1510 573 codex,
1548 521 1593 562 et
1639 513 1727 579 qui
1761 510 1942 581 Magni
1970 519 2017 575 Α
2047 517 2313 582 initiatt,a
2335 523 2605 582 ditissimis
2626 534 3100 604 potentissimisque
3122 540 3173 592 in
3197 550 3305 595 tota

352 599 592 668 Gregorii
620 598 904 653 Moralium
931 599 1072 664 libri,
1101 611 1147 655 et
1182 603 1403 655 aliorum
1432 603 1573 656 illius
1606 605 1787 657 sa'culi
1810 606 1940 658 scri-

3521 437 3622 492 970

3334 543 3620 603 Germania

2045 604 2315 674 Ecclesiis,
2353 612 2680 685 Mogundina
2709 633 2756 674 et
2789 622 3104 694 Madburga,
3134 631 3186 681 in
3227 635 3497 700 pontiﬁces
3528 654 3622 704 po-

2040 700 2224 753 stulati
2251 715 2390 769 sunt,
2435 717 2485 762 te
2513 719 2703 781 tuoque
2746 730 3016 781 germano,
3052 718 3280 787 Joanne,
3308 726 3376 777 ad
3417 700 3622 795 patrias

2040 798 2204 848 terras
2235 806 2283 850 et
2315 802 2685 870 rempublicam
2710 810 3052 874 potentissimi
3078 813 3300 870 ducatus
3338 819 3536 887 relicto,
3565 826 3621 880 in

2038 900 2141 952 quo
2171 895 2226 939 tu
2264 889 2524 960 singulari
2541 897 2844 962 prudentia,
2870 903 3111 967 consilio,
3142 906 3400 974 sapientia
3427 923 3472 965 et
3514 932 3622 968 mo-

2039 976 2226 1042 destia,
2265 990 2313 1034 et
2346 999 2524 1038 amore
2542 989 2687 1054 pacis
2713 999 2759 1042 et
2785 995 3099 1059 concordia',
3125 1000 3214 1068 qui
3242 1001 3293 1052 in
3329 1002 3623 1061 Germania:

2037 1071 2358 1142 principibus
2391 1092 2542 1130 rarus
2571 1081 2790 1148 affectus
2817 1096 2912 1150 est,
2937 1088 3106 1144 eluces
3139 1103 3184 1145 et
3214 1096 3425 1160 emicas,
3462 1100 3625 1151 latro-

2038 1161 2183 1226 cinii,
2221 1165 2463 1234 perjurii,
2514 1171 2826 1229 stevissimus
2873 1179 3034 1233 hostis
3078 1193 3124 1235 et
3168 1185 3432 1243 inimicus.
3505 1190 3621 1243 Non

2037 1250 2194 1318 facile
2248 1253 2470 1310 dixerim
2515 1272 2740 1328 quantas
2789 1276 2844 1318 tu
2887 1284 3137 1337 expensas
3183 1293 3276 1344 pro
3330 1279 3622 1348 principum

2037 1354 2334 1400 nostrorum
2388 1355 2690 1420 concordia,
2757 1359 3122 1434 ﬁrmandaque
3179 1368 3368 1431 Italiie,
3431 1372 3620 1428 Gallioc

2037 1436 2432 1513 Germaniteque
2462 1456 2645 1500 vestra?
2671 1467 2798 1517 pace
2839 1464 2886 1506 et
2918 1458 3128 1522 unione,
3161 1460 3366 1527 feceris,
3400 1477 3625 1537 quotque

2035 1546 2201 1583 annos
2229 1534 2343 1602 ejus
2369 1538 2442 1589 rei
2467 1540 2636 1606 gratia
2661 1545 2845 1609 procul
2873 1564 2904 1598 a
2929 1552 3099 1616 patria
3123 1555 3263 1619 apud
3291 1554 3622 1611 Fridericum

2035 1620 2318 1690 Ga'sarem,
2353 1631 2494 1696 apud
2526 1648 2678 1699 quem
2709 1652 2845 1690 nunc
2872 1639 3146 1708 imperium
3188 1645 3485 1700 Romanum
3517 1652 3622 1718 spi-

2034 1725 2137 1777 rat,
2166 1714 2617 1786 Maximilianum,
2658 1725 3054 1783 invictissimum
3095 1750 3283 1802 regem,
3321 1739 3621 1808 absumpse-

2033 1806 2123 1857 ris.
2159 1804 2323 1862 Nulla
2358 1811 2449 1863 tibi
2479 1814 2542 1866 de
2587 1820 2758 1882 patria
2792 1829 2931 1873 terra
2979 1833 3025 1876 et
3070 1826 3394 1894 amplissimo
3423 1804 3616 1884 ducatu

2030 1907 2118 1951 tuo
2143 1917 2291 1966 cura,
2324 1904 2470 1958 nulla
2501 1906 2565 1960 de
2591 1911 2811 1981 conjuge
2840 1916 3081 1970 ducemla
3105 1920 3272 1972 animi
3296 1921 3618 1976 sollicitudo.

2033 1987 2304 2060 Quidquid
2352 2012 2526 2064 opum,
2561 2001 2747 2053 virium
2791 2005 2956 2057 animi
2997 2018 3044 2060 et
3097 2010 3322 2073 consilii,
3362 2014 3413 2065 in
3446 2025 3492 2065 te
3524 2027 3619 2080 est,

2032 2085 2128 2134 hoc
2156 2093 2320 2138 totunt
2357 2089 2653 2156 reipublica'
2680 2092 2995 2150 Christiantv
3027 2109 3074 2151 ct
3103 2103 3319 2171 imperio
3356 2104 3619 2169 Romano,

2031 2185 2078 2226 et
2103 2193 2196 2243 pro
2244 2179 2357 2247 ejus
2412 2183 2682 2250 majestate
2736 2193 3090 2244 conservanda
3122 2195 3396 2264 impendis,
3431 2199 3620 2258 donas.

2030 2268 2227 2334 pra'bes
2253 2279 2299 2321 et
2333 2271 2511 2338 offers.
2539 2274 2715 2328 Animi
2745 2278 2820 2330 tui
2853 2281 3181 2348 nobilissimi,
3212 2297 3258 2338 et
3291 2291 3522 2357 corporis
3546 2293 3622 2342 tui

2030 2358 2241 2427 egregii,
2277 2359 2368 2412 illa
2401 2362 2575 2416 divina
2602 2368 2844 2432 quietiam
2878 2387 2942 2423 ex
2976 2375 3240 2429 natalibus
3275 2388 3322 2430 et
3353 2381 3619 2446 sigillatis,

2031 2455 2086 2496 ut
2130 2448 2442 2512 genethliaci
2492 2453 2693 2519 dicunt,
2727 2457 2890 2512 stellis
2938 2462 3076 2516 dona
3124 2476 3259 2517 sunt.
3310 2467 3390 2520 [fx
3439 2471 3623 2527 decore

2029 2540 2163 2592 enim
2199 2541 2368 2598 vultus
2392 2547 2489 2610 tui,
2511 2558 2558 2600 et
2579 2550 2852 2607 oculorum
2877 2563 3088 2610 tuorum
3117 2562 3392 2625 modestia,
3421 2574 3466 2617 et
3488 2584 3619 2635 qua-

2029 2630 2152 2684 dam
2184 2633 2442 2700 singulari
2473 2641 2671 2706 gratia,
2701 2642 2970 2698 hominum
3008 2648 3062 2700 in
3092 2658 3139 2702 te
3179 2651 3407 2719 favorem
3451 2630 3614 2710 trahis

2028 2730 2076 2774 et
2110 2723 2264 2791 rapis.
2319 2727 2679 2795 Admirabilis,
2727 2734 2864 2788 inter
2905 2738 2998 2791 has
3044 2740 3275 2804 virtutes,
3306 2743 3543 2802 laborum
3573 2760 3622 2802 et

2030 2814 2326 2883 vigiliarum
2357 2821 2611 2886 patientia
2637 2834 2683 2876 et
2724 2825 3026 2882 tolerantia.
3073 2831 3132 2884 Si
3159 2836 3371 2901 quando
3401 2856 3431 2890 a
3469 2856 3621 2908 repu-

2030 2904 2164 2958 blica
2224 2923 2398 2974 vacas,
2455 2921 2544 2963 aut
2599 2917 2880 2982 venationi,
2919 2921 3194 2976 relaxandi
3221 2928 3385 2981 animi
3422 2937 3616 2998 gratia,

2029 2994 2298 3063 intendis,
2355 3000 2546 3054 ntirum
2609 3014 2754 3058 tuum
2830 3010 2884 3060 in
2945 3011 3145 3067 litteras
3216 2994 3449 3074 studium
3520 3037 3618 3078 est.

2030 3082 2190 3137 Nunc
2215 3097 2414 3154 poetas,
2463 3107 2598 3145 nunc
2627 3106 2860 3151 oratores
2905 3111 2951 3152 et
2998 3103 3466 3178 historiographos,
3500 3116 3619 3183 jam

2030 3176 2259 3230 ntedicos
2281 3189 2327 3230 ct
2351 3181 2638 3251 theologos,
2690 3204 2826 3242 nunc
2862 3190 3223 3261 jurisperitos,
3267 3176 3618 3274 audis,legis,

2030 3273 2076 3317 et
2108 3276 2157 3318 te
2194 3266 2300 3320 illis
2324 3269 2622 3337 oblectaris,
2649 3292 2784 3330 nunc
2816 3280 2869 3332 in
2894 3286 3275 3342 mathematij
3303 3266 3621 3364 disciplinis,

2031 3358 2260 3412 numeris
2289 3369 2336 3413 et
2376 3365 2653 3429 mensuris,
2691 3380 3055 3444 astrorumque
3095 3379 3542 3442 observationibus
3573 3402 3621 3443 et

2031 3450 2234 3504 naturis
2274 3461 2321 3504 et
2356 3455 2603 3521 motibus,
2645 3460 2943 3531 delectaris,
2971 3470 3227 3524 musicam
3258 3484 3308 3526 et
3334 3477 3619 3546 picturam,

2028 3551 2076 3593 et
2103 3558 2210 3608 eas,
2240 3561 2370 3615 quas
2399 3544 2569 3602 δι’(εεὶ
2589 3560 2636 3604 et
2660 3551 2836 3609 Latini
2865 3558 3283 3620 iuadmiratioae
3317 3580 3364 3621 et
3390 3575 3618 3628 maximo

2028 3634 2172 3688 cultu
2220 3637 2470 3704 habuere,
2507 3659 2789 3715 earumque
2817 3651 3011 3705 artium
3043 3658 3273 3725 egregios
3317 3664 3618 3732 magistros,

2030 3725 2134 3780 tuis
2173 3726 2325 3783 donis
2371 3740 2418 3784 et
2457 3736 2758 3791 muneribus
2788 3739 2956 3796 donas
3001 3755 3049 3798 et
3082 3751 3406 3807 accumulas.
3457 3753 3620 3813 Facis

2029 3827 2107 3883 tu,
2143 3828 2199 3872 ut
2238 3819 2612 3890 Sigismundus
2659 3831 2926 3898 quondam
2961 3835 3245 3904 imperator
3286 3845 3504 3912 fecerat,
3531 3853 3620 3918 qui

2029 3927 2188 3978 supra
2221 3913 2418 3968 nobiles
2447 3914 2564 3970 illos
2591 3919 2644 3971 in
2674 3935 2771 3974 sua
2803 3923 2951 3977 curia
2995 3928 3283 3986 honorabat
3308 3948 3354 3988 et
3386 3913 3618 4006 locabat,

2027 4001 2117 4068 qui
2144 4001 2339 4070 ingenii
2366 4010 2677 4074 prwstantia
2730 4021 2778 4065 et
2825 4013 3182 4085 singularibus
3219 4026 3422 4081 artibus
3467 4001 3619 4086 caue;

2029 4105 2113 4142 ros
2144 4092 2392 4172 mortales
2442 4097 2721 4153 anteirent.
2779 4101 3144 4178 Interrogatus
3192 4131 3287 4166 cur
3316 4117 3369 4168 id
3399 4120 3617 4190 faceret,

2029 4181 2457 4254 nobilitatemque
2487 4197 2532 4240 et
2563 4187 2758 4243 illustri
2784 4205 2934 4249 natos
2964 4215 3149 4267 genere
3179 4181 3460 4273 despiceret
3487 4214 3511 4265 .’
3534 4181 3618 4268 re:

2028 4275 2301 4342 spondisse
2325 4279 2532 4347 fertur:
2555 4281 2686 4339 Jurc
2716 4302 2815 4356 ego
2844 4291 2964 4347 illos
2995 4295 3113 4349 colo
3138 4308 3193 4352 et
3222 4306 3433 4359 caeteris
3480 4324 3621 4363 mor-

2030 4365 2225 4422 talibus
2255 4373 2504 4438 praefero,
2539 4390 2675 4444 quos
2707 4389 2897 4435 natura
2941 4400 3140 4454 parens
3170 4403 3224 4448 et
3248 4395 3388 4452 Deus
3431 4401 3617 4472 singu-

2028 4452 2127 4511 lari
2161 4458 2640 4535 donavitingenio,
2682 4471 2983 4542 subjiciens,
3017 4478 3136 4536 illos
3178 4485 3321 4541 solos
3363 4452 3612 4548 naturtinn

2030 4553 2084 4599 et
2113 4547 2277 4603 Deum
2306 4567 2465 4621 posse
2497 4570 2707 4623 creare,
2740 4561 2792 4614 in
2825 4579 2920 4618 sua
2952 4578 3132 4624 autem
3161 4585 3426 4643 potestate
3452 4583 3614 4640 situm

2032 4649 2090 4693 ut
2122 4641 2174 4694 in
2201 4642 2442 4713 singulas
2467 4648 2629 4706 horas
2658 4654 2867 4712 nobiles
2891 4660 3044 4715 titulo
3070 4675 3123 4718 et
3145 4641 3362 4736 pradiis
3389 4674 3616 4735 faceret.

2034 4733 2688 4814 QuapropterJPrinceps
2732 4747 3109 4821 illustrissime,
3146 4733 3207 4813 ob
3237 4779 3326 4818 eas
3383 4733 3617 4841 egregias

2029 4826 2195 4880 animi
2232 4837 2280 4881 et
2323 4833 2554 4900 corporis
2603 4837 2679 4889 tui
2708 4838 2878 4907 dotes,
2912 4860 3087 4899 omnes
3137 4854 3225 4919 qui
3278 4855 3484 4924 ingenio
3503 4826 3622 4918 vaut

2030 4917 2210 4989 aliqua
2235 4921 2495 4993 singulari
2540 4939 2653 4983 arte
2696 4932 2914 5004 pollent,
2961 4947 3009 4992 te
3040 4917 3216 4999 colunt
3251 4957 3297 5000 et
3330 4917 3625 5021 observant,

2031 5011 2224 5082 tibique
2249 5023 2297 5067 et
2338 5014 2713 5078 illustrissima:
2764 5035 2873 5084 tua:
2927 5031 3150 5100 familia:
3201 5039 3531 5099 observantia
3583 5011 3630 5102 ei

2032 5103 2278 5175 obsequio
2303 5121 2611 5178 assurgunt.
2649 5115 2696 5169 E
2721 5133 2950 5187 quarunt
2980 5140 3204 5187 numero
3240 5140 3287 5183 et
3322 5145 3412 5197 ego
3443 5150 3520 5187 mc
3545 5141 3637 5192 tibi

2032 5198 2236 5270 tuisque
2303 5199 2710 5280 illustrissimis!
2741 5216 3013 5279 germanis
3044 5257 3060 5280 ,
3128 5222 3486 5288 archiprwsuli
3519 5266 3530 5286 .
3597 5241 3643 5283 et

2031 5289 2252 5358 Joanni,
2277 5302 2441 5348 totum
2466 5297 2656 5367 offero,
2689 5302 2829 5358 dedo
2859 5317 2906 5361 et
2938 5316 3295 5375 commendo.
3337 5307 3478 5375 Vale,
3510 5314 3654 5371 Prin-

2035 5400 2150 5435 σεῦε
2182 5385 2536 5435 ἱηηειηδείηιε
2560 5431 2573 5435 -
2606 5403 2957 5435 ηηιινηηοηηο
2996 5407 3234 5435 ηηκξμζ
3267 5413 3353 5435 nm
3379 5399 3658 5435 ἀδικέει-οη...
