4486 5544
331 444 436 525 97.5,

332 648 536 703 incesta
562 646 884 703 feminarum
910 650 1296 715 recitabantur,
1316 651 1602 706 laudabilis
1632 666 1905 705 sacrarum

340 728 659 793 castimonia
685 740 978 810 virginum,
986 738 1139 809 juxta
1162 743 1265 797 mei
1290 741 1601 798 facultatem
1630 742 1904 811 ingenioli,

334 832 717 889 celebraretur.
751 832 863 889 Hoc
891 843 1069 891 tamen
1100 835 1231 891 facit
1256 852 1360 893 non
1388 853 1512 892 raro
1558 836 1909 891 verecundari

335 924 591 994 gravique
628 924 826 984 rubore
862 924 1130 1000 perfundi,
1156 930 1318 999 quod,
1360 930 1518 1000 hujus
1556 928 1703 985 modi
1733 929 1915 998 specie

1434 448 1798 505 concauus
1836 450 1986 504 SEX.
2027 480 2077 490 —
2131 448 2519 506 PREFATIO.

332 556 519 611 eodem
571 554 878 611 dictationis
918 570 1155 627 genere,
1204 573 1311 627 quo
1361 560 1534 629 turpia
1586 558 1907 613 lascivarum
1939 567 1985 625 Α
2015 560 2280 629 ponebam
2326 560 2565 623 imitari;
2624 560 2732 622 sit,
2785 560 3071 613 sententiis
3118 558 3357 613 concedo

3486 447 3590 502 974

3402 579 3413 612 :
3459 560 3593 630 ipsi!

2019 662 2198 706 tamen
2239 652 2497 707 denuntio
2554 668 2637 706 me
2691 653 2741 705 in
2790 652 2889 706 hoc
2936 650 3059 718 jure
3108 652 3427 720 reprehendi
3482 669 3594 710 non

2018 758 2199 813 posse,
2241 743 2395 812 quasi
2416 744 2502 798 his
2528 742 2719 797 vellem
2745 743 2961 797 abusive
3003 742 3289 797 assimilari
3318 783 3333 807 ,
3368 743 3459 813 qui
3489 743 3595 799 mei

2022 834 2272 889 inertiam
2298 834 2455 907 longe
2477 844 2871 905 praecesserunt
2904 835 2955 888 in
3002 835 3224 889 scientia
3267 835 3595 891 sublimiori.

2019 923 2131 985 Nec
2161 929 2306 983 enim
2342 934 2507 983 tanta:
2533 941 2651 983 sum
2676 925 2975 995 iactantiae,
2996 935 3055 980 ut
3076 925 3160 981 vel
3202 927 3465 991 extremis
3509 940 3598 982 me

336 1016 643 1071 dictationis
664 1025 912 1088 cogente,
954 1018 1327 1075 detestabilem
1377 1021 1567 1076 illicite
1616 1021 1915 1075 amantium
2016 1006 2341 1092 pmwmam
2375 1017 2624 1075 conferre
2653 1027 2936 1073 auctorum
2962 1015 3216 1081 alumnis,
3254 1019 3350 1078 sed
3367 1015 3479 1081 hoc
3505 1032 3597 1072 so-

337 1106 660 1162 dementiam
710 1117 765 1163 et
812 1110 953 1165 male
994 1110 1171 1165 dulcia
1220 1111 1483 1182 colloquia
1530 1126 1760 1176 eorum,
1801 1127 1919 1181 qua:

338 1210 438 1251 nec
476 1206 661 1251 nostro
704 1198 906 1253 auditui
950 1202 1365 1270 permittuntur,
1416 1204 1467 1272 2
1515 1195 1917 1256 accommodari

338 1288 589 1342 dictando
634 1298 812 1345 mente
853 1292 1078 1346 tractavi
1118 1302 1177 1347 et
1216 1294 1338 1363 styli
1393 1292 1570 1348 cilicio
1615 1292 1918 1362 designavi.

341 1374 469 1441 Sed,
494 1377 539 1431 si
572 1378 686 1433 haec
715 1379 1085 1435 erubescendo
1112 1374 1432 1452 negligerem
1454 1425 1467 1447 ,
1501 1399 1598 1438 nec
1639 1383 1924 1453 proposito

339 1468 746 1534 satisfacerem,
791 1486 889 1524 nec
937 1472 1299 1525 innocentium
1339 1474 1548 1527 laudem
1589 1475 1726 1528 adeo
1770 1474 1925 1541 plene

334 1557 485 1625 juxta
512 1575 688 1614 meum
717 1576 870 1628 posse
886 1563 1377 1631 exponerem,quia
1399 1572 1601 1632 quanto
1651 1562 1924 1617 bl‘tmdilia:

342 1651 641 1704 amantium
682 1653 747 1703 ad
780 1652 1110 1705 illiciendum
1142 1653 1522 1720 promptiores,
1566 1660 1718 1707 tanto
1737 1661 1797 1707 et
1829 1650 1924 1705 sit-

341 1740 493 1808 perni
543 1740 805 1807 adjutoris
848 1740 1015 1810 gloria
1060 1742 1345 1795 sublimior
1387 1752 1441 1796 et
1476 1743 1926 1812 triumphantium

343 1831 567 1885 victoria
602 1832 860 1901 probatur
886 1832 1189 1903 gloriosior,
1214 1835 1515 1903 praesertim
1543 1850 1663 1888 cum
1690 1818 1924 1889 feminea

2022 1113 2130 1168 lum
2167 1112 2309 1167 nitor
2332 1152 2345 1175 ,
2381 1119 2457 1176 ut,
2507 1108 2635 1164 licet
2677 1109 2979 1162 nullatenus
3013 1107 3223 1162 valeam
3264 1116 3422 1178 apte,
3466 1124 3601 1178 sup-

2023 1199 2146 1275 plici
2180 1214 2357 1259 tamen
2382 1202 2578 1259 mentis
2607 1200 2912 1264 devotione,
2941 1209 3221 1270 acceptum
3269 1201 3324 1255 in
3357 1202 3599 1257 datorem

2027 1306 2371 1365 retorqueam
2413 1292 2709 1363 ingenium.
2736 1292 2965 1361 Ideoque
3008 1305 3115 1345 non
3140 1307 3259 1345 sum
3288 1294 3423 1347 adeo
3459 1309 3607 1346 ama-

2026 1387 2130 1441 trix
2154 1386 2275 1447 mei,
2312 1393 2370 1438 ut
2393 1399 2491 1454 pro
2512 1384 2728 1437 vitanda
2763 1382 3201 1450 reprehensione,
3247 1382 3448 1437 Christi
3474 1423 3488 1448 ,
3512 1385 3607 1452 qui

2029 1475 2082 1529 in
2108 1475 2308 1529 sanctis
2330 1482 2605 1543 operatur,
2638 1474 2892 1526 virtutem
2936 1473 3281 1543 (quocunque
3318 1474 3433 1543 ipse
3461 1474 3611 1528 dabit

2026 1561 2206 1631 posse)
2237 1575 2442 1614 cessem
2468 1560 2782 1629 przedicare.
2825 1559 2881 1613 Si
2921 1560 3064 1613 enim
3108 1559 3266 1612 alicui
3290 1560 3465 1628 placet
3492 1575 3611 1615 mea

2028 1650 2263 1715 devotio,
2295 1633 2538 1719 gaudebo
2562 1666 2577 1716 ;
2605 1652 2648 1704 si
2676 1659 2882 1713 autem,
2914 1650 2997 1703 vel
3023 1665 3120 1719 pro
3150 1651 3251 1703 mei
3278 1649 3606 1719 abjectione,

2031 1744 2114 1798 vel
2136 1760 2234 1813 pro
2257 1744 2436 1798 vitiosi
2461 1744 2727 1799 sermonis
2759 1744 3059 1797 rusticitate
3092 1744 3220 1797 nulli
3261 1743 3435 1813 placet
3459 1787 3472 1807 ,
3500 1762 3614 1801 me-

2034 1836 2319 1905 metipsam
2345 1832 2859 1903 tamenjuvatqnod
2884 1833 2987 1888 feci
3014 1851 3027 1899 ;
3066 1834 3214 1904 quia,
3248 1835 3373 1889 dum
3403 1836 3611 1906 proprii

347 1919 611 1989 fragilitas
638 1920 898 1984 vinceret,
929 1930 984 1976 et
1010 1921 1165 1980 virile
1206 1923 1369 1979 robur
1402 1922 1706 1978 confusioni
1740 1920 1927 1991 subja-
1951 1939 2003 2005 Β
2027 1925 2291 1982 vilitatem
2328 1923 2530 1990 laboris
2562 1925 2615 1982 in
2661 1925 2781 1979 aliis
2826 1940 2959 1980 mea:
3002 1925 3295 1980 inscientiae
3338 1929 3614 1996 opusculis

346 2019 510 2065 ceret.
565 2009 681 2065 Non
735 2010 879 2068 enim
919 2012 1107 2071 dubito
1148 2012 1277 2070 mihi
1326 2012 1395 2073 ah
1443 2012 1713 2082 aliquibus
1754 2013 1921 2085 objioi

348 2103 491 2174 quod
519 2103 678 2174 hujus
705 2104 885 2157 vilitas
912 2104 1220 2159 dictationis
1247 2104 1418 2160 multo
1459 2104 1687 2159 inferior
1706 2144 1722 2170 ,
1750 2106 1923 2160 multo

347 2194 697 2260 contractior,
720 2196 1041 2266 penitusque
1084 2196 1363 2252 dissimilis
1405 2195 1560 2264 ejus,
1598 2211 1758 2265 quem
1798 2211 1927 2266 pro-

2026 2015 2247 2072 heroieo
2267 2014 2483 2084 ligatam
2510 2013 2771 2083 strophio,
2800 2014 2852 2067 in
2876 2014 2979 2069 bac
3002 2012 3338 2087 dragmatica
3356 2012 3611 2083 junctura

2030 2107 2171 2161 serie
2196 2105 2337 2170 colo,
2360 2106 2695 2175 perniciosas
2724 2104 3005 2175 gentilium
3037 2105 3259 2160 delicias
3293 2106 3615 2162 abstinendo

2031 2196 2236 2252 devito.

359 2393 3580 2425 Μ’

1408 2582 1995 2675 EPISTOLA
2062 2583 2604 2676 EJUSDEM

395 2814 493 2875 Αα
533 2808 831 2893 quosdam
872 2808 1177 2888 sapientes
1218 2804 1405 2886 hujus
1449 2802 1603 2865 libri
1644 2794 1924 2883 fautores
1970 2808 2025 2862 et
2070 2801 2487 2863 emendatores
2526 2804 2899 2885 priusquam
2937 2805 3133 2868 libros
3176 2826 3322 2869 suos
3361 2806 3581 2871 ederet.

1751 3001 2138 3024 -ῲι-

429 3158 480 3231 3
503 3157 667 3212 Plene
695 3155 823 3211 sciis
845 3160 898 3209 et
927 3153 1061 3207 bene
1083 3148 1326 3212 moratis,
1356 3160 1456 3201 nec
1481 3143 1657 3200 alieno
1678 3140 1942 3212 profectui
1966 3140 2019 3205 C
2047 3141 2259 3212 gaudeo
2283 3157 2296 3206 ;
2340 3140 2435 3195 sed
2460 3141 2653 3231 major
2704 3160 2866 3214 quam
2921 3147 3020 3199 sim
3068 3148 3234 3202 videri
3283 3150 3468 3216 timeo,
3504 3153 3633 3222 quia

359 3246 738 3310 invidentibus,
770 3244 885 3308 sed,
909 3251 967 3299 ut
1001 3243 1155 3296 decet
1178 3252 1305 3293 vere
1332 3238 1631 3308 sapientes,
1659 3242 1947 3305 congratu-

358 3342 624 3405 lantibus,
674 3336 988 3391 Hrotsuitha
1034 3331 1267 3387 ncsciola
1297 3373 1310 3395 ,
1361 3330 1618 3399 nullaque
1674 3326 1945 3397 probitate

359 3433 570 3495 idonea,
601 3444 838 3500 praesens
883 3425 1061 3480 valere.
1113 3435 1167 3477 et
1214 3437 1405 3493 perpes
1443 3422 1695 3490 gaudere.
1733 3418 1947 3473 Vestra:

361 3522 523 3591 igitur
585 3518 866 3575 laudanda:
931 3514 1249 3571 humilitatis
1308 3512 1732 3581 magnitudinem
1810 3509 1946 3563 satis

363 3614 619 3670 admirari
671 3626 919 3681 nequeo,
985 3606 1429 3678 magnificaeque,
1480 3605 1625 3657 circa
1681 3602 1785 3656 mei
1842 3600 1949 3653 nti-

363 3703 579 3760 litatem
622 3742 637 3768 ,
699 3699 1051 3772 benignitatis
1113 3706 1274 3766 atque
1342 3695 1647 3749 dilectionis
1711 3692 1949 3762 plenitu-

364 3786 593 3857 dinein',
644 3791 1032 3863 condignarum
1090 3785 1592 3857 recompensatione
1646 3784 1948 3854 gratiarum

363 3884 606 3940 remetirl
679 3897 783 3938 non
859 3879 1107 3945 sufficio,
1156 3877 1320 3947 quia,
1388 3892 1509 3932 cum
1566 3872 1951 3946 philos0phicis

366 3976 609 4045 apprime
650 3972 842 4027 studiis
889 3969 1111 4023 enutriti
1161 3978 1216 4023 et
1278 3968 1501 4023 scientia
1557 3968 1717 4037 longe
1775 3964 1953 4020 excel-

366 4065 598 4120 lentibus
647 4064 767 4119 sitis
806 4061 1077 4131 perfecti,
1117 4060 1220 4115 mei
1271 4059 1591 4128 opusculum
1640 4056 1766 4112 vilis
1819 4072 1946 4112 mu-

366 4158 624 4221 lierculas,
673 4165 850 4210 vestra
903 4153 1261 4207 admiratione
1316 4152 1532 4221 dignum
1585 4149 1834 4214 duxistis,
1898 4160 1953 4207 et

369 4252 679 4321 largitorem
707 4247 763 4302 in
806 4260 894 4300 me
941 4244 1217 4313 operantis
1260 4243 1447 4313 gratia:
1491 4241 1732 4296 fraterno
1758 4241 1951 4298 aﬂ‘eetu

368 4342 701 4415 gratulantes
752 4337 1032 4399 laudastis,
1089 4334 1416 4390 arbitrantes
1447 4334 1575 4388 mihi
1635 4333 1815 4389 inesse
1859 4332 1953 4389 ali-

367 4436 683 4511 quantulam
702 4432 979 4489 scientiam
1005 4432 1462 4500 artium,qnarum
1492 4430 1768 4487 subtilitas
1793 4432 1951 4503 longe

366 4528 611 4601 praeterit
636 4540 813 4580 meum
845 4521 1105 4576 muliebre
1137 4521 1431 4591 ingenium.
1464 4520 1705 4591 Denique
1737 4522 1951 4577 rustici-

368 4627 535 4676 tatem
587 4630 721 4671 mem
782 4612 1182 4670 dietatiunculze
1238 4612 1497 4666 hactenus
1548 4612 1639 4666 vix
1688 4614 1950 4668 audebam

368 4711 556 4784 paucis
584 4723 647 4765 ac
681 4705 1018 4764 solummodo
1046 4704 1403 4759 familiaribus
1456 4704 1589 4760 meis
1620 4706 1904 4761 ostendere
1934 4722 1947 4770 ;

370 4804 513 4861 unde
538 4815 677 4873 pene
706 4814 871 4870 opera
897 4798 1133 4855 cessavit
1166 4798 1403 4851 dictandi
1432 4795 1573 4852 ultra
1603 4797 1805 4867 aliquid
1856 4798 1954 4851 hu-

367 4892 798 4969 ]usmodi,quia,
835 4890 975 4948 sicut
1026 4889 1181 4958 pauci
1233 4888 1386 4943 fuere
1411 4889 1502 4957 qui
1554 4904 1643 4943 me
1693 4890 1954 4959 prodente

371 4986 762 5060 perspiwrent,
798 4983 875 5037 ita
924 4996 1029 5037 non
1061 4978 1235 5041 multi,
1269 4978 1395 5047 qui,
1422 4977 1506 5032 vel
1535 4979 1667 5047 quid
1685 4980 1957 5047 corrigen-

374 5079 499 5133 dum
527 5076 729 5132 inesset
767 5069 1136 5131 enuclearent,
1173 5066 1256 5122 vel
1306 5067 1373 5122 ad
1404 5068 1709 5123 audendum
1756 5067 1956 5138 aliquid

374 5170 501 5226 huic
521 5166 699 5225 simile
728 5170 1104 5235 provocarent.
1148 5159 1219 5214 At
1266 5173 1429 5223 nunc,
1463 5159 1591 5228 quia
1618 5160 1781 5214 trium
1811 5160 1956 5214 testi-

376 5264 612 5320 monium
655 5265 870 5316 constat
910 5271 1029 5313 esse
1096 5266 1308 5317 verum,
1364 5250 1561 5308 vestris
1608 5253 1957 5309 corroborata

376 5353 675 5413 sententiis,
700 5347 1000 5405 ﬁducialins
1032 5358 1300 5417 praesumo
1338 5351 1392 5398 et
1418 5344 1808 5414 componendis
1833 5355 1962 5412 ope-

714 5444 759 5478 ες
792 5444 1002 5478 ηοω-..1η
1042 5441 1180 5478 [Imm
1222 5439 1476 5478 annum-it
1536 5454 1694 5478 nonan
1747 5449 1793 5478 at
1829 5452 1961 5478 mm.

375 5465 485 5478 una
524 5453 654 5478 Anna

2047 3241 2335 3300 utrumque
2376 3230 2530 3287 nefas
2557 3246 2677 3288 esse
2703 3248 2809 3288 non
2843 3237 3080 3307 ambigo,
3102 3246 3156 3292 et
3191 3241 3486 3307 gratuitum
3537 3244 3633 3299 Dei

2045 3324 2246 3378 donum
2282 3338 2496 3393 negare,
2518 3334 2573 3379 et
2600 3342 2707 3380 non
2745 3336 3023 3398 acceptum
3056 3332 3329 3399 accepisse
3350 3333 3628 3389 simulare.

2051 3413 2205 3469 Unde
2244 3430 2350 3469 non
2400 3416 2604 3486 deuego
2659 3427 2951 3486 praestante
2999 3421 3170 3488 gratia
3211 3422 3490 3479 Creatoris
3536 3442 3636 3495 per

2049 3508 2303 3576 dynamin
2336 3523 2419 3562 me
2451 3518 2598 3563 artes
2631 3510 2790 3574 scire,
2822 3512 2945 3579 quia
2980 3528 3099 3567 sum
3130 3515 3329 3568 animal
3356 3532 3521 3586 capax
3556 3520 3640 3573 di—

2050 3598 2314 3667 scuplinze,
2370 3598 2462 3653 sed
2503 3614 2601 3667 per
2628 3601 2901 3670 cuergiam
2948 3601 3123 3657 fateor
3154 3606 3375 3660 omnino
3404 3609 3637 3664 nescire.

2051 3688 2346 3759 Perspicax
2376 3704 2590 3759 quoque
2635 3691 2906 3759 ingenium
2934 3692 3194 3747 divinitus
3217 3696 3347 3749 mihi
3381 3697 3636 3753 collatum

2052 3795 2172 3836 esse
2206 3795 2463 3850 agnosco,
2497 3781 2588 3834 sed
2636 3782 3017 3850 magistrorum
3064 3793 3309 3839 cessante
3336 3786 3641 3857 diligentia,

2054 3873 2314 3929 incultum
2342 3882 2395 3927 et
2418 3875 2651 3943 propria:
2680 3875 2895 3945 pigritia
2929 3877 3135 3932 inertia:
3163 3876 3218 3950 4
3248 3887 3423 3951 torpet
3455 3882 3637 3952 negle-

2054 3976 2222 4021 ctum.
2250 3967 2609 4036 Quapropter,
2638 3981 2704 4020 ne
2728 3968 2779 4020 in
2805 3982 2892 4021 me
2922 3970 3119 4023 donum
3146 3968 3235 4025 Dei
3270 3972 3642 4029 annullaretur

2052 4057 2123 4113 ob
2144 4058 2539 4128 neglegentiam
2570 4060 2694 4123 mei,
2720 4058 2763 4112 si
2790 4074 2894 4129 qua
2920 4058 3059 4113 forte
3088 4060 3173 4114 fila
3204 4062 3287 4116 vel
3319 4064 3481 4118 etiam
3512 4064 3641 4121 floc-

2054 4164 2147 4205 cos
2179 4150 2244 4205 de
2280 4150 2583 4220 panniculis
2609 4166 2638 4204 a
2666 4159 2811 4204 veste
2843 4151 3195 4221 philosophia:
3221 4154 3465 4223 abruptis
3492 4148 3641 4210 evel-

2055 4244 2169 4298 lere
2194 4244 2366 4314 quivi,
2398 4243 2623 4312 prmfato
2674 4242 2933 4312 opusculo
2982 4244 3221 4299 inserere
3266 4248 3471 4312 curavi,
3531 4260 3639 4317 quo

2056 4334 2233 4387 vilitas
2259 4348 2392 4387 mea:
2432 4332 2729 4386 inscientite
2781 4333 3184 4388 intermixtione
3211 4336 3491 4390 nobilioris
3522 4354 3638 4390 ma-

2057 4426 2206 4481 teria:
2231 4425 2610 4487 illustraretui,
2644 4434 2696 4477 et
2733 4424 2954 4494 largitor
2996 4425 3195 4496 ingenii
3227 4435 3376 4480 tanto
3413 4428 3643 4497 amplius

2059 4517 2112 4572 in
2140 4534 2224 4573 me
2245 4516 2366 4585 jure
2396 4517 2727 4579 laudaretur,
2762 4525 2965 4586 quanto
3009 4517 3292 4573 muliebris
3320 4532 3512 4573 sensus
3537 4528 3643 4574 tar-

2055 4611 2173 4665 dior
2201 4625 2322 4666 esse
2366 4610 2624 4665 creditur.
2659 4608 2782 4663 Haec
2834 4625 2950 4663 mea
3003 4610 3054 4663 in
3087 4608 3342 4665 dictando
3383 4611 3637 4678 intentio,

2057 4703 2171 4757 haec
2198 4703 2311 4758 sola
2346 4704 2447 4756 mei
2493 4702 2705 4757 sudoris
2749 4710 2831 4757 est
2879 4717 3063 4766 causa,
3114 4716 3289 4774 neque
3336 4704 3642 4761 simulando

2057 4810 2144 4851 me
2170 4794 2375 4849 nescita
2412 4796 2550 4848 scire
2593 4792 2755 4862 jacto,
2789 4794 2884 4849 sed
2932 4804 3192 4865 quantum
3222 4796 3289 4851 ad
3312 4812 3397 4852 me
3431 4808 3641 4855 tantum

2058 4889 2173 4943 scin
2195 4888 2336 4959 quod
2379 4888 2580 4943 nescio.
2612 4886 2747 4954 Quia
2784 4889 2926 4942 enim
2981 4896 3186 4943 attactu
3223 4891 3385 4945 vestri
3440 4890 3643 4948 favoris

2059 4989 2222 5051 atque
2249 4978 2527 5049 petitionis
2557 4979 2856 5034 arundineo
2895 4993 3045 5033 more
3075 4979 3332 5035 inclinata
3381 4981 3663 5047 libellum,~

2061 5086 2221 5142 quem
2255 5069 2347 5125 tali
2400 5070 2700 5125 intentione
2751 5070 3013 5141 disposui,
3049 5072 3141 5125 sed
3187 5087 3358 5139 usque
3402 5072 3506 5125 huc
3552 5087 3650 5144 pro

2061 5164 2143 5219 sui
2175 5161 2380 5217 vilitate
2403 5159 2677 5216 occultare
2704 5176 2865 5232 quam
2895 5161 2947 5215 in
2972 5160 3149 5229 palam
3181 5160 3424 5232 proferre
3457 5164 3649 5225 malui.

2064 5256 2217 5311 vobis
2246 5252 2697 5326 perscrutandum
2727 5252 2949 5317 tradidi,
2976 5252 3129 5306 decet
3178 5262 3238 5306 ut
3272 5268 3378 5306 non
3425 5254 3664 5319 minoris,

2065 5345 2339 5418 diligentia
2374 5342 2757 5400 sollicitudinis
2802 5354 2924 5399 eum
2968 5342 3310 5397 emendando
3364 5343 3658 5414 investige-

2067 5440 2135 5478 εἰς
2183 5452 2347 5478 mnam
2374 5435 2575 5478 nmnrii
2622 5439 2823 5478 “riam
2874 5436 3109 5478 iahm'ie'
3146 5446 3195 5478 ρι
3224 5436 3302 5478 cie
3337 5435 3557 5478 taminm
3592 5436 3657 5478 ml
