4486 5544
333 369 430 428 981

947 494 1291 534 CONSTANTIA.

406 573 609 630 Placet.
643 572 1075 642 (lntroducantur
1102 571 1439 636 honoriﬁce.)
1488 570 1712 623 Amator
1738 569 1902 637 virgi-

334 666 518 720 nitatis
553 674 608 719 et
644 664 931 732 inspirator
959 662 1244 724 castitatis,
1278 659 1514 722 Christe.
1543 661 1634 728 qui
1665 675 1748 712 me
1781 675 1903 728 pre-

333 757 484 810 cibus
514 755 768 824 martyris
800 763 902 807 ture
930 754 1152 822 Agnetis
1192 767 1220 805 a
1259 751 1403 820 lepra
1433 751 1636 819 pariter
1663 750 1905 818 corporis

331 857 384 898 et
414 847 479 900 ab
509 860 693 899 errore
731 845 967 914 eripiens
1009 844 1344 914 gentilitatis,
1377 843 1618 897 invitasti
1648 843 1714 896 ad
1741 842 1906 910 virgi-

330 952 491 989 neum
523 935 596 989 tui
628 936 906 1006 genitricis
935 935 1250 998 thalamum,
1283 935 1335 990 in
1365 949 1471 1003 quo
1503 944 1558 988 tu
1587 932 1902 988 manifestus

327 1044 388 1083 es
419 1043 577 1084 verus
606 1028 766 1093 Deus,
814 1038 962 1084 retro
991 1029 1271 1083 exordium
1304 1037 1460 1081 natus
1503 1043 1533 1080 a
1576 1027 1684 1082 Deo
1720 1027 1900 1091 Patre,

327 1122 578 1191 idemque
607 1138 764 1176 verus
796 1122 956 1177 homo
986 1137 1051 1176 ex
1085 1131 1256 1174 matre
1284 1130 1442 1174 natus
1472 1121 1524 1174 in
1558 1128 1816 1188 tempore,
1853 1130 1904 1173 te

328 1226 510 1268 veram
557 1223 610 1266 et
653 1223 976 1267 coaaternam
1024 1213 1172 1266 Patri
1218 1212 1570 1280 sapientiam,
1615 1226 1710 1279 per
1738 1225 1900 1279 quam

325 1303 468 1358 facta
500 1313 623 1359 sunt
649 1307 829 1358 omnia
869 1316 921 1358 et
951 1303 1106 1372 cujus
1135 1305 1486 1374 dispositione
1516 1304 1819 1358 consistunt
1846 1312 1902 1356 et

326 1393 676 1449 moderantur
709 1396 958 1449 universa
981 1435 997 1460 ,
1047 1396 1359 1464 suppliciter
1388 1410 1555 1450 exoro
1586 1404 1642 1448 ut
1673 1393 1901 1448 Gallica-

326 1500 488 1551 num,
537 1487 630 1556 qui
679 1487 752 1540 tui
802 1487 855 1541 in
904 1502 989 1540 me
1031 1503 1271 1541 amorem
1301 1486 1645 1557 subripiendo
1676 1497 1900 1540 conatur

321 1577 685 1647 exstinguere,
718 1587 837 1646 post
884 1587 933 1630 te
978 1578 1235 1630 trahendo
1275 1578 1342 1630 ab
1380 1575 1574 1644 injusta
1606 1576 1900 1630 intentione

321 1683 600 1732 revocare,
633 1670 821 1736 suique
855 1667 993 1720 tilias
1024 1668 1261 1736 digneris
1293 1668 1384 1719 tibi
1423 1668 1702 1737 assignare
1730 1681 1896 1735 spon-

321 1774 444 1824 sas,
497 1769 553 1813 et
603 1759 801 1813 iustilla
854 1760 1272 1828 cogitationibus
1324 1774 1509 1812 earum
1569 1760 1641 1812 tui
1698 1758 1898 1812 amoris

323 1847 698 1913 dulcedinem,
743 1858 1011 1917 quatenus
1041 1858 1385 1904 exsecrantes
1425 1849 1640 1902 carnale
1677 1863 1896 1902 consor-

321 1938 454 1992 tium
487 1939 774 2009 pervenire
813 1947 1124 1994 mereantur
1164 1939 1231 1993 ad
1269 1954 1545 1994 sacrarunt
1577 1940 1892 1996 societatem

317 2028 604 2100 virginum.

977 2134 1233 2173 ΔΒΤΕΙΙΔ.

387 2209 520 2275 Ave,
548 2207 887 2274 Constantia,
918 2209 1213 2278 imperialis
1243 2210 1394 2264 hera.

928 2315 1284 2356 ΟΟΝΒΤΔΝΤΙΔ.

388 2391 625 2461 Salvete,
653 2408 889 2458 sorores,
935 2394 1112 2448 Attica
1145 2404 1200 2448 et
1228 2393 1501 2457 Artemia;
1544 2400 1700 2458 state,
1732 2400 1891 2459 state,

315 2501 384 2541 ne
409 2485 721 2556 procidatis,
750 2486 844 2540 sed
869 2485 1033 2539 libate
1062 2485 1192 2538 mihi
1219 2484 1464 2540 osculum
1490 2485 1708 2540 amoris.

968 2591 1229 2632 ΔΒΤΕΙΙΔ.

384 2667 559 2723 Tuum
591 2667 658 2723 ad
688 2667 1032 2737 obsequium,
1063 2669 1301 2736 domina,
1336 2669 1505 2724 alacri
1534 2677 1714 2725 mente
1743 2667 1894 2724 veni-

313 2778 456 2827 mus,
494 2773 598 2817 tua;
632 2763 818 2817 ditioni
857 2778 1066 2817 summa
1095 2764 1383 2820 devotione
1412 2779 1511 2819 nos
1542 2761 1892 2831 subjecimus,

314 2863 544 2922 tantum,
575 2862 635 2910 ut
663 2863 751 2910 tua
777 2855 932 2910 nobis
961 2854 1198 2920 abundet
1223 2857 1415 2926 gratia.

919 2961 1273 3017 consularia.

385 3036 563 3092 Unum
591 3037 880 3094 Dominum
916 3039 1179 3096 habemus
1223 3041 1276 3094 in
1321 3040 1491 3105 ccelis,
1540 3041 1626 3096 cui
1668 3039 1894 3096 debetur

311 3130 525 3185 devotio
553 3140 753 3187 nostra:
782 3133 1082 3197 servitutis,
1116 3133 1170 3186 in
1201 3133 1352 3202 cujus
1383 3133 1487 3187 [ide
1518 3141 1572 3186 et
1602 3132 1892 3187 dilectione

308 3226 696 3296 condecetinos
720 3237 934 3284 servata
962 3229 1205 3298 corporis
1233 3229 1542 3300 integritate
1565 3230 1895 3284 unanimiter

305 3331 682 3385 perseverare,
731 3327 790 3373 ut
836 3333 1146 3373 mereamur
1191 3319 1369 3373 aulam
1417 3318 1655 3375 cmlestis
1703 3319 1894 3389 patria:

307 3422 432 3463 cum
463 3408 640 3480 palma
668 3409 1000 3482 virginitatis
1027 3411 1273 3466 introire.

965 3517 1224 3560 ARTEIIA.

381 3591 439 3646 ln
474 3592 622 3649 nullo
652 3593 1003 3659 reluctamur,
1055 3596 1148 3650 sed
1196 3603 1355 3650 testes
1386 3596 1440 3650 in
1471 3596 1722 3651 omnibus
1754 3611 1892 3666 prae-

305 3686 479 3756 ceptis
509 3701 698 3756 parere
723 3689 970 3753 nitimur,
995 3688 1051 3759 9
1075 3689 1341 3759 praecipue
1369 3689 1423 3742 in
1451 3689 1724 3760 agnitione
1750 3689 1892 3745 veri-

305 3777 437 3832 tatis
465 3763 520 3832 et
545 3780 824 3835 servandae
854 3781 1128 3851 proposito
1154 3780 1496 3851 virginitatis.

913 3887 1268 3928 CONSTANTIA.

382 3963 634 4033 Congrua
685 3961 817 4018 satis
864 3965 1174 4032 responsio,
1229 3973 1513 4032 vestraque
1561 3962 1892 4034 ingenuitate

303 4054 598 4124 condigna,
623 4069 722 4110 nec
742 4054 929 4110 dubito
950 4056 1078 4124 quin
1103 4055 1296 4109 divina:
1325 4054 1675 4124 inspiratione
1704 4053 1891 4124 gratia:

302 4145 374 4200 ad
402 4145 729 4201 credendum
755 4146 888 4201 estis
911 4155 1181 4215 perventa:
1209 4143 1330 4218 [al.,
1358 4145 1744 4216 perventurze].

965 4251 1223 4292 AB'I‘EIIA.

377 4328 477 4394 Qui
507 4336 687 4398 posset
716 4327 835 4384 ﬁeri
868 4336 927 4383 ut
955 4330 1259 4384 servientes
1301 4329 1458 4384 idolis
1501 4344 1693 4384 sanum
1735 4344 1891 4400 sape-

299 4435 511 4488 remus,
541 4421 658 4478 sine
684 4420 1047 4478 illustratione
1073 4437 1321 4492 superna:
1345 4422 1608 4492 pietatis?

916 4528 1243 4570 οοιιετητιι
1255 4554 1268 4568 .

374 4605 659 4664 Stabilitas
693 4617 892 4665 vestrae
929 4607 1052 4664 ﬁdei
1090 4623 1239 4677 spem
1276 4609 1404 4662 mihi
1433 4608 1639 4664 excitat
1669 4606 1736 4663 de
1765 4623 1888 4666 cre-
1955 4609 1993 4618 "

298 4701 531 4757 dulitate
557 4701 842 4760 Gallicani.

959 4811 1218 4850 ABTEIIA.

371 4886 742 4943 Admoneatur
769 4894 1011 4953 tantum;
1046 4887 1187 4941 haud
1217 4886 1441 4941 dubium
1469 4888 1600 4957 quin
1624 4887 1830 4944 credat.

913 5015 1265 5058 CONSTANTIA.

373 5089 724 5148 Advocentur
747 5089 982 5149 Joannes
1008 5102 1062 5148 et
1088 5091 1310 5148 Paulus.

900 5200 1124 5261 SCENA
1193 5197 1277 5255 Vl.

958 5333 1209 5373 JOANNBS.

1280 363 1636 419 COMCEDH-l
1680 364 1828 417 SEX.
1874 392 1942 404 ν-
1980 363 2015 415 I.
2061 365 2507 418 GALLICAVI'S.

1931 484 1979 540 Α

1924 1837 1973 1897 Β

2686 491 2895 530 I’Al'Ll'S.

2083 567 2222 621 Deus
2255 570 2340 621 det
2373 577 2690 636 proventum
2720 571 2729 619 !
2782 567 2888 620 Nos
2923 567 3234 619 adhibemus
3268 568 3575 626 frequenta-

2008 660 2180 715 tioncs
2209 662 2690 715 hortamentorum.

2550 751 2838 805 SCENA
2899 749 3037 803 VII.

2623 859 2962 898 GALLICANL‘S.

2077 931 2389 1004 Opportune
2419 935 2701 998 advenitis,
2733 936 2966 991 Joannes
2998 947 3051 989 et
3079 935 3271 996 Paule;
3303 931 3580 1004 suspensi!

2007 1025 2094 1079 diu
2126 1026 2320 1080 animis
2348 1037 2586 1080 vestrum
2619 1027 2969 1094 [ll'ii‘lelﬂblll‘
2998 1028 3302 1081 adventum.

2676 1156 2731 1194 JO
2745 1158 2918 1195 \NNBS.

2078 1230 2146 1284 Ut
2181 1246 2364 1286 vocem
2392 1231 2631 1298 jubentis
2661 1233 2895 1304 domum;
2922 1233 3216 1298 hausimus,
3257 1235 3349 1288 tibi
3400 1233 3465 1288 ab
3491 1232 3583 1288 ob-

2005 1322 2336 1389 sequendum
2362 1323 2786 1376 convolavimus.

2632 1429 2975 1469 GALLICANUS.

2077 1501 2242 1556 Multo
2283 1505 2454 1574 magis
2507 1519 2687 1558 veStro
2721 1520 2880 1572 quam
2929 1505 3154 1560 aliorum
3200 1506 3438 1562 delector
3485 1517 3584 1560 oo-

2001 1592 2209 1661 sequia.

2681 1703 2900 1742 PAULUS.

2073 1773 2190 1827 Non
2247 1775 2537 1842 immerito,
2585 1793 2706 1831 nam
2766 1780 2923 1850 vulgo
2951 1779 3146 1834 dicitur
3177 1796 3189 1831 :
3223 1777 3344 1842 Qui’
3379 1776 3584 1831 dilectis

2002 1867 2322 1936 obsequitur,
2355 1882 2399 1925 et
2432 1875 2540 1941 ipse
2566 1876 2630 1927 sit
2663 1874 2900 1927 dilectus.

2616 1980 2956 2020 GALLICANUS.

2070 2056 2291 2111 Verum.

2671 2167 2915 2206 JOANNES.

2071 2243 2299 2300 Dilectio
2330 2245 2592 2300 mittentis
2621 2245 2768 2300 hera:
2805 2245 3185 2302 reconciliatur
3234 2259 3333 2298 nos
3359 2241 3586 2297 lamil'ia-

2000 2335 2150 2390 ritati
2183 2347 2302 2391 tum.

2614 2443 2958 2485 GALLICANUS.

2068 2515 2187 2573 Non
2237 2533 2394 2588 nego.
2460 2518 2778 2586 Convenito,
2824 2519 3246 2589 congregamini,
3304 2518 3500 2571 tribuni
3535 2527 3591 2570 et

2000 2612 2368 2677 centuriones,
2427 2627 2721 2683 omnesque
2765 2613 2867 2666 mei
2923 2612 3059 2680 juris
3116 2611 3329 2664 milites.
3383 2609 3590 2661 Adsunt

1999 2698 2235 2755 Joannes
2276 2709 2330 2755 et
2386 2700 2606 2767 Paulus,
2660 2717 2890 2771 quorum
2927 2701 3204 2754 detinebar
3243 2698 3482 2752 absentia
3524 2711 3592 2750 ne

1998 2809 2304 2866 pergerem.

2679 2901 2914 2940 TRIBUNI.

2847 2975 3136 3044 (Collectim
3161 2975 3517 3031 comitantur.)

2629 3081 2969 3122 G\LLICA.\'US.

2070 3157 2392 3226 Capitolium
2422 3167 2476 3212 et
2507 3158 2702 3226 templa
2745 3160 2975 3228 primum
3020 3159 3170 3211 nobis
3196 3159 3462 3216 intranda,
3495 3171 3587 3207 nu-

2000 3247 2254 3316 minaque
2294 3246 2515 3301 deorum
2565 3248 2824 3316 placanda
2875 3259 2999 3301 sunt
3040 3249 3143 3301 ritu
3175 3246 3587 3309 sacriﬁciorum,

1999 3355 2108 3410 quo
2139 3350 2528 3408 prosperentur
2559 3342 2738 3395 exitus
2777 3357 2985 3410 pugnae.

2069 2975 2340 3031 Pracede.

2681 3449 2916 3489 TRIBUNI.

2069 3523 2322 3580 Necesse.

2666 3633 2909 3673 JOANNES.

2073 3708 2464 3766 Subtrahamus
2493 3724 2592 3765 nos
2623 3711 2858 3764 interim.

2677 3818 2898 3858 PAULUS.

2071 3894 2255 3951 Decet.

2607 3985 2827 4040 SCENA
2870 3983 2997 4037 VIII.

2679 4091 2923 4131 JOANNES.

2073 4169 2176 4233 En,
2209 4170 2317 4224 dux
2343 4169 2656 4241 egreditur;
2682 4167 3039 4224 ascendamus
3073 4179 3263 4233 equos,
3303 4162 3592 4218 olleramus

1999 4274 2102 4317 nos
2130 4259 2367 4316 obviam.

2683 4370 2903 4410 PAULUS.

2072 4446 2152 4504 Ac
2179 4446 2309 4503 cito.

2623 4554 2969 4596 GALLICANUS.

2073 4637 2229 4695 Unde
2258 4635 2490 4693 venitis!
2524 4633 2626 4690 Ubi
2650 4633 2867 4689 fuistis?

2669 4741 2917 4782 JOANNES.

2080 4822 2394 4880 Stravimus
2419 4819 2740 4880 sarcinulas,
2766 4818 3155 4889 praemisimus,
3203 4831 3308 4886 quo
3362 4814 3597 4884 expediti

2002 4896 2158 4972 tuum
2185 4915 2292 4970 iter
2318 4914 2591 4985 possimus
2611 4911 2891 4967 comitari.

2627 5019 2990 5064 ςιιιιεηωε.

2070 5097 2279 5156 Placet.

2621 5208 2857 5268 SCENA
2911 5209 3010 5270 ιιι.

2636 5340 2828 5371 αλ1.1.1Γ
2844 5343 2877 5369 Δ
2899 5341 3032 5369 ειυς-
