4486 5544
274 420 380 476 985
1243 427 1606 487 COMOEDle
1651 432 1808 491 sex.
1852 466 1920 477 —
1960 438 1999 495 ι.
2044 444 2503 508 GALLICANL‘S.
3455 449 3558 518 986

856 558 1273 602 consummes.
1893 555 1944 613 Α
2552 583 2967 629 CONSTANTINUS.

344 610 589 668 Curtose.
1894 610 1941 613 ⁷-
2043 653 2288 711 Salubre.

900 700 1245 743 CALLICANUS.

347 758 588 812 Exnono.
2593 771 2936 814 caucasus.

877 844 1294 888 cossnsnsus.
2044 845 2392 917 Experiebar.
2436 849 2502 905 Ut
2531 867 2591 908 os
2644 857 2709 907 ad
2741 855 3040 912 vovendum
3094 857 3314 929 aperui,
3342 858 3562 918 cmleste

344 919 577 989 Exopto.
1968 938 2220 1008 juvamen
2253 945 2417 999 sensi.

888 1027 1236 1071 GALLICANUS.

347 1107 562 1173 Fateor,
589 1107 958 1164 sacratissime
984 1111 1302 1179 imperator,
1347 1110 1540 1175 iturus,
1577 1121 1634 1166 ut
1669 1111 1869 1180 ohjeci-

275 1199 368 1265 sti,
426 1199 621 1255 sacella
649 1199 868 1266 intravi,
896 1215 1089 1271 meque
1118 1202 1398 1258 daemoniis
1429 1212 1483 1258 et
1514 1202 1617 1258 diis
1640 1203 1865 1274 supplex

235 1356 241 1362 ,
277 1292 540 1348 commisi.

880 1403 1294 1445 CONSTANTINUS.

348 1475 459 1533 Hoc
483 1477 740 1533 Romanis
770 1479 1070 1549 antiquitus
1104 1478 1201 1531 fuit
1231 1479 1284 1534 in
1311 1493 1480 1534 more.

895 1583 1240 1624 GALLICANUS.

335 1655 474 1713 Mala
513 1658 869 1714 consuetudo.

871 1763 1289 1805 CONSTANTINUS.

347 1838 606 1896 Pessima.

903 1948 1248 1990 GALLICANUS.

346 2024 463 2092 Quo
489 2034 648 2095 pacto
677 2026 880 2082 tribuni
922 2042 1042 2081 etim
1089 2029 1200 2081 suis
1233 2026 1535 2094 legionibus
1579 2025 1869 2089 advenere,

279 2131 475 2186 meque
497 2128 715 2173 euntem
753 2118 1148 2188 undiquesecus
1178 2133 1412 2187 sepsere.

859 2225 1281 2265 CONSTANTINUS.

347 2298 616 2370 Pomposo
649 2300 939 2357 admodum
972 2313 1232 2372 apparatu
1262 2302 1650 2373 egrediebaris.

897 2409 1242 2448 GALLICANUS.

346 2481 745 2551 Promovimus,
811 2487 992 2541 hostes
1069 2486 1411 2558 impcgimus,
1477 2487 1873 2553 commisimus,

272 2572 404 2630 victi
439 2590 645 2632 sumus.

879 2683 1303 2726 CONSTANTINUS.

353 2757 582 2814 Romani
608 2758 768 2815 victi!

899 2869 1250 2912 GALLICANL’S.

352 2943 591 3002 Penitus.

884 3051 1302 3094 CONSTANTINUS.

350 3125 394 3182 Ο
424 3141 512 3182 res
537 3126 653 3182 dira
684 3127 1042 3199 onmibusque
1073 3131 1245 3186 saeclis
1279 3129 1551 3185 inaudita!

909 3235 1255 3277 GALLICANUS.

2556 1058 2973 1102 CONSTANTINUS.

2045 1129 2163 1195 Quo
2192 1133 2387 1200 pacto?

2595 1243 2938 1284 GALLIC.\NUS.

2046 1316 2311 1386 Apparuit
2338 1318 2467 1373 mihi
2493 1318 2710 1386 juvenis
2741 1335 2980 1389 procerae
3011 1321 3399 1394 magnitudinis
3440 1333 3567 1377 cru-

1978 1422 2093 1462 cem
2130 1408 2308 1462 l'erens
2349 1409 2400 1462 in
2453 1409 2714 1469 humeris.
2749 1423 2801 1466 et
2853 1415 3109 1485 praecepit
3141 1423 3197 1469 ut
3229 1415 3420 1470 stricto
3451 1428 3559 1468 mu-

1979 1514 2143 1554 crone
2175 1501 2325 1554 illiilli
2358 1516 2632 1571 sequerer.

2565 1629 2983 1674 ςοκδτλκτικυε.

2051 1728 2306 1799 Quisquis
2339 1731 2425 1786 ille
2462 1742 2599 1799 erat,
2626 1735 2838 1789 caelitus
2865 1737 3060 1792 missus
3091 1737 3286 1792 fuerat.

2601 1864 2948 1907 GALLICANUS.

2047 1959 2436 2029 Comprobavi;
2474 1979 2572 2019 nec
2623 1983 2793 2032 mora,
2826 1967 3115 2021 astiterunt
3143 1966 3274 2020 mihi
3313 1982 3342 2019 a
3380 1967 3571 2021 dextra

1977 2049 2216 2119 laevaque
2266 2053 2463 2108 milites
2517 2059 2732 2121 armati,
2795 2074 3024 2127 quorum
3099 2058 3304 2112 vultum
3351 2057 3574 2112 minime

1978 2147 2190 2215 agnovi,
2220 2150 2596 2217 promittentes
2625 2151 2882 2204 auxilium
2921 2152 3026 2206 sui.

2564 2260 2983 2300 CONSTANTINL'S.

2049 2331 2298 2388 leestis
2333 2334 2542 2390 militia.

2604 2443 2948 2483 GALLICANL'S.

2005 2531 2007 2534 ⁴
2054 2537 2166 2594 Νοη
2191 2540 2420 2610 ambigo.
2455 2545 2521 2595 At
2546 2542 2632 2595 ubi
2659 2559 2890 2612 sequens
2932 2542 3329 2612 praecedentem
3363 2550 3578 2597 secutus

1985 2629 2109 2699 Heg.
2142 2632 2387 2703 securus]
2422 2633 2562 2687 inter
2584 2635 2788 2688 medias
2813 2635 3046 2688 hostium
3073 2635 3382 2704 ingrederer
3408 2634 3571 2694 acies,

1985 2724 2208 2792 perveni
2269 2725 2334 2776 ad
2367 2740 2548 2794 regem
2586 2741 2794 2788 comm,
2830 2727 3044 2780 nomine
3072 2725 3303 2789 Bradan,
3332 2728 3421 2794 qui
3456 2740 3576 2778 mox

1987 2815 2290 2869 incredibili
2322 2817 2423 2885 12
2448 2827 2590 2870 metu
2617 2828 2918 2886 correptus,
2944 2816 3278 2887 pedibusque
3297 2818 3428 2870 meis
3459 2833 3580 2886 pro-

1986 2909 2225 2973 volutus,
2274 2925 2330 2963 se
2381 2927 2502 2963 eum
2564 2911 2676 2964 suis
2731 2911 2990 2974 subdidit,
3043 2910 3317 2980 professus
3357 2923 3578 2962 censum

1984 3002 2218 3072 principi
2250 3001 2478 3056 Romani
2511 3003 2660 3057 orbis
2697 3003 2963 3058 ﬁnetenus
2990 3003 3324 3058 solvendum.

2573 3128 2993 3169 CONSTANTINI'S.

2059 3204 2255 3260 Grates
2290 3203 2670 3275 prosperitatis
2719 3205 2944 3270 auctori,
2992 3204 3082 3276 qui
3121 3203 3172 3258 in
3216 3217 3272 3258 se
3305 3209 3583 3272 sperantes

355 3308 468 3379 Ego
499 3307 713 3379 quidem
747 3308 976 3365 nefanda
1001 3311 1267 3366 sacriﬁcia
1289 3313 1502 3380 iteravi,
1532 3329 1632 3369 nec
1654 3314 1882 3369 aderant
1909 3270 1956 3335 C
1990 3309 2094 3350 που
2127 3296 2333 3368 Pilum"
2355 3296 2632 3378 εθηίυηάίε

268 3405 716 3476 quiadjuvarent
762 3406 871 3473 dii;
923 3409 1018 3462 sed
1073 3409 1441 3466 invalescente
1488 3411 1883 3484 congressione

264 3498 493 3572 plurimi
522 3513 588 3555 ex
630 3498 832 3554 nostris
855 3498 1133 3555 interiere.

880 3604 1299 3648 CONSTANTINUS.

341 3681 660 3739 Confundor
683 3680 967 3738 audiendo.

912 3790 1257 3832 GALLICANUS.

340 3869 589 3925 Tandem
620 3869 824 3926 tribuni
853 3885 938 3925 me
963 3879 1306 3940 spreverunt,
1345 3885 1404 3927 se
1433 3871 1798 3929 tradiderunt.

884 3977 1304 4018 CONSTANTINUS.

339 4055 603 4113 Hostibus
626 4056 649 4109 ἓ

903 4163 1247 4205 GALLICA-N05.

340 4241 509 4312 Ipsis.

883 4369 1306 4411 CONSTAN'I'INL'S.

338 4448 431 4504 Ah
453 4448 468 4503 ε
504 4445 636 4517 quid
663 4444 876 4503 fecisti?

899 4560 1246 4601 GALLICANUS.

332 4636 486 4708 Quid
513 4650 730 4708 possem
758 4634 957 4699 facere,
993 4638 1093 4692 nisi
1130 4636 1309 4705 fugam
1333 4636 1628 4710 eaptaref'

876 4743 1301 4784 CONSTANTINUS.

336 4823 483 4881 Non.

905 4926 1250 4968 GALLICANUS.

328 5006 542 5063 Etiam.

877 5112 1299 5153 CONSTANTINUS.

333 5193 576 5262 Quantis
606 5199 739 5248 tunc
786 5191 1052 5259 angustiis
1096 5191 1389 5261 urgebatur
1437 5190 1746 5249 constantia
1797 5190 1877 5248 tui

255 5289 534 5362 pectoris!

903 5390 1246 5433 GALLICANUS.

328 5468 625 5538 Maximis.!

1907 4634 1965 4697 D

2613 3403 2956 3443 GALLICANCS.

2060 3478 2445 3549 Experimento
2467 3479 2649 3535 didici.

2575 3592 2996 3633 CONSTANTINUS.

2061 3668 2264 3725 Vellem
2314 3667 2549 3738 experiri
2608 3670 2735 3738 quid
2790 3669 2986 3724 deinde
3030 3667 3240 3739 profugi
3293 3667 3588 3723 actitarent

1987 3760 2214 3817 tribuni.

2609 3867 2955 3908 GALLICANL'S.

2060 3945 2404 4004 Maturabant
2433 3945 2790 4002 reconciliari.

2584 4052 3003 4093 (ZONSTANTINUS.

2060 4130 2389 4201 Recepistin‘
2430 4130 2632 4202 gratis?

2616 4233 2961 4274 GALLICANL'S.

2059 4317 2171 4387 Ego
2204 4316 2320 4370 iilos
2349 4314 2539 4385 gratis,
2577 4313 2668 4382 qui
2700 4327 2784 4366 me
2827 4309 3064 4379 pe’riciis,
3095 4308 3184 4379 qui
3224 4323 3282 4362 se
3314 4302 3588 4362 inimicis!

1987 4409 2130 4465 haud
2158 4409 2249 4461 ita.

2585 4510 2997 4552 CONSTANTINUS.

2062 4589 2129 4644 Et
2171 4589 2299 4660 qui?

2619 4693 2965 4736 GALLICANUS.

2058 4773 2322 4844 Proposui
2351 4775 2722 4844 promerendae
2747 4774 2934 4842 gratae
2957 4775 3214 4843 pretium.

2575 4880 2973 4921 CONSTANTINUS

2061 4959 2272 5026 Quale?

2616 5064 2961 5106 ῡΑιιιςΑιωε.

2063 5165 2331 5223 Videlicet
2360 5171 2564 5220 sectam
2592 5161 3072 5227 Christicolarum,
3109 5175 3270 5232 quam
3304 5159 3393 5227 qui
3426 5159 3604 5230 elege-

1989 5260 2086 5324 rit,
2117 5261 2350 5328 gratiam
2403 5255 2703 5324 susciperet
2760 5257 2995 5324 priorem
3057 5255 3432 5319 honoremque
3487 5271 3606 5307 ani-

1992 5352 2254 5422 pliorem;
2289 5350 2382 5421 qui
2412 5362 2539 5403 vero
2568 5347 2864 5418 spreverit,
2888 5346 3060 5417 gratia
3097 5345 3254 5403 simul
3291 5344 3609 5412 privaretur

1994 5457 2054 5501 et
2097 5446 2313 5502 militia.
