4486 5544
1346 423 1705 485 0011ωοιῶ
1745 422 1896 481 SEX.
1938 454 2007 466 -—
2044 420 2085 477 ι.
2126 422 2581 480 GALLICANUS.

1400 642 1752 733 ACTUS
1823 639 2465 730 SECUNDUS.

1554 848 2296 913 INTERLOCUTORES
2327 869 2341 908 :

613 1041 947 1101 IULIANUS
983 1057 1309 1112 tuentur-on,
1348 1014 1631 1109 consumis,
1670 1056 1907 1105 mures,
1949 1035 2455 1103 TERENTIANUS,
2494 1032 2821 1101 JOANNES,
2860 1050 3249 1093 cumsrtcomx.

978 1375 1200 1433 SCENA
1238 1377 1280 1431 Ι.

977 1484 1246 1523 ιυιῐλκυε.

397 1558 502 1631 ιι
529 1558 933 1614 Incommodum
962 1559 1095 1613 satis
1142 1567 1328 1613 nostro
1362 1558 1623 1627 probatur
1652 1572 1771 1611 esse
1801 1558 1904 1610 im-

321 1651 496 1719 perio,
551 1650 693 1720 quod
737 1651 1017 1704 christiani
1061 1652 1230 1704 libero
1281 1659 1506 1704 utuntur
1548 1650 1773 1703 arbitrio
1801 1689 1815 1710 ,
1850 1655 1905 1701 et

314 1746 525 1805 Jactant
573 1752 631 1792 se
677 1737 822 1808 leges
865 1737 1064 1792 debere
1119 1739 1310 1807 sequi,
1373 1754 1508 1809 quas
1565 1737 1907 1808 accipiebant

331 1829 662 1900 temporibus
691 1829 1056 1885 Constantini.

986 1936 1266 1977 CUNSULES.

393 2011 596 2086 Turpe,
617 2014 664 2070 si
691 2014 911 2084 pateris.

977 2121 1249 2163 JULIANUS.

394 2192 513 2251 Non
540 2196 736 2268 patiar.

972 2303 1257 2345 CONSULBS.

392 2378 579 2435 Decet.

998 2484 1272 2526 JULIANUS.

393 2559 702 2626 0milites,
750 2562 1135 2633 accingimini,
1196 2570 1248 2615 et
1298 2560 1498 2616 nudate
1557 2560 1904 2615 christicolas

326 2654 764 2723 possessionibus
787 2656 1039 2725 propriis,
1064 2656 1367 2724 objicientlo
1402 2654 1725 2709 sententiam
1750 2652 1904 2707 Chri-

1935 1375 1985 1433 A

2681 1388 2915 1427 MILITES.

2078 1463 2183 1517 Sed
2214 1462 2450 1518 Joannes
2479 1472 2533 1517 et
2563 1462 2762 1517 Paulus
2799 1474 2848 1517 tc
2878 1464 3172 1519 fastidiunt.

2650 1570 2921 1610 JL'LMNL'S.

2078 1648 2216 1713 Quid
2255 1647 2463 1716 agunt?

2681 1753 2915 1792 ιιιιτες.

2076 1830 2271 1885 Libere
2304 1838 2589 1900 vagantur,
2627 1830 2913 1883 thesauros
2941 1826 3274 1883 Constantia!
3303 1836 3540 1898 erogant.

2675 1934 2942 1974 IULIANL‘S.

2078 2017 2444 2070 Advoeentur.

2681 2118 2911 2158 IILITES.

2078 2200 2305 2252 Adsunt.

2623 2285 2845 2343 SCENA
2896 2284 2959 2339 V.

2656 2392 2924 2434 JULIANUS.

2076 2471 2190 2524 Non
2227 2469 2407 2525 nescio
2443 2484 2538 2525 vos
2569 2510 2583 2533 ,
2636 2467 2872 2523 Joannes
2901 2478 2953 2523 et
2993 2467 3196 2529 Paule,
3234 2481 3263 2520 a
3310 2464 3592 2521 cunabulis

2007 2567 2368 2633 Augustorum
2395 2564 2731 2634 mancipatos
2758 2562 2926 2616 fuisse
2972 2561 3249 2631 obsequio.

2652 2668 2776 2709 ιοιμ
2783 2666 2879 2708 1188
2889 2694 2899 2705 .

320 2746 393 2798 sti
428 2744 696 2799 dicentis:
749 2746 850 2812 Qui
897 2763 1000 2800 non
1050 2746 1439 2800 renuntiaverit
1487 2745 1739 2800 omnibus
1787 2758 1906 2814 quae
1936 2730 1983 2791 Β
2085 2745 2320 2799 Fuimus.

320 2833 587 2903 possidet,
614 2832 678 2887 N.
708 2833 769 2889 P.
794 2832 856 2888 Τ.
886 2834 953 2888 Μ.
986 2835 1046 2889 γ.
1080 2836 1138 2888 Ε.
1172 2835 1227 2889 S.
1265 2835 1325 2890 P.
1356 2833 1417 2887 Τ.

1006 2940 1245 2981 ιιιιιτεε.

394 3013 452 3069 ιη
479 3014 635 3071 nobis
660 3030 768 3071 non
794 3016 900 3071 erit
932 3031 1107 3070 mora.

952 3106 1173 3161 SCENA
1213 3107 1279 3162 ll.

974 3213 1259 3255 CONSULES.

395 3291 496 3358 En,
517 3291 718 3348 milites
749 3303 1114 3348 revertuntur.

975 3396 1243 3437 ιυιιΑΝυε.

394 3472 750 3531 Secundusne
776 3484 859 3531 est
888 3483 1067 3529 vester
1097 3472 1343 3528 reditus?

978 3578 1216 3619 IILITES.

395 3655 702 3712 Secundus.

995 3760 1264 3801 JULIANUS.

396 3838 464 3894 Et
501 3854 601 3894 cur
627 3848 733 3894 tam
771 3840 912 3895 citus
937 3844 959 3892 ’ἐ

995 3948 1227 3988 Ιιιιτες.

393 4022 689 4076 Dicemus:
720 4022 974 4086 Castella,
1012 4039 1132 4092 quae
1169 4021 1479 4077 Gallicanus
1523 4021 1624 4076 sibi
1662 4022 1905 4087 retinuit,

314 4111 667 4166 decrevimus
711 4112 981 4174 intrasse,
1022 4120 1230 4180 tuaeque
1279 4112 1525 4165 servituti
1573 4125 1903 4180 usurpasse;
1936 4083 1980 4145 C

312 4202 443 4266 sed,
473 4200 519 4257 si
548 4200 669 4270 quis
698 4215 764 4255 ex
793 4202 993 4255 nostris
1029 4202 1218 4271 pedem
1244 4202 1507 4265 admovit,
1546 4200 1790 4269 leprosus
1815 4215 1908 4255 seu

312 4304 725 4361 energumenus
757 4299 842 4346 est
874 4288 1068 4346 factus.

988 4399 1255 4439 JULIANUS.

388 4472 793 4537 Revertimini,
840 4474 1121 4545 ipsumque
1182 4476 1485 4545 compellite
1536 4476 1616 4531 vel
1680 4477 1909 4546 patriam

311 4566 594 4631 deserere,
627 4564 711 4619 vel
739 4564 898 4620 idolis
924 4568 1254 4621 saerilicare.

943 4653 1162 4710 SCENA
1199 4656 1285 4711 Ill.

938 4763 1283 4804 GALLICANUS.

384 4834 471 4891 Ne
498 4834 821 4909 fatigemini,
850 4853 882 4892 o
911 4840 1109 4894 milites
1130 4880 1143 4903 ,
1176 4839 1380 4894 inutilia
1417 4841 1694 4897 suadendo
1716 4882 1731 4906 ,
1779 4841 1906 4911 quia

305 4930 367 4985 in
420 4929 789 4985 mstimatione
830 4939 1043 4985 aeternae
1094 4932 1215 4984 vita:
1256 4929 1407 4986 ﬂocci
1460 4931 1601 4987 facio
1644 4932 1908 5003 quidquid

307 5023 558 5079 habetur
586 5023 687 5078 sub
712 5022 842 5077 sole.
874 5020 1023 5079 Unde
1050 5024 1277 5093 patriam
1307 5024 1499 5079 desero
1530 5034 1586 5080 et
1623 5025 1777 5081 exsul
1812 5040 1909 5097 pro

304 5116 543 5173 Christo
573 5113 963 5171 Alexandriam
994 5126 1139 5188 peto,
1180 5126 1370 5185 optans
1415 5118 1618 5175 ibidem
1655 5121 1909 5179 coronari

309 5208 613 5278 martyrio.

942 5301 1160 5357 SCENA
1197 5299 1283 5356 IV.

2663 2850 2932 2891 JULIANUS.

2089 2929 2240 2985 Unde
2265 2930 2420 2983 decet
2449 2936 2506 2982 ut
2552 2942 2671 2982 meo
2711 2930 3032 2982 inhaerentes
3064 2926 3216 2980 lateri
3261 2922 3510 2979 servratis
3540 2923 3594 2978 in

2010 3022 2232 3093 palatio,
2261 3024 2312 3076 in
2351 3039 2459 3093 quo
2489 3022 2677 3075 nutriti
2705 3022 2839 3074 estis
2879 3037 2906 3073 a
2940 3037 3124 3089 put-ro.

2702 3127 2919 3167 PAULUS.

2085 3204 2240 3259 Haud
2267 3206 2585 3260 serviemus.

2667 3311 2938 3352 JULIANUS.

2084 3389 2271 3443 Mihin‘
2296 3403 2401 3444 non
2435 3389 2685 3443 servietis
2715 3390 2737 3439 ’ἒ

2669 3492 2912 3532 ιοΑκδιες..

2085 3572 2350 3627 Diximus.

2658 3675 2927 3716 JULIANUS.

2085 3750 2222 3806 Num
2248 3768 2350 3807 non
2375 3752 2619 3806 videmur
2654 3754 2926 3821 Augustus
2953 3756 2977 3805 Υ

2707 3859 2922 3900 ιιΑυιυδ.

2086 3932 2189 3986 Sed
2223 3934 2501 3989 dissimilis
2530 3936 2818 4004 prioribus.

2669 4042 2939 4082 JULIANUS.

2085 4122 2322 4190 hiquo?

2676 4230 2918 4269 JOANNES.

2086 4304 2363 4374 lteligione
2395 4316 2446 4359 et
2475 4306 2690 4360 merito.

2664 4409 2932 4452 JULIANUS.

2088 4485 2290 4540 Vellem
2323 4486 2533 4556 plenius
2566 4487 2774 4542 audire.

2698 4594 2914 4634 PAULUS.

2700 4671 3089 4728 Gloriosissimi
3144 4682 3197 4731 et
3250 4672 3596 4730 famosissimi

2010 4760 2370 4830 imperatores
2409 4761 2817 4829 Constantinus,
2851 4763 3121 4820 Censtans
3148 4773 3200 4819 et
3222 4762 3596 4831 Constantius,

2009 4868 2238 4922 quorum
2257 4854 2648 4910 famulabamus
2671 4855 2920 4925 imperio,
2952 4856 3100 4911 fuere
3124 4857 3223 4911 viri
3250 4856 3602 4915 Christianis-

2011 4944 2157 5012 simi,
2191 4956 2245 5001 et
2271 4944 2646 5017 gloriabantur
2677 4962 2734 5001 se
2764 4962 2953 5003 servos
2980 4963 3100 5003 esse
3128 4948 3347 5004 Christi.

2672 5053 2941 5096 JULIANUS.

2084 5125 2326 5185 Memini.
2351 5128 2446 5185 sed
2482 5144 2592 5186 non
2615 5140 2746 5201 opto
2779 5146 2874 5186 eos
2902 5132 2955 5185 in
2980 5130 3085 5187 hoc
3109 5132 3285 5202 sequi.

2702 5240 2920 5283 PAULUS.

2086 5317 2369 5375 Deleriora
2410 5318 2667 5376 imitaris.
2714 5319 2817 5387 Qui
2869 5318 3134 5378 ecclesias
3170 5321 3617 5396 frequentabant,

2082 4671 2342 4727 Volumus
2404 4673 2584 4727 dicere
2636 4691 2647 4725 :

1934 5435 1990 5499 ι)
2017 5417 2075 5464 et
2102 5424 2336 5468 excusso
2371 5410 2679 5470 diademate
2712 5412 2814 5483 15
2841 5415 3105 5485 prostrati
3126 5413 3308 5469 Jesum
3335 5411 3622 5477 Christum
