4486 5544
811 355 910 412 99!

1485 477 1685 517 Ρλυιυε
1702 500 1715 513 ο

1485 479 1619 517 Ρλυι
1662 479 1715 516 S.

886 557 1024 615 Nam
1057 557 1186 629 quia
1215 555 1572 612 adolebantnr
1613 479 1884 616 greatori,
1927 549 2240 622 Augustalis
2288 547 2402 616 api-

1669 341 2138 402 HROTSUlTHIE
2182 337 2505 398 MONIALIS
2543 328 3232 393 GANDERSHEIMENSIS

2428 456 2477 514 Α

3169 455 3412 497 ιοΑΝΜζΒ.

2575 544 2841 613 Acceptas
2865 554 2972 595 non
3003 537 3156 593 ﬂocci
3194 535 3454 590 faciamus
3481 528 3744 594 inducias,
3779 525 3871 582 sed
3911 523 4084 580 facul-

815 666 932 708 cem
965 621 1245 722 dignitatis
1283 648 1551 702 ornabant
1586 655 1642 700 et
1683 621 2067 700 beatificabant
2100 640 2404 711 insignibus
2507 647 2644 692 tates
2664 636 2798 690 ccelo
2838 633 3249 705 permittamus,
3281 623 3721 697 nosqucjejuniis
3754 630 3808 677 et
3835 621 4086 677 obsecra-

816 758 929 800 suae
959 741 1248 814 probitatis
1281 748 1337 796 et
1378 737 1718 805 sanctitatis,
1764 735 2147 809 prosperisque
2174 732 2241 789 ad
2279 739 2401 786 vota

817 833 1256 892 successionibus
1282 830 1579 905 pollebant.

1492 956 1736 998 ULIANUS.

888 1037 1050 1096 Certe
1069 1051 1190 1111 ego.

1487 1140 1731 1184 JOANNES.

889 1241 1007 1299 Non
1055 1239 1219 1298 simili
1282 1240 1474 1308 modo,
1533 1241 1658 1311 quia
1718 1254 1811 1296 eos
1874 1237 2058 1294 divina
2116 1235 2411 1294 comitaba-

820 1339 912 1391 tur
956 1334 1150 1406 gratia.

1484 1438 1755 1481 JULIANUS.

897 1540 1296 1614 Frivola.§l-3go
1328 1542 1600 1612 quondam
1649 1540 1845 1596 stultus
1889 1539 2016 1595 talia
2069 1537 2310 1603 exercui,
2359 1544 2415 1593 et

829 1651 1146 1711 clericatum
1178 1653 1231 1707 in
1256 1651 1498 1708 Ecclesia
1525 1651 1755 1708 obtinui.

1499 1760 1743 1802 JOANNES.

902 1835 1154 1894 Placetne
1186 1835 1304 1902 tibi,
1332 1851 1366 1892 o
1391 1835 1578 1900 Paule,
1615 1833 1889 1890 clericus?

1505 1943 1705 1985 PAULUS
1722 1967 1735 1980 .

901 2019 1110 2079 Diaboli
1139 2021 1465 2094 capellanus.

1491 2129 1765 2170 JULIANUS.

907 2208 979 2263 At
1004 2207 1096 2264 ubi
1123 2207 1259 2264 nihil
1287 2206 1541 2262 utilitatis
1567 2208 1745 2262 inesse
1774 2203 2124 2276 deprehendi,
2155 2204 2222 2257 ad
2245 2201 2422 2256 cultu-

833 2316 951 2356 ram
974 2301 1198 2356 deorum
1239 2315 1325 2355 me
1357 2297 1574 2365 inflexi,
1602 2313 1835 2369 quorum
1865 2297 2038 2368 pietas
2064 2311 2152 2352 me
2179 2294 2425 2365 provexit

835 2393 901 2448 ad
925 2393 1198 2463 fastigium
1237 2394 1408 2466 regni.

1509 2502 1756 2543 JOANNES.

912 2578 1189 2649 Abrupisti
1243 2580 1416 2635 nostri
1454 2580 1780 2647 orationem,
1827 2593 1896 2636 ne
1921 2574 2425 2647 audiresjustorum

837 2670 1072 2727 laudem.

1497 2778 1767 2821 JULIANUS.

907 2851 1049 2921 Quid
1079 2853 1146 2909 ad
1171 2855 1292 2910 me?

1513 2962 1735 3004 PAULUS.

910 3032 1094 3103 Nihil;
1139 3037 1233 3094 sed
1276 3038 1705 3111 subiungendum
1747 3048 1832 3095 est
1859 3038 2005 3110 quod
2043 3038 2110 3094 ad
2153 3045 2226 3093 te.
2269 3035 2428 3092 Post—

838 3141 1002 3198 quam
1032 3128 1177 3184 enim
1207 3133 1439 3186 mundus
1477 3131 1556 3186 eis
1597 3146 1705 3187 non
1748 3139 1867 3186 erat
1907 3130 2100 3200 dignus
2141 3126 2426 3190 habendis,

841 3222 1079 3291 suscepti
1116 3231 1243 3278 sunt
1271 3224 1412 3279 inter
1437 3223 1691 3296 angelos,
1747 3223 1955 3294 tibique
1998 3220 2185 3278 infelix
2237 3235 2427 3291 respu-

845 3309 988 3366 blica
1024 3310 1429 3384 relinquebatur
1461 3313 1715 3384 regenda.

1498 3419 1772 3460 JULIANUS.

912 3491 1026 3550 Cur
1046 3493 1232 3552 infelix
1254 3494 1408 3566 juxta
1432 3496 1484 3552 id
1515 3496 1807 3567 temporis?

1510 3604 1755 3646 JOANNBS.

916 3675 996 3734 Ex
1026 3678 1289 3749 qualitate
1311 3680 1564 3737 rectoris.

1531 3785 1750 3827 PAULUS.

2508 729 2746 784 tionibus
2773 727 2884 781 Deo
2915 722 3131 780 interim
3161 717 3620 776 commendemus.

3180 826 3401 868 PAULUS.

2579 914 2933 985 Consequens
2955 918 3060 968 est.

3132 995 3354 1054 SCENA
3391 992 3479 1052 Vl.

3160 1104 3431 1147 JULIANUS.

2590 1187 2760 1252 Vade,
2791 1183 3139 1249 Terentiane,
3180 1181 3409 1252 sumptis
3436 1186 3616 1236 tecum
3658 1174 3924 1232 militibus
3949 1189 4093 1231 com-

2518 1280 2659 1351 pelle
2681 1278 2946 1337 Joannem
2979 1285 3034 1332 et
3077 1274 3302 1331 Paulum
3345 1274 3444 1329 deo
3491 1270 3608 1327 Jovi
3659 1267 3984 1325 sacrificare.
4037 1264 4096 1322 Si

2515 1383 2695 1428 autem
2752 1367 3024 1424 obstinato
3080 1364 3384 1421 resisterint
3433 1369 3684 1434 pectore,
3737 1357 4095 1429 perimantur,

2516 1480 2623 1520 non
2668 1459 2884 1531 palam,
2938 1457 3031 1515 sed
3087 1456 3312 1512 nimium
3347 1453 3452 1526 ιθ
3484 1451 3716 1513 occulte.
3771 1450 3896 1519 quia
3951 1446 4098 1518 pala-

2517 1555 2615 1610 tini
2645 1552 2816 1608 fuere.

3124 1635 3346 1693 SCENA
3381 1633 3491 1690 VII.

3119 1743 3508 1787 TERENTIANUS.

2447 1810 2496 1871 Β
2593 1829 2895 1898 Imperator
2929 1823 3176 1882 Julianus
3202 1824 3289 1878 cui
3335 1820 3512 1875 servio
3549 1816 3700 1874 misit
3725 1813 3900 1881 vobis,
3925 1811 4103 1870 Joan-

2522 1937 2620 1977 nes
2647 1930 2701 1976 et
2729 1918 2914 1985 Paule,
2946 1931 3044 1987 pro
3072 1915 3155 1970 sui
3183 1911 3470 1969 clementia
3499 1923 3719 1966 aureum
3753 1903 4100 1962 simulacrum

2523 2013 2694 2077 Jovis,
2727 2013 2814 2068 cui
2840 2011 2998 2065 thura
3048 2007 3219 2079 gratis
3261 2007 3540 2076 imponere
3578 2000 3803 2057 debetis.
3858 1998 4011 2066 Quod
4062 1996 4107 2051 si

2528 2105 2846 2170 nolueritis,
2875 2101 3159 2173 capitalem
3189 2097 3514 2156 sententiam
3540 2094 3809 2150 subibitis.

3207 2205 3452 2247 JOANNES.

2599 2290 2657 2345 Si
2689 2271 2938 2344 Julianus
2976 2286 3046 2341 sit
3084 2292 3207 2340 tuus
3234 2283 3522 2345 dominus,
3549 2277 3749 2334 habeto
3774 2286 3961 2347 pacem
3990 2288 4110 2329 cum

2528 2383 2720 2445 illo,et
2743 2390 2895 2436 utere
2933 2377 3050 2447 ejus
3096 2377 3288 2449 gratia.
3327 2372 3493 2428 Nobis
3542 2387 3649 2426 non
3697 2377 3780 2424 est
3830 2367 3966 2421 alius
4009 2363 4112 2420 nisi

2535 2473 2795 2529 Dominus
2826 2479 3011 2526 noster
3041 2466 3199 2523 Jesus
3248 2464 3518 2527 Christus,
3577 2476 3678 2532 pro
3726 2458 3881 2528 cujus
3931 2469 4115 2511 amore

2533 2563 2906 2620 desideramus
2947 2561 3112 2625 mori,
3159 2575 3266 2630 quo
3313 2571 3620 2613 mereamur
3646 2552 3866 2610 aeternis
3909 2547 4115 2620 gaudiis

2529 2657 2757 2729 perfrui.

3130 2756 3518 2800 'I‘BRENTIANUS.

2603 2840 2744 2908 Quid
2773 2838 3025 2904 tardatis,
3056 2835 3299 2892 milites?
3329 2833 3580 2904 stringite
3604 2830 3808 2886 ferrum
3836 2869 3852 2895 ,
3874 2837 3928 2883 et
3954 2828 4119 2882 inter-

2534 2935 2682 2990 ficite
2732 2931 3079 3004 imperatoris
3129 2930 3464 2998 deorumque
3507 2923 3765 2989 rebelles;
3807 2919 4118 2977 interfectos

2533 3027 2673 3082 clam
2697 3024 2751 3080 in
2779 3023 2939 3078 domo
2984 3020 3226 3092 sepelite,
3278 3017 3595 3088 nullumque
3634 3013 3913 3087 sanguinis
3956 3010 4121 3068 vesti-

2534 3122 2683 3194 gium
2716 3117 3024 3186 relinquite.

3207 3220 3444 3260 IlLlTES.

2608 3303 2677 3359 Et
2702 3301 2832 3374 quid
2864 3300 3106 3356 dicemus
3135 3297 3344 3369 rogati?

3130 3404 3524 3447 TERENTIANUS.

2610 3485 2878 3545 Simulate
2898 3483 3052 3556 quasi
3085 3481 3281 3538 exsilio
3311 3480 3422 3535 sint
3449 3479 3726 3542 destinati.

3071 3588 3298 3629 JOANNES
3319 3613 3332 3635 ,
3372 3586 3594 3628 PAULUS.

2608 3669 2710 3737 Te,
2736 3666 2975 3732 Christe,
3009 3681 3131 3721 cum
3157 3663 3319 3719 Patre
3341 3675 3396 3718 et
3425 3671 3614 3718 sancto
3650 3660 3856 3733 Spiritu
3898 3674 4128 3732 regnan-

2543 3772 2671 3825 tem,
2702 3775 2869 3816 unum
2904 3759 3095 3822 Deum,
3136 3757 3238 3811 sub
3267 3755 3371 3811 hoc
3417 3753 3661 3824 periculo
3707 3753 4044 3816 invocamus,
4076 3760 4128 3805 te

915 3859 1201 3932 Reliquisti
1231 3877 1448 3918 omnem
1493 3861 1840 3932 religionem,
1870 3869 1925 3915 et
1965 3857 2208 3914 imitatus
2236 3871 2296 3913 es
2326 3855 2440 3912 ido-
2543 3853 2826 3911 moriendo
2847 3851 3161 3913 laudamus;
3213 3857 3268 3904 tu
3312 3847 3526 3918 suscipe
3576 3845 3806 3911 animas,
3853 3859 3950 3916 pro
3990 3853 4041 3897 te
4062 3839 4129 3897 de

845 3951 1074 4008 lolatriae
1125 3954 1586 4024 superStitionem.
1640 3952 1746 4008 Pro
1793 3953 1895 4007 hac
1952 3952 2257 4021 iniquitate,
2313 3958 2368 4004 et
2409 3965 2441 4004 a

849 4048 956 4102 tuis
1005 4047 1384 4117 ronspectibus
1435 4057 1491 4103 et
1538 4061 1566 4100 a
1611 4055 1821 4100 tuorum
1875 4044 2134 4099 societate
2175 4058 2273 4099 nos
2316 4041 2443 4098 sub-

852 4138 1120 4193 traximus

1505 4245 1777 4292 JULIANUS.

924 4315 1078 4374 Licet
1131 4319 1264 4374 satis
1330 4319 1513 4375 multis
1559 4336 1588 4375 a
1639 4320 1794 4375 vobis
1851 4318 2241 4373 dehonestatus
2303 4314 2443 4380 sim,

854 4408 1032 4464 adhuc
1062 4419 1241 4465 tamen
1278 4425 1509 4480 parcens
1550 4410 1793 4466 audaciae
1832 4408 1993 4479 cupio
2022 4422 2118 4462 vos
2156 4407 2296 4461 inter
2336 4403 2447 4475 pri-

853 4517 972 4559 mos
999 4503 1052 4559 in
1084 4503 1286 4575 palatio
1307 4504 1592 4561 extollere.

1516 4613 1766 4655 JOANNES.

926 4687 1002 4746 Ne
1031 4688 1197 4764 fatiga
1239 4690 1322 4759 te',
1365 4692 1493 4763 quia
1544 4706 1644 4748 nec
1693 4691 1880 4757 minis,
1926 4700 2029 4746 nec
2062 4683 2449 4744 blandimentis

856 4786 1102 4858 cogimur
1133 4788 1351 4844 cedere.

1520 4895 1791 4940 JULIANUS.

930 4973 1124 5028 Decem
1149 4973 1360 5029 dierum
1390 4973 1529 5029 dabo
1563 4973 1841 5040 inducias,
1873 4988 1983 5045 quo
2011 4970 2227 5028 tandem
2254 4966 2450 5038 resipi-

2471 4544 2526 4605 D

2546 3943 2690 3998 lutea
2725 3941 3064 3998 habitatione
3092 3940 3419 3995 eliminatas.

3145 4028 3366 4084 SCENA
3405 4027 3538 4084 Vill.

3147 4135 3539 4176 TERENTIAHUS.

2621 4217 2701 4273 Eh
2734 4217 2861 4282 heu,
2894 4229 2926 4270 o
2953 4213 3309 4270 Christicolm.
3340 4210 3468 4281 quid
3509 4195 3715 4280 patitur
3762 4207 3952 4264 unicus
3991 4203 4132 4260 illius

2550 4326 2702 4368 mens
2723 4311 2748 4363 ?

3143 4395 3543 4467 cnntsricomj.

2625 4492 2832 4549 Stridet
2863 4490 3139 4553 dentibus,
3173 4497 3329 4557 sputa
3376 4485 3529 4556 jacit,
3582 4492 3795 4555 torquet
3823 4481 4014 4538 insana
4055 4478 4130 4534 lu-

2551 4585 2695 4640 mina
2723 4601 2736 4649 ;
2783 4598 2902 4638 nam
2928 4582 3119 4652 plenus
3149 4587 3232 4634 est
3252 4577 3552 4633 tlzemoniis.

3150 4683 3542 4726 TERENTIAHUS.

2627 4766 2719 4822 Va:
2740 4765 2880 4837 patri
2904 4766 2917 4817 !
2947 4762 3037 4818 ubi
3062 4762 3317 4833 agitatur.

3161 4866 3549 4908 CHRISTICOLE.

2627 4955 2766 5011 Ante
2794 4950 3037 5022 sepulcra
3088 4957 3388 5019 martyrum
3435 4941 3658 5000 Joannis
3704 4947 3757 4996 et
3810 4936 3962 4994 Pauli
3993 4933 4133 4992 humi

859 5075 1072 5120 scentes
1116 5065 1260 5120 ultro
1297 5067 1586 5122 maturetis
1622 5026 1967 5122 reconciliari
2019 5064 2208 5136 gratia:
2252 5026 2452 5117 nostrae
2555 5045 2907 5120 provolvitur,
2964 5056 3129 5112 seque
3185 5041 3424 5110 ipsorum
3471 5035 3720 5107 precibus
3771 5031 4010 5102 torqueri
4062 5026 4136 5081 fa-

857 5155 1156 5228 dignitatis.
1197 5158 1296 5213 Sin
1319 5168 1524 5224 autem,
1573 5159 1719 5231 quod
1766 5159 2077 5215 faciendum
2109 5165 2194 5212 est
2231 5154 2448 5218 faciam,

859 5264 965 5304 non
989 5249 1131 5305 ultra
1164 5249 1317 5306 vobis
1346 5249 1582 5307 ludibrio
1613 5251 1760 5305 fiam.

1556 5357 1777 5397 ΡΑυιυε.

934 5432 1090 5498 Quod
1131 5432 1376 5488 facturus
1397 5433 1507 5489 eris
1534 5433 1694 5488 hodie
1722 5430 1946 5502 perfice,
1987 5430 2114 5500 quia
2143 5443 2244 5484 nec
2284 5426 2350 5482 ad
2384 5425 2460 5480 tui

1318 5539 1411 5544 ___
1479 5541 1489 5544 _
1523 5526 1536 5544 Ι
1603 5525 1839 5544 __I_.!.___
1927 5539 2020 5544 ___
2083 5522 2145 5544 ,Δ
2197 5522 2455 5544 Aulon-Arn

3159 5239 3542 5282 TERENTJANUS.

2633 5323 2751 5380 Mea
2805 5321 2997 5393 culpa,
3048 5335 3227 5376 meum
3275 5316 3504 5372 facinus.
3553 5310 3688 5368 Nam
3732 5325 3856 5368 meo
3905 5309 4134 5370 hortatu,

2565 5432 2686 5474 meo
2725 5415 2878 5484 jussu
2929 5415 3043 5484 ipse
3095 5410 3281 5467 infelix
3340 5409 3535 5478 impias
3580 5420 3776 5460 manus
3819 5403 3872 5458 in
3930 5407 4135 5457 sanctos

2565 5520 2830 5544 manilii-na
2858 5515 2998 5544 micil
