4486 5544
1554 483 1790 523 (ςιιιοιηιλ.
2494 471 2548 530 Α

955 562 1070 619 Mea
1113 573 1365 633 germana
1403 572 1507 612 non
1547 558 1762 623 insanit,
1805 557 1897 612 sed
1924 555 2466 625 tuistultitiamjuste

883 654 1247 728 reprehendit.

1464 753 1873 797 DIOCLETIANUS.

949 860 1053 917 Ista
1086 853 1456 913 inclementius
1481 851 1797 917 bacchatur,
1835 849 1976 908 unde
2007 847 2207 904 nostris
2234 861 2462 919 ωηερε-

878 954 1056 1012 ctihus
1080 967 1232 1022 teque
1257 946 1626 1011 subwahntur,
1652 954 1706 1000 et
1738 945 1895 999 tertia
1922 940 2262 997 discutiatur.

1587 1053 1764 1092 IRENA.

950 1136 1186 1192 Tertiam
1229 1131 1483 1188 rebellem
1529 1129 1731 1198 tibique
1767 1126 1981 1198 penitus
2025 1123 2277 1196 probabis
2323 1122 2464 1177 reni-

876 1235 1096 1286 ιεηιεπι.

1465 1326 1870 1376 υιοειετιλιευι.

944 1432 1120 1497 lrena,
1157 1442 1282 1493 cum
1320 1426 1396 1484 eis
1432 1426 1611 1482 minor
1643 1431 1820 1488 relate,
1862 1421 1956 1478 tito
1984 1420 2154 1488 major
2178 1416 2457 1487 dignitate.

1579 1533 1755 1571 IRENA.

945 1616 1202 1681 Ostende,
1228 1626 1433 1684 quaeso,
1457 1624 1568 1681 quo
1594 1619 1770 1680 pacto.

1458 1713 1864 1761 ιιοοιετιηυε.

942 1799 1128 1855 Flecte
1164 1796 1432 1854 cervicem
1461 1792 1563 1847 diis
1582 1832 1596 1854 ,
1620 1799 1673 1845 et
1699 1799 1814 1845 esto
1849 1786 2126 1843 sororibus
2154 1783 2457 1854 exemplum

871 1890 1225 1949 correctionis
1254 1895 1309 1943 et
1335 1898 1497 1942 causa
1526 1880 1881 1938 liberationis.

1565 1993 1746 2033 IRENA.

940 2077 1366 2149 Conquiniscant
1415 2071 1594 2135 idolis,
1644 2069 1738 2138 qui
1785 2066 1954 2123 velint
1999 2067 2276 2121 incurrere
2322 2066 2459 2119 iram

868 2167 1273 2231 Celsitonantis,
1305 2178 1404 2236 ego
1434 2161 1651 2232 quidem
1679 2166 1844 2228 caput
1870 2156 2036 2228 regali
2065 2167 2341 2228 unguento
2367 2158 2462 2212 de-

869 2260 1096 2333 libutum
1157 2272 1263 2312 non
1313 2251 1721 2314 dehonestabo,
1775 2247 2000 2317 pedibus
2045 2247 2460 2301 simulacrorum

865 2350 1252 2412 submittendo.

2488 1848 2537 1910 Β

1455 2447 1862 2489 υιοςιετιΑΝυε.

939 2535 1158 2592 Cultura
1209 2533 1434 2587 deorum
1486 2542 1590 2581 non
1643 2524 1860 2580 adducit
1893 2524 2325 2589 dehonestatem,
2367 2523 2462 2581 sed

867 2629 1025 2701 praei
1033 2642 1196 2699 puum
1249 2625 1531 2678 honorem.

1578 2725 1755 2765 IRENA.

940 2814 1006 2869 Et
1042 2826 1160 2882 quae
1199 2808 1512 2862 inhonestas
1545 2804 1772 2872 turpior,
1804 2815 1926 2871 quae
1954 2799 2230 2871 turpitudo
2261 2797 2461 2868 major,

866 2919 1028 2976 quam
1071 2914 1257 2957 servos
1297 2893 1547 2950 venerari
1587 2901 1644 2946 ut
1684 2889 1979 2945 dominos?

1459 2998 1864 3042 DIOCLETIANUS.

938 3087 1054 3142 Non
1083 3085 1284 3140 suadeo
1328 3080 1426 3136 tibi
1464 3077 1710 3141 venerari
1739 3089 1947 3142 servos,
1982 3074 2078 3136 sed
2118 3075 2464 3141 dominorum

867 3179 1280 3251 principumque
1323 3174 1473 3228 deos.

1571 3279 1749 3318 IBENA.
2490 3214 2538 3278 Ο

936 3363 1124 3419 Nonne
1143 3363 1196 3417 is
1226 3367 1310 3416 est
1337 3355 1575 3426 cujusvis
1598 3367 1809 3418 servus,
1835 3354 1926 3422 qui
1962 3353 2029 3408 ab
2057 3352 2268 3408 artiﬁce
2291 3350 2470 3422 pretio

866 3461 1239 3526 comparatur,
1267 3459 1327 3507 ut
1355 3445 1681 3519 emptitius?

1462 3549 1871 3594 DIOCLETIANUS.

937 3635 1107 3706 Hujus
1148 3627 1497 3704 praesumptio
1524 3626 1872 3682 verbositatis
1901 3624 2132 3680 tollenda
2160 3633 2245 3680 est
2265 3623 2470 3695 suppli-

869 3725 993 3782 eiis.

1570 3827 1751 3868 IRENA.

938 3908 1052 3965 Hoc
1100 3917 1371 3980 optamus,
1416 3906 1522 3960 hoc
1563 3902 1966 3973 amplectimur,
2015 3909 2072 3955 ut
2118 3915 2219 3975 pro
2263 3899 2468 3957 Christi

865 4016 1054 4060 amore
1103 3999 1382 4071 suppliciis
1430 3998 1753 4052 lacerentur.

1464 4105 1871 4146 DIOCLETIANL'S.

938 4191 1059 4247 lstze
1085 4199 1436 4245 contumaces
1459 4188 1769 4256 nostrisque
1799 4187 2035 4241 decretis
2066 4184 2468 4246 contraluctan-

867 4294 949 4340 tes
980 4283 1187 4338 catenis
1217 4282 1552 4345 irretiantur,
1581 4288 1635 4333 et
1662 4278 1730 4332 ad
1755 4293 1983 4333 examen
2011 4277 2226 4332 Dulcitii
2261 4292 2468 4347 praesu-

866 4371 935 4429 lis
974 4372 1096 4446 μεθ.
1131 4370 1397 4443 praesidis]
1428 4370 1528 4426 sub
1564 4367 1825 4424 carcerali
1865 4368 2118 4438 squalore
2159 4374 2465 4422 serventur.

1493 4482 1714 4548 SCENA
1771 4481 1835 4536 ll.

1514 4611 1819 4655 nummus.
2490 4570 2545 4632 D

940 4699 1247 4763 Producite,
1286 4695 1507 4761 milites,
1539 4690 1823 4765 producite
1857 4703 1991 4760 quas
2026 4687 2220 4744 tenetis
2258 4687 2313 4742 in
2351 4701 2470 4743 car-

865 4808 1015 4856 cere.

1539 4890 1652 4932 IILI
1662 4888 1780 4932 T38.

938 4980 1076 5036 Ecce
1106 4992 1240 5048 quas
1270 4971 1497 5029 vocasti.

1510 5076 1817 5121 DULCITIUS.

936 5163 1133 5236 Papae!
1165 5175 1330 5232 quam
1353 5157 1615 5230 pulchrae,
1643 5168 1805 5226 quam
1832 5159 2096 5220 venustae,
2117 5162 2281 5221 quam
2302 5162 2458 5219 egre-

865 5263 966 5335 gia:
991 5257 1274 5332 puellulae!

1540 5357 1779 5404 Ιιιιτιε.

937 5442 1186 5502 Profecto
1217 5441 1448 5496 decore.

1685 352 2153 411 HROTSUITHE
2190 351 2515 410 ΜοΝιΑιιδ
2547 352 3240 443 GANDERSHEIMENSIS

4054 349 4159 406 996

3210 485 3513 528 DULCI'I'IUS.

2643 558 2890 616 Exzestuo
2916 560 3031 616 illas
3058 561 3123 615 ad
3154 561 3258 616 mei
3291 576 3529 617 amorem
3553 563 3791 619 trahere.

3235 669 3474 709 IILITES.

2637 741 2938 799 Dillidimus
2973 752 3025 799 te
3058 745 3372 814 praevalere.

3206 850 3360 895 DDLCI
3369 851 3507 896 TIBI.

2637 927 2860 995 Quare?

3233 1037 3470 1079 IILITES.

2637 1112 2770 1179 Quia
2800 1111 3020 1168 stabiles
3049 1112 3171 1168 ﬁde.

3200 1219 3500 1263 ωιτη-ωε.

2637 1297 2774 1366 Quid
2803 1298 2846 1352 si
2879 1297 3133 1353 suadeam
3154 1296 3579 1355 blandimentis!

3235 1401 3471 1441 IILITES.

2637 1479 3015 1534 Contemnunt.

3201 1585 3503 1625 DULCITIUS.

2638 1660 2774 1727 Quid
2808 1661 2850 1716 si
2883 1671 3114 1717 terream
3141 1661 3458 1731 suppliciis?

3237 1767 3474 1808 IILI'I'ES.

2635 1843 2792 1897 Parvi
2830 1843 3088 1912 pendunt.

3201 1948 3509 1990 DULCITIUS.

2633 2027 2698 2081 Et
2727 2028 2853 2096 quid
2879 2026 3014 2081 ﬁet?

3237 2134 3473 2174 IllLlTES.

2634 2209 2950 2281 Praecogita.

3210 2316 3512 2356 DULClTIUB.

2633 2413 2821 2468 Ponite
2844 2411 2962 2467 illas
2990 2411 3094 2483 ιθ
3115 2414 3168 2468 in
3194 2415 3492 2469 custodiam
3516 2413 3571 2469 in
3591 2413 3905 2471 interiorem
3927 2411 4146 2472 omcina

2562 2503 2756 2570 aedem,
2783 2503 2838 2558 in
2861 2502 3016 2572 cujus
3037 2504 3279 2574 proaulio
3303 2505 3672 2562 ministrorum
3694 2514 3980 2562 servantur
4001 2520 4147 2561 vasa.

3236 2612 3472 2657 MILITES.

2636 2687 2964 2762 thuideo
3001 2686 3147 2742 loci?

3205 2795 3508 2836 DULCITIUS.

2637 2873 2754 2942 Quo
2791 2888 2822 2927 a
2860 2886 2947 2928 me
2980 2871 3298 2944 saepiuscule
3330 2872 3540 2942 possint
3575 2871 3767 2927 videri.

3248 2979 3484 3019 IlLl'l‘ES.

2635 3059 2708 3128 Ut
2733 3057 2912 3129 iubes

2750 3139 2751 3143 η
3177 3146 3398 3204 SCENA
3433 3144 3521 3207 Ill.

3210 3251 3517 3294 DULCITIUS.

2637 3334 2779 3402 Quid
2807 3341 2978 3407 agunt
3002 3333 3231 3407 captivae
3252 3333 3356 3386 sub
3389 3332 3494 3387 hoc
3522 3328 3698 3391 noctis
3727 3326 4010 3408 tempore!

3244 3437 3481 3478 ιιιιιτεε.

2639 3519 2852 3575 Vacant
2879 3517 3117 3590 hymnis.
3516 3563 3524 3578 ,

3215 3621 3519 3664 υυιοιτιυε.

2644 3703 2982 3759 Accedamus
3009 3699 3253 3771 propius.

3242 3804 3477 3844 ιίιιιτεδ.

2640 3882 2886 3938 Tinnula
2912 3881 3150 3936 sonitum
3181 3881 3331 3934 vocis
3357 3895 3386 3932 ει
3419 3877 3574 3947 longe
3603 3875 3906 3931 audiemus.

3211 3983 3514 4023 DULCITIUS.

2638 4064 2937 4122 Observate
2976 4078 3072 4132 pro
3123 4061 3331 4116 foribus
3378 4075 3502 4114 cum
3533 4057 3803 4121 lucernis;
3841 4069 3942 4127 ego
3973 4063 4142 4108 autem

2571 4156 2786 4211 intrabo
2814 4163 2869 4209 et
2894 4153 2979 4209 vel
3007 4152 3207 4222 optatis
3236 4150 3572 4219 amplexibus
3612 4162 3700 4203 me
3729 4146 4010 4202 saturabo.

2641 4313 2644 4317 ,
3239 4257 3476 4298 κιιιτεε.

2640 4342 2785 4396 lnlra
2803 4381 2819 4408 ,
2854 4336 3304 4410 pmstolabimur.

3187 4446 3409 4502 SGENA
3446 4445 3536 4500 ΠΙ.

3266 4574 3453 4614 AGAPE.

2642 4684 2782 4760 Quid
2818 4681 3013 4751 strepit
3036 4694 3148 4751 prae
3175 4676 3417 4732 foribus?

3265 4781 3445 4821 [BI-ENA.

2639 4866 2830 4923 Infelix
2859 4862 3127 4918 Dulcitius
3156 4858 3472 4930 ingreditur.

3242 4964 3452 5010 CBIONIA
3463 4981 3478 5004 ο

2639 5054 2782 5111 Deus
2809 5067 2908 5108 nos
2937 5049 3183 5107 tueatur!

3267 5151 3453 5192 ΔΟΔΡΕ.

2639 5238 2834 5293 Amen.

3244 5334 3475 5376 CHIONIA.

2640 5421 2779 5489 Quid
2806 5419 2907 5475 sibi
2935 5415 3050 5471 vult
3073 5414 3280 5471 collisio
3305 5412 3552 5477 ollarum,
3587 5410 3914 5468 cacaborum
3945 5415 3998 5466 et
4022 5419 4130 5464 sar-
