4486 5544
787 1214 802 1258 ξ

871 413 979 470 990

869 619 1073 675 ratoris
1101 617 1442 674 Diocletiani.

1549 725 1785 766 CHIONIA.

944 802 1108 858 Decet
1152 811 1211 857 ut
1262 803 1312 858 in
1362 801 1532 858 nostri
1581 817 1769 858 necem
1817 801 2156 873 obtemperes
2191 801 2359 872 jussis
2389 801 2463 855 tui

870 893 1238 966 imperatoris,
1282 895 1438 965 cujus
1471 909 1571 950 nos
1600 897 1816 950 decreta
1865 903 2215 949 contemnere
2260 894 2460 949 noscis.

869 982 928 1039 Si
956 992 1136 1040 autem
1165 985 1443 1054 parcendo
1474 999 1687 1042 moram
1714 984 1929 1051 feceris,
1962 1000 2180 1058 mquum
2208 994 2292 1042 est
2321 993 2380 1040 ut
2405 993 2462 1041 tu

867 1077 1235 1136 interliciaris.

1526 1185 1799 1228 SISINNIUS.

937 1259 1053 1317 Non
1103 1263 1350 1327 tardetis,
1397 1263 1616 1328 milites,
1673 1279 1781 1320 non
1821 1262 2048 1321 tat-detis
2083 1279 2278 1335 capere
2317 1264 2463 1322 blas-

862 1355 1091 1424 phcmas
1116 1357 1239 1425 has,
1265 1357 1370 1428 21
1403 1365 1459 1413 et
1488 1357 1544 1414 in
1571 1358 1750 1429 ignem
1777 1357 2026 1430 projicite
2050 1358 2224 1415 vivas.

1547 1465 1786 1507 IILITES.

929 1536 1198 1593 Instemus
1224 1540 1606 1596 construendis
1629 1541 1774 1613 rogis
1795 1549 1850 1597 et
1877 1540 2158 1596 tradamus
2187 1541 2308 1597 illas
2325 1541 2458 1597 bae-

860 1628 1146 1687 chantibus
1173 1629 1428 1700 ﬂammis,
1459 1647 1568 1704 quo
1599 1632 1760 1688 finem
1789 1633 1981 1690 demus
2009 1632 2292 1689 conviciis.

1555 1740 1722 1783 AGAPE
1733 1766 1744 1779 .

928 1812 1044 1869 Non
1074 1815 1192 1881 tibi,
1225 1816 1474 1882 Domine,
1517 1833 1624 1872 non
1657 1818 1752 1873 tibi
1795 1818 1910 1873 haec
1938 1818 2180 1888 potentia
2212 1818 2456 1882 insolita,

1638 414 2106 470 llROTSUlTH/E
2147 415 2475 471 MONIALIS
2512 415 3221 474 GANDEBSHEIMENSIS

874 525 1068 581 faciam
1100 541 1194 582 vos
1225 525 1565 583 interfectum
1601 526 1687 592 iri,
1729 524 1884 594 juxta
1929 534 2257 596 prmccptum
2291 524 2462 594 impc-
2488 529 2542 586 Α

4024 429 4158 485 1000

3279 547 3458 587 ΙΒΕΝΔ.

2645 617 2904 690 Voluptas
2950 622 3092 690 parit
3137 638 3374 692 pmnam,
3429 627 3727 681 necessitas
3778 638 3958 684 autem
4006 646 4158 686 coro-

2568 727 2726 777 nam;
2759 727 2861 768 nec
2886 713 3086 769 dicitur
3111 724 3295 772 reatus
3318 718 3420 772 nisi
3449 719 3593 786 quod
3624 722 3896 776 consentit
3920 724 4153 779 animus.

3226 825 3499 867 SISINNIUS.

2637 899 2862 957 Frustra
2912 903 3224 974 parcebam,
3274 902 3477 961 frustra
3526 906 3827 964 miserebar
3871 909 4030 982 hujus
4078 911 4156 967 in-

2565 991 2770 1050 fantim.

3243 1105 3480 1146 IILITES.

2635 1183 3046 1250 Praescivimus;
3105 1183 3413 1242 nullatenus
3486 1187 3552 1242 ad
3608 1187 3835 1244 deorum
3890 1189 4158 1247 culturam

2566 1283 2747 1344 potest
2780 1275 2947 1343 fleeti,
2975 1291 3077 1332 nec
3116 1286 3328 1334 terrore
3356 1294 3593 1349 unquam
3639 1289 3818 1352 potest
3854 1282 4052 1354 frangi.

3223 1387 3503 1430 SISINNIUS.

2636 1461 2756 1518 Non
2786 1463 2926 1518 ultra
2957 1479 3198 1536 parcam.

3238 1575 3476 1616 IILI‘I‘ES.

2635 1647 2887 1704 Rectum.

3220 1755 3504 1798 SISINNIUS.

2633 1832 2822 1902 Capite
2882 1831 3028 1887 illam
3065 1833 3182 1887 sine
3229 1834 3599 1902 miseratione,
3638 1843 3692 1892 et
3723 1837 4002 1896 trahentes
4032 1854 4154 1898 cum

855 1915 917 1961 ut
942 1906 1080 1976 ignis
1106 1907 1215 1962 vim
1238 1907 1458 1964 virtutis
1485 1923 1597 1964 sua:
1629 1908 2006 1974 obliviscatur,
2041 1908 2137 1964 tibi
2166 1909 2451 1978 obtempe-
2483 1892 2532 1953 Β
2560 1892 2886 1982 ει-υάέιίιειιο
2910 1925 3090 1981 ducite
3116 1925 3182 1981 ad
3215 1925 3444 1997 lupanar
3469 1892 3840 1985 sinehonore.

855 1999 1046 2055 rando.
1080 1998 1188 2056 Sed
1217 2001 1379 2056 tardet
1407 2015 1509 2056 nos
1553 2016 1853 2056 morarum.
1881 2001 2007 2058 Ideo
2033 2017 2290 2074 rogamus
2317 2001 2452 2057 solvi

854 2090 1154 2148 retinacula
1186 2092 1513 2154 animarum.
1562 2107 1669 2162 quo
1699 2093 1986 2148 exstinctis
2017 2093 2338 2164 corporibus
2377 2101 2454 2148 te-

851 2198 974 2241 cum
1001 2183 1262 2255 plaudent
1291 2184 1345 2239 in
1376 2183 1578 2241 aethere
1603 2185 1774 2240 nostri
1805 2187 2054 2258 spiritus.

1533 2291 1768 2332 IliLlTES.

920 2368 965 2424 0
998 2383 1218 2434 novum,
1250 2384 1284 2425 υ
1310 2368 1636 2440 stupendum
1665 2368 2022 2424 miraculum!
2055 2369 2216 2434 Ecce,
2251 2369 2448 2425 animae

847 2474 1085 2532 egressae
1111 2470 1239 2517 sunt
1264 2475 1518 2532 corpore,
1549 2470 1604 2515 et
1631 2459 1776 2515 nulla
1824 2460 2060 2516 laesionis
2104 2461 2451 2531 reperiuntur

844 2552 1102 2622 vestigia;
1158 2551 1253 2607 sed
1301 2567 1404 2608 nec
1444 2552 1652 2623 capilli,
1702 2566 1803 2607 nec
1849 2551 2174 2608 vestimenta
2224 2553 2291 2609 ab
2324 2553 2448 2623 igne

843 2652 973 2701 sunt
998 2643 1276 2711 ambusta,
1305 2658 1415 2715 quo
1438 2644 1619 2700 minus
1642 2658 1894 2714 corpora.

1509 2751 1786 2793 SISINNIUS.

917 2826 1166 2885 Proferte
1193 2826 1430 2885 lrenam.

1527 2935 1766 2977 κιιιτεδ.

915 3011 1113 3070 Etiam.

1457 3132 1681 3191 SCENA
1720 3132 1831 3188 XII.

1494 3251 1781 3319 {srsnvstus

916 3364 1269 3430 Pcrtimescc,
1289 3365 1466 3430 lrena,
1491 3379 1679 3419 necem
1708 3377 1981 3430 sororum,
2012 3370 2067 3419 ct
2095 3376 2231 3418 cave
2261 3362 2444 3433 perire

839 3457 1092 3529 exemplo
1118 3457 1352 3514 illarum.

1547 3567 1727 3607 IRENA.

908 3640 1048 3712 Opto
1071 3642 1382 3713 exemplum
1426 3655 1615 3697 earum
1663 3642 1946 3700 moriendo
1975 3641 2152 3714 sequi,
2185 3656 2295 3713 quo
2323 3655 2442 3698 me-

836 3754 961 3799 rear
981 3755 1104 3795 cum
1136 3738 1222 3795 his
1246 3737 1579 3794 :eternaliter
1606 3737 1798 3792 laetari.

1495 3846 1775 3887 SISINNIUS.

912 3926 1071 3994 Cede,
1100 3928 1232 3984 cede
1260 3941 1395 3983 meae
1426 3927 1688 3983 suasioni.

1545 4034 1728 4073 IRENA.

905 4113 1059 4169 llaud
1086 4111 1276 4168 cedam
1308 4110 1522 4166 facinus
1549 4112 1823 4167 suadenti.

1494 4220 1772 4261 SISINNIUS.

907 4299 966 4355 Si
999 4313 1103 4352 non
1137 4295 1390 4361 cesseris,
1418 4310 1525 4351 non
1565 4297 1735 4351 eitum
1783 4295 1880 4350 tibi
1913 4295 2184 4366 praestabo
2208 4296 2435 4360 exitum,

833 4391 928 4448 sed
960 4387 1208 4446 differam
1232 4395 1289 4443 et
1311 4401 1451 4442 nova
1499 4386 1552 4441 in
1600 4387 1717 4441 dies
1752 4386 2016 4459 supplicia
2047 4385 2437 4457 multiplicabo.

1545 4495 1726 4535 IRENA.

904 4579 1123 4648 Quanto
1143 4577 1326 4634 acrius
1350 4585 1632 4647 torqueor,
1649 4585 1799 4631 tanto
1821 4574 2108 4646 gloriosius
2131 4573 2436 4631 exaltabor.

1496 4693 1774 4733 SlSINNIUS.

905 4779 1183 4853 Supplicia
1212 4795 1319 4835 non
1354 4776 1582 4842 metuis;
1619 4775 1920 4831 admovebo
1952 4776 2099 4844 quod
2127 4775 2435 4831 horresces.

1542 4884 1722 4923 IRENA.

907 4962 1181 5034 Quidquid
1236 4960 1505 5031 irrogabis
1577 4959 1829 5026 adversi,
1883 4959 2109 5014 evadant
2160 4957 2438 5026 juvamine

832 5055 1058 5113 Christi.

1495 5159 1771 5199 SISINNIL'S.

902 5240 1121 5298 Faciam
1157 5249 1208 5295 te
1239 5238 1306 5294 ad
1335 5239 1562 5309 lupanar
1603 5237 1750 5305 duci,
1781 5250 2088 5308 corpusque
2132 5243 2286 5291 tuum
2315 5243 2432 5290 tur-

829 5334 975 5410 piter
1003 5332 1369 5403 coinquinari.

1535 5438 1715 5479 IRENA.

3267 2034 3445 2074 ΙΒΕΝΑ.

2631 2116 2748 2174 Non
2780 2116 3102 2189 perducent.

3217 2225 3496 2266 SISINNIUS.

2628 2301 2761 2369 Quis
2788 2303 3080 2373 prohibere
3101 2305 3312 2374 potest?

3266 2408 3446 2448 IRENA.

2626 2488 2728 2556 Qui
2764 2489 3026 2546 mundum
3054 2490 3138 2546 sui
3167 2489 3511 2562 providentia
3544 2487 3704 2560 regit.

3209 2595 3493 2636 SISINNIUS.

2622 2674 2892 2732 Probabo.

3265 2782 3445 2823 IRENA.

2623 2857 2704 2916 Ac
2725 2857 2892 2915 citius
2922 2857 3096 2915 libito.

3214 2967 3490 3008 SISINNIUS.

2624 3019 2702 3097 Ne
2728 3040 3066 3109 ten-eamini,
3093 3041 3316 3109 milites,
3335 3040 3618 3098 fallacibus
3636 3039 3797 3112 hujus
3817 3040 4145 3114 blasphemO

2547 3130 2849 3202 praesagiis.

3228 3240 3467 3280 IllLl'l'ESo

2623 3313 2740 3372 Non
2775 3324 3068 3383 terremur,
3099 3317 3192 3374 sed
3225 3318 3332 3372 tuis
3362 3317 3649 3389 praeceptis
3677 3333 3872 3390 parere
3899 3318 4144 3376 nitimur.

3147 3407 3370 3464 SCENA
3414 3408 3547 3464 Xlll.

3210 3516 3486 3558 SISINNIUS.

2619 3594 2724 3664 Qui
2752 3603 2879 3650 sunt
2910 3595 2968 3651 hi
2995 3596 3104 3666 22
3134 3595 3227 3666 qui
3261 3611 3360 3651 nos
3391 3595 3685 3653 invadunt?
3729 3596 3900 3665 Quam
3945 3596 4148 3652 similes

2480 3725 2482 3727 ›
2544 3695 2675 3745 sunt
2702 3688 2966 3743 militibus
3006 3688 3203 3759 quibus
3249 3688 3460 3743 lrenam
3491 3689 3833 3746 tradidimus.
3860 3689 3966 3761 Ipsi
3996 3697 4142 3744 sunt.

2546 3780 2658 3838 Cur
2704 3789 2816 3836 tam
2860 3780 2971 3836 cito
3003 3780 3378 3836 revertimini?
3401 3780 3518 3848 Quo
3548 3782 3768 3838 tenditis
3795 3789 3905 3838 tam
3935 3781 4151 3838 anheli?

3227 3887 3464 3928 κιιιτεε.

2616 3963 2693 4021 Te
2721 3963 2899 4037 ipsum
2925 3964 3241 4035 quaerimus.

3210 4071 3489 4114 SISINNIUS.

2618 4146 2721 4204 Ubi
2745 4155 2830 4202 est
2857 4162 3021 4216 quam
3055 4149 3337 4204 traxistis?

3229 4255 3466 4297 ηιιιτεε.

2614 4331 2673 4387 ln
2699 4331 2991 4404 supercilio
3020 4332 3242 4389 montis.

3204 4441 3483 4484 SISINNIUS.

2615 4515 2819 4587 Cujus?

3221 4627 3459 4670 ιίιιιτεε.

2614 4701 2877 4760 Proximi.

3196 4811 3475 4856 SISINNIUS.

2615 4889 2660 4945 0
2692 4887 2957 4946 insensati
3005 4897 3060 4945 et
3111 4889 3354 4960 hebetes,
3405 4892 3678 4966 totiusque
3719 4895 3951 4952 rationis
3994 4899 4141 4954 inca-

2541 4995 2704 5053 paces
2732 4983 2745 5037 ι

3228 5093 3461 5135 κιιιτεε.

2616 5165 3037 5222 Ευτόευεθιδίδῖ
3065 5165 3177 5224 Cur
3203 5184 3338 5224 voce
3366 5178 3419 5225 et
3441 5169 3592 5225 vultu
3620 5170 3778 5228 nobis
3799 5171 4070 5230 minaris?

3194 5280 3470 5322 SISINNIUS.

2613 5353 2697 5411 Dii
2724 5370 2819 5413 vos
2846 5356 3105 5429 perdant!

3223 5468 3457 5509 HILITES.
