4486 5544
310 1039 320 1080 t

342 419 364 470 I
376 417 441 466 Oi‘l
453 418 468 467 I

1013 537 1224 577 IlLlTES

415 637 739 706 Prmcepisti,
792 650 996 705 nosque
1039 635 1142 688 tuis
1185 637 1463 704 praeceptis
1493 650 1711 702 operam
1761 634 1910 688 dedi-

343 746 462 784 mus
493 729 790 797 implendis,
821 728 912 782 sed
947 741 1305 796 supervenere
1333 727 1438 778 duo
1483 727 1644 795 ignoti
1665 727 1909 794 juvenes,

345 829 646 874 asserentes
671 834 729 872 se
750 819 816 871 ad
839 809 938 872 hoc
964 832 1030 870 ex
1065 826 1115 870 te
1147 818 1357 881 missos,
1409 827 1467 872 ut
1501 815 1702 870 Irenam
1734 817 1798 869 ad
1823 830 1912 869 ca-

344 926 535 965 cumen
560 910 757 964 montis
787 909 1162 979 perducerent.

983 1039 1255 1078 SISINNIUSa

415 1119 744 1188 lgnorabam.

1013 1221 1244 1261 IILITES.

414 1301 785 1371 Agnoscimus.

995 1418 1266 1470 SISINNIUS.

419 1505 612 1573 Quales
636 1504 892 1559 fuerunt?

1005 1607 1237 1647 IILITES.

416 1686 627 1740 Amictu
657 1683 939 1754 splendidi,
970 1684 1118 1738 vultu
1147 1682 1434 1737 admodum
1475 1681 1773 1736 reverendi.

999 1790 1278 1830 SISINNIUS.

420 1869 554 1924 Num
576 1867 949 1939 sequebamini
984 1867 1143 1922 illos?

1012 1972 1250 2012 IILITES.

417 2051 806 2120 Sequebamur.

997 2147 1270 2193 SISINNIUS.

416 2229 552 2295 Quid
581 2228 863 2284 fecerunt?

1014 2331 1250 2372 IILITES.

417 2429 458 2479 A
485 2427 675 2482 dextra
700 2427 939 2496 laevaque
966 2428 1135 2483 lrenm
1163 2445 1221 2483 se
1256 2426 1588 2491 locaverunt,
1618 2435 1671 2481 et
1699 2437 1795 2480 nos
1825 2425 1930 2479 huc

346 2506 682 2582 direxerunt,
707 2532 814 2587 quo
842 2527 890 2571 te
918 2518 1098 2573 exitus
1138 2519 1213 2572 rei
1238 2533 1342 2572 non
1372 2517 1585 2572 lateret.

1007 2644 1283 2684 SISINNIUS.

419 2741 607 2796 Restat
635 2751 694 2796 ut
733 2757 958 2798 ascenso
996 2760 1135 2814 equo
1174 2761 1413 2816 pergam,
1463 2757 1517 2800 et
1565 2761 1654 2816 qui
1703 2744 1920 2809 fuerint,

346 2833 437 2899 qui
470 2848 568 2887 nos
595 2842 703 2888 tam
734 2834 901 2889 libere
928 2835 1227 2901 illuserunt,
1259 2837 1586 2906 perquiram.

1033 2963 1267 3004 ιιιιιτεε.

419 3053 775 3125 Properemus
800 3060 1028 3128 pariter.

1292 405 1650 467 CONICEDI£
1693 408 1844 465 SEX.
1889 440 1952 447 —-
1993 409 2074 462 ΙΙΙ.
2117 401 2615 464 CALLIMACHUS.

1950 1866 1998 1931 Β

3450 401 3587 463 luo:

2603 521 2818 576 SCENA
2863 521 2995 575 XIV.

2674 627 2946 666 SISINNICS.

2094 703 2262 760 llem!
2319 707 2500 776 ignoro
2524 706 2648 774 quid
2687 722 2858 778 agam.
2889 705 3271 760 Pessumdatus
3309 721 3426 760 sum
3473 721 3587 760 ma-

2024 795 2210 850 Ieﬁciis
2237 797 2691 851 chrislicolarum.
2739 798 2815 851 En
2848 805 3084 852 montem
3105 797 3397 862 circumeo,
3426 807 3479 852 et
3501 813 3588 852 se-

2023 885 2208 938 mitam
2251 886 2536 956 aliquoties
2576 889 2871 956 reperiens,
2910 903 3007 943 nec
3037 903 3317 944 ascensum
3345 903 3593 959 compre-

2025 976 2282 1043 hendere,
2313 992 2411 1032 nec
2444 979 2673 1033 reditum
2704 994 2844 1050 queo
2875 989 3135 1049 repetere.

2688 1088 2917 1126 MILITES.

2097 1160 2244 1216 Miris
2283 1163 2454 1217 modis
2498 1179 2684 1220 omnes
2725 1165 3016 1226 illudimur,
3064 1164 3336 1233 nimiaque
3384 1163 3595 1218 lassitu-

2025 1253 2148 1308 dine
2170 1254 2473 1325 fatigamur,
2507 1267 2562 1310 et
2604 1256 2649 1311 si
2697 1257 2946 1311 insanum
2992 1265 3154 1327 caput
3184 1256 3384 1310 diutius
3413 1256 3596 1311 vivere

2026 1343 2282 1409 sustines,
2318 1353 2370 1400 te
2399 1347 2572 1414 ipsum
2605 1357 2659 1402 et
2686 1363 2784 1402 nos
2806 1348 3019 1417 perdes.

2675 1454 2951 1493 SISINNIUS.

2097 1526 2352 1596 Quisquis
2396 1540 2454 1580 es
2505 1543 2744 1581 meorum
2776 1568 2790 1591 ,
2853 1538 3070 1583 strenue
3119 1528 3348 1583 extende
3390 1541 3599 1590 arcum,

2025 1617 2141 1686 jace
2161 1619 2434 1687 sagittam,
2459 1617 2677 1686 perfode
2705 1618 2841 1671 hanc
2863 1617 3182 1673 maleﬁcam.

2698 1719 2932 1763 IILITES.

2099 1788 2282 1854 Decet.

2727 1908 2902 1946 IBE‘NA.‘

2100 1979 2308 2042 Infelix,
2331 1979 2605 2042 erubesce,
2639 1989 2797 2049 teque
2820 1978 3053 2050 turpiter
3071 1983 3270 2037 victum
3293 1982 3604 2053 iugemlscc,

2028 2071 2155 2139 quia
2186 2072 2390 2125 tenellae
2416 2072 2698 2126 infantiam
2724 2072 3051 2143 virguncula:
3085 2072 3287 2141 absque
3330 2087 3606 2129 armorum

2030 2169 2288 2228 apparatu
2323 2161 2558 2228 nequisti
2586 2175 2860 2232 superare.

2689 2270 2962 2310 SISINNIUS.

2096 2341 2331 2410 Quiquid
2352 2343 2631 2397 dedecoris
2679 2345 2879 2399 accidit
2927 2347 3098 2402 levius
3148 2348 3340 2412 tolero,
3390 2349 3514 2418 quia
3555 2359 3607 2402 te

2027 2433 2344 2484 morituram
2368 2432 2512 2488 haud
2540 2435 2746 2488 dubito.

2718 2535 2896 2578 lRENA.

2099 2612 2236 2666 Hinc
2283 2614 2414 2668 mihi
2462 2629 2622 2682 quam
2675 2616 2910 2670 maxime
2957 2617 3316 2684 gaudendum,
3355 2619 3450 2674 tibi
3479 2637 3608 2674 vero

2026 2703 2333 2766 dolendum,
2394 2704 2517 2771 quia
2573 2718 2670 2772 pro
2717 2704 2790 2756 tui
2852 2705 3138 2760 severitate
3186 2707 3533 2778 malignitatis
3556 2710 3609 2762 in

2031 2791 2257 2846 Tartara
2290 2793 2675 2857 damnaberis;
2714 2810 2812 2864 ego
2861 2805 3038 2849 autem
3081 2799 3326 2867 martyrii
3377 2800 3610 2868 palmam

2029 2885 2458 2954 virginitatisque
2482 2896 2762 2954 receptura
2785 2901 3060 2952 coronam,
3085 2887 3189 2957 23
3214 2889 3425 2942 intrabo
3446 2891 3616 2943 cethe-

2031 2992 2179 3030 reum
2207 2976 2394 3030 aeterni
2422 2977 2564 3047 regis
2587 2977 2902 3042 thalamum,
2942 2978 3028 3032 cui
3059 2989 3141 3034 est
3167 2981 3338 3034 honor
3367 2989 3420 3033 et
3444 2980 3611 3050 gloria

2033 3068 2086 3120 iu
2112 3065 2326 3122 seecula.

367 3229 3606 3279 _‘——-——'——-———-———-————————————-—___—‘

1899 3412 2101 3525 III.

1403 3650 2572 3789 CALLIMACHUS.

816 4057 1786 4177 XRGUMENTUM
1876 4064 2020 4179 IN
2110 4064 3180 4189 CALLIMACHUM.

427 4296 785 4384 desulscit‘atio
816 4285 1177 4384 Brusianaahet
1213 4301 1549 4382 Qallimachi,
1584 4305 1685 4384 qui
1719 4319 1838 4384 eam
1869 4321 1974 4359 non
2008 4306 2179 4384 solum
2208 4310 2409 4384 vivam,
2460 4312 2555 4364 sed
2600 4312 2761 4366 etiam
2801 4328 2912 4382 prae
2933 4313 3154 4384 tristitia
3191 4322 3352 4384 atque
3371 4329 3614 4374 excecao

351 4373 526 4458 tione
546 4369 717 4458 il'liciti
743 4372 970 4458 .amoris‘,
1091 4369 1317 4426 Domino
1342 4369 1614 4458 mortuam
1638 4375 1756 4443 plus
1774 4376 2339 4458 jus-togamaovittuntle
2362 4369 2542 4458 morsu
2569 4369 2834 4451 serpenti's
2866 4383 3005 4438 male
3027 4385 3220 4452 periit;
3250 4369 3344 4441 sled

350 4440 526 4494 sancti
565 4437 787 4496 Joannis
811 4441 1035 4509 apostoli
1072 4455 1176 4494 una
1204 4457 1324 4496 cum
1355 4437 2027 4510 Drusiana'resu'scitatus,
2059 4448 2110 4501 in
2136 4437 2356 4504 Christo
2389 4457 2474 4504 est
2512 4437 2752 4506 renat'us.

1513 4739 2434 4822 INTERLOCUTORES
2471 4750 2488 4820 ζ

565 4925 1070 5000 CALLIMACHUS,
1097 4950 1269 5002 AMlCl,
1309 4926 1678 5005 DRUSIANA,
1707 4939 2171 5007 ANDRONICUS,
2205 4935 2521 4997 SANCTUS
2555 4935 2880 5008 JOANNES,
2915 4942 3410 5004 FORTUNATUS.

996 5111 1214 5168 SCENA
1252 5112 1290 5166 l.

948 5216 1309 5260 CALLIIACHUI

419 5294 624 5352 Paucis
648 5279 769 5359 ves,
795 5306 977 5363 am.ci,
1005 5310 1146 5351 νοιο.

1066 5402 1231 5442 ΔΙΙΕΙ.

1964 5130 2011 5192 C

2741 5141 2911 5181 Διιιει.

2115 5212 2267 5282 Quod
2291 5214 2387 5271 tibi
2425 5212 2637 5270 videtur
2677 5217 3028 5273 commodum
3099 5221 3254 5283 nobis
3302 5228 3381 5274 est
3421 5235 3645 5293 sequen-

2049 5319 2192 5367 αὕτη.

2634 5417 2718 5443 PII
2737 5420 2752 5443 l
2771 5417 3014 5443 ιυλριιιτε
