4486 5544
875 417 896 469 1
908 415 1010 469 007

1484 545 1831 586 ANDRONICUS.

940 621 1054 678 Hoc
1083 621 1238 677 decet
1282 620 1355 674 tui
1391 621 1754 688 sanctitatem,
1795 630 1853 675 ut
1881 635 1986 675 non
2031 618 2367 675 obliviscaris
2393 618 2445 673 in

869 727 923 773 te
948 715 1331 773 confidentem.

1540 818 1779 857 IOANNES.

936 897 1095 961 Ecce,
1132 893 1419 951 invisibilis
1469 892 1610 947 Deus
1654 891 1808 946 nobis
1857 898 2081 962 apparet
2124 888 2347 945 visibilis
2390 889 2445 943 in

860 986 1218 1059 pulcherrimi
1250 982 1602 1041 similitudine
1633 981 1868 1052 juvenis.

1477 1088 1827 1129 ANDBONICUS.

922 1170 1205 1241 ’Expaveo.

1528 1250 1774 1293 JOANNES.

932 1333 1158 1388 Domine
1192 1330 1342 1395 Jesu,
1374 1347 1473 1387 cur
1495 1331 1651 1400 juxta
1683 1329 1735 1384 id
1766 1326 1869 1383 loci
1906 1334 2155 1396 dignatus
2184 1338 2242 1379 es
2276 1322 2446 1379 servis

860 1426 968 1483 tuis
1008 1423 1381 1481 manifestari?

1576 1525 1727 1565 DEUS.

930 1601 1160 1670 Propter
1199 1600 1479 1655 Drusianae
1525 1596 1750 1667 ejusque
1807 1596 1898 1665 qui
1945 1593 2100 1662 juxta
2139 1592 2443 1662 sepulcrum

842 1690 1002 1745 illius
1045 1688 1190 1758 jacet
1252 1688 1720 1743 resuscitationem
1775 1684 2028 1756 apparui,
2074 1684 2200 1753 quia
2248 1698 2443 1737 nomen

855 1796 1036 1837 meum
1067 1780 1120 1835 in
1150 1780 1235 1835 his
1262 1780 1420 1835 debet
1447 1777 1688 1848 gloriari.

1476 1883 1826 1924 ANDRONICUS.

927 1962 1100 2028 Quam
1131 1961 1311 2016 subito
1339 1967 1592 2028 receptus
1615 1966 1700 2011 est
1736 1955 1905 2010 caelo.

1523 2062 1769 2103 JOANNES.

925 2142 1047 2198 ldeo
1073 2154 1294 2194 causam
1329 2138 1546 2208 penitus
1577 2153 1682 2192 non
1717 2135 1977 2206 intelligo.

1469 2242 1816 2283 ANDRONICUS.

912 2320 1258 2376 Maturemus
1288 2332 1560 2387 gressum;
1612 2317 1753 2370 forte
1784 2312 2084 2384 experieris
2116 2312 2166 2366 in
2215 2324 2441 2380 perven-

857 2414 1000 2469 ione
1026 2414 1169 2483 quod
1200 2411 1402 2467 asseris
1428 2420 1480 2465 te
1508 2410 1687 2463 minus
1718 2408 2036 2475 intelligere.

1469 2496 1690 2554 SCENA
1730 2495 1818 2549 IX.

1520 2604 1765 2645 JOANNES.

920 2688 977 2742 In
1007 2687 1221 2741 nomine
1246 2682 1469 2747 Christi,
1517 2681 1645 2751 quid
1677 2687 1759 2733 est
1796 2678 1899 2733 hoc
1924 2678 2066 2747 quod
2092 2675 2245 2733 videt.
2276 2675 2439 2729 mira-

845 2778 1001 2835 culi?
1030 2778 1188 2842 Ecce,
1231 2783 1419 2844 aperto
1465 2771 1717 2840 sepulcro
1748 2784 1943 2838 corpus
1976 2767 2253 2822 Drusianae
2296 2766 2442 2821 foras

842 2878 933 2924 cst
970 2866 1219 2935 ejectum,
1266 2864 1421 2934 juxta
1471 2862 1613 2929 quod
1653 2858 1840 2927 jacent
1883 2856 1988 2910 duo
2028 2855 2290 2909 cadavera
2327 2868 2441 2907 am-

844 2958 1004 3027 plexu
1038 2954 1308 3024 serpentis
1337 2949 1709 3006 circumflexa.

1466 3054 1818 3095 ANDRONICUS.

916 3134 1174 3205 Conjecto
1202 3133 1330 3203 quid
1362 3130 1648 3202 significet.
1680 3129 1729 3182 ls
1755 3129 1870 3198 ipse
1911 3125 2273 3181 Callimachus
2301 3122 2437 3176 Dru-

1727 415 2192 472 BROTSUITHE
2232 415 2550 471 MONlALlS
2588 416 3277 474 GANDERSIIENENSIS

3985 423 4007 475 ί
4017 422 4122 475 008

2480 541 2527 600 Α
2558 530 2694 585 facta
2740 533 3035 596 examinat,
3085 545 3353 601 quamque
3399 544 3551 600 aequa
3604 529 3754 585 lance
3791 532 4124 602 singulorum

2552 625 2742 678 merita
2772 634 2983 692 pensat,
3015 625 3063 678 id
3098 640 3203 679 non
3232 625 3448 678 obvium
3477 637 3575 678 nec
3606 623 3854 694 cuiquam
3881 626 4124 695 explica-

2549 712 2657 766 bile
2690 712 2803 767 for'e
2844 722 3041 782 potest,
3072 714 3197 783 quia
3243 713 3407 767 divini
3441 712 3708 768 subtilitas
3745 712 3932 783 judicii
3962 716 4122 786 longe

2549 802 2786 869 praeterit
2814 802 3032 855 humani
3064 802 3411 872 sagacitatem
3443 802 3661 873 ingenii.

3155 910 3501 950 ANDRONICUS.

2618 985 2741 1040 Ideo
2787 984 3103 1039 admirando
3150 985 3467 1049 defecimus,
3512 985 3636 1055 quia
3668 999 3847 1039 rerum
3885 999 4000 1053 qua:
4034 999 4122 1055 ge-

2549 1088 2739 1132 runtur
2766 1092 2956 1133 causas
2976 1078 3130 1133 docte
3155 1078 3519 1132 internoscere
3547 1076 3847 1147 nequimus.

3199 1181 3444 1221 JOANNES.

2617 1254 2853 1311 Eventus
2880 1268 3001 1326 posr
3044 1256 3187 1311 facta
3232 1258 3387 1312 docet
3425 1271 3667 1328 persaepe
3712 1272 3888 1313 rerum
3932 1256 4127 1313 discria

2546 1362 2693 1401 mina

3163 1454 3509 1494 ANDBONICUS.

2618 1530 2813 1583 Verum
2841 1542 2937 1599 age
2961 1527 3094 1597 jam,
3142 1527 3300 1582 beate
3330 1528 3584 1593 Joannes,
3616 1527 3755 1597 quod
3782 1536 4002 1583 acturus
4036 1542 4118 1583 es.

2546 1620 2654 1674 Fac
2696 1629 2754 1674 ut
2786 1620 3137 1674 resuscitelur
3175 1620 3553 1679 Callimachus,
3601 1634 3707 1689 quo
3752 1618 3990 1673 solvatur
4016 1619 4121 1674 hu-

2540 1710 2779 1780 jusmodi
2807 1709 3173 1779 ambiguitatis
3202 1710 3389 1764 nodus.

3213 1812 3460 1855 JOANNES.

2472 1887 2521 1945 Β
2619 1892 2763 1945 Reor
2795 1891 2945 1960 prius
2978 1891 3225 1944 invocato
3254 1890 3453 1945 Christi
3493 1891 3713 1946 nomine
3743 1904 3970 1960 anguem
4002 1905 4127 1960 pro-

2549 1985 2895 2047 turbandum,
2941 1990 3062 2053 post
3092 1996 3219 2036 vero
3250 1981 3638 2036 Callimachum
3672 1980 4120 2035 resuscitandum.

3164 2086 3512 2125 ANDRONICUS.

2617 2165 2782 2220 Recte
2811 2162 2968 2229 reris,
2999 2177 3067 2218 ne
3096 2161 3234 2217 ultra
3268 2161 3492 2216 laedatur
3517 2176 3699 2216 morsu
3729 2160 4020 2231 serpentis.

3208 2266 3453 2305 JOANNES.

2616 2343 2840 2399 Discede
2890 2343 2959 2399 ab
3000 2344 3124 2410 hoc,
3172 2341 3406 2397 crudelis
3448 2341 3639 2405 bestia,
3672 2341 3797 2411 quia
3830 2340 4128 2396 serviturus

2544 2444 2628 2490 est
2656 2435 2892 2490 Christo.

3157 2541 3503 2583 ANDROMCUS.

2613 2619 2761 2673 Licet
2807 2618 3116 2673 irrationale
3164 2619 3233 2672 sit
3278 2616 3498 2683 animal,
3547 2616 3689 2671 haud
3736 2615 3900 2671 surda
3945 2623 4125 2671 tamen

2541 2724 2672 2764 aure
2696 2709 2837 2779 quod
2859 2707 3071 2776 jussiin
3100 2708 3394 2763 obaudivit.

3201 2813 3451 2852 JO.\NNES.

2616 2890 2730 2945 Non
2759 2905 2880 2944 mea
2917 2890 3008 2945 sed
3037 2890 3237 2945 Christi
3267 2891 3465 2944 virtute
3492 2888 3691 2959 paruit.

3164 2994 3509 3034 ANDRONICUS.

2610 3069 2732 3124 ideo
2763 3067 2922 3122 citius
2945 3068 3087 3121 dicto
3115 3068 3350 3121 evanuit.

3208 3171 3455 3212 JOANNES.

843 3226 1217 3317 ﬂamma“?
1257 3229 1465 3276 “mret
1497 3220 1681 3317 "mimi
1710 3226 1967 3317 .anfavffi
1991 3214 2133 3317 quin
2166 3213 2253 3317 me
2294 3227 2435 3317 κενέ
2461 3220 2510 3285 c
2612 3250 2751 3305 Deus
2780 3249 3277 3317 incircumscriptus
3301 3256 3354 3302 et
3385 3245 3966 3315 incomprehensibilis,
3992 3246 4119 3299 sim-

842 3316 1024 3372 ferens
1065 3315 1117 3368 in
1152 3314 1357 3368 febrem
1386 3326 1496 3380 prae
1539 3309 1759 3364 tristitia
1789 3306 1997 3370 incidit,
2030 3312 2085 3360 et
2119 3313 2346 3357 mortem
2377 3310 2437 3355 ut

840 3412 1119 3468 adveniret
1146 3408 1408 3461 invitavit.

1513 3509 1758 3549 JOANNES.

913 3596 1027 3651 Hoc
1054 3608 1207 3648 amor
1235 3588 1505 3645 castitatis
1532 3585 1729 3656 coegit.

1463 3688 1796 3733 ANDBONICUS

913 3779 1040 3834 Post
1073 3778 1228 3845 cujus
1254 3788 1507 3829 occasum
1535 3771 1619 3824 hic
1644 3783 1831 3823 amens
1857 3762 2084 3819 infelicis
2117 3760 2430 3828 languorem

838 3871 1043 3927 amoris
1072 3878 1127 3923 et
1172 3868 1350 3937 negati
1387 3865 1601 3919 taedium
1632 3861 2044 3930 eonglomerans
2076 3854 2317 3916 sceleris,
2354 3861 2431 3905 Ia-

837 3960 1092 4015 bescebat
1116 3956 1317 4019 animo,
1346 3968 1517 4022 eoque
1542 3951 1714 4021 magis
1750 3948 2019 4002 desiderio
2048 3944 2327 3999 aestuabat.

1509 4056 1753 4095 JO.\N.\'F.S.

910 4138 1244 4194 Miserabilel

1395 4204 1501 4274 27
1541 4216 1887 4257 suouomcus.

907 4300 1025 4355 Non
1070 4297 1283 4366 ambigo
1328 4294 1458 4366 quin
1493 4293 1636 4347 hunc
1686 4290 1987 4361 improbum
2037 4302 2251 4342 servum
2296 4301 2429 4340 mer-

835 4391 970 4448 cede
1001 4388 1347 4448 conduceret,
1381 4399 1489 4454 quo
1520 4383 1593 4437 illi
1626 4381 1871 4451 patrandi
1918 4378 2259 4433 occasionem
2293 4374 2423 4429 faci-

825 4481 985 4536 noris
1006 4478 1290 4548 praeberet.

1504 4558 1746 4599 JOANNES.

904 4638 951 4695 Ο
982 4638 1129 4693 nefas
1158 4633 1605 4705 inconiparabile!

1455 4739 1807 4781 ANDBONICUS.

906 4823 1029 4878 Ideo
1070 4822 1249 4884 ambo,
1290 4828 1347 4873 ut
1396 4817 1571 4880 video,
1611 4823 1784 4870 morte
1830 4821 1956 4868 sunt
2001 4808 2323 4878 consumpti,
2357 4824 2424 4862 ne

833 4911 1082 4969 effectum
1114 4908 1557 4964 administrarent
1585 4903 1798 4959 sceleri.

1496 5011 1583 5052 1οΑ
1593 5009 1742 5050 NNES.

902 5095 1010 5152 Nec
1044 5093 1269 5164 injuria.-

1451 5170 1798 5214 ANDROMCUS.

900 5262 956 5319 ln
990 5264 1092 5316 hoc
1124 5267 1299 5312 tamen
1349 5255 1475 5309 illud
1502 5262 1587 5308 est
1624 5250 1704 5305 vel
1738 5247 1975 5302 maxime
2017 5244 2413 5303 admit-annum,

1818 5337 2156 5370 nan-Ian:lﬂl:l\
2247 5335 2415 5370 monia

1439 5364 1539 5370 -.-μ
1596 5344 1762 5370 -.ΑΜ-ἕο

2535 3343 2656 3410 plex
2689 3352 2743 3395 et
2780 3339 3195 3403 inaestimabilis,
3241 3339 3331 3407 qui
3382 3338 3526 3392 solus
3551 3353 3610 3392 es
3643 3338 3694 3391 id
3734 3337 3873 3406 quod
3925 3353 4005 3401 es,
4030 3338 4119 3406 qui

2536 3434 2745 3487 diversa
2779 3433 2884 3485 duo
2914 3431 3127 3485 socians
3170 3445 3237 3483 cx
3277 3430 3377 3483 hoc
3409 3441 3463 3483 et
3493 3430 3596 3483 hoc
3637 3429 3910 3483 hominem
3943 3428 4119 3498 ﬁngis,

2535 3522 2833 3592 eademque
2863 3521 3164 3575 dlSSOClallS
3192 3536 3357 3574 unum
3390 3520 3532 3589 quod
3561 3519 3844 3574 constabat
3872 3518 4117 3581 resolvis,

2526 3611 2658 3679 jube
2702 3623 2759 3666 ut
2791 3611 3011 3666 reducto
3041 3612 3209 3665 halitu
3243 3610 3620 3679 disjunctaque
3658 3608 3977 3678 compagine
4005 3624 4116 3661 rur-

2534 3716 2627 3754 sus
2680 3700 3035 3762 colliminata,
3088 3698 3449 3753 Callimachus
3505 3707 3750 3765 resurgat
3799 3696 4007 3764 plenus,
4063 3704 4121 3748 ut

2534 3791 2654 3853 fuit,
2689 3790 2872 3853 homo,
2899 3804 3006 3857 quo
3053 3788 3121 3842 ab
3163 3788 3414 3843 omnibus
3444 3787 3822 3857 magnificeris,
3856 3786 3946 3855 qui
3978 3786 4118 3839 solus

2535 3883 2773 3939 iriranda
2806 3883 3065 3953 operaris.

3166 3988 3512 4029 ANDRONICUS.

2601 4069 2793 4123 Amen.
2819 4067 2982 4129 Ecce,
3009 4064 3199 4118 vitales
3229 4079 3390 4117 auras
3419 4062 3615 4131 carpit,
3642 4060 3733 4115 sed
3761 4076 3871 4130 pra:
3902 4068 4116 4129 stupore

2535 4161 2707 4214 adhuc
2737 4158 2989 4229 quiescit.

3204 4260 3453 4301 JOANNES.

2602 4336 2953 4399 Callimacho,
2981 4348 3139 4402 surge
3171 4333 3225 4387 in
3253 4334 3455 4389 Christi
3494 4333 3732 4397 nomine,
3762 4341 3816 4387 et
3847 4340 4115 4400 utcunque

2532 4442 2591 4482 se
2623 4442 2710 4480 res
2757 4426 2957 4480 habeat
3006 4422 3305 4487 confitere;
3349 4423 3699 4492 quantilisbet
3742 4422 4008 4477 obnoxius
4045 4422 4115 4473 sis

2531 4517 2678 4571 vitiis
2705 4514 2968 4585 proferas,
3001 4528 3067 4566 ne
3104 4528 3203 4566 nos
3235 4511 3285 4565 in
3322 4512 3531 4565 modico
3559 4511 3668 4581 28
3695 4509 3861 4564 lateat
3894 4509 4107 4563 veritas.

3138 4620 3520 4659 CALIJMACHUS.

2603 4702 2811 4772 Negare
2868 4713 3113 4768 nequeo,
3163 4698 3291 4766 quin
3352 4696 3597 4767 patrandi
3646 4710 3808 4751 causa
3865 4691 4112 4749 facinoris

2532 4791 2877 4854 accesserim,
2917 4789 3041 4858 quia
3091 4787 3288 4842 infelici
3322 4786 3578 4856 languore
3625 4785 3986 4848 tabescebam,
4017 4795 4111 4837 nec

2530 4884 2699 4939 illiciti
2731 4891 2919 4938 aestum
2950 4882 3151 4935 amoris
3180 4894 3525 4949 compescere
3550 4893 3790 4948 poreram

3202 4984 3449 5023 JOANNES.

2598 5064 2727 5130 Quae
2755 5061 3046 5125 dementia,
3080 5074 3200 5129 quae
3245 5058 3454 5112 insania
3501 5065 3552 5111 te
3584 5055 3815 5125 decepit,
3858 5064 3915 5109 ut
3949 5055 4107 5110 castis

2525 5167 2882 5223 prazsumeres
2930 5150 3251 5221 fragmentis
3301 5146 3529 5216 alicujus
3574 5147 3823 5216 injuriam
3866 5145 4104 5203 conferre

2522 5241 2927 5298 dehonestatis?

3127 5349 3212 5370 I‘AI
3232 5349 3246 5370 Ι
3265 5347 3493 5370 ιυιιιιηνα
