4486 5544
321 379 455 434 i009
1272 372 1629 428 COMGSDIIE
1670 371 1823 425 SEX.
1865 398 1930 408 -—
1973 367 2054 420 ΙΙΙ.
2093 367 2592 424 CALLIMACHUS.
3437 367 3572 422 l010

928 498 1311 538 CALBNACIIUS.
1935 484 1981 538 Α
2013 480 2064 531 in
2098 489 2308 532 castum
2355 489 2747 532 transmutatus
2780 481 2950 533 virum
2987 519 3003 544 ,
3035 489 3232 547 tuoque
3264 479 3458 532 ducatu
3492 497 3579 532 sco

392 577 724 630 Nullatenus.
755 572 904 627 Licet
950 588 1053 624 non
1087 571 1346 626 defuisset
1377 571 1511 624 velle
1555 569 1899 639 possibilitas,
2008 572 2192 621 mitam
2224 570 2488 638 arripiens
2517 569 2760 622 veritatis
2788 610 2799 630 ,
2844 570 3018 622 vivam
3045 567 3195 636 juxta
3226 569 3420 622 divina:
3442 584 3578 637 prte-

334 680 500 723 tamen
540 667 759 722 omnino
789 663 960 719 defuit
989 678 1164 732 posse.
2007 661 2220 716 conium
2246 659 2638 728 promissionis.

989 769 1230 808 JOANNES.
2697 765 2940 805 JOASNES.

395 853 513 920 Quo
541 859 696 921 pacto
731 846 1146 918 impedicbaris?
2078 844 2367 898 Benedicta
2398 844 2467 898 sit
2495 844 2652 899 unica
2677 843 3585 915 ProgeniesDivinitutis,idemque

926 951 1310 994 CALLIMACIIL'S.
2006 937 2276 1005 particeps
2305 945 2501 988 nostra:
2540 935 2976 1005 fragilitatis,qui
3017 945 3087 998 te,
3119 936 3189 989 fili
3227 934 3580 998 Callimache,

401 1033 470 1088 Ut
498 1033 731 1103 primum
757 1033 1017 1086 distracto
1051 1030 1285 1100 tegmine
1311 1026 1568 1080 conviciis
1598 1025 1800 1078 tentavi
1836 1023 1907 1076 la-
2009 1027 2278 1096 parcendo
2307 1027 2504 1080 occidit
2531 1037 2583 1080 et
2607 1027 2899 1080 occidendo
2932 1028 3242 1092 vivilicavit,
3283 1045 3388 1098 quo
3417 1044 3577 1082 suum

327 1140 540 1180 cessere
569 1139 764 1192 corpus
791 1123 1040 1177 exanime
1066 1161 1080 1186 ,
1115 1123 1214 1174 iste
1264 1119 1594 1173 Fortunatus
1623 1158 1635 1180 ,
1679 1118 1769 1184 qui
1823 1114 1905 1168 fo-
2009 1121 2213 1191 plasma
2246 1121 2436 1174 mortis
2468 1121 2646 1189 specie
2673 1120 2739 1173 ab
2767 1121 2985 1174 interitu
3019 1121 3272 1175 liberaret
3298 1122 3510 1174 anim-.12.

331 1231 445 1269 mes
478 1215 601 1267 mali
629 1224 682 1269 et
730 1214 978 1268 incentor
1004 1212 1251 1274 exstitit,
1291 1208 1614 1278 serpentinis
1658 1204 1909 1275 perfusus
2623 1228 2971 1267 Ακοηοῃρυε,

334 1309 554 1362 venenis
588 1307 771 1376 periit.
2085 1304 2192 1358 Res
2226 1304 2464 1368 insolita,
2490 1304 2746 1372 omnique
2770 1305 3128 1358 admiratione
3156 1303 3348 1374 digna!

948 1408 1297 1449 ANDBOMCUS.
2709 1411 2955 1450 JOANNES.

402 1485 446 1540 Ο
475 1487 676 1539 factum
708 1483 846 1538 bene
874 1484 886 1536 !
2088 1488 2131 1543 Ο
2161 1488 2400 1550 Christe,
2433 1488 2618 1542 nmndi
2646 1489 2960 1557 redemptio,
2995 1497 3048 1540 et
3097 1497 3441 1557 peccatorum
3471 1502 3593 1555 pro-

927 1588 1312 1627 CALLIMACHvs.
2017 1583 2250 1650 piliatio,
2279 1583 2528 1650 qualibus
2570 1583 2785 1636 laudum
2819 1584 3105 1652 praeconiis
3138 1593 3188 1636 te
3237 1584 3396 1636 talem
3447 1583 3592 1636 cele-

402 1666 529 1720 Milti
586 1675 762 1720 autem
793 1667 1039 1735 apparuit
1065 1665 1279 1732 juvenis
1330 1673 1552 1732 θερειειιι
1603 1665 1866 1718 terribilis
1897 1706 1912 1729 ν
2018 1673 2169 1725 brem
2204 1673 2409 1741 ignoro.
2444 1672 2694 1739 Expaveo
2720 1673 2792 1725 ttti
2837 1673 3121 1740 benignam
3170 1672 3508 1726 clementiam
3541 1682 3598 1724 et

335 1759 422 1826 qui
452 1758 716 1811 detectum
741 1772 938 1824 corpus
967 1755 1266 1809 honorifice
1295 1755 1449 1815 texit,
1488 1770 1552 1806 ex
1582 1755 1735 1822 cujus
1759 1754 1914 1805 ﬂant-
1946 1823 1984 1832 __
2019 1763 2338 1815 clementem
2379 1764 2714 1831 patientiam,
2747 1765 2835 1832 qui
2869 1773 3157 1832 peccantes
3189 1780 3326 1817 nunc
3369 1774 3595 1831 paterno

337 1865 452 1902 mea
496 1849 632 1903 facie
675 1850 967 1903 candentes
1000 1848 1051 1900 in
1083 1849 1294 1899 bustum
1343 1845 1593 1899 scintillat
1646 1846 1911 1898 trausilic-
1946 1823 1988 1879 Β
2019 1867 2166 1906 more
2204 1852 2480 1905 tolerando
2510 1853 2789 1917 blandiris,
2829 1871 2972 1909 nunc
3000 1854 3146 1921 jusla
3192 1857 3477 1910 severitate
3507 1869 3594 1909 ca-

338 1940 502 2001 bant,
538 1953 767 2007 quarum
800 1952 903 1990 una
939 1937 1181 1989 resiliens
1217 1935 1347 1987 mihi
1396 1935 1445 1987 in
1481 1933 1672 1987 facient
1707 1933 1914 1987 fereba-
2021 1943 2270 2013 sligando
2301 1943 2366 1996 ad
2402 1943 2776 2012 pmnilcmiam
2806 1945 2972 2009 cogis,

343 2041 450 2092 tur,
482 2028 745 2096 simulque
782 2044 882 2080 vox
913 2028 1054 2080 facta
1083 2038 1166 2082 est
1195 2029 1412 2081 dicens:
1445 2025 1782 2090 Callimacho,
1808 2043 1919 2078 mo-

1203 2029 1412 2081 Llicens:
1445 2025 1782 2090 Callimacho,
1808 2043 1919 2078 mo-
2628 2046 2974 2085 ANDRONICUS.

338 2139 450 2176 iere
480 2132 532 2175 ut
557 2124 732 2176 vivas!
761 2123 854 2176 llis
881 2124 1066 2184 dictis,
1097 2123 1385 2190 esspiravi.
2095 2123 2236 2178 Laus
2267 2122 2381 2191 ejus
2412 2123 2605 2176 divina:
2632 2123 2843 2191 pietati.

1011 2229 1254 2267 JOANNES.
2708 2229 2953 2269 JOANNES.

416 2305 563 2376 Opus
585 2305 825 2360 caelestis
856 2307 1043 2375 gratia:
1063 2346 1075 2369 ,
1104 2321 1223 2373 quae
1255 2319 1358 2357 non
1389 2303 1690 2357 delectatur
1739 2301 1789 2353 in
1824 2300 1922 2353 im-
2096 2305 2226 2372 Quis
2253 2303 2939 2372 auderetcredere,quisve
2967 2313 3322 2372 prmsumeret
3355 2320 3600 2373 sperare.

345 2398 556 2466 piorum
581 2399 911 2466 perditione_
2027 2405 2086 2449 ut
2115 2397 2255 2448 hunc
2277 2434 2290 2458 ,
2320 2410 2480 2462 quem
2514 2395 2824 2447 criminosis
2857 2395 3120 2445 intentum
3153 2394 3300 2448 vitiis
3332 2410 3476 2448 mors
3517 2398 3599 2448 in-

938 2503 1326 2541 CALLIMACHUS.
2029 2487 2174 2539 venit
2203 2495 2255 2540 et
2292 2486 2565 2538 inventum
2601 2484 2839 2546 abstulit,
2873 2485 2946 2536 tui
2986 2484 3262 2538 miseratio
3314 2485 3379 2537 ad
3435 2485 3600 2538 vitam

423 2576 633 2630 Audisti
667 2577 940 2631 miseriam
968 2592 1100 2630 mea:
1129 2575 1469 2646 perditionis,
1515 2573 1620 2627 noli
1673 2573 1926 2642 elongare
2027 2576 2288 2637 excitare,
2325 2575 2389 2628 ad
2420 2576 2629 2628 veniam
2674 2575 2988 2643 dignaretur
3028 2575 3320 2642 reparare?
3368 2573 3451 2628 Sit
3509 2591 3604 2630 no-

350 2667 613 2723 medelam
643 2676 746 2721 tua:
771 2669 1152 2723 miserationis.
2031 2682 2150 2721 men
2184 2675 2330 2720 tuum
2356 2675 2600 2720 sanctum
2633 2665 2974 2719 benedictum
3009 2667 3060 2719 in
3093 2665 3309 2730 saecula,
3343 2666 3432 2736 qui
3463 2665 3607 2720 solus

1011 2773 1256 2815 muses.
2033 2760 2166 2815 facis
2195 2759 2456 2829 stupenda
2491 2759 2781 2813 mirabilia.

422 2851 537 2908 Non
569 2853 851 2923 elongabo.
2640 2867 2985 2906 ANDROMCL‘S.

947 2959 1331 3000 CALLIUACHUS.
2106 2944 2220 3007 Eia,
2252 2954 2437 2999 sancte
2464 2942 2699 2998 Joannes
2727 2985 2740 3008 ,
2790 2954 2840 2998 et
2872 2959 2955 2998 me
3007 2945 3271 3000 consolari
3306 2960 3371 2999 ne
3412 2946 3610 2999 tardes.

425 3034 560 3089 Nam
602 3037 830 3090 nimium
867 3035 1187 3099 confundor,
1236 3033 1559 3088 cordetenus
1587 3031 1883 3086 contristor
1911 3071 1924 3094 ,
2036 3033 2169 3088 Nam
2207 3033 2506 3103 coniugalis
2538 3049 2689 3087 amor
2723 3035 3001 3088 Drusiana:
3025 3051 3196 3089 meam
3239 3035 3379 3088 haud
3410 3036 3610 3104 patitur

354 3125 569 3191 δηιίοΐν
600 3143 773 3196 Semo,
818 3127 972 3180 d0l80
1003 3141 1162 3195 super
1195 3124 1344 3194 grat’i
1373 3123 1649 3192 impietate
1678 3136 1816 3174 mea-
1960 3157 2005 3220 Ο
2040 3135 2274 3182 mentem
2301 3127 2622 3191 consistere,
2651 3127 2752 3181 nisi
2781 3135 2836 3181 et
2861 3129 3028 3197 ipsam
3052 3128 3374 3197 quantocius
3395 3127 3605 3181 videant

1026 3231 1268 3270 JOANNES.
1973 3217 2004 3220 “
2041 3226 2404 3272 rcsurrectum
2440 3217 2539 3270 ire.

426 3302 538 3357 Nec
584 3303 880 3368 immerito,
911 3306 1106 3374 quippe
1133 3316 1294 3373 grave
1324 3302 1579 3356 delictum
1626 3301 1766 3353 haud
1815 3299 1931 3352 leve
2719 3322 2962 3362 musas,

354 3393 707 3463 paenitudinis
731 3401 1010 3462 eXSpectat
1041 3393 1357 3446 remedium.
2113 3396 2402 3462 Drusiana,
2433 3397 2720 3453 resuscitet
2752 3408 2803 3453 te
2830 3399 3095 3453 Dominus
3123 3399 3280 3455 Jesus
3307 3399 3574 3456 Christus.

950 3498 1333 3538 CALLIMACHUS.
2681 3504 2961 3542 DRUSIANA.

430 3571 477 3627 Ο
508 3571 715 3624 utinam
745 3581 1122 3626 rescrarentur
1147 3579 1355 3625 secreta
1385 3584 1627 3624 meorum
1659 3570 1926 3624 viscerum
2110 3577 2252 3634 Laus
2281 3587 2334 3634 et
2358 3580 2530 3634 honor
2560 3580 2677 3644 tibi,
2705 3580 2941 3646 Christe,
2984 3582 3074 3651 qui
3113 3597 3197 3637 me
3239 3582 3414 3638 fecisti
3469 3586 3610 3638 revi-

354 3660 581 3739 latibula
617 3701 630 3724 ,
659 3677 766 3729 quo
813 3662 1029 3715 interim
1080 3662 1496 3714 amaritudinem
1543 3676 1702 3729 quant
1760 3662 1936 3730 patior
2040 3669 2268 3724 viscere,

353 3753 564 3809 doloris
597 3754 956 3823 perspiceres,
982 3761 1036 3807 et
1063 3752 1260 3806 dolenti
1294 3751 1649 3807 condoleres!
2642 3777 3027 3817 nummus,

1025 3858 1271 3896 JOANNES.
2114 3845 2400 3915 Sospitatis
2423 3848 2627 3903 auctori
2660 3859 2840 3918 grates
2868 3890 2883 3914 ,
2911 3851 3001 3919 qui
3034 3859 3084 3904 te
3113 3891 3127 3916 ,
3159 3866 3277 3904 mea
3315 3851 3574 3905 Drusiana
3600 3890 3615 3914 ,

424 3935 756 4003 Congaudeo
790 3933 1095 4002 huiusmodi
1121 3934 1317 3998 dolori,
1349 3935 1473 4004 quia
1503 3935 1680 3988 sentio
1714 3942 1764 3988 te
1792 3935 1937 3989 salu-
2042 3951 2323 4004 resurgere
2351 3938 2494 3991 dedit
2529 3939 2581 3991 in
2637 3939 2844 4003 laetitia,
2887 3956 3006 4009 quae
3041 3942 3189 4010 gravi
3238 3956 3363 3994 cum
3397 3940 3614 3993 tristitia

354 4026 535 4081 briter
558 4026 892 4079 contristari.
2039 4026 2126 4078 die
2155 4024 2464 4093 fungebaris
2490 4036 2754 4082 extrema.

951 4129 1339 4169 CALLIMACHUS.
2694 4130 2975 4170 DRUSIANA.

424 4207 468 4261 Τ
472 4207 611 4261 sedet
639 4220 724 4260 mc
767 4205 962 4275 prioris
994 4206 1120 4259 vitae
1148 4246 1162 4268 ,
1203 4206 1362 4260 tzedet
1408 4204 1783 4260 delectationis
1832 4205 1935 4258 ini-
2112 4204 2277 4258 Decet
2305 4203 2382 4256 tui
2412 4203 2780 4269 sanctitatem,
2807 4205 3115 4261 venerande
3145 4207 3306 4262 Pater
3341 4207 3574 4264 Joannes
3594 4249 3610 4274 ,

355 4315 501 4373 qum,
2042 4304 2102 4348 ut
2128 4294 2449 4348 resuscitato
2477 4294 2842 4358 Callimacho,
2886 4298 2975 4365 qui
3018 4313 3102 4352 me
3133 4299 3320 4354 illicite
3372 4302 3611 4365 amavit,

1029 4403 1274 4443 tonsas.
2041 4394 2096 4439 et
2125 4385 2266 4440 hunc
2297 4386 2604 4451 resuscites,
2638 4389 2726 4456 qui
2757 4389 2858 4442 mei
2892 4390 3134 4458 proditor
3157 4391 3361 4445 funeris
3388 4393 3611 4449 exstitit.

422 4480 540 4537 Nec
570 4479 788 4550 injuria.
1970 4529 2017 4550 n
2653 4495 3034 4536 CALLIMACHUS.

951 4584 1336 4623 GALLIMACHUS.
1968 4529 2017 4588 Β
2115 4569 2192 4625 Ne
2218 4570 2434 4639 dignum
2465 4572 2648 4636 ducas,
2680 4573 2880 4628 Christi
2906 4576 3169 4644 apostole,
3206 4578 3348 4632 hunc
3374 4579 3617 4645 prodito-

423 4664 770 4732 Pmnitetque
797 4661 996 4717 delicti.
2045 4677 2182 4726 rem,
2209 4663 2353 4716 hunc
2379 4663 2782 4719 malefactorem
2809 4705 2822 4728 ,
2868 4681 2895 4719 a
2925 4666 3155 4721 vinculis
3204 4667 3393 4721 mortis
3438 4668 3617 4723 absol-

1031 4767 1272 4806 musas.
2043 4766 2191 4817 vere,
2221 4753 2310 4822 qui
2349 4769 2436 4808 me
2466 4754 2698 4823 decepit.
2728 4771 2816 4810 me
2855 4759 3106 4820 seduxit,
3157 4773 3349 4826 meque
3401 4759 3467 4813 ad
3514 4776 3613 4814 au-

423 4845 491 4901 Et
516 4846 714 4900 merito
2044 4842 2276 4898 dendum
2305 4843 2563 4899 horribile
2586 4845 2800 4901 facinus
2831 4849 3141 4915 provocavit

954 4948 1337 4988 ςλιιυιλῦιιυε.
2725 4951 2976 4994 JOANNES.

426 5030 692 5102 Displicet
732 5043 896 5083 omne
945 5028 1087 5097 quod
1133 5025 1234 5080 feci
1264 5026 1317 5079 in
1351 5033 1558 5078 tantum
1591 5063 1605 5088 ,
1651 5033 1712 5078 ut
1760 5023 1938 5078 nullus
2117 5027 2232 5082 Non
2263 5025 2426 5081 debes
2454 5025 2528 5081 illi
2555 5026 2809 5086 invidere
2829 5030 3062 5102 gratiam
3077 5029 3282 5085 divinae
3309 5030 3630 5086 clementiae.

352 5139 535 5188 amor,
580 5121 725 5176 nulla
754 5119 1001 5188 voluptas
1050 5117 1120 5171 sit
1169 5115 1416 5176 vivendi,
1456 5116 1555 5170 nisi
1610 5125 1834 5170 renatus
1885 5116 1937 5169 in
2654 5130 3054 5176 CALuuAcuus.

349 5216 578 5274 Christo
611 5226 824 5267 merear
859 5213 910 5264 in
954 5210 1146 5264 melius
1177 5208 1545 5262 transmutari.
2121 5206 2236 5262 Non
2261 5213 2344 5260 est
2365 5205 2509 5259 enim
2539 5207 2738 5276 dignus
2781 5211 3200 5274 resurrectione,
3230 5208 3319 5276 qui
3342 5220 3531 5265 auctor
3551 5226 3644 5264 ex-

1038 5316 1285 5355 muses.
2053 5300 2192 5356 stitit
2216 5296 2535 5367 perditionis
2566 5297 2812 5364 aliena},

418 5397 540 5455 Nec
580 5394 770 5450 dubito
809 5394 935 5463 quin
969 5407 1203 5461 superna
1249 5389 1419 5460 gratia
1452 5391 1504 5444 in
1536 5398 1587 5444 te
1622 5401 1907 5464 appareat.
2723 5413 3003 5462 ,Οληκεεο
