4486 5544
892 376 1015 429 1011

1555 496 1803 535 ΙΟΔΝΝΕΒ.

955 574 1180 643 Quando
1205 575 1368 629 etiam
1398 572 1493 627 Dei
1534 572 1853 640 Unigcnitus
1877 608 1890 631 ,
1927 568 2174 634 idemque
2214 563 2450 633 Virginis

884 666 1294 736 primogenitus,
1317 665 1407 733 qui
1432 663 1575 717 solus
1604 661 1861 713 innocens
1884 697 1899 721 ,
1932 656 2079 711 solus
2129 654 2442 707 immacula-

888 767 990 821 tus,
1018 756 1162 810 solus
1202 756 1317 809 sine
1345 753 1550 807 veterni
1580 750 1740 804 sorde
1766 747 1948 802 delicti
1991 746 2043 799 iu
2079 743 2332 797 mundum
2361 757 2425 795 ve

886 845 966 909 nit
993 884 1007 909 ,
1048 859 1235 899 omnes
1275 840 1373 898 sub
1402 841 1550 912 gravi
1599 852 1764 894 onere
1796 834 2003 916 peccati
2047 834 2329 904 depressos
2370 832 2451 888 in,

884 934 1051 993 venit.

1499 1035 1825 1082 ANDRONICUS

957 1115 1177 1170 Verum.

1556 1220 1645 1259 10A
1652 1218 1781 1259 NNES

956 1302 1174 1357 Scilicet
1218 1301 1421 1358 nullum
1452 1299 1692 1368 justum,
1724 1297 1928 1353 nullum
1957 1293 2331 1349 misericordia
2372 1292 2453 1345 in-

884 1394 1093 1448 veniret
1120 1393 1361 1463 dignum,
1397 1392 1664 1446 neminem
1703 1399 1880 1442 tamen
1911 1386 2114 1455 Sprevit
2137 1425 2152 1447 ,
2181 1384 2450 1438 nemiuem

883 1500 996 1540 suae
1024 1485 1197 1554 gratia
1227 1485 1442 1554 pietatis
1479 1483 1755 1552 privavit,
1793 1480 1886 1534 sed
1928 1479 2160 1545 seipsum
2202 1475 2453 1530 omnibus

882 1574 1142 1639 tradidit,
1193 1574 1382 1643 suique
1433 1574 1682 1628 dilectam
1732 1571 1970 1624 animam
2037 1582 2136 1634 pro
2200 1564 2451 1621 omnibus

882 1664 1078 1732 posuit.

1490 1763 1834 1803 ANDRONICUS.

953 1841 1010 1895 Si
1045 1842 1305 1895 innocens
1327 1854 1433 1894 non
1460 1837 1802 1893 occideretur
1825 1874 1839 1898 ,
1867 1848 2027 1887 nemo
2075 1830 2221 1899 juste
2254 1828 2452 1884 libera~
2480 1817 2528 1878 B

881 1939 1052 1987 retur.

1559 2024 1804 2071 JOANNES.

948 2112 1075 2167 Ideo
1108 2113 1159 2166 in
1188 2111 1470 2171 hominum.
1493 2126 1599 2165 non
1631 2109 1931 2163 delectatur
1954 2106 2290 2175 perditione,
2318 2120 2456 2175 quos

878 2219 978 2258 suo
998 2211 1209 2271 emptos
1246 2200 1491 2255 meminit
1514 2200 1753 2267 pretioso
1783 2197 2062 2266 sanguine.

1488 2304 1837 2345 ANDRONICUS.

944 2382 1165 2441 Gratias
1196 2380 1291 2435 illi.

1548 2484 1790 2525 JOANNES.

946 2565 1099 2621 Unde
1144 2564 1261 2617 aliis
1306 2562 1399 2617 Dei
1438 2562 1662 2632 gratiam
1704 2574 1810 2613 non
1858 2558 2119 2612 debemus
2164 2555 2408 2611 invidere
2435 2595 2450 2620 ,

876 2670 1037 2724 quam
1066 2669 1131 2705 ex
1161 2653 1321 2706 nullis
1347 2650 1781 2721 praecedentibus
1810 2647 2020 2702 meritis
2050 2647 2100 2699 in
2130 2646 2286 2700 nobis
2326 2660 2456 2697 "au—

876 2745 1067 2805 demus
1092 2742 1391 2796 abundare.

1479 2842 1863 2885 CALLIMACHUS.

945 2920 1209 2975 Terruisti
1235 2935 1320 2974 me
1350 2919 1575 2973 monitu.

1541 3022 1767 3061 J'OANNES

945 3102 1025 3157 Ne
1051 3112 1231 3157 autem
1260 3102 1367 3155 tuis
1388 3100 1573 3153 videar
1606 3098 1764 3151 reniti
1802 3097 1963 3156 votis.
2004 3110 2110 3149 non
2158 3095 2453 3149 suscitetur

880 3208 976 3262 per
1007 3207 1115 3256 me,
1147 3191 1238 3244 sed
1267 3205 1361 3259 per
1376 3189 1719 3250 Drusianatn,
1746 3187 1869 3253 quia
1899 3186 1965 3239 ad
1990 3186 2092 3239 hoc
2124 3184 2449 3252 implendum

874 3298 906 3336 a
936 3284 1046 3337 Deo
1073 3282 1282 3349 accepit
1310 3280 1565 3348 gratiam.

1515 3376 1792 3415 DRUSIANA.

945 3459 1135 3512 Divina
1162 3454 1481 3511 substantia.
1508 3468 1626 3521 qua:
1655 3466 1779 3505 vere
1806 3458 1860 3503 et
1886 3448 2234 3515 singulariter
2263 3461 2321 3501 es
2337 3448 2453 3501 sine

875 3551 1117 3607 materia:
1157 3549 1326 3601 forma
1356 3587 1370 3610 ,
1421 3560 1540 3613 qme
1604 3544 1874 3597 hominem
1923 3541 1990 3594 ad
2043 3540 2118 3593 tui
2159 3539 2453 3608 imaginem

879 3638 1181 3710 plasmasti.
1210 3645 1265 3689 et
1296 3634 1560 3703 plasmato
1601 3630 1929 3700 spiraculum
1954 3629 2078 3681 vita:
2135 3627 2405 3695 inSpirasti
2435 3669 2449 3691 ,

868 3728 996 3796 iube
1026 3724 1305 3780 materiale
1337 3736 1534 3791 corpus
1557 3720 1843 3775 Fortunati
1896 3718 2121 3772 reducto
2166 3716 2347 3770 calore
2397 3717 2450 3769 in

871 3820 1141 3872 viventem
1177 3816 1415 3869 animam
1446 3814 1639 3867 iterum
1671 3809 1958 3865 reformari
1986 3847 2001 3871 ,
2033 3822 2139 3876 quo
2180 3806 2319 3859 trina
2357 3820 2452 3859 no-

868 3908 965 3964 stri
1002 3906 1349 3962 resuscitatio
1389 3903 1484 3958 tibi
1532 3903 1587 3957 in
1615 3901 1830 3955 laudem
1884 3906 2151 3963 vertatur,
2209 3895 2451 3961 Trinitas

868 3995 1195 4056 veneranda.

1540 4095 1784 4143 ιοΑΝΝες.

939 4180 1133 4238 Amen.

1503 4278 1789 4316 DRUSIANA.

934 4353 1345 4425 Expergiscere,
1370 4351 1686 4416 Fortunate,
1713 4360 1766 4403 et
1799 4347 1954 4417 jussu
1985 4348 2187 4405 Christi
2238 4350 2447 4403 retina-

864 4445 987 4503 cula
1017 4444 1208 4498 mortis
1237 4442 1532 4510 disrumpe.

1471 4544 1841 4584 FORTUNATUS.

933 4622 1067 4690 Quis
1098 4636 1190 4676 me
1232 4619 1567 4691 apprehensa
1621 4635 1781 4684 manu
1830 4618 2044 4673 erexit?
2081 4616 2214 4685 Quis
2248 4632 2438 4672 vocem

863 4722 923 4768 ut
956 4725 1292 4781 resurgerem
1321 4708 1510 4764 dedit?

1518 4813 1762 4852 JOANNES.

933 4890 1218 4953 Drusiana.

1476 4990 1845 5039 FORTUNA'I'USq

931 5068 1069 5125 Num
1100 5083 1185 5123 me
1217 5066 1497 5121 suscitavit
1526 5064 1834 5120 Drusiana?

1518 5172 1759 5213 JOANNES.

928 5251 1067 5323 Ipsa.

1476 5352 1841 5403 FORTUNATUS.

932 5429 1118 5466 Nnnnn
1159 5437 1283 5466 nulla
1315 5428 1511 5466 nlinnnl
1559 5428 1674 5466 dine
1722 5426 2010 5466 itnnrnvica
2050 5438 2223 5466 mnrla
2255 5428 2427 5466 futuro!

1718 366 2181 424 llROTSUlTlM-J
2220 362 2539 418 MONIALIS
2576 362 3258 419 GANDERSIIEIMENSIS

2480 476 2533 535 Α

3978 365 4119 418 1012

3171 489 3516 529 FORTUNATUS

2626 564 2688 617 Et
2712 580 2811 618 cur
2850 576 3031 619 manet
3060 564 3422 621 Callimachus
3461 563 3611 635 gravi
3655 563 3804 618 vultu
3844 563 4123 617 modestus

2553 669 2653 708 nec
2689 655 2914 723 perfurit
2936 656 3094 710 solito
3126 671 3275 710 more
3304 656 3357 709 in
3390 669 3577 709 amore
3602 652 3924 708 Drusiana?

3222 758 3441 799 οΑΝΝεε.

2623 840 2755 900 Quia
2778 850 2806 887 a
2840 850 3069 904 nequam
3097 836 3395 889 intentione
3419 839 3834 897 transmutatus,
3870 843 3997 885 vere
4034 836 4123 883 est

2553 923 2755 982 Christi
2786 925 3098 994 discipulus.

3171 1030 3535 1073 FOBTUNATUS.

2623 1102 2761 1159 Non.

3217 1212 3461 1251 JOANNES.

2624 1285 2812 1341 Etiam.

3173 1393 3520 1435 FORTUNATUS

2630 1463 2708 1525 Si.
2742 1473 2800 1517 ut
2832 1465 3049 1529 asseris,
3093 1466 3354 1521 Drusiana
3380 1482 3468 1521 me
3503 1466 3785 1521 suscitavit
3809 1506 3823 1528 ,
3866 1472 3921 1517 et
3946 1462 4137 1531 [Callia-

2556 1554 2777 1607 maclms
2831 1553 3048 1608 Christo
3080 1556 3351 1618 credidit,
3402 1557 3567 1609 vitam
3604 1555 3827 1623 repudio
3867 1563 4127 1606 mortem-

2554 1657 2658 1709 que
2683 1642 2823 1711 eligo
2851 1651 3062 1710 sponte,
3092 1643 3217 1711 quia
3255 1643 3395 1697 malo
3421 1659 3523 1698 non
3554 1657 3693 1702 esse,
3740 1656 3898 1710 quam
3938 1641 3991 1693 in
4038 1640 4126 1692 his

2554 1739 2760 1784 tantum
2796 1730 3132 1786 abundanter
3152 1731 3406 1785 virtutum
3438 1733 3667 1802 gratiam
3696 1730 4014 1787 sentiscere.

3213 1837 3458 1877 JOANNES.

2628 1908 2672 1965 Ο
2702 1911 3017 1965 admiranda
3048 1912 3243 1967 diaboli
3293 1913 3507 1977 invidia,
3549 1930 3582 1968 o
3611 1915 3813 1969 malitia
3857 1916 4128 1984 serpentis

2558 1999 2786 2069 antiqui,
2814 2002 2905 2069 qui
2938 2009 2991 2055 et
3031 2003 3376 2070 protoplastis
3418 2014 3644 2058 mortem
3672 2005 3774 2074 31
3821 2005 4129 2074 propinavit

2556 2098 2611 2140 ct
2632 2103 2795 2157 super
2815 2088 3082 2155 justorum
3122 2090 3288 2159 gloria
3329 2107 3540 2161 semper
3571 2093 3771 2162 gemit!
3816 2093 3919 2147 lste
3949 2092 4124 2146 infeli-

2558 2177 2807 2232 cissimus
2846 2180 3175 2233 Fortunatus
3200 2221 3214 2245 ,
3278 2182 3555 2236 diabolicae
3584 2183 3960 2236 amaritudinis
4004 2181 4131 2235 felle

2556 2268 2902 2339 plenissimus
2925 2308 2940 2332 ,
2971 2280 3319 2339 comparatur
3362 2272 3514 2325 make
3550 2274 3727 2327 arbori
3775 2287 3990 2326 amaros
4017 2270 4127 2323 fru-

2556 2366 2677 2410 ctus
2722 2356 2961 2411 facienti.
2998 2358 3149 2413 Unde
3197 2360 3409 2414 excisus
3450 2376 3479 2413 a
3511 2361 3734 2430 collegio
3762 2362 4034 2431 justorum
4074 2369 4128 2413 et

2556 2445 2799 2513 abjectus
2825 2463 2854 2501 a
2883 2451 3155 2503 consortio
3205 2450 3371 2504 Deum
3422 2452 3745 2517 timentium,
3794 2453 4041 2505 mittatur
4070 2453 4123 2505 iu

2555 2537 2741 2589 aeterni
2787 2538 2965 2607 ignem
3028 2538 3309 2608 supplicii,
3365 2542 3690 2595 cruciandus
3736 2541 3851 2595 sine
3903 2537 4130 2606 alicujus

2557 2625 2949 2684 intermistione
2977 2630 3261 2700 refrigerii.

3165 2736 3509 2774 ANDRONICUS.

2627 2807 2786 2872 Ecce,
2818 2811 3249 2876 turgescentibns
3276 2810 3601 2878 serpentinis
3636 2808 3905 2861 morsibus
3947 2808 4013 2860 ad
4034 2822 4124 2860 oc—

2558 2912 2737 2951 casum
2767 2914 2952 2952 rursus
2979 2901 3218 2969 vergitur
3246 2909 3299 2953 et
3326 2902 3487 2954 citius
3518 2902 3661 2954 dicto
3688 2899 3966 2953 morietur.

3218 3005 3465 3043 JOANNES.

2628 3077 2925 3141 Moriatur,
2974 3079 3152 3147 sitque
3200 3079 3369 3132 incola
3420 3079 3717 3147 gehennae,
3770 3076 3859 3145 qui
3909 3083 4121 3146 propter

2556 3165 2713 3217 alieni
2743 3166 2997 3220 invidiam
3023 3168 3292 3235 profectus
3318 3168 3584 3221 recusavit
3612 3167 3813 3219 vivere.

3162 3275 3506 3315 ANDBONICUS.

2627 3347 2907 3401 Terribile.

3219 3454 3462 3493 JOANNES.

2631 3523 2775 3583 Nihil
2810 3524 3107 3580 terribilius
3133 3526 3313 3580 invido
3334 3568 3347 3592 ,
3378 3528 3511 3593 nihil
3538 3526 3817 3587 scelestius
3839 3523 4086 3594 superbo.

3159 3631 3504 3671 ANDRONICUS.

2625 3702 2865 3772 Uterque
2890 3704 3219 3760 miserabilis

3204 3810 3454 3849 JOANNES.

2625 3880 2739 3935 Una
2775 3883 3071 3951 eademque
3101 3899 3332 3953 persona
3382 3878 3614 3955 utroque
3658 3897 3871 3953 semper
3914 3880 4120 3939 laborat

2550 3969 2704 4035 vitio,
2737 3969 2861 4038 quia
2886 3980 3137 4026 neutrum
3164 3975 3280 4027 sine
3303 3975 3493 4028 altero.

2940 4070 2944 4074 ’
3158 4076 3507 4117 ΑΝῡκοΝιευε.

2623 4152 2842 4223 Expone
2867 4154 3227 4209 enucleatius.

3204 4259 3451 4299 JOANNES.

2545 4363 2578 4389 ε.
2623 4328 2751 4383 Nam
2782 4332 2871 4400 qui
2901 4333 3166 4401 superbit,
3213 4334 3433 4399 invidet,
3462 4340 3517 4386 et
3542 4332 3632 4401 qui
3668 4330 3888 4394 invidet,
3928 4344 4113 4399 super».

2548 4421 2654 4485 bit;
2685 4420 2810 4488 quia
2861 4436 3013 4476 mens
3056 4412 3270 4486 invida,
3307 4424 3432 4476 dum
3477 4422 3705 4476 alienam
3760 4420 3976 4473 laudem
4020 4434 4115 4471 nec

2467 4485 2520 4544 D
2548 4519 2751 4579 patitur
2779 4511 2986 4576 audire,
3019 4520 3073 4565 et
3115 4513 3166 4566 in
3219 4512 3301 4566 sui
3330 4513 3736 4582 comparatione
3768 4508 4116 4578 perfectiores

2549 4601 2717 4655 ambit
2744 4601 3032 4667 vilescere,
3085 4603 3406 4671 dedignatur
3440 4601 3629 4670 subjici
3676 4601 4037 4671 dignioribus,
4062 4607 4111 4651 et

2546 4693 2775 4763 superbe
2804 4702 3034 4748 conatur
3064 4694 3307 4764 prazferri
3342 4694 3705 4763 comparibus.

2626 4768 2631 4773 ’
3152 4799 3499 4848 ANDRONICUS.

2615 4873 2792 4929 Patet.

3210 4982 3454 5023 JOANNES.

2613 5052 2763 5108 Unde
2801 5056 2901 5111 iste
2941 5056 3278 5113 miserrimus
3320 5056 3705 5113 vulnerabatur
3748 5062 3961 5117 mente,
3985 5054 4103 5121 quia

2541 5160 2599 5198 se.
2629 5144 2711 5199 his
2758 5147 3064 5202 inferiorem
3110 5148 3368 5203 aestimari
3399 5162 3503 5201 non
3549 5146 3848 5208 sustinuit,
3896 5145 3946 5197 in
3990 5142 4103 5211 quis

2543 5244 2854 5314 ampliorem
2890 5242 2980 5295 Dei
3007 5241 3233 5310 gratiam
3262 5241 3443 5295 lucere
3482 5254 3586 5292 nun
3612 5237 3857 5292 nescivit.

3144 5345 3489 5385 ANDRONICUS.

2608 5424 2759 5466 Nune
2804 5424 3012 5466 lnmlom
3045 5422 3283 5466 I'nlnllitvn
3311 5422 3451 5466 mtntl
3496 5421 3635 5466 inter
3676 5427 3957 5466 sumentes
3999 5416 4093 5466 mi-
