4486 5544
808 411 817 429 ν
875 402 1009 474 1015

1528 536 1795 578 ABRAHAI.

946 606 1122 675 Cogor
1148 611 1387 671 nomine.

1218 751 1267 761 -ν
1544 700 1777 741 ΕΡΗΒΕΙ.

949 759 1085 834 Quid
1121 755 1393 825 vocatur?

1532 858 1799 901 ABBAHAI.

950 930 1133 986 Maria.

1555 1041 1785 1081 EPHBEM.

942 1111 1020 1166 Ita
1051 1120 1166 1180 est;
1208 1113 1344 1168 tanti
1370 1115 1743 1171 excellentiam
1775 1118 2009 1175 nominis
2040 1120 2195 1176 decet
2220 1129 2451 1180 stemma

875 1203 1223 1274 virginitatis.

1524 1296 1792 1335 ABBAHAH.

937 1364 1056 1421 Non
1097 1365 1278 1421 dillhlo
1321 1370 1473 1437 quin,
1503 1371 1546 1423 si
1586 1372 1787 1427 nostris
1818 1372 2059 1427 suaviter
2086 1374 2448 1430 hortamentis

864 1465 1213 1524 provocetur,
1242 1458 1311 1512 ad
1341 1458 1644 1514 cedendum
1672 1459 1849 1517 facilis
1875 1462 2207 1531 experiatur.

1532 1568 1764 1607 EPHREI.

932 1639 1293 1707 Accedamus,
1321 1643 1545 1715 ejusque
1578 1646 1893 1716 cogitationi
1943 1649 2145 1704 caelibis
2184 1652 2448 1706 securita-

868 1738 974 1784 tem
1012 1731 1137 1786 vitae
1167 1732 1517 1790 instillemus.

1531 1849 1710 1904 CENA
1746 1851 1808 1905 ll.

1512 1955 1785 1993 ΔΒΒΑΗΑΜ.

926 2027 973 2083 0
999 2027 1255 2097 adoptiva
1280 2028 1409 2093 lilia,
1444 2044 1477 2084 ο
1520 2045 1653 2085 mea:
1676 2044 1804 2100 pars
1842 2033 2057 2100 animae,
2090 2034 2276 2102 Maria,
2317 2040 2450 2094 cede

855 2118 992 2172 meis
1007 2119 1247 2188 paternis
1266 2120 1654 2177 monitionibus
1674 2124 1889 2195 meique
1926 2130 2195 2198 eomparis
2218 2131 2449 2199 Ephrem

857 2208 1233 2265 saluberrimis
1260 2211 1727 2280 institutionibus;
1779 2217 1984 2273 enitere
2038 2227 2095 2271 ut
2154 2222 2447 2276 auctrieem

861 2299 1191 2369 virginitatis
1217 2315 1378 2370 quam
1406 2304 1686 2378 aequivoeo
1713 2307 2014 2377 mquiparas
2042 2310 2256 2373 nomine
2283 2353 2298 2378 ,
2330 2311 2448 2366 imi-

867 2389 1002 2458 teris
1062 2397 1117 2443 et
1148 2390 1427 2461 castitate.
1482 2376 1491 2389 ”

1536 2501 1767 2541 EPHREI.

929 2572 1157 2628 Multum
1185 2575 1547 2643 disconvenit,
1599 2578 1728 2645 filia,
1759 2588 1816 2632 nt
1847 2596 1966 2649 quae
1996 2598 2118 2636 cum
2155 2584 2249 2638 Dei
2292 2586 2445 2654 geni-

853 2666 990 2721 trice
1030 2667 1197 2722 Maria
1245 2684 1339 2737 per
1378 2672 1693 2740 mysterium
1748 2675 1985 2729 nominis
2033 2676 2355 2744 praeemines
2389 2678 2443 2731 in

860 2770 964 2811 axe
996 2758 1138 2812 inter
1182 2758 1358 2812 sidera
1392 2775 1671 2830 nunquam
1704 2776 1926 2828 casura,
1966 2763 2189 2818 inferior
2235 2765 2445 2819 meritis

859 2848 913 2917 in
947 2857 1105 2903 terrae
1132 2848 1337 2903 volutes
1364 2849 1581 2905 infimis.

1553 2959 1737 2999 ΜΛΗΙΑ.

923 3028 1240 3099 Mysterium
1273 3033 1507 3088 nominis
1538 3034 1757 3104 ignoro;
1788 3038 1930 3092 unde
1953 3039 2083 3108 quid
2120 3040 2441 3098 circuitione

858 3118 1145 3178 verborum
1170 3120 1446 3190 signiﬁces
1474 3122 1618 3177 haud
1653 3124 1915 3195 intelligo.

1530 3234 1761 3273 EPHREM.

925 3305 1090 3361 Maria
1127 3308 1516 3378 interpretatur
1542 3310 1693 3363 stella
1717 3314 1903 3373 maris,
1929 3312 2072 3367 circa
2105 3330 2266 3383 quam
2294 3316 2443 3371 vide-

849 3395 974 3451 licet
998 3396 1171 3451 fertur
1197 3399 1426 3453 tnnndus
1448 3406 1503 3453 et
1527 3409 1751 3454 vocatur
1774 3401 2023 3469 pepulus.

1560 3504 1746 3543 ΜΑΒΙΔ.

920 3573 1029 3629 Cur
1058 3578 1221 3629 maris
1249 3576 1398 3631 stella
1428 3579 1662 3633 dicitur?

1541 3686 1771 3725 EPHREI.

922 3761 1057 3827 Quia
1089 3777 1362 3831 nunquam
1393 3762 1624 3828 occidit,
1661 3764 1753 3818 sed
1782 3764 2159 3834 navigantibus
2188 3764 2320 3819 recti
2359 3780 2443 3819 se-

848 3852 1036 3905 mitam
1068 3852 1277 3908 itineris
1299 3853 1499 3923 dirigit.

1556 3961 1741 4000 MARIA.

922 4031 990 4086 Et
1013 4031 1103 4101 qui
1132 4042 1314 4101 posset
1345 4033 1484 4098 fieri,
1514 4044 1572 4088 ut
1605 4050 1706 4105 ego
1743 4036 1953 4090 tantilla
1982 4052 2049 4092 ex
2083 4037 2229 4092 lutea
2270 4048 2436 4094 mate-

857 4122 938 4190 ria
970 4121 1215 4177 confecta
1247 4139 1312 4178 eo
1338 4125 1659 4194 attingerem
1686 4128 1919 4193 meritis,
1968 4144 2076 4197 quo
2124 4131 2439 4200 mysterium

848 4213 1035 4273 rutilat
1060 4215 1336 4279 nominis?

1542 4326 1771 4365 EPHREH-

919 4396 1126 4452 Illibata
1160 4398 1405 4467 corporis
1450 4399 1759 4469 integritate
1812 4417 2053 4457 puraque
2082 4403 2278 4458 mentis
2307 4419 2436 4457 san-

847 4489 1056 4545 ctitate.

1542 4578 1727 4629 utaut.

917 4654 1153 4711 Grandis
1189 4664 1272 4711 est
1324 4657 1546 4712 honoris
1584 4657 1857 4713 hominem
1912 4675 2113 4728 aequari
2160 4668 2429 4717 astrorum

841 4747 1031 4804 radiis.

1518 4837 1749 4875 ΕΡΠΒΕΜ.

914 4911 1048 4968 Nam
1096 4912 1139 4966 si
1187 4912 1498 4981 incorrupta
1544 4921 1599 4965 et
1636 4914 1789 4983 virgo
1836 4912 2197 4981 permanebis,
2227 4914 2430 4983 angelis

845 5003 938 5057 Dei
984 5001 1080 5056 fies
1124 5000 1369 5069 aequalis,
1402 5000 1598 5070 quibus
1629 5000 1843 5054 tandem
1875 5002 2073 5069 stipata
2104 5002 2254 5072 gravi
2309 5018 2431 5057 cor-

843 5093 993 5163 poris
1035 5108 1202 5147 onere
1247 5091 1489 5161 abjecto,
1544 5091 1914 5160 pertransit-ns
1965 5106 2092 5146 aera
2142 5108 2428 5162 supergra-

843 5181 1011 5236 dieris
1059 5182 1288 5247 :ethera,
1328 5181 1607 5235 zodiacum
1664 5196 1950 5250 percurres
1995 5182 2279 5247 circulum,
2330 5198 2428 5237 nec

843 5270 1188 5320 subsistendo
1225 5271 1552 5320 temnerahis
1592 5285 1859 5320 gressum.
1902 5271 2071 5320 donec
2102 5272 2426 5320 amnlexaris

1727 411 2192 471 HROTSUITHE
2234 415 2555 475 MONIALIS
2588 422 3281 487 GANDERSHEIMENSIS

2477 541 2533 599 Α

3990 435 4128 489 1016

3230 559 3461 607 ΣΡΠΚΕΙ.

2557 668 2561 679 .
2626 631 2766 687 Ecce
2791 633 3154 689 nanciscimur
3183 635 3237 690 in
3272 646 3492 706 pectore
3523 635 3754 692 infantili
3791 636 3973 692 senilis
4015 652 4136 690 ina-

2559 723 2838 778 turitatem
2866 725 3087 795 ingenii.

3213 832 3475 871 ABBAHAK.

2626 904 2810 961 Gratia
2833 905 2927 971 Dei
2957 903 3009 962 id
3036 914 3116 963 est
3146 910 3290 978 quod
3312 919 3416 963 est.

3229 1014 3459 1054 BPHBEI.

2624 1090 2818 1160 Negari
2850 1091 3035 1161 nequit

3207 1199 3473 1240 ADRABAH.

2628 1272 2733 1329 Sed
2772 1274 2897 1329 licet
2927 1274 3023 1331 Dei
3056 1276 3230 1347 gratia
3273 1277 3345 1330 sit
3369 1276 3660 1343 illustrata,
3696 1271 4012 1334 imbecillam
4052 1285 4140 1331 ta—

2555 1380 2675 1420 men
2710 1374 2918 1423 aatatem
2953 1382 3051 1421 suo
3074 1368 3151 1422 uti
3180 1383 3285 1423 non
3312 1368 3530 1437 prodest
3551 1368 3796 1423 arbitrio.

3226 1474 3457 1514 EPHREM.

2624 1548 2844 1603 Verum.

3132 1657 3149 1673 ⁴
3203 1658 3474 1696 ΑΒΒΑΠᾹΠ.

2623 1729 2747 1796 ideo
2776 1731 2975 1785 faciam
3004 1730 3078 1784 illi
3108 1731 3357 1801 exiguam
3380 1732 3447 1786 ab
3470 1731 3690 1787 introitu
3719 1730 3964 1787 cellulam
3994 1733 4142 1787 meis

2556 1822 2943 1876 mansiunculis
2980 1822 3310 1893 contiguam,
3354 1838 3451 1892 per
3472 1822 3624 1891 cujus
3663 1821 3953 1877 fenestram
3992 1823 4137 1893 psalc

2478 1888 2523 1947 Β
2556 1913 2748 1966 terium
2778 1922 3111 1982 caeterasque
3134 1888 3505 1983 divina—legis
3532 1888 3775 1983 paginas,
3823 1911 3969 1967 illam
3993 1888 4134 1967 tere—

2551 2002 2700 2056 brius
2728 2002 3017 2068 visitando,
3053 2002 3339 2059 instruam.

3231 2110 3463 2155 EPBREH.

2619 2180 2900 2239 Convenit.

3248 2296 3434 2335 MARIA.

2619 2368 2754 2435 Tuo,
2778 2368 2942 2426 Pater
2972 2371 3229 2439 Ephrem,
3256 2372 3583 2433 interventui
3614 2387 3697 2427 me
3722 2371 4026 2429 committo.

3225 2482 3460 2519 EPHREI.

2617 2554 2864 2611 Caelestis
2905 2572 3157 2626 sponsus,
3190 2557 3345 2624 cujus
3390 2557 3585 2613 aﬂ‘eetu
3636 2558 3688 2611 in
3735 2555 3929 2611 tenella
3970 2561 4132 2609 atate

2547 2644 2830 2709 inhaesisti,
2866 2655 3079 2700 tueatur
3110 2655 3182 2707 te,
3219 2646 3349 2712 tilia,
3382 2647 3450 2700 ab
3478 2646 3622 2700 omni
3656 2644 3843 2699 fraude
3870 2640 4090 2698 diaboli.

3166 2758 3386 2813 SCENA
3424 2758 3489 2812 Ill

3204 2886 3473 2925 ΛΒΒΔΗΑΙ.

2614 2980 3087 3053 Frater-Ephrem,
3127 2981 3171 3036 si
3212 2981 3338 3051 quid
3366 2981 3495 3035 mihi
3525 2988 3805 3048 utriusque
3852 2991 3980 3031 casu
4010 2973 4121 3029 for-

2545 3087 2688 3131 tuna:
2718 3073 2999 3144 ingeritur,
3029 3082 3080 3126 te
3116 3072 3349 3141 primum
3390 3070 3546 3133 adeo,
3580 3078 3629 3123 te
3660 3067 3831 3122 solum
3879 3064 4124 3121 consulo.

2549 3165 2699 3222 (Inde
2726 3180 2792 3219 ne
2823 3165 2898 3218 sis
2947 3163 3206 3217 adversus
3230 3160 3582 3231 querimonia:
3608 3174 3767 3227 quam
3794 3169 4119 3227 prosequor-

2472 3239 2516 3301 (ἶ
2548 3259 2641 3313 sed
2669 3257 2749 3312 fer
2773 3271 2930 3337 opem
2956 3254 3127 3309 dolori
3158 3268 3316 3322 quem
3343 3252 3540 3320 patior.

3220 3356 3429 3395 EPHREM

2614 3434 2911 3497 Abraham,
2941 3430 3236 3493 Abraham,
3260 3429 3389 3498 quid
3429 3428 3637 3497 pateris
3654 3428 3683 3480 ἓ
3705 3427 3815 3481 Cur
3837 3424 3955 3494 plus
3979 3424 4123 3479 licito

2544 3524 2919 3580 contristaris?
2947 3522 3231 3591 Nunquam
3261 3517 3460 3573 fuitfas
3484 3514 3788 3573 eremicola:
3810 3514 4119 3569 conturbari

2544 3612 2883 3670 saecularium
2910 3627 3059 3667 more

3204 3715 3474 3756 ADRAUAH.

2615 3795 3051 3866 lncomparahilis
3096 3794 3271 3848 luctus
3309 3791 3440 3846 mihi
3485 3788 3729 3859 contigit,
3771 3783 4121 3844 intolerabilis

2544 3887 2694 3943 dolor
2723 3902 2809 3941 me
2840 3885 3023 3940 allicit.

3218 3990 3450 4029 EPHREM.

2613 4069 2691 4124 Ne
2747 4069 2914 4139 fatiga
2959 4082 3047 4122 me
3094 4068 3251 4137 longa
3296 4066 3587 4119 verborum
3631 4059 3984 4123 circuitione;
4026 4057 4118 4112 sed

2541 4163 2669 4233 quid
2698 4160 2924 4231 patiaris
2948 4172 3174 4227 expone.

3189 4261 3457 4302 ADRAHAM.

2612 4345 2803 4410 Maria,
2852 4342 2955 4398 mis
2988 4342 3167 4411 optiva
3199 4339 3329 4403 lilia,
3359 4351 3521 4407 quam
3556 4348 3655 4403 per
3674 4332 3759 4387 bis
3794 4330 3919 4386 bina
3951 4328 4115 4382 lustra

2540 4452 2749 4492 summa
2772 4433 3046 4504 diligentia
3078 4430 3301 4491 nutrivi,
3331 4442 3538 4483 summa
3565 4422 3783 4480 solertia
3815 4416 4114 4478 instruxi...

3218 4536 3446 4577 EPHREM.

2460 4577 2517 4636 D
2609 4620 2747 4688 Quid
2782 4619 2915 4673 illa?

3190 4720 3435 4762 ΛΒΒΑΗΛΜ

2606 4802 2703 4857 "ei
2741 4802 2899 4856 mihi!
2934 4800 3113 4871 periit.

3213 4905 3443 4945 EPBREM.

2611 4984 2883 5051 Qualiter?

3197 5086 3465 5127 ABBAHAM.

2606 5164 3011 5227 Miserabiliter;
3042 5162 3235 5218 deinde
3257 5160 3428 5216 evasit
3466 5157 3718 5212 latenter.

3202 5266 3433 5305 ΕΡΒΒΕΜ.
