4486 5544
312 332 316 337 ’
384 359 515 411 θοι-ι

381 560 672 615 fenestram
710 564 776 617 ad
808 567 1127 633 patrandum
1162 568 1369 625 facinus
1394 572 1628 627 esiliret.

1051 676 1278 716 EPHREI.

359 785 363 789 .
450 743 820 801 Contremtsco
848 749 1052 803 auditu.

1026 854 1287 894 ΑΒΒΑῙΙΑΜ.

446 923 515 975 At
560 922 648 977 ubi
703 924 817 993 ipsa
846 925 1024 981 infelix
1077 944 1134 983 se
1186 941 1491 1001 corruptam
1540 938 1729 1002 sensit,
1766 949 1951 1007 peetus

376 1012 625 1079 pulsavit,
656 1012 847 1068 faciem
878 1032 1037 1069 manu
1067 1018 1343 1085 laceravit,
1380 1033 1558 1079 vestes
1581 1026 1760 1091 scidit,
1786 1028 1951 1096 capil-

377 1100 455 1155 los
480 1103 639 1168 eruit,
666 1118 823 1159 voces
855 1107 907 1158 in
935 1107 1101 1161 altum
1131 1108 1381 1176 ejulando
1404 1113 1571 1167 dedit.

1050 1215 1282 1254 EPHREI.

448 1279 557 1336 Nec
583 1281 800 1350 injuria,
829 1284 1134 1353 hujusmodi
1176 1304 1410 1359 namque
1436 1293 1586 1346 ruina
1622 1302 1733 1348 toto
1776 1295 1948 1367 lacry-

372 1387 577 1427 marum
610 1373 757 1428 fonte
791 1384 875 1429 est
903 1375 1151 1447 lugenda.

1021 1485 1285 1525 ABRAHAI.

441 1550 865 1609 Lamentabatur
891 1574 1123 1628 namque
1158 1577 1219 1616 se
1243 1564 1385 1631 quod
1408 1563 1583 1620 fuerat
1614 1582 1720 1621 non
1743 1582 1882 1621 esse.

1037 1664 1270 1704 EPHREI.

442 1731 531 1785 Va:
556 1730 630 1786 illi
663 1733 872 1789 misera:
891 1735 904 1787 !

1000 1843 1268 1884 ΑΒΒΑΗΑΙ.

438 1908 543 1978 35
580 1908 819 1980 Lugebat
847 1928 904 1968 se
933 1917 1133 1971 nostris
1160 1921 1433 1974 contraria
1462 1922 1681 1978 monitis
1706 1923 1901 1994 egisse.

1042 2020 1276 2064 EPHREM.

437 2090 511 2143 Ac
544 2092 717 2146 valde.

1016 2206 1282 2245 ΑΒΗΑΗΑᾙ.

436 2270 654 2326 Deﬂevit
685 2288 743 2328 se
793 2276 1121 2345 vigiliarum,
1153 2282 1481 2349 orationum,
1520 2283 1818 2355 jejuniique
1846 2302 1940 2342 su-

364 2361 525 2416 dores
552 2379 865 2419 evacuasse.

1037 2474 1268 2514 EPHBEI.

421 2541 475 2595 Si
546 2544 599 2597 in
668 2544 757 2597 tali
832 2552 1249 2617 compnnctione
1318 2564 1718 2623 perseveraret,
1786 2555 1935 2612 salva

362 2630 533 2685 ﬁeret.

993 2744 1259 2783 ABRAHAM.

433 2812 583 2868 Haud
654 2820 1057 2885 perseveravit,
1108 2822 1201 2875 sed
1255 2824 1436 2893 pejora
1502 2825 1777 2895 prioribus
1833 2842 1931 2897 ap-

357 2902 555 2970 posuit.

1030 3016 1260 3056 EPHREI.

428 3080 642 3137 Viscera
700 3094 853 3140 tenus
911 3091 1204 3144 conturbor
1254 3093 1485 3164 totisque
1542 3098 1804 3153 membris
1849 3114 1932 3153 re-

354 3172 551 3227 solvor.

1007 3284 1273 3323 ABRAHAI.

427 3352 717 3421 Postquam
751 3356 893 3409 enim
922 3356 1072 3411 hisce
1098 3358 1350 3413 lamentis
1391 3377 1449 3415 se
1470 3365 1701 3431 punivit,
1742 3366 1933 3420 nimie-

354 3452 462 3500 tate
500 3448 642 3501 victa
679 3448 878 3504 doloris
911 3466 1147 3522 praeceps
1178 3454 1453 3511 ferebatur
1483 3458 1535 3511 in
1584 3456 1793 3513 foveam
1840 3462 1934 3513 de-

353 3536 694 3606 sperationis.

1012 3649 1243 3688 EPHREM.

423 3719 500 3773 Eli
519 3710 671 3774 'heu!
706 3737 867 3791 quam
893 3726 1071 3795 gravis
1098 3728 1364 3795 perditio!

1014 3831 1282 3869 ABRAHAM.

423 3898 489 3952 Et
508 3900 632 3968 quia
664 3901 874 3955 veniam
905 3903 1209 3971 desperavit
1236 3921 1391 3973 posse
1416 3906 1632 3973 mereri,
1671 3908 1927 3965 saeculum

352 3996 599 4057 repetere
629 3991 956 4060 vanitatique
991 3993 1148 4063 elegit
1187 3995 1479 4049 deservire.

1018 4099 1251 4138 EPHREI.

422 4169 551 4223 llem
579 4172 593 4224 l
625 4186 723 4240 par
762 4173 989 4227 victoria
1030 4174 1364 4243 spiritalibus
1403 4176 1455 4230 in
1498 4185 1644 4233 sorte
1670 4180 1926 4235 eremita-

352 4279 468 4317 rum
503 4266 762 4334 nequitiis
794 4275 949 4321 antea
979 4266 1080 4320 fuit
1107 4268 1342 4321 insolita.

1002 4373 1267 4411 ABBAHAI.

420 4441 522 4496 Sed
554 4457 696 4497 nunc
721 4443 1023 4499 daemonum
1050 4462 1234 4501 sumus
1260 4449 1458 4516 prteda.

1012 4551 1244 4591 EPUREI.

418 4621 609 4677 Mirum
646 4625 735 4694 qui
772 4625 885 4680 ﬁeri
922 4637 1124 4697 posset,
1158 4637 1215 4681 ιιι
1246 4638 1295 4684 te
1325 4629 1611 4699 ignorante
1644 4633 1918 4689 evaderet.

1000 4733 1265 4772 ABRAHAI.

420 4803 636 4859 Interim
689 4805 897 4861 fueram
946 4818 1324 4863 consternatus
1355 4817 1537 4865 mente
1571 4826 1637 4865 ex
1688 4820 1921 4868 ostensa:

345 4895 563 4951 visionis
594 4904 822 4962 terrore,
850 4914 977 4967 qua,
1003 4899 1047 4954 si
1078 4915 1229 4955 mens
1256 4915 1362 4955 non
1393 4900 1586 4958 fuisset
1606 4901 1760 4970 laeva,
1786 4904 1919 4960 mihi

342 4985 788 5056 praefigurabatur
816 4988 933 5058 ejus
964 4988 1144 5043 ruina.

1020 5094 1253 5135 EPHBEI.

413 5167 615 5223 Vellem
654 5166 869 5223 modum
909 5170 1132 5226 visionis
1163 5171 1369 5225 audire.

998 5275 1265 5316 ABBAHAI.

405 5347 667 5372 lh,.-7,I--.~.
717 5361 799 5372 ...Α
835 5363 946 5372 -,,.-
992 5352 1033 5372 1⁵-
1053 5368 1127 5372 μ--
1175 5351 1363 5372 --Il--l..

1398 368 1756 425 (3031lesz
1800 370 1951 424 SEX.
1992 403 2059 412 -—
2100 376 2185 429 ιν.
2223 378 2574 436 ΑΒΒΑΗΑΜ.

382 473 528 524 tn'nm
557 474 789 540 pectoris
817 476 882 528 ad
926 477 1008 530 sui
1050 492 1286 533 amorem
1330 482 1553 549 inﬂexit,
1594 486 1727 539 adeo
1765 494 1820 537 ut
1858 500 1954 557 per
1980 492 2029 549 Α

3485 391 3618 446 1018

2720 515 2948 556 EPHREU.

2124 580 2356 638 Evidens
2384 587 2538 641 visio.

2712 696 2977 734 ΑΒΒΑΗΑἊ.

2120 785 2189 837 At
2232 800 2351 855 ego,
2392 788 2479 841 ubi
2536 791 2915 862 expergiscens
2965 801 3142 848 mente
3191 808 3309 862 qua:
3368 794 3615 853 videbam

2052 877 2298 941 tractavi,
2336 880 2561 933 verebar
2601 882 2837 951 aliquam
2868 882 3122 937 Ecclesia:
3168 884 3450 939 imminere
3491 900 3613 957 per-

2051 966 2411 1032 secutionem,
2464 984 2582 1039 quae
2649 971 2835 1028 fideles
2896 973 3155 1044 quosdam
3210 975 3507 1030 attraheret
3563 976 3618 1030 in

2049 1067 2310 1108 errorent.

2702 1166 2932 1207 EPHREI.

2121 1233 2421 1293 Verendum
2452 1249 2589 1295 erat.

2697 1346 2960 1387 ABRAHAH.

2117 1420 2270 1477 Unde
2300 1431 2601 1493 prostratus
2640 1423 2694 1478 in
2722 1426 3020 1479 orationem
3051 1425 3427 1496 praecognitori
3466 1424 3615 1480 futu-

2046 1526 2229 1565 rorum
2288 1514 2581 1584 supplicavi
2613 1553 2628 1566 .
2690 1524 2751 1569 ut
2778 1516 2911 1570 mihi
2967 1517 3241 1589 detegeret
3293 1514 3616 1570 solutionem

2045 1603 2258 1657 somnii.

2705 1711 2916 1752 IPBBEI

2113 1781 2280 1837 Recte
2306 1783 2483 1853 egisti.

2691 1893 2959 1935 ABRAHAI.

2114 1978 2295 2033 Tertia
2327 1982 2545 2035 demum
2584 1993 2762 2047 nocte,
2808 2001 2931 2040 cum
2977 1987 3117 2041 lassa
3149 1988 3328 2059 sopori
3379 1988 3617 2043 membra

2041 2067 2326 2130 dedissem,
2360 2070 2613 2137 putabam
2638 2073 2882 2126 eumdem
2906 2073 3195 2129 draconem
3222 2076 3357 2130 meis
3379 2076 3622 2145 vestigiis

2041 2158 2343 2227 disruptum
2395 2159 2680 2226 volutasse,
2735 2162 3015 2231 ipsamque
3069 2164 3370 2219 columbam
3416 2165 3619 2234 absque

2044 2246 2264 2302 hesioue
2288 2249 2591 2304 emicuisse.

2705 2356 2937 2396 EPHREI.

2111 2428 2382 2485 Laetificor
2410 2432 2619 2495 auditu,
2653 2449 2752 2488 nec
2779 2436 2992 2505 ambigo
3022 2435 3149 2505 quin
3181 2446 3269 2491 tua
3296 2437 3618 2506 quandoque

2042 2522 2107 2575 ad
2137 2532 2185 2577 te
2216 2535 2517 2578 revertatur
2546 2526 2733 2580 Maria.

2694 2633 2962 2674 ΑΒΒΑΗΔΙ.

2119 2700 2413 2773 Postquam
2439 2705 2699 2775 cvigilans
2725 2706 2883 2774 hujus
2911 2707 3169 2761 solamine
3215 2708 3439 2763 visionis
3482 2717 3617 2761 tem-

2037 2794 2291 2863 perabam
2332 2796 2603 2848 tristitiam
2635 2798 2854 2864 prioris,
2894 2808 3128 2851 mentem
3159 2799 3333 2866 recepi
3361 2807 3417 2851 ut
3447 2799 3611 2852 remi-

2036 2886 2275 2939 niscerer
2301 2885 2548 2939 alumnae.
2593 2887 2724 2942 Illud
2759 2904 2974 2959 quoque
3001 2890 3045 2944 si
3078 2890 3193 2944 sine
3234 2890 3453 2944 tristitia
3484 2905 3613 2957 .me-

2034 2978 2189 3042 mini,
2250 2981 2390 3048 quod
2444 2980 2612 3048 ipsam
2669 2983 2719 3035 in
2774 2984 2998 3036 duorum
3057 2986 3341 3040 intervallo
3400 2986 3607 3040 dierum

2035 3068 2229 3121 divina:
2256 3068 2596 3123 innittentem
2633 3069 2776 3126 laudi
2813 3072 2972 3127 solito
3010 3088 3115 3127 non
3144 3074 3310 3128 sensi.

2720 3196 2951 3236 EPHBEI.

2108 3267 2244 3323 Sero
2272 3271 2587 3325 meministi.

2688 3379 2957 3417 ΔΒΠΑΒΑΜ.

2102 3466 2317 3523 Fateor.
2374 3468 2617 3534 Accessi,
2665 3486 2828 3524 manu
2882 3470 3171 3529 fenestram
3223 3476 3451 3546 pulsavi,
3502 3479 3611 3549 36

2032 3554 2195 3610 filiam
2235 3559 2431 3628 saepius
2460 3560 2789 3615 nominando
2818 3564 3023 3617 vocavi.

2703 3664 2938 3704 ΕΡΗΒΕΙ.

2100 3737 2185 3792 Ah
2212 3740 2225 3793 !
2254 3737 2461 3795 frustra
2498 3741 2725 3795 vocasti.

2678 3847 2947 3886 ΑΒΚΛΠΑΜ.

2101 3916 2212 3971 [Ioc
2246 3918 2419 3973 adhuc
2458 3934 2561 3973 non
2597 3923 2773 3985 sensi,
2807 3924 2901 3976 sed
2933 3940 3030 3978 cur
3063 3926 3393 3997 negligenter
3435 3930 3486 3982 in
3521 3930 3607 3983 di-

2032 4006 2171 4061 vinis
2203 4015 2391 4077 ageret
2428 4009 2644 4078 rogavi;
2672 4010 2764 4064 sed
2797 4027 2896 4065 nec
2925 4012 3057 4068 levis
3086 4016 3335 4070 tinnitum
3363 4020 3606 4088 responsi

2030 4096 2231 4164 recepi.

2704 4204 2934 4247 EPHREI.

2100 4278 2166 4334 Et
2198 4281 2324 4349 quid
2358 4288 2484 4337 tunc
2507 4283 2725 4339 fecisti?

2684 4391 2953 4432 ABRAHAI.

1948 4484 2002 4544 Β
2099 4456 2199 4514 Ubi
2238 4459 2429 4515 abesse
2468 4476 2630 4531 quam
2673 4469 2981 4532 quaerebam
3010 4468 3367 4539 deprehendi,
3393 4473 3599 4529 viscera

2027 4546 2459 4605 discutiebantur
2533 4553 2765 4621 timore,
2843 4559 3083 4612 membra
3160 4571 3604 4623 contremuerunt

2025 4652 2243 4709 pavore.

2693 4752 2923 4793 EPHBEI.

2095 4821 2205 4877 Nec
2253 4822 2467 4877 mirum.
2518 4822 2677 4880 Certe
2706 4835 2760 4879 et
2808 4843 2909 4897 ego
2934 4828 2987 4884 id
3034 4830 3206 4900 ipsum
3255 4847 3396 4887 nunc
3427 4833 3601 4900 patior

2025 4912 2293 4968 audiendo

2636 5050 2637 5053 η
2682 5027 2950 5069 ΑΒΒΑΠΑΙ.

2094 5095 2295 5151 Deinde
2373 5096 2643 5154 ﬂebilibus
2697 5103 2851 5159 sonis
2901 5118 3059 5158 auras
3112 5104 3309 5174 pollui,
3367 5109 3607 5179 rogitans

2024 5186 2146 5258 quis
2186 5186 2343 5256 lttpns
2386 5203 2561 5242 meam
2598 5204 2797 5261 agnam
2838 5203 3071 5265 raperet,
3099 5196 3221 5265 quis
3249 5193 3386 5250 latro
3430 5213 3607 5251 meam

2028 5280 2190 5336 filiam
2215 5279 2543 5349 captivaret?
