4486 5544
396 370 524 426 ιοει

1047 506 1247 543 ΑΒΠΑΙΙᾹ
1258 507 1287 542 .\I
1300 529 1312 543 .

464 574 653 644 Magna
678 575 774 629 tibi
801 591 898 644 pro
922 578 1076 634 hilari
1099 582 1442 649 susceptione
1464 582 1653 646 debeo,
1680 582 1771 637 sed
1794 584 1969 639 adhuc

397 662 597 731 majora
629 680 658 717 a
690 674 743 719 te
772 677 986 735 expeto.

991 771 1369 811 STABULARIUS.

462 846 592 907 Quae
615 844 761 901 voles
790 856 847 901 ut
886 862 1270 903 concessurum
1294 849 1544 921 eﬂlagita.

1049 954 1317 993 ΔΒΒΑΠΑῚ.

461 1024 661 1094 Accipe
711 1027 815 1081 vile
857 1044 1051 1083 munus
1093 1032 1235 1099 quod
1282 1032 1487 1097 defero,
1518 1043 1573 1087 et
1617 1034 1702 1089 fac
1756 1044 1812 1088 ut
1852 1050 1972 1104 per-

395 1114 823 1186 pulchra,qnam
856 1128 1033 1174 tecum
1080 1122 1356 1178 obversari
1403 1127 1745 1197 experiebar,
1795 1128 1969 1197 puella

394 1214 581 1260 nostro
609 1206 823 1261 intersit
846 1210 1115 1263 convivio.

988 1298 1367 1353 sunuuiws.

462 1380 571 1435 Cur
597 1384 743 1441 illam
781 1386 1063 1442 desideras
1100 1390 1317 1443 videre?

1045 1494 1313 1533 ABRAIIAM.

460 1560 593 1626 Quia
647 1564 873 1618 nimium
907 1567 1146 1622 delector
1200 1572 1253 1623 in
1304 1570 1420 1637 ejus
1476 1574 1768 1641 agnitione,
1816 1575 1970 1643 cujus

391 1650 845 1720 pulchritudinem
882 1655 1199 1723 aspluribus
1229 1657 1428 1712 laudari
1473 1662 1755 1714 audiebam
1784 1664 1968 1730 smpis-

392 1754 547 1793 sume.

992 1851 1380 1891 STABUIJRIUS.

460 1920 717 1991 Quisquis
746 1923 995 1979 laudator
1032 1924 1147 1992 ejus
1177 1926 1360 1978 forma:
1384 1925 1610 1991 exstitit,
1644 1926 1776 1980 nihil
1812 1926 1964 1981 fefel-

390 2018 474 2074 lit.
507 2019 640 2074 Nam
674 2024 920 2091 prtenitct
962 2032 1189 2081 venusta
1237 2023 1385 2078 vultu
1412 2040 1521 2095 pra:
1549 2026 1747 2080 ceteris
1776 2026 1967 2079 mulie-

392 2108 557 2163 ribus.

1046 2222 1315 2260 ABRAIIAM.

457 2290 582 2347 Ideo
606 2292 772 2348 ardeo
797 2294 849 2347 in
875 2294 994 2364 ejus
1023 2312 1227 2350 amore.

704 2438 720 2459 ,
988 2403 1371 2443 ετΑΒυιΑκιυε.

459 2472 625 2529 Miror
651 2483 705 2530 te
736 2477 788 2529 in
833 2477 1106 2547 decrepita
1137 2489 1416 2534 senectute
1441 2478 1743 2548 juveneula:
1770 2481 1962 2535 mulie-

390 2567 466 2620 ris
501 2582 741 2622 amorem
775 2569 1005 2637 spirare.

1042 2675 1309 2715 ABRAHAI.

456 2746 708 2800 Pcrcerte
734 2746 935 2801 nullius
967 2748 1103 2802 alius
1134 2750 1209 2803 rei
1240 2766 1403 2804 causa
1443 2751 1671 2814 accessi,
1704 2751 1807 2805 nisi
1847 2766 1967 2805 eam

390 2836 626 2890 videndi.

1007 2926 1227 2985 SCENA
1267 2929 1348 2983 Vl.

971 3034 1356 3075 ετΑιιυιΑιιιυδ.

456 3104 718 3169 Procede,
776 3105 967 3171 Maria,
1030 3108 1216 3176 tuique
1264 3108 1717 3178 pulchritudinem
1783 3118 1967 3164 nostro

384 3195 659 3265 tieophyto
689 3194 933 3251 ostende.

1002 3287 1114 3357 38
1152 3300 1339 3341 IARIA.

453 3371 593 3427 Ecce
621 3373 795 3426 venio.

1042 3478 1311 3517 ABRAHAII.

455 3550 585 3618 Quae
617 3550 833 3616 fiducia,
888 3567 1007 3622 quae
1054 3553 1362 3607 constantia
1415 3553 1612 3607 mentis
1664 3552 1794 3606 mihi
1845 3561 1967 3621 post

384 3643 525 3707 haec,
558 3656 679 3695 cum
722 3642 885 3706 hanc,
935 3658 1097 3711 quam
1134 3644 1339 3698 nutrivi
1394 3644 1445 3695 in
1495 3644 1661 3697 eremi
1710 3642 1966 3706 latibulis,

375 3732 693 3786 meretricio
724 3732 871 3786 vultu
914 3743 1160 3789 ornatam
1205 3734 1516 3802 conspicio?
1570 3733 1675 3787 Sed
1728 3750 1832 3787 non
1885 3745 1969 3790 est

376 3832 596 3890 tempus
642 3834 701 3875 ut
742 3822 1118 3892 praeﬂguretur
1169 3824 1222 3877 in
1274 3824 1410 3877 facie
1460 3825 1599 3891 quod
1650 3832 1861 3877 tenetur
1912 3824 1966 3877 in

374 3912 563 3966 corde.
596 3912 958 3981 Erumpentcs
986 3914 1253 3984 lacrymas
1282 3915 1513 3967 viriliter
1540 3917 1768 3981 stringe,
1796 3924 1856 3967 et
1896 3915 1968 3967 si-

376 4000 585 4055 mulata
616 4002 793 4056 vultus
816 4002 1090 4057 hilaritate
1114 4005 1337 4057 interna:
1371 4004 1791 4059 amaritudinem
1839 4022 1966 4062 IMP.-

379 4091 667 4145 stitudinis
689 4102 934 4160 contego.

980 4196 1365 4237 STABULARIUS.

448 4270 749 4326 Fortunata
785 4270 972 4335 Maria,
1005 4272 1204 4335 lauare,
1247 4273 1372 4341 quia
1405 4289 1509 4326 non
1537 4271 1708 4327 solum
1750 4282 1807 4325 ut
1837 4273 1967 4327 hac-

374 4369 536 4415 tenus
565 4360 643 4413 tui
681 4360 871 4424 coaavi,
921 4360 1016 4415 sed
1064 4362 1228 4415 etiam
1278 4361 1428 4416 senio
1470 4360 1579 4429 jam
1630 4359 1859 4415 confecti
1908 4370 1961 4414 te

370 4452 597 4514 adeunt,
626 4462 677 4506 te
706 4451 771 4504 ad
802 4450 1092 4505 amandum
1129 4450 1426 4505 conﬂuunt.

711 4541 717 4547 ’
1069 4556 1257 4596 ΙΑιιιΑ.

441 4632 767 4700 Quicunque
790 4646 876 4686 me
906 4630 1136 4702 diligunt
1164 4630 1427 4699 :equalem
1475 4628 1678 4684 amoris
1709 4630 1880 4686 vicem
1926 4644 1957 4684 a

373 4739 466 4778 me
500 4723 792 4793 recipiunt.

1028 4827 1297 4867 ABBAIIAN.

388 4950 394 4955 .
442 4903 680 4968 Accede,
710 4901 901 4968 Maria,
933 4914 988 4958 et
1017 4904 1082 4959 da
1110 4905 1238 4957 mihi
1271 4904 1537 4958 osculum.

1070 5011 1255 5048 NARIA.

440 5087 561 5142 Non
586 5086 760 5142 solum
788 5086 962 5141 dulcia
988 5087 1168 5142 oscula
1200 5086 1401 5149 libabo,
1433 5088 1528 5142 sed
1558 5088 1720 5142 etiam
1751 5087 1957 5143 crenris

372 5180 548 5238 senile
581 5178 781 5235 collum
808 5180 1143 5249 amplexibus
1171 5180 1435 5234 mulcebo.

1033 5282 1299 5325 ABRAHAM.

436 5360 554 5417 Hoc
580 5357 708 5415 volo

1064 5462 1247 5508 IMR“.

1447 379 1803 436 COMGSDL’E
1845 384 1998 439 SEX.
2039 418 2105 427 —
2145 388 2229 443 IV.
2274 391 2626 447 ABRAIIAM.

3516 394 3652 448 1022

2728 520 2990 559 ΑΒΠΑΙΙΑΜ.

2146 594 2320 661 Nunc,
2358 613 2499 651 nunc
2530 599 2913 662 simulandum,
2949 614 3089 652 nunc
3118 598 3449 652 lascivientis
3498 613 3647 652 more

2073 692 2226 761 pueri
2251 693 2390 761 jocis
2422 694 2752 759 instandum,
2786 711 2853 749 ne
2883 706 2937 748 et
2968 710 3065 764 ego
3094 708 3355 763 aguoscar
3380 708 3489 759 prie
3518 708 3645 753 tira-

2073 784 2261 849 vitate,
2290 794 2344 837 et
2377 785 2487 854 ipsa
2518 800 2576 839 se
2606 788 2795 840 reddat
2826 786 3063 839 latibulis
3091 801 3201 854 pm:
3226 785 3448 853 pudore.

2708 864 2711 865 ν
2766 894 2949 931 ΝΑΒΙΑ.

2148 969 2234 1023 Va:
2268 971 2396 1024 mihi
2432 971 2629 1025 infelici
2658 974 2668 1025 !
2702 972 2855 1027 Unde
2885 972 3075 1034 cecidi,
3108 980 3163 1025 et
3193 971 3244 1024 in
3276 984 3433 1038 quam
3464 968 3643 1038 perdi-

2076 1060 2233 1113 tionis
2258 1058 2464 1113 foveam
2494 1063 2710 1116 corrui?

2725 1167 2993 1205 ABRMIAM.

2145 1240 2242 1293 llic
2273 1256 2378 1293 non
2406 1250 2487 1293 est
2524 1251 2681 1310 aptus
2708 1242 2939 1311 querela:
2966 1242 3137 1304 locus,
3172 1239 3261 1292 ubi
3299 1237 3645 1293 convivarum

2072 1328 2288 1382 conﬂuit
2316 1340 2629 1383 conventus.

2666 1435 3049 1475 STABL’LARIITS.

2142 1513 2346 1565 Domna
2390 1512 2579 1578 Maria,
2628 1527 2724 1564 cur
2770 1511 3001 1580 suspiria
3053 1508 3260 1561 trahis?
3302 1506 3411 1561 Cur
3462 1504 3649 1558 mades

2076 1603 2367 1671 lacrymis?
2397 1602 2583 1656 Nonne
2618 1618 2713 1671 per
2762 1601 3038 1655 biennium
3088 1598 3172 1651 hic
3215 1594 3647 1655 conversabaris,

2072 1701 2125 1746 et
2153 1708 2425 1760 nunquam
2457 1708 2523 1745 ex
2555 1701 2605 1745 te
2633 1692 2862 1759 gemitus
2910 1689 3174 1759 prorupit,
3220 1699 3496 1752 nunquam
3550 1681 3652 1736 tri-

2078 1783 2211 1836 stior
2246 1797 2425 1835 sermo
2454 1782 2671 1849 prodiit.

2767 1886 2949 1923 MARIA.

2142 1957 2187 2013 Ο
2235 1958 2441 2011 utinam
2493 1955 2711 2010 fuissem
2762 1966 2886 2010 ante
2935 1958 3095 2009 trium
3158 1968 3418 2008 annorum
3476 1951 3650 2020 spatia

2073 2057 2245 2102 morte
2272 2049 2580 2115 absumpta,
2615 2062 2684 2100 ne
2711 2046 2775 2100 ad
2804 2055 2950 2098 tanta
2981 2046 3291 2099 devenircni
3318 2043 3541 2111 ﬂagitia.

2725 2148 2994 2187 ABRAIIAH.

2142 2223 2258 2277 Non
2284 2232 2343 2277 ut
2375 2232 2463 2276 tua
2497 2230 2715 2292 peccata
2746 2222 3055 2291 plangorem
3086 2220 3302 2285 adveni,
3332 2219 3424 2273 scd
3475 2226 3533 2270 ut
3561 2224 3651 2268 tuo

2067 2313 2322 2383 jungerer
2350 2313 2543 2367 amori.

2766 2418 2953 2456 “ABIA.

2146 2493 2271 2547 Levi
2303 2494 2723 2561 compnnctione
2747 2493 3127 2561 perinoveliar,
3161 2491 3280 2545 ideo
3311 2488 3438 2543 talia
3472 2486 3647 2542 fabar.

2072 2585 2178 2640 Sed
2206 2585 2486 2653 epulcmur
2510 2593 2564 2638 et
2606 2583 2870 2646 lmtemur,
2922 2583 3071 2651 quia,
3125 2591 3182 2634 ut
3238 2578 3518 2644 monuisti,
3562 2577 3653 2632 hic

2074 2690 2178 2728 non
2206 2682 2289 2727 est
2315 2682 2526 2741 tempus
2557 2680 2774 2741 peccata
2805 2670 3112 2740 plangendi.

2724 2797 2992 2835 ABRMIAM.

2143 2899 2360 2954 Aﬂ'atim
2394 2897 2602 2961 refecti,
2638 2894 2842 2948 affatim
2875 2908 3061 2946 sumus
3098 2890 3292 2945 ebriati
3342 2897 3429 2941 tua
3478 2886 3643 2956 largi-

2075 3004 2182 3047 tate
2208 2992 2646 3053 administrante,
2680 3004 2712 3041 ο
2741 2989 2876 3041 bone
2906 2984 3204 3047 stabulari;
3257 2984 3321 3035 da
3376 2981 3650 3034 licentiam

2073 3100 2101 3135 a
2132 3097 2286 3137 coena
2330 3080 2607 3149 surgendi,
2658 3092 2765 3145 quo
2814 3076 3013 3128 lassmn
3063 3087 3261 3142 corpus
3312 3072 3363 3123 in
3413 3078 3647 3125 stratum

1990 3172 2040 3232 C
2069 3186 2386 3240 componam
2421 3170 2671 3239 dulcique
2697 3167 2880 3235 quiete
2912 3178 3173 3218 recreem.

2672 3267 3054 3308 STABULARIUS.

2142 3345 2211 3399 Ut
2236 3345 2382 3397 libet.

2761 3446 2949 3484 NABIA.

2140 3525 2334 3595 Surge,
2366 3524 2561 3578 domne
2594 3523 2690 3587 mi,
2720 3534 2916 3589 surge;
2952 3527 3131 3571 tecum
3174 3515 3380 3585 pariter
3430 3513 3648 3567 tendam

2068 3618 2134 3673 ad
2167 3617 2363 3671 cubile.

2724 3717 2994 3756 ABBMIAI.

2138 3795 2341 3849 Placet.
2375 3794 2690 3847 Nullatenus
2714 3793 2835 3860 cogi
2881 3805 3095 3859 possem
3142 3796 3201 3843 ut
3248 3796 3300 3841 te
3330 3801 3435 3840 non
3482 3785 3650 3839 comi-

2070 3894 2218 3939 tante
2242 3885 2467 3938 exirem.

2658 3971 2881 4027 SCENA
2932 3970 3040 4024 VII.

2760 4097 2948 4135 IARIA.

2141 4179 2282 4232 Ecce
2314 4174 2606 4228 triclinium
2638 4173 2703 4227 ad
2734 4168 3144 4225 inhabitandum
3193 4166 3303 4237 39
3348 4164 3504 4219 nobis
3553 4178 3649 4233 ap-

2067 4278 2210 4332 tum;
2235 4281 2360 4320 ecce
2384 4265 2554 4318 lectus
2578 4264 2718 4316 haud
2743 4262 2936 4315 vilibus
2958 4258 3273 4315 stramentis
3296 4254 3644 4323 compositus.

2066 4357 2224 4417 Sede,
2257 4365 2317 4409 ut
2348 4355 2443 4409 tibi
2465 4353 2748 4408 detraham
2779 4351 3163 4409 ealceamenta,
3197 4361 3265 4400 ne
3291 4355 3345 4398 tu
3376 4346 3486 4413 ipse
3530 4341 3647 4395 fati-

2065 4448 2208 4520 geris
2233 4443 2628 4500 discalceando.

2720 4544 2989 4584 ABBAHAII.

2137 4630 2280 4689 Muni
2312 4628 2463 4697 prius
2488 4625 2625 4679 seris
2653 4623 2875 4685 ostium,
2904 4636 2970 4675 ne
3000 4618 3122 4689 quis
3154 4614 3457 4671 introeumli
3492 4612 3646 4664 inve-

2068 4722 2184 4777 niat
2216 4721 2440 4775 aditum.

2760 4821 2945 4860 IARIA.

2139 4904 2315 4973 Super
2340 4902 2444 4956 hoc
2471 4912 2537 4953 n‘e
2568 4897 2911 4961 sollieiteris;
2947 4893 3140 4948 faciam
3169 4901 3229 4945 ut
3273 4889 3403 4943 nulli
3455 4886 3519 4940 ad
3548 4901 3654 4940 nos

2064 4999 2339 5053 tribuatur
2370 5008 2622 5049 accessus
2653 4989 2846 5045 facilis.

2715 5090 2985 5133 ΑΒΒᾹΙΙΛΙ.

2138 5176 2381 5246 Tempus
2410 5172 2592 5226 ablato
2619 5169 2817 5240 capitis
2849 5164 3117 5221 velamine
3146 5161 3267 5233 quis
3288 5156 3399 5246 sim
3422 5155 3649 5224 aperire.

2069 5269 2114 5325 Ο
2143 5244 2391 5336 adoptiva
2418 5261 2548 5325 ﬁlia,
2581 5276 2615 5315 ο
2646 5272 2779 5314 meae
2826 5270 2954 5326 pars
2988 5253 3205 5313 animm,
3253 5244 3447 5345 Maria,
3492 5258 3657 5345 agno-

2070 5334 2259 5416 scisch
2276 5368 2364 5409 me
2388 5365 2595 5415 senem,
2621 5350 2713 5421 qui
2740 5360 2792 5402 te
2819 5355 3050 5417 paterno
3082 5353 3270 5398 amore
3312 5334 3529 5398 nutrivi,
3569 5336 3660 5401 qui

2070 5458 2129 5507 te
2158 5445 2393 5507 cmlestis
2426 5441 2588 5512 Regis
2615 5440 2896 5511 unigenito
2926 5428 3293 5504 desponsavi?
