  <div class='ocr_page' id='page_1' title='image "/cluster/home/n/w/nwhite01/storage/ocr_20150623/137/hvd.32044021286828/515.png"; bbox 0 0 4486 5544; ppageno 0'>
   <div class='ocr_carea' id='block_1_1' title="bbox 855 333 4105 429">
    <p class='ocr_par' dir='ltr' id='par_1_1' title="bbox 855 333 4105 429">
     <span class='ocr_line' id='line_1_1' title="bbox 855 333 4105 429; baseline -0.013 0"><span class='ocrx_word' id='word_1_1' title='bbox 855 371 989 429; x_wconf 65' lang='grc'><strong>1023</strong></span> <span class='ocrx_word' id='word_1_2' title='bbox 1718 361 2189 420; x_wconf 62' lang='lat' dir='ltr'><strong>HROTSUITHE</strong></span> <span class='ocrx_word' id='word_1_3' title='bbox 2227 356 2548 414; x_wconf 78' lang='lat' dir='ltr'><strong>MONIALIS</strong></span> <span class='ocrx_word' id='word_1_4' title='bbox 2586 347 3277 410; x_wconf 78' lang='lat' dir='ltr'><strong>GANDEBSHEIMENSIS</strong></span> <span class='ocrx_word' id='word_1_5' title='bbox 3975 333 4105 389; x_wconf 60' lang='lat'><strong>402‘</strong></span> 
     </span>
    </p>
   </div>
   <div class='ocr_carea' id='block_1_2' title="bbox 1503 451 3274 537">
    <p class='ocr_par' dir='ltr' id='par_1_2' title="bbox 1503 461 3274 537">
     <span class='ocr_line' id='line_1_2' title="bbox 1503 461 3274 537; baseline -0.011 -4"><span class='ocrx_word' id='word_1_6' title='bbox 1503 495 1772 533; x_wconf 69' lang='lat' dir='ltr'><strong>ABRAHMI.</strong></span> <span class='ocrx_word' id='word_1_7' title='bbox 2462 474 2509 531; x_wconf 73' lang='grc' dir='ltr'><strong>Α</strong></span> <span class='ocrx_word' id='word_1_8' title='bbox 2539 483 2739 531; x_wconf 87' lang='lat' dir='ltr'><strong>seerer,</strong></span> <span class='ocrx_word' id='word_1_9' title='bbox 2768 466 2876 537; x_wconf 71' lang='grc' dir='ltr'>ω</span> <span class='ocrx_word' id='word_1_10' title='bbox 2907 461 3274 534; x_wconf 81' lang='lat' dir='ltr'><strong>proferebam‘l</strong></span> 
     </span>
    </p>
   </div>
   <div class='ocr_carea' id='block_1_3' title="bbox 2337 451 4108 537">
    <p class='ocr_par' dir='ltr' id='par_1_3' title="bbox 2462 451 4108 537">
     <span class='ocr_line' id='line_1_3' title="bbox 2462 451 4108 537; baseline -0.015 -14"><span class='ocrx_word' id='word_1_11' title='bbox 2462 474 2509 531; x_wconf 73' lang='grc' dir='ltr'>Α</span> <span class='ocrx_word' id='word_1_12' title='bbox 2539 483 2739 531; x_wconf 87' lang='lat' dir='ltr'><strong>seerer,</strong></span> <span class='ocrx_word' id='word_1_13' title='bbox 2768 466 2876 537; x_wconf 72' lang='grc' dir='ltr'>ω</span> <span class='ocrx_word' id='word_1_14' title='bbox 2907 461 3283 534; x_wconf 86' lang='lat' dir='ltr'><strong>proferebam?</strong></span> <span class='ocrx_word' id='word_1_15' title='bbox 3339 457 3448 513; x_wconf 92' lang='lat' dir='ltr'><strong>Cur</strong></span> <span class='ocrx_word' id='word_1_16' title='bbox 3475 456 3708 510; x_wconf 87' lang='lat' dir='ltr'><strong>demisso</strong></span> <span class='ocrx_word' id='word_1_17' title='bbox 3729 451 3878 506; x_wconf 84' lang='lat' dir='ltr'><strong>vultu</strong></span> <span class='ocrx_word' id='word_1_18' title='bbox 3910 460 4108 503; x_wconf 89' lang='lat' dir='ltr'><strong>terram</strong></span> 
     </span>
    </p>
   </div>
   <div class='ocr_carea' id='block_1_4' title="bbox 923 541 4114 639">
    <p class='ocr_par' dir='ltr' id='par_1_4' title="bbox 923 541 4114 639">
     <span class='ocr_line' id='line_1_4' title="bbox 923 541 4114 639; baseline -0.011 -14"><span class='ocrx_word' id='word_1_19' title='bbox 923 573 1062 639; x_wconf 65' lang='lat' dir='ltr'><strong>Quid</strong></span> <span class='ocrx_word' id='word_1_20' title='bbox 1085 569 1314 639; x_wconf 90' lang='lat' dir='ltr'><strong>eontigit</strong></span> <span class='ocrx_word' id='word_1_21' title='bbox 1340 569 1458 633; x_wconf 88' lang='lat' dir='ltr'><strong>tibi,</strong></span> <span class='ocrx_word' id='word_1_22' title='bbox 1493 568 1634 621; x_wconf 99' lang='lat' dir='ltr'><strong>ﬁlia?</strong></span> <span class='ocrx_word' id='word_1_23' title='bbox 2544 557 2798 625; x_wconf 84' lang='lat' dir='ltr'><strong>inspicis?</strong></span> <span class='ocrx_word' id='word_1_24' title='bbox 2846 556 2954 608; x_wconf 88' lang='lat' dir='ltr'><strong>Cur</strong></span> <span class='ocrx_word' id='word_1_25' title='bbox 2980 549 3350 622; x_wconf 89' lang='lat' dir='ltr'><strong>respondendo</strong></span> <span class='ocrx_word' id='word_1_26' title='bbox 3407 561 3616 602; x_wconf 91' lang='lat' dir='ltr'><strong>mecum</strong></span> <span class='ocrx_word' id='word_1_27' title='bbox 3670 543 3831 598; x_wconf 85' lang='lat' dir='ltr'><strong>verba</strong></span> <span class='ocrx_word' id='word_1_28' title='bbox 3886 541 4114 594; x_wconf 85' lang='lat' dir='ltr'><strong>miseere</strong></span> 
     </span>
    </p>
   </div>
   <div class='ocr_carea' id='block_1_5' title="bbox 1557 646 2882 716">
    <p class='ocr_par' dir='ltr' id='par_1_5' title="bbox 1557 646 2882 716">
     <span class='ocr_line' id='line_1_5' title="bbox 1557 646 2882 716; baseline -0.01 -5"><span class='ocrx_word' id='word_1_29' title='bbox 1557 673 1742 711; x_wconf 62' lang='lat' dir='ltr'><strong>manu.</strong></span> <span class='ocrx_word' id='word_1_30' title='bbox 2540 646 2882 716; x_wconf 87' lang='lat' dir='ltr'><strong>dedignaris?</strong></span> 
     </span>
    </p>
   </div>
   <div class='ocr_carea' id='block_1_6' title="bbox 930 745 3427 807">
    <p class='ocr_par' dir='ltr' id='par_1_6' title="bbox 930 745 3427 807">
     <span class='ocr_line' id='line_1_6' title="bbox 930 745 3427 807; baseline -0.01 0"><span class='ocrx_word' id='word_1_31' title='bbox 930 752 1125 807; x_wconf 80' lang='lat' dir='ltr'><strong>Gravis</strong></span> <span class='ocrx_word' id='word_1_32' title='bbox 1157 750 1396 805; x_wconf 82' lang='lat' dir='ltr'><strong>miseria.</strong></span> <span class='ocrx_word' id='word_1_33' title='bbox 3242 745 3427 784; x_wconf 70' lang='lat' dir='ltr'><strong>nam.</strong></span> 
     </span>
    </p>
   </div>
   <div class='ocr_carea' id='block_1_7' title="bbox 1509 811 4119 894">
    <p class='ocr_par' dir='ltr' id='par_1_7' title="bbox 1509 811 4119 894">
     <span class='ocr_line' id='line_1_7' title="bbox 1509 811 4119 894; baseline -0.012 -2"><span class='ocrx_word' id='word_1_34' title='bbox 1509 853 1775 893; x_wconf 59' lang='lat' dir='ltr'><strong>summu.</strong></span> <span class='ocrx_word' id='word_1_35' title='bbox 2614 825 2822 894; x_wconf 87' lang='lat' dir='ltr'><strong>Proprii</strong></span> <span class='ocrx_word' id='word_1_36' title='bbox 2871 821 3201 878; x_wconf 92' lang='lat' dir='ltr'><strong>conscientia</strong></span> <span class='ocrx_word' id='word_1_37' title='bbox 3253 830 3436 873; x_wconf 90' lang='lat' dir='ltr'><strong>reatus</strong></span> <span class='ocrx_word' id='word_1_38' title='bbox 3490 814 3810 872; x_wconf 87' lang='lat' dir='ltr'><strong>confundor.</strong></span> <span class='ocrx_word' id='word_1_39' title='bbox 3851 811 3973 865; x_wconf 91' lang='lat' dir='ltr'><strong>ldeo</strong></span> <span class='ocrx_word' id='word_1_40' title='bbox 4020 822 4119 862; x_wconf 89' lang='lat' dir='ltr'><strong>nec</strong></span> 
     </span>
    </p>
   </div>
   <div class='ocr_carea' id='block_1_8' title="bbox 931 911 4121 1002">
    <p class='ocr_par' dir='ltr' id='par_1_8' title="bbox 931 911 4121 1002">
     <span class='ocr_line' id='line_1_8' title="bbox 931 911 4121 1002; baseline -0.012 -15"><span class='ocrx_word' id='word_1_41' title='bbox 931 933 1063 998; x_wconf 82' lang='lat' dir='ltr'><strong>Quis</strong></span> <span class='ocrx_word' id='word_1_42' title='bbox 1092 941 1143 987; x_wconf 92' lang='lat' dir='ltr'><strong>te</strong></span> <span class='ocrx_word' id='word_1_43' title='bbox 1174 931 1421 1002; x_wconf 80' lang='lat' dir='ltr'><strong>decepit?</strong></span> <span class='ocrx_word' id='word_1_44' title='bbox 1450 931 1582 998; x_wconf 86' lang='lat' dir='ltr'><strong>Quis</strong></span> <span class='ocrx_word' id='word_1_45' title='bbox 1607 940 1656 985; x_wconf 85' lang='lat' dir='ltr'><strong>te</strong></span> <span class='ocrx_word' id='word_1_46' title='bbox 1680 929 1935 986; x_wconf 81' lang='lat' dir='ltr'><strong>seduxit?</strong></span> <span class='ocrx_word' id='word_1_47' title='bbox 2545 917 2731 973; x_wconf 90' lang='lat' dir='ltr'><strong>oculos</strong></span> <span class='ocrx_word' id='word_1_48' title='bbox 2763 916 2831 969; x_wconf 91' lang='lat' dir='ltr'><strong>ad</strong></span> <span class='ocrx_word' id='word_1_49' title='bbox 2860 914 3056 970; x_wconf 70' lang='lat' dir='ltr'><strong>cmlum</strong></span> <span class='ocrx_word' id='word_1_50' title='bbox 3088 913 3293 975; x_wconf 89' lang='lat' dir='ltr'><strong>levare,</strong></span> <span class='ocrx_word' id='word_1_51' title='bbox 3323 925 3423 964; x_wconf 92' lang='lat' dir='ltr'><strong>nec</strong></span> <span class='ocrx_word' id='word_1_52' title='bbox 3447 920 3748 963; x_wconf 88' lang='lat' dir='ltr'><strong>sermonem</strong></span> <span class='ocrx_word' id='word_1_53' title='bbox 3775 912 3951 958; x_wconf 89' lang='lat' dir='ltr'><strong>tecum</strong></span> <span class='ocrx_word' id='word_1_54' title='bbox 3988 911 4121 966; x_wconf 67' lang='lat' dir='ltr'><strong>prae-</strong></span> 
     </span>
    </p>
   </div>
   <div class='ocr_carea' id='block_1_9' title="bbox 1563 1018 3047 1075">
    <p class='ocr_par' dir='ltr' id='par_1_9' title="bbox 1563 1018 3047 1075">
     <span class='ocr_line' id='line_1_9' title="bbox 1563 1018 3047 1075; baseline -0.013 1"><span class='ocrx_word' id='word_1_55' title='bbox 1563 1037 1746 1075; x_wconf 69' lang='lat' dir='ltr'><strong>IARIA.</strong></span> <span class='ocrx_word' id='word_1_56' title='bbox 2546 1022 2701 1062; x_wconf 86' lang='lat' dir='ltr'><strong>sumo</strong></span> <span class='ocrx_word' id='word_1_57' title='bbox 2739 1018 3047 1061; x_wconf 73' lang='lat' dir='ltr'><strong>conserere.</strong></span> 
     </span>
    </p>
   </div>
   <div class='ocr_carea' id='block_1_10' title="bbox 932 1104 3467 1184">
    <p class='ocr_par' dir='ltr' id='par_1_10' title="bbox 932 1104 3467 1184">
     <span class='ocr_line' id='line_1_10' title="bbox 932 1104 3467 1184; baseline -0.01 -17"><span class='ocrx_word' id='word_1_58' title='bbox 932 1112 1034 1180; x_wconf 91' lang='lat' dir='ltr'><strong>Qui</strong></span> <span class='ocrx_word' id='word_1_59' title='bbox 1065 1111 1429 1184; x_wconf 89' lang='lat' dir='ltr'><strong>protoplastos</strong></span> <span class='ocrx_word' id='word_1_60' title='bbox 1458 1111 1775 1183; x_wconf 84' lang='lat' dir='ltr'><strong>prostravit.</strong></span> <span class='ocrx_word' id='word_1_61' title='bbox 3199 1104 3467 1145; x_wconf 69' lang='lat' dir='ltr'><strong>ABRAHAI.</strong></span> 
     </span>
    </p>
   </div>
   <div class='ocr_carea' id='block_1_11' title="bbox 1517 1163 4128 1255">
    <p class='ocr_par' dir='ltr' id='par_1_11' title="bbox 1517 1163 4128 1255">
     <span class='ocr_line' id='line_1_11' title="bbox 1517 1163 4128 1255; baseline -0.014 0"><span class='ocrx_word' id='word_1_62' title='bbox 1517 1163 1786 1255; x_wconf 4' lang='lat' dir='ltr'><strong>innisum.</strong></span> <span class='ocrx_word' id='word_1_63' title='bbox 2620 1184 2737 1239; x_wconf 85' lang='lat' dir='ltr'><strong>Noli</strong></span> <span class='ocrx_word' id='word_1_64' title='bbox 2765 1182 3027 1247; x_wconf 73' lang='lat' dir='ltr'><strong>diffidere,</strong></span> <span class='ocrx_word' id='word_1_65' title='bbox 3054 1180 3181 1245; x_wconf 90' lang='lat' dir='ltr'><strong>ﬁlia,</strong></span> <span class='ocrx_word' id='word_1_66' title='bbox 3209 1180 3312 1233; x_wconf 92' lang='lat' dir='ltr'><strong>noli</strong></span> <span class='ocrx_word' id='word_1_67' title='bbox 3351 1179 3668 1245; x_wconf 88' lang='lat' dir='ltr'><strong>desperare;</strong></span> <span class='ocrx_word' id='word_1_68' title='bbox 3702 1171 3797 1227; x_wconf 89' lang='lat' dir='ltr'><strong>sed</strong></span> <span class='ocrx_word' id='word_1_69' title='bbox 3827 1179 4041 1236; x_wconf 79' lang='lat' dir='ltr'><strong>emerge</strong></span> <span class='ocrx_word' id='word_1_70' title='bbox 4062 1163 4128 1217; x_wconf 82' lang='lat' dir='ltr'><strong>de</strong></span> 
     </span>
    </p>
   </div>
   <div class='ocr_carea' id='block_1_12' title="bbox 939 1257 4128 1364">
    <p class='ocr_par' dir='ltr' id='par_1_12' title="bbox 939 1257 4128 1364">
     <span class='ocr_line' id='line_1_12' title="bbox 939 1257 4128 1364; baseline -0.013 -14"><span class='ocrx_word' id='word_1_71' title='bbox 939 1294 1042 1350; x_wconf 86' lang='lat' dir='ltr'><strong>Ubi</strong></span> <span class='ocrx_word' id='word_1_72' title='bbox 1074 1304 1157 1349; x_wconf 89' lang='lat' dir='ltr'><strong>est</strong></span> <span class='ocrx_word' id='word_1_73' title='bbox 1184 1292 1423 1364; x_wconf 88' lang='lat' dir='ltr'><strong>angelica</strong></span> <span class='ocrx_word' id='word_1_74' title='bbox 1453 1292 1563 1358; x_wconf 91' lang='lat' dir='ltr'><strong>illa,</strong></span> <span class='ocrx_word' id='word_1_75' title='bbox 1595 1306 1755 1361; x_wconf 93' lang='lat' dir='ltr'><strong>quam</strong></span> <span class='ocrx_word' id='word_1_76' title='bbox 1793 1291 1846 1345; x_wconf 89' lang='lat' dir='ltr'><strong>in</strong></span> <span class='ocrx_word' id='word_1_77' title='bbox 1899 1289 2060 1344; x_wconf 90' lang='lat' dir='ltr'><strong>terris</strong></span> <span class='ocrx_word' id='word_1_78' title='bbox 2101 1287 2280 1358; x_wconf 83' lang='lat' dir='ltr'><strong>egisti,</strong></span> <span class='ocrx_word' id='word_1_79' title='bbox 2324 1301 2449 1339; x_wconf 84' lang='lat' dir='ltr'><strong>con-</strong></span> <span class='ocrx_word' id='word_1_80' title='bbox 2552 1277 2747 1348; x_wconf 86' lang='lat' dir='ltr'><strong>abysso</strong></span> <span class='ocrx_word' id='word_1_81' title='bbox 2790 1273 3179 1345; x_wconf 78' lang='lat' dir='ltr'><strong>desperationis</strong></span> <span class='ocrx_word' id='word_1_82' title='bbox 3227 1280 3280 1325; x_wconf 92' lang='lat' dir='ltr'><strong>et</strong></span> <span class='ocrx_word' id='word_1_83' title='bbox 3308 1270 3408 1339; x_wconf 89' lang='lat' dir='ltr'><strong>ﬁge</strong></span> <span class='ocrx_word' id='word_1_84' title='bbox 3455 1269 3508 1322; x_wconf 91' lang='lat' dir='ltr'><strong>in</strong></span> <span class='ocrx_word' id='word_1_85' title='bbox 3563 1267 3672 1320; x_wconf 92' lang='lat' dir='ltr'><strong>Deo</strong></span> <span class='ocrx_word' id='word_1_86' title='bbox 3723 1277 3871 1333; x_wconf 87' lang='lat' dir='ltr'><strong>spem</strong></span> <span class='ocrx_word' id='word_1_87' title='bbox 3915 1257 4128 1313; x_wconf 88' lang='lat' dir='ltr'><strong>mentis.</strong></span> 
     </span>
    </p>
   </div>
   <div class='ocr_carea' id='block_1_13' title="bbox 869 1377 2640 1441">
    <p class='ocr_par' dir='ltr' id='par_1_13' title="bbox 869 1385 2010 1441">
     <span class='ocr_line' id='line_1_13' title="bbox 869 1385 2010 1441; baseline -0.01 -4"><span class='ocrx_word' id='word_1_88' title='bbox 869 1385 1137 1441; x_wconf 85' lang='lat' dir='ltr'><strong>versatio?</strong></span> <span class='ocrx_word' id='word_1_89' title='bbox 2004 1410 2010 1416; x_wconf 65' lang='grc' dir='ltr'><strong><em>ο</em></strong></span> 
     </span>
    </p>
   </div>
   <div class='ocr_carea' id='block_1_14' title="bbox 1666 1377 3437 1441">
    <p class='ocr_par' dir='ltr' id='par_1_14' title="bbox 2004 1377 3437 1416">
     <span class='ocr_line' id='line_1_14' title="bbox 2004 1377 3437 1416; baseline -0.015 17"><span class='ocrx_word' id='word_1_90' title='bbox 2004 1410 2010 1416; x_wconf 65' lang='grc' dir='ltr'><strong><em>ο</em></strong></span> <span class='ocrx_word' id='word_1_91' title='bbox 3253 1377 3437 1415; x_wconf 72' lang='grc' dir='ltr'><strong>ΙΙΑΙΠΑ.</strong></span> 
     </span>
    </p>
   </div>
   <div class='ocr_carea' id='block_1_15' title="bbox 1569 1443 4133 1523">
    <p class='ocr_par' dir='ltr' id='par_1_15' title="bbox 1569 1443 4133 1523">
     <span class='ocr_line' id='line_1_15' title="bbox 1569 1443 4133 1523; baseline -0.005 -16"><span class='ocrx_word' id='word_1_92' title='bbox 1569 1468 1752 1508; x_wconf 66' lang='lat' dir='ltr'><strong>nam.</strong></span> <span class='ocrx_word' id='word_1_93' title='bbox 2627 1456 2937 1511; x_wconf 86' lang='lat' dir='ltr'><strong>Enormitas</strong></span> <span class='ocrx_word' id='word_1_94' title='bbox 2967 1461 3311 1523; x_wconf 86' lang='lat' dir='ltr'><strong>peccatorum</strong></span> <span class='ocrx_word' id='word_1_95' title='bbox 3337 1449 3630 1522; x_wconf 83' lang='lat' dir='ltr'><strong>prostravit</strong></span> <span class='ocrx_word' id='word_1_96' title='bbox 3657 1462 3742 1501; x_wconf 92' lang='lat' dir='ltr'><strong>me</strong></span> <span class='ocrx_word' id='word_1_97' title='bbox 3788 1445 3842 1498; x_wconf 91' lang='lat' dir='ltr'><strong>in</strong></span> <span class='ocrx_word' id='word_1_98' title='bbox 3885 1443 4133 1512; x_wconf 83' lang='lat' dir='ltr'><strong>despera-</strong></span> 
     </span>
    </p>
   </div>
   <div class='ocr_carea' id='block_1_16' title="bbox 942 1545 2713 1617">
    <p class='ocr_par' dir='ltr' id='par_1_16' title="bbox 942 1545 2713 1614">
     <span class='ocr_line' id='line_1_16' title="bbox 942 1545 2713 1614; baseline 0.001 -14"><span class='ocrx_word' id='word_1_99' title='bbox 942 1545 1173 1600; x_wconf 81' lang='lat' dir='ltr'><strong>Prorsus</strong></span> <span class='ocrx_word' id='word_1_100' title='bbox 1202 1547 1431 1614; x_wconf 81' lang='lat' dir='ltr'><strong>perdita.</strong></span> <span class='ocrx_word' id='word_1_101' title='bbox 2560 1549 2713 1602; x_wconf 84' lang='lat' dir='ltr'><strong>tionis</strong></span> 
     </span>
    </p>
   </div>
   <div class='ocr_carea' id='block_1_17' title="bbox 1322 1545 3093 1617">
    <p class='ocr_par' dir='ltr' id='par_1_17' title="bbox 1322 1545 3093 1617">
     <span class='ocr_line' id='line_1_17' title="bbox 1322 1545 3093 1617; baseline -0.002 -15"><span class='ocrx_word' id='word_1_102' title='bbox 1322 1547 1431 1599; x_wconf 76' lang='lat' dir='ltr'><strong>Illa.</strong></span> <span class='ocrx_word' id='word_1_103' title='bbox 2560 1549 2718 1602; x_wconf 82' lang='lat' dir='ltr'><strong>tionis</strong></span> <span class='ocrx_word' id='word_1_104' title='bbox 2745 1545 3093 1617; x_wconf 87' lang='lat' dir='ltr'><strong>profundum.</strong></span> 
     </span>
    </p>
   </div>
   <div class='ocr_carea' id='block_1_18' title="bbox 1521 1628 3292 1684">
    <p class='ocr_par' dir='ltr' id='par_1_18' title="bbox 1521 1628 3292 1684">
     <span class='ocr_line' id='line_1_18' title="bbox 1521 1628 3292 1684; baseline -0.012 -16"><span class='ocrx_word' id='word_1_105' title='bbox 1521 1628 1792 1669; x_wconf 72' lang='grc' dir='ltr'><strong>ΑΒΒΑΙΙΑΙ.</strong></span> <span class='ocrx_word' id='word_1_106' title='bbox 3215 1646 3292 1684; x_wconf 60' lang='grc' dir='ltr'><strong>ΑΒ]</strong></span> 
     </span>
    </p>
   </div>
   <div class='ocr_carea' id='block_1_19' title="bbox 1794 1628 3565 1684">
    <p class='ocr_par' dir='ltr' id='par_1_19' title="bbox 3215 1644 3565 1684">
     <span class='ocr_line' id='line_1_19' title="bbox 3215 1644 3565 1684; baseline -0.014 0"><span class='ocrx_word' id='word_1_107' title='bbox 3215 1644 3483 1684; x_wconf 68' lang='lat' dir='ltr'><strong>ABRAHAH.</strong></span> <span class='ocrx_word' id='word_1_108' title='bbox 3562 1648 3565 1652; x_wconf 84' lang='lat'>&#39;</span> 
     </span>
    </p>
   </div>
   <div class='ocr_carea' id='block_1_20' title="bbox 945 1699 2455 1775">
    <p class='ocr_par' dir='ltr' id='par_1_20' title="bbox 945 1699 2455 1775">
     <span class='ocr_line' id='line_1_20' title="bbox 945 1699 2455 1775; baseline -0.009 -14"><span class='ocrx_word' id='word_1_109' title='bbox 945 1705 1046 1761; x_wconf 88' lang='lat' dir='ltr'><strong>Ubi</strong></span> <span class='ocrx_word' id='word_1_110' title='bbox 1075 1714 1158 1759; x_wconf 89' lang='lat' dir='ltr'><strong>est</strong></span> <span class='ocrx_word' id='word_1_111' title='bbox 1185 1706 1509 1759; x_wconf 87' lang='lat' dir='ltr'><strong>verecundia</strong></span> <span class='ocrx_word' id='word_1_112' title='bbox 1542 1714 1632 1759; x_wconf 91' lang='lat' dir='ltr'><strong>tua</strong></span> <span class='ocrx_word' id='word_1_113' title='bbox 1676 1702 1994 1775; x_wconf 74' lang='lat' dir='ltr'><strong>virginalis?</strong></span> <span class='ocrx_word' id='word_1_114' title='bbox 2029 1700 2128 1756; x_wconf 85' lang='lat' dir='ltr'><strong>Ubi</strong></span> <span class='ocrx_word' id='word_1_115' title='bbox 2172 1699 2455 1754; x_wconf 90' lang='lat' dir='ltr'><strong>continen-</strong></span> 
     </span>
    </p>
   </div>
   <div class='ocr_carea' id='block_1_21' title="bbox 898 1712 4140 1808">
    <p class='ocr_par' dir='ltr' id='par_1_21' title="bbox 898 1712 4140 1808">
     <span class='ocr_line' id='line_1_21' title="bbox 898 1712 4140 1808; baseline -0.013 -45"><span class='ocrx_word' id='word_1_116' title='bbox 898 1712 1046 1808; x_wconf 42' lang='lat' dir='ltr'><strong>.Ub-i</strong></span> <span class='ocrx_word' id='word_1_117' title='bbox 1075 1714 1158 1806; x_wconf 74' lang='lat' dir='ltr'><strong>est</strong></span> <span class='ocrx_word' id='word_1_118' title='bbox 1185 1712 1509 1808; x_wconf 64' lang='lat' dir='ltr'><strong>verecundia</strong></span> <span class='ocrx_word' id='word_1_119' title='bbox 1542 1714 1632 1759; x_wconf 91' lang='lat' dir='ltr'><strong>tua</strong></span> <span class='ocrx_word' id='word_1_120' title='bbox 1676 1712 1994 1775; x_wconf 81' lang='lat' dir='ltr'><strong>virginalis?</strong></span> <span class='ocrx_word' id='word_1_121' title='bbox 2032 1712 2128 1756; x_wconf 76' lang='lat' dir='ltr'><strong>um</strong></span> <span class='ocrx_word' id='word_1_122' title='bbox 2172 1712 2455 1754; x_wconf 80' lang='lat' dir='ltr'><strong>continen-</strong></span> <span class='ocrx_word' id='word_1_123' title='bbox 2634 1728 2862 1780; x_wconf 50' lang='lat' dir='ltr'><strong>peccata</strong></span> <span class='ocrx_word' id='word_1_124' title='bbox 2914 1723 3130 1792; x_wconf 64' lang='lat' dir='ltr'><strong>quidem</strong></span> <span class='ocrx_word' id='word_1_125' title='bbox 3182 1729 3272 1773; x_wconf 51' lang='lat' dir='ltr'><strong>tua</strong></span> <span class='ocrx_word' id='word_1_126' title='bbox 3324 1727 3448 1774; x_wconf 71' lang='lat' dir='ltr'><strong>sum</strong></span> <span class='ocrx_word' id='word_1_127' title='bbox 3505 1715 3711 1786; x_wconf 51' lang='lat' dir='ltr'><strong>gravia,</strong></span> <span class='ocrx_word' id='word_1_128' title='bbox 3765 1712 3856 1768; x_wconf 66' lang='lat' dir='ltr'><strong>sed</strong></span> <span class='ocrx_word' id='word_1_129' title='bbox 3911 1722 4140 1778; x_wconf 61' lang='lat' dir='ltr'><strong>superna</strong></span> 
     </span>
    </p>
   </div>
   <div class='ocr_carea' id='block_1_22' title="bbox 873 1793 1344 1850">
    <p class='ocr_par' dir='ltr' id='par_1_22' title="bbox 873 1793 1344 1850">
     <span class='ocr_line' id='line_1_22' title="bbox 873 1793 1344 1850; baseline 0 -1"><span class='ocrx_word' id='word_1_130' title='bbox 873 1796 947 1850; x_wconf 88' lang='lat' dir='ltr'><strong>tia</strong></span> <span class='ocrx_word' id='word_1_131' title='bbox 972 1793 1344 1849; x_wconf 85' lang='lat' dir='ltr'><strong>admirabilis?</strong></span> 
     </span>
    </p>
   </div>
   <div class='ocr_carea' id='block_1_23' title="bbox 2487 1799 4142 1886">
    <p class='ocr_par' dir='ltr' id='par_1_23' title="bbox 2487 1799 4142 1886">
     <span class='ocr_line' id='line_1_23' title="bbox 2487 1799 4142 1886; baseline -0.013 -15"><span class='ocrx_word' id='word_1_132' title='bbox 2487 1812 2533 1871; x_wconf 88' lang='lat' dir='ltr'><strong>B</strong></span> <span class='ocrx_word' id='word_1_133' title='bbox 2564 1817 2734 1886; x_wconf 89' lang='lat' dir='ltr'><strong>pietas</strong></span> <span class='ocrx_word' id='word_1_134' title='bbox 2783 1813 2955 1882; x_wconf 84' lang='lat' dir='ltr'><strong>major</strong></span> <span class='ocrx_word' id='word_1_135' title='bbox 3004 1821 3087 1866; x_wconf 91' lang='lat' dir='ltr'><strong>est</strong></span> <span class='ocrx_word' id='word_1_136' title='bbox 3135 1810 3282 1865; x_wconf 91' lang='lat' dir='ltr'><strong>omni</strong></span> <span class='ocrx_word' id='word_1_137' title='bbox 3343 1817 3612 1863; x_wconf 88' lang='lat' dir='ltr'><strong>creatura.</strong></span> <span class='ocrx_word' id='word_1_138' title='bbox 3679 1803 3831 1856; x_wconf 85' lang='lat' dir='ltr'><strong>Unde</strong></span> <span class='ocrx_word' id='word_1_139' title='bbox 3893 1799 4142 1853; x_wconf 83' lang='lat' dir='ltr'><strong>tristitias</strong></span> 
     </span>
    </p>
   </div>
   <div class='ocr_carea' id='block_1_24' title="bbox 2564 1888 4144 1975">
    <p class='ocr_par' dir='ltr' id='par_1_24' title="bbox 2564 1888 4144 1975">
     <span class='ocr_line' id='line_1_24' title="bbox 2564 1888 4144 1975; baseline -0.015 -15"><span class='ocrx_word' id='word_1_140' title='bbox 2564 1921 2772 1975; x_wconf 88' lang='lat' dir='ltr'><strong>rumpe,</strong></span> <span class='ocrx_word' id='word_1_141' title='bbox 2824 1905 3114 1970; x_wconf 89' lang='lat' dir='ltr'><strong>datumque</strong></span> <span class='ocrx_word' id='word_1_142' title='bbox 3160 1897 3453 1969; x_wconf 84' lang='lat' dir='ltr'><strong>pcenitendi</strong></span> <span class='ocrx_word' id='word_1_143' title='bbox 3503 1893 3786 1964; x_wconf 88' lang='lat' dir='ltr'><strong>spatiolum</strong></span> <span class='ocrx_word' id='word_1_144' title='bbox 3840 1888 4144 1959; x_wconf 89' lang='lat' dir='ltr'><strong>pigritando</strong></span> 
     </span>
    </p>
   </div>
   <div class='ocr_carea' id='block_1_25' title="bbox 2565 1975 4145 2064">
    <p class='ocr_par' dir='ltr' id='par_1_25' title="bbox 2565 1975 4145 2064">
     <span class='ocr_line' id='line_1_25' title="bbox 2565 1975 4145 2064; baseline -0.015 -14"><span class='ocrx_word' id='word_1_145' title='bbox 2565 1996 2670 2050; x_wconf 91' lang='lat' dir='ltr'><strong>noli</strong></span> <span class='ocrx_word' id='word_1_146' title='bbox 2704 1994 2992 2064; x_wconf 76' lang='lat' dir='ltr'><strong>negligere,</strong></span> <span class='ocrx_word' id='word_1_147' title='bbox 3019 1999 3284 2060; x_wconf 86' lang='lat' dir='ltr'><strong>quatenus</strong></span> <span class='ocrx_word' id='word_1_148' title='bbox 3331 1983 3730 2056; x_wconf 87' lang='lat' dir='ltr'><strong>supcrabundet</strong></span> <span class='ocrx_word' id='word_1_149' title='bbox 3759 1980 3938 2033; x_wconf 87' lang='lat' dir='ltr'><strong>divina</strong></span> <span class='ocrx_word' id='word_1_150' title='bbox 3975 1975 4145 2046; x_wconf 86' lang='lat' dir='ltr'><strong>gratia</strong></span> 
     </span>
    </p>
   </div>
   <div class='ocr_carea' id='block_1_26' title="bbox 2569 2073 3865 2155">
    <p class='ocr_par' dir='ltr' id='par_1_26' title="bbox 2569 2073 3865 2155">
     <span class='ocr_line' id='line_1_26' title="bbox 2569 2073 3865 2155; baseline -0.013 -14"><span class='ocrx_word' id='word_1_151' title='bbox 2569 2088 2658 2141; x_wconf 91' lang='lat' dir='ltr'><strong>ubi</strong></span> <span class='ocrx_word' id='word_1_152' title='bbox 2680 2084 3139 2155; x_wconf 86' lang='lat' dir='ltr'><strong>superabundavit</strong></span> <span class='ocrx_word' id='word_1_153' title='bbox 3175 2082 3476 2136; x_wconf 82' lang='lat' dir='ltr'><strong>facinorum</strong></span> <span class='ocrx_word' id='word_1_154' title='bbox 3517 2073 3865 2131; x_wconf 88' lang='lat' dir='ltr'><strong>abominatio.</strong></span> 
     </span>
    </p>
   </div>
   <div class='ocr_carea' id='block_1_27' title="bbox 3268 2189 3455 2227">
    <p class='ocr_par' dir='ltr' id='par_1_27' title="bbox 3268 2189 3455 2227">
     <span class='ocr_line' id='line_1_27' title="bbox 3268 2189 3455 2227; baseline -0.016 0"><span class='ocrx_word' id='word_1_155' title='bbox 3268 2189 3455 2227; x_wconf 70' lang='lat' dir='ltr'><strong>MARIA.</strong></span> 
     </span>
    </p>
   </div>
   <div class='ocr_carea' id='block_1_28' title="bbox 2643 2254 4150 2336">
    <p class='ocr_par' dir='ltr' id='par_1_28' title="bbox 2643 2254 4150 2336">
     <span class='ocr_line' id='line_1_28' title="bbox 2643 2254 4150 2336; baseline -0.017 -12"><span class='ocrx_word' id='word_1_156' title='bbox 2643 2271 2699 2324; x_wconf 89' lang='lat' dir='ltr'><strong>Si</strong></span> <span class='ocrx_word' id='word_1_157' title='bbox 2737 2269 2840 2322; x_wconf 92' lang='lat' dir='ltr'><strong>nlla</strong></span> <span class='ocrx_word' id='word_1_158' title='bbox 2875 2263 3246 2336; x_wconf 74' lang='lat' dir='ltr'><strong>promerenda:</strong></span> <span class='ocrx_word' id='word_1_159' title='bbox 3272 2278 3395 2332; x_wconf 88' lang='lat' dir='ltr'><strong>spes</strong></span> <span class='ocrx_word' id='word_1_160' title='bbox 3431 2275 3542 2315; x_wconf 75' lang='lat' dir='ltr'><strong>sua:</strong></span> <span class='ocrx_word' id='word_1_161' title='bbox 3581 2257 3751 2312; x_wconf 75' lang='lat' dir='ltr'><strong>venia:</strong></span> <span class='ocrx_word' id='word_1_162' title='bbox 3790 2254 4011 2314; x_wconf 89' lang='lat' dir='ltr'><strong>inesset,</strong></span> <span class='ocrx_word' id='word_1_163' title='bbox 4037 2254 4150 2301; x_wconf 81' lang='lat' dir='ltr'><strong>stu-</strong></span> 
     </span>
    </p>
   </div>
   <div class='ocr_carea' id='block_1_29' title="bbox 2573 2353 3563 2429">
    <p class='ocr_par' dir='ltr' id='par_1_29' title="bbox 2573 2353 3563 2429">
     <span class='ocr_line' id='line_1_29' title="bbox 2573 2353 3563 2429; baseline -0.015 -12"><span class='ocrx_word' id='word_1_164' title='bbox 2573 2364 2718 2418; x_wconf 89' lang='lat' dir='ltr'><strong>dium</strong></span> <span class='ocrx_word' id='word_1_165' title='bbox 2749 2357 3042 2429; x_wconf 70' lang='lat' dir='ltr'><strong>paenitendi</strong></span> <span class='ocrx_word' id='word_1_166' title='bbox 3069 2355 3290 2410; x_wconf 89' lang='lat' dir='ltr'><strong>minime</strong></span> <span class='ocrx_word' id='word_1_167' title='bbox 3331 2353 3563 2407; x_wconf 84' lang='lat' dir='ltr'><strong>deesset.</strong></span> 
     </span>
    </p>
   </div>
   <div class='ocr_carea' id='block_1_30' title="bbox 3224 2456 3493 2497">
    <p class='ocr_par' dir='ltr' id='par_1_30' title="bbox 3224 2456 3493 2497">
     <span class='ocr_line' id='line_1_30' title="bbox 3224 2456 3493 2497; baseline -0.011 0"><span class='ocrx_word' id='word_1_168' title='bbox 3224 2456 3493 2497; x_wconf 70' lang='lat' dir='ltr'><strong>ABRAHAM.</strong></span> 
     </span>
    </p>
   </div>
   <div class='ocr_carea' id='block_1_31' title="bbox 2647 2517 4158 2604">
    <p class='ocr_par' dir='ltr' id='par_1_31' title="bbox 2647 2517 4158 2604">
     <span class='ocr_line' id='line_1_31' title="bbox 2647 2517 4158 2604; baseline -0.018 -10"><span class='ocrx_word' id='word_1_169' title='bbox 2647 2541 2903 2594; x_wconf 86' lang='lat' dir='ltr'><strong>Miserere</strong></span> <span class='ocrx_word' id='word_1_170' title='bbox 2941 2551 3073 2590; x_wconf 72' lang='lat' dir='ltr'><strong>mea:</strong></span> <span class='ocrx_word' id='word_1_171' title='bbox 3116 2548 3276 2604; x_wconf 88' lang='lat' dir='ltr'><strong>quam</strong></span> <span class='ocrx_word' id='word_1_172' title='bbox 3317 2545 3414 2599; x_wconf 89' lang='lat' dir='ltr'><strong>pro</strong></span> <span class='ocrx_word' id='word_1_173' title='bbox 3444 2538 3496 2582; x_wconf 92' lang='lat' dir='ltr'><strong>te</strong></span> <span class='ocrx_word' id='word_1_174' title='bbox 3535 2526 3675 2581; x_wconf 86' lang='lat' dir='ltr'><strong>subii</strong></span> <span class='ocrx_word' id='word_1_175' title='bbox 3724 2517 4074 2578; x_wconf 86' lang='lat' dir='ltr'><strong>lassitudinis,</strong></span> <span class='ocrx_word' id='word_1_176' title='bbox 4106 2521 4158 2570; x_wconf 91' lang='lat' dir='ltr'><strong>et</strong></span> 
     </span>
    </p>
   </div>
   <div class='ocr_carea' id='block_1_32' title="bbox 2579 2607 4157 2700">
    <p class='ocr_par' dir='ltr' id='par_1_32' title="bbox 2579 2607 4157 2700">
     <span class='ocr_line' id='line_1_32' title="bbox 2579 2607 4157 2700; baseline -0.018 -13"><span class='ocrx_word' id='word_1_177' title='bbox 2579 2633 2786 2700; x_wconf 89' lang='lat' dir='ltr'><strong>depone</strong></span> <span class='ocrx_word' id='word_1_178' title='bbox 2823 2627 3177 2696; x_wconf 76' lang='lat' dir='ltr'><strong>perniciosam</strong></span> <span class='ocrx_word' id='word_1_179' title='bbox 3222 2618 3675 2689; x_wconf 86' lang='lat' dir='ltr'><strong>desperationem,</strong></span> <span class='ocrx_word' id='word_1_180' title='bbox 3702 2626 3861 2681; x_wconf 90' lang='lat' dir='ltr'><strong>quam</strong></span> <span class='ocrx_word' id='word_1_181' title='bbox 3909 2607 4157 2661; x_wconf 85' lang='lat' dir='ltr'><strong>omnibus</strong></span> 
     </span>
    </p>
   </div>
   <div class='ocr_carea' id='block_1_33' title="bbox 2581 2697 4156 2779">
    <p class='ocr_par' dir='ltr' id='par_1_33' title="bbox 2581 2697 4156 2779">
     <span class='ocr_line' id='line_1_33' title="bbox 2581 2697 4156 2779; baseline -0.021 0"><span class='ocrx_word' id='word_1_182' title='bbox 2581 2722 2883 2779; x_wconf 83' lang='lat' dir='ltr'><strong>commissis</strong></span> <span class='ocrx_word' id='word_1_183' title='bbox 2924 2735 3029 2772; x_wconf 91' lang='lat' dir='ltr'><strong>non</strong></span> <span class='ocrx_word' id='word_1_184' title='bbox 3075 2714 3349 2770; x_wconf 84' lang='lat' dir='ltr'><strong>nescimus</strong></span> <span class='ocrx_word' id='word_1_185' title='bbox 3379 2723 3498 2763; x_wconf 91' lang='lat' dir='ltr'><strong>esse</strong></span> <span class='ocrx_word' id='word_1_186' title='bbox 3526 2705 3851 2777; x_wconf 88' lang='lat' dir='ltr'><strong>graviorem.</strong></span> <span class='ocrx_word' id='word_1_187' title='bbox 3885 2699 3988 2766; x_wconf 85' lang='lat' dir='ltr'><strong>Qui</strong></span> <span class='ocrx_word' id='word_1_188' title='bbox 4018 2697 4156 2750; x_wconf 91' lang='lat' dir='ltr'><strong>enim</strong></span> 
     </span>
    </p>
   </div>
   <div class='ocr_carea' id='block_1_34' title="bbox 2583 2789 4160 2882">
    <p class='ocr_par' dir='ltr' id='par_1_34' title="bbox 2583 2789 4160 2882">
     <span class='ocr_line' id='line_1_34' title="bbox 2583 2789 4160 2882; baseline -0.021 -15"><span class='ocrx_word' id='word_1_189' title='bbox 2583 2810 2929 2882; x_wconf 85' lang='lat' dir='ltr'><strong>peccantibus</strong></span> <span class='ocrx_word' id='word_1_190' title='bbox 2957 2807 3122 2859; x_wconf 82' lang='lat' dir='ltr'><strong>Deum</strong></span> <span class='ocrx_word' id='word_1_191' title='bbox 3166 2798 3410 2856; x_wconf 81' lang='lat' dir='ltr'><strong>misereri</strong></span> <span class='ocrx_word' id='word_1_192' title='bbox 3450 2795 3584 2848; x_wconf 87' lang='lat' dir='ltr'><strong>velle</strong></span> <span class='ocrx_word' id='word_1_193' title='bbox 3635 2792 3909 2860; x_wconf 89' lang='lat' dir='ltr'><strong>desperat,</strong></span> <span class='ocrx_word' id='word_1_194' title='bbox 3940 2789 4160 2840; x_wconf 86' lang='lat' dir='ltr'><strong>irreme-</strong></span> 
     </span>
    </p>
   </div>
   <div class='ocr_carea' id='block_1_35' title="bbox 2585 2875 4162 2967">
    <p class='ocr_par' dir='ltr' id='par_1_35' title="bbox 2585 2875 4162 2967">
     <span class='ocr_line' id='line_1_35' title="bbox 2585 2875 4162 2967; baseline -0.022 -9"><span class='ocrx_word' id='word_1_195' title='bbox 2585 2875 2854 2959; x_wconf 80' lang='lat' dir='ltr'><strong>diabiliter</strong></span> <span class='ocrx_word' id='word_1_196' title='bbox 2884 2905 3091 2967; x_wconf 86' lang='lat' dir='ltr'><strong>peccat,</strong></span> <span class='ocrx_word' id='word_1_197' title='bbox 3121 2893 3248 2962; x_wconf 88' lang='lat' dir='ltr'><strong>quia</strong></span> <span class='ocrx_word' id='word_1_198' title='bbox 3276 2892 3415 2944; x_wconf 88' lang='lat' dir='ltr'><strong>sicut</strong></span> <span class='ocrx_word' id='word_1_199' title='bbox 3460 2883 3691 2940; x_wconf 89' lang='lat' dir='ltr'><strong>scintilla</strong></span> <span class='ocrx_word' id='word_1_200' title='bbox 3734 2879 3902 2934; x_wconf 89' lang='lat' dir='ltr'><strong>silicis</strong></span> <span class='ocrx_word' id='word_1_201' title='bbox 3948 2875 4162 2945; x_wconf 86' lang='lat' dir='ltr'><strong>pelagus</strong></span> 
     </span>
    </p>
   </div>
   <div class='ocr_carea' id='block_1_36' title="bbox 2586 2968 4162 3060">
    <p class='ocr_par' dir='ltr' id='par_1_36' title="bbox 2586 2968 4162 3060">
     <span class='ocr_line' id='line_1_36' title="bbox 2586 2968 4162 3060; baseline -0.022 -14"><span class='ocrx_word' id='word_1_202' title='bbox 2586 2992 2773 3060; x_wconf 89' lang='lat' dir='ltr'><strong>nequit</strong></span> <span class='ocrx_word' id='word_1_203' title='bbox 2801 2987 3150 3044; x_wconf 79' lang='lat' dir='ltr'><strong>inflammare,</strong></span> <span class='ocrx_word' id='word_1_204' title='bbox 3184 2981 3255 3034; x_wconf 89' lang='lat' dir='ltr'><strong>ita</strong></span> <span class='ocrx_word' id='word_1_205' title='bbox 3309 2984 3616 3031; x_wconf 88' lang='lat' dir='ltr'><strong>nostrorum</strong></span> <span class='ocrx_word' id='word_1_206' title='bbox 3663 2968 3930 3023; x_wconf 86' lang='lat' dir='ltr'><strong>acerbitas</strong></span> <span class='ocrx_word' id='word_1_207' title='bbox 3977 2977 4162 3031; x_wconf 88' lang='lat' dir='ltr'><strong>pecca-</strong></span> 
     </span>
    </p>
   </div>
   <div class='ocr_carea' id='block_1_37' title="bbox 2587 3055 4166 3140">
    <p class='ocr_par' dir='ltr' id='par_1_37' title="bbox 2587 3055 4166 3140">
     <span class='ocr_line' id='line_1_37' title="bbox 2587 3055 4166 3140; baseline -0.022 1"><span class='ocrx_word' id='word_1_208' title='bbox 2587 3087 2790 3140; x_wconf 91' lang='lat' dir='ltr'><strong>minum</strong></span> <span class='ocrx_word' id='word_1_209' title='bbox 2839 3082 3033 3135; x_wconf 80' lang='lat' dir='ltr'><strong>divinae</strong></span> <span class='ocrx_word' id='word_1_210' title='bbox 3079 3074 3415 3131; x_wconf 85' lang='lat' dir='ltr'><strong>dulcedinem</strong></span> <span class='ocrx_word' id='word_1_211' title='bbox 3468 3065 3816 3136; x_wconf 89' lang='lat' dir='ltr'><strong>benignitatis</strong></span> <span class='ocrx_word' id='word_1_212' title='bbox 3863 3077 3970 3115; x_wconf 91' lang='lat' dir='ltr'><strong>non</strong></span> <span class='ocrx_word' id='word_1_213' title='bbox 4028 3055 4166 3110; x_wconf 85' lang='lat' dir='ltr'><strong>valet</strong></span> 
     </span>
    </p>
   </div>
   <div class='ocr_carea' id='block_1_38' title="bbox 2509 3151 3800 3233">
    <p class='ocr_par' dir='ltr' id='par_1_38' title="bbox 2509 3151 3800 3233">
     <span class='ocr_line' id='line_1_38' title="bbox 2509 3151 3800 3233; baseline -0.016 1"><span class='ocrx_word' id='word_1_214' title='bbox 2509 3151 2553 3210; x_wconf 64' lang='grc' dir='ltr'>α</span> <span class='ocrx_word' id='word_1_215' title='bbox 2588 3181 2896 3233; x_wconf 86' lang='lat' dir='ltr'><strong>immutare.</strong></span> <span class='ocrx_word' id='word_1_216' title='bbox 3779 3173 3800 3198; x_wconf 72' lang='grc' dir='ltr'><strong><em>ο</em></strong></span> 
     </span>
    </p>
   </div>
   <div class='ocr_carea' id='block_1_39' title="bbox 3284 3270 3472 3309">
    <p class='ocr_par' dir='ltr' id='par_1_39' title="bbox 3284 3270 3472 3309">
     <span class='ocr_line' id='line_1_39' title="bbox 3284 3270 3472 3309; baseline -0.016 0"><span class='ocrx_word' id='word_1_217' title='bbox 3284 3270 3472 3309; x_wconf 77' lang='grc' dir='ltr'><strong>ιιΑῐιιΑ.</strong></span> 
     </span>
    </p>
   </div>
   <div class='ocr_carea' id='block_1_40' title="bbox 2657 3341 4164 3417">
    <p class='ocr_par' dir='ltr' id='par_1_40' title="bbox 2657 3341 4164 3417">
     <span class='ocr_line' id='line_1_40' title="bbox 2657 3341 4164 3417; baseline -0.013 -10"><span class='ocrx_word' id='word_1_218' title='bbox 2657 3353 2772 3407; x_wconf 85' lang='grc' dir='ltr'><strong>Νοη</strong></span> <span class='ocrx_word' id='word_1_219' title='bbox 2809 3351 2952 3406; x_wconf 89' lang='lat' dir='ltr'><strong>enim</strong></span> <span class='ocrx_word' id='word_1_220' title='bbox 2985 3361 3232 3417; x_wconf 67' lang='lat' dir='ltr'><strong>superare</strong></span> <span class='ocrx_word' id='word_1_221' title='bbox 3275 3341 3733 3413; x_wconf 90' lang='lat' dir='ltr'><strong>magniﬁcentiam</strong></span> <span class='ocrx_word' id='word_1_222' title='bbox 3764 3345 3987 3406; x_wconf 80' lang='lat' dir='ltr'><strong>pietatis</strong></span> <span class='ocrx_word' id='word_1_223' title='bbox 4014 3347 4164 3403; x_wconf 88' lang='lat' dir='ltr'><strong>nego,</strong></span> 
     </span>
    </p>
   </div>
   <div class='ocr_carea' id='block_1_41' title="bbox 2586 3425 4166 3513">
    <p class='ocr_par' dir='ltr' id='par_1_41' title="bbox 2586 3425 4166 3513">
     <span class='ocr_line' id='line_1_41' title="bbox 2586 3425 4166 3513; baseline -0.015 -13"><span class='ocrx_word' id='word_1_224' title='bbox 2586 3446 2679 3500; x_wconf 90' lang='lat' dir='ltr'><strong>sed</strong></span> <span class='ocrx_word' id='word_1_225' title='bbox 2707 3443 2908 3513; x_wconf 92' lang='lat' dir='ltr'><strong>proprii</strong></span> <span class='ocrx_word' id='word_1_226' title='bbox 2942 3438 3321 3495; x_wconf 89' lang='lat' dir='ltr'><strong>enormitatem</strong></span> <span class='ocrx_word' id='word_1_227' title='bbox 3369 3433 3594 3489; x_wconf 79' lang='lat' dir='ltr'><strong>sceleris</strong></span> <span class='ocrx_word' id='word_1_228' title='bbox 3643 3427 4059 3489; x_wconf 84' lang='lat' dir='ltr'><strong>considerando,</strong></span> <span class='ocrx_word' id='word_1_229' title='bbox 4103 3425 4166 3478; x_wconf 88' lang='lat' dir='ltr'><strong>ad</strong></span> 
     </span>
    </p>
   </div>
   <div class='ocr_carea' id='block_1_42' title="bbox 2588 3517 4162 3607">
    <p class='ocr_par' dir='ltr' id='par_1_42' title="bbox 2588 3517 4162 3607">
     <span class='ocr_line' id='line_1_42' title="bbox 2588 3517 4162 3607; baseline -0.015 -15"><span class='ocrx_word' id='word_1_230' title='bbox 2588 3538 2761 3607; x_wconf 72' lang='lat' dir='ltr'><strong>digna:</strong></span> <span class='ocrx_word' id='word_1_231' title='bbox 2782 3533 3202 3589; x_wconf 81' lang='lat' dir='ltr'><strong>satisfactionem</strong></span> <span class='ocrx_word' id='word_1_232' title='bbox 3220 3526 3549 3598; x_wconf 62' lang='lat' dir='ltr'><strong>paenitentia</strong></span> <span class='ocrx_word' id='word_1_233' title='bbox 3563 3539 3751 3579; x_wconf 86' lang='lat' dir='ltr'><strong>vereor</strong></span> <span class='ocrx_word' id='word_1_234' title='bbox 3772 3536 3876 3576; x_wconf 92' lang='lat' dir='ltr'><strong>non</strong></span> <span class='ocrx_word' id='word_1_235' title='bbox 3905 3517 4162 3573; x_wconf 80' lang='lat' dir='ltr'><strong>sufﬁcere.</strong></span> 
     </span>
    </p>
   </div>
   <div class='ocr_carea' id='block_1_43' title="bbox 1565 1897 1750 1937">
    <p class='ocr_par' dir='ltr' id='par_1_43' title="bbox 1565 1897 1750 1937">
     <span class='ocr_line' id='line_1_43' title="bbox 1565 1897 1750 1937; baseline -0.016 0"><span class='ocrx_word' id='word_1_236' title='bbox 1565 1897 1750 1937; x_wconf 69' lang='lat' dir='ltr'><strong>MARIA.</strong></span> 
     </span>
    </p>
   </div>
   <div class='ocr_carea' id='block_1_44' title="bbox 950 1976 1245 2030">
    <p class='ocr_par' dir='ltr' id='par_1_44' title="bbox 950 1976 1245 2030">
     <span class='ocr_line' id='line_1_44' title="bbox 950 1976 1245 2030; baseline -0.007 0"><span class='ocrx_word' id='word_1_237' title='bbox 950 1976 1245 2030; x_wconf 85' lang='lat' dir='ltr'><strong>Evacuata.</strong></span> 
     </span>
    </p>
   </div>
   <div class='ocr_carea' id='block_1_45' title="bbox 1524 2076 1795 2119">
    <p class='ocr_par' dir='ltr' id='par_1_45' title="bbox 1524 2076 1795 2119">
     <span class='ocr_line' id='line_1_45' title="bbox 1524 2076 1795 2119; baseline -0.026 1"><span class='ocrx_word' id='word_1_238' title='bbox 1524 2076 1795 2119; x_wconf 66' lang='lat' dir='ltr'><strong>ABRAHAM.</strong></span> 
     </span>
    </p>
   </div>
   <div class='ocr_carea' id='block_1_46' title="bbox 948 2144 2458 2223">
    <p class='ocr_par' dir='ltr' id='par_1_46' title="bbox 948 2144 2458 2223">
     <span class='ocr_line' id='line_1_46' title="bbox 948 2144 2458 2223; baseline -0.01 -13"><span class='ocrx_word' id='word_1_239' title='bbox 948 2156 1120 2223; x_wconf 91' lang='lat' dir='ltr'><strong>Quam</strong></span> <span class='ocrx_word' id='word_1_240' title='bbox 1149 2155 1478 2218; x_wconf 84' lang='lat' dir='ltr'><strong>mercedem,</strong></span> <span class='ocrx_word' id='word_1_241' title='bbox 1510 2153 1614 2207; x_wconf 90' lang='lat' dir='ltr'><strong>nisi</strong></span> <span class='ocrx_word' id='word_1_242' title='bbox 1644 2150 1952 2220; x_wconf 89' lang='lat' dir='ltr'><strong>resipiseas,</strong></span> <span class='ocrx_word' id='word_1_243' title='bbox 1985 2162 2083 2217; x_wconf 92' lang='lat' dir='ltr'><strong>pro</strong></span> <span class='ocrx_word' id='word_1_244' title='bbox 2107 2144 2458 2215; x_wconf 86' lang='lat' dir='ltr'><strong>jejuniorum,</strong></span> 
     </span>
    </p>
   </div>
   <div class='ocr_carea' id='block_1_47' title="bbox 881 2239 2461 2314">
    <p class='ocr_par' dir='ltr' id='par_1_47' title="bbox 881 2239 2461 2314">
     <span class='ocr_line' id='line_1_47' title="bbox 881 2239 2461 2314; baseline -0.011 -13"><span class='ocrx_word' id='word_1_245' title='bbox 881 2247 1209 2312; x_wconf 51' lang='lat' dir='ltr'><strong>ouationum,</strong></span> <span class='ocrx_word' id='word_1_246' title='bbox 1246 2245 1553 2314; x_wconf 89' lang='lat' dir='ltr'><strong>vigiliarum</strong></span> <span class='ocrx_word' id='word_1_247' title='bbox 1585 2242 1782 2296; x_wconf 89' lang='lat' dir='ltr'><strong>sudore</strong></span> <span class='ocrx_word' id='word_1_248' title='bbox 1828 2239 1967 2292; x_wconf 90' lang='lat' dir='ltr'><strong>ultra</strong></span> <span class='ocrx_word' id='word_1_249' title='bbox 2018 2245 2170 2306; x_wconf 87' lang='lat' dir='ltr'><strong>poles</strong></span> <span class='ocrx_word' id='word_1_250' title='bbox 2219 2245 2461 2302; x_wconf 84' lang='lat' dir='ltr'><strong>sperare,</strong></span> 
     </span>
    </p>
   </div>
   <div class='ocr_carea' id='block_1_48' title="bbox 879 2325 2464 2406">
    <p class='ocr_par' dir='ltr' id='par_1_48' title="bbox 879 2325 2464 2406">
     <span class='ocr_line' id='line_1_48' title="bbox 879 2325 2464 2406; baseline -0.011 -13"><span class='ocrx_word' id='word_1_251' title='bbox 879 2355 1003 2393; x_wconf 85' lang='lat' dir='ltr'><strong>cum</strong></span> <span class='ocrx_word' id='word_1_252' title='bbox 1033 2338 1180 2393; x_wconf 88' lang='lat' dir='ltr'><strong>velut</strong></span> <span class='ocrx_word' id='word_1_253' title='bbox 1211 2336 1359 2406; x_wconf 84' lang='lat' dir='ltr'><strong>lapsa</strong></span> <span class='ocrx_word' id='word_1_254' title='bbox 1407 2336 1474 2389; x_wconf 90' lang='lat' dir='ltr'><strong>ab</strong></span> <span class='ocrx_word' id='word_1_255' title='bbox 1523 2332 1806 2389; x_wconf 88' lang='lat' dir='ltr'><strong>altitudine</strong></span> <span class='ocrx_word' id='word_1_256' title='bbox 1855 2330 1977 2386; x_wconf 67' lang='lat' dir='ltr'><strong>coeli</strong></span> <span class='ocrx_word' id='word_1_257' title='bbox 2021 2329 2257 2384; x_wconf 89' lang='lat' dir='ltr'><strong>dimersa</strong></span> <span class='ocrx_word' id='word_1_258' title='bbox 2308 2340 2366 2379; x_wconf 82' lang='lat' dir='ltr'><strong>es</strong></span> <span class='ocrx_word' id='word_1_259' title='bbox 2411 2325 2464 2377; x_wconf 90' lang='lat' dir='ltr'><strong>in</strong></span> 
     </span>
    </p>
   </div>
   <div class='ocr_carea' id='block_1_49' title="bbox 882 2427 1485 2500">
    <p class='ocr_par' dir='ltr' id='par_1_49' title="bbox 882 2427 1485 2500">
     <span class='ocr_line' id='line_1_49' title="bbox 882 2427 1485 2500; baseline -0.008 -16"><span class='ocrx_word' id='word_1_260' title='bbox 882 2430 1210 2500; x_wconf 87' lang='lat' dir='ltr'><strong>profundum</strong></span> <span class='ocrx_word' id='word_1_261' title='bbox 1240 2427 1485 2482; x_wconf 86' lang='lat' dir='ltr'><strong>inferni?</strong></span> 
     </span>
    </p>
   </div>
   <div class='ocr_carea' id='block_1_50' title="bbox 1586 2530 1773 2569">
    <p class='ocr_par' dir='ltr' id='par_1_50' title="bbox 1586 2530 1773 2569">
     <span class='ocr_line' id='line_1_50' title="bbox 1586 2530 1773 2569; baseline -0.011 0"><span class='ocrx_word' id='word_1_262' title='bbox 1586 2530 1773 2569; x_wconf 71' lang='lat' dir='ltr'><strong>IABIA.</strong></span> 
     </span>
    </p>
   </div>
   <div class='ocr_carea' id='block_1_51' title="bbox 955 2611 1211 2666">
    <p class='ocr_par' dir='ltr' id='par_1_51' title="bbox 955 2611 1211 2666">
     <span class='ocr_line' id='line_1_51' title="bbox 955 2611 1211 2666; baseline -0.023 1"><span class='ocrx_word' id='word_1_263' title='bbox 955 2612 1035 2666; x_wconf 80' lang='lat' dir='ltr'><strong>Eb</strong></span> <span class='ocrx_word' id='word_1_264' title='bbox 1065 2611 1170 2665; x_wconf 80' lang='lat' dir='ltr'><strong>heu</strong></span> <span class='ocrx_word' id='word_1_265' title='bbox 1199 2611 1211 2662; x_wconf 87' lang='lat'><strong>!</strong></span> 
     </span>
    </p>
   </div>
   <div class='ocr_carea' id='block_1_52' title="bbox 1539 2687 1810 2730">
    <p class='ocr_par' dir='ltr' id='par_1_52' title="bbox 1539 2687 1810 2730">
     <span class='ocr_line' id='line_1_52' title="bbox 1539 2687 1810 2730; baseline -0.022 0"><span class='ocrx_word' id='word_1_266' title='bbox 1539 2687 1810 2730; x_wconf 68' lang='lat' dir='ltr'><strong>ABBAHAI.</strong></span> 
     </span>
    </p>
   </div>
   <div class='ocr_carea' id='block_1_53' title="bbox 957 2756 2474 2837">
    <p class='ocr_par' dir='ltr' id='par_1_53' title="bbox 957 2756 2474 2837">
     <span class='ocr_line' id='line_1_53' title="bbox 957 2756 2474 2837; baseline -0.011 -13"><span class='ocrx_word' id='word_1_267' title='bbox 957 2772 1138 2837; x_wconf 88' lang='lat' dir='ltr'><strong>Quare</strong></span> <span class='ocrx_word' id='word_1_268' title='bbox 1185 2785 1270 2823; x_wconf 91' lang='lat' dir='ltr'><strong>me</strong></span> <span class='ocrx_word' id='word_1_269' title='bbox 1321 2766 1647 2836; x_wconf 75' lang='lat' dir='ltr'><strong>despexisti?</strong></span> <span class='ocrx_word' id='word_1_270' title='bbox 1692 2765 1869 2831; x_wconf 87' lang='lat' dir='ltr'><strong>Quare</strong></span> <span class='ocrx_word' id='word_1_271' title='bbox 1913 2758 2246 2815; x_wconf 86' lang='lat' dir='ltr'><strong>deseruisti?</strong></span> <span class='ocrx_word' id='word_1_272' title='bbox 2294 2756 2474 2823; x_wconf 89' lang='lat' dir='ltr'><strong>Quare</strong></span> 
     </span>
    </p>
   </div>
   <div class='ocr_carea' id='block_1_54' title="bbox 887 2850 2475 2932">
    <p class='ocr_par' dir='ltr' id='par_1_54' title="bbox 887 2850 2475 2932">
     <span class='ocr_line' id='line_1_54' title="bbox 887 2850 2475 2932; baseline -0.014 -10"><span class='ocrx_word' id='word_1_273' title='bbox 887 2877 1142 2922; x_wconf 81' lang='lat' dir='ltr'><strong>eventum</strong></span> <span class='ocrx_word' id='word_1_274' title='bbox 1190 2875 1293 2917; x_wconf 68' lang='lat' dir='ltr'><strong>tua:</strong></span> <span class='ocrx_word' id='word_1_275' title='bbox 1335 2860 1657 2932; x_wconf 87' lang='lat' dir='ltr'><strong>perditionis</strong></span> <span class='ocrx_word' id='word_1_276' title='bbox 1701 2857 1833 2912; x_wconf 81' lang='lat' dir='ltr'><strong>milii</strong></span> <span class='ocrx_word' id='word_1_277' title='bbox 1885 2870 1989 2908; x_wconf 92' lang='lat' dir='ltr'><strong>non</strong></span> <span class='ocrx_word' id='word_1_278' title='bbox 2044 2850 2314 2910; x_wconf 90' lang='lat' dir='ltr'><strong>indicasti,</strong></span> <span class='ocrx_word' id='word_1_279' title='bbox 2368 2863 2475 2917; x_wconf 91' lang='lat' dir='ltr'><strong>quo</strong></span> 
     </span>
    </p>
   </div>
   <div class='ocr_carea' id='block_1_55' title="bbox 890 2940 2477 3030">
    <p class='ocr_par' dir='ltr' id='par_1_55' title="bbox 890 2940 2477 3030">
     <span class='ocr_line' id='line_1_55' title="bbox 890 2940 2477 3030; baseline -0.012 -17"><span class='ocrx_word' id='word_1_280' title='bbox 890 2973 1011 3030; x_wconf 84' lang='lat' dir='ltr'><strong>ego,</strong></span> <span class='ocrx_word' id='word_1_281' title='bbox 1041 2973 1165 3012; x_wconf 84' lang='lat' dir='ltr'><strong>cum</strong></span> <span class='ocrx_word' id='word_1_282' title='bbox 1191 2955 1389 3009; x_wconf 89' lang='lat' dir='ltr'><strong>dilecto</strong></span> <span class='ocrx_word' id='word_1_283' title='bbox 1421 2968 1539 3008; x_wconf 92' lang='lat' dir='ltr'><strong>meo</strong></span> <span class='ocrx_word' id='word_1_284' title='bbox 1567 2952 1828 3018; x_wconf 83' lang='lat' dir='ltr'><strong>Ephrem,</strong></span> <span class='ocrx_word' id='word_1_285' title='bbox 1860 2948 2076 3018; x_wconf 81' lang='lat' dir='ltr'><strong>dignam</strong></span> <span class='ocrx_word' id='word_1_286' title='bbox 2105 2960 2202 3000; x_wconf 88' lang='lat' dir='ltr'><strong>uro</strong></span> <span class='ocrx_word' id='word_1_287' title='bbox 2237 2951 2288 2997; x_wconf 88' lang='lat' dir='ltr'><strong>to</strong></span> <span class='ocrx_word' id='word_1_288' title='bbox 2310 2940 2477 3012; x_wconf 59' lang='lat' dir='ltr'><strong>poeni-</strong></span> 
     </span>
    </p>
   </div>
   <div class='ocr_carea' id='block_1_56' title="bbox 899 3045 1410 3116">
    <p class='ocr_par' dir='ltr' id='par_1_56' title="bbox 899 3045 1410 3116">
     <span class='ocr_line' id='line_1_56' title="bbox 899 3045 1410 3116; baseline -0.008 -14"><span class='ocrx_word' id='word_1_289' title='bbox 899 3051 1126 3105; x_wconf 91' lang='lat' dir='ltr'><strong>tentiam</strong></span> <span class='ocrx_word' id='word_1_290' title='bbox 1159 3045 1410 3116; x_wconf 86' lang='lat' dir='ltr'><strong>agerem?</strong></span> 
     </span>
    </p>
   </div>
   <div class='ocr_carea' id='block_1_57' title="bbox 1591 3151 1776 3189">
    <p class='ocr_par' dir='ltr' id='par_1_57' title="bbox 1591 3151 1776 3189">
     <span class='ocr_line' id='line_1_57' title="bbox 1591 3151 1776 3189; baseline -0.016 0"><span class='ocrx_word' id='word_1_291' title='bbox 1591 3151 1776 3189; x_wconf 71' lang='grc' dir='ltr'><strong>ΜΛΒΙΛ.</strong></span> 
     </span>
    </p>
   </div>
   <div class='ocr_carea' id='block_1_58' title="bbox 966 3214 2480 3300">
    <p class='ocr_par' dir='ltr' id='par_1_58' title="bbox 966 3214 2480 3300">
     <span class='ocr_line' id='line_1_58' title="bbox 966 3214 2480 3300; baseline -0.013 -14"><span class='ocrx_word' id='word_1_292' title='bbox 966 3233 1259 3300; x_wconf 87' lang='lat' dir='ltr'><strong>Postquam</strong></span> <span class='ocrx_word' id='word_1_293' title='bbox 1291 3229 1440 3296; x_wconf 84' lang='lat' dir='ltr'><strong>lapsa</strong></span> <span class='ocrx_word' id='word_1_294' title='bbox 1473 3227 1526 3280; x_wconf 92' lang='lat' dir='ltr'><strong>in</strong></span> <span class='ocrx_word' id='word_1_295' title='bbox 1550 3225 1789 3296; x_wconf 87' lang='lat' dir='ltr'><strong>peccatis</strong></span> <span class='ocrx_word' id='word_1_296' title='bbox 1826 3220 2032 3284; x_wconf 89' lang='lat' dir='ltr'><strong>corrui,</strong></span> <span class='ocrx_word' id='word_1_297' title='bbox 2080 3228 2182 3271; x_wconf 68' lang='lat' dir='ltr'><strong>tua:</strong></span> <span class='ocrx_word' id='word_1_298' title='bbox 2211 3214 2480 3270; x_wconf 89' lang='lat' dir='ltr'><strong>sanctitati</strong></span> 
     </span>
    </p>
   </div>
   <div class='ocr_carea' id='block_1_59' title="bbox 893 3311 1954 3394">
    <p class='ocr_par' dir='ltr' id='par_1_59' title="bbox 893 3311 1954 3394">
     <span class='ocr_line' id='line_1_59' title="bbox 893 3311 1954 3394; baseline -0.018 -14"><span class='ocrx_word' id='word_1_299' title='bbox 893 3323 1095 3394; x_wconf 87' lang='lat' dir='ltr'><strong>polluta</strong></span> <span class='ocrx_word' id='word_1_300' title='bbox 1125 3320 1436 3389; x_wconf 84' lang='lat' dir='ltr'><strong>proximare</strong></span> <span class='ocrx_word' id='word_1_301' title='bbox 1473 3331 1578 3370; x_wconf 92' lang='lat' dir='ltr'><strong>non</strong></span> <span class='ocrx_word' id='word_1_302' title='bbox 1611 3311 1954 3383; x_wconf 72' lang='lat' dir='ltr'><strong>praesumpsi.</strong></span> 
     </span>
    </p>
   </div>
   <div class='ocr_carea' id='block_1_60' title="bbox 1551 3416 1822 3457">
    <p class='ocr_par' dir='ltr' id='par_1_60' title="bbox 1551 3416 1822 3457">
     <span class='ocr_line' id='line_1_60' title="bbox 1551 3416 1822 3457; baseline -0.022 1"><span class='ocrx_word' id='word_1_303' title='bbox 1551 3416 1822 3457; x_wconf 72' lang='lat' dir='ltr'><strong>ABRMIAN.</strong></span> 
     </span>
    </p>
   </div>
   <div class='ocr_carea' id='block_1_61' title="bbox 966 3481 2487 3569">
    <p class='ocr_par' dir='ltr' id='par_1_61' title="bbox 966 3481 2487 3569">
     <span class='ocr_line' id='line_1_61' title="bbox 966 3481 2487 3569; baseline -0.012 -16"><span class='ocrx_word' id='word_1_304' title='bbox 966 3501 1100 3569; x_wconf 86' lang='lat' dir='ltr'><strong>Quis</strong></span> <span class='ocrx_word' id='word_1_305' title='bbox 1129 3512 1366 3568; x_wconf 87' lang='lat' dir='ltr'><strong>unquam</strong></span> <span class='ocrx_word' id='word_1_306' title='bbox 1395 3511 1424 3549; x_wconf 92' lang='lat' dir='ltr'><strong>a</strong></span> <span class='ocrx_word' id='word_1_307' title='bbox 1454 3502 1678 3564; x_wconf 90' lang='lat' dir='ltr'><strong>peccato</strong></span> <span class='ocrx_word' id='word_1_308' title='bbox 1705 3489 1916 3546; x_wconf 78' lang='lat' dir='ltr'><strong>exstitit</strong></span> <span class='ocrx_word' id='word_1_309' title='bbox 1944 3485 2222 3549; x_wconf 89' lang='lat' dir='ltr'><strong>immunis,</strong></span> <span class='ocrx_word' id='word_1_310' title='bbox 2264 3481 2365 3537; x_wconf 88' lang='lat' dir='ltr'><strong>nisi</strong></span> <span class='ocrx_word' id='word_1_311' title='bbox 2396 3496 2487 3536; x_wconf 88' lang='lat' dir='ltr'><strong>so-</strong></span> 
     </span>
    </p>
   </div>
   <div class='ocr_carea' id='block_1_62' title="bbox 896 3587 1478 3669">
    <p class='ocr_par' dir='ltr' id='par_1_62' title="bbox 896 3587 1478 3669">
     <span class='ocr_line' id='line_1_62' title="bbox 896 3587 1478 3669; baseline -0.014 -21"><span class='ocrx_word' id='word_1_312' title='bbox 896 3608 983 3669; x_wconf 67' lang='lat' dir='ltr'><strong>lus</strong></span> <span class='ocrx_word' id='word_1_313' title='bbox 1007 3591 1177 3646; x_wconf 88' lang='lat' dir='ltr'><strong>Filius</strong></span> <span class='ocrx_word' id='word_1_314' title='bbox 1202 3587 1478 3659; x_wconf 82' lang='lat' dir='ltr'><strong>Virginis?</strong></span> 
     </span>
    </p>
   </div>
   <div class='ocr_carea' id='block_1_63' title="bbox 3250 3631 3518 3672">
    <p class='ocr_par' dir='ltr' id='par_1_63' title="bbox 3250 3631 3518 3672">
     <span class='ocr_line' id='line_1_63' title="bbox 3250 3631 3518 3672; baseline -0.019 0"><span class='ocrx_word' id='word_1_315' title='bbox 3250 3631 3518 3672; x_wconf 69' lang='lat' dir='ltr'><strong>ABBAHAH.</strong></span> 
     </span>
    </p>
   </div>
   <div class='ocr_carea' id='block_1_64' title="bbox 969 3690 4168 3806">
    <p class='ocr_par' dir='ltr' id='par_1_64' title="bbox 969 3690 4168 3806">
     <span class='ocr_line' id='line_1_64' title="bbox 969 3690 4168 3806; baseline -0.018 0"><span class='ocrx_word' id='word_1_316' title='bbox 969 3751 1177 3806; x_wconf 78' lang='lat' dir='ltr'><strong>Nullus.</strong></span> <span class='ocrx_word' id='word_1_317' title='bbox 1601 3690 1788 3730; x_wconf 48' lang='lat' dir='ltr'><strong>In”.</strong></span> <span class='ocrx_word' id='word_1_318' title='bbox 2661 3717 2717 3771; x_wconf 88' lang='lat' dir='ltr'><strong>In</strong></span> <span class='ocrx_word' id='word_1_319' title='bbox 2745 3730 2828 3770; x_wconf 91' lang='lat' dir='ltr'><strong>me</strong></span> <span class='ocrx_word' id='word_1_320' title='bbox 2853 3714 2925 3768; x_wconf 89' lang='lat' dir='ltr'><strong>sit</strong></span> <span class='ocrx_word' id='word_1_321' title='bbox 2953 3711 3215 3780; x_wconf 90' lang='lat' dir='ltr'><strong>iniquitas</strong></span> <span class='ocrx_word' id='word_1_322' title='bbox 3240 3718 3363 3771; x_wconf 87' lang='lat' dir='ltr'><strong>tua;</strong></span> <span class='ocrx_word' id='word_1_323' title='bbox 3410 3703 3781 3759; x_wconf 85' lang='lat' dir='ltr'><strong>tantummodo</strong></span> <span class='ocrx_word' id='word_1_324' title='bbox 3810 3707 4080 3753; x_wconf 87' lang='lat' dir='ltr'><strong>revertere</strong></span> <span class='ocrx_word' id='word_1_325' title='bbox 4106 3695 4168 3748; x_wconf 91' lang='lat' dir='ltr'><strong>ad</strong></span> 
     </span>
    </p>
   </div>
   <div class='ocr_carea' id='block_1_65' title="bbox 1551 3787 4166 3892">
    <p class='ocr_par' dir='ltr' id='par_1_65' title="bbox 1551 3787 4166 3892">
     <span class='ocr_line' id='line_1_65' title="bbox 1551 3787 4166 3892; baseline -0.015 -17"><span class='ocrx_word' id='word_1_326' title='bbox 1551 3850 1821 3892; x_wconf 53' lang='lat' dir='ltr'><strong>nam“,</strong></span> <span class='ocrx_word' id='word_1_327' title='bbox 2591 3807 2768 3861; x_wconf 91' lang='lat' dir='ltr'><strong>locum</strong></span> <span class='ocrx_word' id='word_1_328' title='bbox 2799 3803 2943 3858; x_wconf 91' lang='lat' dir='ltr'><strong>unde</strong></span> <span class='ocrx_word' id='word_1_329' title='bbox 2967 3799 3148 3864; x_wconf 80' lang='lat' dir='ltr'><strong>existi,</strong></span> <span class='ocrx_word' id='word_1_330' title='bbox 3175 3805 3230 3853; x_wconf 93' lang='lat' dir='ltr'><strong>et</strong></span> <span class='ocrx_word' id='word_1_331' title='bbox 3278 3796 3352 3851; x_wconf 89' lang='lat' dir='ltr'><strong>ini</strong></span> <span class='ocrx_word' id='word_1_332' title='bbox 3398 3794 3640 3850; x_wconf 86' lang='lat' dir='ltr'><strong>secundo</strong></span> <span class='ocrx_word' id='word_1_333' title='bbox 3687 3787 4166 3845; x_wconf 86' lang='lat' dir='ltr'><strong>conversationem,</strong></span> 
     </span>
    </p>
   </div>
   <div class='ocr_carea' id='block_1_66' title="bbox 971 3892 2742 3998">
    <p class='ocr_par' dir='ltr' id='par_1_66' title="bbox 971 3911 2742 3998">
     <span class='ocr_line' id='line_1_66' title="bbox 971 3911 2742 3998; baseline -0.015 -8"><span class='ocrx_word' id='word_1_334' title='bbox 971 3934 1281 3990; x_wconf 81' lang='lat' dir='ltr'><strong>Humanum</strong></span> <span class='ocrx_word' id='word_1_335' title='bbox 1304 3939 1387 3986; x_wconf 92' lang='lat' dir='ltr'><strong>est</strong></span> <span class='ocrx_word' id='word_1_336' title='bbox 1408 3943 1660 3998; x_wconf 89' lang='lat' dir='ltr'><strong>peccare,</strong></span> <span class='ocrx_word' id='word_1_337' title='bbox 1684 3923 2008 3980; x_wconf 87' lang='lat' dir='ltr'><strong>diabolicum</strong></span> <span class='ocrx_word' id='word_1_338' title='bbox 2039 3921 2090 3973; x_wconf 91' lang='lat' dir='ltr'><strong>in</strong></span> <span class='ocrx_word' id='word_1_339' title='bbox 2120 3917 2360 3988; x_wconf 88' lang='lat' dir='ltr'><strong>peccatis</strong></span> <span class='ocrx_word' id='word_1_340' title='bbox 2388 3914 2488 3968; x_wconf 90' lang='lat' dir='ltr'><strong>du-</strong></span> <span class='ocrx_word' id='word_1_341' title='bbox 2592 3911 2742 3966; x_wconf 67' lang='lat' dir='ltr'><strong>qua“</strong></span> 
     </span>
    </p>
   </div>
   <div class='ocr_carea' id='block_1_67' title="bbox 1319 3892 3090 3998">
    <p class='ocr_par' dir='ltr' id='par_1_67' title="bbox 1319 3892 3090 3998">
     <span class='ocr_line' id='line_1_67' title="bbox 1319 3892 3090 3998; baseline -0.015 -12"><span class='ocrx_word' id='word_1_342' title='bbox 1319 3939 1387 3986; x_wconf 67' lang='lat' dir='ltr'><strong>est</strong></span> <span class='ocrx_word' id='word_1_343' title='bbox 1408 3943 1660 3998; x_wconf 89' lang='lat' dir='ltr'><strong>peccare,</strong></span> <span class='ocrx_word' id='word_1_344' title='bbox 1684 3923 2008 3980; x_wconf 87' lang='lat' dir='ltr'><strong>diabolicum</strong></span> <span class='ocrx_word' id='word_1_345' title='bbox 2039 3921 2090 3973; x_wconf 91' lang='lat' dir='ltr'><strong>in</strong></span> <span class='ocrx_word' id='word_1_346' title='bbox 2120 3917 2360 3988; x_wconf 88' lang='lat' dir='ltr'><strong>peccatis</strong></span> <span class='ocrx_word' id='word_1_347' title='bbox 2388 3914 2488 3968; x_wconf 90' lang='lat' dir='ltr'><strong>du-</strong></span> <span class='ocrx_word' id='word_1_348' title='bbox 2592 3911 2754 3966; x_wconf 68' lang='lat' dir='ltr'><strong>quam</strong></span> <span class='ocrx_word' id='word_1_349' title='bbox 2782 3892 3090 3949; x_wconf 65' lang='grc' dir='ltr'><strong>(Ῐθεεΐυῖδῑῖο</strong></span> 
     </span>
    </p>
   </div>
   <div class='ocr_carea' id='block_1_68' title="bbox 903 3993 3477 4091">
    <p class='ocr_par' dir='ltr' id='par_1_68' title="bbox 903 3993 3477 4091">
     <span class='ocr_line' id='line_1_68' title="bbox 903 3993 3477 4091; baseline -0.018 -10"><span class='ocrx_word' id='word_1_350' title='bbox 903 4041 1052 4089; x_wconf 90' lang='lat' dir='ltr'><strong>rare,</strong></span> <span class='ocrx_word' id='word_1_351' title='bbox 1081 4039 1178 4078; x_wconf 92' lang='lat' dir='ltr'><strong>nec</strong></span> <span class='ocrx_word' id='word_1_352' title='bbox 1203 4023 1325 4091; x_wconf 81' lang='lat' dir='ltr'><strong>jure</strong></span> <span class='ocrx_word' id='word_1_353' title='bbox 1355 4017 1767 4086; x_wconf 87' lang='lat' dir='ltr'><strong>reprehenditur</strong></span> <span class='ocrx_word' id='word_1_354' title='bbox 1795 4013 1887 4081; x_wconf 91' lang='lat' dir='ltr'><strong>qui</strong></span> <span class='ocrx_word' id='word_1_355' title='bbox 1936 4010 2114 4066; x_wconf 87' lang='lat' dir='ltr'><strong>subito</strong></span> <span class='ocrx_word' id='word_1_356' title='bbox 2165 4007 2332 4072; x_wconf 89' lang='lat' dir='ltr'><strong>cadit,</strong></span> <span class='ocrx_word' id='word_1_357' title='bbox 2390 4004 2486 4058; x_wconf 92' lang='lat' dir='ltr'><strong>sed</strong></span> <span class='ocrx_word' id='word_1_358' title='bbox 2670 4074 2689 4091; x_wconf 55' lang='lat'><strong>&#39;</strong></span> <span class='ocrx_word' id='word_1_359' title='bbox 2834 4073 2866 4091; x_wconf 60' lang='grc' dir='ltr'>η</span> <span class='ocrx_word' id='word_1_360' title='bbox 2983 4049 2987 4052; x_wconf 16' lang='grc' dir='ltr'><strong><em>Α</em></strong></span> <span class='ocrx_word' id='word_1_361' title='bbox 3259 3993 3477 4077; x_wconf 57' lang='grc' dir='ltr'><strong>⁹ιιιλιλξλι-</strong></span> 
     </span>
    </p>
   </div>
   <div class='ocr_carea' id='block_1_69' title="bbox 905 4053 4172 4186">
    <p class='ocr_par' dir='ltr' id='par_1_69' title="bbox 905 4053 4172 4186">
     <span class='ocr_line' id='line_1_69' title="bbox 905 4053 2486 4081; baseline -0.015 -1"><span class='ocrx_word' id='word_1_362' title='bbox 905 4053 1027 4081; x_wconf 70' lang='lat' dir='ltr'><strong>rare:</strong></span> <span class='ocrx_word' id='word_1_363' title='bbox 1082 4053 1178 4078; x_wconf 71' lang='grc' dir='ltr'><strong>ιιςυ</strong></span> <span class='ocrx_word' id='word_1_364' title='bbox 1230 4053 1325 4074; x_wconf 73' lang='grc' dir='ltr'><strong>υιῠ</strong></span> <span class='ocrx_word' id='word_1_365' title='bbox 1357 4053 1409 4073; x_wconf 68' lang='lat' dir='ltr'><strong>lC</strong></span> <span class='ocrx_word' id='word_1_366' title='bbox 1454 4053 1756 4071; x_wconf 70' lang='grc' dir='ltr'><strong>Ιυιιυιιυιιιη</strong></span> <span class='ocrx_word' id='word_1_367' title='bbox 1837 4053 1887 4066; x_wconf 80' lang='lat' dir='ltr'><strong>ul</strong></span> <span class='ocrx_word' id='word_1_368' title='bbox 1937 4053 2113 4066; x_wconf 64' lang='grc' dir='ltr'><strong>νυν-σν</strong></span> <span class='ocrx_word' id='word_1_369' title='bbox 2167 4053 2309 4063; x_wconf 67' lang='grc' dir='ltr'><strong>..-πη</strong></span> <span class='ocrx_word' id='word_1_370' title='bbox 2391 4053 2486 4058; x_wconf 76' lang='grc'><strong>--.-</strong></span> 
     </span>
     <span class='ocr_line' id='line_1_70' title="bbox 905 4053 4172 4186; baseline -0.02 -15"><span class='ocrx_word' id='word_1_371' title='bbox 905 4116 998 4186; x_wconf 84' lang='lat' dir='ltr'><strong>qui</strong></span> <span class='ocrx_word' id='word_1_372' title='bbox 1031 4053 1446 4181; x_wconf 53' lang='lat' dir='ltr'><strong>citiusturger:</strong></span> <span class='ocrx_word' id='word_1_373' title='bbox 1469 4107 1710 4177; x_wconf 87' lang='lat' dir='ltr'><strong>negligit.</strong></span> <span class='ocrx_word' id='word_1_374' title='bbox 1796 4053 1829 4081; x_wconf 58' lang='grc' dir='ltr'>Ὶ</span> <span class='ocrx_word' id='word_1_375' title='bbox 2319 4053 2332 4072; x_wconf 56' lang='grc'><em>’</em></span> <span class='ocrx_word' id='word_1_376' title='bbox 2670 4074 2726 4128; x_wconf 85' lang='lat' dir='ltr'><strong>In</strong></span> <span class='ocrx_word' id='word_1_377' title='bbox 2759 4073 2906 4127; x_wconf 92' lang='lat' dir='ltr'><strong>nullo</strong></span> <span class='ocrx_word' id='word_1_378' title='bbox 2933 4083 3168 4138; x_wconf 89' lang='lat' dir='ltr'><strong>unquam</strong></span> <span class='ocrx_word' id='word_1_379' title='bbox 3197 4066 3272 4121; x_wconf 90' lang='lat' dir='ltr'><strong>tui</strong></span> <span class='ocrx_word' id='word_1_380' title='bbox 3303 4066 3510 4119; x_wconf 88' lang='lat' dir='ltr'><strong>renitor</strong></span> <span class='ocrx_word' id='word_1_381' title='bbox 3537 4062 3697 4126; x_wconf 87' lang='lat' dir='ltr'><strong>votis,</strong></span> <span class='ocrx_word' id='word_1_382' title='bbox 3733 4059 3825 4114; x_wconf 91' lang='lat' dir='ltr'><strong>sed</strong></span> <span class='ocrx_word' id='word_1_383' title='bbox 3869 4071 3988 4126; x_wconf 75' lang='lat' dir='ltr'><strong>qua:</strong></span> <span class='ocrx_word' id='word_1_384' title='bbox 4023 4053 4172 4123; x_wconf 75' lang='lat' dir='ltr'><strong>iubes</strong></span> 
     </span>
     <span class='ocr_line' id='line_1_71' title="bbox 2603 4157 3362 4186; baseline 0 0"><span class='ocrx_word' id='word_1_385' title='bbox 2603 4167 3038 4186; x_wconf 58' lang='grc' dir='ltr'><strong>,ι-.--....,.......ι,ι-</strong></span> <span class='ocrx_word' id='word_1_386' title='bbox 3063 4157 3362 4186; x_wconf 65' lang='grc' dir='ltr'><strong>οινηηΙΛηΙΛι·</strong></span> 
     </span>
    </p>
   </div>
   <div class='ocr_carea' id='block_1_70' title="bbox 1607 4157 3384 4249">
    <p class='ocr_par' dir='ltr' id='par_1_70' title="bbox 1607 4157 3384 4249">
     <span class='ocr_line' id='line_1_72' title="bbox 1607 4157 3384 4249; baseline -0.025 1"><span class='ocrx_word' id='word_1_387' title='bbox 1607 4157 1791 4249; x_wconf 52' lang='lat' dir='ltr'><strong>Sum.</strong></span> <span class='ocrx_word' id='word_1_388' title='bbox 2597 4167 3038 4233; x_wconf 88' lang='lat' dir='ltr'><strong>obtemperanter</strong></span> <span class='ocrx_word' id='word_1_389' title='bbox 3063 4157 3384 4226; x_wconf 87' lang='lat' dir='ltr'><strong>amplector.</strong></span> 
     </span>
    </p>
   </div>
   <div class='ocr_carea' id='block_1_71' title="bbox 976 4256 3504 4352">
    <p class='ocr_par' dir='ltr' id='par_1_71' title="bbox 976 4256 3504 4352">
     <span class='ocr_line' id='line_1_73' title="bbox 976 4256 3504 4352; baseline -0.024 1"><span class='ocrx_word' id='word_1_390' title='bbox 976 4294 1078 4352; x_wconf 81' lang='lat' dir='ltr'><strong>Hei</strong></span> <span class='ocrx_word' id='word_1_391' title='bbox 1108 4294 1240 4350; x_wconf 86' lang='lat' dir='ltr'><strong>mihi</strong></span> <span class='ocrx_word' id='word_1_392' title='bbox 1268 4290 1466 4347; x_wconf 88' lang='lat' dir='ltr'><strong>infelici</strong></span> <span class='ocrx_word' id='word_1_393' title='bbox 1485 4290 1499 4342; x_wconf 86' lang='lat' dir='ltr'><strong>l</strong></span> <span class='ocrx_word' id='word_1_394' title='bbox 2671 4345 2712 4352; x_wconf 50' lang='grc' dir='ltr'><strong>ῃ</strong></span> <span class='ocrx_word' id='word_1_395' title='bbox 2852 4343 2872 4352; x_wconf 32' lang='grc' dir='ltr'><strong>Α</strong></span> <span class='ocrx_word' id='word_1_396' title='bbox 3255 4256 3504 4298; x_wconf 66' lang='grc' dir='ltr'><strong>Αιςιυωλκ</strong></span> 
     </span>
    </p>
   </div>
   <div class='ocr_carea' id='block_1_72' title="bbox 1570 4326 4176 4430">
    <p class='ocr_par' dir='ltr' id='par_1_72' title="bbox 1570 4326 4176 4430">
     <span class='ocr_line' id='line_1_74' title="bbox 1570 4326 4176 4430; baseline -0.017 -15"><span class='ocrx_word' id='word_1_397' title='bbox 1570 4389 1838 4430; x_wconf 50' lang='lat' dir='ltr'><strong>nam”,</strong></span> <span class='ocrx_word' id='word_1_398' title='bbox 2671 4345 2824 4399; x_wconf 84' lang='lat' dir='ltr'><strong>Nunc</strong></span> <span class='ocrx_word' id='word_1_399' title='bbox 2849 4343 3021 4396; x_wconf 86' lang='lat' dir='ltr'><strong>fateor</strong></span> <span class='ocrx_word' id='word_1_400' title='bbox 3066 4348 3116 4392; x_wconf 92' lang='lat' dir='ltr'><strong>te</strong></span> <span class='ocrx_word' id='word_1_401' title='bbox 3159 4351 3288 4391; x_wconf 89' lang='lat' dir='ltr'><strong>vere</strong></span> <span class='ocrx_word' id='word_1_402' title='bbox 3337 4348 3501 4403; x_wconf 91' lang='lat' dir='ltr'><strong>quam</strong></span> <span class='ocrx_word' id='word_1_403' title='bbox 3555 4329 3750 4385; x_wconf 91' lang='lat' dir='ltr'><strong>nutrivi</strong></span> <span class='ocrx_word' id='word_1_404' title='bbox 3804 4326 3991 4390; x_wconf 77' lang='lat' dir='ltr'><strong>filiam,</strong></span> <span class='ocrx_word' id='word_1_405' title='bbox 4041 4334 4176 4375; x_wconf 91' lang='lat' dir='ltr'><strong>nunc</strong></span> 
     </span>
    </p>
   </div>
   <div class='ocr_carea' id='block_1_73' title="bbox 978 4421 3805 4533">
    <p class='ocr_par' dir='ltr' id='par_1_73' title="bbox 978 4421 3805 4533">
     <span class='ocr_line' id='line_1_75' title="bbox 978 4421 3805 4533; baseline -0.015 -3"><span class='ocrx_word' id='word_1_406' title='bbox 978 4474 1089 4530; x_wconf 87' lang='lat' dir='ltr'><strong>Cur</strong></span> <span class='ocrx_word' id='word_1_407' title='bbox 1115 4469 1358 4526; x_wconf 77' lang='lat' dir='ltr'><strong>decidis?</strong></span> <span class='ocrx_word' id='word_1_408' title='bbox 1386 4467 1496 4522; x_wconf 90' lang='lat' dir='ltr'><strong>Cur</strong></span> <span class='ocrx_word' id='word_1_409' title='bbox 1526 4466 1578 4520; x_wconf 90' lang='lat' dir='ltr'><strong>in</strong></span> <span class='ocrx_word' id='word_1_410' title='bbox 1627 4475 1768 4519; x_wconf 88' lang='lat' dir='ltr'><strong>terra</strong></span> <span class='ocrx_word' id='word_1_411' title='bbox 1795 4463 1946 4532; x_wconf 86' lang='lat' dir='ltr'><strong>jaces</strong></span> <span class='ocrx_word' id='word_1_412' title='bbox 1999 4458 2334 4515; x_wconf 86' lang='lat' dir='ltr'><strong>immobilis?</strong></span> <span class='ocrx_word' id='word_1_413' title='bbox 2373 4456 2495 4510; x_wconf 86' lang='lat' dir='ltr'><strong>Eri-</strong></span> <span class='ocrx_word' id='word_1_414' title='bbox 2527 4476 2576 4533; x_wconf 77' lang='grc' dir='ltr'>υ</span> <span class='ocrx_word' id='word_1_415' title='bbox 2602 4451 2797 4493; x_wconf 79' lang='lat' dir='ltr'><strong>censeo</strong></span> <span class='ocrx_word' id='word_1_416' title='bbox 2829 4444 2880 4488; x_wconf 76' lang='grc' dir='ltr'><strong>ιθ</strong></span> <span class='ocrx_word' id='word_1_417' title='bbox 2908 4449 3016 4504; x_wconf 62' lang='lat' dir='ltr'><strong>pra:</strong></span> <span class='ocrx_word' id='word_1_418' title='bbox 3037 4429 3288 4486; x_wconf 81' lang='lat' dir='ltr'><strong>omnibus</strong></span> <span class='ocrx_word' id='word_1_419' title='bbox 3313 4425 3432 4479; x_wconf 80' lang='lat' dir='ltr'><strong>fore</strong></span> <span class='ocrx_word' id='word_1_420' title='bbox 3461 4421 3805 4492; x_wconf 73' lang='lat' dir='ltr'><strong>diligendam-</strong></span> 
     </span>
    </p>
   </div>
   <div class='ocr_carea' id='block_1_74' title="bbox 910 4532 3487 4640">
    <p class='ocr_par' dir='ltr' id='par_1_74' title="bbox 910 4532 3487 4640">
     <span class='ocr_line' id='line_1_76' title="bbox 910 4532 3487 4640; baseline -0.022 -17"><span class='ocrx_word' id='word_1_421' title='bbox 910 4581 1038 4640; x_wconf 89' lang='lat' dir='ltr'><strong>gere</strong></span> <span class='ocrx_word' id='word_1_422' title='bbox 1065 4573 1119 4618; x_wconf 92' lang='lat' dir='ltr'><strong>et</strong></span> <span class='ocrx_word' id='word_1_423' title='bbox 1144 4577 1263 4633; x_wconf 68' lang='lat' dir='ltr'><strong>quae</strong></span> <span class='ocrx_word' id='word_1_424' title='bbox 1289 4557 1734 4636; x_wconf 17' lang='lat' dir='ltr'><strong>dicamhpercipe.</strong></span> <span class='ocrx_word' id='word_1_425' title='bbox 2533 4532 2540 4533; x_wconf 16' lang='lat'><em>7</em></span> <span class='ocrx_word' id='word_1_426' title='bbox 2728 4618 2742 4640; x_wconf 54' lang='grc' dir='ltr'><strong>ι</strong></span> <span class='ocrx_word' id='word_1_427' title='bbox 3304 4532 3487 4570; x_wconf 69' lang='lat' dir='ltr'><strong>mnu.</strong></span> 
     </span>
     <span class='ocr_line' id='line_1_77' title="bbox 2689 4609 3487 4640; baseline -0.016 5"><span class='ocrx_word' id='word_1_428' title='bbox 2689 4621 2708 4640; x_wconf 77' lang='grc' dir='ltr'><strong>Δ</strong></span> <span class='ocrx_word' id='word_1_429' title='bbox 2749 4615 3083 4640; x_wconf 66' lang='grc' dir='ltr'><strong>ε-.--.....ι...ν.</strong></span> <span class='ocrx_word' id='word_1_430' title='bbox 3115 4611 3229 4640; x_wconf 72' lang='grc' dir='ltr'><strong>...ηις</strong></span> <span class='ocrx_word' id='word_1_431' title='bbox 3259 4609 3487 4640; x_wconf 44' lang='lat' dir='ltr'><strong>manu...“</strong></span> 
     </span>
    </p>
   </div>
   <div class='ocr_carea' id='block_1_75' title="bbox 1479 4599 4175 4701">
    <p class='ocr_par' dir='ltr' id='par_1_75' title="bbox 1479 4599 4175 4701">
     <span class='ocr_line' id='line_1_78' title="bbox 1479 4599 4175 4701; baseline -0.015 -11"><span class='ocrx_word' id='word_1_432' title='bbox 1479 4599 1526 4636; x_wconf 52' lang='grc' dir='ltr'><em>’ν</em></span> <span class='ocrx_word' id='word_1_433' title='bbox 1617 4599 1802 4701; x_wconf 43' lang='lat' dir='ltr'><strong>“in”,</strong></span> <span class='ocrx_word' id='word_1_434' title='bbox 2678 4615 3084 4688; x_wconf 80' lang='lat' dir='ltr'><strong>Aliquantulum</strong></span> <span class='ocrx_word' id='word_1_435' title='bbox 3115 4611 3232 4665; x_wconf 87' lang='lat' dir='ltr'><strong>auri</strong></span> <span class='ocrx_word' id='word_1_436' title='bbox 3259 4609 3600 4676; x_wconf 83' lang='lat' dir='ltr'><strong>vestiumqne</strong></span> <span class='ocrx_word' id='word_1_437' title='bbox 3627 4603 3894 4674; x_wconf 90' lang='lat' dir='ltr'><strong>possideo,</strong></span> <span class='ocrx_word' id='word_1_438' title='bbox 3923 4599 4065 4670; x_wconf 90' lang='lat' dir='ltr'><strong>quod</strong></span> <span class='ocrx_word' id='word_1_439' title='bbox 4092 4607 4175 4651; x_wconf 87' lang='lat' dir='ltr'><strong>tua</strong></span> 
     </span>
    </p>
   </div>
   <div class='ocr_carea' id='block_1_76' title="bbox 980 4699 2751 4806">
    <p class='ocr_par' dir='ltr' id='par_1_76' title="bbox 980 4709 2751 4806">
     <span class='ocr_line' id='line_1_79' title="bbox 980 4709 2751 4806; baseline -0.015 -4"><span class='ocrx_word' id='word_1_440' title='bbox 980 4747 1190 4802; x_wconf 81' lang='lat' dir='ltr'><strong>Pavore</strong></span> <span class='ocrx_word' id='word_1_441' title='bbox 1215 4756 1477 4799; x_wconf 86' lang='lat' dir='ltr'><strong>concussa</strong></span> <span class='ocrx_word' id='word_1_442' title='bbox 1514 4739 1717 4802; x_wconf 91' lang='lat' dir='ltr'><strong>corrui,</strong></span> <span class='ocrx_word' id='word_1_443' title='bbox 1744 4736 1868 4806; x_wconf 88' lang='lat' dir='ltr'><strong>quia</strong></span> <span class='ocrx_word' id='word_1_444' title='bbox 1900 4734 2004 4788; x_wconf 90' lang='lat' dir='ltr'><strong>vim</strong></span> <span class='ocrx_word' id='word_1_445' title='bbox 2035 4733 2284 4802; x_wconf 67' lang='lat' dir='ltr'><strong>&#39;paternte</strong></span> <span class='ocrx_word' id='word_1_446' title='bbox 2318 4728 2495 4784; x_wconf 88' lang='lat' dir='ltr'><strong>moni—</strong></span> <span class='ocrx_word' id='word_1_447' title='bbox 2610 4711 2675 4778; x_wconf 68' lang='lat' dir='ltr'><strong>de</strong></span> <span class='ocrx_word' id='word_1_448' title='bbox 2706 4709 2751 4763; x_wconf 71' lang='grc' dir='ltr'><strong>ίιί</strong></span> 
     </span>
    </p>
   </div>
   <div class='ocr_carea' id='block_1_77' title="bbox 1965 4699 3736 4806">
    <p class='ocr_par' dir='ltr' id='par_1_77' title="bbox 1965 4699 3736 4802">
     <span class='ocr_line' id='line_1_80' title="bbox 1965 4699 3736 4802; baseline -0.015 -29"><span class='ocrx_word' id='word_1_449' title='bbox 1965 4748 2004 4787; x_wconf 79' lang='lat' dir='ltr'>m</span> <span class='ocrx_word' id='word_1_450' title='bbox 2035 4733 2284 4802; x_wconf 61' lang='grc' dir='ltr'><strong>’ρθιει-ηω</strong></span> <span class='ocrx_word' id='word_1_451' title='bbox 2318 4728 2495 4784; x_wconf 62' lang='lat' dir='ltr'><strong>mani-</strong></span> <span class='ocrx_word' id='word_1_452' title='bbox 2610 4711 2675 4778; x_wconf 87' lang='lat' dir='ltr'><strong>de</strong></span> <span class='ocrx_word' id='word_1_453' title='bbox 2706 4709 2790 4763; x_wconf 86' lang='lat' dir='ltr'><strong>bis</strong></span> <span class='ocrx_word' id='word_1_454' title='bbox 2814 4705 3106 4760; x_wconf 87' lang='lat' dir='ltr'><strong>auctoritas</strong></span> <span class='ocrx_word' id='word_1_455' title='bbox 3131 4699 3435 4756; x_wconf 91' lang='lat' dir='ltr'><strong>decreverit</strong></span> <span class='ocrx_word' id='word_1_456' title='bbox 3463 4705 3736 4766; x_wconf 81' lang='lat' dir='ltr'><strong>exspecto.</strong></span> 
     </span>
    </p>
   </div>
   <div class='ocr_carea' id='block_1_78' title="bbox 911 4802 3532 4903">
    <p class='ocr_par' dir='ltr' id='par_1_78' title="bbox 911 4802 3532 4903">
     <span class='ocr_line' id='line_1_81' title="bbox 911 4802 3532 4903; baseline -0.022 -7"><span class='ocrx_word' id='word_1_457' title='bbox 911 4838 1077 4896; x_wconf 77' lang='lat' dir='ltr'><strong>tionis</strong></span> <span class='ocrx_word' id='word_1_458' title='bbox 1108 4836 1253 4892; x_wconf 86' lang='lat' dir='ltr'><strong>ferre</strong></span> <span class='ocrx_word' id='word_1_459' title='bbox 1289 4831 1528 4903; x_wconf 90' lang='lat' dir='ltr'><strong>nequivi.</strong></span> <span class='ocrx_word' id='word_1_460' title='bbox 1998 4883 2010 4897; x_wconf 46' lang='lat'><strong>.</strong></span> <span class='ocrx_word' id='word_1_461' title='bbox 2703 4891 2718 4903; x_wconf 43' lang='lat'>‘</span> <span class='ocrx_word' id='word_1_462' title='bbox 3009 4886 3020 4898; x_wconf 42' lang='lat'><em>.</em></span> <span class='ocrx_word' id='word_1_463' title='bbox 3061 4885 3071 4896; x_wconf 41' lang='lat'><em>.</em></span> <span class='ocrx_word' id='word_1_464' title='bbox 3115 4885 3125 4895; x_wconf 43' lang='lat'><strong>.</strong></span> <span class='ocrx_word' id='word_1_465' title='bbox 3189 4883 3199 4894; x_wconf 36' lang='grc'>⁸</span> <span class='ocrx_word' id='word_1_466' title='bbox 3265 4802 3532 4903; x_wconf 43' lang='lat' dir='ltr'><strong>sanans}</strong></span> 
     </span>
    </p>
   </div>
   <div class='ocr_carea' id='block_1_79' title="bbox 1573 4872 3344 4975">
    <p class='ocr_par' dir='ltr' id='par_1_79' title="bbox 1573 4883 3344 4975">
     <span class='ocr_line' id='line_1_82' title="bbox 1573 4883 3344 4975; baseline -0.02 -4"><span class='ocrx_word' id='word_1_467' title='bbox 1573 4934 1839 4975; x_wconf 66' lang='grc' dir='ltr'><strong>ΑωιΑιιΑιί,</strong></span> <span class='ocrx_word' id='word_1_468' title='bbox 1998 4883 2010 4897; x_wconf 45' lang='grc'><strong><em>⁸</em></strong></span> <span class='ocrx_word' id='word_1_469' title='bbox 2678 4891 2807 4957; x_wconf 63' lang='lat' dir='ltr'><strong>Quae</strong></span> <span class='ocrx_word' id='word_1_470' title='bbox 2869 4883 3203 4956; x_wconf 88' lang='lat' dir='ltr'><strong>acquisivisti</strong></span> <span class='ocrx_word' id='word_1_471' title='bbox 3258 4896 3344 4951; x_wconf 71' lang='lat' dir='ltr'><strong>pet</strong></span> 
     </span>
    </p>
   </div>
   <div class='ocr_carea' id='block_1_80' title="bbox 2404 4872 4175 4975">
    <p class='ocr_par' dir='ltr' id='par_1_80' title="bbox 2678 4872 4175 4957">
     <span class='ocr_line' id='line_1_83' title="bbox 2678 4872 4175 4957; baseline -0.013 -12"><span class='ocrx_word' id='word_1_472' title='bbox 2678 4891 2807 4957; x_wconf 64' lang='lat' dir='ltr'><strong>Quae</strong></span> <span class='ocrx_word' id='word_1_473' title='bbox 2869 4883 3203 4956; x_wconf 89' lang='lat' dir='ltr'><strong>acquisivisti</strong></span> <span class='ocrx_word' id='word_1_474' title='bbox 3258 4880 3532 4951; x_wconf 89' lang='lat' dir='ltr'><strong>peccando</strong></span> <span class='ocrx_word' id='word_1_475' title='bbox 3593 4893 3713 4934; x_wconf 90' lang='lat' dir='ltr'><strong>cum</strong></span> <span class='ocrx_word' id='word_1_476' title='bbox 3768 4875 3899 4945; x_wconf 91' lang='lat' dir='ltr'><strong>ipsis</strong></span> <span class='ocrx_word' id='word_1_477' title='bbox 3950 4872 4175 4944; x_wconf 86' lang='lat' dir='ltr'><strong>peccatis</strong></span> 
     </span>
    </p>
   </div>
   <div class='ocr_carea' id='block_1_81' title="bbox 983 4979 3602 5077">
    <p class='ocr_par' dir='ltr' id='par_1_81' title="bbox 983 4979 3602 5077">
     <span class='ocr_line' id='line_1_84' title="bbox 983 4979 3602 5077; baseline -0.014 -1"><span class='ocrx_word' id='word_1_478' title='bbox 983 5019 1216 5075; x_wconf 87' lang='lat' dir='ltr'><strong>Attende</strong></span> <span class='ocrx_word' id='word_1_479' title='bbox 1239 5016 1343 5072; x_wconf 90' lang='lat' dir='ltr'><strong>mei</strong></span> <span class='ocrx_word' id='word_1_480' title='bbox 1366 5017 1417 5071; x_wconf 91' lang='lat' dir='ltr'><strong>in</strong></span> <span class='ocrx_word' id='word_1_481' title='bbox 1439 5023 1492 5069; x_wconf 87' lang='lat' dir='ltr'><strong>te</strong></span> <span class='ocrx_word' id='word_1_482' title='bbox 1527 5013 1867 5068; x_wconf 90' lang='lat' dir='ltr'><strong>dilectionem</strong></span> <span class='ocrx_word' id='word_1_483' title='bbox 1894 5014 1949 5062; x_wconf 87' lang='lat' dir='ltr'><strong>et</strong></span> <span class='ocrx_word' id='word_1_484' title='bbox 1971 5006 2178 5077; x_wconf 91' lang='lat' dir='ltr'><strong>depone</strong></span> <span class='ocrx_word' id='word_1_485' title='bbox 2226 5003 2496 5058; x_wconf 87' lang='lat' dir='ltr'><strong>timorem.</strong></span> <span class='ocrx_word' id='word_1_486' title='bbox 2609 4992 2734 5038; x_wconf 74' lang='grc' dir='ltr'><strong>ευηῑ</strong></span> <span class='ocrx_word' id='word_1_487' title='bbox 2764 4979 3084 5052; x_wconf 64' lang='grc' dir='ltr'><strong>³1)]ίοίθηάδι</strong></span> <span class='ocrx_word' id='word_1_488' title='bbox 3600 4981 3602 4984; x_wconf 67' lang='grc'>’</span> 
     </span>
    </p>
   </div>
   <div class='ocr_carea' id='block_1_82' title="bbox 1619 5081 3488 5155">
    <p class='ocr_par' dir='ltr' id='par_1_82' title="bbox 1619 5081 3488 5155">
     <span class='ocr_line' id='line_1_85' title="bbox 1619 5081 3488 5155; baseline -0.02 0"><span class='ocrx_word' id='word_1_489' title='bbox 1619 5116 1779 5155; x_wconf 72' lang='lat' dir='ltr'><strong>IARIA</strong></span> <span class='ocrx_word' id='word_1_490' title='bbox 1792 5137 1805 5152; x_wconf 79' lang='grc' dir='ltr'>ι</span> <span class='ocrx_word' id='word_1_491' title='bbox 3303 5081 3488 5121; x_wconf 71' lang='lat' dir='ltr'><strong>IARIA.</strong></span> 
     </span>
    </p>
   </div>
   <div class='ocr_carea' id='block_1_83' title="bbox 987 5148 4181 5272">
    <p class='ocr_par' dir='ltr' id='par_1_83' title="bbox 987 5148 4181 5272">
     <span class='ocr_line' id='line_1_86' title="bbox 987 5148 4181 5272; baseline -0.014 -29"><span class='ocrx_word' id='word_1_492' title='bbox 987 5199 1227 5272; x_wconf 65' lang='lat' dir='ltr'><strong>Nequeo,</strong></span> <span class='ocrx_word' id='word_1_493' title='bbox 2684 5165 2861 5219; x_wconf 81' lang='lat' dir='ltr'><strong>Rebar</strong></span> <span class='ocrx_word' id='word_1_494' title='bbox 2889 5160 3214 5232; x_wconf 90' lang='lat' dir='ltr'><strong>pauperibus</strong></span> <span class='ocrx_word' id='word_1_495' title='bbox 3237 5155 3526 5227; x_wconf 88' lang='lat' dir='ltr'><strong>eroganda,</strong></span> <span class='ocrx_word' id='word_1_496' title='bbox 3550 5169 3644 5210; x_wconf 88' lang='lat' dir='ltr'><strong>seu</strong></span> <span class='ocrx_word' id='word_1_497' title='bbox 3671 5154 3842 5208; x_wconf 89' lang='lat' dir='ltr'><strong>sacris</strong></span> <span class='ocrx_word' id='word_1_498' title='bbox 3864 5165 3987 5207; x_wconf 88' lang='lat' dir='ltr'><strong>esse</strong></span> <span class='ocrx_word' id='word_1_499' title='bbox 4011 5148 4181 5203; x_wconf 79' lang='lat' dir='ltr'><strong>altari-</strong></span> 
     </span>
    </p>
   </div>
   <div class='ocr_carea' id='block_1_84' title="bbox 1579 5253 3036 5340">
    <p class='ocr_par' dir='ltr' id='par_1_84' title="bbox 1579 5253 3036 5340">
     <span class='ocr_line' id='line_1_87' title="bbox 1579 5253 3036 5340; baseline -0.022 0"><span class='ocrx_word' id='word_1_500' title='bbox 1579 5296 1846 5340; x_wconf 70' lang='lat' dir='ltr'><strong>ABRAHMI.</strong></span> <span class='ocrx_word' id='word_1_501' title='bbox 2613 5258 2714 5311; x_wconf 88' lang='lat' dir='ltr'><strong>bus</strong></span> <span class='ocrx_word' id='word_1_502' title='bbox 2743 5253 3036 5310; x_wconf 68' lang='lat' dir='ltr'><strong>offerenda.</strong></span> 
     </span>
    </p>
   </div>
   <div class='ocr_carea' id='block_1_85' title="bbox 992 5353 3539 5441">
    <p class='ocr_par' dir='ltr' id='par_1_85' title="bbox 992 5353 3539 5441">
     <span class='ocr_line' id='line_1_88' title="bbox 992 5353 3539 5441; baseline -0.019 -3"><span class='ocrx_word' id='word_1_503' title='bbox 992 5383 1181 5438; x_wconf 84' lang='lat' dir='ltr'><strong>Nonne</strong></span> <span class='ocrx_word' id='word_1_504' title='bbox 1217 5380 1290 5435; x_wconf 89' lang='lat' dir='ltr'><strong>tui</strong></span> <span class='ocrx_word' id='word_1_505' title='bbox 1322 5392 1483 5441; x_wconf 81' lang='lat' dir='ltr'><strong>causa</strong></span> <span class='ocrx_word' id='word_1_506' title='bbox 1534 5371 1946 5430; x_wconf 89' lang='lat' dir='ltr'><strong>desiderabilem</strong></span> <span class='ocrx_word' id='word_1_507' title='bbox 2003 5366 2172 5422; x_wconf 90' lang='lat' dir='ltr'><strong>eremi</strong></span> <span class='ocrx_word' id='word_1_508' title='bbox 2217 5362 2505 5420; x_wconf 78' lang='lat' dir='ltr'><strong>liabitatio-</strong></span> <span class='ocrx_word' id='word_1_509' title='bbox 3274 5353 3539 5394; x_wconf 72' lang='lat' dir='ltr'><strong>ABRAHAII.</strong></span> 
     </span>
    </p>
   </div>
   <div class='ocr_carea' id='block_1_86' title="bbox 921 5421 2692 5519">
    <p class='ocr_par' dir='ltr' id='par_1_86' title="bbox 921 5421 2692 5519">
     <span class='ocr_line' id='line_1_89' title="bbox 993 5421 2087 5441; baseline -0.016 -3"><span class='ocrx_word' id='word_1_510' title='bbox 993 5421 1180 5438; x_wconf 73' lang='grc' dir='ltr'><strong>μυ....ν</strong></span> <span class='ocrx_word' id='word_1_511' title='bbox 1219 5421 1289 5435; x_wconf 68' lang='grc' dir='ltr'><strong>η..</strong></span> <span class='ocrx_word' id='word_1_512' title='bbox 1323 5421 1483 5441; x_wconf 59' lang='grc' dir='ltr'><strong>νων..</strong></span> <span class='ocrx_word' id='word_1_513' title='bbox 1536 5421 1945 5430; x_wconf 56' lang='lat'><strong>..--._--__-,-_--</strong></span> <span class='ocrx_word' id='word_1_514' title='bbox 2044 5421 2087 5422; x_wconf 36' lang='grc' dir='ltr'><em>η</em></span> 
     </span>
     <span class='ocr_line' id='line_1_90' title="bbox 921 5440 2692 5519; baseline -0.01 0"><span class='ocrx_word' id='word_1_515' title='bbox 921 5491 1046 5519; x_wconf 67' lang='lat' dir='ltr'><strong>nam</strong></span> <span class='ocrx_word' id='word_1_516' title='bbox 1074 5473 1287 5519; x_wconf 72' lang='lat' dir='ltr'><strong>relimti-</strong></span> <span class='ocrx_word' id='word_1_517' title='bbox 1334 5484 1548 5519; x_wconf 86' lang='lat' dir='ltr'><strong>omnem</strong></span> <span class='ocrx_word' id='word_1_518' title='bbox 1609 5462 1872 5519; x_wconf 73' lang='lat' dir='ltr'><strong>regularis</strong></span> <span class='ocrx_word' id='word_1_519' title='bbox 1920 5457 2318 5515; x_wconf 70' lang='lat' dir='ltr'><strong>observantiam</strong></span> <span class='ocrx_word' id='word_1_520' title='bbox 2378 5468 2508 5506; x_wconf 89' lang='lat' dir='ltr'><strong>con-</strong></span> <span class='ocrx_word' id='word_1_521' title='bbox 2685 5440 2692 5494; x_wconf 77' lang='grc' dir='ltr'>Ι</span> 
     </span>
    </p>
   </div>
   <div class='ocr_carea' id='block_1_87' title="bbox 2410 5421 4181 5519">
    <p class='ocr_par' dir='ltr' id='par_1_87' title="bbox 2410 5421 4181 5506">
     <span class='ocr_line' id='line_1_91' title="bbox 2410 5421 4181 5506; baseline -0.016 -7"><span class='ocrx_word' id='word_1_522' title='bbox 2410 5468 2508 5506; x_wconf 81' lang='lat' dir='ltr'><strong>on-</strong></span> <span class='ocrx_word' id='word_1_523' title='bbox 2685 5440 2798 5494; x_wconf 83' lang='lat' dir='ltr'><strong>Non</strong></span> <span class='ocrx_word' id='word_1_524' title='bbox 2825 5438 2958 5493; x_wconf 89' lang='lat' dir='ltr'><strong>satis</strong></span> <span class='ocrx_word' id='word_1_525' title='bbox 2986 5433 3315 5504; x_wconf 88' lang='lat' dir='ltr'><strong>aceeptabile</strong></span> <span class='ocrx_word' id='word_1_526' title='bbox 3346 5443 3541 5484; x_wconf 73' lang='lat' dir='ltr'><strong>munus</strong></span> <span class='ocrx_word' id='word_1_527' title='bbox 3571 5426 3679 5481; x_wconf 84' lang='lat' dir='ltr'><strong>Deo</strong></span> <span class='ocrx_word' id='word_1_528' title='bbox 3714 5439 3834 5480; x_wconf 91' lang='lat' dir='ltr'><strong>esse</strong></span> <span class='ocrx_word' id='word_1_529' title='bbox 3881 5421 4181 5492; x_wconf 79' lang='lat' dir='ltr'><strong>comproba-</strong></span> 
     </span>
    </p>
   </div>
  </div>
