4486 5544
337 348 473 405 1025

992 478 1259 519 ΔΒἎΑΗΑΙ.

404 551 603 607 Matuta
631 552 866 617 nitescit,
897 552 1141 619 lucescit,
1173 558 1446 613 abeamus.

1032 662 1212 702 ιΑκιΔ.

403 757 574 813 Tuum
600 767 701 823 est,
730 758 833 830 ιι
860 759 1019 815 Pater
1047 762 1298 826 amande,
1342 773 1403 817 ut
1450 766 1516 819 ad
1562 775 1736 821 instar
1784 768 1908 823 boni

330 851 561 917 pasmris
608 853 883 909 ortecedas
936 863 1206 921 repertam
1249 869 1430 920 ovem,
1460 867 1514 910 et
1561 874 1660 929 ego
1687 861 1910 929 paribus

332 945 587 997 incedens
614 942 852 1011 vestigiis
881 942 1181 1013 subsequor
1200 946 1617 1015 praecedentem.

976 1069 1245 1110 ΑῸΒΛΒΑΙ.

400 1140 551 1196 Haud
582 1142 685 1207 ita;
716 1142 809 1197 sed
830 1158 929 1213 ego
950 1145 1176 1214 pedibus
1199 1147 1466 1213 incedam,
1492 1158 1542 1205 te
1568 1161 1746 1207 autem
1769 1167 1907 1223 equo

327 1247 691 1303 superponam
785 1249 854 1289 ne
908 1235 1122 1293 itineris
1180 1241 1445 1313 asperitas
1501 1253 1646 1298 secet
1696 1254 1907 1301 teneras

323 1326 557 1396 plantas.

1022 1434 1209 1475 IARlA.

392 1527 455 1590 Ο,
488 1541 648 1595 quem
679 1537 731 1582 te
761 1544 1076 1595 memorem,
1103 1548 1265 1600 quam
1320 1534 1415 1588 tibi
1461 1537 1757 1605 gratiarum
1804 1539 1904 1594 im-

317 1616 549 1687 pendam
575 1622 1153 1689 recompensationem,
1187 1623 1277 1690 qui
1320 1640 1405 1679 me
1431 1626 1703 1696 indignam
1737 1631 1901 1686 mise-

318 1708 528 1761 ratione
554 1723 659 1761 non
694 1718 900 1762 terrore
921 1710 1089 1779 cogis,
1142 1709 1236 1763 sed
1284 1711 1402 1765 miti
1444 1716 1901 1775 condescensione

316 1796 389 1850 ad
417 1799 791 1866 pomitentiam
818 1800 1088 1855 hortaris?

975 1907 1243 1947 ABRAHAN.

387 1978 530 2035 Nihil
570 1980 713 2035 aliud
739 1996 768 2034 a
803 1991 853 2035 te
878 1993 1074 2050 expeto
1096 2024 1109 2049 ,
1144 1986 1246 2039 nisi
1280 1996 1335 2039 ut
1366 1986 1632 2056 reliquum
1671 1994 1793 2043 vita:
1824 1987 1900 2042 in-

315 2069 569 2126 haerendo
598 2072 817 2127 insistas
857 2073 948 2127 Dei
981 2074 1261 2146 obsequio.

1014 2182 1199 2221 HARIA.

388 2253 699 2323 Spontanea
734 2265 913 2309 mente
946 2257 1256 2323 inhaercam,
1286 2275 1385 2329 pro
1414 2260 1619 2315 viribus
1649 2261 1895 2317 Insistam

313 2351 391 2406 et,
430 2344 472 2397 si
506 2341 733 2397 facultas
765 2345 904 2398 desit
946 2361 1125 2414 posse,
1168 2363 1441 2417 nunquam
1498 2358 1675 2403 tamen
1725 2350 1897 2405 deerit

310 2432 467 2486 velle.

965 2541 1210 2579 ABRAHAI

380 2612 644 2667 Convenit
693 2624 772 2679 ut,
797 2630 905 2682 quo
947 2619 1123 2671 studio
1156 2618 1498 2673 deserviebas
1530 2619 1776 2684 vanitati,
1822 2618 1895 2673 fa-

307 2702 532 2757 muleris
562 2704 755 2757 diviure
786 2704 1071 2759 voluntati.

1006 2811 1190 2850 HABIA.

378 2880 522 2945 Fiat,
564 2897 776 2951 precor,
810 2884 915 2937 tuis
960 2882 1189 2950 meritis,
1239 2895 1296 2940 ut
1347 2886 1398 2939 in
1446 2902 1532 2942 me
1583 2887 1893 2957 perficiatur

304 2970 557 3027 voluntas
587 2971 915 3028 Divinitalis.

963 3078 1208 3119 ABRAHAI

376 3154 709 3209 Maturemus
741 3156 995 3210 reditum.

999 3263 1186 3299 MARIA-

372 3335 729 3399 Maturemus;
759 3352 880 3389 nam
923 3353 1009 3390 me
1047 3336 1207 3389 undet
1233 3349 1527 3389 morarum.

893 3424 1116 3479 SCENA
1159 3425 1289 3479 Vlll.

956 3533 1226 3572 ABBAHAI.

371 3609 580 3675 Quanta
652 3608 927 3663 celeritate
999 3610 1175 3679 asperi
1240 3608 1608 3665 diﬂicultatem
1677 3611 1889 3667 itineris

301 3700 756 3755 transcdrrimus!

998 3810 1184 3848 IARIA.

367 3883 521 3953 Quod
543 3886 736 3940 devote
766 3884 971 3956 agitur},
1003 3885 1161 3940 facile
1194 3884 1491 3955 perﬁcitur.

953 3993 1223 4031 ΑΒΚΑΗΑΙ.

368 4066 509 4120 Ecce
546 4076 637 4119 tua
664 4066 879 4119 deserta
917 4064 1132 4119 cellula.

995 4172 1183 4211 ΙΛΒΙΑ.

366 4248 462 4303 llei
488 4249 647 4302 mihi!
703 4248 818 4317 ipsa
856 4248 959 4303 mei
990 4249 1211 4305 sceleris
1236 4258 1319 4305 est
1348 4249 1592 4314 conscia,
1635 4250 1756 4305 ideo
1800 4251 1881 4307 iu-

293 4340 442 4411 gredi
476 4339 723 4394 formido.

945 4450 1213 4488 ABRAHAI.

363 4522 430 4576 Et
472 4523 692 4587 merito;

290 4610 498 4669 hostem
526 4612 771 4681 sequitur
810 4615 1135 4683 triumphus.

993 4721 1175 4759 ΜΑΒΙΑ.

362 4793 427 4848 Ει
450 4793 537 4849 ubi
566 4808 651 4848 me
684 4796 932 4850 decernis
955 4797 1355 4867 cotupnnctioui
1390 4801 1617 4855 vacare?

945 4902 1212 4940 ΑΒΒΑΙΙΑΜ.

358 4972 643 5044 Ingredere
682 4973 733 5026 in
768 4973 956 5028 cellam
990 4976 1335 5041 interiorem,
1365 4993 1433 5033 ne
1468 4988 1715 5036 vetustus
1759 4996 1872 5038 ser-

289 5078 416 5132 pens
444 5063 745 5133 decipiendi
774 5064 911 5119 ultra
940 5066 1180 5121 inveniat
1203 5068 1567 5123 occasionem.

981 5172 1166 5212 IARIA.

352 5244 464 5300 Non
494 5254 683 5300 contra
716 5244 908 5311 luctor,
935 5250 1030 5306 sed
1062 5263 1180 5317 qua:
1196 5246 1355 5315 jubes
1378 5250 1699 5321 amplector.

935 5351 1204 5393 ABBAHAI.

348 5427 686 5464 Feminarum
716 5442 891 5464 mnum
924 5432 1158 5464 vuln-nm
1183 5427 1438 5464 armarium
1493 5446 1593 5464 ηιιΛ
1621 5432 1739 5464 ἷκε...
1779 5434 1865 5464 111ιῖ

1343 359 1701 416 (1011Ἕοῑῶ
1741 362 1891 416 SEX.
1934 394 2001 407 -
2042 366 2127 421 ιν.
2169 370 2519 429 ABRAHAM.

1938 481 1990 537 Δ

1930 1805 1980 1863 Β

3460 386 3595 442 1086

2707 504 2889 544 ΙΑΙΠΔ.

2083 568 2373 640 Competit.

2629 668 2843 725 SCENA
2893 674 2983 727 ΙΧ.

2682 777 2908 816 EPIIHEM.

2083 842 2218 897 Num
2246 846 2375 901 mihi
2401 848 2600 919 aliquid
2625 851 2785 907 all'ers
2805 856 3017 924 gaudii?

2657 960 2927 1001 ABRAHAI.

2079 1024 2157 1080 Ac
2184 1028 2381 1096 magni.

2681 1119 2911 1159 EPHBEM.

2080 1184 2280 1251 Placet,
2320 1202 2421 1243 nec
2480 1188 2666 1247 dubito
2720 1196 2847 1263 quin
2895 1196 3117 1253 Mariam
3148 1203 3580 1263 manciscereris.

2666 1300 2935 1339 ABRAHAI.

2078 1368 2442 1428 Nanciscebar
2467 1374 2653 1445 plane;
2709 1386 2764 1430 et
2796 1380 3033 1447 gaudens
3079 1383 3265 1439 reduxi
3313 1386 3379 1440 ad
3422 1388 3585 1442 ovile.

2675 1483 2906 1523 EPHBEI.

2077 1548 2278 1605 Divina:
2306 1555 2477 1622 gratia
2506 1555 2829 1610 visitationis
2859 1558 3082 1627 factum,
3113 1562 3295 1617 credo.

2663 1664 2933 1703 ABRAIIAI.

2075 1732 2268 1789 Procul
2297 1737 2479 1791 dubio.

2673 1846 2905 1885 EPHREII.

2078 1911 2280 1966 Vellem
2338 1914 2499 1978 scire,
2548 1919 2782 1984 qualiter
2830 1921 2985 1988 juxta
3023 1924 3074 1978 id
3114 1928 3371 1995 temporis
3411 1928 3575 1984 vitam

2000 2018 2289 2072 moresque
2328 2006 2683 2061 ordinaverit.

2657 2115 2922 2154 ABRAHAI.

2074 2185 2234 2239 Juxta
2266 2202 2441 2241 meum
2465 2189 2622 2245 velle.

2667 2300 2897 2339 EPHREM.

2072 2368 2186 2424 lloc
2220 2370 2295 2425 illi
2322 2372 2539 2441 expedit
2564 2374 2645 2428 vel
2674 2377 2929 2429 maxime.

2654 2484 2921 2522 ABBAHAII.

2068 2551 2336 2622 Quidquid
2378 2554 2476 2623 ipsi
2517 2557 2784 2627 agendum
2828 2562 3112 2629 preposui,
3157 2566 3403 2631 quamvis
3437 2566 3578 2622 dini-

1994 2644 2121 2710 cile,
2145 2647 2393 2714 quamvis
2432 2663 2626 2716 grave,
2661 2648 2803 2701 haud
2846 2651 3123 2721 abrogavit
3161 2653 3365 2709 subire.

2666 2753 2895 2791 EPHREM.

2065 2830 2381 2884 Laudabile.

2647 2934 2919 2975 ΛΒΒΛΙΙΑΜ.

2066 3010 2201 3064 Nam
2266 3012 2452 3067 induta
2509 3011 2688 3067 cilicio
2744 3011 3107 3081 continuaque
3160 3012 3464 3084 vigiliarum
3524 3032 3582 3077 et

1988 3102 2178 3173 jejunii
2203 3103 2593 3157 exercitatione
2624 3110 2921 3167 macerata,
2945 3101 3053 3174 42
3081 3108 3400 3165 ³1⁵6115511οω
3444 3111 3580 3182 legis

1993 3189 2370 3247 observatione
2425 3206 2623 3263 corpus
2678 3203 2920 3249 tenerum
2983 3196 3179 3253 anima:
3251 3201 3392 3271 cogit
3464 3204 3577 3273 pati

1991 3282 2297 3353 imperium.

2663 3372 2893 3411 ΕΡΙΙΠΕΙΙ.

2062 3438 2301 3509 Equum
2340 3450 2427 3497 est
2463 3452 2523 3497 ut
2560 3444 2758 3515 iniqua:
2804 3448 2995 3504 sordes
3050 3449 3429 3507 delectationis
3479 3452 3578 3508 eli-

1991 3528 2267 3583 minentur
2298 3532 2593 3588 acerbitate
2623 3536 3015 3606 castigationis.

2649 3640 2916 3681 ABBAHAI.

2060 3711 2317 3782 Quisquis
2353 3713 2470 3783 ejus
2509 3713 2741 3769 lamenta
2782 3717 3061 3790 intelligit,
3093 3728 3272 3775 mente
3319 3719 3572 3777 vulnera-

1996 3803 2392 3873 tur,quisquis
2429 3806 2905 3874 compunctionem
2952 3809 3117 3863 sentit
3155 3818 3211 3865 et
3268 3811 3383 3879 ipse
3430 3825 3577 3866 com-

1990 3892 2271 3962 pungitur.

2652 4001 2885 4041 εριιιιεκ.

2058 4070 2209 4128 Solet
2244 4073 2380 4128 ﬁeri.

2631 4183 2905 4222 ABBAIIAII.

2055 4256 2309 4311 Elaborat
2346 4271 2445 4326 pro
2486 4257 2716 4323 viribus,
2747 4269 2806 4313 ut
2844 4260 3043 4328 quibus
3070 4275 3233 4317 causa
3267 4263 3369 4319 fuit
3395 4267 3574 4335 perdi-

1983 4346 2147 4402 tionis
2176 4347 2270 4401 ﬁat
2296 4347 2600 4418 exemplum
2640 4350 3030 4406 conversionis.

2654 4477 2885 4517 EPBRESI.

766 4523 1051 4593 fugiendus
1094 4534 1177 4579 est
1228 4526 1423 4596 quippe
1472 4524 1637 4591 locus,
1668 4527 1719 4583 in
1769 4542 1876 4596 quo
1903 4512 1957 4573 D
2054 4552 2406 4623 consequens
2443 4561 2545 4608 esi,

2635 4659 2904 4699 ABRAHAM.

2052 4730 2253 4791 Nititur
2280 4745 2338 4791 ut
2372 4746 2575 4807 quanto
2605 4736 2813 4790 exstitit
2856 4736 3071 4802 foedior,
3126 4746 3274 4793 tanto
3313 4751 3573 4808 appareat

1980 4829 2200 4884 nitidior

2664 4912 2895 4955 εριιηεκ.

2047 4989 2344 5049 Jucundior
2365 4991 2635 5047 audiendo
2667 5007 2883 5061 precor,
2912 4989 3158 5066 dialique
3208 4988 3361 5042 lictor
3396 4993 3583 5060 gaudi-

1976 5084 2157 5141 monio
2183 5085 2282 5154 (3).
2643 5168 2890 5209 nam“!

2048 5248 2114 5303 Et
2160 5246 2374 5306 merito.
2431 5262 2555 5311 nam
2616 5246 2919 5319 phalanges
2978 5246 3270 5327 angelica:
3318 5239 3610 5336 gaudentes

1977 5339 2260 5395 Dominum
2290 5335 2511 5391 laudant
2538 5353 2704 5409 super
2735 5344 3095 5407 peccatoris
3128 5335 3501 5396 εοῐνδετεὶοηε·

2661 5444 2875 5464 Ianuar!“
