4486 5544
298 373 432 427 ίοξς)
1310 342 1664 402 ΕΟΜΟΕΟΙΑΞ
1709 343 1857 394 SEX.
1897 373 1962 382 —
2005 342 2065 394 γ.

1769 343 1857 394 ΞΧ.
1897 373 1962 382 -
2005 342 2065 394 V.
2108 337 2545 394 P.\PHNUT|CS
3409 336 3540 387 1050

906 480 1249 522 unusunus.
1901 466 1949 520 Α
2629 468 2904 505 uisunuu.

2050 548 2113 599 Et
2141 561 2260 614 qua:
2289 547 2543 600 distantia
2579 545 2719 597 inter
2751 545 2900 596 tres?

2591 649 2934 688 PAPIISUTIL'S.

2049 727 2225 780 Prima
2265 727 2460 780 dicitur
2520 727 2790 779 mundana
2843 726 2956 778 sive
2994 724 3228 778 carlestis
3259 763 3272 786 ,
3311 726 3542 777 secunda

1980 821 2250 872 mundana
2293 817 2417 888 Heg.
2458 818 2748 884 humanal,
2785 817 2976 879 tertia,
3011 831 3129 885 qua:
3173 814 3546 869 instrumentis

370 904 507 972 Quid
527 901 624 956 sibi
650 900 761 952 vult
782 899 922 968 quod
967 894 1147 949 dixisti
1171 934 1183 958 ,
1207 891 1490 946 secundum
1518 888 1874 941 .‘iarmonicam
1979 920 2286 964 exercetur.

369 592 469 656 Qui
517 587 794 642 dialectice
819 585 920 637 scit
969 581 1265 648 disputare,
1307 577 1430 644 quia
1469 591 1596 626 usue
1633 572 1764 626 nihil
1791 583 1872 626 est

298 681 648 743 contrarium,
673 677 766 733 sed
793 671 1111 741 receptatrix
1140 680 1220 723 est
1248 667 1660 722 contrariorum.

952 797 1228 836 DISCIPULI.

301 992 748 1053 moderationem?

2616 1014 2897 1052 DISCIPL'LI.

923 1091 1270 1132 PAPHNUTIL‘S-
2050 1093 2108 1147 ln
2141 1107 2249 1162 quo
2277 1101 2492 1147 constat
2522 1092 2804 1145 ccelestis?

369 1179 428 1249 ld
450 1193 674 1253 scilicet,
702 1192 868 1260 quod,
901 1191 1040 1243 sicut
1091 1187 1259 1257 pressi
1303 1184 1733 1250 excellentesque
1759 1183 1876 1235 soni
2583 1200 2932 1238 ρλρηκυτιυε,

303 1283 618 1337 harmonicc
665 1279 934 1350 conjuncti
982 1278 1234 1347 quiddam
1270 1274 1557 1344 perficiunt
1591 1274 1874 1334 musicum,
2050 1278 2066 1331 Ι

1512 1282 1557 1326 ἰι
1591 1274 1874 1334 musicum.
2050 1278 2104 1332 In
2137 1286 2343 1348 septem
2373 1276 2604 1344 planetis
2636 1286 2690 1328 et
2724 1291 2773 1327 n.
2815 1276 3020 1329 cmlesti
3054 1277 3283 1344 sphazra.

302 1372 377 1424 ita
429 1371 648 1424 dissona
721 1369 986 1422 elementa
1066 1365 1449 1419 convenienter
1497 1361 1877 1416 concordantia
2622 1381 2907 1419 “sunt”.

302 1476 465 1514 unum
490 1459 776 1529 perﬁciunt
807 1459 1086 1512 mundum.
2051 1459 2373 1524 Quomodo“!

959 1563 1236 1601 DISCIPL'LI.
2593 1561 2941 1600 PAPHNUTIUS.

373 1640 564 1694 Mirum
594 1639 864 1708 quomodo
916 1639 1131 1690 dissona
1169 1638 1480 1693 concordari
1530 1637 1613 1690 vel
1655 1652 1878 1690 concor-
2054 1637 2132 1692 Eo
2162 1637 2416 1690 videlicet
2446 1650 2551 1702 quo
2582 1636 2667 1687 illa
2706 1650 2824 1702 qua:
2867 1637 2917 1687 in
2962 1635 3338 1688 instrumentis
3371 1651 3384 1697 ;
3425 1634 3549 1702 quia

300 1729 480 1783 dantia
504 1730 711 1798 possint
733 1729 948 1782 dissona
976 1727 1102 1780 dici.
1985 1740 2064 1782 tot
2096 1730 2269 1797 spatia
2333 1743 2491 1796 pares
2523 1727 2932 1795 productiones,
2981 1728 3180 1780 ea'dem
3224 1728 3554 1796 symphonia:

608 1886 615 1891 η
916 1832 1262 1870 unusunus.
1911 1823 1957 1882 Β
1987 1821 2331 1876 reperiuntur
2363 1819 2413 1870 in
2446 1820 2530 1871 his
2561 1834 2678 1884 quze
2708 1827 2761 1870 et
2795 1818 2846 1869 in
2880 1817 3111 1870 chordis.

374 1907 509 1972 Quia
542 1907 672 1960 nihil
721 1921 786 1959 ex
836 1905 1099 1958 similibus
1146 1905 1394 1972 componi
1425 1904 1656 1965 videtur,
1691 1916 1787 1955 nec
1812 1917 1877 1955 ex
2641 1921 2922 1960 πιιςειρυω,

303 1995 408 2059 his,
435 2011 553 2065 qua:
582 1996 726 2050 nulla
775 1995 1000 2048 rationis
1049 1994 1396 2062 proportione
1419 1991 1738 2061 junguntur,
1769 1999 1822 2044 et
1850 2005 1879 2042 a
2059 1993 2196 2059 Quid
2232 2002 2358 2048 sunt
2389 1993 2561 2061 spatia
2586 1992 2608 2043 ?

305 2101 364 2139 se
389 2086 535 2141 omni
568 2085 871 2140 substantia
905 2093 1202 2151 naturaque
1227 2083 1451 2137 discreta
1475 2091 1620 2137 sunt.
2599 2097 2945 2137 unusunus.

886 2171 996 2243 Μ
1033 2188 1312 2227 mscrnuu.
2057 2174 2465 2234 Dimensiones,
2525 2189 2642 2240 qua:
2699 2183 3060 2227 numerantur
3116 2175 3259 2229 inter
3311 2173 3560 2244 planetas

376 2262 516 2329 Quid
553 2270 636 2316 est
663 2261 905 2315 musica?
1990 2266 2101 2319 sive
2130 2265 2270 2318 inter
2300 2263 2550 2316 chordas.

917 2366 1264 2405 PAPIINUTIUS.
2644 2368 2923 2408 DlSClPL’LI.

379 2441 667 2511 Disciplina
691 2456 795 2494 una
819 2441 883 2495 de
916 2441 1268 2509 philosophia:
1295 2439 1612 2508 quadruvio.
2072 2446 2139 2500 Ει
2163 2445 2290 2514 quid
2321 2446 2746 2514 productiones?

948 2546 1228 2585 DISCIPULI.
2599 2551 2946 2590 PAPHNUTIL’S.

379 2622 517 2689 Quid
545 2633 628 2679 est
659 2625 760 2678 hoc
793 2623 934 2692 quod
959 2622 1094 2676 dicis
1115 2621 1510 2690 quadruvium?
2063 2623 2206 2677 Idem
2237 2624 2381 2691 quod
2415 2623 2546 2676 toni.

928 2729 1275 2767 PAPHNUTIUS.
2649 2729 2930 2767 DISCIPULI.

381 2802 756 2868 Aritbmetica,
786 2803 1134 2873 geometrica,
1161 2803 1385 2867 musica,
1417 2800 1800 2856 astronomica.
2064 2804 2174 2859 Nec
2204 2805 2396 2859 horum
2432 2806 2620 2859 notitia
2655 2820 2752 2858 nos
2792 2807 2976 2875 tangit.

953 2909 1232 2948 DISCIPULI.
2610 2913 2957 2950 PAPHNUTIUS.

384 2986 490 3041 Cur
530 2987 931 3055 quadruvium?
2069 2987 2250 3041 Tonus
2296 2986 2353 3039 ﬁt
2390 3001 2455 3040 ex
2495 2987 2702 3040 duobus
2737 2987 2885 3039 sonis
2924 2996 2976 3040 et
3012 2985 3250 3054 possidet
3293 2988 3556 3041 rationem

913 3095 1263 3134 unusunus.
1993 3079 2219 3148 epogdoi
2258 3077 2467 3130 numeri
2508 3078 2621 3131 sive
2659 3077 3042 3144 sesquioctavi.

383 3169 537 3234 Quia,
565 3169 709 3223 sicut
752 3186 780 3222 a
804 3170 1104 3238 quadruvio
1133 3170 1361 3234 semita},
1388 3169 1458 3222 ita
1485 3167 1553 3221 ab
1581 3183 1688 3221 uno
1711 3166 1885 3236 philo-
1916 3163 1962 3224 C
2653 3185 2935 3225 mscwuu.

313 3259 511 3328 sophiae
538 3260 804 3328 principio
831 3261 1018 3314 harum
1043 3259 1447 3325 disciplinarum
1473 3258 1740 3326 prodeunt
1764 3273 1890 3326 pro-
2067 3263 2282 3328 Quanto
2338 3262 2576 3315 velocius
2629 3263 2912 3330 prazposita
2965 3261 3337 3331 investigando
3374 3270 3572 3329 satagi-

314 3352 620 3418 gressiones
650 3361 830 3404 rectae.
1994 3371 2114 3405 mus
2157 3353 2421 3411 transire,
2465 3363 2616 3404 tanto
2665 3352 2967 3404 diﬂiciliora
3017 3353 3173 3406 nobis
3217 3368 3321 3406 non
3371 3351 3570 3407 desinis

296 3429 300 3432 ’
962 3456 1237 3496 mscrnuu.
1993 3456 2286 3509 apponere.

384 3530 645 3585 Veremur
686 3517 941 3600 quiddam
982 3530 1355 3601 investigando
1401 3529 1636 3598 rogitare
1685 3530 1752 3584 de
1794 3530 1890 3583 tri-
2618 3547 2965 3586 unusunus.

314 3620 435 3685 bus,
460 3620 584 3689 quia
628 3630 818 3689 coepta:
847 3620 1156 3690 scrupulum
1203 3620 1582 3690 disputationis
1629 3620 1890 3688 capedine
2063 3623 2176 3680 Hoc
2204 3623 2372 3692 exigit
2403 3621 2706 3690 huiusmodi
2737 3623 3054 3691 disputatio.

315 3713 512 3768 mentis
543 3712 631 3765 vix
659 3721 942 3782 penetrare
969 3713 1206 3780 quimus.
2646 3728 2928 3767 DISCIPULI.

485 3785 494 3794 ’
925 3818 1272 3858 unusunus.
2066 3805 2318 3859 Edissere
2366 3815 2740 3858 summotenus
2776 3803 3167 3872 aliquantulum
3207 3803 3271 3856 de
3310 3803 3566 3872 sympho-

385 3891 606 3947 Dillicile
628 3901 805 3962 captu.
1995 3897 2100 3951 niis
2127 3939 2140 3962 ,
2173 3912 2280 3966 quo
2313 3896 2492 3950 saltim
2531 3896 2766 3949 sciamus
2795 3895 3241 3962 signiﬁcationem
3275 3894 3528 3947 nominis.

956 4001 1236 4039 DISCIPULI.
2617 4001 2967 4040 PAPHNUTIUS.

387 4077 482 4131 Dic
509 4077 661 4130 nobis
692 4077 757 4128 de
788 4091 851 4129 ea
876 4073 1341 4143 superﬁcietenus,
1369 4074 1523 4142 cujus
1556 4076 1889 4131 mentionem
2064 4077 2398 4148 Symphonia
2427 4078 2625 4132 dicitur
2655 4075 3034 4128 modulationis
3065 4083 3566 4142 temperamentum.

317 4165 370 4218 in
401 4165 652 4232 praesenti
681 4163 925 4218 fecimus.
2641 4176 2923 4218 mscrnuu.

920 4271 1267 4312 unusunus.
2064 4258 2242 4325 Quare
2265 4260 2288 4310 ?

386 4345 682 4415 Perparum
712 4345 891 4401 dicere
937 4347 1066 4410 scio,
1107 4348 1230 4415 quia
1273 4347 1577 4401 eremicolis
1624 4356 1707 4401 est
1746 4348 1896 4401 inco—
2618 4361 2964 4400 unusunus.

316 4450 485 4506 gutta.
1917 4497 1958 4506 __
2062 4441 2198 4506 Quia
2256 4454 2398 4492 nunc
2450 4448 2701 4506 quatuor,
2761 4453 2903 4491 nunc
2950 4436 3221 4504 quinque,
3261 4450 3404 4490 nunc
3448 4445 3571 4492 octo

961 4540 1240 4580 DISCIPULI.
1914 4497 1967 4556 Β
1993 4531 2140 4586 sonis
2170 4530 2470 4600 perﬁcitur.

385 4618 523 4684 Quid
555 4617 705 4688 agit?
2661 4633 2938 4673 mscrnuu.

922 4726 1272 4767 unusunus.
2061 4714 2195 4779 Quia
2244 4721 2353 4765 tres
2397 4725 2516 4764 esse
2565 4711 2970 4778 cognoscimus,
3018 4709 3351 4780 singularum
3401 4724 3569 4763 vocaa

389 4801 638 4857 Musica?
1991 4803 2113 4858 bula
2146 4803 2463 4871 dignoscere
2493 4802 2760 4869 cupimus.

951 4908 1234 4948 DISCIPULI.
2597 4905 2950 4946 PAPHNUTIUS.

391 4983 529 5053 ipsa.
943 5011 946 5014 -
2061 4983 2240 5038 Prima
2288 4982 2485 5035 dicitur
2526 4979 2636 5052 45
2687 4980 3061 5039 diatessaron,
3123 4978 3274 5047 quasi
3331 4991 3398 5028 ex
3439 4989 3578 5044 qua-

922 5089 1274 5129 unusunus.
1992 5086 2147 5141 .tuor,
2187 5084 2240 5129 et
2277 5075 2517 5143 possidet
2553 5072 2962 5144 proportionem
3003 5071 3280 5138 epitritam
3319 5069 3432 5120 sive
3475 5084 3589 5124 ses-

391 5161 740 5237 mspulalde
771 5164 938 5218 εοηίδ·
1993 5165 2359 5238 .quitertiam;
2421 5168 2664 5222 secunda
2722 5163 3006 5230 diapente,
3075 5175 3198 5232 quae
3251 5164 3463 5210 constat
3523 5175 3594 5212 ex

969 5268 1245 5308 DISCIPULI.
2005 5264 2245 5333 quinque
2283 5265 2337 5308 et
2375 5256 2551 5309 estin
2611 5255 2823 5314 ratione
2874 5251 3135 5308 hemiolii
3183 5250 3291 5302 sive.
3339 5247 3613 5310 sesquial-l

391 5347 582 5404 Utrum
617 5353 702 5400 est
731 5358 836 5398 una
864 5384 878 5408 ,
911 5360 976 5397 an
1009 5343 1224 5412 plures?
2011 5331 2153 5415 teri;
2191 5345 2347 5399 tertia
2377 5344 2648 5412 diapason
2679 5364 2695 5413 -,
2730 5344 2843 5397 hac
2883 5339 2943 5392 lit
2981 5339 3039 5391 in
3080 5338 3250 5410 duplo
3270 5377 3283 5401 ,
3311 5331 3642 5401 perﬁcitura

931 5450 1273 5490 unusunus.
2007 5460 2121 5520 que
2152 5436 2415 5496 sonitibus
2447 5447 2610 5495 octo.
2687 5498 2692 5503 η

388 5530 429 5544 Ill
661 5542 664 5544 .
727 5524 848 5544 I!-___
877 5534 902 5544 ι.
986 5542 992 5544 .
1035 5524 1121 5544 --Δ
1150 5537 1212 5544 .--
