4486 5544
919 461 1049 516 1051
1773 447 2243 515 ΙΙΗΟΤὸυΙΤΠίΕ
2287 458 2491 513 MONIA
2504 459 2606 512 ως»
2641 464 2681 514 G

2398 458 2491 511 VIA
2504 459 2606 512 ως»
2641 461 3328 521 GANDERSHEIMBNSIS
4033 474 4169 534 1032

1549 580 1897 631 mrtmurws.
2527 578 2576 634 Α
3216 599 3559 642 Ρλρηικυτιυε.

995 666 1072 720 Ac
1109 665 1424 720 maximum.
2670 665 2798 721 Sive
2847 670 3045 725 stultus
3095 673 3206 728 sive
3256 677 3495 744 sophista
3548 693 3802 746 perversa
3852 693 4162 750 operentur,

1576 773 1858 814 mscwuu.
2598 757 2972 813 confusionem
3007 776 3034 814 a
3069 761 3180 816 Deo
3210 778 3510 819 merentur.

991 842 1100 898 Cur
1132 859 1236 900 non
1271 845 1535 900 auditur?
3274 871 3555 912 mscnpuu.

1533 953 1882 996 unusunus.
2668 939 2764 993 Ita.

987 1024 1339 1080 Multifariam
1371 1043 1668 1099 exponunt.
1710 1032 1816 1085 Alii
1850 1041 2133 1086 autumant
2173 1050 2277 1087 non
2319 1034 2490 1087 audiri
3208 1053 3554 1093 unusunus.

912 1131 1076 1186 posse
1111 1127 1333 1187 propter
1365 1121 1738 1176 assiduitatem
1766 1140 1780 1187 ;
1817 1124 1904 1176 alii
1938 1133 2156 1193 pr0pter
2183 1125 2326 1178 aeris
2355 1125 2493 1192 spis—

912 1207 1231 1262 situdinem.
1266 1209 1496 1277 Quidam
1529 1221 1709 1267 autem
1761 1212 1943 1268 ferunt
1993 1215 2133 1284 quod
2165 1215 2296 1268 tanti
2328 1230 2490 1268 enor—

2667 1120 2775 1175 Nec
2814 1122 3040 1179 scientia
3079 1127 3284 1181 scibilis
3323 1129 3490 1181 Deum
3529 1129 3785 1193 offendit,
3823 1131 3912 1186 sed
3957 1131 4166 1200 injusti-

2596 1211 2667 1264 tia
2700 1211 2940 1269 scientis.

910 1299 1076 1354 mitas
1102 1300 1314 1356 sonitus
1342 1312 1491 1357 artos
1519 1305 1729 1358 aurium
1764 1317 1996 1376 nequeat
2025 1307 2227 1361 intrare
2259 1317 2486 1362 meatus.
3245 1321 3530 1392 mscrruet.

911 1385 1052 1441 Sunt
1082 1389 1246 1443 etiam
1275 1391 1365 1460 qui
1399 1392 1585 1447 dicunt
1611 1395 1750 1462 quod
1781 1398 1989 1466 sphaera
2025 1407 2130 1450 tam
2154 1397 2487 1464 jucundum,
2666 1396 2886 1451 Verum.

915 1485 1023 1532 tam
1065 1481 1278 1535 dulcem
1326 1482 1516 1538 efferat
1564 1500 1786 1549 sonum,
1822 1498 1881 1540 ut
1913 1489 1954 1542 si
1989 1490 2270 1542 audiretur
2299 1505 2488 1544 omnes
3212 1505 3562 1546 PAPHNUTIUS.

914 1566 969 1620 in
1000 1584 1285 1625 commune
1309 1572 1575 1637 homines,
1602 1576 1904 1644 semetipsis
1927 1578 2185 1645 neglectis
2211 1581 2492 1634 omnibus-

909 1670 1016 1724 que
1045 1661 1355 1727 postpositis
1386 1662 1580 1726 studii,
1615 1663 1898 1718 ducentem
1933 1681 2122 1718 sonum
2176 1667 2245 1720 ab
2280 1669 2488 1722 oriente

2666 1575 2731 1629 Et
2781 1577 2832 1629 in
2885 1576 3039 1644 cujus
3088 1578 3302 1634 laudem
3351 1581 3565 1649 dignius
3604 1578 3906 1648 justiusque
3941 1579 4167 1634 scientia

2594 1666 2792 1717 artium
2826 1675 3192 1735 retorquetur,
3227 1684 3389 1736 quam
3423 1669 3475 1722 in
3512 1670 3660 1734 ejus,
3691 1669 3780 1734 qui
3813 1669 3999 1721 scihile
4040 1667 4167 1721 fecit

906 1757 1269 1815 sequerentur
1297 1750 1349 1802 in
1381 1751 1735 1806 occidentem.

1557 1855 1838 1897 DISCIPULI.

975 1922 1204 1978 Praestat
1236 1934 1293 1978 ut
1320 1942 1425 1981 non
1457 1929 1733 1984 audiatur.

1519 2034 1869 2070 ΡΑΡμΝυτιυε.

971 2101 1084 2157 Hoc
1113 2119 1142 2155 a
1171 2105 1430 2158 Creatore
1460 2104 1865 2172 praesciebatur.

1549 2210 1834 2250 DISCIPULI.

973 2280 1059 2338 Sit
1089 2284 1223 2338 satis
1255 2285 1320 2338 de
1350 2284 1492 2348 ista,
1527 2297 1861 2353 prosequere
1891 2285 1956 2340 de
1988 2297 2245 2342 humana.

1520 2390 1874 2430 PAPHNUTIUS.

968 2462 1106 2530 Quid
1137 2464 1202 2518 de
1232 2462 1359 2517 illa?

1535 2572 1815 2613 DISCIPULI.

968 2643 1025 2698 In
1058 2659 1165 2713 quo
1200 2646 1554 2715 percipiatur.

1511 2757 1863 2798 PAPHNUTIUS.

962 2825 1079 2882 Non
1123 2827 1296 2881 solum
1328 2869 1342 2893 ,
1387 2838 1447 2883 ut
1488 2831 1635 2896 dixi,
1679 2834 1732 2885 in
1775 2835 2099 2904 compagine
2136 2838 2380 2906 corporis
2424 2847 2478 2892 et

892 2920 1124 2983 animae,
1174 2935 1384 2975 necnon
1437 2922 1490 2974 in
1539 2924 1831 2977 emissione
1878 2942 2021 2979 nttnc
2069 2929 2282 2995 gravis,
2335 2944 2476 2981 nunc

890 3010 1054 3065 clane
1092 3011 1272 3075 vocis,
1309 3011 1406 3066 sed
1438 3012 1599 3064 etiam
1634 3012 1686 3065 in
1726 3013 1971 3081 pulsibus
2010 3031 2269 3070 venarum
2310 3028 2474 3086 atque

890 3098 944 3152 ln
976 3100 1335 3168 quorumdam
1363 3115 1617 3153 mensura
1647 3103 2048 3166 membrorum,
2086 3105 2227 3158 sicut
2259 3108 2310 3158 in
2344 3108 2473 3159 arti-

887 3186 1023 3242 culis
1046 3187 1366 3258 digitorum,
1393 3189 1444 3241 in
1469 3189 1664 3257 quibus
1685 3191 1899 3244 easdem
1925 3195 2300 3261 proportiones
2327 3211 2472 3248 nien-

888 3278 1127 3331 surando
1177 3279 1511 3347 reperimus,
1563 3295 1699 3349 quas
1738 3281 1791 3334 in
1829 3283 2166 3352 symphoniis
2209 3287 2470 3353 przentisi-
2499 3253 2543 3311 C

889 3380 1041 3431 mus,
1076 3368 1202 3435 quia
1243 3368 1449 3422 musica
1489 3368 1691 3423 dicitur
1728 3372 2106 3425 convenientia
2148 3389 2255 3427 non
2295 3375 2468 3428 solum

884 3467 1080 3507 vocum
1102 3494 1116 3518 ,
1148 3455 1243 3508 sed
1281 3457 1447 3508 etiam
1477 3455 1707 3508 aliarum
1737 3455 2086 3510 dissimilium
2120 3473 2322 3511 rerum.

1545 3559 1825 3598 DISCIPULI.

955 3631 1016 3686 Si
1071 3633 1479 3702 prazscissemus
1532 3635 1675 3704 quod
1736 3634 2042 3702 huiusmodi
2103 3638 2277 3691 nodus
2318 3655 2464 3708 quac-

885 3723 1082 3778 stionis
1137 3733 1244 3776 tam
1293 3721 1527 3778 difﬁcilis
1577 3725 1643 3778 ad
1676 3725 1995 3780 solvendum
2051 3737 2199 3781 esset
2247 3728 2466 3791 insciis,

884 3815 1266 3868 maluissemus
1333 3815 1599 3869 minorem
1664 3819 1926 3872 mundum
1994 3821 2248 3886 nescire,
2303 3838 2466 3890 quam

884 3915 1093 3960 tantum
1122 3904 1452 3960 difﬁcultatis
1483 3907 1688 3960 subire.

1487 4013 1840 4054 PAPHNUTIUS.

951 4086 1036 4140 Nil
1083 4087 1246 4141 olIicit
1289 4089 1434 4158 quod
1480 4090 1840 4158 elaborastis,
1890 4109 2011 4148 cum
2053 4104 2178 4149 ante
2216 4097 2464 4167 ignorata

881 4187 1091 4247 experti
1127 4187 1279 4232 esus.

1535 4284 1819 4324 DISCIPULI.

953 4357 1153 4413 Verum
1186 4376 1200 4422 ;
1242 4361 1335 4414 sed
1380 4361 1540 4414 taedet
1577 4376 1675 4414 nos
1715 4361 2102 4430 philosophicae
2143 4366 2466 4435 disputatio-

878 4448 1000 4508 nis.
1041 4451 1168 4518 quia
1225 4451 1498 4506 nescimus
1547 4467 1710 4506 sensu
1744 4456 1958 4509 emetiri
1998 4459 2316 4527 scrupulum
2361 4471 2462 4514 tunc

880 4542 1126 4596 rationis.

1497 4648 1845 4688 PAPIINUTIUS.

947 4723 1058 4777 Cur
1110 4738 1198 4777 me
1251 4723 1504 4790 illuditis,
1558 4726 1650 4795 qui
1700 4726 1861 4796 plane
1899 4743 2018 4783 sum
2061 4733 2310 4798 nescius,
2355 4751 2458 4790 non

873 4811 1229 4894 philosophus
1251 4815 1273 4868 ξ’

1521 4925 1804 4966 υιεοιρυιι.

946 4997 1011 5050 Et
1045 5002 1187 5054 unde
1228 4999 1322 5054 tibi
1364 5001 1512 5069 haec,
1545 5019 1663 5073 quae
1697 5021 1796 5060 nos
1829 5005 2106 5080 fatigando
2135 5011 2458 5079 protulisti?

1494 5112 1840 5151 PAPHNUTIUS.

943 5179 1183 5235 Tenuem
1216 5183 1458 5238 scientia:
1488 5186 1754 5255 guttulam
1775 5229 1787 5251 ,
1821 5204 1982 5258 quam
2016 5189 2082 5244 de
2112 5189 2284 5259 plenis
2314 5193 2455 5247 scio-

867 5285 989 5326 rum
1032 5273 1210 5342 puteis
1257 5272 1597 5340 emuentem,
1652 5293 1758 5331 non
1807 5280 1874 5332 ad
1915 5279 2273 5350 colligendum
2317 5283 2455 5337 resi-

867 5359 1034 5426 dens,
1066 5363 1160 5416 sed
1193 5379 1322 5417 casu
1358 5364 1678 5431 praeteriens
1700 5405 1714 5429 ,
1753 5365 1864 5437 4.6
1901 5379 2169 5439 repertam
2207 5370 2405 5426 elambi
2433 5411 2448 5437 ,

2515 1917 2563 1978 Β

2591 1762 2646 1806 et
2675 1754 2960 1808 scientiam
2993 1757 3183 1809 dedit?

3244 1858 3524 1898 DISCIPUIJ.

2658 1927 2713 1981 In
2751 1928 2968 1984 nullius.

3215 2037 3565 2080 PAPHNUTIUS.

2662 2108 2877 2174 Quanto
2906 2111 3049 2164 enim
3079 2112 3398 2167 mirahiliori
3432 2115 3546 2185 lege
3576 2114 3744 2169 Deum
3775 2117 3954 2170 omnia
3985 2116 4040 2169 in
4070 2131 4165 2170 nu-

2589 2215 2740 2255 mero
2793 2210 2847 2253 et
2897 2217 3147 2256 mensura
3185 2214 3237 2256 et
3276 2207 3514 2273 pondere
3550 2208 3794 2274 posuisse
3833 2208 3956 2276 quis
3995 2222 4162 2276 agno-

2587 2293 2721 2355 scit,
2756 2300 2904 2344 tanto
2935 2292 2987 2345 in
3021 2292 3138 2362 ejus
3169 2309 3354 2347 amore
3385 2296 3641 2350 ardescit.

3235 2399 3494 2439 DISCIPULI

2657 2472 2763 2528 Nec
2797 2472 3013 2540 injuria.

3183 2586 3535 2628 PAPHNUTIUS.

2655 2656 2759 2711 Sed
2809 2658 2937 2727 quid
2990 2673 3174 2712 moror
3222 2662 3274 2714 in
3332 2663 3487 2729 istis,
3527 2678 3644 2732 qua
3678 2665 3833 2719 nobis
3881 2666 4161 2720 minimum

2580 2747 2811 2802 afferunt
2846 2751 3225 2806 delectationis
3251 2753 3273 2804 ‘?

3209 2862 3488 2901 υιειῑιρυιι.

2651 2925 2887 2989 Enuclea
2927 2937 3083 2990 nobis
3119 2954 3338 2992 causam
3393 2940 3466 2992 tui
3517 2941 3799 3000 mmroris.
3851 2958 3919 2997 ne
3961 2943 4161 2997 diutius

2579 3024 2896 3094 frangamur
2933 3031 3169 3095 pondere
3210 3030 3569 3084 curiositatis.

3179 3135 3527 3173 PAPIINUTIUS.

2647 3205 2703 3261 Si
2734 3208 2948 3276 quando
2969 3208 3346 3276 erperiemini,
3375 3208 3560 3262 auditu
3593 3224 3695 3261 non
3734 3209 4156 3264 dilectabimini.

3228 3309 3506 3352 DESCIPULI.

2646 3406 2797 3459 llaud
2849 3418 2972 3456 raro
3021 3402 3376 3455 contristatur
3422 3407 3511 3472 qui
3568 3408 3937 3460 curiositatem
3986 3417 4158 3462 secta-

2574 3501 2692 3557 tur;
2725 3492 2816 3545 sed
2849 3500 3024 3544 tamen
3065 3491 3205 3544 hanc
3255 3491 3537 3559 nequimus
3575 3509 3848 3562 superare.
3899 3498 4024 3562 quia
4075 3496 4157 3549 fa-

2574 3581 2798 3634 miliaris
2825 3588 2907 3634 est
2954 3579 3231 3648 fragilitati
3265 3591 3483 3634 nostras.
3553 3620 3557 3623 -

3188 3682 3539 3725 ΡΑΡηΝυτιυε.

2642 3763 2895 3828 Quaedam
2929 3761 3211 3830 impudens
3240 3761 3437 3815 femina
3469 3772 3713 3817 moratur
3739 3765 3790 3817 in
3832 3765 3932 3818 hac
3960 3767 4150 3834 patria.

3221 3870 3499 3909 DISCIPULI.

2641 3945 2748 3997 Res
2770 3944 2979 3998 civibus
3005 3944 3329 4014 periculosa.

3187 4051 3533 4089 PAPHNU'I'IUS.

2641 4151 2764 4205 "me
2787 4151 3027 4204 miranda
3057 4153 3303 4220 przenitet
3340 4156 3757 4221 pulchritudine,
3810 4166 3859 4209 et
3885 4156 4151 4213 horrenda

2572 4245 2758 4298 sordet
2789 4244 3139 4311 turpitudine.

3222 4351 3501 4391 DISCIPUIJ.

2640 4424 2982 4477 Miserabile!
3033 4424 3170 4490 Quid
3215 4428 3477 4480 vocatur?

3189 4534 3537 4572 PAPHNUTIUS.

2492 4601 2541 4659 Ι)
2641 4607 2826 4662 Thais.

3217 4715 3497 4755 DISCIPULI.

2639 4788 2726 4842 Illa
2754 4790 3052 4844 meretrix?

3182 4894 3350 4940 ΡΑΡΗΝ
3360 4899 3445 4939 UTI
3455 4901 3512 4940 US
3523 4927 3532 4936 .

2633 4972 2773 5042 Ipsa.

3223 5081 3502 5122 DISCIPULI.

2633 5175 2760 5247 Ejus
2802 5175 3022 5231 infamia
3063 5176 3191 5231 nulli
3229 5187 3313 5232 est
3353 5179 3642 5251 incognita.

3173 5282 3520 5324 PAPHNUTIUS.

2628 5375 2738 5432 Nec
2775 5376 2998 5443 mirum,
3047 5378 3169 5447 quia
3218 5394 3324 5434 non
3379 5381 3633 5451 dignatur
3678 5396 3819 5437 cum
3851 5384 4037 5451 paucis
4069 5384 4133 5438 ad
