4486 5544
361 325 496 380 1037

1342 327 1702 380 ΕΟ)1ᾱ-Σ[)1.Ε
1747 328 1896 380 SEX.
1943 362 2002 369 ——
2045 334 2107 384 Υ.
2151 333 2606 390 I’.tPilNUTlUS.

3472 352 3493 402 1
3506 351 3606 407 038

356 453 500 499 sare,
526 439 649 506 quia
689 453 792 491 non
822 437 1056 490 arbitror
1090 438 1322 506 pretium
1354 439 1550 506 piaculi
1591 449 1773 508 aptum
1813 455 1930 492 esse
1961 449 2005 502 Α
2038 459 2120 500 nte
2159 443 2295 495 ultra
2336 452 2514 498 vestro
2541 448 2710 500 amori
2749 448 2991 502 cedendi.

358 530 422 583 ad
457 545 590 597 opus
612 531 876 584 benelicii.

964 635 1313 674 I‘AI’IINUTIL’S.

425 711 593 764 Recte
618 711 921 766 arbitraris.
968 711 1035 765 Et
1073 712 1200 780 quid
1238 712 1302 764 de
1333 710 1604 780 congestis
1636 722 1814 763 actum
1857 711 1932 763 ire

355 799 631 854 meditaris
659 799 680 851 ἲ

1066 908 1239 946 TIIAIS.

423 981 531 1050 Igni
566 983 776 1037 tradere
804 993 859 1038 et
886 984 937 1037 itt
966 982 1200 1036 favillam
1235 983 1494 1052 redigere.

963 1089 1314 1128 PAPIINL'TIUS.

425 1159 781 1227 Quamobrem
811 1163 833 1212 ?

1055 1267 1229 1304 THAIS.
1256 1278 1262 1285 '

422 1338 498 1393 Ne
551 1339 890 1394 retineantur
935 1342 988 1393 in
1036 1344 1274 1403 mundo,
1313 1358 1432 1410 qua:
1483 1342 1625 1397 male
1669 1343 1928 1412 acquisivi

349 1430 455 1481 non
487 1427 690 1496 absque
719 1428 902 1481 mundi
936 1429 1186 1484 Factoris
1216 1431 1433 1500 injuria.

966 1535 1313 1574 PAPIINUTIUS.

418 1608 644 1676 Oquam
699 1617 904 1662 mutata
963 1624 1023 1662 es
1090 1611 1158 1663 ab
1219 1600 1307 1662 illa
1366 1625 1485 1678 qna:
1550 1611 1702 1678 prius
1759 1627 1927 1672 cras,

347 1697 562 1767 Quando
616 1697 804 1752 illicito
857 1713 1043 1752 amore
1089 1697 1354 1768 ﬂagrabas
1385 1741 1398 1762 ,
1452 1700 1694 1752 avaritiae
1748 1700 1928 1753 calore

342 1785 615 1840 arstuabas
643 1785 656 1838 !

1045 1892 1221 1930 TIIAIS.

417 1963 666 2018 Fortasse
703 1967 952 2018 mutabor
991 1965 1045 2017 in
1079 1965 1289 2028 melius,
1326 1966 1369 2019 si
1407 1967 1658 2018 annuerit
1689 1967 1850 2020 Deus.

965 2072 1315 2110 I‘AI‘HNL‘TIUS.

416 2147 530 2201 Non
562 2157 646 2202 est
688 2148 902 2203 diliicile
952 2150 1272 2203 immutabili
1315 2149 1431 2217 ejus
1475 2152 1791 2205 substantia:
1840 2168 1926 2207 res

343 2249 406 2295 ut
434 2240 562 2296 libet
589 2251 819 2295 mutare.

1042 2347 1217 2385 TIIAIS.

412 2425 524 2489 Ibo,
561 2432 616 2478 et
645 2437 764 2493 qua:
794 2423 1024 2493 cogitavi
1057 2438 1219 2492 opere
1247 2424 1549 2491 complebo.

957 2529 1308 2567 PAPHNUTIUS.

414 2603 561 2660 Vade
591 2604 644 2659 in
672 2618 824 2674 pace,
857 2603 1127 2671 citiusque
1154 2605 1220 2657 ad
1251 2619 1337 2657 me
1383 2613 1676 2657 revertere.

960 2694 1177 2748 SCENA
1219 2694 1308 2747 IV.

1055 2801 1227 2839 TIIAIS.

409 2874 726 2941 Convenite,
760 2874 1144 2944 properamini,
1183 2887 1412 2942 nequam
1452 2883 1722 2928 amatores
1755 2875 1881 2928 mei.

987 2979 1285 3019 ANATORES.

417 3053 532 3108 Vox
566 3054 788 3108 Thaidis
813 3068 909 3108 nos
933 3054 1197 3107 vocantis.
1232 3053 1535 3108 Adventum
1560 3063 1920 3122 maturemus,

341 3160 410 3200 ne
436 3146 577 3199 illam
613 3145 874 3200 tardando
902 3143 1256 3200 oﬂ‘endamus.

1058 3252 1232 3290 THAIS.

424 3327 738 3383 Aecelerate
758 3368 771 3394 ,
804 3329 1070 3392 accedite,
1121 3337 1179 3382 ut
1206 3341 1401 3398 queam
1434 3331 1710 3386 vobiscum
1763 3331 1928 3387 verba

339 3419 587 3473 miscere.

997 3527 1296 3566 AHATORES.

415 3602 460 3657 Ο
494 3601 678 3668 Thais,
715 3601 900 3664 Thais,
924 3603 1050 3671 quid
1081 3603 1183 3657 sibi
1217 3605 1332 3656 vult
1357 3617 1516 3673 rogus
1546 3644 1559 3668 ,
1586 3619 1748 3674 quem
1793 3620 1922 3659 con-

336 3681 572 3745 struis?
620 3690 728 3745 Cur
804 3691 1166 3758 pretiosarum
1231 3693 1550 3748 varietatem
1611 3695 1926 3749 divitiarum

335 3780 490 3848 juxta
523 3794 709 3851 rogum
741 3781 989 3850 congeris
1021 3782 1044 3834 ?

1033 3887 1210 3927 TIIAIS.

416 3957 635 4031 Rogatis
657 3957 680 4010 ἲ

966 4063 1265 4104 ΑκΑτοιιεε.

420 4134 759 4194 Δόῐηίηῐηυι·
786 4137 937 4191 satis.

1050 4243 1226 4283 THAIS.

414 4315 693 4387 Exponam
725 4317 908 4372 citius.

359 4391 362 4393 ’
977 4424 1276 4465 “nones.

416 4497 527 4554 Hoc
547 4507 818 4568 optamus.
888 4546 890 4548 .

1047 4606 1217 4648 TIIAIS.

414 4682 674 4753 Aspicite.
1068 4749 1072 4753 I

925 4771 932 4777 ”
980 4789 1279 4830 annonas.

417 4860 646 4928 Quiesce
670 4902 684 4926 ,
726 4862 946 4930 quiesce
970 4903 985 4928 ,
1026 4863 1208 4918 Thais.
1263 4862 1400 4929 Quid
1459 4864 1618 4936 agis?
1642 4867 1781 4925 Num
1814 4868 1923 4940 50

337 4955 551 5011 Insanis
575 4956 599 5010 Ἰ

1039 5062 1214 5105 THAIS.

413 5138 531 5194 Non
567 5139 798 5204 insanio,
830 5142 922 5196 sed
953 5155 1145 5196 sanum
1176 5139 1348 5210 sapio.

971 5248 1277 5289 AIATORES.

412 5320 483 5377 Ut
520 5320 650 5389 quid
689 5319 799 5376 haac
837 5323 1064 5394 perditio
1110 5323 1642 5396 quadringentorum
1692 5332 1809 5391 auri
1852 5331 1919 5387 li-

335 5409 580 5474 brarum,
609 5425 726 5464 cum
754 5412 975 5470 aliarum
1008 5411 1331 5474 diversitate
1357 5431 1629 5492 gazarum
1654 5432 1676 5489 ν

1020 5518 1180 5544 TITI“!

1957 1777 2005 1836 Β

1950 4447 2004 4511 Ι)

2679 552 2975 592 AIATOBES.

2108 618 2352 673 Subsiste
2405 621 2712 691 paulisper,
2771 627 3040 691 subsiste,
3094 637 3149 682 et
3190 629 3467 684 materiam
3508 639 3610 686 tum

2036 710 2466 776 perturbationis
2494 713 2702 782 detege.

2739 821 2915 861 THAIS.

2106 885 2222 945 Non
2257 891 2514 956 subsisto,
2550 907 2650 947 nec
2691 910 2993 952 sermonem
3025 898 3298 953 vobiscum
3327 899 3567 956 confero.

2665 1000 2966 1041 AIATORES.

2103 1068 2213 1122 Cur
2239 1069 2575 1139 dedignando
2614 1089 2711 1129 nos
2759 1073 3015 1130 fastidis?
3044 1076 3180 1133 Num
3222 1079 3452 1150 alicujus
3489 1083 3606 1135 inti-

2032 1160 2265 1214 delitatis
2314 1177 2413 1216 nos
2462 1165 2685 1245 arguis?
2741 1165 2930 1222 Nonne
2981 1185 3194 1240 semper
3239 1174 3603 1228 satisfecimus

2036 1250 2141 1301 tuis
2181 1250 2362 1303 votis?
2395 1245 2462 1303 Et
2495 1260 2549 1304 tu
2579 1253 2761 1322 iniquo
2790 1257 2916 1317 odio
2951 1273 3049 1314 nos
3085 1263 3256 1330 gratis
3300 1264 3606 1317 insectaris.

2722 1362 2899 1402 TIIAIS.

2103 1434 2388 1499 Dimittite,
2417 1435 2582 1490 nolite
2618 1447 2822 1490 vestem
2871 1455 3045 1494 meam
3096 1445 3415 1500 attrahenda
3465 1447 3608 1500 scin-

2032 1522 2178 1576 dere.
2232 1523 2312 1576 Sit
2356 1525 2488 1577 satis
2525 1565 2539 1586 ,
2591 1528 2732 1594 quod
2787 1530 2892 1582 huc
2933 1546 3102 1600 usque
3150 1534 3424 1600 peccando
3455 1535 3609 1590 vobis

2031 1615 2298 1667 consensi.
2336 1614 2484 1670 Finis
2514 1617 2679 1671 instat
2717 1622 2976 1687 peccandi
3004 1664 3019 1687 ,
3068 1631 3386 1694 tempusque
3416 1628 3605 1695 ;nostri

2034 1703 2263 1757 discidii.

2666 1818 2967 1858 AﬂATORES.

2103 1887 2221 1953 Quo
2251 1889 2473 1942 tendis?

2729 2001 2906 2040 THAIS.

2099 2057 2392 2128 Ubi‘nemo
2429 2066 2670 2129 vestrum
2712 2079 2935 2144 posthac
2975 2095 3060 2134 me
3099 2082 3323 2137 videbit.

2664 2184 2962 2224 AHATORES.

2101 2254 2254 2323 Papa:
2280 2257 2291 2306 Σ
2329 2255 2465 2320 Quid
2507 2257 2606 2309 hoc
2638 2262 2864 2312 monstri
2903 2270 3008 2324 est,
3033 2265 3175 2331 quod
3203 2265 3371 2319 nostri
3399 2264 3603 2321 delicia!

2029 2345 2214 2408 Thais,
2249 2359 2366 2414 qua:
2390 2346 2591 2401 divitiis
2625 2349 2843 2404 alIluere
2887 2367 3100 2420 semper
3143 2353 3442 2414 laboravit,
3487 2372 3556 2425 qn
3596 2376 3604 2405 ε

2029 2448 2262 2492 mentem
2295 2454 2322 2492 a
2357 2439 2575 2493 lascivia
2608 2457 2878 2510 nunquam
2910 2447 3132 2498 retraxit
3162 2455 3215 2499 et
3257 2462 3314 2500 se
3343 2448 3604 2516 voluptati

2028 2529 2244 2597 penitus
2281 2529 2455 2592 dedit,
2521 2538 2668 2583 tanta
2720 2534 2836 2584 auri
2881 2548 3323 2604 gemmarumque
3375 2537 3606 2606 insignia

2028 2619 2230 2685 absque
2252 2619 2638 2672 retractatione
2668 2622 2924 2688 perdidit,
2954 2635 3008 2676 et
3055 2639 3151 2677 nos
3192 2627 3271 2678 sui
3305 2628 3610 2681 amasioncs

2029 2707 2366 2776 dedignando
2402 2709 2605 2775 sprevit
2634 2710 2918 2779 subitoque
2949 2728 3052 2766 non
3080 2717 3384 2783 comparuit
3409 2717 3430 2767 ?

2645 2798 2865 2853 SCENA
2910 2801 2966 2853 ν.

2742 2906 2917 2945 THAIS.

2097 2978 2196 3043 En,
2228 2989 2380 3048 pater
2422 2979 2687 3050 Paplmuti
2714 3021 2728 3045 ,
2776 2983 2935 3036 venio
2966 2982 3031 3036 ad
3063 2985 3476 3052 obsequendum
3511 2987 3604 3038 tibi

2028 3073 2453 3142 promptissima.

2633 3187 2984 3227 PAPIINUTIUS.

2097 3259 2232 3324 Quia
2297 3275 2506 3315 moram
2569 3263 2621 3314 in
2679 3264 2944 3318 veniendo
3006 3265 3220 3328 fecisti,
3283 3268 3606 3322 coarctabar

2027 3348 2190 3402 nimis
2218 3349 2455 3405 verendo
2489 3360 2540 3405 te
2585 3352 2780 3407 iterum
2813 3353 3128 3424 implicitam
3172 3371 3292 3412 esse
3327 3359 3603 3414 sreculari-

2027 3437 2128 3492 bus
2163 3440 2414 3509 negotiis.

2367 3553 2372 3556 ’
2731 3550 2906 3589 TIIAIS.

2097 3618 2176 3674 Ne
2206 3620 2257 3674 id
2280 3635 2523 3687 vereare,
2555 3623 2681 3690 quia
2726 3625 2895 3680 multo
2931 3625 3071 3679 aliud
3103 3628 3232 3682 mihi
3270 3639 3516 3685 versatur
3552 3633 3606 3685 itt

2027 3720 2227 3764 mente.
2253 3710 2387 3764 Nam
2418 3725 2504 3765 res
2532 3711 2825 3767 familiares
2847 3713 2999 3780 juxta
3037 3716 3170 3768 vello
3213 3733 3387 3771 meum
3422 3719 3605 3789 dispo-

2029 3798 2135 3863 sui,
2169 3800 2411 3869 meisque
2442 3801 2811 3855 amasionibus
2847 3804 3058 3870 publice
3084 3805 3475 3860 abrenuntiavi.

2643 3905 2991 3947 PAPIINUTIUS.

2099 3981 2234 4046 Quia
2265 3981 2349 4034 his
2377 3981 2790 4047 abrenuntiasti,
2817 3998 3049 4052 superno
3071 3987 3298 4040 amatori
3324 3988 3435 4056 jam
3465 4004 3608 4042 nunc

2027 4072 2229 4142 poteris
2272 4071 2532 4140 copulari.

2733 4175 2910 4219 TIIAIS.

2099 4245 2273 4307 Tuum
2304 4263 2389 4308 est
2433 4251 2563 4307 mihi
2607 4253 2754 4307 velut
2798 4254 2949 4309 radio
2981 4259 3332 4324 praescribere
3360 4259 3491 4330 quid
3522 4277 3607 4317 me

2028 4350 2277 4413 oporteat
2298 4339 2500 4396 factum
2528 4342 2629 4395 ire.

2661 4452 3007 4493 PAPIINUTIUS.

2105 4527 2341 4596 Sequere
2369 4541 2474 4581 me.

2726 4635 2900 4674 THAIS.
3129 4671 3135 4675 .

2103 4707 2314 4778 Sequar
2343 4707 2487 4764 enim
2515 4707 2909 4778 ambulatione;
2958 4725 2991 4766 o
3024 4713 3228 4768 utinam
3260 4727 3517 4785 sequerer
3554 4726 3611 4772 et

2033 4799 2274 4854 acnone!

2651 4892 2870 4950 SCENA
2909 4896 2995 4951 VI.

2654 5001 2998 5043 PAPBNUTIUS.

2104 5065 2240 5130 Ecce
2270 5074 2606 5145 cmnohiunt,
2651 5077 2704 5131 in
2749 5092 2855 5146 quo
2880 5091 3159 5137 sacrarum
3202 5081 3469 5152 virginum
3517 5102 3618 5140 no-

2034 5164 2140 5221 bile
2169 5172 2542 5220 commoratur
2589 5165 2890 5236 collegium.
2935 5167 3014 5222 Eo
3049 5169 3152 5227 loci
3181 5171 3348 5242 gestio
3376 5181 3426 5226 te
3461 5189 3615 5229 man-

2035 5270 2152 5313 sum
2184 5253 2263 5308 ire
2290 5253 2507 5324 agenda:
2543 5257 2784 5334 spatium
2808 5257 3157 5327 pmnitentiaa.
3354 5260 3359 5264 ’

2752 5359 2920 5404 THAIS.

2107 5437 2222 5492 Non
2248 5442 2434 5489 contra
2461 5433 2682 5504 luctor.
