  <div class='ocr_page' id='page_1' title='image "/cluster/home/n/w/nwhite01/storage/ocr_20150623/137/hvd.32044021286828/524.png"; bbox 0 0 4486 5544; ppageno 0'>
   <div class='ocr_carea' id='block_1_1' title="bbox 363 312 490 371">
    <p class='ocr_par' dir='ltr' id='par_1_1' title="bbox 363 312 490 371">
     <span class='ocr_line' id='line_1_1' title="bbox 363 312 490 371; baseline 0.031 -4"><span class='ocrx_word' id='word_1_1' title='bbox 363 312 490 371; x_wconf 75' lang='lat' dir='ltr'><strong>I0“</strong></span> 
     </span>
    </p>
   </div>
   <div class='ocr_carea' id='block_1_2' title="bbox 1054 440 1227 479">
    <p class='ocr_par' dir='ltr' id='par_1_2' title="bbox 1054 440 1227 479">
     <span class='ocr_line' id='line_1_2' title="bbox 1054 440 1227 479; baseline -0.012 -1"><span class='ocrx_word' id='word_1_2' title='bbox 1054 440 1227 479; x_wconf 82' lang='lat' dir='ltr'><strong>TIIAIS.</strong></span> 
     </span>
    </p>
   </div>
   <div class='ocr_carea' id='block_1_3' title="bbox 433 515 1372 587">
    <p class='ocr_par' dir='ltr' id='par_1_3' title="bbox 433 515 1372 587">
     <span class='ocr_line' id='line_1_3' title="bbox 433 515 1372 587; baseline -0.002 -16"><span class='ocrx_word' id='word_1_3' title='bbox 433 517 716 587; x_wconf 81' lang='lat' dir='ltr'><strong>Fragilitas</strong></span> <span class='ocrx_word' id='word_1_4' title='bbox 745 515 848 572; x_wconf 81' lang='lat' dir='ltr'><strong>mei</strong></span> <span class='ocrx_word' id='word_1_5' title='bbox 882 515 1022 584; x_wconf 86' lang='lat' dir='ltr'><strong>cogit</strong></span> <span class='ocrx_word' id='word_1_6' title='bbox 1053 531 1137 571; x_wconf 92' lang='lat' dir='ltr'><strong>me</strong></span> <span class='ocrx_word' id='word_1_7' title='bbox 1162 517 1372 570; x_wconf 89' lang='lat' dir='ltr'><strong>terreri.</strong></span> 
     </span>
    </p>
   </div>
   <div class='ocr_carea' id='block_1_4' title="bbox 981 623 1328 664">
    <p class='ocr_par' dir='ltr' id='par_1_4' title="bbox 981 623 1328 664">
     <span class='ocr_line' id='line_1_4' title="bbox 981 623 1328 664; baseline -0.003 -3"><span class='ocrx_word' id='word_1_8' title='bbox 981 623 1328 664; x_wconf 75' lang='lat' dir='ltr'><strong>PAPHNCTIUS.</strong></span> 
     </span>
    </p>
   </div>
   <div class='ocr_carea' id='block_1_5' title="bbox 433 697 1930 756">
    <p class='ocr_par' dir='ltr' id='par_1_5' title="bbox 433 697 1930 756">
     <span class='ocr_line' id='line_1_5' title="bbox 433 697 1930 756; baseline -0.001 -3"><span class='ocrx_word' id='word_1_9' title='bbox 433 700 693 754; x_wconf 86' lang='lat' dir='ltr'><strong>Convenit</strong></span> <span class='ocrx_word' id='word_1_10' title='bbox 740 707 800 752; x_wconf 93' lang='lat' dir='ltr'><strong>ut</strong></span> <span class='ocrx_word' id='word_1_11' title='bbox 851 698 1004 752; x_wconf 77' lang='lat' dir='ltr'><strong>malze</strong></span> <span class='ocrx_word' id='word_1_12' title='bbox 1046 698 1539 753; x_wconf 74' lang='lat' dir='ltr'><strong>blandimentorum</strong></span> <span class='ocrx_word' id='word_1_13' title='bbox 1596 697 1930 756; x_wconf 78' lang='lat' dir='ltr'><strong>dulcedinem</strong></span> 
     </span>
    </p>
   </div>
   <div class='ocr_carea' id='block_1_6' title="bbox 363 788 1576 846">
    <p class='ocr_par' dir='ltr' id='par_1_6' title="bbox 363 788 1576 846">
     <span class='ocr_line' id='line_1_6' title="bbox 363 788 1576 846; baseline -0.004 0"><span class='ocrx_word' id='word_1_14' title='bbox 363 789 739 846; x_wconf 75' lang='lat' dir='ltr'><strong>delectationis</strong></span> <span class='ocrx_word' id='word_1_15' title='bbox 769 789 882 843; x_wconf 83' lang='lat' dir='ltr'><strong>luas</strong></span> <span class='ocrx_word' id='word_1_16' title='bbox 907 789 1152 844; x_wconf 75' lang='lat' dir='ltr'><strong>molestia</strong></span> <span class='ocrx_word' id='word_1_17' title='bbox 1188 789 1340 844; x_wconf 90' lang='lat' dir='ltr'><strong>nimii</strong></span> <span class='ocrx_word' id='word_1_18' title='bbox 1370 788 1576 843; x_wconf 81' lang='lat' dir='ltr'><strong>fetoris.</strong></span> 
     </span>
    </p>
   </div>
   <div class='ocr_carea' id='block_1_7' title="bbox 1063 896 1236 935">
    <p class='ocr_par' dir='ltr' id='par_1_7' title="bbox 1063 896 1236 935">
     <span class='ocr_line' id='line_1_7' title="bbox 1063 896 1236 935; baseline -0.006 -1"><span class='ocrx_word' id='word_1_19' title='bbox 1063 896 1236 935; x_wconf 74' lang='lat' dir='ltr'><strong>THAIS.</strong></span> 
     </span>
    </p>
   </div>
   <div class='ocr_carea' id='block_1_8' title="bbox 433 968 1937 1038">
    <p class='ocr_par' dir='ltr' id='par_1_8' title="bbox 433 968 1937 1038">
     <span class='ocr_line' id='line_1_8' title="bbox 433 968 1937 1038; baseline 0.001 -15"><span class='ocrx_word' id='word_1_20' title='bbox 433 968 549 1024; x_wconf 83' lang='lat' dir='ltr'><strong>Non</strong></span> <span class='ocrx_word' id='word_1_21' title='bbox 589 983 801 1032; x_wconf 83' lang='lat' dir='ltr'><strong>recuso,</strong></span> <span class='ocrx_word' id='word_1_22' title='bbox 845 985 952 1024; x_wconf 93' lang='lat' dir='ltr'><strong>non</strong></span> <span class='ocrx_word' id='word_1_23' title='bbox 992 984 1128 1036; x_wconf 86' lang='lat' dir='ltr'><strong>nego</strong></span> <span class='ocrx_word' id='word_1_24' title='bbox 1156 985 1240 1022; x_wconf 89' lang='lat' dir='ltr'><strong>me</strong></span> <span class='ocrx_word' id='word_1_25' title='bbox 1269 970 1540 1023; x_wconf 84' lang='lat' dir='ltr'><strong>sordidam</strong></span> <span class='ocrx_word' id='word_1_26' title='bbox 1584 983 1688 1022; x_wconf 94' lang='lat' dir='ltr'><strong>non</strong></span> <span class='ocrx_word' id='word_1_27' title='bbox 1739 968 1937 1038; x_wconf 78' lang='lat' dir='ltr'><strong>injuria</strong></span> 
     </span>
    </p>
   </div>
   <div class='ocr_carea' id='block_1_9' title="bbox 364 1059 1938 1127">
    <p class='ocr_par' dir='ltr' id='par_1_9' title="bbox 364 1059 1938 1127">
     <span class='ocr_line' id='line_1_9' title="bbox 364 1059 1938 1127; baseline 0 -14"><span class='ocrx_word' id='word_1_28' title='bbox 364 1059 507 1114; x_wconf 70' lang='lat' dir='ltr'><strong>{mdo</strong></span> <span class='ocrx_word' id='word_1_29' title='bbox 541 1059 865 1126; x_wconf 84' lang='lat' dir='ltr'><strong>sordidoque</strong></span> <span class='ocrx_word' id='word_1_30' title='bbox 903 1059 1202 1113; x_wconf 91' lang='lat' dir='ltr'><strong>habitatum</strong></span> <span class='ocrx_word' id='word_1_31' title='bbox 1233 1059 1310 1112; x_wconf 91' lang='lat' dir='ltr'><strong>ire</strong></span> <span class='ocrx_word' id='word_1_32' title='bbox 1338 1059 1389 1112; x_wconf 90' lang='lat' dir='ltr'><strong>in</strong></span> <span class='ocrx_word' id='word_1_33' title='bbox 1419 1059 1630 1127; x_wconf 91' lang='lat' dir='ltr'><strong>tugurio</strong></span> <span class='ocrx_word' id='word_1_34' title='bbox 1656 1075 1668 1120; x_wconf 89' lang='lat'>;</span> <span class='ocrx_word' id='word_1_35' title='bbox 1711 1059 1805 1112; x_wconf 84' lang='lat' dir='ltr'><strong>sed</strong></span> <span class='ocrx_word' id='word_1_36' title='bbox 1836 1060 1938 1113; x_wconf 89' lang='lat' dir='ltr'><strong>hoc</strong></span> 
     </span>
    </p>
   </div>
   <div class='ocr_carea' id='block_1_10' title="bbox 365 1147 1935 1218">
    <p class='ocr_par' dir='ltr' id='par_1_10' title="bbox 365 1147 1935 1218">
     <span class='ocr_line' id='line_1_10' title="bbox 365 1147 1935 1218; baseline -0.003 -12"><span class='ocrx_word' id='word_1_37' title='bbox 365 1148 507 1206; x_wconf 85' lang='lat' dir='ltr'><strong>dolet</strong></span> <span class='ocrx_word' id='word_1_38' title='bbox 550 1148 942 1212; x_wconf 76' lang='lat' dir='ltr'><strong>vehementius,</strong></span> <span class='ocrx_word' id='word_1_39' title='bbox 995 1147 1137 1218; x_wconf 90' lang='lat' dir='ltr'><strong>quod</strong></span> <span class='ocrx_word' id='word_1_40' title='bbox 1187 1148 1363 1202; x_wconf 91' lang='lat' dir='ltr'><strong>nullus</strong></span> <span class='ocrx_word' id='word_1_41' title='bbox 1404 1157 1486 1201; x_wconf 90' lang='lat' dir='ltr'><strong>est</strong></span> <span class='ocrx_word' id='word_1_42' title='bbox 1520 1148 1738 1201; x_wconf 87' lang='lat' dir='ltr'><strong>relictus</strong></span> <span class='ocrx_word' id='word_1_43' title='bbox 1769 1148 1935 1212; x_wconf 89' lang='lat' dir='ltr'><strong>locus,</strong></span> 
     </span>
    </p>
   </div>
   <div class='ocr_carea' id='block_1_11' title="bbox 365 1238 1939 1308">
    <p class='ocr_par' dir='ltr' id='par_1_11' title="bbox 365 1238 1939 1308">
     <span class='ocr_line' id='line_1_11' title="bbox 365 1238 1939 1308; baseline 0.001 -18"><span class='ocrx_word' id='word_1_44' title='bbox 365 1238 418 1292; x_wconf 92' lang='lat' dir='ltr'><strong>in</strong></span> <span class='ocrx_word' id='word_1_45' title='bbox 445 1254 552 1308; x_wconf 84' lang='lat' dir='ltr'><strong>quo</strong></span> <span class='ocrx_word' id='word_1_46' title='bbox 580 1248 702 1308; x_wconf 88' lang='lat' dir='ltr'><strong>apte</strong></span> <span class='ocrx_word' id='word_1_47' title='bbox 733 1248 788 1293; x_wconf 90' lang='lat' dir='ltr'><strong>et</strong></span> <span class='ocrx_word' id='word_1_48' title='bbox 819 1248 966 1293; x_wconf 88' lang='lat' dir='ltr'><strong>caste</strong></span> <span class='ocrx_word' id='word_1_49' title='bbox 995 1239 1194 1307; x_wconf 88' lang='lat' dir='ltr'><strong>possim</strong></span> <span class='ocrx_word' id='word_1_50' title='bbox 1225 1238 1516 1296; x_wconf 81' lang='lat' dir='ltr'><strong>tremendae</strong></span> <span class='ocrx_word' id='word_1_51' title='bbox 1547 1253 1740 1292; x_wconf 89' lang='lat' dir='ltr'><strong>nomen</strong></span> <span class='ocrx_word' id='word_1_52' title='bbox 1777 1239 1939 1292; x_wconf 83' lang='lat' dir='ltr'><strong>maie-</strong></span> 
     </span>
    </p>
   </div>
   <div class='ocr_carea' id='block_1_12' title="bbox 365 1332 829 1386">
    <p class='ocr_par' dir='ltr' id='par_1_12' title="bbox 365 1332 829 1386">
     <span class='ocr_line' id='line_1_12' title="bbox 365 1332 829 1386; baseline -0.006 0"><span class='ocrx_word' id='word_1_53' title='bbox 365 1333 522 1386; x_wconf 83' lang='lat' dir='ltr'><strong>statis</strong></span> <span class='ocrx_word' id='word_1_54' title='bbox 555 1332 829 1386; x_wconf 85' lang='lat' dir='ltr'><strong>invocare.</strong></span> 
     </span>
    </p>
   </div>
   <div class='ocr_carea' id='block_1_13' title="bbox 976 1437 1321 1476">
    <p class='ocr_par' dir='ltr' id='par_1_13' title="bbox 976 1437 1321 1476">
     <span class='ocr_line' id='line_1_13' title="bbox 976 1437 1321 1476; baseline -0.003 -2"><span class='ocrx_word' id='word_1_55' title='bbox 976 1437 1321 1476; x_wconf 70' lang='lat' dir='ltr'><strong>PAPIINIJTIUS.</strong></span> 
     </span>
    </p>
   </div>
   <div class='ocr_carea' id='block_1_14' title="bbox 435 1511 1940 1582">
    <p class='ocr_par' dir='ltr' id='par_1_14' title="bbox 435 1511 1940 1582">
     <span class='ocr_line' id='line_1_14' title="bbox 435 1511 1940 1582; baseline 0.002 -18"><span class='ocrx_word' id='word_1_56' title='bbox 435 1511 500 1564; x_wconf 86' lang='lat' dir='ltr'><strong>Et</strong></span> <span class='ocrx_word' id='word_1_57' title='bbox 533 1513 676 1566; x_wconf 92' lang='lat' dir='ltr'><strong>unde</strong></span> <span class='ocrx_word' id='word_1_58' title='bbox 705 1512 799 1566; x_wconf 83' lang='lat' dir='ltr'><strong>tibi</strong></span> <span class='ocrx_word' id='word_1_59' title='bbox 834 1520 980 1566; x_wconf 90' lang='lat' dir='ltr'><strong>tanta</strong></span> <span class='ocrx_word' id='word_1_60' title='bbox 1023 1512 1236 1574; x_wconf 82' lang='lat' dir='ltr'><strong>ﬁducia,</strong></span> <span class='ocrx_word' id='word_1_61' title='bbox 1285 1523 1342 1567; x_wconf 89' lang='lat' dir='ltr'><strong>ut</strong></span> <span class='ocrx_word' id='word_1_62' title='bbox 1376 1513 1592 1582; x_wconf 80' lang='lat' dir='ltr'><strong>pollutis</strong></span> <span class='ocrx_word' id='word_1_63' title='bbox 1620 1513 1776 1566; x_wconf 87' lang='lat' dir='ltr'><strong>labiis</strong></span> <span class='ocrx_word' id='word_1_64' title='bbox 1803 1527 1940 1581; x_wconf 74' lang='lat' dir='ltr'><strong>pra:-</strong></span> 
     </span>
    </p>
   </div>
   <div class='ocr_carea' id='block_1_15' title="bbox 365 1599 1744 1671">
    <p class='ocr_par' dir='ltr' id='par_1_15' title="bbox 365 1599 1744 1671">
     <span class='ocr_line' id='line_1_15' title="bbox 365 1599 1744 1671; baseline -0.001 -16"><span class='ocrx_word' id='word_1_65' title='bbox 365 1615 545 1656; x_wconf 90' lang='lat' dir='ltr'><strong>sumas</strong></span> <span class='ocrx_word' id='word_1_66' title='bbox 570 1599 818 1669; x_wconf 82' lang='lat' dir='ltr'><strong>proferre</strong></span> <span class='ocrx_word' id='word_1_67' title='bbox 847 1616 1041 1657; x_wconf 86' lang='lat' dir='ltr'><strong>nomen</strong></span> <span class='ocrx_word' id='word_1_68' title='bbox 1077 1603 1369 1671; x_wconf 84' lang='lat' dir='ltr'><strong>impollulae</strong></span> <span class='ocrx_word' id='word_1_69' title='bbox 1401 1602 1744 1656; x_wconf 86' lang='lat' dir='ltr'><strong>Divinitatis?</strong></span> 
     </span>
    </p>
   </div>
   <div class='ocr_carea' id='block_1_16' title="bbox 1084 1707 1258 1744">
    <p class='ocr_par' dir='ltr' id='par_1_16' title="bbox 1084 1707 1258 1744">
     <span class='ocr_line' id='line_1_16' title="bbox 1084 1707 1258 1744; baseline -0.011 0"><span class='ocrx_word' id='word_1_70' title='bbox 1084 1707 1258 1744; x_wconf 79' lang='lat' dir='ltr'><strong>TIIAIS.</strong></span> 
     </span>
    </p>
   </div>
   <div class='ocr_carea' id='block_1_17' title="bbox 1354 309 2627 367">
    <p class='ocr_par' dir='ltr' id='par_1_17' title="bbox 1354 309 2627 367">
     <span class='ocr_line' id='line_1_17' title="bbox 1354 309 2627 367; baseline 0.001 -6"><span class='ocrx_word' id='word_1_71' title='bbox 1354 309 1719 365; x_wconf 60' lang='grc' dir='ltr'><strong>(ἸΟΜαΞΟΙίΕ</strong></span> <span class='ocrx_word' id='word_1_72' title='bbox 1762 310 1913 364; x_wconf 78' lang='lat' dir='ltr'><strong>SEX.</strong></span> <span class='ocrx_word' id='word_1_73' title='bbox 1959 342 2024 350; x_wconf 84' lang='lat'><strong>——</strong></span> <span class='ocrx_word' id='word_1_74' title='bbox 2065 309 2126 362; x_wconf 84' lang='lat' dir='ltr'><strong>V.</strong></span> <span class='ocrx_word' id='word_1_75' title='bbox 2173 310 2627 367; x_wconf 57' lang='lat' dir='ltr'><strong>PAPIINUTIUL</strong></span> 
     </span>
    </p>
   </div>
   <div class='ocr_carea' id='block_1_18' title="bbox 3479 293 3616 368">
    <p class='ocr_par' dir='ltr' id='par_1_18' title="bbox 3479 293 3616 368">
     <span class='ocr_line' id='line_1_18' title="bbox 3479 293 3616 368; baseline 0.029 -4"><span class='ocrx_word' id='word_1_76' title='bbox 3479 293 3616 368; x_wconf 61' lang='lat'><strong>1043</strong></span> 
     </span>
    </p>
   </div>
   <div class='ocr_carea' id='block_1_19' title="bbox 2652 401 2997 478">
    <p class='ocr_par' dir='ltr' id='par_1_19' title="bbox 2652 439 2997 478">
     <span class='ocr_line' id='line_1_19' title="bbox 2652 439 2997 478; baseline -0.006 0"><span class='ocrx_word' id='word_1_77' title='bbox 2652 439 2997 478; x_wconf 73' lang='lat' dir='ltr'><strong>PAPIINUTIUS.</strong></span> 
     </span>
    </p>
   </div>
   <div class='ocr_carea' id='block_1_20' title="bbox 2107 511 2264 582">
    <p class='ocr_par' dir='ltr' id='par_1_20' title="bbox 2107 511 2264 582">
     <span class='ocr_line' id='line_1_20' title="bbox 2107 511 2264 582; baseline 0.006 -18"><span class='ocrx_word' id='word_1_78' title='bbox 2107 511 2236 582; x_wconf 79' lang='lat' dir='ltr'><strong>Ego.</strong></span> <span class='ocrx_word' id='word_1_79' title='bbox 2257 526 2264 537; x_wconf 83' lang='lat'><strong><em>&#39;</em></strong></span> 
     </span>
    </p>
   </div>
   <div class='ocr_carea' id='block_1_21' title="bbox 2685 617 2978 656">
    <p class='ocr_par' dir='ltr' id='par_1_21' title="bbox 2685 617 2978 656">
     <span class='ocr_line' id='line_1_21' title="bbox 2685 617 2978 656; baseline 0.003 -2"><span class='ocrx_word' id='word_1_80' title='bbox 2685 617 2978 656; x_wconf 73' lang='lat' dir='ltr'><strong>DISCIPULI.‘</strong></span> 
     </span>
    </p>
   </div>
   <div class='ocr_carea' id='block_1_22' title="bbox 2111 684 2973 760">
    <p class='ocr_par' dir='ltr' id='par_1_22' title="bbox 2111 684 2973 760">
     <span class='ocr_line' id='line_1_22' title="bbox 2111 684 2973 760; baseline 0.002 -16"><span class='ocrx_word' id='word_1_81' title='bbox 2111 685 2227 746; x_wconf 73' lang='lat' dir='ltr'><strong>Vox</strong></span> <span class='ocrx_word' id='word_1_82' title='bbox 2254 693 2539 760; x_wconf 82' lang='lat' dir='ltr'><strong>l‘aphnutii</strong></span> <span class='ocrx_word' id='word_1_83' title='bbox 2567 684 2754 746; x_wconf 77' lang='lat' dir='ltr'><strong>Patris</strong></span> <span class='ocrx_word' id='word_1_84' title='bbox 2785 694 2973 746; x_wconf 87' lang='lat' dir='ltr'><strong>nostri.</strong></span> 
     </span>
    </p>
   </div>
   <div class='ocr_carea' id='block_1_23' title="bbox 2606 798 2979 844">
    <p class='ocr_par' dir='ltr' id='par_1_23' title="bbox 2606 798 2979 844">
     <span class='ocr_line' id='line_1_23' title="bbox 2606 798 2979 844; baseline 0.005 -10"><span class='ocrx_word' id='word_1_85' title='bbox 2606 840 2607 844; x_wconf 24' lang='grc' dir='ltr'><strong>η</strong></span> <span class='ocrx_word' id='word_1_86' title='bbox 2652 798 2979 837; x_wconf 71' lang='lat' dir='ltr'><strong>PAPIINUTIUS</strong></span> 
     </span>
    </p>
   </div>
   <div class='ocr_carea' id='block_1_24' title="bbox 2116 873 2698 942">
    <p class='ocr_par' dir='ltr' id='par_1_24' title="bbox 2116 873 2698 942">
     <span class='ocr_line' id='line_1_24' title="bbox 2116 873 2698 942; baseline 0 -16"><span class='ocrx_word' id='word_1_87' title='bbox 2116 873 2365 928; x_wconf 60' lang='lat' dir='ltr'><strong>Amovete</strong></span> <span class='ocrx_word' id='word_1_88' title='bbox 2406 887 2698 942; x_wconf 73' lang='lat' dir='ltr'><strong>pessulum.</strong></span> 
     </span>
    </p>
   </div>
   <div class='ocr_carea' id='block_1_25' title="bbox 2688 977 2968 1018">
    <p class='ocr_par' dir='ltr' id='par_1_25' title="bbox 2688 977 2968 1018">
     <span class='ocr_line' id='line_1_25' title="bbox 2688 977 2968 1018; baseline -0.007 -2"><span class='ocrx_word' id='word_1_89' title='bbox 2688 977 2968 1018; x_wconf 83' lang='lat' dir='ltr'><strong>DISCIPULI.</strong></span> 
     </span>
    </p>
   </div>
   <div class='ocr_carea' id='block_1_26' title="bbox 2112 1052 2547 1122">
    <p class='ocr_par' dir='ltr' id='par_1_26' title="bbox 2112 1052 2547 1122">
     <span class='ocr_line' id='line_1_26' title="bbox 2112 1052 2547 1122; baseline 0 -16"><span class='ocrx_word' id='word_1_90' title='bbox 2112 1052 2155 1106; x_wconf 92' lang='grc' dir='ltr'>Ο</span> <span class='ocrx_word' id='word_1_91' title='bbox 2186 1062 2353 1122; x_wconf 89' lang='lat' dir='ltr'><strong>pater,</strong></span> <span class='ocrx_word' id='word_1_92' title='bbox 2384 1068 2547 1108; x_wconf 73' lang='lat' dir='ltr'><strong>salve.</strong></span> 
     </span>
    </p>
   </div>
   <div class='ocr_carea' id='block_1_27' title="bbox 2654 1158 3001 1197">
    <p class='ocr_par' dir='ltr' id='par_1_27' title="bbox 2654 1158 3001 1197">
     <span class='ocr_line' id='line_1_27' title="bbox 2654 1158 3001 1197; baseline 0.003 -1"><span class='ocrx_word' id='word_1_93' title='bbox 2654 1158 3001 1197; x_wconf 70' lang='lat' dir='ltr'><strong>PAPIINUTIUS.</strong></span> 
     </span>
    </p>
   </div>
   <div class='ocr_carea' id='block_1_28' title="bbox 2114 1234 2298 1288">
    <p class='ocr_par' dir='ltr' id='par_1_28' title="bbox 2114 1234 2298 1288">
     <span class='ocr_line' id='line_1_28' title="bbox 2114 1234 2298 1288; baseline -0.005 -1"><span class='ocrx_word' id='word_1_94' title='bbox 2114 1234 2298 1288; x_wconf 83' lang='lat' dir='ltr'><strong>Avetc.</strong></span> 
     </span>
    </p>
   </div>
   <div class='ocr_carea' id='block_1_29' title="bbox 2693 1337 2976 1378">
    <p class='ocr_par' dir='ltr' id='par_1_29' title="bbox 2693 1337 2976 1378">
     <span class='ocr_line' id='line_1_29' title="bbox 2693 1337 2976 1378; baseline -0.007 0"><span class='ocrx_word' id='word_1_95' title='bbox 2693 1337 2976 1378; x_wconf 68' lang='lat' dir='ltr'><strong>DISCIPULI.</strong></span> 
     </span>
    </p>
   </div>
   <div class='ocr_carea' id='block_1_30' title="bbox 2116 1411 3571 1486">
    <p class='ocr_par' dir='ltr' id='par_1_30' title="bbox 2116 1411 3571 1486">
     <span class='ocr_line' id='line_1_30' title="bbox 2116 1411 3571 1486; baseline 0.003 -19"><span class='ocrx_word' id='word_1_96' title='bbox 2116 1411 2538 1467; x_wconf 87' lang='lat' dir='ltr'><strong>Coarctabamur</strong></span> <span class='ocrx_word' id='word_1_97' title='bbox 2585 1413 2807 1466; x_wconf 89' lang='lat' dir='ltr'><strong>nimium</strong></span> <span class='ocrx_word' id='word_1_98' title='bbox 2833 1431 2930 1482; x_wconf 86' lang='lat' dir='ltr'><strong>pro</strong></span> <span class='ocrx_word' id='word_1_99' title='bbox 2959 1414 3444 1486; x_wconf 63' lang='lat' dir='ltr'><strong>diutina:abscntia</strong></span> <span class='ocrx_word' id='word_1_100' title='bbox 3476 1416 3571 1471; x_wconf 89' lang='lat' dir='ltr'><strong>tui.</strong></span> 
     </span>
    </p>
   </div>
   <div class='ocr_carea' id='block_1_31' title="bbox 2658 1519 3006 1559">
    <p class='ocr_par' dir='ltr' id='par_1_31' title="bbox 2658 1519 3006 1559">
     <span class='ocr_line' id='line_1_31' title="bbox 2658 1519 3006 1559; baseline 0 -3"><span class='ocrx_word' id='word_1_101' title='bbox 2658 1519 3006 1559; x_wconf 72' lang='lat' dir='ltr'><strong>I‘AI’IINUTIUS.</strong></span> 
     </span>
    </p>
   </div>
   <div class='ocr_carea' id='block_1_32' title="bbox 2115 1590 2634 1660">
    <p class='ocr_par' dir='ltr' id='par_1_32' title="bbox 2115 1590 2634 1660">
     <span class='ocr_line' id='line_1_32' title="bbox 2115 1590 2634 1660; baseline 0 -16"><span class='ocrx_word' id='word_1_102' title='bbox 2115 1590 2271 1644; x_wconf 81' lang='lat' dir='ltr'><strong>Juvat</strong></span> <span class='ocrx_word' id='word_1_103' title='bbox 2301 1592 2440 1660; x_wconf 90' lang='lat' dir='ltr'><strong>quod</strong></span> <span class='ocrx_word' id='word_1_104' title='bbox 2468 1593 2634 1649; x_wconf 72' lang='lat' dir='ltr'><strong>ablui.</strong></span> 
     </span>
    </p>
   </div>
   <div class='ocr_carea' id='block_1_33' title="bbox 2698 1700 2986 1740">
    <p class='ocr_par' dir='ltr' id='par_1_33' title="bbox 2698 1700 2986 1740">
     <span class='ocr_line' id='line_1_33' title="bbox 2698 1700 2986 1740; baseline 0.007 -3"><span class='ocrx_word' id='word_1_105' title='bbox 2698 1700 2986 1740; x_wconf 73' lang='lat' dir='ltr'><strong>DISCII‘ULI.</strong></span> 
     </span>
    </p>
   </div>
   <div class='ocr_carea' id='block_1_34' title="bbox 433 1758 2939 1851">
    <p class='ocr_par' dir='ltr' id='par_1_34' title="bbox 433 1758 2939 1851">
     <span class='ocr_line' id='line_1_34' title="bbox 433 1758 2939 1851; baseline -0.004 -15"><span class='ocrx_word' id='word_1_106' title='bbox 433 1780 502 1836; x_wconf 86' lang='lat' dir='ltr'><strong>Et</strong></span> <span class='ocrx_word' id='word_1_107' title='bbox 530 1795 560 1834; x_wconf 92' lang='lat' dir='ltr'><strong>a</strong></span> <span class='ocrx_word' id='word_1_108' title='bbox 592 1797 699 1850; x_wconf 90' lang='lat' dir='ltr'><strong>quo</strong></span> <span class='ocrx_word' id='word_1_109' title='bbox 727 1782 943 1837; x_wconf 88' lang='lat' dir='ltr'><strong>veniam</strong></span> <span class='ocrx_word' id='word_1_110' title='bbox 967 1797 1209 1851; x_wconf 88' lang='lat' dir='ltr'><strong>sperare,</strong></span> <span class='ocrx_word' id='word_1_111' title='bbox 1242 1783 1461 1850; x_wconf 86' lang='lat' dir='ltr'><strong>cujusve</strong></span> <span class='ocrx_word' id='word_1_112' title='bbox 1489 1781 1684 1835; x_wconf 86' lang='lat' dir='ltr'><strong>salvari</strong></span> <span class='ocrx_word' id='word_1_113' title='bbox 1719 1796 1937 1850; x_wconf 90' lang='lat' dir='ltr'><strong>possum</strong></span> <span class='ocrx_word' id='word_1_114' title='bbox 1970 1758 2014 1816; x_wconf 76' lang='grc' dir='ltr'><strong>Β</strong></span> <span class='ocrx_word' id='word_1_115' title='bbox 2092 1772 2250 1839; x_wconf 75' lang='lat' dir='ltr'><strong>{Quid</strong></span> <span class='ocrx_word' id='word_1_116' title='bbox 2278 1784 2453 1828; x_wconf 86' lang='lat' dir='ltr'><strong>actum</strong></span> <span class='ocrx_word' id='word_1_117' title='bbox 2485 1785 2566 1829; x_wconf 90' lang='lat' dir='ltr'><strong>est</strong></span> <span class='ocrx_word' id='word_1_118' title='bbox 2598 1775 2663 1830; x_wconf 85' lang='lat' dir='ltr'><strong>de</strong></span> <span class='ocrx_word' id='word_1_119' title='bbox 2693 1776 2939 1830; x_wconf 87' lang='lat' dir='ltr'><strong>Thaide?</strong></span> 
     </span>
    </p>
   </div>
   <div class='ocr_carea' id='block_1_35' title="bbox 367 1871 1942 1940">
    <p class='ocr_par' dir='ltr' id='par_1_35' title="bbox 367 1871 1942 1940">
     <span class='ocr_line' id='line_1_35' title="bbox 367 1871 1942 1940; baseline 0 -16"><span class='ocrx_word' id='word_1_120' title='bbox 367 1871 738 1935; x_wconf 85' lang='lat' dir='ltr'><strong>miseratione,</strong></span> <span class='ocrx_word' id='word_1_121' title='bbox 775 1873 818 1926; x_wconf 91' lang='lat' dir='ltr'><strong>si</strong></span> <span class='ocrx_word' id='word_1_122' title='bbox 861 1872 1035 1940; x_wconf 89' lang='lat' dir='ltr'><strong>ipsum</strong></span> <span class='ocrx_word' id='word_1_123' title='bbox 1077 1871 1371 1940; x_wconf 88' lang='lat' dir='ltr'><strong>prohibeor</strong></span> <span class='ocrx_word' id='word_1_124' title='bbox 1413 1873 1685 1934; x_wconf 84' lang='lat' dir='ltr'><strong>invocare,</strong></span> <span class='ocrx_word' id='word_1_125' title='bbox 1717 1872 1802 1926; x_wconf 88' lang='lat' dir='ltr'><strong>cui</strong></span> <span class='ocrx_word' id='word_1_126' title='bbox 1842 1871 1942 1926; x_wconf 91' lang='lat' dir='ltr'><strong>soli</strong></span> 
     </span>
    </p>
   </div>
   <div class='ocr_carea' id='block_1_36' title="bbox 363 1962 1944 2033">
    <p class='ocr_par' dir='ltr' id='par_1_36' title="bbox 363 1962 1944 2033">
     <span class='ocr_line' id='line_1_36' title="bbox 363 1962 1944 2033; baseline -0.001 -18"><span class='ocrx_word' id='word_1_127' title='bbox 363 1962 587 2033; x_wconf 72' lang='lat' dir='ltr'><strong>deliqui,</strong></span> <span class='ocrx_word' id='word_1_128' title='bbox 611 1971 666 2018; x_wconf 90' lang='lat' dir='ltr'><strong>et</strong></span> <span class='ocrx_word' id='word_1_129' title='bbox 698 1964 783 2017; x_wconf 92' lang='lat' dir='ltr'><strong>cui</strong></span> <span class='ocrx_word' id='word_1_130' title='bbox 824 1963 913 2016; x_wconf 92' lang='lat' dir='ltr'><strong>uni</strong></span> <span class='ocrx_word' id='word_1_131' title='bbox 945 1963 1158 2017; x_wconf 89' lang='lat' dir='ltr'><strong>devotio</strong></span> <span class='ocrx_word' id='word_1_132' title='bbox 1202 1964 1505 2016; x_wconf 87' lang='lat' dir='ltr'><strong>orationum</strong></span> <span class='ocrx_word' id='word_1_133' title='bbox 1537 1963 1694 2016; x_wconf 89' lang='lat' dir='ltr'><strong>debet</strong></span> <span class='ocrx_word' id='word_1_134' title='bbox 1723 1962 1944 2016; x_wconf 82' lang='lat' dir='ltr'><strong>oll&#39;crri?</strong></span> 
     </span>
    </p>
   </div>
   <div class='ocr_carea' id='block_1_37' title="bbox 983 2069 1329 2108">
    <p class='ocr_par' dir='ltr' id='par_1_37' title="bbox 983 2069 1329 2108">
     <span class='ocr_line' id='line_1_37' title="bbox 983 2069 1329 2108; baseline -0.006 -1"><span class='ocrx_word' id='word_1_135' title='bbox 983 2069 1329 2108; x_wconf 81' lang='lat' dir='ltr'><strong>PAPHNUTIUS.</strong></span> 
     </span>
    </p>
   </div>
   <div class='ocr_carea' id='block_1_38' title="bbox 435 2143 1940 2214">
    <p class='ocr_par' dir='ltr' id='par_1_38' title="bbox 435 2143 1940 2214">
     <span class='ocr_line' id='line_1_38' title="bbox 435 2143 1940 2214; baseline -0.001 -17"><span class='ocrx_word' id='word_1_136' title='bbox 435 2144 608 2200; x_wconf 88' lang='lat' dir='ltr'><strong>Debes</strong></span> <span class='ocrx_word' id='word_1_137' title='bbox 635 2144 794 2214; x_wconf 89' lang='lat' dir='ltr'><strong>plane</strong></span> <span class='ocrx_word' id='word_1_138' title='bbox 829 2158 987 2198; x_wconf 89' lang='lat' dir='ltr'><strong>orare</strong></span> <span class='ocrx_word' id='word_1_139' title='bbox 1030 2158 1138 2197; x_wconf 91' lang='lat' dir='ltr'><strong>non</strong></span> <span class='ocrx_word' id='word_1_140' title='bbox 1170 2144 1370 2206; x_wconf 86' lang='lat' dir='ltr'><strong>verbis,</strong></span> <span class='ocrx_word' id='word_1_141' title='bbox 1399 2144 1489 2196; x_wconf 86' lang='lat' dir='ltr'><strong>sed</strong></span> <span class='ocrx_word' id='word_1_142' title='bbox 1526 2143 1798 2214; x_wconf 87' lang='lat' dir='ltr'><strong>lacrynus,</strong></span> <span class='ocrx_word' id='word_1_143' title='bbox 1834 2161 1940 2198; x_wconf 93' lang='lat' dir='ltr'><strong>non</strong></span> 
     </span>
    </p>
   </div>
   <div class='ocr_carea' id='block_1_39' title="bbox 364 2233 1942 2304">
    <p class='ocr_par' dir='ltr' id='par_1_39' title="bbox 364 2233 1942 2304">
     <span class='ocr_line' id='line_1_39' title="bbox 364 2233 1942 2304; baseline -0.004 -13"><span class='ocrx_word' id='word_1_144' title='bbox 364 2234 662 2293; x_wconf 68' lang='lat' dir='ltr'><strong>sonoritate</strong></span> <span class='ocrx_word' id='word_1_145' title='bbox 691 2233 913 2288; x_wconf 75' lang='lat' dir='ltr'><strong>tinnula:</strong></span> <span class='ocrx_word' id='word_1_146' title='bbox 948 2233 1119 2297; x_wconf 85' lang='lat' dir='ltr'><strong>vocis,</strong></span> <span class='ocrx_word' id='word_1_147' title='bbox 1148 2233 1242 2288; x_wconf 90' lang='lat' dir='ltr'><strong>sed</strong></span> <span class='ocrx_word' id='word_1_148' title='bbox 1271 2233 1576 2302; x_wconf 89' lang='lat' dir='ltr'><strong>compuncti</strong></span> <span class='ocrx_word' id='word_1_149' title='bbox 1611 2234 1786 2304; x_wconf 85' lang='lat' dir='ltr'><strong>rugitu</strong></span> <span class='ocrx_word' id='word_1_150' title='bbox 1818 2249 1942 2287; x_wconf 90' lang='lat' dir='ltr'><strong>cor-</strong></span> 
     </span>
    </p>
   </div>
   <div class='ocr_carea' id='block_1_40' title="bbox 362 2325 465 2378">
    <p class='ocr_par' dir='ltr' id='par_1_40' title="bbox 362 2325 465 2378">
     <span class='ocr_line' id='line_1_40' title="bbox 362 2325 465 2378; baseline 0 -1"><span class='ocrx_word' id='word_1_151' title='bbox 362 2325 465 2378; x_wconf 88' lang='lat' dir='ltr'><strong>dis.</strong></span> 
     </span>
    </p>
   </div>
   <div class='ocr_carea' id='block_1_41' title="bbox 1075 2430 1252 2468">
    <p class='ocr_par' dir='ltr' id='par_1_41' title="bbox 1075 2430 1252 2468">
     <span class='ocr_line' id='line_1_41' title="bbox 1075 2430 1252 2468; baseline -0.006 0"><span class='ocrx_word' id='word_1_152' title='bbox 1075 2430 1252 2468; x_wconf 86' lang='lat' dir='ltr'><strong>TIIAIS.</strong></span> 
     </span>
    </p>
   </div>
   <div class='ocr_carea' id='block_1_42' title="bbox 437 2504 1941 2572">
    <p class='ocr_par' dir='ltr' id='par_1_42' title="bbox 437 2504 1941 2572">
     <span class='ocr_line' id='line_1_42' title="bbox 437 2504 1941 2572; baseline -0.003 -13"><span class='ocrx_word' id='word_1_153' title='bbox 437 2505 503 2559; x_wconf 82' lang='lat' dir='ltr'><strong>Et</strong></span> <span class='ocrx_word' id='word_1_154' title='bbox 530 2505 575 2559; x_wconf 91' lang='lat' dir='ltr'><strong>si</strong></span> <span class='ocrx_word' id='word_1_155' title='bbox 605 2513 759 2560; x_wconf 87' lang='lat' dir='ltr'><strong>vetar</strong></span> <span class='ocrx_word' id='word_1_156' title='bbox 787 2507 954 2559; x_wconf 91' lang='lat' dir='ltr'><strong>Deum</strong></span> <span class='ocrx_word' id='word_1_157' title='bbox 1001 2505 1183 2559; x_wconf 89' lang='lat' dir='ltr'><strong>verbis</strong></span> <span class='ocrx_word' id='word_1_158' title='bbox 1214 2519 1394 2570; x_wconf 88' lang='lat' dir='ltr'><strong>orare,</strong></span> <span class='ocrx_word' id='word_1_159' title='bbox 1425 2504 1692 2572; x_wconf 87' lang='lat' dir='ltr'><strong>quomodo</strong></span> <span class='ocrx_word' id='word_1_160' title='bbox 1728 2517 1941 2571; x_wconf 90' lang='lat' dir='ltr'><strong>possum</strong></span> 
     </span>
    </p>
   </div>
   <div class='ocr_carea' id='block_1_43' title="bbox 364 2596 866 2666">
    <p class='ocr_par' dir='ltr' id='par_1_43' title="bbox 364 2596 866 2666">
     <span class='ocr_line' id='line_1_43' title="bbox 364 2596 866 2666; baseline 0.004 -20"><span class='ocrx_word' id='word_1_161' title='bbox 364 2596 580 2650; x_wconf 85' lang='lat' dir='ltr'><strong>veniam</strong></span> <span class='ocrx_word' id='word_1_162' title='bbox 610 2597 866 2666; x_wconf 86' lang='lat' dir='ltr'><strong>sperare?</strong></span> 
     </span>
    </p>
   </div>
   <div class='ocr_carea' id='block_1_44' title="bbox 982 2705 1332 2744">
    <p class='ocr_par' dir='ltr' id='par_1_44' title="bbox 982 2705 1332 2744">
     <span class='ocr_line' id='line_1_44' title="bbox 982 2705 1332 2744; baseline -0.006 -2"><span class='ocrx_word' id='word_1_163' title='bbox 982 2705 1332 2744; x_wconf 77' lang='lat' dir='ltr'><strong>PAPIINUTIUS.</strong></span> 
     </span>
    </p>
   </div>
   <div class='ocr_carea' id='block_1_45' title="bbox 438 2776 1946 2847">
    <p class='ocr_par' dir='ltr' id='par_1_45' title="bbox 438 2776 1946 2847">
     <span class='ocr_line' id='line_1_45' title="bbox 438 2776 1946 2847; baseline -0.005 -13"><span class='ocrx_word' id='word_1_164' title='bbox 438 2778 614 2834; x_wconf 89' lang='lat' dir='ltr'><strong>Tanto</strong></span> <span class='ocrx_word' id='word_1_165' title='bbox 655 2779 890 2835; x_wconf 89' lang='lat' dir='ltr'><strong>celerius</strong></span> <span class='ocrx_word' id='word_1_166' title='bbox 919 2781 1234 2843; x_wconf 90' lang='lat' dir='ltr'><strong>mereberis,</strong></span> <span class='ocrx_word' id='word_1_167' title='bbox 1274 2787 1476 2847; x_wconf 69' lang='lat' dir='ltr'><strong>quando</strong></span> <span class='ocrx_word' id='word_1_168' title='bbox 1520 2776 1816 2847; x_wconf 83' lang='lat' dir='ltr'><strong>perfectius</strong></span> <span class='ocrx_word' id='word_1_169' title='bbox 1844 2776 1946 2829; x_wconf 84' lang='lat' dir='ltr'><strong>hu-</strong></span> 
     </span>
    </p>
   </div>
   <div class='ocr_carea' id='block_1_46' title="bbox 365 2868 1943 2938">
    <p class='ocr_par' dir='ltr' id='par_1_46' title="bbox 365 2868 1943 2938">
     <span class='ocr_line' id='line_1_46' title="bbox 365 2868 1943 2938; baseline -0.001 -14"><span class='ocrx_word' id='word_1_170' title='bbox 365 2869 684 2924; x_wconf 77' lang='lat' dir='ltr'><strong>miliaberis.</strong></span> <span class='ocrx_word' id='word_1_171' title='bbox 735 2871 828 2925; x_wconf 91' lang='lat' dir='ltr'><strong>Die</strong></span> <span class='ocrx_word' id='word_1_172' title='bbox 874 2879 1084 2924; x_wconf 92' lang='lat' dir='ltr'><strong>tantum</strong></span> <span class='ocrx_word' id='word_1_173' title='bbox 1119 2889 1131 2924; x_wconf 90' lang='lat'><strong>:</strong></span> <span class='ocrx_word' id='word_1_174' title='bbox 1175 2870 1276 2927; x_wconf 86' lang='lat' dir='ltr'><strong>Oui</strong></span> <span class='ocrx_word' id='word_1_175' title='bbox 1308 2886 1392 2924; x_wconf 90' lang='lat' dir='ltr'><strong>me</strong></span> <span class='ocrx_word' id='word_1_176' title='bbox 1441 2870 1738 2938; x_wconf 84' lang='lat' dir='ltr'><strong>plasmasti,</strong></span> <span class='ocrx_word' id='word_1_177' title='bbox 1779 2868 1943 2922; x_wconf 88' lang='lat' dir='ltr'><strong>misc-</strong></span> 
     </span>
    </p>
   </div>
   <div class='ocr_carea' id='block_1_47' title="bbox 365 2962 641 3016">
    <p class='ocr_par' dir='ltr' id='par_1_47' title="bbox 365 2962 641 3016">
     <span class='ocr_line' id='line_1_47' title="bbox 365 2962 641 3016; baseline -0.007 -1"><span class='ocrx_word' id='word_1_178' title='bbox 365 2975 487 3016; x_wconf 90' lang='lat' dir='ltr'><strong>rere</strong></span> <span class='ocrx_word' id='word_1_179' title='bbox 515 2962 641 3016; x_wconf 88' lang='lat' dir='ltr'><strong>mei.</strong></span> 
     </span>
    </p>
   </div>
   <div class='ocr_carea' id='block_1_48' title="bbox 1076 3067 1253 3107">
    <p class='ocr_par' dir='ltr' id='par_1_48' title="bbox 1076 3067 1253 3107">
     <span class='ocr_line' id='line_1_48' title="bbox 1076 3067 1253 3107; baseline 0 -2"><span class='ocrx_word' id='word_1_180' title='bbox 1076 3067 1253 3107; x_wconf 87' lang='lat' dir='ltr'><strong>TIIAIS.</strong></span> 
     </span>
    </p>
   </div>
   <div class='ocr_carea' id='block_1_49' title="bbox 436 3138 1946 3210">
    <p class='ocr_par' dir='ltr' id='par_1_49' title="bbox 436 3138 1946 3210">
     <span class='ocr_line' id='line_1_49' title="bbox 436 3138 1946 3210; baseline -0.001 -16"><span class='ocrx_word' id='word_1_181' title='bbox 436 3138 585 3208; x_wconf 87' lang='lat' dir='ltr'><strong>Opus</strong></span> <span class='ocrx_word' id='word_1_182' title='bbox 624 3148 709 3194; x_wconf 90' lang='lat' dir='ltr'><strong>est</strong></span> <span class='ocrx_word' id='word_1_183' title='bbox 746 3139 860 3207; x_wconf 88' lang='lat' dir='ltr'><strong>ejus</strong></span> <span class='ocrx_word' id='word_1_184' title='bbox 903 3139 1270 3204; x_wconf 87' lang='lat' dir='ltr'><strong>miseratione,</strong></span> <span class='ocrx_word' id='word_1_185' title='bbox 1325 3154 1392 3194; x_wconf 91' lang='lat' dir='ltr'><strong>ne</strong></span> <span class='ocrx_word' id='word_1_186' title='bbox 1420 3139 1636 3210; x_wconf 80' lang='lat' dir='ltr'><strong>frangar</strong></span> <span class='ocrx_word' id='word_1_187' title='bbox 1686 3140 1738 3192; x_wconf 93' lang='lat' dir='ltr'><strong>in</strong></span> <span class='ocrx_word' id='word_1_188' title='bbox 1786 3138 1946 3193; x_wconf 91' lang='lat' dir='ltr'><strong>dubio</strong></span> 
     </span>
    </p>
   </div>
   <div class='ocr_carea' id='block_1_50' title="bbox 367 3230 819 3301">
    <p class='ocr_par' dir='ltr' id='par_1_50' title="bbox 367 3230 819 3301">
     <span class='ocr_line' id='line_1_50' title="bbox 367 3230 819 3301; baseline -0.004 -16"><span class='ocrx_word' id='word_1_189' title='bbox 367 3230 663 3285; x_wconf 87' lang='lat' dir='ltr'><strong>certamine</strong></span> <span class='ocrx_word' id='word_1_190' title='bbox 695 3231 819 3301; x_wconf 83' lang='lat'><strong>53.</strong></span> 
     </span>
    </p>
   </div>
   <div class='ocr_carea' id='block_1_51' title="bbox 889 3310 1323 3379">
    <p class='ocr_par' dir='ltr' id='par_1_51' title="bbox 889 3310 1323 3379">
     <span class='ocr_line' id='line_1_51' title="bbox 889 3310 1323 3379; baseline 0.009 -6"><span class='ocrx_word' id='word_1_191' title='bbox 889 3310 898 3315; x_wconf 75' lang='grc'><em>’</em></span> <span class='ocrx_word' id='word_1_192' title='bbox 978 3333 1323 3379; x_wconf 73' lang='lat' dir='ltr'><strong>PAPHNUTIUS.</strong></span> 
     </span>
    </p>
   </div>
   <div class='ocr_carea' id='block_1_52' title="bbox 437 3411 1947 3483">
    <p class='ocr_par' dir='ltr' id='par_1_52' title="bbox 437 3411 1947 3483">
     <span class='ocr_line' id='line_1_52' title="bbox 437 3411 1947 3483; baseline -0.001 -16"><span class='ocrx_word' id='word_1_193' title='bbox 437 3412 594 3467; x_wconf 82' lang='lat' dir='ltr'><strong>Certa</strong></span> <span class='ocrx_word' id='word_1_194' title='bbox 648 3413 904 3478; x_wconf 89' lang='lat' dir='ltr'><strong>viriliter,</strong></span> <span class='ocrx_word' id='word_1_195' title='bbox 951 3422 1010 3467; x_wconf 93' lang='lat' dir='ltr'><strong>ut</strong></span> <span class='ocrx_word' id='word_1_196' title='bbox 1076 3415 1256 3483; x_wconf 90' lang='lat' dir='ltr'><strong>possis</strong></span> <span class='ocrx_word' id='word_1_197' title='bbox 1315 3412 1644 3483; x_wconf 90' lang='lat' dir='ltr'><strong>triumphum</strong></span> <span class='ocrx_word' id='word_1_198' title='bbox 1705 3411 1947 3466; x_wconf 89' lang='lat' dir='ltr'><strong>obtinere</strong></span> 
     </span>
    </p>
   </div>
   <div class='ocr_carea' id='block_1_53' title="bbox 361 3503 606 3560">
    <p class='ocr_par' dir='ltr' id='par_1_53' title="bbox 361 3503 606 3560">
     <span class='ocr_line' id='line_1_53' title="bbox 361 3503 606 3560; baseline 0.008 -4"><span class='ocrx_word' id='word_1_199' title='bbox 361 3503 606 3560; x_wconf 76' lang='lat' dir='ltr'><strong>feliciter.</strong></span> 
     </span>
    </p>
   </div>
   <div class='ocr_carea' id='block_1_54' title="bbox 1061 3615 1236 3653">
    <p class='ocr_par' dir='ltr' id='par_1_54' title="bbox 1061 3615 1236 3653">
     <span class='ocr_line' id='line_1_54' title="bbox 1061 3615 1236 3653; baseline -0.006 0"><span class='ocrx_word' id='word_1_200' title='bbox 1061 3615 1236 3653; x_wconf 84' lang='lat' dir='ltr'><strong>&#39;I&#39;IIAIS.</strong></span> 
     </span>
    </p>
   </div>
   <div class='ocr_carea' id='block_1_55' title="bbox 439 3684 1946 3761">
    <p class='ocr_par' dir='ltr' id='par_1_55' title="bbox 439 3684 1946 3761">
     <span class='ocr_line' id='line_1_55' title="bbox 439 3684 1946 3761; baseline 0.004 -21"><span class='ocrx_word' id='word_1_201' title='bbox 439 3684 608 3740; x_wconf 82' lang='lat' dir='ltr'><strong>Tudm</strong></span> <span class='ocrx_word' id='word_1_202' title='bbox 660 3695 743 3741; x_wconf 89' lang='lat' dir='ltr'><strong>est</strong></span> <span class='ocrx_word' id='word_1_203' title='bbox 775 3702 871 3756; x_wconf 92' lang='lat' dir='ltr'><strong>pro</strong></span> <span class='ocrx_word' id='word_1_204' title='bbox 899 3701 985 3742; x_wconf 89' lang='lat' dir='ltr'><strong>me</strong></span> <span class='ocrx_word' id='word_1_205' title='bbox 1037 3703 1220 3756; x_wconf 88' lang='lat' dir='ltr'><strong>orare,</strong></span> <span class='ocrx_word' id='word_1_206' title='bbox 1253 3700 1311 3744; x_wconf 93' lang='lat' dir='ltr'><strong>ut</strong></span> <span class='ocrx_word' id='word_1_207' title='bbox 1361 3705 1574 3748; x_wconf 90' lang='lat' dir='ltr'><strong>merear</strong></span> <span class='ocrx_word' id='word_1_208' title='bbox 1603 3693 1835 3761; x_wconf 89' lang='lat' dir='ltr'><strong>palmam</strong></span> <span class='ocrx_word' id='word_1_209' title='bbox 1868 3694 1946 3747; x_wconf 89' lang='lat' dir='ltr'><strong>vi—</strong></span> 
     </span>
    </p>
   </div>
   <div class='ocr_carea' id='block_1_56' title="bbox 366 3776 562 3832">
    <p class='ocr_par' dir='ltr' id='par_1_56' title="bbox 366 3776 562 3832">
     <span class='ocr_line' id='line_1_56' title="bbox 366 3776 562 3832; baseline -0.015 0"><span class='ocrx_word' id='word_1_210' title='bbox 366 3776 562 3832; x_wconf 74' lang='lat' dir='ltr'><strong>etoriaa.</strong></span> 
     </span>
    </p>
   </div>
   <div class='ocr_carea' id='block_1_57' title="bbox 981 3885 1307 3926">
    <p class='ocr_par' dir='ltr' id='par_1_57' title="bbox 981 3885 1307 3926">
     <span class='ocr_line' id='line_1_57' title="bbox 981 3885 1307 3926; baseline 0.009 -3"><span class='ocrx_word' id='word_1_211' title='bbox 981 3885 1307 3926; x_wconf 77' lang='lat' dir='ltr'><strong>PAPHNUTIUS</strong></span> 
     </span>
    </p>
   </div>
   <div class='ocr_carea' id='block_1_58' title="bbox 434 3955 1100 4029">
    <p class='ocr_par' dir='ltr' id='par_1_58' title="bbox 434 3955 1100 4029">
     <span class='ocr_line' id='line_1_58' title="bbox 434 3955 1100 4029; baseline 0.009 -19"><span class='ocrx_word' id='word_1_212' title='bbox 434 3955 549 4013; x_wconf 82' lang='lat' dir='ltr'><strong>Non</strong></span> <span class='ocrx_word' id='word_1_213' title='bbox 588 3973 722 4029; x_wconf 93' lang='lat' dir='ltr'><strong>opus</strong></span> <span class='ocrx_word' id='word_1_214' title='bbox 751 3969 834 4016; x_wconf 91' lang='lat' dir='ltr'><strong>est</strong></span> <span class='ocrx_word' id='word_1_215' title='bbox 871 3963 1100 4017; x_wconf 90' lang='lat' dir='ltr'><strong>monitu.</strong></span> 
     </span>
    </p>
   </div>
   <div class='ocr_carea' id='block_1_59' title="bbox 1070 4069 1240 4108">
    <p class='ocr_par' dir='ltr' id='par_1_59' title="bbox 1070 4069 1240 4108">
     <span class='ocr_line' id='line_1_59' title="bbox 1070 4069 1240 4108; baseline 0 0"><span class='ocrx_word' id='word_1_216' title='bbox 1070 4069 1240 4108; x_wconf 87' lang='lat' dir='ltr'><strong>TIIAIS.</strong></span> 
     </span>
    </p>
   </div>
   <div class='ocr_carea' id='block_1_60' title="bbox 437 4138 946 4197">
    <p class='ocr_par' dir='ltr' id='par_1_60' title="bbox 437 4138 946 4197">
     <span class='ocr_line' id='line_1_60' title="bbox 437 4138 946 4197; baseline 0.008 -3"><span class='ocrx_word' id='word_1_217' title='bbox 437 4138 627 4197; x_wconf 81' lang='lat' dir='ltr'><strong>Sucro.</strong></span> <span class='ocrx_word' id='word_1_218' title='bbox 728 4191 748 4197; x_wconf 38' lang='grc' dir='ltr'>μ</span> <span class='ocrx_word' id='word_1_219' title='bbox 905 4144 946 4162; x_wconf 83' lang='lat'><strong>&quot;</strong></span> 
     </span>
    </p>
   </div>
   <div class='ocr_carea' id='block_1_61' title="bbox 705 4191 764 4209">
    <p class='ocr_par' dir='ltr' id='par_1_61' title="bbox 705 4191 764 4209">
     <span class='ocr_line' id='line_1_61' title="bbox 705 4191 764 4209; baseline 0 0"><span class='ocrx_word' id='word_1_220' title='bbox 705 4191 764 4209; x_wconf 52' lang='lat' dir='ltr'><strong>ab</strong></span> 
     </span>
    </p>
   </div>
   <div class='ocr_carea' id='block_1_62' title="bbox 987 4249 1335 4289">
    <p class='ocr_par' dir='ltr' id='par_1_62' title="bbox 987 4249 1335 4289">
     <span class='ocr_line' id='line_1_62' title="bbox 987 4249 1335 4289; baseline 0.003 -3"><span class='ocrx_word' id='word_1_221' title='bbox 987 4249 1046 4288; x_wconf 85' lang='lat' dir='ltr'><strong>PA</strong></span> <span class='ocrx_word' id='word_1_222' title='bbox 1056 4249 1335 4289; x_wconf 83' lang='lat' dir='ltr'><strong>PIINUTIUS.</strong></span> 
     </span>
    </p>
   </div>
   <div class='ocr_carea' id='block_1_63' title="bbox 440 4320 1942 4392">
    <p class='ocr_par' dir='ltr' id='par_1_63' title="bbox 440 4320 1942 4392">
     <span class='ocr_line' id='line_1_63' title="bbox 440 4320 1942 4392; baseline 0.005 -19"><span class='ocrx_word' id='word_1_223' title='bbox 440 4320 674 4390; x_wconf 83' lang='lat' dir='ltr'><strong>Tempus</strong></span> <span class='ocrx_word' id='word_1_224' title='bbox 700 4329 777 4376; x_wconf 85' lang='lat' dir='ltr'><strong>est</strong></span> <span class='ocrx_word' id='word_1_225' title='bbox 815 4330 1031 4392; x_wconf 91' lang='lat' dir='ltr'><strong>optatas</strong></span> <span class='ocrx_word' id='word_1_226' title='bbox 1069 4323 1376 4379; x_wconf 81' lang='lat' dir='ltr'><strong>solitudinis</strong></span> <span class='ocrx_word' id='word_1_227' title='bbox 1408 4336 1646 4392; x_wconf 90' lang='lat' dir='ltr'><strong>repetam</strong></span> <span class='ocrx_word' id='word_1_228' title='bbox 1688 4324 1942 4388; x_wconf 89' lang='lat' dir='ltr'><strong>latebras,</strong></span> 
     </span>
    </p>
   </div>
   <div class='ocr_carea' id='block_1_64' title="bbox 365 4409 1946 4484">
    <p class='ocr_par' dir='ltr' id='par_1_64' title="bbox 365 4409 1946 4484">
     <span class='ocr_line' id='line_1_64' title="bbox 365 4409 1946 4484; baseline 0.003 -20"><span class='ocrx_word' id='word_1_229' title='bbox 365 4416 423 4464; x_wconf 82' lang='lat' dir='ltr'><strong>et</strong></span> <span class='ocrx_word' id='word_1_230' title='bbox 448 4409 643 4463; x_wconf 89' lang='lat' dir='ltr'><strong>charos</strong></span> <span class='ocrx_word' id='word_1_231' title='bbox 665 4410 878 4466; x_wconf 88' lang='lat' dir='ltr'><strong>visitem</strong></span> <span class='ocrx_word' id='word_1_232' title='bbox 927 4410 1239 4481; x_wconf 81' lang='lat' dir='ltr'><strong>discipulos.</strong></span> <span class='ocrx_word' id='word_1_233' title='bbox 1269 4412 1397 4467; x_wconf 75' lang='lat' dir='ltr'><strong>Tua:</strong></span> <span class='ocrx_word' id='word_1_234' title='bbox 1434 4413 1599 4484; x_wconf 79' lang='lat' dir='ltr'><strong>igitur</strong></span> <span class='ocrx_word' id='word_1_235' title='bbox 1627 4413 1946 4470; x_wconf 89' lang='lat' dir='ltr'><strong>sollicitudi-</strong></span> 
     </span>
    </p>
   </div>
   <div class='ocr_carea' id='block_1_65' title="bbox 365 4497 1948 4574">
    <p class='ocr_par' dir='ltr' id='par_1_65' title="bbox 365 4497 1948 4574">
     <span class='ocr_line' id='line_1_65' title="bbox 365 4497 1948 4574; baseline 0.003 -22"><span class='ocrx_word' id='word_1_236' title='bbox 365 4497 444 4562; x_wconf 84' lang='lat' dir='ltr'><strong>ni,</strong></span> <span class='ocrx_word' id='word_1_237' title='bbox 481 4506 583 4551; x_wconf 69' lang='lat' dir='ltr'><strong>tua:</strong></span> <span class='ocrx_word' id='word_1_238' title='bbox 630 4499 840 4566; x_wconf 86' lang='lat' dir='ltr'><strong>pietati,</strong></span> <span class='ocrx_word' id='word_1_239' title='bbox 894 4500 1218 4556; x_wconf 87' lang='lat' dir='ltr'><strong>venerabilis</strong></span> <span class='ocrx_word' id='word_1_240' title='bbox 1271 4501 1576 4568; x_wconf 87' lang='lat' dir='ltr'><strong>abbatissa,</strong></span> <span class='ocrx_word' id='word_1_241' title='bbox 1606 4503 1746 4558; x_wconf 90' lang='lat' dir='ltr'><strong>hanc</strong></span> <span class='ocrx_word' id='word_1_242' title='bbox 1777 4504 1948 4574; x_wconf 87' lang='lat' dir='ltr'><strong>capti-</strong></span> 
     </span>
    </p>
   </div>
   <div class='ocr_carea' id='block_1_66' title="bbox 365 4589 1948 4658">
    <p class='ocr_par' dir='ltr' id='par_1_66' title="bbox 365 4589 1948 4658">
     <span class='ocr_line' id='line_1_66' title="bbox 365 4589 1948 4658; baseline 0.006 -20"><span class='ocrx_word' id='word_1_243' title='bbox 365 4601 488 4638; x_wconf 83' lang='lat' dir='ltr'><strong>vam</strong></span> <span class='ocrx_word' id='word_1_244' title='bbox 519 4589 826 4653; x_wconf 82' lang='lat' dir='ltr'><strong>committo,</strong></span> <span class='ocrx_word' id='word_1_245' title='bbox 853 4597 913 4642; x_wconf 92' lang='lat' dir='ltr'><strong>ut</strong></span> <span class='ocrx_word' id='word_1_246' title='bbox 953 4598 1008 4642; x_wconf 91' lang='lat' dir='ltr'><strong>et</strong></span> <span class='ocrx_word' id='word_1_247' title='bbox 1042 4603 1240 4658; x_wconf 91' lang='lat' dir='ltr'><strong>corpus</strong></span> <span class='ocrx_word' id='word_1_248' title='bbox 1268 4589 1558 4645; x_wconf 90' lang='lat' dir='ltr'><strong>delicatum</strong></span> <span class='ocrx_word' id='word_1_249' title='bbox 1599 4591 1948 4648; x_wconf 88' lang='lat' dir='ltr'><strong>mediocriter</strong></span> 
     </span>
    </p>
   </div>
   <div class='ocr_carea' id='block_1_67' title="bbox 367 4676 1948 4743">
    <p class='ocr_par' dir='ltr' id='par_1_67' title="bbox 367 4676 1948 4743">
     <span class='ocr_line' id='line_1_67' title="bbox 367 4676 1948 4743; baseline 0.007 -15"><span class='ocrx_word' id='word_1_250' title='bbox 367 4676 550 4732; x_wconf 79' lang='lat' dir='ltr'><strong>foveas</strong></span> <span class='ocrx_word' id='word_1_251' title='bbox 609 4680 956 4743; x_wconf 89' lang='lat' dir='ltr'><strong>necessariis,</strong></span> <span class='ocrx_word' id='word_1_252' title='bbox 1008 4689 1064 4736; x_wconf 90' lang='lat' dir='ltr'><strong>ct</strong></span> <span class='ocrx_word' id='word_1_253' title='bbox 1106 4681 1339 4735; x_wconf 87' lang='lat' dir='ltr'><strong>animam</strong></span> <span class='ocrx_word' id='word_1_254' title='bbox 1371 4682 1700 4738; x_wconf 83' lang='lat' dir='ltr'><strong>sullicienter</strong></span> <span class='ocrx_word' id='word_1_255' title='bbox 1736 4685 1948 4740; x_wconf 79' lang='lat' dir='ltr'><strong>reﬁcias</strong></span> 
     </span>
    </p>
   </div>
   <div class='ocr_carea' id='block_1_68' title="bbox 369 4767 1020 4827">
    <p class='ocr_par' dir='ltr' id='par_1_68' title="bbox 369 4767 1020 4827">
     <span class='ocr_line' id='line_1_68' title="bbox 369 4767 1020 4827; baseline 0.008 -5"><span class='ocrx_word' id='word_1_256' title='bbox 369 4767 744 4824; x_wconf 79' lang='lat' dir='ltr'><strong>saluberrimis</strong></span> <span class='ocrx_word' id='word_1_257' title='bbox 781 4772 1020 4827; x_wconf 90' lang='lat' dir='ltr'><strong>monitis.</strong></span> 
     </span>
    </p>
   </div>
   <div class='ocr_carea' id='block_1_69' title="bbox 1004 4875 1307 4917">
    <p class='ocr_par' dir='ltr' id='par_1_69' title="bbox 1004 4875 1307 4917">
     <span class='ocr_line' id='line_1_69' title="bbox 1004 4875 1307 4917; baseline 0.01 -3"><span class='ocrx_word' id='word_1_258' title='bbox 1004 4875 1307 4917; x_wconf 82' lang='lat' dir='ltr'><strong>ABBATISSA.</strong></span> 
     </span>
    </p>
   </div>
   <div class='ocr_carea' id='block_1_70' title="bbox 439 4949 1946 5023">
    <p class='ocr_par' dir='ltr' id='par_1_70' title="bbox 439 4949 1946 5023">
     <span class='ocr_line' id='line_1_70' title="bbox 439 4949 1946 5023; baseline 0.007 -19"><span class='ocrx_word' id='word_1_259' title='bbox 439 4949 519 5005; x_wconf 88' lang='lat' dir='ltr'><strong>Ne</strong></span> <span class='ocrx_word' id='word_1_260' title='bbox 565 4950 873 5009; x_wconf 87' lang='lat' dir='ltr'><strong>sollicitcris</strong></span> <span class='ocrx_word' id='word_1_261' title='bbox 899 4968 998 5023; x_wconf 93' lang='lat' dir='ltr'><strong>pro</strong></span> <span class='ocrx_word' id='word_1_262' title='bbox 1023 4968 1107 5018; x_wconf 92' lang='lat' dir='ltr'><strong>ea,</strong></span> <span class='ocrx_word' id='word_1_263' title='bbox 1153 4955 1279 5022; x_wconf 88' lang='lat' dir='ltr'><strong>quia</strong></span> <span class='ocrx_word' id='word_1_264' title='bbox 1320 4969 1441 5009; x_wconf 90' lang='lat' dir='ltr'><strong>eam</strong></span> <span class='ocrx_word' id='word_1_265' title='bbox 1477 4965 1725 5014; x_wconf 90' lang='lat' dir='ltr'><strong>materno</strong></span> <span class='ocrx_word' id='word_1_266' title='bbox 1755 4956 1946 5016; x_wconf 72' lang='lat' dir='ltr'><strong>affectu</strong></span> 
     </span>
    </p>
   </div>
   <div class='ocr_carea' id='block_1_71' title="bbox 364 5041 599 5102">
    <p class='ocr_par' dir='ltr' id='par_1_71' title="bbox 364 5041 599 5102">
     <span class='ocr_line' id='line_1_71' title="bbox 364 5041 599 5102; baseline -0.021 -3"><span class='ocrx_word' id='word_1_267' title='bbox 364 5041 599 5102; x_wconf 51' lang='lat' dir='ltr'><strong>fovebo}</strong></span> 
     </span>
    </p>
   </div>
   <div class='ocr_carea' id='block_1_72' title="bbox 979 5153 1328 5203">
    <p class='ocr_par' dir='ltr' id='par_1_72' title="bbox 979 5153 1328 5203">
     <span class='ocr_line' id='line_1_72' title="bbox 979 5153 1328 5203; baseline 0.009 -11"><span class='ocrx_word' id='word_1_268' title='bbox 979 5153 1328 5203; x_wconf 64' lang='lat' dir='ltr'><strong>PAPIINU&#39;I&#39;IUS.</strong></span> 
     </span>
    </p>
   </div>
   <div class='ocr_carea' id='block_1_73' title="bbox 437 5225 663 5281">
    <p class='ocr_par' dir='ltr' id='par_1_73' title="bbox 437 5225 663 5281">
     <span class='ocr_line' id='line_1_73' title="bbox 437 5225 663 5281; baseline 0.013 -3"><span class='ocrx_word' id='word_1_269' title='bbox 437 5225 663 5281; x_wconf 85' lang='lat' dir='ltr'><strong>Vadam.</strong></span> 
     </span>
    </p>
   </div>
   <div class='ocr_carea' id='block_1_74' title="bbox 999 5335 1303 5382">
    <p class='ocr_par' dir='ltr' id='par_1_74' title="bbox 999 5335 1303 5382">
     <span class='ocr_line' id='line_1_74' title="bbox 999 5335 1303 5382; baseline 0.003 -5"><span class='ocrx_word' id='word_1_270' title='bbox 999 5335 1303 5382; x_wconf 72' lang='lat' dir='ltr'><strong>ABBATISSA.</strong></span> 
     </span>
    </p>
   </div>
   <div class='ocr_carea' id='block_1_75' title="bbox 437 5413 670 5480">
    <p class='ocr_par' dir='ltr' id='par_1_75' title="bbox 437 5413 670 5480">
     <span class='ocr_line' id='line_1_75' title="bbox 437 5413 670 5480; baseline -0.013 -13"><span class='ocrx_word' id='word_1_271' title='bbox 437 5413 492 5467; x_wconf 90' lang='lat' dir='ltr'><strong>In</strong></span> <span class='ocrx_word' id='word_1_272' title='bbox 523 5425 670 5480; x_wconf 88' lang='lat' dir='ltr'><strong>pace.</strong></span> 
     </span>
    </p>
   </div>
   <div class='ocr_carea' id='block_1_76' title="bbox 945 5502 1374 5544">
    <p class='ocr_par' dir='ltr' id='par_1_76' title="bbox 945 5502 1374 5544">
     <span class='ocr_line' id='line_1_76' title="bbox 945 5502 1374 5544; baseline 0 0"><span class='ocrx_word' id='word_1_273' title='bbox 945 5502 1157 5544; x_wconf 64' lang='lat' dir='ltr'><strong>RCFNA</strong></span> <span class='ocrx_word' id='word_1_274' title='bbox 1209 5505 1342 5544; x_wconf 79' lang='lat' dir='ltr'><strong>VIII-</strong></span> <span class='ocrx_word' id='word_1_275' title='bbox 1365 5505 1374 5521; x_wconf 92' lang='lat'><em>‘</em></span> 
     </span>
    </p>
   </div>
   <div class='ocr_carea' id='block_1_77' title="bbox 2622 1873 2990 1921">
    <p class='ocr_par' dir='ltr' id='par_1_77' title="bbox 2622 1873 2990 1921">
     <span class='ocr_line' id='line_1_77' title="bbox 2622 1873 2990 1921; baseline -0.005 -2"><span class='ocrx_word' id='word_1_276' title='bbox 2622 1873 2990 1921; x_wconf 14' lang='lat' dir='ltr'><strong>PAPIINUTIUS.‘</strong></span> 
     </span>
    </p>
   </div>
   <div class='ocr_carea' id='block_1_78' title="bbox 2113 1952 2672 2011">
    <p class='ocr_par' dir='ltr' id='par_1_78' title="bbox 2113 1952 2672 2011">
     <span class='ocr_line' id='line_1_78' title="bbox 2113 1952 2672 2011; baseline 0.002 -4"><span class='ocrx_word' id='word_1_277' title='bbox 2113 1952 2274 2008; x_wconf 82' lang='lat' dir='ltr'><strong>Juxta</strong></span> <span class='ocrx_word' id='word_1_278' title='bbox 2307 1969 2483 2009; x_wconf 92' lang='lat' dir='ltr'><strong>meum</strong></span> <span class='ocrx_word' id='word_1_279' title='bbox 2515 1955 2672 2011; x_wconf 89' lang='lat' dir='ltr'><strong>velle.</strong></span> 
     </span>
    </p>
   </div>
   <div class='ocr_carea' id='block_1_79' title="bbox 2693 2062 2970 2102">
    <p class='ocr_par' dir='ltr' id='par_1_79' title="bbox 2693 2062 2970 2102">
     <span class='ocr_line' id='line_1_79' title="bbox 2693 2062 2970 2102; baseline 0 -2"><span class='ocrx_word' id='word_1_280' title='bbox 2693 2062 2970 2102; x_wconf 75' lang='lat' dir='ltr'><strong>DISCII‘ULI.</strong></span> 
     </span>
    </p>
   </div>
   <div class='ocr_carea' id='block_1_80' title="bbox 2120 2134 2530 2189">
    <p class='ocr_par' dir='ltr' id='par_1_80' title="bbox 2120 2134 2530 2189">
     <span class='ocr_line' id='line_1_80' title="bbox 2120 2134 2530 2189; baseline 0 -1"><span class='ocrx_word' id='word_1_281' title='bbox 2120 2134 2217 2188; x_wconf 89' lang='lat' dir='ltr'><strong>Ubi</strong></span> <span class='ocrx_word' id='word_1_282' title='bbox 2245 2144 2486 2189; x_wconf 91' lang='lat' dir='ltr'><strong>moratur</strong></span> <span class='ocrx_word' id='word_1_283' title='bbox 2507 2139 2530 2188; x_wconf 65' lang='grc' dir='ltr'><strong>’ἶ</strong></span> 
     </span>
    </p>
   </div>
   <div class='ocr_carea' id='block_1_81' title="bbox 2659 2216 3013 2286">
    <p class='ocr_par' dir='ltr' id='par_1_81' title="bbox 2659 2216 3013 2286">
     <span class='ocr_line' id='line_1_81' title="bbox 2659 2216 3013 2286; baseline 0 -4"><span class='ocrx_word' id='word_1_284' title='bbox 2659 2216 3013 2286; x_wconf 74' lang='lat' dir='ltr'><strong>PAPHNUTIUS.</strong></span> 
     </span>
    </p>
   </div>
   <div class='ocr_carea' id='block_1_82' title="bbox 2116 2317 3259 2388">
    <p class='ocr_par' dir='ltr' id='par_1_82' title="bbox 2116 2317 3259 2388">
     <span class='ocr_line' id='line_1_82' title="bbox 2116 2317 3259 2388; baseline 0.003 -18"><span class='ocrx_word' id='word_1_285' title='bbox 2116 2317 2172 2370; x_wconf 86' lang='lat' dir='ltr'><strong>lu</strong></span> <span class='ocrx_word' id='word_1_286' title='bbox 2204 2317 2399 2388; x_wconf 78' lang='lat' dir='ltr'><strong>exigua</strong></span> <span class='ocrx_word' id='word_1_287' title='bbox 2429 2319 2615 2373; x_wconf 88' lang='lat' dir='ltr'><strong>cellula</strong></span> <span class='ocrx_word' id='word_1_288' title='bbox 2643 2321 2800 2375; x_wconf 88' lang='lat' dir='ltr'><strong>dellct</strong></span> <span class='ocrx_word' id='word_1_289' title='bbox 2839 2323 2921 2377; x_wconf 92' lang='lat' dir='ltr'><strong>sui</strong></span> <span class='ocrx_word' id='word_1_290' title='bbox 2952 2323 3259 2378; x_wconf 88' lang='lat' dir='ltr'><strong>commissa.</strong></span> 
     </span>
    </p>
   </div>
   <div class='ocr_carea' id='block_1_83' title="bbox 2689 2428 2969 2468">
    <p class='ocr_par' dir='ltr' id='par_1_83' title="bbox 2689 2428 2969 2468">
     <span class='ocr_line' id='line_1_83' title="bbox 2689 2428 2969 2468; baseline 0.004 -1"><span class='ocrx_word' id='word_1_291' title='bbox 2689 2428 2969 2468; x_wconf 74' lang='lat' dir='ltr'><strong>DISCII’UIJ.</strong></span> 
     </span>
    </p>
   </div>
   <div class='ocr_carea' id='block_1_84' title="bbox 2118 2498 2922 2556">
    <p class='ocr_par' dir='ltr' id='par_1_84' title="bbox 2118 2498 2922 2556">
     <span class='ocr_line' id='line_1_84' title="bbox 2118 2498 2922 2556; baseline 0.004 -5"><span class='ocrx_word' id='word_1_292' title='bbox 2118 2498 2265 2556; x_wconf 89' lang='lat' dir='ltr'><strong>Laus</strong></span> <span class='ocrx_word' id='word_1_293' title='bbox 2295 2503 2366 2556; x_wconf 89' lang='lat' dir='ltr'><strong>sit</strong></span> <span class='ocrx_word' id='word_1_294' title='bbox 2395 2516 2617 2556; x_wconf 65' lang='lat' dir='ltr'><strong>summm</strong></span> <span class='ocrx_word' id='word_1_295' title='bbox 2646 2501 2922 2556; x_wconf 73' lang='lat' dir='ltr'><strong>&#39;l’rinitati.</strong></span> 
     </span>
    </p>
   </div>
   <div class='ocr_carea' id='block_1_85' title="bbox 2677 2607 3025 2645">
    <p class='ocr_par' dir='ltr' id='par_1_85' title="bbox 2677 2607 3025 2645">
     <span class='ocr_line' id='line_1_85' title="bbox 2677 2607 3025 2645; baseline -0.003 -1"><span class='ocrx_word' id='word_1_296' title='bbox 2677 2607 3025 2645; x_wconf 75' lang='lat' dir='ltr'><strong>PAPIINUTIUS.</strong></span> 
     </span>
    </p>
   </div>
   <div class='ocr_carea' id='block_1_86' title="bbox 2119 2678 3632 2746">
    <p class='ocr_par' dir='ltr' id='par_1_86' title="bbox 2119 2678 3632 2746">
     <span class='ocr_line' id='line_1_86' title="bbox 2119 2678 3632 2746; baseline 0.002 -14"><span class='ocrx_word' id='word_1_297' title='bbox 2119 2678 2184 2732; x_wconf 86' lang='lat' dir='ltr'><strong>Et</strong></span> <span class='ocrx_word' id='word_1_298' title='bbox 2212 2679 2569 2744; x_wconf 34' lang='lat' dir='ltr'><strong>‘hcnediclum</strong></span> <span class='ocrx_word' id='word_1_299' title='bbox 2619 2693 2810 2734; x_wconf 90' lang='lat' dir='ltr'><strong>nomen</strong></span> <span class='ocrx_word' id='word_1_300' title='bbox 2866 2695 2981 2746; x_wconf 67' lang='lat' dir='ltr'><strong>ejus</strong></span> <span class='ocrx_word' id='word_1_301' title='bbox 3015 2679 3350 2735; x_wconf 88' lang='lat' dir='ltr'><strong>tremendum</strong></span> <span class='ocrx_word' id='word_1_302' title='bbox 3405 2696 3546 2735; x_wconf 88' lang='lat' dir='ltr'><strong>nunc</strong></span> <span class='ocrx_word' id='word_1_303' title='bbox 3577 2692 3632 2735; x_wconf 93' lang='lat' dir='ltr'><strong>et</strong></span> 
     </span>
    </p>
   </div>
   <div class='ocr_carea' id='block_1_87' title="bbox 2047 2784 2360 2837">
    <p class='ocr_par' dir='ltr' id='par_1_87' title="bbox 2047 2784 2360 2837">
     <span class='ocr_line' id='line_1_87' title="bbox 2047 2784 2360 2837; baseline -0.003 -15"><span class='ocrx_word' id='word_1_304' title='bbox 2047 2784 2144 2837; x_wconf 84' lang='lat' dir='ltr'><strong>per</strong></span> <span class='ocrx_word' id='word_1_305' title='bbox 2170 2784 2360 2823; x_wconf 70' lang='lat' dir='ltr'><strong>mvum.</strong></span> 
     </span>
    </p>
   </div>
   <div class='ocr_carea' id='block_1_88' title="bbox 2633 2845 2979 2919">
    <p class='ocr_par' dir='ltr' id='par_1_88' title="bbox 2695 2879 2979 2919">
     <span class='ocr_line' id='line_1_88' title="bbox 2695 2879 2979 2919; baseline -0.004 -2"><span class='ocrx_word' id='word_1_306' title='bbox 2695 2879 2979 2919; x_wconf 59' lang='lat' dir='ltr'><strong>unClPULI.</strong></span> 
     </span>
    </p>
   </div>
   <div class='ocr_carea' id='block_1_89' title="bbox 2118 2956 2309 3007">
    <p class='ocr_par' dir='ltr' id='par_1_89' title="bbox 2118 2956 2309 3007">
     <span class='ocr_line' id='line_1_89' title="bbox 2118 2956 2309 3007; baseline -0.005 -2"><span class='ocrx_word' id='word_1_307' title='bbox 2118 2956 2309 3007; x_wconf 81' lang='lat' dir='ltr'><strong>Amen.</strong></span> 
     </span>
    </p>
   </div>
   <div class='ocr_carea' id='block_1_90' title="bbox 2667 3045 3015 3101">
    <p class='ocr_par' dir='ltr' id='par_1_90' title="bbox 2667 3045 3015 3101">
     <span class='ocr_line' id='line_1_90' title="bbox 2667 3045 3015 3101; baseline -0.003 -1"><span class='ocrx_word' id='word_1_308' title='bbox 2667 3045 2887 3101; x_wconf 80' lang='lat' dir='ltr'><strong>SCENA</strong></span> <span class='ocrx_word' id='word_1_309' title='bbox 2929 3047 3015 3101; x_wconf 78' lang='lat' dir='ltr'><strong>IX.</strong></span> 
     </span>
    </p>
   </div>
   <div class='ocr_carea' id='block_1_91' title="bbox 2663 3153 3009 3193">
    <p class='ocr_par' dir='ltr' id='par_1_91' title="bbox 2663 3153 3009 3193">
     <span class='ocr_line' id='line_1_91' title="bbox 2663 3153 3009 3193; baseline 0 -3"><span class='ocrx_word' id='word_1_310' title='bbox 2663 3153 3009 3193; x_wconf 76' lang='lat' dir='ltr'><strong>PAPHNUTIUS.</strong></span> 
     </span>
    </p>
   </div>
   <div class='ocr_carea' id='block_1_92' title="bbox 2124 3223 3632 3295">
    <p class='ocr_par' dir='ltr' id='par_1_92' title="bbox 2124 3223 3632 3295">
     <span class='ocr_line' id='line_1_92' title="bbox 2124 3223 3632 3295; baseline 0.006 -18"><span class='ocrx_word' id='word_1_311' title='bbox 2124 3223 2284 3288; x_wconf 86' lang='lat' dir='ltr'><strong>Ecce,</strong></span> <span class='ocrx_word' id='word_1_312' title='bbox 2312 3234 2419 3278; x_wconf 87' lang='lat' dir='ltr'><strong>tres</strong></span> <span class='ocrx_word' id='word_1_313' title='bbox 2447 3227 2720 3279; x_wconf 88' lang='lat' dir='ltr'><strong>meusurni</strong></span> <span class='ocrx_word' id='word_1_314' title='bbox 2747 3228 3077 3295; x_wconf 70' lang='lat' dir='ltr'><strong>pmnitenlize</strong></span> <span class='ocrx_word' id='word_1_315' title='bbox 3099 3229 3322 3283; x_wconf 88' lang='lat' dir='ltr'><strong>Thaidis</strong></span> <span class='ocrx_word' id='word_1_316' title='bbox 3346 3233 3632 3295; x_wconf 86' lang='lat' dir='ltr'><strong>transiere,</strong></span> 
     </span>
    </p>
   </div>
   <div class='ocr_carea' id='block_1_93' title="bbox 2049 3317 3632 3389">
    <p class='ocr_par' dir='ltr' id='par_1_93' title="bbox 2049 3317 3632 3389">
     <span class='ocr_line' id='line_1_93' title="bbox 2049 3317 3632 3389; baseline 0.006 -24"><span class='ocrx_word' id='word_1_317' title='bbox 2049 3322 2100 3365; x_wconf 91' lang='lat' dir='ltr'><strong>et</strong></span> <span class='ocrx_word' id='word_1_318' title='bbox 2153 3328 2252 3383; x_wconf 92' lang='lat' dir='ltr'><strong>ego</strong></span> <span class='ocrx_word' id='word_1_319' title='bbox 2308 3318 2491 3384; x_wconf 87' lang='lat' dir='ltr'><strong>ignoro</strong></span> <span class='ocrx_word' id='word_1_320' title='bbox 2547 3324 2797 3370; x_wconf 88' lang='lat' dir='ltr'><strong>utrumne</strong></span> <span class='ocrx_word' id='word_1_321' title='bbox 2847 3317 2955 3370; x_wconf 90' lang='lat' dir='ltr'><strong>Deo</strong></span> <span class='ocrx_word' id='word_1_322' title='bbox 3001 3319 3348 3386; x_wconf 88' lang='lat' dir='ltr'><strong>acceptabilis</strong></span> <span class='ocrx_word' id='word_1_323' title='bbox 3398 3322 3468 3374; x_wconf 86' lang='lat' dir='ltr'><strong>sit</strong></span> <span class='ocrx_word' id='word_1_324' title='bbox 3519 3324 3632 3389; x_wconf 83' lang='lat' dir='ltr'><strong>ejus</strong></span> 
     </span>
    </p>
   </div>
   <div class='ocr_carea' id='block_1_94' title="bbox 2051 3404 3630 3474">
    <p class='ocr_par' dir='ltr' id='par_1_94' title="bbox 2051 3404 3630 3474">
     <span class='ocr_line' id='line_1_94' title="bbox 2051 3404 3630 3474; baseline 0.006 -18"><span class='ocrx_word' id='word_1_325' title='bbox 2051 3405 2414 3471; x_wconf 85' lang='lat' dir='ltr'><strong>compunctio.</strong></span> <span class='ocrx_word' id='word_1_326' title='bbox 2466 3404 2714 3474; x_wconf 80' lang='lat' dir='ltr'><strong>Surgam,</strong></span> <span class='ocrx_word' id='word_1_327' title='bbox 2767 3415 2822 3460; x_wconf 89' lang='lat' dir='ltr'><strong>et</strong></span> <span class='ocrx_word' id='word_1_328' title='bbox 2860 3408 3053 3461; x_wconf 87' lang='lat' dir='ltr'><strong>vadam</strong></span> <span class='ocrx_word' id='word_1_329' title='bbox 3100 3409 3166 3464; x_wconf 85' lang='lat' dir='ltr'><strong>ad</strong></span> <span class='ocrx_word' id='word_1_330' title='bbox 3207 3410 3426 3464; x_wconf 84' lang='lat' dir='ltr'><strong>fratrem</strong></span> <span class='ocrx_word' id='word_1_331' title='bbox 3457 3428 3630 3466; x_wconf 81' lang='lat' dir='ltr'><strong>ineunt</strong></span> 
     </span>
    </p>
   </div>
   <div class='ocr_carea' id='block_1_95' title="bbox 2048 3494 3628 3570">
    <p class='ocr_par' dir='ltr' id='par_1_95' title="bbox 2048 3494 3628 3570">
     <span class='ocr_line' id='line_1_95' title="bbox 2048 3494 3628 3570; baseline 0.006 -24"><span class='ocrx_word' id='word_1_332' title='bbox 2048 3494 2368 3561; x_wconf 75' lang='lat' dir='ltr'><strong>Amonium,</strong></span> <span class='ocrx_word' id='word_1_333' title='bbox 2413 3512 2518 3566; x_wconf 90' lang='lat' dir='ltr'><strong>quo</strong></span> <span class='ocrx_word' id='word_1_334' title='bbox 2567 3497 2698 3552; x_wconf 91' lang='lat' dir='ltr'><strong>mihi</strong></span> <span class='ocrx_word' id='word_1_335' title='bbox 2748 3499 3121 3555; x_wconf 75' lang='lat' dir='ltr'><strong>manifestatur</strong></span> <span class='ocrx_word' id='word_1_336' title='bbox 3162 3515 3258 3570; x_wconf 89' lang='lat' dir='ltr'><strong>per</strong></span> <span class='ocrx_word' id='word_1_337' title='bbox 3305 3499 3421 3569; x_wconf 88' lang='lat' dir='ltr'><strong>ejus</strong></span> <span class='ocrx_word' id='word_1_338' title='bbox 3471 3502 3628 3556; x_wconf 90' lang='lat' dir='ltr'><strong>inter-</strong></span> 
     </span>
    </p>
   </div>
   <div class='ocr_carea' id='block_1_96' title="bbox 2048 3594 2287 3638">
    <p class='ocr_par' dir='ltr' id='par_1_96' title="bbox 2048 3594 2287 3638">
     <span class='ocr_line' id='line_1_96' title="bbox 2048 3594 2287 3638; baseline 0.017 -4"><span class='ocrx_word' id='word_1_339' title='bbox 2048 3594 2287 3638; x_wconf 76' lang='grc' dir='ltr'><strong>νεηιυιιι.</strong></span> 
     </span>
    </p>
   </div>
   <div class='ocr_carea' id='block_1_97' title="bbox 2672 3677 3011 3732">
    <p class='ocr_par' dir='ltr' id='par_1_97' title="bbox 2672 3677 3011 3732">
     <span class='ocr_line' id='line_1_97' title="bbox 2672 3677 3011 3732; baseline -0.003 0"><span class='ocrx_word' id='word_1_340' title='bbox 2672 3677 2890 3732; x_wconf 82' lang='lat' dir='ltr'><strong>SCENA</strong></span> <span class='ocrx_word' id='word_1_341' title='bbox 2944 3679 3011 3732; x_wconf 78' lang='grc' dir='ltr'><strong>Χ.</strong></span> 
     </span>
    </p>
   </div>
   <div class='ocr_carea' id='block_1_98' title="bbox 2703 3784 2985 3826">
    <p class='ocr_par' dir='ltr' id='par_1_98' title="bbox 2703 3784 2985 3826">
     <span class='ocr_line' id='line_1_98' title="bbox 2703 3784 2985 3826; baseline 0 -1"><span class='ocrx_word' id='word_1_342' title='bbox 2703 3784 2985 3826; x_wconf 78' lang='lat' dir='ltr'><strong>ANTONIUS.</strong></span> 
     </span>
    </p>
   </div>
   <div class='ocr_carea' id='block_1_99' title="bbox 2119 3857 3638 3928">
    <p class='ocr_par' dir='ltr' id='par_1_99' title="bbox 2119 3857 3638 3928">
     <span class='ocr_line' id='line_1_99' title="bbox 2119 3857 3638 3928; baseline 0.005 -18"><span class='ocrx_word' id='word_1_343' title='bbox 2119 3857 2256 3924; x_wconf 87' lang='lat' dir='ltr'><strong>Quid</strong></span> <span class='ocrx_word' id='word_1_344' title='bbox 2299 3858 2582 3926; x_wconf 84' lang='lat' dir='ltr'><strong>insperatae</strong></span> <span class='ocrx_word' id='word_1_345' title='bbox 2624 3860 2979 3928; x_wconf 87' lang='lat' dir='ltr'><strong>jucunditatis</strong></span> <span class='ocrx_word' id='word_1_346' title='bbox 3037 3860 3270 3917; x_wconf 91' lang='lat' dir='ltr'><strong>accidit?</strong></span> <span class='ocrx_word' id='word_1_347' title='bbox 3326 3861 3464 3928; x_wconf 87' lang='lat' dir='ltr'><strong>Quid</strong></span> <span class='ocrx_word' id='word_1_348' title='bbox 3515 3878 3638 3918; x_wconf 83' lang='lat' dir='ltr'><strong>novt</strong></span> 
     </span>
    </p>
   </div>
   <div class='ocr_carea' id='block_1_100' title="bbox 2049 3952 3638 4023">
    <p class='ocr_par' dir='ltr' id='par_1_100' title="bbox 2049 3952 3638 4023">
     <span class='ocr_line' id='line_1_100' title="bbox 2049 3952 3638 4023; baseline 0.004 -20"><span class='ocrx_word' id='word_1_349' title='bbox 2049 3952 2226 4022; x_wconf 77' lang='lat' dir='ltr'><strong>gaudii</strong></span> <span class='ocrx_word' id='word_1_350' title='bbox 2261 3953 2390 4006; x_wconf 90' lang='lat' dir='ltr'><strong>mihi</strong></span> <span class='ocrx_word' id='word_1_351' title='bbox 2436 3953 2698 4023; x_wconf 82' lang='lat' dir='ltr'><strong>contigit?</strong></span> <span class='ocrx_word' id='word_1_352' title='bbox 2736 3952 2872 4007; x_wconf 82' lang='lat' dir='ltr'><strong>Num</strong></span> <span class='ocrx_word' id='word_1_353' title='bbox 2899 3954 2986 4007; x_wconf 91' lang='lat' dir='ltr'><strong>hic</strong></span> <span class='ocrx_word' id='word_1_354' title='bbox 3013 3964 3095 4008; x_wconf 92' lang='lat' dir='ltr'><strong>est</strong></span> <span class='ocrx_word' id='word_1_355' title='bbox 3119 3954 3286 4010; x_wconf 80' lang='lat' dir='ltr'><strong>frater</strong></span> <span class='ocrx_word' id='word_1_356' title='bbox 3313 3965 3366 4011; x_wconf 90' lang='lat' dir='ltr'><strong>et</strong></span> <span class='ocrx_word' id='word_1_357' title='bbox 3391 3957 3638 4010; x_wconf 63' lang='lat' dir='ltr'><strong>caercmi-</strong></span> 
     </span>
    </p>
   </div>
   <div class='ocr_carea' id='block_1_101' title="bbox 2049 4040 3014 4110">
    <p class='ocr_par' dir='ltr' id='par_1_101' title="bbox 2049 4040 3014 4110">
     <span class='ocr_line' id='line_1_101' title="bbox 2049 4040 3014 4110; baseline 0.001 -16"><span class='ocrx_word' id='word_1_358' title='bbox 2049 4040 2163 4094; x_wconf 82' lang='lat' dir='ltr'><strong>cola</strong></span> <span class='ocrx_word' id='word_1_359' title='bbox 2193 4056 2344 4095; x_wconf 90' lang='lat' dir='ltr'><strong>meus</strong></span> <span class='ocrx_word' id='word_1_360' title='bbox 2365 4041 2743 4110; x_wconf 89' lang='lat' dir='ltr'><strong>Paphnutius?</strong></span> <span class='ocrx_word' id='word_1_361' title='bbox 2768 4042 2887 4110; x_wconf 87' lang='lat' dir='ltr'><strong>Ipse</strong></span> <span class='ocrx_word' id='word_1_362' title='bbox 2911 4051 3014 4097; x_wconf 90' lang='lat' dir='ltr'><strong>est.</strong></span> 
     </span>
    </p>
   </div>
   <div class='ocr_carea' id='block_1_102' title="bbox 2669 4147 3014 4187">
    <p class='ocr_par' dir='ltr' id='par_1_102' title="bbox 2669 4147 3014 4187">
     <span class='ocr_line' id='line_1_102' title="bbox 2669 4147 3014 4187; baseline -0.006 -1"><span class='ocrx_word' id='word_1_363' title='bbox 2669 4147 3014 4187; x_wconf 75' lang='lat' dir='ltr'><strong>PAPHNUTIUS.</strong></span> 
     </span>
    </p>
   </div>
   <div class='ocr_carea' id='block_1_103' title="bbox 2119 4220 2501 4276">
    <p class='ocr_par' dir='ltr' id='par_1_103' title="bbox 2119 4220 2501 4276">
     <span class='ocr_line' id='line_1_103' title="bbox 2119 4220 2501 4276; baseline 0.003 -1"><span class='ocrx_word' id='word_1_364' title='bbox 2119 4220 2249 4275; x_wconf 91' lang='lat' dir='ltr'><strong>Sum</strong></span> <span class='ocrx_word' id='word_1_365' title='bbox 2280 4223 2501 4276; x_wconf 90' lang='lat' dir='ltr'><strong>etenim.</strong></span> 
     </span>
    </p>
   </div>
   <div class='ocr_carea' id='block_1_104' title="bbox 2699 4328 2974 4369">
    <p class='ocr_par' dir='ltr' id='par_1_104' title="bbox 2699 4328 2974 4369">
     <span class='ocr_line' id='line_1_104' title="bbox 2699 4328 2974 4369; baseline 0 -3"><span class='ocrx_word' id='word_1_366' title='bbox 2699 4328 2974 4369; x_wconf 74' lang='lat' dir='ltr'><strong>ANTONIUS.</strong></span> 
     </span>
    </p>
   </div>
   <div class='ocr_carea' id='block_1_105' title="bbox 2120 4401 3636 4469">
    <p class='ocr_par' dir='ltr' id='par_1_105' title="bbox 2120 4401 3636 4469">
     <span class='ocr_line' id='line_1_105' title="bbox 2120 4401 3636 4469; baseline 0.005 -15"><span class='ocrx_word' id='word_1_367' title='bbox 2120 4401 2282 4469; x_wconf 88' lang='lat' dir='ltr'><strong>Bene,</strong></span> <span class='ocrx_word' id='word_1_368' title='bbox 2331 4402 2519 4468; x_wconf 80' lang='lat' dir='ltr'><strong>frater,</strong></span> <span class='ocrx_word' id='word_1_369' title='bbox 2566 4403 2782 4468; x_wconf 89' lang='lat' dir='ltr'><strong>venisti,</strong></span> <span class='ocrx_word' id='word_1_370' title='bbox 2834 4406 2970 4460; x_wconf 84' lang='lat' dir='ltr'><strong>bene</strong></span> <span class='ocrx_word' id='word_1_371' title='bbox 3020 4419 3106 4460; x_wconf 88' lang='lat' dir='ltr'><strong>me</strong></span> <span class='ocrx_word' id='word_1_372' title='bbox 3136 4406 3636 4462; x_wconf 68' lang='lat' dir='ltr'><strong>adveniendolzeti-</strong></span> 
     </span>
    </p>
   </div>
   <div class='ocr_carea' id='block_1_106' title="bbox 2053 4495 2245 4550">
    <p class='ocr_par' dir='ltr' id='par_1_106' title="bbox 2053 4495 2245 4550">
     <span class='ocr_line' id='line_1_106' title="bbox 2053 4495 2245 4550; baseline -0.005 0"><span class='ocrx_word' id='word_1_373' title='bbox 2053 4495 2245 4550; x_wconf 72' lang='lat' dir='ltr'><strong>ﬁeasu.</strong></span> 
     </span>
    </p>
   </div>
   <div class='ocr_carea' id='block_1_107' title="bbox 2670 4605 3008 4647">
    <p class='ocr_par' dir='ltr' id='par_1_107' title="bbox 2670 4605 3008 4647">
     <span class='ocr_line' id='line_1_107' title="bbox 2670 4605 3008 4647; baseline 0.009 -3"><span class='ocrx_word' id='word_1_374' title='bbox 2670 4605 2870 4646; x_wconf 73' lang='lat' dir='ltr'><strong>PAPIINU</strong></span> <span class='ocrx_word' id='word_1_375' title='bbox 2880 4605 3008 4647; x_wconf 57' lang='lat' dir='ltr'><strong>TIUS</strong></span> 
     </span>
    </p>
   </div>
   <div class='ocr_carea' id='block_1_108' title="bbox 2123 4679 3636 4751">
    <p class='ocr_par' dir='ltr' id='par_1_108' title="bbox 2123 4679 3636 4751">
     <span class='ocr_line' id='line_1_108' title="bbox 2123 4679 3636 4751; baseline 0.002 -17"><span class='ocrx_word' id='word_1_376' title='bbox 2123 4679 2276 4734; x_wconf 82' lang='lat' dir='ltr'><strong>Haud</strong></span> <span class='ocrx_word' id='word_1_377' title='bbox 2309 4680 2484 4736; x_wconf 91' lang='lat' dir='ltr'><strong>minus</strong></span> <span class='ocrx_word' id='word_1_378' title='bbox 2517 4680 2751 4750; x_wconf 88' lang='lat' dir='ltr'><strong>tripudio</strong></span> <span class='ocrx_word' id='word_1_379' title='bbox 2798 4683 2872 4736; x_wconf 92' lang='lat' dir='ltr'><strong>tui</strong></span> <span class='ocrx_word' id='word_1_380' title='bbox 2915 4683 3055 4750; x_wconf 84' lang='lat' dir='ltr'><strong>visu,</strong></span> <span class='ocrx_word' id='word_1_381' title='bbox 3087 4697 3250 4751; x_wconf 90' lang='lat' dir='ltr'><strong>quam</strong></span> <span class='ocrx_word' id='word_1_382' title='bbox 3282 4689 3336 4736; x_wconf 94' lang='lat' dir='ltr'><strong>tu</strong></span> <span class='ocrx_word' id='word_1_383' title='bbox 3385 4683 3492 4738; x_wconf 92' lang='lat' dir='ltr'><strong>mei</strong></span> <span class='ocrx_word' id='word_1_384' title='bbox 3541 4683 3636 4737; x_wconf 90' lang='lat' dir='ltr'><strong>ad-</strong></span> 
     </span>
    </p>
   </div>
   <div class='ocr_carea' id='block_1_109' title="bbox 2049 4780 3004 4829">
    <p class='ocr_par' dir='ltr' id='par_1_109' title="bbox 2049 4780 3004 4829">
     <span class='ocr_line' id='line_1_109' title="bbox 2049 4780 3004 4829; baseline 0.005 -5"><span class='ocrx_word' id='word_1_385' title='bbox 2049 4780 2230 4826; x_wconf 75' lang='lat' dir='ltr'><strong>VCIIIU.</strong></span> <span class='ocrx_word' id='word_1_386' title='bbox 2994 4822 3004 4829; x_wconf 94' lang='lat'><strong>.</strong></span> 
     </span>
    </p>
   </div>
   <div class='ocr_carea' id='block_1_110' title="bbox 2705 4879 2985 4920">
    <p class='ocr_par' dir='ltr' id='par_1_110' title="bbox 2705 4879 2985 4920">
     <span class='ocr_line' id='line_1_110' title="bbox 2705 4879 2985 4920; baseline 0 -3"><span class='ocrx_word' id='word_1_387' title='bbox 2705 4879 2985 4920; x_wconf 79' lang='lat' dir='ltr'><strong>ANTONIUS.</strong></span> 
     </span>
    </p>
   </div>
   <div class='ocr_carea' id='block_1_111' title="bbox 2125 4956 3644 5029">
    <p class='ocr_par' dir='ltr' id='par_1_111' title="bbox 2125 4956 3644 5029">
     <span class='ocr_line' id='line_1_111' title="bbox 2125 4956 3644 5029; baseline 0.003 -20"><span class='ocrx_word' id='word_1_388' title='bbox 2125 4957 2254 5022; x_wconf 78' lang='lat' dir='ltr'><strong>Qua:</strong></span> <span class='ocrx_word' id='word_1_389' title='bbox 2284 4956 2398 5011; x_wconf 71' lang='lat' dir='ltr'><strong>hazc</strong></span> <span class='ocrx_word' id='word_1_390' title='bbox 2420 4971 2579 5014; x_wconf 89' lang='lat' dir='ltr'><strong>causa</strong></span> <span class='ocrx_word' id='word_1_391' title='bbox 2609 4968 2715 5014; x_wconf 91' lang='lat' dir='ltr'><strong>tam</strong></span> <span class='ocrx_word' id='word_1_392' title='bbox 2740 4956 3105 5028; x_wconf 89' lang='lat' dir='ltr'><strong>acceptabilis,</strong></span> <span class='ocrx_word' id='word_1_393' title='bbox 3141 4957 3436 5029; x_wconf 62' lang='lat' dir='ltr'><strong>tam&#39;grata</strong></span> <span class='ocrx_word' id='word_1_394' title='bbox 3469 4960 3644 5024; x_wconf 89' lang='lat' dir='ltr'><strong>nobis,</strong></span> 
     </span>
    </p>
   </div>
   <div class='ocr_carea' id='block_1_112' title="bbox 2057 5046 3098 5120">
    <p class='ocr_par' dir='ltr' id='par_1_112' title="bbox 2057 5046 3098 5120">
     <span class='ocr_line' id='line_1_112' title="bbox 2057 5046 3098 5120; baseline 0.002 -18"><span class='ocrx_word' id='word_1_395' title='bbox 2057 5063 2175 5120; x_wconf 75' lang='lat' dir='ltr'><strong>qua:</strong></span> <span class='ocrx_word' id='word_1_396' title='bbox 2200 5057 2251 5102; x_wconf 89' lang='lat' dir='ltr'><strong>te</strong></span> <span class='ocrx_word' id='word_1_397' title='bbox 2285 5046 2392 5104; x_wconf 88' lang='lat' dir='ltr'><strong>huc</strong></span> <span class='ocrx_word' id='word_1_398' title='bbox 2422 5048 2576 5106; x_wconf 83' lang='lat' dir='ltr'><strong>duxit</strong></span> <span class='ocrx_word' id='word_1_399' title='bbox 2603 5050 2668 5106; x_wconf 89' lang='lat' dir='ltr'><strong>de</strong></span> <span class='ocrx_word' id='word_1_400' title='bbox 2696 5050 2804 5104; x_wconf 89' lang='lat' dir='ltr'><strong>tuis</strong></span> <span class='ocrx_word' id='word_1_401' title='bbox 2829 5048 3098 5104; x_wconf 86' lang='lat' dir='ltr'><strong>latibulis?</strong></span> 
     </span>
    </p>
   </div>
   <div class='ocr_carea' id='block_1_113' title="bbox 2681 5155 3027 5196">
    <p class='ocr_par' dir='ltr' id='par_1_113' title="bbox 2681 5155 3027 5196">
     <span class='ocr_line' id='line_1_113' title="bbox 2681 5155 3027 5196; baseline -0.006 0"><span class='ocrx_word' id='word_1_402' title='bbox 2681 5155 3027 5196; x_wconf 75' lang='lat' dir='ltr'><strong>PAPIINUTIUS.</strong></span> 
     </span>
    </p>
   </div>
   <div class='ocr_carea' id='block_1_114' title="bbox 2126 5231 2427 5287">
    <p class='ocr_par' dir='ltr' id='par_1_114' title="bbox 2126 5231 2427 5287">
     <span class='ocr_line' id='line_1_114' title="bbox 2126 5231 2427 5287; baseline -0.01 0"><span class='ocrx_word' id='word_1_403' title='bbox 2126 5248 2199 5287; x_wconf 69' lang='lat' dir='ltr'><strong>nn</strong></span> <span class='ocrx_word' id='word_1_404' title='bbox 2233 5231 2427 5286; x_wconf 86' lang='lat' dir='ltr'><strong>valeo.’</strong></span> 
     </span>
    </p>
   </div>
   <div class='ocr_carea' id='block_1_115' title="bbox 2720 5334 2999 5378">
    <p class='ocr_par' dir='ltr' id='par_1_115' title="bbox 2720 5334 2999 5378">
     <span class='ocr_line' id='line_1_115' title="bbox 2720 5334 2999 5378; baseline -0.014 -1"><span class='ocrx_word' id='word_1_405' title='bbox 2720 5334 2999 5378; x_wconf 74' lang='lat' dir='ltr'><strong>ANTONIUS.</strong></span> 
     </span>
    </p>
   </div>
   <div class='ocr_carea' id='block_1_116' title="bbox 2126 5412 2536 5473">
    <p class='ocr_par' dir='ltr' id='par_1_116' title="bbox 2126 5412 2536 5473">
     <span class='ocr_line' id='line_1_116' title="bbox 2126 5412 2536 5473; baseline 0.01 -4"><span class='ocrx_word' id='word_1_406' title='bbox 2126 5415 2239 5470; x_wconf 83' lang='lat' dir='ltr'><strong>Hoc</strong></span> <span class='ocrx_word' id='word_1_407' title='bbox 2266 5412 2536 5473; x_wconf 86' lang='lat' dir='ltr'><strong>desidero.</strong></span> 
     </span>
    </p>
   </div>
   <div class='ocr_carea' id='block_1_117' title="bbox 2687 5517 3015 5544">
    <p class='ocr_par' dir='ltr' id='par_1_117' title="bbox 2687 5517 3015 5544">
     <span class='ocr_line' id='line_1_117' title="bbox 2687 5517 3015 5544; baseline 0 0"><span class='ocrx_word' id='word_1_408' title='bbox 2687 5524 2715 5544; x_wconf 78' lang='grc' dir='ltr'><strong>ι)</strong></span> <span class='ocrx_word' id='word_1_409' title='bbox 2727 5521 2743 5544; x_wconf 82' lang='lat' dir='ltr'><strong>A</strong></span> <span class='ocrx_word' id='word_1_410' title='bbox 2755 5517 3015 5544; x_wconf 62' lang='lat' dir='ltr'><strong>DHNIITIIYR</strong></span> 
     </span>
    </p>
   </div>
  </div>
