4482 5548
858 452 995 517 tot?

1486 569 1792 608 ANTIOCHUS.

922 645 1282 718 Congratulor
1319 653 1419 711 tua:
1451 644 1704 709 almitati;
1740 646 1901 705 unde,
1936 643 1980 696 si
2027 641 2152 709 quid
2181 641 2430 709 experior

852 750 1133 805 emergere
1185 737 1327 804 quod
1375 743 1466 788 tuo
1509 734 1808 806 potentatui
1852 733 2063 788 videtur
2110 741 2299 788 contra
2355 733 2433 786 lu-

852 827 1010 890 ctari,
1044 843 1147 882 non
1173 826 1381 890 occulo,
1414 827 1508 881 sed
1540 826 1826 894 impatiens
1862 840 2025 879 morte
2054 824 2288 893 profero.

1064 983 1066 986 .
1508 933 1791 973 manuus.

922 1006 989 1068 Et
1013 1009 1226 1075 merito,
1251 1024 1317 1064 nc
1341 1023 1464 1067 reus
1492 1008 1792 1079 maiestatis
1821 1021 1940 1063 esse
1969 1005 2234 1077 arguaris,
2259 1004 2302 1058 si
2330 1019 2433 1066 non

851 1101 1075 1160 celanda
1105 1100 1382 1155 celaveris.

1481 1204 1800 1246 ANTIOCHUS.

920 1303 1236 1372 Hnjusmodi
1299 1301 1585 1359 commisso
1661 1307 1844 1361 reatus
1897 1313 2172 1368 nunquam
2221 1297 2295 1355 fui
2343 1295 2438 1352 ob-

851 1395 1064 1450 noxius.

1504 1496 1787 1537 ADRMNUS.

923 1597 1170 1663 Memini;
1213 1596 1306 1652 sed
1333 1595 1517 1665 profer
1543 1596 1586 1657 si
1613 1592 1741 1664 quid
1768 1593 1908 1649 scias
1940 1594 2082 1649 novi.

1490 1721 1806 1762 ANTIOCHUS.

922 1802 1176 1870 Quaedam
1205 1804 1413 1857 advena
1443 1799 1638 1853 mulier
1672 1799 1812 1852 hanc
1851 1796 2040 1849 urbem
2073 1807 2241 1861 nuper
2274 1791 2440 1845 intra-

851 1896 930 1951 vit
958 1895 1210 1951 comitata
1239 1891 1442 1963 proprii
1475 1889 1615 1944 fetus
1640 1886 1866 1959 pusiolis
1895 1886 2082 1940 tribus.

1257 1972 1259 1976 Ι
1499 1996 1782 2038 ADBIANUS.

921 2083 1088 2154 Cujus
1125 2094 1286 2137 sexus
1317 2086 1442 2134 sunt
1469 2074 1702 2146 pusioli?

1483 2179 1798 2226 ANTIOCHUS.

922 2265 1124 2320 Omnes
1156 2260 1393 2318 feminei.

1502 2359 1783 2401 ADRIANUS.

923 2444 1177 2514 Nunquid
1215 2440 1547 2495 tantillartun
1591 2438 1853 2490 adventus
1879 2431 2315 2487 muliercularum
2343 2431 2439 2484 ali-

850 2536 995 2608 quod
1023 2533 1334 2605 reipublicae
1365 2530 1632 2585 adducere
1657 2526 1860 2597 poterit
1886 2523 2310 2579 detrimentum?

1485 2632 1802 2672 Ἀκτιοςιιυε.

917 2720 1303 2788 Permagnum.

1507 2815 1786 2856 ADRIANUS.

921 2901 1072 2972 Quod
1087 2901 1110 2954 ?

1490 2999 1805 3040 ANTIOCHUS.

920 3083 1079 3139 Pacis
1095 3117 1098 3120 ‹
1116 3079 1404 3136 defectum.

1506 3180 1786 3221 ADRIANUS.

923 3263 1041 3329 Quo
1070 3268 1227 3332 pacto
1241 3259 1266 3311 ?

1486 3357 1798 3398 ANTIOCHUS.

918 3446 988 3500 Et
1017 3441 1146 3512 quid
1193 3439 1362 3509 magis
1411 3445 1589 3506 potest
1618 3449 1868 3502 rumpere
1895 3432 2068 3486 civilis
2090 3429 2433 3485 concordiam

849 3537 1000 3614 pacis
1029 3548 1193 3605 quam
1221 3530 1552 3586 dissonantia
1579 3524 2004 3582 observationis?

1268 3692 1278 3700 '
1508 3634 1786 3673 ADRIANUS.

921 3719 1068 3774 Nihil
1098 3716 1315 3788 gravius
1338 3753 1353 3777 ,
1405 3712 1538 3766 nihil
1565 3710 1829 3771 deterius,
1861 3707 2002 3776 quod
2035 3715 2266 3773 testatur
2293 3705 2441 3760 orbis

852 3812 1150 3873 Romanus,
1178 3807 1271 3875 qui
1300 3803 1537 3875 undique
1560 3817 1718 3857 secus
1746 3799 2067 3856 Christiana:
2093 3797 2254 3852 etedis
2283 3795 2443 3850 sorde

851 3912 937 3967 est
972 3901 1223 3955 infectus.

1491 3999 1805 4040 ANTIOCHUS.

919 4083 1045 4138 Haec
1085 4081 1249 4151 igitur
1278 4077 1510 4141 femina,
1558 4074 1712 4142 cujus
1759 4072 2088 4127 mentionem
2123 4068 2285 4128 facio,
2317 4065 2442 4118 hor.

854 4185 1003 4232 tatur
1033 4179 1303 4227 nostrates
1352 4169 1526 4222 avitos
1561 4167 1699 4221 ritus
1744 4165 1995 4219 deserere
2021 4170 2077 4216 et
2118 4160 2439 4216 Christianae

861 4263 1110 4333 religioni
1143 4275 1200 4315 se
1227 4259 1442 4315 dedere.

1508 4363 1788 4403 ADRIANUS.

926 4443 1065 4499 Num
1092 4440 1347 4513 przevalet
1373 4439 1807 4495 hortamentum?

1492 4546 1807 4586 ANTIOCHUS.

927 4627 1186 4685 Nimium.
1237 4622 1372 4678 Nam
1424 4631 1624 4676 nostra:
1671 4618 1925 4689 conjuges
1979 4614 2302 4670 fastidiendo
2345 4627 2444 4666 nos

859 4725 1210 4780 contemnunt
1240 4715 1408 4796 adeo,
1459 4723 1519 4769 ut
1566 4713 1922 4790 dedignentur
1954 4708 2231 4762 uobiscum
2264 4721 2443 4760 come-

859 4814 1004 4876 dere,
1033 4816 1237 4879 quanto
1267 4804 1446 4863 minus
1471 4801 1729 4856 dormire.

1512 4905 1792 4958 Αηῐιωίυε.

930 4990 1146 5051 Fateor,
1177 4982 1502 5056 periculum.

1491 5083 1808 5125 ANTIOCHUS.

933 5169 1093 5220 Decet
1118 5165 1192 5217 tui
1233 5175 1520 5233 personam
1545 5171 1870 5228 praecavere.

1105 5274 1109 5278 ·
1519 5264 1796 5295 ADRIANIlS.

1673 439 2141 500 llllOTSUlTHKE
2183 439 2506 496 ΜΟΝΙΜΛὸ
2543 439 3235 497 GANDERSHEIMENSIS

2460 553 2512 611 Α

2466 1889 2514 1948 Β

3973 441 3996 495 1
4009 441 4114 497 048

3167 553 3385 610 SCENA
3419 555 3478 609 ll.

3168 661 3480 700 ANTIOCIIUS.

2609 732 2744 800 Quid
2778 734 3005 798 vocaris,
3036 751 3068 789 ο
3095 736 3288 789 mulier
3317 736 3567 790 advena?

3178 840 3473 878 SAPIENTIA.

2612 913 2908 983 Sapientia.

3173 1024 3486 1064 ANTIOCHUS.

2607 1097 2903 1166 imperator
2935 1099 3382 1169 Adrianusjussit
3413 1110 3461 1154 te
3492 1101 3543 1154 in
3577 1100 3773 1171 palatio
3801 1099 4120 1172 prtesentari

2540 1188 2651 1241 suis
2681 1189 3074 1257 conspectibus.

3188 1294 3482 1334 SAPIENTM.

2610 1367 2874 1422 Palatium
2916 1384 3034 1422 cum
3086 1370 3248 1423 nobili
3306 1371 3531 1424 filiarum
3599 1371 3855 1424 comitatu
3906 1371 4109 1426 intrare

2541 1474 2646 1522 non
2677 1459 2902 1527 trepido,
2943 1468 2996 1513 et
3040 1460 3303 1514 minacem
3349 1461 3691 1529 imperatoris
3730 1461 3931 1525 vultum
3974 1475 4120 1512 eom-

2542 1550 2719 1604 minus
2748 1551 2987 1619 aspicere
3031 1549 3139 1622 58
3179 1566 3280 1604 non
3307 1549 3555 1605 formido.

3174 1656 3487 1696 ANTIOCIIUS.

2612 1731 2847 1788 Invisum
2895 1746 3065 1802 genus
3095 1730 3540 1785 Christicolarum
3575 1744 3786 1800 semper
3816 1738 4125 1800 promptum

2542 1830 2626 1876 est
2653 1821 2987 1890 principibus
3021 1821 3088 1875 ad
3125 1821 3500 1876 resistendum.

3177 1928 3472 1967 SLI’IENTIA.

2608 2005 2866 2074 Princeps
2901 2004 3287 2066 universitatis,
3328 2004 3416 2070 qui
3449 2003 3621 2056 nescit
3658 2003 3818 2066 vinci,
3852 2017 3953 2055 non
3983 2004 4122 2071 pati-

2541 2105 2628 2151 tur
2656 2110 2781 2149 suos
2808 2096 2876 2148 ab
2905 2096 3057 2148 hoste
3080 2095 3342 2162 superari.

3176 2202 3487 2245 ANTIUCIIUS.

2610 2280 2793 2350 l-Itiga
2831 2276 3157 2332 efﬂuentiam
3204 2277 3513 2338 verborum,
3558 2284 3612 2328 et
3658 2289 3822 2346 perge
3866 2273 3933 2328 ad
3974 2273 4123 2342 pala-

2543 2371 2698 2424 tium.

3187 2470 3482 2508 SAPIENTIA.

2612 2552 2849 2606 Monstra
2884 2550 3024 2602 viam
3055 2546 3376 2616 praeeundo,
3414 2560 3510 2598 nos
3550 2542 3927 2619 subsequimur
3967 2555 4122 2596 acco-

2538 2641 2777 2696 lerando.

3158 2725 3378 2782 SCENA
3416 2725 3502 2779 lll.

3170 2833 3488 2875 ANTIOCHUS.

2611 2908 2710 2962 llic
2751 2908 2863 2976 ipse
2905 2915 2986 2960 est
3015 2907 3327 2974 imperator,
3359 2911 3518 2975 q’uem
3556 2904 3607 2957 in
3636 2904 3768 2959 solio
3795 2902 4123 2960 residentem

2539 2997 2836 3066 conSpieis;
2877 2995 3162 3065 przecogita
3197 2995 3323 3063 quid
3366 2993 3623 3062 loquaris.

3183 3101 3479 3140 SAPIENTIA.

2617 3181 2726 3236 lloc
2765 3180 3014 3251 prohibet
3042 3177 3239 3232 Christi
3280 3177 3566 3246 sententia,
3608 3176 3928 3246 promittens
3967 3173 4126 3245 nobis

2542 3270 2924 3338 insuperabilis
2945 3268 3223 3336 sapientiae
3249 3267 3410 3319 dona.

3187 3371 3467 3412 ADRIANUS.

2611 3451 2724 3507 lluc
2751 3451 2899 3516 ades,
2930 3449 3213 3503 Antioche.

3172 3553 3487 3592 ANTIOCHUS.

2611 3633 2815 3692 Praesto
2847 3646 2988 3696 sum,
3019 3629 3254 3684 domine.

3195 3735 3473 3773 ADRIANUS.

2614 3816 2862 3885 Nunquid
2894 3815 2978 3868 hae
3008 3823 3133 3868 sunt
3163 3810 3520 3874 mulierculre,
3561 3823 3697 3878 quas
3723 3806 4003 3863 deferebas
4027 3819 4126 3874 pro

2540 3908 2849 3964 Christiana
2886 3904 3190 3974 religione?

3171 4005 3489 4050 ANTIOCHUS.

2614 4087 2751 4142 Sunt
2779 4085 2954 4154 plane.

3180 4186 3464 4224 ADRMNUS.

2613 4261 3049 4331 Uniuscujusque
3080 4258 3538 4328 pulchritudinem
3569 4255 4040 4325 obstupescofsed
4070 4261 4126 4308 et

2541 4359 2884 4413 honestatem
2913 4348 3129 4404 habitus
3158 4348 3292 4401 satis
3319 4345 3576 4400 admirari
3603 4359 3828 4412 nequeo.

3175 4450 3494 4493 ANTIOCHUS.

2618 4532 2838 4595 Desine,
2869 4544 2902 4584 ο
2931 4528 3004 4592 rni
3031 4526 3235 4592 senior,
3268 4525 3548 4589 admirari,
3588 4533 3642 4582 et
3675 4537 3804 4593 coge
3841 4522 3960 4576 illas
3997 4521 4123 4575 deos

2547 4621 2811 4678 venerari.

3202 4719 3484 4759 ADRIANL'S.

2580 4873 2584 4876 ~
2618 4802 2754 4870 Quid
2783 4801 2827 4855 si
2859 4800 2975 4854 illas
2995 4797 3225 4869 primule
3249 4796 3533 4868 aggrediar
3557 4792 3750 4847 blanda
3780 4791 4121 4855 allocutione,

2548 4897 2594 4955 si
2625 4895 2763 4952 forte
2792 4893 2960 4949 velint
2987 4890 3224 4945 cedere?

3182 4992 3494 5032 ΑΝτιοοιιυε.

2620 5074 2810 5128 Melius
2836 5081 2936 5129 est.
2989 5071 3123 5124 Nam
3160 5068 3426 5138 fragilitas
3464 5037 3625 5121 sequ
3663 5065 3878 5122 feminei
3917 5065 4122 5120 facilius

2549 5174 2724 5254 potest
2751 5163 3135 5220 blandimentis
3162 5149 3385 5215 molliri.

3201 5264 3476 5295 ADRIANIIS-
