4486 5544
386 367 521 431 1059
1393 372 1752 429 COMCEDM".
1795 376 1943 431 SEX.
1989 409 2055 418 —
2091 382 2153 435 Vl

1393 372 1752 429 COMCEDM’.
1795 376 1943 431 SEX.
1989 409 2055 418 —
2091 382 2173 435 Vl.
2220 384 2593 443 SJPIENTIA.

1006 498 1282 538 annuxus.
1964 494 2017 551 Α

3464 408 3597 461 1050

2672 520 2728 558 SA
2739 523 2969 562 PIEXTIA.

452 605 635 658 Adhuc
662 602 899 671 mitigato
928 600 1105 655 furore
1132 602 1271 655 nulla
1300 602 1351 654 in
1380 612 1429 656 le
1457 618 1672 657 moveor
1700 605 1941 673 indigna-
2113 580 2221 637 Nec
2249 586 2463 650 mirum,
2486 590 2610 657 quia
2637 594 2734 647 sub
2758 594 2915 663 hujus
2940 597 3266 656 definitionis
3293 606 3469 672 specie
3494 623 3597 662 non

382 694 554 755 tione,
605 691 696 746 sed
740 706 837 759 pro
882 700 971 743 tua
1015 691 1197 759 tuique
1239 691 1466 744 ftliarum
1512 692 1680 747 salute
1712 703 1937 761 paterno

381 783 633 837 sollicitor
661 795 864 835 amore.

1008 883 1304 926 SAPIENTIA.

446 980 638 1043 Nolite,
667 994 799 1034 mea:
829 978 969 1041 filiae,
995 977 1319 1044 serpentinis
1340 976 1496 1045 hujus
1514 985 1713 1032 satana:
1740 978 1935 1034 lenoci-

376 1073 480 1131 niis
509 1087 604 1127 cor
628 1086 915 1145 apponere,
948 1071 1041 1125 sed
1071 1071 1287 1123 meatim
1316 1068 1573 1123 fastidite.

1028 1219 1033 1223 ·
1062 1199 1209 1238 FIDES

440 1293 762 1349 Fastidimus
790 1304 843 1348 et
870 1295 1049 1348 animo
1077 1295 1467 1359 contemnimus
1496 1294 1701 1349 frivola.

1012 1400 1288 1438 ADBIAKUS.

439 1478 573 1545 Quid
610 1477 994 1533 murmurando
1024 1476 1298 1545 loqueris?

998 1580 1293 1619 SAPIENTM.

434 1659 595 1713 Filias
624 1657 828 1713 aﬂ‘abar
856 1657 1059 1726 paucis.

1000 1760 1278 1798 ADRIANUS.

435 1834 645 1888 Viderls
693 1847 812 1888 esse
857 1834 1080 1888 summis
1128 1832 1397 1886 natalibus
1427 1843 1577 1892 orta.
1626 1832 1715 1885 sed
1748 1840 1922 1885 tamen
1954 1825 1999 1883 Β

361 1925 611 1993 patriam,
638 1942 823 1996 genus,
852 1940 1152 1995 nomenque
1185 1932 1330 1981 tuum
1359 1939 1423 1976 ex
1458 1934 1506 1977 te
1536 1925 1743 1993 plenius
1769 1925 1923 1992 cupio

360 2015 618 2067 ediscere.

986 2119 1283 2158 SAPIEN‘NA.

428 2194 574 2248 Licet
598 2196 870 2264 sanguinis
896 2196 1141 2263 superbia
1171 2194 1323 2249 nobis
1351 2195 1419 2248 sit
1441 2194 1588 2262 parvi
1612 2193 1917 2261 pendentia,

357 2292 533 2338 tamen
572 2284 717 2338 clara
766 2299 833 2338 ex
882 2286 1048 2354 stirpe
1086 2300 1171 2339 me
1206 2284 1467 2354 originem
1510 2300 1613 2338 non
1646 2298 1780 2353 nego
1810 2293 1920 2338 tra-

358 2373 504 2427 here.

1002 2480 1280 2519 ADRIANUS.

424 2552 690 2609 Credibile

993 2660 1288 2701 SAPIENTIA.

424 2729 555 2783 Nam
598 2732 983 2786 eminentiores
1027 2732 1249 2787 Graecia:
1297 2732 1567 2802 principes
1614 2732 1763 2787 fuero
1810 2732 1914 2786 mei

350 2828 620 2888 parentes,
650 2831 706 2874 et
731 2836 890 2876 vocor
918 2821 1211 2891 Sapientia.

994 2924 1269 2964 ADRIANUS.

421 2999 650 3052 Caritas
683 2999 1027 3066 ingenuitatis
1056 2999 1242 3053 rutilat
1274 2998 1327 3053 in
1357 2998 1518 3064 facie,
1556 3008 1610 3054 et
1638 2999 1910 3070 Sapientia

349 3086 584 3140 nominis
610 3085 775 3156 fulget
805 3087 857 3140 in
884 3102 997 3141 ore.

984 3192 1281 3233 SAPIENTM.

419 3267 639 3323 Frustra
669 3268 947 3333 blandiris,
978 3286 1084 3325 non
1112 3270 1377 3325 ﬂectimur
1405 3271 1509 3325 tuis
1536 3269 1788 3325 suadelis.

986 3377 1259 3416 ADRIANUS.

418 3449 516 3503 Dic
545 3463 639 3503 cur
668 3450 970 3514 adveneris,
1001 3451 1085 3504 vel
1114 3466 1279 3519 quare
1307 3458 1574 3505 nostrates
1601 3451 1817 3505 adieris.

968 3554 1262 3594 SAPIENTIA.

416 3624 623 3680 Nullius
671 3627 808 3680 alius
858 3627 935 3681 rei
985 3628 1087 3681 nisi
1137 3629 1489 3695 agnoscenda:
1522 3627 1630 3697 59
1667 3628 1910 3683 veritatis

344 3730 529 3779 causa,
556 3731 662 3785 quo
690 3716 869 3781 fidem,
908 3732 1069 3785 quam
1100 3720 1433 3789 expugnatis,
1467 3719 1672 3789 plenius
1701 3721 1906 3774 edisce-

343 3818 479 3869 rem,
510 3803 752 3873 ﬁliasque
781 3818 928 3857 meas
954 3803 1167 3859 Christo
1194 3820 1594 3863 consecrarem.

980 3908 1258 3963 annuimus.

412 3981 630 4051 Expone
657 3980 914 4036 vocabula
942 3983 1292 4052 singularum.

982 4086 1277 4129 SAPIENTIA.

412 4157 528 4213 Una
554 4165 774 4213 vocatur
800 4158 977 4224 Fides,
1009 4162 1173 4216 altera
1204 4161 1359 4232 Spes,
1390 4164 1544 4217 tertia
1574 4163 1859 4232 Charitas._

975 4266 1253 4305 ADRIANUS.

412 4340 552 4407 Quot
579 4355 748 4397 annos
773 4342 1100 4396 volverunt?

967 4446 1263 4487 ΒΔΡΙΕΝΤΙΑ.

410 4520 659 4577 Placetne
683 4522 854 4585 vobis,
887 4536 920 4576 ο
950 4520 1090 4585 filiae,
1134 4532 1191 4576 ut
1219 4522 1363 4577 hunc
1390 4523 1613 4579 stultum
1643 4527 1901 4583 arithme-

340 4612 443 4666 tica
471 4610 683 4681 fatigem
714 4610 1115 4681 disputatione?

1031 4717 1081 4755 Π
1089 4717 1201 4757 DES.

404 4790 621 4857 Placet,
680 4800 890 4859 mater,
944 4806 1147 4865 nosque
1193 4792 1435 4848 auditum
1480 4793 1784 4863 pmbemus
1830 4796 1892 4851 li-

332 4882 538 4942 benter.
1043 4957 1045 4960 j
1820 4904 1823 4907 ‘

966 4987 1263 5029 SAPIIN'I'IA.

402 5060 446 5117 0
492 5060 825 5130 imperator,
880 5062 924 5117 si
978 5071 1189 5116 aetatem
1237 5062 1465 5133 inquiris
1507 5065 1892 5134 parvularum,

330 5149 581 5206 Charitas
627 5152 966 5207 imminutum
1009 5152 1213 5221 pariter
1251 5167 1436 5222 parem
1477 5168 1890 5210 mensurnorum

331 5239 619 5308 complevit
642 5255 955 5306 numerant;
989 5239 1126 5308 Spes
1150 5250 1330 5297 autem
1352 5255 1502 5310 teque
1528 5241 1886 5309 imminutum,

329 5328 420 5382 sed
455 5326 657 5397 pariter
687 5328 977 5400 imparem;
1008 5325 1167 5383 Fides
1198 5342 1327 5385 vero
1357 5327 1685 5397 superﬂuum
1716 5332 1891 5401 impa~

328 5416 458 5470 riter
484 5430 686 5486 parem.

2040 685 2177 725 unus
2203 674 2345 726 cadit
2372 691 2644 743 numerus,
2674 682 2766 734 sed
2795 682 2990 749 plures.

2678 785 2953 827 ADRIANUS.

2106 852 2326 921 Expone
2383 856 2755 925 enucleatius,
2815 863 3047 933 alioquin
3100 880 3203 921 non
3255 870 3396 939 capit
3444 885 3594 927 meus

2036 940 2269 995 animus.

2659 1032 2951 1075 SAI‘IENTIA.

2103 1096 2353 1153 Charitas
2384 1101 2516 1156 duas
2558 1103 2885 1174 olympiades
2922 1108 3034 1176 jam
3076 1112 3268 1179 volvit,
3317 1114 3450 1185 Spes
3489 1117 3591 1173 duo

2032 1185 2222 1251 lustra,
2252 1187 2409 1243 Fides
2441 1200 2547 1245 tres
2574 1192 2919 1264 olympiades.

2625 1300 2951 1358 .ADRIANUS.

2101 1364 2166 1417 Et
2207 1380 2302 1418 cur
2339 1372 2651 1426 octonarius
2692 1390 2966 1442 numerus,
3006 1382 3093 1449 qui
3133 1383 3340 1439 duabus
3376 1396 3589 1442 constat

2029 1453 2441 1545 olympiadibus,
2474 1468 2527 1513 et
2556 1461 2825 1529 denarius,
2858 1468 2947 1533 qui
2977 1469 3183 1525 duobus
3214 1474 3396 1529 lustris
3430 1478 3585 1545 perﬁ-

2029 1542 2187 1605 citur,
2223 1544 2539 1600 imminutus
2570 1550 2807 1605 dicitur?
2854 1555 2947 1608 Vel
2996 1574 3161 1625 quare
3205 1542 3582 1625 duodenarius,

2027 1630 2116 1695 qui
2166 1632 2336 1685 tribus
2375 1634 2765 1703 olympiadibus
2810 1640 3082 1711 impletur.
3128 1651 3426 1715 superfluus
3468 1669 3584 1708 esse

2027 1722 2288 1776 asseritur
2310 1724 2333 1778 ?

2656 1812 2949 1858 SAPIENTIA.

2096 1877 2283 1934 Omnis
2312 1895 2543 1946 namque
2572 1900 2823 1943 numerus
2853 1890 3165 1949 imminutus
3191 1898 3403 1962 dicitur,
3433 1903 3584 1971 Cujus

2022 1979 2202 2038 partes
2229 1970 2526 2038 conjuncta:
2556 1977 2816 2033 minorem
2848 1981 2936 2036 illo
2964 1998 3204 2049 numero,
3233 1988 3381 2055 cujus
3406 1970 3583 2060 partes

2022 2070 2169 2123 sunt,
2203 2076 2425 2116 summre
2451 2067 2806 2132 quantitatem
2840 2071 3083 2137 reddunt,
3118 2086 3177 2128 ut
3207 2092 3319 2131 vttt.
3366 2080 3459 2134 Est
3489 2099 3582 2135 au-

2023 2156 2129 2200 tem
2176 2152 2437 2205 octonarii
2487 2155 2747 2209 medietas
2796 2173 2868 2219 tv,
2928 2175 3052 2228 pars
3094 2174 3284 2231 quarta
3330 2183 3364 2221 ιι
3395 2209 3409 2231 ,
3454 2185 3579 2237 pars

2019 2246 2276 2302 octavaJ,
2310 2255 2428 2309 qua:
2459 2242 2510 2295 in
2542 2259 2703 2297 unum
2735 2246 2963 2301 redacta:
2992 2266 3064 2304 vn
3100 2254 3345 2308 reddunt.
3380 2256 3578 2311 Simili-

2021 2334 2103 2381 ter
2131 2328 2381 2382 denarius
2415 2332 2575 2385 habet
2604 2334 3114 2407 dimidiam'partem
3141 2360 3190 2405 v,
3218 2346 3455 2412 quintam
3487 2365 3578 2402 au-

2020 2425 2126 2472 tem
2157 2432 2195 2470 ιι
2221 2458 2236 2482 ,
2286 2420 2549 2474 decimam
2596 2438 2721 2479 vero
2769 2443 2784 2480 ι
2811 2467 2825 2490 ,
2860 2444 2977 2496 qua:
3006 2432 3163 2485 simul
3194 2436 3453 2502 copulatae
3484 2456 3575 2493 vnt

2018 2505 2293 2576 colligunt.
2354 2509 2396 2561 E
2447 2515 2722 2569 contrario
2769 2526 2945 2571 autem
2999 2522 3298 2590 superﬂuus
3346 2526 3575 2591 dicitur,

2018 2594 2169 2662 cujus
2209 2608 2392 2666 partes
2430 2604 2674 2671 augendo
2705 2618 2993 2674 crescunt,
3044 2621 3101 2665 ut
3150 2630 3242 2667 xu.
3302 2616 3396 2671 Est
3435 2621 3574 2674 enim

2016 2688 2330 2744 duodenarii
2362 2693 2621 2749 medietas
2649 2712 2732 2761 vt,
2773 2712 2898 2766 pars
2932 2704 3089 2756 tertia
3123 2721 3193 2768 tv,
3234 2722 3357 2775 pars
3389 2721 3575 2778 quarta

2015 2793 2106 2840 ιιι,
2152 2794 2279 2847 pars
2317 2790 2467 2835 sexta
2496 2800 2567 2845 ιι,
2610 2800 2735 2853 pars
2762 2787 3072 2845 duodecima
3106 2809 3158 2856 ις
3208 2794 3293 2849 hic
3333 2802 3577 2854 cumulus

2014 2868 2277 2922 redundat
2319 2870 2371 2923 in
2415 2872 2668 2926 sedecim.
2728 2875 2797 2929 Ut
2845 2887 3023 2933 autem
3071 2883 3420 2953 principalem
3469 2906 3573 2945 non

2014 2969 2350 3024 praeteream,
2383 2960 2473 3029 qui
2507 2962 2647 3016 inter
2678 2964 2965 3034 inaequales
2995 2971 3434 3041 intemperantias
3464 2994 3575 3033 nte-

2014 3044 2085 3096 dii
2116 3054 2596 3114 temperamentum
2623 3050 2806 3113 limitis
2830 3057 3052 3113 sortitus
3077 3070 3180 3125 est,
3206 3063 3291 3117 ille
3320 3080 3575 3122 numerus

1938 3151 1983 3215 c
2012 3134 2285 3203 perfectus
2312 3138 2529 3203 dicitur,
2553 3142 2643 3209 qui
2674 3143 2786 3198 suis
2808 3159 2990 3214 aequus
3017 3151 3258 3215 partibus
3288 3168 3384 3207 nec
3414 3170 3576 3224 auge-

2013 3231 2119 3287 tur,
2155 3240 2251 3278 nec
2282 3227 2561 3291 minuitur,
2604 3239 2662 3283 ut
2690 3246 2765 3295 vt,
2796 3235 2947 3303 cujus
2974 3246 3173 3303 partes,
3209 3240 3260 3293 id
3289 3251 3369 3295 est
3398 3258 3478 3305 ιιι,
3510 3259 3569 3307 ιι,

2009 3401 2219 3455 ratione
2247 3417 2443 3467 xxvm,
2484 3419 2763 3473 ccccxcvl,
2800 3426 2895 3465 vttt
2927 3414 3090 3469 millia
3116 3431 3317 3473 cxxvttt
3348 3401 3570 3489 perfecti

2008 3488 2276 3543 dicuntur.

2650 3581 2931 3625 ADRIANUS.

2077 3646 2145 3701 Et
2171 3648 2299 3717 quid
2330 3650 2518 3720 reliqui
2546 3670 2562 3707 ':

2637 3759 2934 3804 SAPIENTIA.

2086 3831 2284 3887 Omnes
2313 3830 2589 3902 superﬂui,
2617 3836 2729 3888 sive
2761 3837 3047 3894 imminuti.

2648 3940 2926 3981 ADRIANUS.

2076 4010 2207 4079 Quis
2236 4025 2491 4065 numerus
2518 4011 2722 4080 pariter
2751 4016 2894 4081 par?

2639 4114 2938 4156 SAI‘IENTIA.

2074 4189 2173 4256 Qui
2220 4199 2395 4258 potest
2438 4191 2490 4244 in
2532 4191 2636 4244 duo
2673 4193 2899 4261 mqualia
2932 4196 3135 4263 dividi,
3184 4201 3405 4272 ejusque
3443 4222 3568 4275 pars

2004 4280 2057 4335 in
2089 4281 2194 4334 duo
2222 4280 2483 4353 aequalia,
2524 4282 2799 4351 partisque
2843 4301 2969 4353 pars
3006 4287 3059 4341 in
3099 4290 3203 4344 duo
3239 4296 3461 4361 arqualiu
3505 4314 3567 4351 ac

2004 4370 2256 4438 deinceps
2284 4387 2379 4440 per
2404 4373 2681 4433 ordinem,
2723 4374 2893 4429 donec
2919 4377 2970 4430 in
3004 4378 3349 4435 insecabilctn
3387 4385 3565 4439 incur-

1926 4477 1977 4537 ι)
2004 4465 2088 4511 rat
2121 4458 2405 4521 unitatem,
2439 4468 2497 4512 ut
2523 4474 2615 4512 vm
2646 4468 2700 4513 et
2725 4475 2815 4515 xvr
2848 4477 3159 4533 omnesque,
3191 4469 3281 4536 qui
3310 4470 3376 4524 ab
3405 4472 3485 4526 his
3511 4473 3564 4527 in

2001 4547 2162 4618 duplo
2193 4547 2344 4601 ﬁunt.

2638 4634 2923 4677 ADBIANUS.

2072 4705 2139 4760 Et
2168 4706 2287 4774 quis
2314 4715 2398 4761 est
2424 4708 2626 4775 pariter
2656 4709 2871 4779 impar?

2536 4853 2543 4860 ,
2624 4814 2921 4858 ΒΔΡΙΕΝἸΊΑ.

2070 4888 2169 4956 Qui
2202 4889 2255 4943 in
2284 4897 2465 4959 partes
2493 4892 2727 4962 aequales
2758 4895 2950 4964 recipit
2976 4901 3266 4956 sectionem
3289 4944 3302 4968 ,
3340 4906 3563 4980 ejusque

1998 4987 2180 5047 partes
2208 4995 2333 5036 mox
2359 4981 2713 5039 indivisibiles
2745 4988 3172 5057 permanebunt,
3209 5003 3267 5048 ut
3302 5012 3335 5050 ι
3364 5008 3420 5053 et
3446 5016 3562 5055 om-

1998 5084 2117 5135 nes,
2146 5071 2237 5140 qui
2274 5072 2341 5127 ab
2373 5073 2670 5141 imparibus
2709 5075 2765 5129 in
2808 5077 2967 5147 duplo
2998 5078 3152 5136 fiunt.
3203 5082 3301 5140 llic
3337 5102 3569 5161 namque

1998 5174 2256 5216 numerus
2284 5163 2553 5232 superiori
2586 5173 2669 5221 est
2696 5168 3028 5235 contrarius,
3064 5173 3188 5241 quia
3220 5173 3273 5227 in
3304 5175 3396 5230 illo
3427 5182 3573 5235 solus

1999 5249 2175 5304 minor
2204 5252 2467 5304 terminus
2497 5254 2763 5310 divisione
2791 5264 2877 5310 est
2904 5257 3141 5325 solutus;
3175 5261 3228 5313 in
3252 5261 3362 5317 isto
3392 5278 3574 5325 autem

2002 5340 2151 5396 solus
2189 5341 2359 5410 major
2400 5346 2674 5401 terminus
2707 5345 2954 5399 divisioni
3004 5358 3089 5404 est
3136 5357 3333 5417 aptus;
3384 5353 3445 5409 in
3491 5359 3580 5414 illo

2002 5444 2214 5501 quoque
2236 5444 2426 5485 omnes
2450 5432 2580 5501 ejus
2602 5444 2779 5508 partes
2807 5436 3023 5492 nomine
3046 5448 3099 5493 et
3122 5440 3426 5507 quantitate
3458 5459 3583 5502 sunt
