4486 5544
917 452 1045 507 1031
1761 449 2230 504 ΙΙΒΟΤΞΟΙΤΗᾹΞ
2272 448 2597 504 MONIALIS
2623 451 2688 504 CA

2394 448 2597 504 ilALlS
2623 451 3315 508 CANDEItSlIElMENSlS
4029 441 4165 497 1059.

1555 578 1833 618 nummus.
2524 565 2575 623 Α
3237 578 3531 617 SANENTM.

983 653 1092 708 Nec
1123 653 1438 715 terminum,
1470 666 1629 721 quem
1665 655 1879 719 dixisti,
1914 669 2169 721 atmosco,
2202 670 2301 711 nec
2330 655 2492 711 deuo-
2677 651 2888 707 Vincite
2935 653 3196 706 infantilis
3238 650 3650 707 teneritudinem
3696 643 3928 699 aetatula:
3974 653 4161 696 matun

911 743 1260 798 minatiouem
1291 756 1383 797 seu
1411 744 1772 812 quantitatem
1800 745 1931 799 scio.
2603 755 2792 797 sensus
2813 741 3147 797 fortitudine.

1562 850 1860 891 SAPIENTIA.
2674 898 2714 902 _

3323 827 3461 865 SPES.

2674 898 2849 955 Tuum
2899 910 2983 956 est
3030 916 3128 957 nos
3172 901 3422 968 precibus
3471 897 3744 965 adjuvare,
3793 903 3852 948 ut
3902 897 4165 963 possimus

983 923 1209 991 Quando
1236 923 1558 992 quantilibet
1594 925 1803 979 numeri
1835 925 2085 994 digestim
2115 926 2490 996 disponuntur,

911 1019 1120 1086 primus
1149 1019 1326 1073 minor
1354 1019 1622 1073 terminus
1651 1029 1706 1074 et
1736 1029 2038 1088 postremus
2066 1020 2238 1089 major
2266 1023 2490 1086 dicitur;

914 1111 1128 1178 quando
1173 1118 1351 1163 autem
1399 1111 1716 1164 divisionem
1767 1111 2013 1167 faciendo
2040 1122 2206 1181 quota
2257 1129 2381 1182 pars
2426 1116 2496 1169 sit

911 1197 1122 1252 numeri
1153 1199 1406 1261 dicimus,
1435 1200 1929 1255 denominationem
1961 1201 2220 1268 facimus;
2253 1219 2373 1258 cum
2401 1220 2490 1257 aus

911 1296 1054 1352 tem,
1109 1297 1241 1358 quot
1286 1291 1338 1343 in
1386 1305 1707 1359 unaquaque
1751 1300 1900 1360 parte
1939 1291 2049 1346 sint
2078 1307 2493 1358 enutneramus,

914 1380 1273 1446 quantitatem
1313 1382 1650 1450 exponimus.

2599 991 2836 1047 vincere.

3240 1076 3536 1115 SAPIENTIA.

2670 1151 2785 1206 Hoc
2826 1153 3196 1208 indesinenter
3241 1168 3428 1214 exoro,
3468 1151 3570 1205 hoc
3599 1147 3852 1218 efﬂagito,
3899 1152 3959 1198 ut
3990 1159 4164 1214 persc-

2598 1245 2800 1298 veretis
2855 1245 2906 1296 in
2949 1244 3054 1298 ﬁde
3097 1259 3257 1313 quam
3302 1245 3438 1296 inter
3496 1243 3608 1309 ipsa
3649 1236 3939 1307 crepundia
3979 1232 4164 1288 vestris

2599 1335 2847 1390 sensibus
2876 1349 2980 1389 non
3019 1335 3340 1389 desistebam
3370 1332 3650 1387 instillare.

3263 1438 3508 1478 CARITAS.

1176 1563 1217 1586 ε,
1268 1573 1343 1586 η,
1386 1489 1843 1586 εμμμίῐῖῐξῐῖιῗίῖεξ
2669 1514 2820 1580 Quod
2863 1525 3118 1586 sugentes
3157 1516 3321 1568 ubera
3347 1516 3398 1566 in
3430 1510 3714 1567 cunabulis
3742 1507 4027 1563 didicimus
4056 1503 4166 1558 nul-

981 1563 1051 1618 Et
1098 1563 1220 1633 quis
1263 1573 1347 1620 est
1386 1566 1665 1634 impariter
1704 1567 1843 1634 par?
2599 1563 2752 1656 lata,

1559 1672 1858 1710 summu.

1628 1581 1665 1618 ει·
1704 1567 1843 1634 par?
2599 1601 2616 1656 1
2678 1563 2820 1627 vv:
2864 1563 3116 1630 —-—.o:---:—

1628 1673 1858 1710 nam“.
2621 1612 2808 1656 atCnUs
2837 1604 3080 1658 oblmscr
3107 1606 3399 1710 qurblmus.

3230 1707 3531 1746 SAPlENTIA.

2669 1785 2749 1837 Ad
2778 1785 2878 1838 hoc
2915 1799 3010 1838 vos
3045 1791 3293 1836 materno
3327 1782 3466 1835 lacte
3501 1777 3781 1833 alllucnter
3811 1776 3942 1840 alui,
3977 1776 4043 1829 ad
4072 1776 4167 1829 hoc

2529 1908 2574 1967 Β
2600 1874 2831 1927 delicate
2862 1873 3085 1936 nutriri,
3139 1882 3198 1926 ut
3239 1886 3334 1926 vos
3362 1871 3564 1925 cmlesti
3597 1885 3700 1923 non
3731 1877 3948 1922 terreno
3976 1879 4170 1934 SpOl‘tSO

2602 1961 2893 2024 traderem,
2937 1977 3043 2029 quo
3081 1959 3245 2014 vestri
3285 1974 3448 2014 causa
3476 1971 3664 2012 socrus
3686 1955 3874 2009 mterni
3897 1954 4038 2024 regis
4069 1952 4166 2006 dici

981 1748 1083 1814 Qui
1115 1763 1220 1801 non
1253 1747 1424 1802 solum
1460 1762 1621 1800 unam
1654 1747 1843 1814 recipit
1873 1745 2195 1807 sectionem,
2229 1744 2363 1799 sicut
2397 1761 2492 1814 pa-

910 1838 1044 1892 riter
1071 1851 1190 1905 par,
1237 1837 1330 1890 sed
1361 1838 1524 1890 etiam
1557 1845 1611 1890 et
1640 1835 1955 1896 secundam,
2003 1833 2286 1902 aliquoties
2313 1845 2491 1893 autem

908 1939 964 1983 et
992 1929 1206 1983 tertiam
1233 1929 1318 1983 vel
1349 1928 1550 1996 plures,
1589 1927 1680 1981 sed
1715 1935 1894 1980 tamen
1925 1940 2098 1993 usque
2138 1925 2206 1979 ad
2249 1926 2492 1980 indivisi-

909 2021 1073 2075 Lilem
1121 2036 1225 2076 non
1271 2020 1550 2088 perveniet
1593 2020 1870 2073 unitatem.

2597 2053 2940 2106 meruissem.

1559 2126 1840 2164 ADRIANUS.
3293 2134 3464 2174 FIDES.

973 2203 1019 2258 Ο
1044 2218 1204 2272 quam
1230 2201 1540 2273 scrupulosa
1570 2211 1626 2255 et
1651 2201 1917 2270 plexibilis
1940 2199 2063 2271 [leg.
2084 2198 2332 2271 plectilis]
2356 2214 2495 2268 quaa-
2665 2210 2744 2264 Pr.

2329 2198 2495 2269 ἵίιυίθ·
2665 2210 2771 2265 Pro
2801 2212 2970 2280 ipsius
3002 2226 3186 2265 amore
3218 2211 3400 2278 sponsi
3431 2214 3691 2276 promptae
3716 2218 3904 2260 sumus
3939 2201 4100 2255 mori.

908 2291 1014 2347 stio
1039 2307 1105 2347 ex
1133 2293 1358 2346 istarum
1387 2298 1547 2344 :etate
1575 2288 1961 2343 iufautularum
1989 2297 2072 2343 est
2096 2298 2212 2342 orta
2241 2289 2253 2341 !
3231 2313 3530 2353 “manu,

1543 2395 1846 2434 SAPlF-NTM-
2668 2391 2919 2447 Delector
2949 2406 3016 2444 ex
3049 2399 3230 2444 vestra
3281 2389 3511 2450 ratione,
3558 2402 3590 2440 o
3623 2385 3767 2448 ﬁlizc,
3806 2383 3978 2452 magis
4007 2396 4175 2452 quam

977 2473 1036 2527 In
1084 2473 1188 2527 hoc
1231 2471 1502 2526 laudanda
1545 2479 1628 2524 est
1674 2469 2083 2538 supereminens
2122 2470 2364 2523 Factoris
2408 2482 2494 2522 sa-
2595 2493 2868 2537 ηρςιπεω
2898 2482 3199 2536 dulcedinis
3224 2479 3548 2550 Βυειεωίηθ,

907 2560 1134 2630 pientia,
1185 2569 1239 2615 et
1284 2561 1419 2612 mira
1465 2558 1650 2612 mundi
1696 2557 1921 2612 artiﬁcis
1969 2559 2215 2617 scientia.
2259 2559 2348 2626 qui
2388 2573 2492 2610 non
3315 2584 3457 2622 ερεε,

906 2648 1082 2704 solum
1116 2651 1168 2702 in
1201 2650 1468 2717 principio
1500 2649 1755 2701 mundum
1791 2663 1984 2701 creans
2029 2664 2094 2700 ex
2139 2650 2331 2709 nihilo,
2380 2664 2495 2700 om-
2663 2666 2942 2719 prmmiue
2975 2679 3072 2717 nos
3103 2672 3227 2716 ante
3273 2659 3512 2715 tribunal
3542 2658 3763 2726 iudicis,
3794 2664 3847 2711 ει
3871 2654 4175 2724 experieris

907 2737 999 2792 nia
1045 2739 1100 2790 in
1149 2753 1372 2791 numero
1401 2746 1455 2791 et
1485 2751 1735 2789 mensura
1764 2745 1819 2789 et
1845 2736 2078 2804 pondere
2124 2738 2343 2803 posuit,
2393 2737 2488 2790 sed
2595 2773 2678 2825 qu:

2227 2738 2303 2790 υίί
2329 2777 2343 2799 ν
2393 2737 2488 2790 sed
2595 2766 2856 2825 quantum
2887 2753 3002 2821 ejus
3027 2767 3178 2806 amor
3207 2750 3361 2805 nobis
3388 2748 3629 2802 attulerit
3655 2744 3994 2800 temeritatis.

906 2828 1068 2879 etiam
1104 2827 1155 2878 in
1195 2826 1597 2880 succedentium
1634 2826 1774 2878 serie
1807 2834 2106 2892 temporum
2147 2835 2202 2878 et
2238 2826 2288 2877 in
2323 2826 2494 2878 aetati-
3222 2854 3520 2893 summu,

906 2915 1008 2968 bus
1038 2916 1338 2978 hominum,
1369 2916 1559 2969 miram
1589 2914 1732 2968 dedit
1765 2915 1994 2968 inveniri
2027 2930 2181 2982 posse
2211 2915 2490 2967 scientiam
2663 2934 2775 2986 "0c
2824 2941 3022 2999 ρχοριο
3052 2940 3110 2983 ιιι
3141 2940 3321 2983 vestra
3368 2926 3681 2997 virginitate
3723 2938 3967 2987 ροτοηρτ,
3998 2933 4056 2976 ιη
4083 2936 4177 2976 τε,

905 3005 1128 3058 artium.
2592 3034 2672 3080 str

2592 3034 2706 3080 stro
2737 3027 2999 3095 martyrio
3031 3023 3319 3092 gloriﬁcer.

1559 3111 1840 3149 ADRIANUS.
3238 3125 3521 3165 CIIABITAS.

977 3186 1075 3240 Di“
1110 3194 1161 3241 ιθ
1189 3188 1420 3242 “sum”
1453 3188 1864 3242 Γθιίοείηδηιθῐη
1886 3226 1899 3252 ο
1934 3202 2041 3256 quo
2073 3195 2124 3242 ιθ
2154 3187 2284 3242 mihi
2314 3185 2490 3242 emce‘
2515 3239 2558 3301 Ο
2661 3205 2939 3259 Consertis
2975 3202 3228 3273 palmulis
3258 3203 3594 3266 incedamus,
3631 3208 3684 3254 et
3718 3197 3923 3252 vultum
3954 3191 4178 3265 tyranni

977 3291 1016 3301 ..Α
1052 3277 1511 3301 Αιιιις-κηΑ-Ακιη-..
2704 3296 2722 3301 Α
2815 3297 2824 3301 -

903 3291 1018 3333 rem
1050 3277 1534 3346 obtemperantem.
2516 3277 2558 3301 υ
2592 3296 3007 3350 cuufuudamus.

1466 3369 1570 3438 61
1619 3384 1915 3423 SAPIENTIA.
3231 3379 3535 3419 summu.

966 3454 1025 3512 ιη
1067 3458 1218 3527 (ιυοῖ
2662 3457 2984 3525 Exspectate
3033 3454 3204 3508 donec
3246 3455 3409 3508 instet
3446 3455 3580 3506 liora
3610 3447 3910 3504 vocationis
3944 3453 4166 3501 nostrze.

1553 3565 1838 3604 ADRIANUS.
3291 3558 3441 3598 FIDES

974 3635 1032 3690 ln
1077 3635 1286 3690 cultura
1332 3635 1575 3692 deorum.
2661 3639 2841 3694 Taedet
2867 3654 2966 3693 nos
2988 3652 3284 3701 morarum,
3319 3645 3499 3689 tamen
3525 3643 3610 3689 est
3631 3631 4078 3702 exspectandum.

1538 3745 1836 3786 SAPIENTIA.
3205 3748 3425 3804 SCENA
3467 3746 3530 3799 γ,

970 3819 1028 3874 in
1053 3820 1156 3876 hoc
1183 3821 1372 3890 utique
1403 3836 1510 3876 non
1543 3822 1849 3876 consentio.

1739 3822 1849 3876 ¹¹ίοο
3231 3854 3510 3896 Αωιιλκυε.

1552 3927 1833 3965 Αθκηκυδο
2654 3932 2941 3995 Antioche,
2979 3931 3106 3999 jubc
3137 3931 3255 3984 illas
3285 3931 3562 3986 Grceculas
3595 3930 3748 3985 nobis
3778 3929 4154 4000 reprxsentari

976 3998 1034 4053 Si
1067 4000 1336 4065 reniteris,
1372 4002 1657 4055 tormentis
1688 4000 1958 4056 alﬁcicris.
2586 4025 2844 4092 captivas.

1547 4104 1846 4143 SAPIENTIA.
2970 4153 2976 4159 .
3220 4128 3538 4169 ANTIOCIIUS.

970 4177 1179 4271 corpus
1214 4178 1432 4271 (ξυίάίξηι
1468 4179 1760 4271 μευρβηείίε
1803 4179 2073 4271 lacessere
2119 4180 2342 4271 Pomm;
2389 4185 2482 4237 sed
2654 4202 2919 4264 Procede,
2949 4201 3250 4271 Sapientia,
3279 4212 3439 4271 teque
3460 4219 3582 4257 cum
3615 4202 3825 4257 ﬁliabus
3849 4200 4156 4269 imperatori

902 4267 1142 4322 animum
1177 4268 1243 4321 ad
1275 4267 1573 4322 cedendum
1619 4268 1946 4338 compellere
1990 4283 2095 4323 non
2139 4270 2476 4337 praevalebis.
2584 4305 2673 4358 ηρ

1177 4268 1243 4321 ad
1275 4267 1573 4322 cedendum
1619 4268 1946 4338 compellere
1990 4283 2095 4323 non
2139 4270 2476 4337 praevalebis.
2584 4301 2932 4358 ι-ρρνωερηω,

1530 4379 1849 4418 ANTIOCHUS.
3214 4377 3510 4416 SAPIENTIA.

967 4451 1092 4505 Dies
1125 4451 1279 4515 abiit,
1309 4467 1416 4506 nox
1451 4453 1735 4517 incumbit,
1783 4468 1888 4507 non
1938 4462 2018 4508 est
2065 4462 2274 4524 tempus
2315 4455 2477 4511 alter-
2651 4451 2868 4521 Pergite
2901 4467 3137 4515 mecum,
3187 4452 3327 4516 ﬁliae,
3367 4463 3698 4517 constanter,
3731 4462 3786 4506 et
3815 4463 4160 4522 perseverate

893 4542 1074 4606 candi,
1108 4541 1234 4612 quia
1264 4542 1429 4596 instat
1456 4543 1588 4596 bora
1618 4544 1892 4598 coenandi.
2501 4569 2555 4628 Β
2585 4541 2636 4595 in
2675 4543 2778 4595 ﬁde
2813 4542 3166 4607 unanimiter,
3223 4550 3280 4595 ut
3329 4543 3550 4612 possitis
3603 4543 3836 4612 palmam
3881 4544 4153 4614 percipere

1545 4649 1829 4688 ADRIANUS.
2583 4632 2828 4688 feliciter.

958 4722 1015 4778 In
1039 4724 1338 4778 custodiam
1356 4724 1509 4793 juxta
1535 4725 1793 4793 palatium
1815 4736 2107 4794 ponantur,
2133 4737 2184 4784 et
2209 4729 2474 4786 triduanae
2787 4762 2791 4767 -
3224 4729 3331 4800 62
3375 4743 3514 4782 SPES-

892 4811 1125 4867 induciae
1156 4811 1262 4865 illis
1293 4811 1358 4864 ad
1392 4812 1730 4865 tractandum
1761 4821 2108 4881 praestentur.
2607 4873 2609 4876 ,
2646 4815 2949 4886 Pergimus,
2979 4817 3198 4886 ipseque
3225 4818 3506 4871 nobiscum
3538 4816 3848 4882 comitetur,
3871 4830 3970 4886 pro
4000 4815 4148 4884 cujus

1525 4916 1844 4957 ANTIOCEUS.
1925 4956 1930 4962 _
2579 4923 2761 4962 amore
2796 4908 2862 4963 ad
2896 4919 3124 4963 mortem
3156 4910 3436 4964 ducemur.

962 4991 1259 5046 Observate
1315 4989 1468 5052 istas,
1523 5005 1556 5044 ο
1604 4991 1824 5054 milites,
1878 4992 2025 5046 omni
2083 4994 2464 5064 sollicitudine,
3219 5018 3492 5058 summus.

890 5083 1199 5153 nullamque
1229 5082 1336 5138 illis
1365 5083 1706 5138 occasionem
1732 5083 1994 5139 evadendi
2027 5085 2336 5157 relinquite.
2650 5088 2956 5143 Triduanas
2998 5090 3150 5146 vobis
3195 5091 3441 5146 inducias
3485 5090 3778 5160 prtestabat
3808 5088 3976 5144 nostri
3995 5099 4144 5160 gere-

1503 5102 1706 5137 SIOHCID
1732 5102 1994 5139 evauenui
2027 5102 2336 5157 reuuqutte.
2650 5102 2956 5143 'triuuanas
2998 5102 3150 5146 vouis
3195 5102 3441 5146 inductas
3485 5102 3778 5160 prmstauat
3808 5102 3976 5144 nostri
4030 5102 4143 5140 ere-

1503 5173 1726 5228 SCENA
1763 5174 1852 5230 IV.
2574 5180 2736 5243 nitas,
2766 5183 2907 5234 unde
2930 5181 2973 5233 si
3003 5182 3130 5250 quid
3160 5182 3468 5237 tractaretis
3495 5181 3766 5246 utilitatis,
3820 5102 4143 5248 ceditegns-

1540 5280 1841 5320 SAPIENTtA.
2574 5268 2817 5324 sionibus
2844 5270 3068 5324 nostris.
