4482 5548
318 327 452 380 ιοδδ
1301 319 1666 376 canonum
1710 320 1862 372 sex.
1905 352 1970 360 -
2014 322 2099 376 vi.
2147 325 2527 383 S.\P|ENT|.\.
3415 321 3560 390 ’tost

961 454 1240 492 annuimus.
1916 443 1961 496 Α
2617 463 2928 500 Ακτιοειιις.

388 530 632 583 Debeone
660 528 804 582 iilam
829 529 1101 582 dimittere
1131 528 1490 598 impunitam?
2058 529 2287 586 Justum.

945 632 1257 670 ANTIOCHUS.
2640 643 2916 680 ADRIASL'S.

385 705 753 774 Nequaquam.
841 765 856 770 _
879 766 914 773 __
2059 705 2620 783 PcrqurrefAntioclie
2640 759 2652 781 ,
2686 733 2822 770 anne
2854 719 2976 770 velit
3004 718 3213 774 cedere.

959 813 1238 854 ADRIANUS.
2621 826 2927 864 ANTlOCIlIJS.

385 887 450 940 Et
478 888 645 956 quid?
2061 895 2160 947 Vin
2226 901 2416 959 adhuc,
2465 898 2643 962 Fides,
2685 900 2836 952 solita
2871 901 3230 954 conviciorum
3262 897 3556 968 objectiono

943 996 1257 1036 asrtocntss.
1991 986 2060 1039 im
2069 997 2369 1056 pcratorem
2417 990 2705 1044 deltouesta
2716 1007 2769 1044 re
2790 993 2813 1044 ?

385 1068 613 1124 ilortare
658 1071 938 1140 puellulas,
993 1083 1047 1127 et
1093 1075 1135 1127 si
1189 1075 1510 1134 renitantur,
1549 1073 1791 1128 infantia:
1821 1090 1886 1127 ne
2691 1096 2857 1135 rtoes.

315 1173 529 1228 pareas,
561 1161 653 1213 sed
697 1160 781 1215 fac
811 1172 866 1215 ut
895 1163 997 1216 illae
1028 1173 1306 1226 ueceutur,
1333 1178 1440 1231 quo
1470 1163 1683 1217 rebellis
1716 1173 1888 1218 mater
2061 1169 2167 1222 Cur
2205 1169 2359 1223 solito
2397 1171 2612 1224 minus?

316 1249 594 1308 [tmenbus
622 1261 869 1306 natarum
894 1255 1074 1307 acrius
1099 1263 1380 1322 torqueatu
2616 1276 2927 1316 ANTIOCIIUS.

953 1359 1233 1399 somnus.
2061 1349 2193 1415 Quia
2227 1351 2524 1419 prohiberis
2564 1352 2892 1408 verberibus.

389 1429 603 1485 Faciam
628 1447 746 1501 qua:
776 1431 1031 1487 bortaris.
2689 1458 2855 1496 FIDES.

945 1539 1254 1578 unocues.
2062 1529 2296 1584 Verbera
2347 1546 2452 1585 non
2500 1533 2823 1602 compellunt
2861 1548 2943 1588 me
2983 1542 3192 1600 tacere,
3248 1536 3370 1606 quia
3423 1539 3563 1593 nullo

389 1609 461 1662 Ita
493 1609 707 1664 demum
740 1612 1072 1679 prrevalebis.
1991 1618 2190 1674 aﬂicior
2237 1622 2438 1676 dolore.

951 1719 1231 1758 ADRIANUS.
2617 1729 2925 1769 ANTIOCIIUS.

384 1789 566 1852 Fides,
599 1792 806 1846 intuere
835 1795 1200 1848 venerabilem
1243 1809 1446 1864 magum
1478 1796 1659 1850 Biante
1692 1799 1882 1866 imagt-
1913 1798 1961 1858 B
2060 1801 2104 1855 Ο
2135 1801 2314 1856 infelix
2344 1804 2657 1872 pertinacia,
2689 1821 2720 1859 ο
2746 1817 3030 1860 contumax
3058 1809 3283 1864 audacra

315 1895 462 1942 nem,
493 1891 543 1933 et
571 1879 652 1934 fer
691 1896 859 1937 sacra:
886 1883 998 1938 dea:
1031 1885 1308 1946 libamina,
1337 1902 1444 1956 quo
1468 1889 1642 1956 possis
1668 1888 1743 1940 uti
1771 1887 1888 1954 ejus
2643 1911 2920 1950 Aonttxrs.

313 1969 504 2035 gratia.
575 2026 582 2031 ,
2065 1984 2271 2052 Corpus
2314 1985 2514 2039 fatiscut
2543 2001 2638 2055 per
2669 1988 2946 2055 supplicia,
2989 1998 3041 2041 et
3086 2004 3236 2043 mens
3275 1999 3440 2044 tumet
3480 2007 3566 2046 su-

1010 2079 1182 2119 FIDES.
1993 2078 2197 2144 perbia.

384 2147 427 2202 0
450 2152 670 2204 stultum
695 2152 1037 2221 imperatoris
1062 2167 1387 2226 prteceptum
1411 2158 1556 2213 omni
1579 2168 1889 2231 contemptu
2698 2185 2866 2224 FIDES.

314 2240 557 2310 dignum!
2067 2259 2084 2310 1

2067 2258 2251 2322 Erras,
2276 2260 2530 2323 Adriano,
2556 2261 2598 2314 si
2632 2263 2762 2314 reris
2794 2278 2876 2315 me
2908 2262 3113 2330 fatigari
3143 2263 3248 2332 63
3275 2261 3565 2330 suppliciis.

959 2360 1238 2400 ADRMNUS.
1995 2344 2110 2402 Non
2145 2365 2245 2419 ego
2275 2351 2511 2418 quidem,
2559 2351 2651 2404 sed
2703 2352 2898 2404 infirmi
2939 2362 3169 2406 tortores
3216 2351 3471 2406 deﬁciunt
3518 2360 3572 2404 et

384 2423 523 2490 Quid
550 2441 854 2486 murmuras
875 2432 1478 2500 subsannando?Quem
1505 2434 1695 2490 irrides
1713 2434 1891 2488 fronte
1995 2439 2193 2493 sudore
2231 2440 2298 2493 ob
2337 2439 2704 2494 lassiludincm
2742 2440 2926 2493 ﬂuunt.

314 2516 550 2585 rugosa?
2652 2546 2931 2585 nummus.

1019 2630 1189 2671 FIDES.
2069 2620 2209 2682 Fac,
2262 2621 2558 2685 Antioche,
2618 2630 2676 2673 ut
2733 2623 2971 2690 gemella:
3022 2623 3254 2691 pectoris
3304 2621 3573 2692 particulae

385 2696 790 2756 Tuistultitiam
822 2703 1042 2767 irrideo,
1075 2706 1148 2758 tui
1184 2705 1551 2776 insipientiam
1585 2707 1884 2763 subsanno.
1998 2712 2404 2777 abscindantur,
2453 2728 2559 2780 quo
2610 2713 2798 2766 saltem
2852 2716 3046 2769 rubore
3096 2725 3426 2770 coerceatur.

954 2809 1230 2849 ADMANL‘S.
2637 2819 2948 2856 unocuus.
3004 2862 3007 2866 _

386 2884 521 2939 Mei?
2070 2891 2113 2945 Ο
2145 2893 2346 2945 utinam
2375 2893 2541 2961 possit
2566 2891 2671 2945 ullo
2694 2895 2927 2946 coerceri
2953 2894 3142 2947 modo!

1012 2989 1179 3028 rlDES.
2659 2998 2932 3037 ABRUNES.

391 3065 510 3117 'I'ui.
2073 3071 2276 3126 Forsan
2317 3075 2676 3128 coercebitur.

952 3169 1262 3210 asrtocucs.
1926 3160 1972 3221 C
2711 3183 2878 3220 rint-:5.

394 3241 771 3313 Imperatoris?
2071 3254 2384 3308 lnviolatmn
2423 3266 2608 3324 pectus
2639 3257 2967 3321 vulnerasti,
3000 3258 3092 3310 sed
3122 3273 3204 3311 me
3234 3273 3339 3311 uon
3376 3257 3579 3314 lmsisti.

1019 3353 1186 3392 ιἰυεε.
2000 3341 2100 3404 En,
2124 3358 2220 3410 pro
2245 3341 2392 3397 fonte
2420 3345 2716 3415 sanguinis,
2750 3347 2866 3399 fons
2893 3347 3118 3414 erumpit
3159 3346 3334 3401 lactis.

390 3427 581 3497 Ipsius.
1865 3469 1869 3474 «
2659 3451 2938 3490 mutnus.

954 3531 1268 3574 mnocuus.
2073 3520 2125 3574 In
2163 3521 2474 3576 craticulam
2510 3524 2795 3577 substratis
2836 3525 3047 3593 ignibus
3079 3523 3304 3578 assanda
3336 3533 3581 3592 ponatur,

392 3614 434 3670 Ο
463 3609 644 3666 nefas!
2004 3624 2108 3665 ouo
2137 3612 2184 3664 vi
2213 3613 2425 3680 vaporis
2447 3623 2721 3668 euecetur.

504 3686 514 3695 ⁶
1022 3718 1192 3758 Γιῡες.
2632 3718 2948 3758 Ακτιοειιυε.

391 3789 529 3856 Quid
555 3792 697 3844 cnim
726 3789 962 3855 stultius,
991 3792 1117 3859 quid
1143 3793 1487 3861 insipientius
1512 3793 1678 3848 videri
1705 3804 1899 3862 potest,
2077 3789 2244 3860 Digna
2283 3803 2365 3845 est
2398 3803 2455 3845 ut
2490 3793 2872 3848 miserabiliter
2917 3805 3122 3863 pereat,
3167 3812 3286 3865 qua:
3334 3807 3436 3851 tua:
3474 3795 3587 3864 jusv

319 3897 486 3948 quam
515 3882 658 3946 quod
693 3880 936 3934 hortatur
966 3897 1083 3941 nos,
1137 3893 1442 3951 contempto
1488 3881 1745 3939 Creatore
1786 3886 1903 3938 uni-
2006 3882 2144 3936 sioui
2190 3894 2376 3936 contra
2421 3885 2611 3938 luctari
2660 3902 2764 3940 non
2823 3889 3073 3956 trepidat.

323 3972 618 4035 vet-sitatis,
651 3971 1055 4025 venerationem
1082 3971 1280 4026 inferre
1311 3972 1574 4026 metallis?
2715 3991 2885 4031 FIDES.

953 4077 1268 4119 AN‘IIUCIICS.
2077 4062 2246 4118 Omne
2286 4064 2427 4132 quod
2476 4079 2633 4132 paras
2686 4067 2749 4116 ad
2795 4065 3031 4118 dolorem
3081 4068 3207 4120 mihi
3259 4069 3483 4121 vertitur
3535 4069 3588 4122 in

397 4155 584 4207 Nonne
631 4154 743 4207 ltrec
801 4168 1011 4207 summa
1063 4154 1268 4207 insania
1324 4163 1376 4207 et
1426 4169 1615 4223 magna
1670 4166 1750 4210 cst
1806 4156 1899 4210 de—
2005 4154 2269 4220 quietem;
2323 4154 2465 4207 unde
2510 4155 2789 4207 cunnnode
2839 4169 3004 4222 panso
3064 4156 3113 4208 iu
3167 4157 3447 4220 craticula,
3492 4173 3590 4212 ceu

322 4244 548 4308 utentia,
609 4242 752 4311 quod
813 4259 992 4297 rerum
1059 4243 1354 4312 principem
1405 4244 1586 4298 dixiin
1640 4245 1899 4315 insipiea-
2004 4244 2057 4297 in
2112 4243 2393 4297 tranauilla
2438 4243 2703 4297 navicula.

319 4346 428 4388 tem
452 4336 473 4386 ?
2660 4351 2937 4390 anmasus.

1004 4439 1175 4479 rtbcs.
1934 4495 1950 4496 γ
2076 4423 2303 4496 Sartago
2327 4426 2478 4494 plena
2507 4427 2622 4496 pice
2648 4437 2704 4479 et
2731 4443 2852 4479 cera
2890 4427 3200 4480 ardentibus
3235 4426 3376 4496 rogis
3408 4441 3591 4493 super-

394 4514 512 4570 Dixi
544 4523 598 4570 et
622 4514 766 4580 dico,
797 4514 1080 4584 dicamque
1107 4514 1342 4582 quandiu
1376 4514 1579 4568 vixero.
1927 4495 1979 4555 D
2006 4495 2257 4587 ponatur,
2283 4529 2336 4573 et
2365 4519 2417 4572 in
2454 4495 2748 4574 ferventem
2782 4518 3044 4586 liquorem
3081 4518 3195 4573 lucc
3232 4518 3443 4572 rebellis
3471 4518 3592 4570 mit-

958 4620 1270 4661 ANTIOCIIL‘S.
2007 4619 2166 4663 tatur.

397 4699 566 4750 Breve
626 4705 837 4766 tempus
893 4697 1099 4762 vivere,
1156 4707 1209 4752 et
1262 4697 1370 4752 cito
1426 4699 1590 4753 debes
1657 4713 1898 4755 consum.
2713 4714 2884 4752 nues.

323 4797 519 4843 morte.
2077 4789 2277 4861 Sponte
2317 4791 2512 4846 insilio.

1029 4893 1198 4933 FIDES.
2665 4893 2946 4933 ADRIANL’S.

397 4968 511 5025 Hoc
541 4977 668 5025 outo
694 4980 752 5024 ut
780 4969 982 5024 moriar
1011 4969 1064 5023 in
1095 4970 1334 5025 Christo.
2077 4973 2386 5028 Consentio.

984 5075 1261 5116 ADRIANUS.
2717 5078 2886 5116 FIDES.

394 5152 692 5207 Duodecim
715 5155 1061 5208 centuriones
1086 5152 1403 5209 alternando
1435 5154 1685 5209 scindant
1721 5152 1903 5224 ﬂagris
2088 5157 2188 5213 Ubi
2219 5165 2343 5210 sunt
2372 5155 2541 5211 mina:
2577 5154 2718 5210 tum?
2756 5154 2910 5211 Ecce,
2942 5149 3104 5205 illzesa
3140 5151 3280 5202 inter
3309 5149 3603 5205 ferventem

321 5259 440 5314 eius
468 5244 734 5297 membra.
2012 5247 2274 5319 liquorem
2306 5246 2501 5300 ludens
2537 5257 2685 5310 nato,
2715 5254 2768 5299 et
2799 5257 2898 5314 pro
2924 5242 2970 5294 vi
2996 5239 3260 5296 caumatis
3289 5240 3468 5296 sentio
3493 5255 3611 5295 ma-

955 5351 1267 5395 ANTIOCHUS.
2013 5341 2165 5396 tutini
2209 5335 2562 5407 refrigerium
2601 5336 2757 5392 roris.

389 5427 504 5482 Nec
531 5426 740 5495 injuria.
2678 5441 2959 5484 manus.

2100 5531 2116 5548 Δ
2178 5526 2350 5548 .ξ-..1--
2414 5524 2548 5548 ΙΙΙ-Σ..
2590 5525 2647 5548 -.Ι
2685 5526 2795 5548 Ι.ηιι.
2838 5528 2914 5548 Λμο
2958 5517 3264 5548 λαΑηᾸιΙιΥὶ,
