4482 5548
887 419 1029 474 ’1055
1742 430 2209 490 ΙΙΒΟΤΞΠΙΤΙΙΑΕ
2254 438 2574 494 ΜΟΝΙΛῌΞ
2610 442 2650 496 G

2368 439 2574 494 HALIS
2610 442 3298 504 GANDERSIIEIMENSIS
4005 453 4138 508 1056

1534 557 1814 596 ΑΙΠΗΑΝΕΞ.

958 622 1140 693 Capite
1168 633 1465 681 truncetur.

1521 737 1833 779 ANTIOCHUS.

957 803 1204 873 Alioquin
1235 821 1338 860 non
1366 808 1627 864 vincetur.

1592 918 1758 958 FIDES.

958 981 1106 1037 Nunc
1120 993 1200 1037 est
1221 989 1578 1055 gaudendum,
1597 996 1804 1048 nuncin
1824 996 2046 1051 Domino
2071 999 2464 1056 exsultandum.

1517 1094 1817 1136 SAPIENTIA.

956 1157 1190 1224 Christe,
1221 1163 1573 1233 triumphator
1605 1169 1800 1224 diaboli
1833 1171 2202 1242 invictissime,
2235 1177 2299 1231 da
2329 1178 2463 1232 tole-

886 1248 1116 1302 rantiam
1145 1250 1291 1305 Fidei
1324 1268 1454 1308 mea:
1487 1255 1624 1310 filim.

1588 1363 1758 1403 FIDES.

957 1428 1000 1482 Ο
1053 1439 1225 1486 mater
1268 1438 1592 1503 veneranda,
1643 1441 1726 1495 r'ic
1766 1442 1883 1496 vale
1917 1443 2160 1498 ultimum
2197 1455 2296 1500 tua:
2323 1446 2463 1511 filia),

886 1515 992 1569 liba
1045 1522 1285 1576 osculum
1339 1534 1440 1578 tum
1505 1529 1890 1599 primogenitce,
1944 1549 2042 1587 nec
2089 1533 2317 1590 alliciare
2361 1537 2464 1589 ullo

886 1619 1119 1663 mterore
1154 1611 1352 1678 cordis,
1393 1617 1517 1683 quia
1558 1620 1715 1671 tendo
1753 1620 1817 1672 ad
1852 1622 2095 1676 bravium
2128 1625 2464 1678 aeternitatis.

1526 1722 1801 1764 SAPIENTIA

959 1787 1002 1841 Ο
1049 1788 1177 1855 filia,
1223 1792 1347 1856 lilia,
1391 1811 1494 1850 non
1531 1799 1848 1866 confundor,
1892 1819 1996 1858 non
2026 1808 2338 1867 contristor.
2372 1809 2464 1861 sed

886 1876 1004 1930 vale
1053 1879 1171 1934 dico
1213 1884 1304 1937 tibi
1351 1887 1688 1954 exsultando,
1731 1901 1785 1945 et
1819 1896 2031 1948 osculor
2072 1913 2132 1950 os
2172 1900 2464 1968 oculosque
2498 1888 2539 1945 Β

883 1980 994 2032 prae
1023 1971 1215 2036 gaudio
1241 1972 1584 2043 lacrymando
1612 1995 1796 2043 orans,
1826 1992 1882 2034 ut
1917 1985 2014 2037 sub
2044 1986 2149 2038 ictu
2183 2002 2464 2054 percusso-

884 2054 959 2109 ris
980 2056 1290 2114 inviolatum
1322 2077 1505 2118 serves
1538 2069 1849 2137 mysterium
1880 2071 1951 2122 tui
1981 2075 2233 2129 nominis.

1574 2171 1743 2210 ΗΒΕ-28.

1027 2236 1250 2290 uterinze
1282 2253 1515 2306 sorores,
1556 2242 1720 2298 libate
1761 2247 1888 2301 mihi
1920 2251 2162 2303 osculum
2204 2252 2371 2321 pacis,
2413 2262 2467 2307 et

881 2328 1069 2385 parate
1096 2336 1190 2377 vos
1220 2326 1284 2379 ad
1320 2327 1657 2383 tolerantiam
1691 2331 1854 2387 futuri
1883 2338 2214 2392 certaminis.

1614 2437 1756 2477 SPES.

951 2501 1156 2571 Adjuva
1185 2521 1280 2562 nos
1314 2509 1558 2565 oratione
1602 2513 1836 2580 assidua,
1871 2525 1930 2569 ut
1969 2531 2272 2572 mereamur
2314 2520 2465 2589 sequi

883 2598 972 2644 tua
1018 2595 1257 2658 vestigia.

1583 2686 1750 2725 FIDES.

952 2753 1080 2810 Este
1103 2757 1537 2827 obtemperantes
1570 2765 1788 2818 monitis
1815 2775 2013 2821 nostrae
2040 2776 2238 2822 saneta:
2270 2785 2465 2838 paren-

882 2843 973 2907 tis,
1021 2860 1140 2912 quae
1191 2863 1290 2902 nos
1344 2849 1660 2905 hortabatur
1706 2859 1988 2922 praesentia
2037 2858 2306 2923 fastidire,
2361 2877 2466 2930 quo

881 2935 1270 2990 mcruissemus
1315 2948 1514 2992 aeterna
1570 2945 1868 3012 percipere.

1527 3047 1810 3090 CHARITAS.

954 3109 1209 3168 Maternis
1231 3115 1460 3172 libenter
1485 3121 1921 3190 obtemperamus
1950 3128 2186 3192 monitis,
2217 3145 2322 3197 quo
2345 3146 2465 3199 per-

881 3197 987 3253 frui
1019 3217 1322 3259 mereamur
1351 3209 1568 3264 aeternis
1595 3212 1768 3265 bonis.

1589 3316 1756 3355 FIDES.

952 3377 1262 3443 Percussor,
1300 3383 1410 3453 64
1439 3387 1658 3453 accede,
1695 3400 1748 3441 et
1779 3390 2077 3460 injunctum
2111 3395 2202 3450 tibi
2229 3394 2463 3453 oliieium

880 3481 968 3522 me
991 3472 1232 3524 necando
1264 3472 1443 3541 imple.

1526 3580 1823 3622 SAPIENTIA.

949 3652 1231 3707 Abscisum
1269 3656 1548 3712 morientis
1579 3658 1701 3713 filiae
1729 3673 1890 3731 caput
1927 3667 2320 3734 amplectende,
2362 3671 2463 3723 int-

879 3744 1190 3812 pressisque
1222 3745 1386 3801 labris
1421 3748 1663 3805 crebrius
1693 3753 2051 3812 deosculando
2071 3801 2083 3824 ,
2125 3760 2467 3830 eongratuler

881 3832 1010 3896 tibi,
1067 3832 1308 3903 Christe,
1367 3839 1457 3906 qui
1510 3842 1788 3897 tantillula:
1844 3845 2123 3903 victoriam
2168 3852 2464 3920 praestitisti

882 3923 1088 3989 puellae.

1535 4017 1815 4059 ADBIANUS.

956 4084 1113 4152 Spes,
1143 4087 1273 4142 cede
1302 4090 1436 4144 meis
1466 4090 1825 4150 hortamentis
1863 4105 2087 4166 paterno
2131 4100 2326 4158 alie-ctu
2372 4105 2464 4160 tibi

882 4173 1228 4229 consulentis.

1601 4268 1742 4306 SPES.

953 4329 1093 4398 Quid
1125 4335 1381 4401 hortaris,
1417 4340 1541 4408 quid
1571 4345 1846 4399 consulis?

1539 4447 1816 4490 ADRIANUS.

954 4512 1025 4568 Ut
1058 4529 1251 4571 caveas
1278 4520 1630 4586 pertinaciam
1668 4525 1868 4581 imitari
1909 4532 2131 4596 sororis,
2165 4547 2231 4587 ne
2275 4534 2464 4588 simili-

882 4603 982 4657 bus
1018 4604 1255 4661 intereas
1291 4609 1488 4676 ptenis.

1607 4719 1746 4760 SPES.

958 4785 998 4841 0
1023 4787 1228 4843 utinam
1252 4790 1639 4848 admeruissem
1667 4796 1810 4850 illam
1841 4798 2039 4855 imitari
2065 4804 2334 4872 patiendo,
2359 4823 2466 4877 quo

884 4875 957 4930 illi
986 4879 1316 4935 assimilarer
1337 4882 1387 4935 in
1408 4885 1632 4951 praemio
1656 4885 1668 4935 l

1538 4991 1818 5034 ADRIANL‘S.

954 5059 1173 5128 Depone
1220 5063 1414 5117 callum
1462 5069 1729 5134 pectoris,
1773 5080 1824 5123 et
1873 5074 2217 5141 conquinisce
2260 5077 2468 5131 thuriﬁ-

885 5151 1056 5204 cando
1101 5166 1311 5220 magnae
1345 5154 1550 5220 Dianae,
1591 5167 1644 5211 et
1686 5175 1785 5228 ego
1820 5170 1867 5214 te
1896 5167 2124 5232 prepria:
2157 5168 2323 5235 prolis
2353 5169 2467 5224 vice

887 5240 1096 5307 excolo,
1121 5251 1280 5311 atque
1310 5245 1507 5300 extollo
1533 5250 1678 5303 omni
1706 5249 2008 5306 dilectione.

1609 5356 1746 5395 SPES.

957 5426 1343 5477 Palernitatem
1381 5441 1524 5477 lnam
1555 5437 1780 5477 mnmlin
1844 5448 1928 5477 lim
1961 5442 2216 5477 Itnnnnnin
2249 5447 2467 5477 mea"...

2489 556 2538 609 Α

2494 4574 2543 4634 D

3282 571 3420 609 SPES.

2634 638 2892 706 lrascere,
2918 656 3015 695 nec
3039 642 3315 698 sollicitor.

3199 770 3491 810 ANTIOCUUS

2635 860 2826 922 Miror,
2859 863 3094 934 Auguste
3120 907 3133 930 ,
3161 868 3302 935 quod
3333 867 3399 920 ab
3427 870 3525 922 hac
3557 869 3641 923 vili
3675 871 3903 940 puellula
3936 874 4137 928 tamdiu

2563 949 2879 1003 calumniari
2925 955 3139 1020 pateris.
3183 955 3294 1024 Ego
3334 957 3549 1024 quidem
3586 959 3888 1029 disrumpor
3917 977 4027 1029 prae
4052 962 4139 1018 fu-

2566 1053 2706 1103 rore,
2737 1040 2861 1107 quia
2889 1040 3031 1094 illam
3070 1044 3228 1097 audio
3260 1055 3368 1098 tam
3401 1056 3599 1101 temere
3631 1049 3683 1102 in
3714 1059 3762 1102 te
3794 1049 4014 1106 latrare.

3215 1172 3491 1213 ADRIANUS.

2637 1258 2906 1315 Hactenus
2939 1261 3174 1318 infantia:
3208 1269 3494 1334 parcebam
3521 1287 3532 1322 :
3564 1270 3702 1325 ultra
3743 1289 3848 1328 non
3880 1290 4096 1344 parcam
4124 1293 4138 1340 ;

2566 1349 2658 1402 sed
2699 1351 2947 1404 meritam
2987 1354 3239 1409 ultionem
3283 1355 3527 1412 inferam.

3193 1463 3487 1504 ANTIOCIIUS

2636 1540 2679 1588 υ
2719 1535 2918 1589 utinam
2951 1537 2963 1588 l

3217 1645 3480 1687 ADRIANUS

2636 1711 2680 1767 Ο
2703 1712 2938 1774 lictores,
2961 1715 3103 1770 adite
3125 1726 3178 1771 et
3202 1719 3338 1774 hanc
3363 1722 3609 1778 rebellem
3632 1739 3800 1794 usque
3823 1729 3889 1781 ad
3910 1729 4152 1784 interne—

2569 1801 2778 1856 cionem
2802 1804 2981 1858 crudis
3003 1807 3182 1860 nervis
3205 1808 3410 1865 credite.

3196 1932 3510 1976 ANTIOCHUS.

2638 2020 2800 2075 Decet
2834 2030 2890 2075 ut
2926 2024 3265 2081 severitatem
3291 2030 3489 2084 sentiat
3520 2033 3592 2087 tui
3620 2033 3838 2100 furoris,
3868 2037 3993 2107 quia
4016 2038 4147 2096 lenio

2570 2119 2730 2165 tatem
2763 2115 2911 2183 parvi
2941 2118 3124 2185 pendit
3152 2121 3386 2189 pietatis.

3283 2229 3420 2269 SPES.

2638 2294 2786 2350 llanc
2826 2306 3077 2364 pietatem
3108 2312 3324 2372 exopto,
3372 2306 3510 2361 hanc
3561 2308 3834 2365 lenitatem
3879 2312 4148 2369 desidero.

3196 2411 3511 2453 ANTIOCHUS.

2639 2477 2683 2531 Ο
2729 2477 3026 2549 Sapientia,
3075 2484 3201 2551 quid
3243 2491 3628 2544 murmurando
3675 2491 3942 2561 loqueris,
3998 2504 4151 2551 stans

2568 2569 2855 2625 sublevatis
2892 2574 3061 2628 oculis
3095 2575 3248 2643 juxta
3282 2580 3512 2635 cadaver
3548 2584 3826 2638 exstinctae
3862 2585 4070 2653 prolis?

3204 2702 3504 2745 SAPIENTIA.

2638 2805 2831 2845 invoco
2876 2791 3355 2863 Omniparentem,
3407 2813 3514 2866 quo
3563 2801 3806 2855 eamdem
3850 2802 4150 2858 tolerantiae

2567 2885 3043 2951 perseverantiam,
3104 2903 3266 2956 quam
3326 2893 3575 2960 praestitit
3621 2893 3788 2959 Fidei,
3832 2905 4052 2964 praestet
4096 2908 4154 2974 et

2569 2969 2712 3039 Spei.
3158 2972 3168 2978 ’

3289 3085 3409 3126 SPES

2637 3153 2680 3206 υ
2708 3163 2909 3220 mater,
2945 3162 3153 3212 mater!
3183 3176 3342 3229 quam
3366 3162 3612 3219 efficaces
3632 3203 3648 3231 ,
3681 3181 3841 3234 quam
3874 3169 4154 3223 exaudibi~

2491 3228 2535 3290 C
2568 3241 2646 3295 les
2672 3246 2920 3312 experior
2947 3261 3064 3300 esse
3091 3248 3164 3300 tui
3197 3228 3384 3318 preces
3413 3253 3424 3303 !
3477 3252 3638 3318 Ecce,
3671 3262 3720 3308 te
3754 3266 3942 3311 orante
3970 3258 4154 3312 anheli

2571 3339 2801 3386 tortores
2832 3333 3018 3390 levatis
3044 3337 3250 3392 dextris
3278 3338 3479 3394 librant
3503 3341 3669 3396 ictum
3689 3382 3704 3408 ,
3741 3353 3794 3399 et
3823 3359 3920 3413 ego
3944 3346 4154 3401 nullttm

2567 3423 2766 3479 doloris
2796 3427 2971 3480 sentio
2999 3435 3220 3483 tactum.

3211 3536 3491 3576 ADRIANUS.

2640 3613 2694 3660 Si
2731 3605 2893 3677 ﬂagra
2935 3611 3084 3678 parvi
3122 3612 3331 3679 pendis,
3373 3615 3675 3671 acrioribus
3703 3617 3876 3685 poenis
3909 3629 4199 3686 coarcta-g,

2571 3697 2736 3752 beris.

3291 3809 3430 3850 SPES.

2637 3879 2802 3944 Infer,
2832 3881 2970 3936 infer
2999 3883 3254 3953 quidquid
3293 3887 3530 3953 crudele,
3576 3888 3838 3957 quidquid
3877 3891 4154 3959 excogites

2568 3973 2784 4026 lethale.
2829 3974 3038 4039 Quanto
3064 3974 3183 4043 plus
3216 3977 3394 4042 saevis,
3430 3985 3579 4031 tanto
3614 3981 3784 4046 magis
3816 3979 3990 4033 victus
4025 3972 4143 4035 ce’“

2567 4062 2829 4118 funderis.

3215 4172 3497 4212 ADMANUS.

2638 4243 2692 4296 in
2717 4257 2843 4298 aera
2869 4245 3242 4314 suspendatur,
3267 4253 3320 4300 et
3340 4247 3551 4316 ungulis
3574 4247 4158 4317 laeeretur,'quoadus-

2568 4348 2671 4400 que
2706 4334 2904 4388 evulsis
2935 4335 3232 4390 visceribus
3269 4345 3322 4390 et
3357 4337 3572 4392 nudatis
3604 4337 3818 4392 ossibus
3854 4337 4067 4392 deficiat
4099 4347 4156 4394 et

2570 4424 2907 4478 membratim
2949 4435 3150 4494 crepat.

3206 4531 3521 4571 ANTIOCHUS.

2641 4603 2933 4674 lmperialis
2962 4604 3069 4679 65
3094 4603 3283 4672 jussio,
3317 4616 3372 4660 et
3398 4622 3634 4678 congrua
3663 4609 3795 4663 satis
3823 4607 3990 4663 ultio!

3290 4713 3431 4752 SPES.

2644 4785 2871 4854 Vulpina
2909 4785 3097 4841 fraude
3123 4787 3381 4857 loqueris,
3410 4792 3761 4862 etversipelli
3791 4798 4010 4861 astutia,
4036 4799 4148 4850 An-

2572 4876 2768 4938 tioehe,
2804 4875 3058 4929 adularis.

3209 4984 3522 5026 ANTIOCHUS.

2641 5059 2867 5125 Quiesce
2887 5099 2900 5124 ,
2926 5046 3132 5124 infelix,
3156 5061 3457 5117 verbositas
3484 5072 3569 5118 tua
3595 5080 3735 5121 nunc
3757 5074 3838 5120 est
3865 5068 4115 5124 ﬁnienda.

3288 5168 3426 5208 SPES.

2641 5240 2756 5295 Non
2786 5250 2843 5294 ut
2873 5256 3059 5301 speras
3093 5244 3352 5307 evenerit,
3397 5244 3489 5299 sed
3536 5244 3626 5300 tibi
3679 5255 3874 5318 tuoque
3921 5250 4149 5320 principi

2573 5346 2713 5385 nunc
2759 5333 2921 5386 etiam
2961 5331 3206 5387 confusio
3256 5334 3447 5388 aderit.

3219 5439 3500 5477 ADRIANUS.
