4482 5548
368 331 502 384 105⁸1

366 534 520 587 fateri
563 547 647 586 me
688 547 789 585 non
843 549 1000 602 posse
1049 535 1325 604 suppliciis
1365 538 1502 591 laedi.

1012 640 1288 679 ADRIANUS.

432 713 710 778 Antioche,
740 713 868 784 quid
898 717 1038 768 enim
1067 716 1196 768 mihi
1223 725 1306 769 est
1330 718 1636 786 agendum?

991 822 1304 859 ANTIOCHUs.

433 898 590 952 Novis
629 895 957 950 cruciatibus
993 896 1426 950 incumbendum.

1010 1001 1288 1039 ADRIASUS.

429 1077 657 1130 [Eneum
679 1091 773 1128 vas
797 1075 1010 1144 plenum
1041 1075 1159 1128 oleo
1187 1083 1240 1129 et
1264 1074 1439 1143 adipe,
1463 1090 1584 1128 cera
1616 1085 1774 1144 atque
1799 1078 1934 1146 pice,

359 1168 570 1236 ignibus
600 1172 1014 1234 superponatur,
1048 1164 1100 1215 in
1127 1163 1270 1230 quod
1299 1163 1459 1232 ligata
1491 1165 1826 1232 projiciatur.

983 1269 1299 1308 ANTIOCIIUS.

429 1346 483 1399 Si
518 1346 569 1398 in
591 1344 680 1412 jus
711 1345 926 1398 Vulcani
958 1346 1220 1409 tradetur,
1253 1338 1477 1400 forsitan
1531 1346 1791 1400 evadendi
1841 1349 1933 1402 ad-

361 1437 492 1489 itum
517 1452 623 1490 non
653 1437 1015 1489 nanciscetur.

1075 1542 1216 1581 SPES.

425 1618 548 1672 Haec
591 1619 762 1671 virtus
818 1618 1032 1672 Christo
1085 1634 1190 1671 non
1240 1629 1323 1673 est
1360 1618 1596 1683 insolita,
1652 1631 1710 1674 ut
1757 1621 1930 1689 ignem

353 1707 512 1762 faciat
539 1708 821 1760 mitescere
850 1716 1051 1758 mutata
1085 1714 1295 1759 natura.

991 1812 1271 1850 ADRlAVC-S.

422 1887 600 1953 Quid?
629 1885 826 1949 Audio,
851 1885 1136 1949 Antioche,
1168 1886 1312 1939 velut
1345 1888 1575 1942 sonitum
1620 1888 1929 1947 inundantis

352 1991 520 2044 aquae.

986 2078 1302 2117 ANTIOCIIUS.

424 2153 557 2218 lleu,
586 2154 713 2217 heu,
747 2154 961 2208 domine
987 2156 998 2205 !

995 2261 1278 2300 ADRIANUS.

419 2334 556 2400 Quid
586 2335 810 2404 contigit
841 2335 1038 2389 nobis?

975 2443 1290 2482 ANTIOCHUS.

418 2519 691 2572 Ebulliens
751 2517 929 2571 fervor
957 2517 1236 2572 confracto
1293 2534 1419 2574 vase
1454 2521 1728 2576 ministros
1781 2539 1926 2578 com-

346 2606 538 2670 bussit,
565 2607 725 2660 etilla
767 2607 1007 2661 malefica
1032 2607 1191 2661 illmsa
1223 2612 1543 2678 comparuit.

999 2713 1279 2752 ADRIANUS.

416 2786 634 2851 Fateor,
665 2788 790 2842 victi
821 2803 1026 2843 sumus.

983 2893 1299 2934 ANTIOCIIUS.

415 2966 652 3023 Penitus.

989 3076 1273 3116 ADRIANUS.

413 3149 584 3218 Capttt
611 3149 938 3204 abscidatur.

979 3258 1295 3298 ANTIOCHUS.

411 3333 560 3387 Alias
584 3347 689 3387 non
718 3335 1047 3389 absumetur.

1058 3442 1202 3482 SPES.

411 3516 455 3572 Ο
486 3516 738 3572 Charitas
777 3517 990 3582 dilecta,
1039 3534 1072 3572 ο
1107 3535 1261 3573 soror
1307 3522 1504 3576 unica!
1552 3524 1630 3578 Ne
1663 3525 1922 3582 lbrrnides

340 3608 554 3676 tyranni
603 3608 798 3668 minas,
847 3623 914 3661 ne
961 3611 1192 3677 trepides
1222 3612 1288 3665 ad
1339 3627 1551 3680 paenas,
1592 3617 1766 3670 nitere
1795 3634 1922 3671 con-

339 3700 509 3753 stanti
535 3699 636 3752 ﬁde
660 3699 860 3752 imitari
892 3715 1108 3754 sorores
1135 3703 1201 3754 ad
1252 3703 1375 3756 caeli
1407 3706 1661 3771 palatium
1714 3722 1916 3774 prmce-

337 3791 550 3844 dentes.

989 3893 1272 3933 CHABITAS.

409 3970 591 4024 Taedet
623 3984 706 4022 me
733 3970 854 4022 vitae
879 3971 1181 4037 praesentis,
1230 3970 1388 4024 tardet
1433 3981 1661 4027 terrente
1708 3974 1921 4029 habita-

334 4061 521 4122 tionis,
549 4061 689 4129 quod
728 4061 906 4114 saltim
938 4061 1005 4113 ad
1042 4060 1308 4114 modicum
1350 4065 1607 4132 temporis
1635 4079 1858 4134 separor
1888 4083 1919 4121 a

331 4152 508 4207 vobis.

1047 4257 1184 4296 SPES.

412 4331 623 4399 Depone
653 4331 864 4386 taedium
902 4339 955 4385 et
997 4334 1154 4386 tende
1191 4333 1258 4386 ad
1306 4335 1605 4402 praemium.
1635 4335 1750 4389 Non
1775 4339 1916 4392 enim

330 4423 425 4478 diu
456 4424 850 4494 separabimur,
901 4425 992 4478 sed
1036 4426 1187 4479 ocius
1237 4426 1289 4478 in
1327 4426 1464 4481 caalo
1507 4429 1912 4498 conjungemur.

972 4530 1254 4570 CHARITAS.

401 4609 538 4676 Fiat,
570 4611 662 4664 ﬁat
693 4612 704 4662 ι

1061 4717 1200 4756 SPES.

402 4793 569 4864 Euge,
599 4804 774 4848 mater
799 4793 1038 4859 illustris,
1084 4796 1276 4866 gaude,
1311 4812 1409 4852 nec
1441 4799 1678 4869 tangat-is
1715 4800 1780 4854 de
1807 4802 1910 4856 mei

326 4887 578 4955 passione
631 4887 856 4940 materni
887 4884 1110 4940 all‘ectus
1160 4884 1343 4941 dolore
1373 4905 1386 4951 ;
1421 4889 1515 4943 sed
1538 4889 1734 4957 praefer
1757 4907 1905 4960 spem

327 4977 571 5044 maerori,
605 4993 726 5033 cum
755 4994 843 5034 me
865 4978 1049 5033 videas
1077 4994 1174 5049 pro
1195 4979 1413 5035 Christo
1450 4983 1601 5038 mori.
1838 4983 1843 4987 '

969 5088 1264 5129 SAPIENTIA.

398 5161 553 5216 Nunc
599 5161 812 5232 quidem
850 5164 1077 5235 gaudeo,
1129 5167 1221 5219 sed
1252 5173 1378 5218 tunc
1427 5167 1640 5222 tandem
1669 5167 1904 5239 perfecte

326 5251 605 5309 exsultans
629 5257 888 5324 gaudebo,
917 5255 1132 5325 quando
1167 5257 1241 5310 tui
1270 5257 1598 5311 sororculam
1627 5262 1742 5330 pari
1781 5276 1910 5314 con-

322 5345 532 5385 dilinnn
577 5348 892 5385 pralinnlnm
934 5339 1075 5385 nmln
1120 5346 1433 5385 nrmmicnrn
1501 5357 1551 5385 nl
1598 5364 1699 5385 Dan
1722 5353 1906 5385 οηιιοο-

1387 336 1745 392 (ΣΟΜΟῘΞΟΙᾹΞ
1783 339 1931 393 SEX.
1979 373 2043 382 —
2081 345 2162 397 Vl.
2206 345 2583 406 SAPIENTIA.

365 443 631 512 grantiam
681 443 998 510 paradisiaci
1044 445 1319 508 aromatis,
1365 463 1471 513 quo
1512 450 1697 504 nolens
1732 453 1939 519 ccgcris
1969 461 2015 514 Α

3481 373 3617 428 1058

2689 482 2987 522 SAPIENTIA.

2113 549 2449 617 Confortare,
2485 554 2624 618 filia;
2657 571 2942 623 percussor
2983 563 3184 618 invadit
3210 581 3306 620 nos
3335 572 3615 639 evaginato

2043 635 2234 702 gladio.

2749 752 2891 792 SPES.

2113 817 2306 873 Libens
2329 823 2438 893 66
2471 826 2680 894 excipio
2708 830 2957 898 gladium.
2994 832 3094 897 Tu,
3141 836 3376 902 Christe,
3405 843 3616 911 suscipe

2040 907 2283 972 spiritum
2313 926 2409 979 pro
2443 915 2513 967 tui
2544 919 2881 976 confessione
2908 925 3141 981 nominis
3169 927 3396 995 ejectum
3429 933 3493 986 de
3519 907 3616 989 ha-

2039 995 2275 1051 bitaculo
2309 1005 2572 1070 corporis.

2684 1112 2982 1155 SAPIE‘NTIA.

2108 1172 2151 1228 Ο
2175 1173 2445 1242 Charitas,
2477 1183 2686 1239 soboles
2713 1187 2931 1258 inclyta,
2965 1207 3087 1261 spes
3130 1195 3268 1250 uteri
3300 1199 3401 1252 mei
3429 1202 3608 1268 unica,

2037 1276 2102 1315 ne
2153 1276 2439 1322 contristes
2489 1283 2713 1328 matrem
2764 1279 2958 1334 bonam
3012 1284 3085 1337 tui
3131 1289 3442 1344 certaminis
3478 1309 3613 1347 con-

2034 1357 2446 1411 summationem
2492 1375 2935 1434 exspectantem;
3000 1374 3092 1426 sed
3154 1390 3344 1442 sperne
3377 1394 3614 1447 praesens

2033 1443 2181 1507 utile,
2212 1461 2318 1512 quo
2350 1453 2634 1515 pervenias
2666 1457 2731 1508 ad
2780 1459 3032 1525 gaudium
3065 1443 3481 1533 intcrminabilc,
3507 1487 3613 1540 quo

2034 1533 2107 1585 tui
2138 1550 2404 1603 germanm
2427 1538 2630 1609 fulgent
2657 1548 2870 1601 coronis
2898 1550 3113 1606 illibatae
3145 1554 3488 1625 virginitatis.

2676 1649 2960 1691 CIIARITAS.

2103 1713 2249 1768 Fulci
2284 1732 2390 1780 me,
2445 1728 2638 1784 mater,
2679 1725 2929 1790 precibus
2979 1731 3169 1796 sacris,
3210 1743 3472 1800 quatenus
3501 1751 3610 1791 me-

1960 1803 2002 1860 B
2035 1817 2154 1856 rear
2184 1805 2444 1860 interesse
2469 1808 2682 1862 illarum
2708 1814 2934 1880 gaudiis.

2667 1916 2964 1957 SAPIENTIA.

2101 1985 2279 2040 Exoro
2333 1996 2382 2040 te
2428 1987 2691 2060 ﬁnetenus
2722 1993 2774 2045 iu
2809 1995 2910 2048 ﬁde
2938 1996 3225 2053 solidatum
3255 2001 3343 2066 iri,
3381 2017 3481 2059 nec
3506 2005 3607 2060 du.

2032 2075 2144 2129 bito
2171 2078 2261 2130 tibi
2294 2092 2526 2145 perenne
2564 2081 2855 2150 tripudium
2891 2085 3147 2141 donatum
3175 2089 3261 2143 iri.

2676 2189 2954 2229 ADRIANUS.

2101 2257 2370 2323 Charitas,
2429 2271 2704 2316 saturatus
2760 2267 3018 2319 conviciis
3067 2268 3138 2321 tui
3205 2284 3471 2336 sororum,
3522 2276 3605 2328 ni-

2032 2349 2301 2417 miumque
2328 2355 2680 2409 exacerbatus
2718 2371 2834 2409 sum
2865 2358 3070 2425 prolixa
3129 2363 3372 2417 oratione
3396 2381 3600 2420 earum.

2032 2442 2182 2497 Unde
2222 2445 2309 2499 diu
2344 2454 2520 2499 tecnnt
2550 2462 2653 2500 non
2685 2455 2969 2515 contendo,
2999 2453 3093 2507 sed
3127 2453 3206 2508 vel
3234 2457 3606 2527 obtemperan-

2031 2541 2136 2586 tem
2191 2538 2293 2588 mei
2349 2538 2486 2591 votis
2528 2539 2709 2594 ditabo
2764 2543 3014 2598 omnibus
3062 2545 3239 2613 bonis,
3290 2547 3374 2603 vel
3419 2559 3606 2606 contra

2029 2624 2317 2679 luctantem
2351 2625 2576 2681 alliciam
2602 2630 2776 2685 malis.

2668 2739 2953 2780 CHARITAS.

2097 2809 2305 2864 Bonum
2337 2810 2662 2867 cordetenus
2712 2815 3028 2883 amplector,
3076 2825 3130 2872 et
3156 2817 3356 2874 malum
3385 2820 3607 2879 omnino

2025 2900 2281 2954 detestor.

2672 3010 2954 3050 ADRIANUS.

2098 3078 2210 3134 lloc
2237 3081 2328 3134 tibi
2354 3082 2689 3149 potissimum
2719 3085 2932 3139 salubre
2957 3085 3194 3154 mihique
3214 3095 3297 3141 est
3321 3087 3603 3155 placabile,

1950 3161 1997 3221 C
2031 3171 2256 3237 ideoque
2305 3171 2422 3226 leve
2466 3173 2721 3241 quiddam
2778 3176 2872 3229 tibi
2926 3189 3181 3244 praepono
3210 3191 3343 3232 mea:
3388 3178 3609 3246 pictatis

2025 3261 2217 3326 gratia.

2670 3372 2949 3414 CHARITAS.

2093 3443 2231 3509 Quid
2262 3446 2285 3496 Ἰ

2663 3554 2946 3597 Αυκιλυυε.

2095 3624 2189 3677 Dic
2223 3633 2429 3679 tantum
2453 3643 2463 3677 :
2497 3624 2690 3695 Magna
2719 3628 2892 3681 Diana
2916 3630 2936 3681 !
2964 3637 3017 3684 et
3049 3647 3148 3701 ego
3171 3632 3308 3687 ultra
3335 3635 3400 3690 ad
3424 3633 3600 3693 sacri-

2022 3713 2290 3768 ﬁcandum
2321 3726 2370 3769 te
2411 3732 2515 3770 non
2542 3719 2826 3788 compello.

2675 3825 2955 3866 CHARITAS.

2089 3894 2342 3949 Percerte
2373 3911 2478 3950 non
2509 3897 2649 3952 dico.

2661 4004 2942 4046 ADRIANUS.

2089 4075 2266 4142 Quare
2303 4077 2325 4130 ?

2665 4185 2942 4228 CBARITAS.

2088 4258 2222 4325 Quia
2250 4260 2464 4313 mentiri
2491 4261 2632 4315 nolo.
2686 4262 2797 4332 Ego
2834 4264 3049 4332 quidem
3098 4277 3152 4321 et
3201 4283 3415 4326 sorores
3467 4288 3600 4330 mea:

2016 4352 2219 4405 eisdem
2249 4353 2562 4420 parentibus
2599 4355 2816 4422 genitae,
2849 4356 3055 4410 hisdem
3108 4365 3462 4418 sacramentis
3493 4365 3596 4418 im-

2017 4442 2158 4496 buta:
2188 4457 2393 4506 sumus,
2447 4459 2549 4495 una
2587 4445 2883 4513 eademque
2930 4445 3051 4500 fidei
3096 4453 3397 4505 constantia
3441 4456 3599 4509 robo-

2020 4542 2168 4587 rat-.e.
2222 4534 2562 4602 Quapropter
2608 4534 2744 4590 scito
2816 4545 3060 4590 nostrum
3107 4539 3284 4605 velle,
3351 4553 3596 4600 nostrum

2020 4626 2347 4689 consentire,
2382 4633 2627 4678 nostrum
2675 4640 2887 4694 sapere,
2931 4643 3093 4680 unum
3148 4629 3398 4700 idemque
3450 4647 3592 4698 esse,

2019 4729 2120 4769 nec
2151 4729 2235 4768 me
2267 4714 2320 4767 in
2353 4714 2459 4768 ullo
2486 4729 2719 4784 unquam
2747 4711 2851 4769 illis
2882 4715 3161 4770 dissidere.

2669 4819 2950 4860 manuus.
3074 4793 3076 4795 ’

2087 4893 2130 4948 Ο
2160 4891 2374 4962 injuria,
2423 4894 2565 4962 quod
2610 4909 2639 4946 a
2693 4895 2901 4948 tantilla
2931 4895 3093 4949 etiam
3137 4906 3459 4952 contemnor
3496 4901 3596 4956 ho-

2013 4981 2231 5035 mullula
2256 4983 2268 5034 l

2658 5090 2949 5130 CBABITAS.

2086 5165 2231 5223 Licet
2269 5165 2461 5224 tenella
2511 5168 2613 5224 sim
2649 5177 2837 5234 astate,
2873 5178 3050 5225 tamen
3086 5183 3251 5241 gnara
3283 5183 3401 5223 sum
3447 5180 3496 5226 te
3526 5187 3610 5226 ar-

2011 5266 2327 5329 gumentose
2357 5256 2715 5313 confundere.

2675 5366 2803 5385 ann-
2821 5366 2940 5385 AUI'ﬂ
