4482 5548
876 321 1013 386 1059

1521 455 1794 492 ΑυιιιΑΝυθ.

946 548 1002 602 Si
1040 564 1142 603 non
1190 547 1536 618 praevaleant,
1567 551 1695 620 jnhe
1734 551 1906 603 tribus
1939 549 2210 603 continuis
2252 549 2438 603 diebus

876 653 940 691 ac
1007 639 1254 692 noctibus
1326 638 1594 693 fornacem
1677 641 1928 694 sumendi
1995 650 2048 695 et
2098 641 2242 694 illam
2302 640 2440 694 inter

874 726 1198 782 bacchantes
1230 727 1472 783 ﬂammas
1497 729 1704 797 projici.

1514 856 1792 895 CIIAMTAS.

945 946 988 1000 Ο
1012 947 1245 1014 judicem
1290 949 1658 1015 impotentem,
1692 951 1781 1019 qui
1811 949 1998 1005 dimdit
2027 966 2085 1005 se
2117 951 2318 1020 absque
2348 967 2438 1007 ar-

875 1039 976 1092 mis
1010 1039 1206 1108 ignium
1247 1050 1530 1094 octennem
1558 1041 1812 1096 infantem
1841 1058 2095 1112 superare
2129 1045 2322 1112 posse!

1518 1168 1794 1208 ADRIANUS.

942 1260 1062 1324 Abi,
1099 1261 1386 1326 Antioche,
1409 1271 1463 1316 et
1491 1261 1785 1332 injunctum
1809 1264 2038 1319 oliicium
2067 1265 2287 1333 perﬁce.

1507 1389 1786 1429 CBANTAS.

942 1485 1171 1540 Saevitiae
1200 1487 1413 1555 quidem
1445 1497 1547 1542 tuae
1578 1489 1952 1545 satisfaciendo
1981 1493 2208 1560 parebit,
2235 1494 2327 1546 sed
2357 1509 2440 1549 me

873 1572 1094 1626 minime
1128 1576 1361 1638 nocebit,
1394 1576 1517 1643 quia
1561 1592 1660 1631 nec
1707 1573 1816 1648 67
1842 1580 2065 1633 verbera
2109 1582 2211 1634 mei
2247 1597 2439 1650 corpu-

872 1659 1077 1713 sculum
1107 1660 1369 1727 lacerare,
1394 1678 1492 1718 nec
1517 1662 1744 1719 flammae
1773 1681 1982 1720 comam
2020 1668 2101 1722 vel
2139 1680 2312 1724 vestes
2341 1685 2438 1739 po-

872 1755 1052 1802 teruut
1080 1749 1300 1806 obfusca
1309 1767 1385 1806 re.

1520 1858 1797 1899 ADRIANUS.

938 1923 1279 1994 Experietur.

1508 2038 1789 2078 CHARITAS.

938 2125 1282 2197 Experiatur.

1487 2219 1704 2278 SCENA
1738 2214 1824 2278 Vl.

1498 2329 1781 2369 ADRIANUS.

931 2395 1216 2468 Antioche,
1244 2402 1371 2469 quid
1399 2405 1599 2472 pateris
1626 2406 1647 2458 ?
1674 2421 1770 2460 cur
1798 2407 2004 2462 tristior
2034 2409 2192 2465 solito
2244 2425 2431 2482 regre-

863 2484 1007 2540 ‘deris
1028 2488 1051 2540 ?

1493 2601 1807 2646 ANTIOCHUS.

931 2688 1155 2754 Quando
1182 2707 1398 2749 causam
1442 2697 1672 2753 tristitiae
1710 2703 2027 2777 experieris,
2083 2705 2226 2761 haud
2258 2707 2436 2763 minus

859 2782 1220 2839 contristeris.

1503 2895 1784 2936 ADRIANUS.

926 2960 1041 3026 Die,
1071 2976 1137 3016 ne
1167 2964 1326 3018 celes.

1486 3072 1802 3116 ANTIOCHUS.

929 3150 1020 3212 Illa
1068 3160 1286 3228 lasciva,
1348 3181 1507 3234 quam
1554 3172 1682 3225 mihi
1742 3173 2084 3228 crueiandam
2139 3177 2427 3241 tradidisti,

853 3249 1086 3316 puellula
1133 3270 1218 3308 me
1259 3271 1522 3324 prmsente
1581 3261 1969 3331 ﬂagellabatur,
2017 3267 2109 3320 sed
2159 3282 2226 3321 ne
2259 3272 2433 3325 tenuis

854 3338 1069 3405 quidem
1114 3344 1254 3398 cutis
1296 3357 1666 3404 summotenus
1724 3352 2177 3422 disrumpcbatur.
2225 3356 2431 3413 Deinde

853 3425 1061 3493 projeei
1107 3429 1253 3484 illam
1309 3434 1359 3486 in
1425 3435 1719 3503 fornacem,
1765 3441 1976 3509 igneum
2027 3443 2260 3499 colorem
2323 3462 2432 3515 pra:

854 3512 1020 3571 nimio
1047 3519 1239 3574 ardore
1265 3525 1674 3581 exprimentem.

1505 3654 1785 3695 ADRIANUS.

921 3716 1029 3771 Cur
1050 3719 1356 3779 dissimulas
1383 3726 1522 3797 loqui
1547 3730 1569 3780 ?
1596 3730 1815 3797 Expone
1843 3734 2045 3788 exitum
2079 3738 2176 3790 rei.

1489 3855 1802 3896 ANTIOCIIUS.

925 3912 1162 4000 Flamma
1186 3926 1383 3994 erupit,
1415 3936 1486 4006 _et
1511 3930 1746 4000 quinque
1788 3933 1950 3987 millia
1981 3936 2255 3991 hominum
2280 3953 2430 3993 com-

848 4006 1049 4065 bussit.

1498 4125 1777 4168 ADRIANUS.

919 4187 988 4242 Et
1009 4190 1138 4259 quid
1167 4194 1392 4265 contigit
1422 4196 1495 4250 illi
1519 4198 1542 4250 ?

1473 4303 1792 4346 ANTIOCHUS.

914 4371 1179 4430 Charitatl
1204 4378 1227 4430 ἲ

848 4445 855 4451 ﬁ
1492 4487 1769 4530 ADRMNUS.

911 4551 1037 4621 Ipsi.

1454 4667 1772 4711 ANTIOCHUS.

910 4727 1124 4788 Ludens
1172 4739 1348 4793 lnter-
1379 4740 1771 4802 ﬂammivomos
1828 4764 2052 4819 vapores
2099 4753 2412 4826 Vagabatur,

841 4837 895 4882 et
943 4828 1030 4882 illa
1080 4829 1266 4888 laudes
1314 4835 1422 4890 Deo
1476 4854 1573 4893 suo
1617 4844 1918 4912 pangebat;
1972 4847 2044 4899 illi
2097 4850 2282 4916 etiam,
2331 4853 2423 4920 qui

840 4918 1124 4988 diligenter
1147 4922 1453 4993 inspexere,
1487 4928 1731 4986 ferebant
1759 4944 1867 4990 tres
1917 4937 2232 4995 candidulos
2273 4918 2419 4997 viros

839 5023 961 5064 cum
988 5011 1076 5066 illa
1104 5012 1494 5074 deambulasse.

1485 5130 1763 5172 ADRIANUS.

909 5195 1179 5256 Erubesce
1233 5201 1375 5258 illam
1420 5205 1560 5263 ultra
1614 5212 1819 5279 videre,
1856 5217 1980 5285 quia
2027 5230 2236 5285 nequeo
2264 5213 2408 5274 illam

1720 323 2571 394 IIROTSUITIIEJIONIALIIS
2607 322 3295 379 GANDERSHEIMENSIS

2471 447 2522 501 Α

3968 327 4099 380 1060

3145 439 3363 494 SCENA
3403 441 3508 495 VII.

3162 568 3473 609 ANTIOCHUS.

2612 661 2807 732 Detege
2828 677 3037 726 auram,
3060 661 3323 728 Charitas,
3356 667 3641 732 cervicem,
3673 677 3725 722 et
3753 672 3956 724 sustine
3984 688 4103 741 per-

2541 752 2776 805 cussoris
2797 767 2998 806 ensem.
3008 775 3014 815 ;

3182 862 3457 904 ειιλιιιτλεδ

2610 935 2668 989 ln
2685 936 2784 990 hoc
2805 952 2909 990 non
2936 935 3141 995 renitOr
3156 942 3228 993 tui
3255 945 3413 1008 votis,
3436 947 3528 999 sed
3551 946 3721 1002 libens
3739 964 3902 1017 pareo
3917 948 4102 1016 jussis.

3172 1045 3468 1087 SAPIENTIA.

2611 1113 2780 1177 hunc,
2809 1132 2970 1182 nunc,
3006 1118 3132 1181 lilia,
3186 1123 3556 1190 gratulandum
3585 1143 3598 1190 ;
3630 1142 3770 1181 nunc
3821 1130 3871 1180 in
3893 1128 4106 1184 Christo

2541 1212 2625 1258 est
2667 1207 3023 1273 gaudendum,
3067 1225 3164 1262 nec
3209 1221 3291 1264 est
3345 1228 3462 1282 qua:
3518 1219 3758 1272 mordeat
3792 1234 3944 1284 cura,
3985 1224 4107 1291 quia

2542 1307 2731 1346 secura
2761 1309 2878 1348 sum
2918 1297 2981 1350 de
3023 1307 3111 1351 tua
3136 1300 3383 1355 victoria.

3180 1405 3463 1446 ςιιΑιιιτΑε.

2611 1471 2859 1540 imprime
2887 1476 3013 1529 mihi
3048 1491 3237 1544 mater,
3289 1484 3549 1547 osculum,
3587 1496 3641 1541 et
3667 1489 3981 1544 commenda
4011 1491 4110 1543 ἱιιιι

2544 1575 2660 1612 rum
2691 1563 2908 1616 Christo
2931 1566 3197 1633 spiritum.

3167 1674 3469 1716 SAPIENTIA.

2614 1737 2714 1805 Qui
2768 1750 2817 1795 te
2872 1758 2925 1796 tn
2978 1759 3099 1799 meo
3137 1757 3289 1802 utero
3331 1753 3638 1819 vivificavit,
3695 1758 3808 1825 ipse
3857 1760 4110 1831 suscipiat

2542 1830 2795 1895 animam,
2827 1846 2989 1901 quam
3026 1835 3236 1890 caelitus
3266 1839 3562 1908 inspiravit.

3185 1941 3463 1983 CHARITAS.

2614 2010 2753 2075 Tibi,
2778 2012 3012 2077 Christe,
3075 2016 3262 2084 gloria,
3307 2021 3398 2088 qui
3447 2037 3534 2077 me
3562 2025 3628 2077 ad
3681 2035 3732 2080 te
3760 2029 3964 2083 vocasti
3993 2045 4110 2084 cum

2542 2102 2783 2171 martyrii
2815 2103 3014 2172 palma.

3172 2214 3468 2256 SAPIENTIA.

2615 2282 2756 2346 Vale,
2791 2299 2972 2352 prones
3009 2285 3342 2353 dulcissima,
3388 2300 3441 2345 et
3472 2308 3593 2347 cum
3637 2295 4108 2370 Christojungeris

2538 2367 2593 2420 in
2622 2370 2777 2435 caelo,
2835 2384 3105 2428 memento
3154 2377 3342 2433 matris
3372 2381 3487 2449 jam
3537 2393 3796 2440 matrona:
3859 2387 4030 2444 effetae
4060 2401 4109 2443 te

2538 2460 2817 2515 oarientis.

3127 2574 3348 2632 SCENA
3391 2580 3518 2636 Vill.

3167 2707 3465 2748 SAPIENTM.

2605 2782 2920 2863 Convenite,
2966 2799 3202 2855 illustres
3248 2819 3529 2872 matronae,
3570 2819 3624 2864 et
3657 2828 3898 2869 mearum
3945 2819 4102 2873 cadao

2535 2893 2660 2936 vera
2686 2884 2913 2942 ﬁliarum
2942 2903 3152 2943 mecum
3182 2894 3423 2962 sepelite.

2756 2971 2762 2977 ”
3172 2999 3459 3039 υΑτιιοΜς.

2604 3059 2930 3130 Corpuscula
2996 3071 3329 3126 aromatibus
3369 3075 3671 3144 condimus,
3724 3088 3778 3135 et
3824 3087 4104 3154 exsequias

2535 3151 2831 3208 honoriﬁce
2860 3156 3218 3216 celebramus.

3167 3270 3469 3314 SAPIENTIA.

2601 3330 2864 3392 Grandis"
2893 3339 3195 3412 benignitas
3246 3357 3299 3402 et
3339 3351 3474 3406 mira
3518 3362 3711 3422 pietas,
3762 3373 3924 3427 quam
3976 3363 4103 3416 mihi

2532 3424 2838 3493 impenditis
2869 3431 3085 3500 meique
3107 3438 3350 3493 mortuis.

3161 3535 3464 3585 urnoxx.‘

2599 3605 2728 3671 Qua:
2759 3607 2851 3662 tibi
2873 3620 2998 3664 sunt
3019 3618 3300 3671 commoda
3319 3624 3668 3690 exsequimur
3687 3637 3867 3683 mente
3891 3631 4102 3686 devota.

3173 3720 3470 3762 SAPIENTIA.

2599 3782 2716 3838 Non
2750 3789 2957 3843 nubilo.

3168 3902 3458 3945 HATBONB.

2597 3969 2698 4025 Ubi
2728 3973 2809 4026 vis
2847 3974 3047 4042 eligere
3078 3979 3250 4031 locum
3275 3983 3597 4051 sepulturae?

3160 4084 3458 4127 SAPIENTIA.

2597 4149 2784 4205 Tertio
2819 4153 3074 4210 milliario
3107 4158 3174 4211 ab
3211 4159 3375 4228 Urbe,
3407 4164 3453 4218 si
3487 4167 3639 4221 vobis
3684 4183 3792 4223 non
3854 4171 4097 4241 displicet

2521 4238 2823 4304 prolixitas.

3166 4355 3455 4397 ΙίΔΤΒΟΝΕ.

2445 4451 2501 4511 D
2596 4443 2710 4500 Non
2747 4446 3012 4516 displicet,
3043 4454 3136 4506 sed
3175 4454 3312 4508 elata
3344 4455 3532 4513 funera
3563 4463 3712 4532 sequi
3739 4462 3932 4533 placet.

3130 4563 3350 4619 SCENA
3387 4568 3477 4624 IX.

2530 4739 2533 4742 ⁴
3161 4690 3456 4734 εΑΡιεΝ-ηλ.

2595 4760 2734 4816 Ecce
2759 4762 2928 4818 locus.

3161 4877 3449 4918 MATRONE.

2589 4942 2701 5013 68
2739 4944 2836 5000 llic
2873 4962 3063 5018 nempe
3086 4953 3365 5007 servandis
3395 4955 3637 5026 reliquiis
3661 4967 3748 5013 est
3773 4969 3948 5037 aptus.

3151 5057 3447 5099 SAPIENTIA.

2590 5117 2865 5182 Floscnlos
2898 5130 3038 5184 uteri
3083 5133 3187 5187 mei
3233 5134 3350 5200 tibi,
3396 5145 3565 5204 terra,
3598 5147 3890 5196 servandos
3942 5151 4081 5199 eam-

2517 5215 2691 5279 mitto,
2715 5232 2849 5285 quos
2877 5225 2929 5270 tu
2964 5222 3226 5276 materiali
3251 5224 3370 5279 sinu
3395 5225 3594 5285 foveto.
3625 5229 3796 5285 donec
3829 5233 3879 5285 in
3912 5245 4086 5285 resur-
