4482 5548
267 388 394 445 1061
1211 385 1279 439 lIt'
1316 384 1548 440 OPERA
1588 384 1721 440 SUA
1762 382 2037 437 METRlCi

1762 382 2065 437 METRlCA
2108 384 2495 441 PRAEFATIO.
3372 386 3508 443 £062

894 508 1191 547 strtcxru.
1858 497 1905 550 Α
1939 505 2054 544 rum
2086 494 2345 548 unitatem
2367 510 2608 563 personze
2632 492 2892 556 dividens,
2917 510 3011 548 nec
3041 496 3240 549 unitate
3268 511 3509 564 personae

336 586 524 639 Grates
546 590 735 638 vestrm
764 582 1084 636 humanitati
1116 596 1213 650 pro
1246 580 1508 635 solamine
1538 578 1677 649 quod
1706 592 1836 632 con-
1942 584 2311 637 diversitatem
2340 594 2654 637 naturarum
2680 584 3035 648 confundens,
3066 586 3157 639 tibi
3192 585 3383 655 jubilct
3424 585 3512 651 jus

268 675 464 729 tulistis
497 688 628 728 mea:
652 672 893 727 orbitati.
1940 676 2113 730 cunda
2153 676 2416 728 serenitas
2445 674 2754 744 angelorum
2781 674 3059 743 dulcisque
3111 676 3389 730 harmonia
3438 676 3510 729 si-

916 776 1201 816 ttnttome.
1552 820 1553 823 η
1942 765 2149 829 derum,
2169 772 2220 818 te
2245 778 2457 832 quoque
2480 764 2742 818 collaudet
2763 773 2924 817 tortus
2938 764 3138 818 scibilis
3162 765 3237 817 rei
3264 764 3509 827 scientia,

342 854 610 909 Utrumne
630 853 711 906 vis
741 866 839 906 nos
862 851 948 905 hic
978 860 1155 905 tecum
1184 848 1423 903 morari?
1941 865 2207 922 omneque
2233 853 2374 923 quod
2415 866 2483 906 ex
2526 851 2914 905 elementorum
2947 852 3210 905 formatur
3264 852 3507 914 materia,

901 952 1196 993 saeuam“.
1942 941 2068 1009 quia
2095 950 2173 1007 tu,
2199 941 2289 1010 qui
2316 940 2461 995 solus
2504 956 2626 993 cum
2670 938 2832 994 Patre
2871 949 2925 995 et
2968 940 3170 1009 Spiritu
3220 949 3405 995 sancto
3455 955 3516 994 es

338 1031 477 1086 Non.
1944 1029 2116 1083 forma
2152 1030 2270 1083 sine
2298 1028 2544 1093 materia,
2577 1043 2642 1082 ex
2670 1026 2847 1082 Patris
2875 1028 3156 1083 voluntate
3182 1039 3238 1082 ct
3274 1028 3509 1097 Spiritus

920 1131 1206 1173 uruanas.
1944 1118 2115 1171 sancti
2143 1118 2525 1185 cooperatione
2552 1132 2657 1170 non
2687 1118 2942 1185 respuisti
2984 1117 3099 1172 fieri
3142 1117 3303 1171 homo
3348 1101 3521 1186 passi?

338 1212 446 1266 Cur
473 1210 615 1267 non?
1944 1208 2067 1262 bilis
2092 1208 2449 1271 humanitate,
2477 1207 2623 1262 salva
2651 1207 2945 1262 divinitatis
2973 1207 3433 1277 impassibilitate;
3461 1215 3519 1260 et

900 1311 1197 1351 summu.
1944 1306 2003 1351 ut
2033 1298 2209 1351 nullus
2236 1298 2286 1350 in
2313 1307 2363 1351 te
2389 1299 2721 1353 credentium
2749 1301 2969 1368 periret,
2998 1301 3090 1354 sed
3118 1300 3296 1354 omnis
3345 1298 3520 1354 fidelis

341 1394 417 1449 Ne
466 1409 532 1448 ex
581 1406 703 1447 meo
736 1390 1019 1447 commodo
1059 1381 1209 1443 vobis
1252 1387 1525 1457 ingeratur
1575 1384 1841 1439 molestia.
1945 1391 2273 1445 :eternaliter
2296 1392 2518 1454 viveret,
2544 1401 2770 1447 mortem
2799 1403 3042 1448 nostram
3070 1409 3174 1448 non
3203 1394 3521 1464 dedignatus

268 1484 356 1538 Sit
402 1483 565 1545 satis,
600 1481 742 1550 quod
792 1488 905 1533 tres
956 1487 1141 1531 noctes
1191 1490 1399 1529 mecum
1450 1474 1840 1543 pet'maltsistis.
1947 1494 2007 1531 es
2062 1488 2280 1548 gustare
2337 1488 2535 1548 tuaque
2594 1481 2990 1534 resurrectione
3046 1497 3384 1536 consumere.
3445 1481 3524 1535 Te

266 1571 426 1626 Abite
448 1571 501 1624 in
533 1584 684 1639 pace,
713 1565 1045 1621 revertimini
1074 1580 1195 1617 cum
1223 1562 1417 1618 εειίιιιθ·
1949 1569 2109 1623 etiam
2139 1568 2433 1636 perfectum
2475 1568 2644 1623 Deum
2690 1569 3070 1638 hominemque
3108 1586 3293 1624 verum
3344 1569 3524 1623 recolo

910 1666 1198 1707 Iunonia.
1950 1659 2264 1727 promisisse
2291 1658 2563 1722 omnibus,
2587 1660 2699 1727 qui,
2743 1674 2839 1727 pro
2891 1661 2964 1713 tui
3016 1660 3248 1713 nominis
3297 1672 3526 1712 venera-

341 1748 435 1803 Vis
466 1746 744 1802 nobiscum
772 1744 957 1798 abire?
1953 1748 2119 1809 tione,
2148 1747 2228 1799 vel
2263 1755 2488 1800 terrena:
2532 1763 2685 1801 usum
2738 1750 3093 1815 possessionis
3140 1748 3525 1815 relinquerent,

905 1847 1202 1887 summa.
1880 1823 1925 1881 B
1955 1834 2035 1887 vel
2075 1834 2369 1888 carnalium
2397 1834 2646 1888 atl‘ectum
2674 1837 3096 1904 propinquorum
3121 1842 3526 1904 postponcrcnt,

343 1927 581 1981 Minime.
1954 1934 2194 1977 centena:
2246 1924 2615 1977 vicissitudine
2662 1925 2930 1979 mercedis
2984 1924 3420 1993 recompensari,
3471 1932 3526 1974 et

918 2024 1205 2065 Iunonia.
1952 2022 2169 2067 aeternae
2200 2014 2385 2067 bravio
2415 2014 2533 2068 vita:
2561 2015 2756 2069 debere
2788 2014 3008 2079 donari;
3063 2016 3221 2083 hujus
3268 2029 3361 2083 spe
3419 2014 3529 2065 ani-

343 2105 411 2158 Et
438 2103 567 2173 quid
597 2100 878 2156 meditaris
916 2099 1114 2168 agere?
1956 2109 2097 2155 mata
2132 2103 2379 2169 promissi
2407 2102 2518 2171 69
2545 2101 2647 2155 feci
2678 2103 2821 2171 quod
2844 2103 3081 2169 jussisti,
3123 2113 3318 2170 sponte
3360 2101 3526 2155 omit-

914 2201 1220 2240 SAPIENTIA-
1960 2201 2075 2244 tens
2105 2189 2318 2245 soboles
2344 2206 2478 2259 quas
2528 2192 2731 2260 peperi.
2785 2190 2957 2256 Unde,
3011 2200 3065 2245 tu
3115 2193 3220 2260 pie,
3266 2192 3533 2261 promissa

345 2282 443 2336 Hic
470 2294 769 2343 remanere.
800 2294 845 2332 SI
888 2277 1027 2332 τονιθ
1060 2275 1244 2329 "eum
1276 2287 1392 2327 mea
1430 2269 1619 2341 Ρθιίιίο
1648 2278 1703 2323 ει
1751 2268 1850 2321 im‘
1956 2281 2163 2335 solvere
2186 2296 2251 2335 ne
2281 2281 2526 2344 moreris,
2554 2280 2645 2334 sed
2668 2280 2750 2333 fac
2771 2294 2856 2333 me
2880 2281 3200 2348 quantocius
3233 2279 3531 2332 absolutam

272 2374 487 2444 pleatur
513 2372 657 2441 quod
682 2369 953 2425 desidero.
1957 2371 2229 2440 corporeis
2256 2370 2485 2423 vinculis
2522 2384 2587 2423 ex
2640 2370 2943 2437 receptione
2988 2368 3217 2421 filiarum
3250 2367 3531 2430 hetincari,

867 2468 1157 2509 IATBONE-
1959 2475 2093 2528 quas
2119 2476 2214 2529 pro
2249 2468 2299 2513 te
2325 2459 2635 2512 mactandas
2676 2457 2936 2511 obtulisse
2976 2472 3079 2510 non
3122 2455 3454 2523 distuli,quo
3484 2464 3535 2507 te

351 2550 493 2617 Quid
524 2548 699 2617 PCliS?
734 2545 872 2612 Quid
899 2542 1214 2598 desuetas?
1958 2553 2064 2607 illis
2092 2545 2288 2621 agnum
2317 2550 2553 2620 Virginis
2581 2548 2931 2618 sequentibus
2966 2557 3021 2601 et
3050 2563 3244 2602 novum
3270 2547 3539 2600 canticum

920 2650 1219 2691 SAPIENTIA-
1960 2641 2384 2705 modulantibus,
2428 2656 2528 2710 ego
2567 2639 2833 2709 jucunder
2880 2637 3164 2698 audiendo,
3215 2636 3537 2702 illat'umque

348 2733 406 2787 ld
457 2728 831 2795 solummodo,
880 2736 941 2781 ut
979 2725 1228 2781 oratione
1274 2722 1537 2791 completa
1574 2721 1776 2774 moriar
1806 2719 1856 2773 in
1960 2732 2118 2785 ιωιίῃ.

1760 2719 1856 2773 ii“
1960 2732 2199 2785 lmtificer
2226 2732 2413 2800 gloria,
2455 2740 2510 2783 et
2550 2728 2797 2797 quamvis
2850 2742 2954 2781 non
3011 2725 3209 2796 possim
3260 2724 3530 2778 canticum

274 2823 516 2878 Christo.
1961 2822 2290 2891 virginitatis
2322 2822 2502 2876 dicere
2522 2861 2535 2882 ,
2572 2829 2621 2873 tc
2652 2828 2830 2872 tamen
2859 2832 2979 2872 cum
3024 2816 3126 2869 illis
3154 2829 3364 2867 merear
3386 2822 3541 2865 acter-

936 2921 1224 2960 lnnona-z-
1962 2913 2159 2966 nalitcr
2200 2912 2435 2973 laudare,
2469 2909 2560 2978 qui
2593 2924 2697 2962 non
2731 2908 2842 2977 ipse
2870 2906 2960 2975 qui
2987 2904 3170 2968 Pater,
3194 2904 3285 2957 scd
3316 2903 3453 2955 idem
3483 2914 3543 2953 cs

351 3000 543 3055 Restat
566 3007 626 3053 ut
654 3004 1032 3067 exspectemus
1057 2997 1228 3051 donec
1255 3002 1307 3049 et
1339 3003 1390 3049 te
1419 2994 1710 3064 δερυιιυτω
1752 3002 1861 3048 ιτα-ο
1964 3002 2107 3071 quod
2133 3001 2450 3063 Pater,cum
2484 3013 2591 3067 quo
2615 3007 2669 3052 et
2696 2996 2900 3067 Spiritu
2949 3002 3135 3049 sancto
3183 3006 3320 3045 unus
3369 2989 3541 3042 domi-

276 3092 495 3145 damus.
1906 3153 1932 3156 ᾲ
1968 3108 2068 3146 nus
2106 3090 2498 3153 universitatis,
2545 3103 2790 3156 unusque
2833 3101 2929 3141 rex
2980 3098 3204 3139 summa:
3250 3090 3303 3135 et
3356 3078 3547 3132 media:

918 3191 1217 3231 SAPIENTIA-
1891 3153 1936 3215 Ο
1975 3192 2136 3251 atque
2166 3181 2286 3235 ima:
2312 3179 2538 3234 rationis
2565 3192 2758 3249 regnas
2785 3185 2841 3231 et
2861 3175 3159 3229 dominaris
3181 3186 3277 3242 per
3304 3168 3546 3224 intermi—

351 3270 426 3325 Ut
452 3269 607 3323 libet.
632 3266 838 3321 Adonai
868 3266 1211 3330 Emmanuel,
1250 3279 1408 3334 quem
1437 3272 1583 3320 retro
1625 3273 1862 3333 tempora
1976 3273 2175 3328 nabilia
2204 3268 2525 3324 immortalis
2553 3268 2651 3321 aevi
2675 3265 2893 3322 saecula.

277 3359 544 3415 divinitas
571 3358 741 3411 edidit
768 3354 1192 3424 Omniparentis,
1226 3362 1278 3408 et
1319 3354 1371 3434 in
1420 3362 1659 3423 tempore
1703 3352 1866 3422 virgi-
2623 3344 2909 3410 κλτῖιοκε,

282 3452 434 3503 nitas
457 3448 642 3518 genuit
691 3445 903 3510 matris,
951 3445 1042 3514 qui
1090 3459 1157 3499 ex
1207 3444 1417 3500 duabus
1462 3445 1670 3499 naturis
1724 3460 1866 3498 unus
2046 3450 2283 3504 suscioe.
2314 3446 2561 3500 Domine.
2590 3446 2779 3496 Amen.

276 3538 544 3592 Christus
572 3536 802 3591 mirifice
826 3534 1103 3599 consistis,
1149 3548 1249 3589 nec
1294 3534 1609 3589 diversitate
1664 3545 1885 3586 natura-

716 3693 3457 3727 __________________________________

332 3712 709 3731 ’ψι-

1290 3842 2518 3959 HROTSUITHE

1860 4072 1923 4113 1N

1024 4236 1353 4314 OPERA
1429 4235 1620 4314 SUA
1676 4231 2125 4311 METRICE
2178 4226 2819 4309 CONSCRIPTA

361 4792 527 4857 llunc
572 4794 827 4859 libellum,
872 4806 1041 4863 parvo
1084 4789 1245 4845 ullius
1285 4786 1496 4843 decoris
1544 4784 1686 4840 cultu
1716 4798 1879 4840 orna-
1909 4788 1960 4847 ι)
1984 4783 2277 4838 mationem
2306 4790 2515 4852 sumpta
2565 4781 2675 4837 sint
2708 4795 2776 4835 ex
2822 4780 3164 4851 apocryphis,
3196 4795 3301 4835 non
3330 4789 3415 4836 est
3458 4776 3568 4838 eris

290 4899 438 4956 tum,
473 4888 574 4944 sed
590 4902 704 4942 non
733 4900 899 4955 parva
927 4882 1204 4955 diligentia
1251 4880 1612 4941 illaboraturn,
1641 4877 1881 4932 omnium
1991 4888 2114 4927 men
2160 4870 2596 4943 przesumptionis
2642 4869 2860 4939 iuiqum,
2910 4869 3005 4923 sed
3046 4883 3199 4923 error
3234 4869 3572 4939 ignoran'ite,

293 4982 633 5056 sapientium
666 4977 983 5048 benignitati
1018 4973 1184 5031 oﬂ‘ero
1226 4970 1652 5041 expurgandum,
1697 4977 1883 5023 eorum
1990 4963 2136 5031 quia,
2167 4959 2570 5056 quando-hujus
2606 4966 2831 5056 stamen
2875 4958 3035 5056 seriei
3079 4971 3348 5056 asperam
3383 4960 3573 5056 ordiri,

294 5045 572 5134 duntaxat
600 5071 690 5143 qni
720 5045 923 5125 erranti
958 5082 1063 5123 non
1106 5065 1439 5120 delectantur
1476 5062 1758 5132 derogare,
1794 5058 1886 5114 sed
1992 5050 2237 5143 ignoravi
2266 5048 2427 5143 dubia
2456 5062 2577 5104 esse
2605 5048 2660 5103 in
2690 5045 3178 5143 quibus-disposui-
3216 5045 3488 5143 laborare.
3514 5050 3585 5143 at

294 5168 475 5238 magis
522 5133 702 5219 errata
749 5162 1041 5231 corrigere.
1087 5154 1284 5211 Fateor
1326 5168 1559 5223 namque
1610 5169 1700 5209 me
1746 5149 1885 5206 haud
2124 5136 2429 5238 reco-gtlet'i.
2473 5137 2834 5238 Pessuma“?
2876 5134 3204 5238 ρξῑτεεῑθνίν
3252 5133 3401 5238 (ιξιῇίον
3447 5134 3587 5238 (ἕξιοά

294 5224 655 5315 mediocriter
682 5224 924 5317 errasse:
950 5264 1057 5306 non
1085 5248 1254 5302 solum
1284 5246 1337 5311 in
1363 5245 1744 5315 dignoscendis
1778 5239 1888 5311 syl-
1997 5235 2064 5290 vit

1822 5239 1888 5305 γι·
1997 5234 2211 5290 videtur
2236 5230 2442 5287 falsitas
2469 5228 2680 5296 forsan,
2703 5227 3025 5299 probabitur
3054 5240 3174 5285 esse
3200 5226 3424 5279 veritas.
3460 5224 3592 5279 Cum

299 5312 556 5404 labarum
586 5341 813 5405 naturis,
859 5312 1048 5399 verum
1091 5339 1251 5393 etiam
1298 5336 1351 5389 in
1386 5312 1715 5392 dictionibus
1741 5346 1891 5389 com-
2002 5341 2091 5382 res
2126 5329 2201 5382 ita
2247 5335 2366 5377 sese
2404 5320 2661 5384 habeant.
2697 5322 2837 5376 tanti
2865 5318 2934 5374 ad
2962 5315 3196 5387 perfecti
3227 5312 3600 5405 defensionem

296 5433 570 5466 ..θυι-..Αἶα
658 5429 922 5466 ηΙιηηιηιη.
970 5426 1073 5466 αιιιι
1125 5426 1226 5466 Item
1276 5424 1421 5466 εριιῖρ
1473 5422 1894 5466 νρηνριιρηςίηηῆ
1926 5410 1935 5416 ‘
2001 5431 2066 5466 on

1836 5432 1894 5466 np.
1926 5410 1935 5416 ’
2001 5414 2245 5466 (musculi
2269 5411 2663 5466 nernmltorum
2688 5410 2963 5466 iuvamine
2984 5423 3146 5466 eaeo.
3178 5410 3377 5466 Quanto
3401 5403 3461 5455 in
3490 5402 3606 5466 ipsa
