4482 5548
935 387 1077 441 I063
1144 455 1152 461 υ

1767 384 2237 441 IIROTSUITIIIE
2279 381 2601 439 MONIALIS
2640 383 3333 441 GANDERSIIEIMENSIS

4038 388 4168 443 1064

926 497 1120 556 lectum
1160 513 1291 553 meae
1339 497 1649 553 intentionis
1698 499 2027 553 consulendo
2075 498 2381 561 enucleare,
2430 514 2496 551 ne
2527 509 2571 561 Α
2603 498 2688 551 ιίιιξ
2720 498 2943 562 auxilio,
2974 514 3079 552 non
3101 499 3337 567 propriis
3366 497 3591 562 viribus,
3620 498 3840 563 conlisa,
3870 500 4028 568 hujus
4052 518 4167 556 car-

920 589 1238 656 prohibercr
1275 603 1374 657 pro
1425 588 1742 641 rusticitate.
1786 587 1958 651 Unde,
2008 588 2145 641 clam
2192 587 2401 641 cunctis
2448 596 2502 640 et

919 678 1073 744 quasi
1105 676 1310 741 furtim,
1350 692 1494 731 nunc
1525 676 1579 730 in
1607 676 1995 745 componendis
2021 676 2134 730 sola
2163 676 2496 739 desudando,

918 781 1065 821 nunc
1105 767 1244 821 male
1272 768 1572 837 composita
1614 766 1960 831 destruendo,
2012 766 2320 837 satagebam
2344 766 2496 835 juxta

917 869 1097 909 meum
1125 871 1301 926 posse,
1330 857 1457 911 licet
1489 857 1707 910 minime
1739 857 2123 923 necessarium,
2154 857 2386 926 aliquem
2414 865 2497 911 ta-

917 958 1040 998 men
1087 945 1356 1001 coniicere
1394 954 1596 1000 textum
1640 960 1707 1000 ex
1741 947 2027 1001 sententiis
2070 945 2495 1014 Scripturarum,

915 1048 1053 1103 quas
1088 1034 1228 1089 intra
1260 1049 1442 1089 aream
1478 1036 1652 1090 nostri
1696 1035 2239 1091 Gandersheimensis
2268 1037 2497 1104 college-

917 1137 1034 1177 ram
1067 1125 1321 1179 coenobii.
1365 1124 1551 1179 Primo
1579 1125 1991 1194 sapientissimae
2020 1134 2183 1194 atque
2216 1127 2494 1195 benignis-

915 1214 1068 1268 simae
1119 1213 1426 1280 Rikkardis,
1480 1216 1770 1285 magistrae,
1827 1216 2164 1286 aliarumque
2209 1233 2319 1272 sua:
2364 1218 2497 1274 vicis

916 1305 1220 1361 instruente
1248 1308 1581 1377 magisterio,
1610 1307 1802 1362 deinde
1827 1322 1993 1377 prona
2023 1307 2233 1362 favente
2262 1307 2498 1362 clemen-

913 1394 991 1448 tia
1023 1395 1184 1464 regia:
1235 1395 1428 1449 indolis
1455 1394 1765 1464 Gerberga‘,
1796 1395 1950 1465 cujus
1996 1411 2140 1451 nunc
2173 1395 2374 1449 subdor
2401 1394 2497 1449 do-

911 1483 1105 1547 minio,
1134 1484 1382 1548 abbatiae,
1415 1500 1535 1553 qua:
1580 1494 1738 1540 astate
1774 1486 1972 1551 minor,
2006 1484 2121 1549 sed,
2148 1493 2207 1539 ut
2238 1484 2495 1553 imperia-

913 1569 1020 1625 lem
1072 1572 1297 1627 decebat
1344 1582 1576 1641 neptem,
1630 1574 1857 1628 scientia
1911 1574 2237 1643 provectior,
2290 1573 2497 1642 aliquot

914 1668 1183 1724 auctores,
1236 1676 1372 1730 quos
1422 1662 1537 1731 ipsa
1579 1666 1729 1731 prior
1770 1678 1800 1716 a
1846 1663 2260 1731 sapientissimis
2286 1662 2492 1728 didicit,

913 1763 1000 1802 me
1027 1748 1314 1803 admodum
1353 1750 1438 1818 pie
1478 1750 1729 1804 erudivit.
1761 1749 2017 1816 Quamvis
2059 1750 2221 1804 etiam
2268 1752 2491 1806 metrica

2605 588 2746 640 mina
2779 588 3021 657 cpusculi
3052 588 3333 658 dactylicis
3363 588 3593 643 modulis
3618 590 3896 645 succinere
3929 595 4166 660 apposui,

2601 689 2669 730 ne
2695 677 2958 731 creditum
2989 676 3245 731 talentum
3268 676 3541 746 ingenioli,
3574 676 3674 732 sub
3698 678 3929 734 obscuro
3953 690 4164 751 torpens

2601 766 2835 834 pectoris
2883 765 3148 835 rubigine,
3196 766 3521 836 negligentia
3571 769 4044 835 exlerminaretur,
4080 772 4169 825 sed

2601 853 2798 907 sedulae
2847 853 3040 908 malleo
3095 853 3396 909 devotionis
3443 869 3778 922 percussum,
3830 855 4168 925 aliquantulis

2603 944 2794 998 divina:
2816 943 3141 997 laudationis
3165 941 3393 998 referret
3423 943 3697 1008 tinnitum,
3720 958 3851 1014 quo,
3889 946 3935 1000 si
3963 948 4168 1002 occasio

2600 1049 2707 1089 non
2735 1034 2955 1089 daretur
2991 1033 3315 1104 negotiando
3351 1032 3495 1087 aliud
3535 1033 3754 1098 lucrari,
3785 1035 3959 1103 ipsum
3996 1045 4168 1090 tamen

2601 1124 2653 1177 in
2685 1122 2899 1192 aliquod
2924 1123 3111 1178 saltem
3140 1131 3398 1178 extremae
3424 1123 3671 1177 utilitatis
3697 1122 4168 1178 transformaretur

2599 1214 3038 1269 instrumentum.
3098 1213 3271 1280 Unde,
3322 1215 3631 1285 quicunque
3685 1213 3872 1279 lector,
3931 1214 3977 1268 si
4030 1223 4169 1268 recte

2599 1304 2892 1359 secundum
2920 1303 3090 1359 Deum
3132 1306 3333 1376 sapias,
3365 1306 3543 1376 egenti
3570 1305 3800 1375 paginze,
3832 1320 3951 1374 quae
3980 1305 4169 1359 nullius

2596 1395 2944 1463 praeceptoris
2972 1395 3213 1449 munitur
3240 1395 3582 1456 auctoritate,
3614 1409 3770 1463 opem
3827 1404 3932 1448 tua:
3960 1394 4171 1448 rectitu-

2598 1484 2738 1540 dinis
2765 1500 2833 1540 ne
2869 1485 3146 1555 pigriteris
3189 1484 3467 1548 adbibere,
3497 1483 3608 1538 Deo
3652 1482 3925 1547 videlicet,
3972 1482 4018 1537 si
4049 1483 4168 1549 quid

2598 1571 2737 1625 forte
2792 1574 3050 1640 probetur
3098 1581 3247 1626 recte
3290 1572 3668 1640 compositum,
3722 1584 3963 1638 meaeque
4010 1569 4170 1639 negli-

2598 1660 2792 1729 gentiae
2838 1660 2939 1729 71
2993 1659 3324 1730 designanda
3374 1659 3678 1713 universale
3732 1657 4022 1722 vitiorum,
4077 1672 4168 1710 nec

2601 1758 2780 1802 tamen
2828 1748 3208 1816 vituperando,
3251 1746 3345 1801 sed
3374 1746 3714 1815 indulgendo,
3750 1746 3875 1814 quia
3908 1742 3997 1811 jus
4032 1743 4170 1798 fran-

917 1835 1217 1890 modulatio
1264 1835 1508 1891 femineae
1556 1837 1835 1908 fragilitati
1879 1838 2110 1893 diliicilis
2154 1830 2399 1893 videatur
2440 1840 2568 1899 etB
2596 1837 2738 1906 gitur
2792 1834 3181 1908 obiurgationis
3235 1837 3326 1892 ubi
3388 1835 3683 1892 intervenit
3730 1833 4009 1890 humilitas
4049 1848 4170 1889 con-

911 1925 1102 1990 ardua,
1135 1925 1247 1980 sola
1281 1935 1459 1983 tamen
1506 1943 1719 1998 semper
1759 1928 2064 1984 miserentis
2090 1940 2336 1999 superine
2364 1944 2492 1999 gra-

2594 1925 2867 1982 fessionis.

910 2130 4149 2160 W

1567 2264 2246 2347 ARGUMENTUMJN
2291 2265 2741 2327 HISTORIAM
2786 2266 3073 2327 ΒΕΑΤᾹΞ
3110 2268 3484 2329 VIRGINIS.

980 2564 1222 2636 Joachiﬁm
1263 2566 1532 2636 et_4nna,
1563 2562 1626 2615 de
1657 2564 1815 2636 stirpe
1847 2562 2038 2636 David,
2081 2577 2199 2636 cum
2234 2561 2331 2636 diu
2377 2560 2577 2616 steriles
2602 2563 2868 2636 vixissent,
2923 2565 3000 2636 in__
3024 2567 3311 2636 temploque
3361 2568 3422 2619 ob
3462 2567 3788 2621 sterilitatem
3830 2570 4091 2636 repudiati
4135 2586 4164 2621 a

911 2635 1284 2705 sacerdotibus,
1312 2632 1553 2705 fuissent,
1586 2632 1818 2705 tandem
1843 2631 2012 2705 longis
2063 2630 2392 2705 orationibus
2429 2641 2495 2705 et_
2526 2633 2658 2686 votis
2700 2632 2905 2705 prolem
2946 2630 3197 2705 divinam,
3226 2630 3453 2705 'nomine
3508 2636 3759 2699 Mariam,
3806 2630 4158 2705 susceperunt,

910 2719 1131 2773 eamque
1157 2698 1690 2774 castitatietwterno
1719 2698 1819 2753 Dei
1865 2698 2193 2774 obsequiojn
2237 2698 2426 2768 templo
2461 2700 2795 2774 deuoverunt.
2832 2698 2940 2774 Illa
2984 2702 3202 2774 tenella,
3240 2704 3439 2774 (aftaet
3473 2698 3965 2774 c_onstans,gradus
3997 2708 4167 2773 templi

909 2768 1294 2848 cumam-nium
1334 2770 1709 2848 admiratione
1733 2770 2014 2835 superavit,
2054 2768 2380 2848 reliquasque
2428 2770 2651 2848 virgines
2699 2771 2979 2823 sanctitate
3017 2772 3134 2823 vita:
3164 2772 3429 2827 eccelluit.
3454 2768 3825 2848 _Quam_du'm_
3875 2768 4167 2828 saeerdoies

909 2839 1462 2912 despondereuolunt,
1487 2848 1534 2890 et
1578 2838 1959 2912 virgis_temere
2004 2838 2248 2912 projectis
2292 2837 2677 2912 illigeonjugem
2707 2848 2969 2912 quierunt,
2998 2850 3043 2893 et
3074 2856 3186 2912 sors
3214 2857 3386 2912 super
3418 2842 3614 2909 virgam
3644 2842 3840 2911 Ioseph
3876 2859 3941 2896 ea:
3987 2860 4167 2912 genere

904 2905 1077 2963 Dauid
1110 2910 1311 2961 cecidit.
1353 2906 1491 2959 Nam
1524 2921 1646 2958 mox
1676 2905 1937 2976 columba,
1965 2922 2075 2959 suta
2096 2905 2266 2974 uirga?
2293 2907 2547 2976 insidens,
2568 2905 2763 2960 'cwlum
2812 2909 2980 2976 petiit,
3011 2905 3433 2963 collaudantibus
3464 2905 3664 2964 cunctis
3692 2905 3925 2965 divinam
3954 2905 4165 2965 sortem.

908 2978 1101 3046 Joseplt
1137 2979 1277 3046 virgo
1326 2976 1700 3046 despondelur,
1730 2973 1989 3044 pauloque
2016 2985 2129 3041 post
2170 2973 2383 3043 angelus
2436 2975 2538 3039 illi,
2582 2976 2758 3046 divina
2788 2973 3104 3030 salutatione
3139 2978 3301 3041 facta,
3347 2978 3534 3041 Deum,
3584 2981 3816 3033 omnium
3848 2991 4157 3043 creatorem,

912 3041 1307 3130 obuntbratione
1336 3041 1506 3130 san‘cti
1548 3041 1776 3130 Spiritus
1803 3041 2012 3096 carnem
2057 3041 2595 3124 suscipérehnuntiat.
2626 3045 2778 3125 Qum,
2810 3046 2961 3099 t'erbo
3001 3047 3170 3130 angeli
3206 3047 3437 3112 credens,
3467 3048 3596 3130 dum
3622 3049 3690 3130 in_
3711 3047 4011 3130 Bethleliem
4050 3041 4165 3100 cum

900 3114 1118 3181 Joseplt,
1149 3114 1377 3166 Ctesaris
1401 3113 1620 3179 Augusti
1655 3113 1845 3175 edicto,
1878 3122 2153 3183 nygraret,
2181 3115 2377 3183 peperit
2405 3112 2807 3183 primogenitum
2839 3131 3015 3177 suum,
3046 3112 3374 3169 Salvatorem
3412 3118 3616 3181 mundi,
3657 3118 3840 3171 Jesum
3876 3116 4163 3177 Christum,

907 3179 1063 3250 cujus
1094 3183 1417 3252 divinitatem
1447 3192 1493 3233 et
1525 3190 1782 3252 pastores,
1826 3190 1874 3233 et
1903 3179 2070 3251 Magi,
2101 3182 2165 3233 ab
2200 3179 2413 3252 Oriente
2450 3179 2728 3248 venientes,
2757 3185 2930 3236 testati
2957 3193 3097 3236 sunt.
3131 3183 3263 3248 Qua:
3286 3186 3432 3252 fama
3459 3200 3575 3238 cum
3604 3179 3679 3238 ad
3706 3186 3969 3239 Herodem
4001 3188 4171 3239 delata

907 3254 1114 3319 fuisset,
1159 3266 1335 3303 omnes
1365 3250 1478 3317 ejus
1522 3251 1649 3301 anni
1680 3250 1931 3324 infantes.
1965 3260 2115 3324 natos
2147 3251 2313 3324 occidi
2347 3251 2530 3324 jussit,
2561 3262 2617 3324 u_t
2648 3253 2908 3305 Itmredem
2938 3254 3081 3321 regni
3110 3250 3333 3306 tolleret.
3365 3253 3582 3324 Ioseph,
3610 3258 3674 3307 ab
3705 3255 3887 3324 angelo
3918 3257 4165 3315 monitus,

906 3317 1025 3372 cum
1056 3330 1224 3372 matre
1252 3331 1297 3371 et
1326 3334 1510 3392 puero,
1542 3328 1597 3392 ut
1628 3319 1771 3392 regis
1802 3317 2413 3392 crudelitatemgfugeret,
2454 3319 2509 3392 in
2539 3319 2826 3392 lEggpturn
2858 3317 3129 3385 concessit,
3157 3338 3379 3392 moxque
3400 3317 4083 3391 {Egyptiorumvsimulacru
4109 3329 4163 3374 in

911 3399 1108 3441 terram
1134 3405 1300 3457 prona
1328 3386 1585 3439 'cadentia
1620 3386 1901 3459 nutabant,
1928 3389 2386 3459 sacerdotibusque
2421 3387 2528 3441 suis
2574 3386 2749 3442 verum
2786 3389 2955 3443 Deum
2985 3399 3164 3443 natum
3209 3386 3621 3459 proclamabartt.
3655 3392 3721 3445 In
3770 3393 3952 3445 itinere
3991 3401 4162 3444 autem

904 3455 1165 3530 miraeula
1192 3459 1338 3524 pueri
1367 3458 1430 3508 de
1466 3455 1790 3520 serpentibus
1820 3465 1866 3506 et
1905 3456 2243 3530 draconibus,
2285 3457 2411 3530 dum
2450 3459 2505 3510 in
2544 3474 2698 3525 specu
2730 3468 2929 3530 noctem
2974 3455 3240 3524 ducerent,
3270 3472 3478 3525 narrat,
3517 3462 3737 3530 itemque
3763 3462 3826 3514 de
3855 3460 4089 3514 leonibus
4115 3468 4162 3511 et

900 3527 1104 3603 pardis,
1136 3530 1258 3603 mite
1283 3537 1331 3578 et
1363 3534 1630 3577 mansuete
1657 3538 1712 3603 se
1736 3524 2302 3603 prtet'o’oﬂerentibu‘s,‘
2322 3524 2653 3595 palmamque
2689 3544 2806 3579 cum
2834 3528 3010 3596 fructu
3040 3529 3346 3583 inclinatam
3382 3531 3568 3584 matris
3598 3524 3816 3599 gremio,
3854 3530 4164 3603 latueritque,

896 3591 1047 3661 pueri
1075 3595 1237 3650 verbis
1263 3603 1638 3663 erumpentem,
1666 3591 1790 3644 dum
1818 3592 1872 3644 in
1902 3593 2088 3646 itinere
2120 3596 2205 3647 siti
2230 3591 2575 3662 (obarassent,
2609 3591 3003 3653 commemorat.
3514 3609 3525 3626 '

2408 3783 2759 3796 —-

1126 3893 1232 3963 72
1276 3885 1384 3945 AD
1428 3885 1955 3959 GERBERGAM,
2001 3879 2507 3947 ABBATISSAM
2552 3887 2633 3947 IN
2677 3883 3275 3965 GANDERSHEIM,
3321 3892 3666 3955 OTTONIS
3708 3893 3933 3954 ΡΜΜί

2053 3986 2600 4047 IMPERATORIS
2642 3988 2986 4049 NEPTEM.

2513 4149 2557 4210 C
2591 4146 2677 4209 Et,
2704 4163 2827 4201 cum
2852 4148 2929 4202 sis
2960 4160 3109 4204 certe
3131 4155 3282 4209 vario
3310 4156 3508 4209 lassata
3539 4154 3745 4219 labore,

2658 4236 2874 4292 Ludens
2909 4240 3130 4309 dignare
3158 4244 3256 4297 hos
3288 4260 3430 4298 nunc
3454 4245 3698 4299 modulos
3721 4245 3921 4316 legere.

2584 4326 2734 4382 I‘Iane
2758 4344 2971 4398 quoque
2992 4330 3320 4386 sordidulam
3357 4338 3499 4388 tenta
3526 4348 3757 4405 purgare
3777 4335 4088 4402 Camenam,

2656 4420 2732 4473 Ac
2760 4418 2946 4475 fulcire
2977 4422 3051 4474 tui
3081 4422 3213 4476 llore
3243 4424 3541 4495 magisterii

2584 4509 2701 4575 Quo
2732 4509 2942 4563 laudem
2976 4511 3206 4566 domina:
3236 4514 3473 4568 studium
3497 4524 3775 4585 supportet
3806 4516 4053 4585 alumnae,

2655 4600 2998 4671 Doctricique
3026 4602 3129 4672 pice
3166 4604 3408 4660 carmina
3435 4605 3729 4675 discipulaa.

904 4141 1067 4196 Salve
1093 4141 1288 4211 regalis
1313 4142 1490 4211 proles
1516 4144 1819 4201 clarissima
1851 4146 2054 4215 stirpis,

966 4233 1219 4302 Gcrbirg,
1250 4233 1474 4290 illustris
1500 4239 1744 4292 moribus
1773 4248 1827 4291 et
1857 4238 2075 4292 studiis.

892 4320 1091 4390 Accipe
1117 4322 1400 4377 fronticula
1434 4326 1765 4381 dominatrix
1793 4327 1933 4381 alma
1963 4336 2173 4392 serena,

964 4408 1094 4477 Quae
1125 4411 1217 4465 tibi
1256 4414 1532 4483 purganda
1563 4416 1651 4470 hic
1676 4415 1845 4471 offero
1868 4415 2189 4470 carminula.

891 4497 1021 4567 Ejus
1050 4510 1106 4555 et
1134 4502 1367 4559 incultos
1397 4504 1683 4574 dignanter
1712 4506 1881 4577 dirige
1910 4506 2131 4571 sticlios,

964 4589 1135 4656 Quam
1165 4593 1408 4648 doctrina
1446 4603 1535 4649 tua
1561 4596 1831 4651 construit
1858 4597 2094 4667 egregia.

2307 4773 2689 4788 ψ

1363 4866 1438 4935 IN
1485 4874 1933 4936 HISTORIAM
1978 4872 2526 4940 INTEMERA'NE
2570 4881 2703 4941 DEI
2741 4880 3196 4945 GENITRICIS
3238 4887 3690 4949 PREFATIO.

894 5054 1059 5110 Unica
1089 5069 1213 5124 spes
1251 5056 1456 5122 mundi,
1488 5057 1823 5113 dominatrix
1860 5058 2057 5130 inclyta
2088 5058 2235 5125 cteli,

962 5146 1162 5201 Sancta
1187 5162 1383 5216 parens
1411 5147 1598 5220 Regis,
1637 5149 1813 5205 lucida
1839 5150 1993 5205 stella
2017 5151 2200 5216 maris,

888 5234 1017 5300 Quae
1045 5236 1260 5305 pariens
1286 5238 1485 5293 mundo
1511 5241 1827 5296 restaurasti
1855 5241 1942 5311 pia
1968 5242 2119 5312 virgo

957 5324 1155 5389 Vitam,
1183 5341 1345 5394 quam
1373 5328 1524 5397 virgo
1553 5330 1859 5399 perdiderat
1889 5334 2088 5396 vetula,

889 5409 968 5465 'I‘u
995 5411 1217 5482 dignare
1242 5424 1349 5471 tua:
1374 5415 1585 5474 famula:
1608 5421 1904 5477 clementer
1932 5423 2144 5486 adesse.

957 5499 1260 5548 Hrnsvithm
1283 5508 1425 5548 vnlie
1447 5510 1871 5548 narrninnlicnnn
1899 5513 2051 5548 nnuic

2498 5063 2553 5123 D
2580 5061 2875 5132 Exoptans,
2901 5064 2986 5119 vel
3019 5067 3331 5122 summatim
3363 5071 3630 5140 attingere
3652 5072 3840 5129 saltem

2652 5149 2853 5205 Laudis
2883 5153 3224 5222 particulam,
3261 5158 3441 5229 Virgo,
3475 5168 3579 5215 tuae
3611 5161 3913 5231 minimam,

2579 5242 2742 5297 Ortus
2768 5251 2931 5311 atque
2954 5244 3027 5298 tui
3054 5246 3350 5314 primordia
3370 5249 3515 5303 clara
3546 5251 3706 5315 beati,

2650 5334 2869 5389 Necnon
2901 5336 3133 5406 regalem
3166 5352 3402 5409 pangere
3428 5344 3758 5412 progeniem.

2510 5439 2518 5445 ί
2578 5422 2691 5478 Hoc
2720 5433 2899 5479 tamen
2928 5441 3180 5496 agnosco,
3213 5427 3432 5497 fragiles
3457 5434 3720 5489 excedere
3750 5434 3911 5495 vires.

2648 5511 2917 5548 lnslalilnsc
2944 5523 3000 5548 nl
3028 5521 3225 5548 Innlnm
3255 5524 3305 5548 In
3329 5519 3534 5548 ηιηκέιζη

3560 5536 3751 5548 ΑΑ“Α“Α
