4482 5548
371 365 505 420 1065

368 479 471 548 13
498 478 653 543 Hinc,
681 479 804 548 quia
839 481 1080 548 virgineo
1103 479 1328 546 portasti
1361 489 1544 531 ventre
1567 475 1736 545 pnella

437 567 727 632 Inclusum,
754 577 944 621 cuncta
977 569 1066 635 qui
1100 567 1234 636 regit
1260 567 1503 634 imperio.

369 654 504 712 Olim
537 650 629 708 sed
656 655 878 709 stultum
912 654 1013 708 fari
1043 654 1307 722 qnijussit
1339 654 1588 716 asellum,

438 745 494 798 In
520 744 730 799 laudem
761 747 928 800 sancti
960 745 1195 799 nominis
1223 744 1308 798 ille
1336 746 1439 807 sui,

371 831 551 900 Teque
580 849 676 902 per
701 834 1004 903 angelicum
1040 832 1186 895 fecit,
1214 833 1550 902 virguncula,
1580 832 1822 892 verbum,

443 923 518 978 De
543 932 730 977 sancto
757 924 914 994 digne
941 923 1183 977 Flamine
1214 924 1516 992 concipere,

371 1019 548 1080 Atque
572 1026 683 1066 sua:
714 1013 881 1080 prolis
905 1021 1130 1066 matrem
1157 1011 1272 1064 sine
1300 1012 1457 1066 sorde
1483 1011 1702 1082 pudoris

442 1101 650 1166 Effecit,
675 1105 887 1158 cunctis
912 1103 1226 1158 dissimilem
1250 1103 1481 1167 meritis,

383 1277 3288 1304 ww

1354 365 1669 420 HISTORIA
1711 357 2030 415 ΙΧΤᾹΕΤᾹΞ
2073 357 2179 411 DEI
2219 354 2628 412 GENITIIICIS.

1973 475 2024 532 Α
2056 467 2110 521 Si
2144 468 2338 536 placet,
2367 468 2480 535 ipse
2510 478 2684 518 meam
2712 463 2852 533 potis
2874 472 2955 517 est
2981 461 3273 516 dissolvere
3297 460 3550 530 linguam,

3485 346 3621 402 I060

2121 557 2186 609 Et
2224 570 2316 608 cor
2346 569 2468 607 rore
2498 569 2607 608 sua:
2647 561 2864 620 tangere
2891 551 3152 621 gratiohe,

2050 647 2166 713 Quo
2191 655 2478 714 prastante
2505 660 2616 699 sine
2642 644 2786 698 mitis
2815 643 2956 698 dono
2988 643 3205 714 pietatis

2119 737 2286 791 Grata
2311 737 2410 790 sibi
2444 751 2697 805 pangant,
2730 744 2782 788 te
2811 748 3047 804 quoque,
3083 733 3263 801 Virgo,
3294 745 3484 786 canam

2047 827 2125 882 Ne
2155 843 2336 882 comes
2368 828 2594 898 ingratis
2618 826 2947 880 condemncr
2965 823 3086 892 jure
3106 823 3334 894 pigellis,

2119 920 2264 987 Quos
2294 921 2437 990 piget
2463 919 2771 973 Altithrono
2795 916 3021 988 psallere
3056 931 3154 986 pro
3178 915 3410 979 modulo,

2051 1012 2158 1066 Sed
2187 1027 2342 1082 mage
2375 1025 2699 1081 purpureunt
2727 1008 2946 1062 laudare
2971 1006 3280 1077 perenniter
3311 1006 3523 1078 Agnum

2123 1100 2463 1164 Promerear,
2493 1099 2684 1152 turmis
2714 1095 2894 1152 addita
2924 1095 3198 1166 virgineis.

1660 1440 2337 1556 HISTORIA
2423 1538 2430 1546 .

750 1682 1428 1764 NATIVITATIS
1507 1679 2064 1758 LAUDABILI
2082 1679 2341 1770 SQUE
2395 1677 3286 1757 CONVERSATIONIS

1285 1856 1418 1959 In
1435 1866 1756 1960 facta:
1837 1853 2054 1956 Dei
2130 1853 2744 1957 Genetricis

732 2078 924 2146 QUAM
967 2075 1312 2133 SCRIPTAM
1349 2075 1600 2129 REPERI
1642 2073 1773 2129 SUB
1811 2071 2070 2128 NOMINE
2110 2070 2356 2126 SANCTI
2393 2069 2625 2127 JACOBI
2666 2069 2966 2128 FBATRIS
3007 2071 3262 2132 DOMINI.

453 2341 632 2395 Mundi
665 2339 895 2393 labentis
923 2337 1105 2391 lustris
1131 2353 1254 2390 nam
1281 2337 1424 2392 mille
1455 2337 1717 2406 peractis,

381 2435 607 2502 Incmpit
637 2432 850 2501 quando
878 2431 999 2485 felix
1031 2431 1247 2484 matula
1275 2441 1444 2492 sexta,

382 2528 494 2594 Qua
522 2527 662 2580 Dens
691 2525 897 2593 impleri
928 2523 1089 2591 jussit
1124 2523 1321 2592 pietate
1363 2523 1524 2585 fideli,

380 2618 648 2687 Quidquid
677 2615 1023 2683 veracesjam
1051 2616 1380 2684 pnecinuere
1403 2615 1698 2685 prophetae,

382 2709 482 2774 Qui
511 2708 708 2761 mundo
731 2705 910 2760 Jesnm
941 2719 1061 2758 mox
1093 2705 1388 2772 pnedixere
1417 2704 1655 2758 futurum

381 2796 633 2851 Germine
667 2793 732 2848 de
758 2793 915 2855 Iuda,
945 2793 1161 2862 quidam
1187 2803 1502 2848 surrexerat
1529 2811 1657 2866 ergo

380 2887 544 2941 Israel
579 2888 628 2939 in
657 2897 795 2939 terra
827 2885 1026 2948 senior,
1057 2884 1155 2937 sub
1179 2884 1295 2954 lege
1327 2896 1558 2950 vetusta,

382 2977 544 3031 Ortus
568 2976 732 3045 regali
764 2975 929 3028 David
958 2976 1024 3028 de
1053 2976 1296 3044 germine
1323 2978 1527 3046 magni,

384 3065 551 3132 Quem
585 3065 803 3118 tradunt
829 3065 1026 3119 etenim
1055 3079 1248 3118 nomen
1275 3067 1512 3120 tenuisse
1538 3063 1801 3121 Joachim.

384 3156 483 3212 Hic
512 3158 564 3210 in
597 3157 864 3210 mandatis
898 3155 1175 3224 genitricis
1198 3155 1265 3208 ab
1293 3154 1457 3209 ubere
1486 3155 1618 3223 legis

382 3247 678 3302 Esstiterat
701 3246 902 3315 justus,
942 3262 1042 3302 nec
1078 3262 1181 3300 non
1207 3247 1365 3316 digne
1387 3248 1678 3303 studiosus.

384 3338 496 3393 Hoc.
519 3353 733 3409 quoque
759 3339 1014 3392 continuo
1044 3338 1220 3392 fuerat
1257 3353 1350 3392 sua
1380 3339 1613 3392 maxima
1647 3355 1798 3404 cura,

385 3429 492 3500 74
517 3429 584 3484 Ut
609 3429 784 3498 gregis
809 3429 923 3498 ipse
951 3443 1060 3482 sua:
1087 3428 1222 3481 bene
1250 3438 1495 3496 pasceret
1516 3429 1726 3498 agmina
1756 3447 1954 3500 magal,

385 3521 700 3590 Designans,
734 3519 846 3572 veri
871 3533 990 3573 sese
1025 3519 1258 3588 pastoris
1284 3518 1490 3581 haberi,

386 3612 612 3682 Dignum
639 3610 1075 3679 quandoquidem
1109 3607 1350 3663 terrestri
1379 3623 1540 3662 carne
1571 3619 1870 3678 parentem,

385 3702 485 3768 Qui
521 3713 737 3771 portare
761 3700 872 3755 suis
904 3699 1142 3752 humeris
1176 3715 1282 3753 non
1309 3699 1517 3753 distulit
1541 3714 1727 3767 agnos,

383 3792 440 3846 In
470 3792 700 3861 propriis
731 3792 852 3843 vita:
881 3791 1083 3844 ducens
1114 3790 1180 3842 ad
1206 3790 1399 3859 gaudia
1432 3790 1566 3844 laeta:
1593 3832 1607 3855 ,

383 3883 649 3937 Passurus
672 3891 921 3946 mortem,
951 3896 1205 3951 magnum
1237 3881 1404 3935 nostri
1434 3897 1529 3950 per
1557 3897 1818 3947 amorem,

382 3971 781 4041 Empturusque
811 3985 930 4024 reos
957 3970 1151 4024 animae
1181 3971 1353 4038 pretio
1381 3969 1481 4024 sibi
1517 3971 1717 4025 charm.

459 4061 556 4116 Hic
585 4062 746 4116 heros
769 4060 990 4124 etenim,
1021 4060 1084 4114 de
1106 4075 1214 4129 quo
1240 4059 1495 4123 narrabo,
1524 4058 1769 4114 Joachim

383 4149 498 4203 Tali
525 4160 768 4222 percerte
791 4150 916 4202 felix
949 4149 1257 4218 patriarcha
1286 4158 1497 4217 nepote,

383 4241 523 4296 Toto
549 4257 607 4296 se
634 4241 854 4311 placidis
878 4255 1079 4294 ornans
1110 4241 1393 4293 conamine
1417 4239 1601 4305 factis,

381 4333 658 4402 Quidquid
687 4333 925 4401 possedit
953 4346 1051 4400 per
1080 4340 1191 4385 tres
1219 4340 1400 4400 partes
1429 4335 1715 4396 resecavit,

380 4425 600 4480 Partem
633 4426 766 4479 dans
794 4424 990 4487 viduis,
1025 4424 1324 4493 peregrinis
1351 4435 1510 4493 atque
1541 4427 1750 4494 puellis.

382 4513 594 4584 Saepius
619 4515 670 4568 in
699 4513 894 4582 templo
915 4523 1122 4582 partem
1150 4512 1536 4570 famulantibus
1565 4532 1713 4586 ergo,

380 4604 818 4673 Particulamque
851 4619 961 4658 sua:
988 4605 1166 4658 domui
1200 4616 1513 4660 servaverat
1544 4609 1710 4662 omni.

381 4695 499 4749 Hoc
527 4709 740 4764 quoque
769 4709 877 4749 non
909 4710 1030 4749 raro
1063 4693 1266 4750 faciens
1293 4697 1492 4765 pietate
1524 4698 1774 4768 benigna,

381 4787 555 4856 Digne
581 4786 887 4840 mercedem
923 4786 1159 4856 suscepit
1191 4787 1421 4857 denique
1459 4789 1642 4855 talem,

381 4876 455 4931 Ut
480 4876 695 4948 propria
725 4876 1078 4931 substantiola
1111 4877 1244 4932 bene
1281 4879 1656 4949 multiplicata,

380 4970 555 5038 Ipsius
581 4978 766 5039 gentes
795 4983 1048 5038 proceres
1082 4969 1409 5038 precelleret
1436 4987 1645 5036 omnes,

381 5060 494 5116 Nec
523 5060 626 5115 sibi
651 5060 983 5115 consimilem
1009 5069 1252 5129 portaret
1278 5070 1420 5116 terra
1451 5073 1749 5132 potentem,

381 5153 554 5218 Quem
583 5150 660 5204 sic
699 5157 1017 5203 cunctarum
1046 5148 1262 5205 fulciret
1294 5152 1447 5219 copia
1475 5168 1677 5208 rerum.

452 5241 724 5308 Quattuor
753 5241 878 5296 hinc
901 5249 1048 5296 certe
1073 5255 1194 5294 cum
1214 5243 1324 5312 jam
1354 5241 1581 5299 feliciter
1614 5245 1735 5314 ipse

378 5333 602 5367 Vinci-nl
630 5332 682 5367 in
717 5347 925 5367 cnme
956 5333 1167 5367 I'nI-lnno
1198 5333 1359 5367 Incer
1396 5342 1561 5367 Μελίη

1993 2351 2033 2388 ι)
2066 2333 2213 2388 Ilanc
2234 2345 2414 2388 autem
2442 2343 2766 2401 memorant,
2793 2336 3030 2391 sterilem
3055 2352 3159 2392 non
3191 2346 3431 2407 tempore
3451 2351 3635 2408 parvo,

2064 2424 2223 2495 Spem
2254 2434 2442 2495 partus
2482 2426 2686 2479 homini
2713 2426 2916 2480 nullam
2945 2427 3192 2482 conferre
3216 2427 3380 2492 fideli,

2062 2515 2322 2577 Tandem.
2353 2517 2574 2585 digestis
2604 2515 2686 2571 bis
2717 2515 2869 2572 denis
2906 2519 3111 2573 scilicet
3143 2522 3318 2583 annis,

2062 2606 2298 2678 Contigit
2329 2607 2380 2660 in
2409 2607 2605 2678 templo
2626 2607 2894 2674 Joaehitu,
2922 2611 3021 2665 sub
3054 2620 3294 2682 tempore
3318 2611 3478 2677 festo,

2061 2701 2204 2755 Inter
2226 2710 2467 2756 sacratos
2494 2704 2681 2757 altaris
2705 2711 2848 2757 stare
2879 2705 3176 2768 ministros,

2061 2791 2345 2847 Incensum
2369 2793 2514 2863 digni
2545 2791 2757 2846 fuerant
2781 2793 2870 2862 qui
2895 2808 3096 2863 ponere
3122 2795 3244 2857 visi,

2063 2881 2233 2949 Quem
2265 2883 2452 2938 Ruben
2482 2883 2660 2954 templi
2692 2884 2818 2938 dum
2853 2885 2983 2940 vidit
3010 2887 3187 2941 scriba
3219 2888 3440 2953 sacrati,

2064 2972 2301 3025 Exosum
2332 2971 2534 3026 factum
2566 2973 2725 3028 dictis
2746 2973 2940 3029 affatur
2967 2979 3187 3032 amaris.

2064 3059 2180 3116 Non
2211 3063 2336 3118 licet
2365 3063 2667 3131 incensum,
2695 3066 2850 3131 dixit,
2877 3077 2927 3122 te
2955 3077 3173 3137 tangere
3197 3081 3463 3136 sanctum,

2065 3151 2171 3220 75
2201 3151 2421 3207 Munera
2451 3169 2549 3209 nec
2576 3153 2803 3210 Domino
2831 3169 3052 3227 prastat
3078 3159 3209 3215 dare
3249 3163 3602 3218 sacrificando
3622 3203 3638 3229 ,

2065 3243 2141 3296 Te
2163 3244 2286 3312 quia
2317 3245 2582 3315 despexit,
2605 3247 2808 3303 sobolis
2837 3265 2960 3304 cum
2989 3251 3128 3305 dona
3155 3254 3386 3322 negavit.

2135 3331 2250 3387 Non
2272 3333 2420 3388 dedit
2447 3348 2476 3388 e
2503 3345 2693 3390 contra
2725 3338 2945 3393 verbum
2972 3340 3054 3393 vir
3077 3342 3270 3397 nobilis
3299 3342 3462 3398 ullum
3480 3387 3495 3411 ,

2067 3420 2174 3474 Sed
2201 3436 2435 3476 mcerens
2467 3422 2616 3487 abiit,
2661 3425 2825 3482 silvas
2857 3428 3132 3500 tristisque
3173 3434 3390 3501 petivit,

2066 3511 2122 3565 In
2152 3513 2305 3581 queis
2336 3529 2474 3582 saepe
2497 3531 2712 3586 gregem
2746 3522 3022 3574 consuevit
3051 3539 3274 3593 pascere
3306 3529 3532 3596 pridem.

2067 3601 2163 3666 Ac,
2193 3603 2245 3656 in
2285 3605 2628 3674 longinquam
2654 3622 2884 3678 pergens
2914 3627 3011 3680 per
3049 3614 3200 3668 devia
3234 3625 3430 3672 terram
3451 3660 3465 3681 ,

1996 3711 2039 3772 ρ
2070 3695 2249 3764 Ipsum
2279 3713 2399 3752 cum
2430 3701 2661 3768 propriis
2684 3717 2864 3757 secum
2897 3705 3143 3762 ducendo
3183 3711 3456 3780 magistris
3481 3754 3496 3777 ,

2071 3787 2169 3841 Hic
2196 3788 2247 3840 in
2273 3791 2497 3844 secretis
2528 3791 2705 3846 latitat
2731 3796 2998 3862 pascendo
3034 3797 3251 3854 latebris
3274 3842 3287 3862 ,

2069 3876 2175 3931 Nec
2212 3881 2420 3946 postad
2445 3881 2670 3946 patriam
2703 3881 2903 3950 placuit
2943 3901 3186 3942 remeare
3218 3889 3458 3944 relictam
3485 3933 3497 3951 .

2068 3970 2267 4024 Passus
2299 3987 2531 4041 namque
2570 3989 2788 4042 gravem
2825 3988 3032 4031 secreta
3060 3992 3237 4034 mente
3269 3983 3529 4050 pndorent

2066 4059 2141 4113 Ex
2176 4059 2363 4115 Ruben
2399 4061 2595 4126 verbis,
2628 4064 2718 4132 qui
2746 4079 2804 4120 se
2831 4077 3106 4132 causatur,
3151 4073 3370 4126 amaris.

2141 4151 2307 4219 Hujus
2337 4164 2582 4222 percerte
2613 4165 2734 4224 post
2760 4173 2975 4215 menses
3003 4160 3201 4230 inclyta
3226 4164 3466 4233 quinque

2068 4243 2300 4310 Conjux,
2340 4245 2658 4314 deSperans,
2684 4247 2832 4301 illum
2871 4248 2984 4316 jant
3018 4251 3195 4306 vivere
3225 4253 3429 4307 salvum
3451 4295 3464 4319 ,

2067 4333 2122 4386 In
2155 4332 2294 4387 soles
2320 4333 2488 4399 ﬂevit,
2541 4350 2638 4390 nec
2660 4337 2895 4392 solamen
2933 4341 3032 4394 sibi
3067 4342 3223 4395 scivit

2067 4421 2283 4489 Hasqne
2312 4438 2498 4490 preces
2526 4425 2752 4480 Domino
2778 4427 3032 4497 profudit,
3052 4431 3205 4484 triste
3229 4430 3455 4487 dolendo
3482 4454 3494 4490 :

2065 4511 2278 4567 Israelis
2305 4513 2522 4575 Rector,
2556 4515 2702 4570 solus
2726 4532 2937 4586 quoque
2965 4521 3139 4588 gentis
3176 4532 3388 4578 amator
3413 4566 3426 4589 ,

2067 4605 2168 4672 Qui
2199 4621 2412 4674 semper
2449 4607 2663 4663 refoves
2689 4611 2803 4664 miti
2834 4611 3034 4679 pietate
3061 4613 3301 4669 dolentes

2066 4695 2175 4750 Cur
2206 4697 2452 4752 mihimet
2481 4700 2688 4753 socium
2719 4699 2932 4754 voluisti
2967 4702 3152 4757 tollere
3181 4705 3426 4769 charum,

2065 4784 2285 4840 Addens
2310 4801 2600 4843 mcerorem
2629 4789 2774 4845 tristi
2804 4805 3122 4861 semperque
3154 4792 3352 4848 dolenti
3371 4835 3385 4856 ,

2066 4873 2219 4940 Quod
2250 4890 2466 4947 semper
2494 4879 2696 4934 sterilis
2726 4881 2922 4945 mansi,
2947 4881 3062 4937 sine
3084 4885 3324 4951 germine
3346 4889 3517 4941 ventri

2068 4967 2173 5022 Sed
2197 4985 2341 5024 nunc
2373 4969 2597 5038 majoris
2626 4972 2820 5031 vnlnns
2845 4975 3060 5045 snspiro
3091 4978 3291 5034 doloris
3314 5021 3329 5043 ,

1988 5063 2041 5122 1)
2070 5059 2197 5120 Hoc,
2230 5061 2357 5128 quia
2394 5075 2492 5115 nec
2520 5063 2758 5131 penitus,
2781 5065 2908 5136 quid
2940 5068 3232 5129 conferret,
3263 5071 3397 5136 scio,
3427 5088 3514 5128 cas

2067 5146 2244 5217 Legali
2280 5149 2508 5202 Domino
2531 5154 2729 5208 devoto
2770 5153 2904 5226 legis
2929 5155 3123 5210 amico.

2068 5240 2112 5295 0
2134 5255 2217 5293 me
2241 5240 2472 5304 felicem,
2516 5246 2561 5299 si
2597 5243 2780 5300 saltim
2813 5259 3040 5303 noscere
3077 5262 3289 5317 possem
3311 5291 3325 5313 ,

2068 5329 2259 5367 "Il-nm
2286 5345 2431 5365 πται-α
2457 5330 2611 5365 illum
2646 5334 2829 5365 αηινιιιιι

2855 5334 3097 5363 ριιιιιιΛ-ΑΙ
3131 5351 3154 5363 Α
3164 5353 3210 5363 .-ι
3221 5351 3244 5363 σι
3255 5354 3306 5363 -ιι
