4482 5548
862 458 991 513 1067
1712 441 2179 499 ΙΙΗΟΤΒΗΙΤΙΙΑΞ
2220 436 2542 493 MONIALIS
2576 439 2632 492 Ο.

2340 436 2542 492 ςιΑιιδ
2576 436 3263 495 GANDERSHEIMENSIS
3547 506 3554 512 ﬁ
3976 434 4110 490 1068

860 574 1056 642 Inclyta
1081 566 1347 635 condigne
1370 558 1718 616 committens
1747 556 1987 610 membra
2018 551 2285 621 sepulcro.

928 666 1022 719 llis
1055 663 1125 716 ita
1156 658 1342 721 ﬁnitis,
1362 653 1592 709 sublatis
1623 652 1799 704 cernit
1822 649 2007 703 ocellis

856 759 911 811 In
948 752 1111 808 ramis
1143 747 1277 803 lauri
1302 749 1616 800 resonantes
1643 753 1920 795 murmure
1950 737 2089 791 dulci

856 842 1035 896 Pullos
1064 834 1380 910 plumigeris
1409 831 1659 886 volucres
1706 829 2045 883 cnrcumdare
2073 824 2287 894 pennis.

859 935 969 989 lloc
1002 932 1077 986 uti
1115 928 1392 990 cernebat,
1426 921 1671 980 subtristi
1715 935 1847 976 voce
1871 920 2139 975 canebat:

858 1026 967 1077 Rex
996 1021 1141 1085 cmli,
1178 1017 1333 1078 fortis
1356 1015 1443 1070 cui
1473 1013 1719 1083 subjacet
1746 1010 1980 1080 astriger
2009 1009 2155 1073 axis;

856 1114 964 1185 76
993 1110 1186 1167 Omnia
1229 1107 1320 1177 qui
1352 1113 1497 1161 certe
1518 1103 1660 1173 potis
1685 1116 1743 1157 es
1768 1101 2054 1171 disponere
2076 1109 2224 1155 recte
2241 1138 2254 1163 ,

855 1207 1081 1272 Semper
1101 1207 1421 1256 cunctarum
1455 1194 1547 1249 tibi
1576 1193 1691 1247 laus
1718 1198 1895 1246 exstet
1926 1190 2186 1259 pietatum
2207 1230 2220 1253 ,

854 1292 1006 1363 Quod
1029 1290 1265 1346 clemens
1292 1293 1517 1341 cunctos
1543 1281 1762 1352 pietatis
1792 1294 2014 1334 munere
2035 1280 2217 1340 vivos,

854 1382 1171 1446 Piscieulos,
1213 1377 1464 1449 pecudes,
1507 1381 1787 1443 serpentes
1814 1380 1975 1439 atque
2005 1368 2250 1424 volucres
2277 1410 2290 1433 ,

855 1474 1203 1545 Congauderc
1232 1469 1346 1525 suis
1370 1465 1583 1523 donasti
1603 1462 1792 1519 sedulo
1822 1461 2004 1532 pullis.

855 1567 961 1622 Sed
988 1573 1184 1619 memet
1207 1561 1376 1616 solam
1419 1556 1657 1613 sterilem
1683 1568 1965 1610 remanere
1994 1552 2255 1607 misellam

854 1660 1030 1713 Causa
1056 1650 1471 1725 judiciijussisti
1520 1648 1750 1716 denique
1782 1646 1937 1701 recti.

854 1750 930 1804 Te
955 1748 1167 1803 tandem
1194 1746 1556 1814 omnipatrem
1588 1739 1863 1796 constanti
1892 1746 2111 1807 pectore
2140 1748 2329 1793 testem

852 1840 1072 1902 lnvoco,
1105 1835 1338 1906 conjugii
1371 1834 1545 1903 primo
1587 1830 1730 1901 quod
1765 1838 2008 1898 tempore
2032 1829 2185 1891 vovi,

857 1930 913 1984 Si
948 1927 1151 1983 ventris
1182 1925 1417 1979 fructum
1450 1921 1579 1976 mihi
1613 1925 1906 1989 praestares
1943 1917 2063 1986 pius
2098 1916 2252 1981 ullis,

855 2022 993 2076 llinc
1023 2034 1148 2075 mox
1180 2018 1231 2072 in
1264 2013 1463 2084 templo
1496 2011 1617 2065 sisti
1641 2009 1735 2063 tibi
1770 2009 1873 2063 rite
1899 2016 2112 2062 sacrato
2134 2047 2148 2071 ,

853 2114 1229 2180 Obsequioque
1252 2106 1329 2161 tui
1358 2102 1516 2174 legali
1552 2115 1703 2155 more
1741 2100 1967 2155 sacrari.

924 2204 1075 2259 Talia
1101 2201 1228 2255 dum
1254 2196 1466 2252 mundis
1487 2193 1748 2249 formaret
1778 2190 2000 2246 verbula
2023 2189 2189 2245 labris
2208 2233 2220 2253 ,

853 2293 1092 2365 Angelus
1116 2290 1383 2359 astrigero
1415 2284 1596 2339 subito
1626 2281 1904 2336 descendit
1925 2282 1992 2334 ab
2018 2278 2156 2346 alto,

853 2387 1085 2442 Maxima
1130 2378 1361 2437 tristitia:
1389 2382 1612 2449 portans
1659 2370 1924 2427 solamina
1956 2380 2147 2436 tantae;

854 2482 920 2535 Et
944 2488 1092 2534 stans
1126 2476 1227 2530 sub
1249 2472 1407 2535 facie,
1440 2467 1597 2523 dictis
1622 2467 1737 2520 lucc
1768 2462 1914 2517 fatur
1935 2462 2126 2517 amicis
2157 2480 2167 2513 :

852 2571 1001 2624 Exue
1025 2578 1311 2621 mcerorem
1339 2558 1542 2621 cordis,
1567 2556 1774 2625 depone
1802 2553 2041 2607 dolorem
2061 2593 2074 2617 ,

852 2657 1197 2723 (Ionsilioque
1226 2651 1317 2706 Dei
1343 2662 1564 2721 germen
1607 2644 1701 2699 tibi
1757 2643 1963 2697 credito
1991 2643 2186 2697 summi

853 2748 984 2811 lloc,
1008 2743 1149 2814 quod
1184 2750 1369 2796 ventre
1396 2748 1486 2792 tuo
1513 2734 1768 2807 procedet
1805 2741 2049 2802 tempore
2080 2742 2260 2796 certo,

857 2840 991 2892 Vere
1022 2836 1114 2891 ﬁet
1138 2834 1275 2887 idem
1311 2828 1520 2899 pepulis
1552 2823 1797 2881 mirabile
1822 2823 2055 2878 cunctis.

852 2930 1019 2993 Dixit,
1051 2936 1105 2981 et
1134 2921 1406 2991 aurivagis
1438 2918 1688 2976 revolans
1720 2924 1870 2972 secat
1893 2914 2099 2969 aethera
2135 2915 2346 2985 pennis.

848 3022 1003 3074 Anna
1030 3016 1146 3081 sed,
1179 3011 1437 3083 angelicis
1461 3008 1686 3063 nimium
1708 3006 1999 3075 perterrita
2022 3005 2225 3068 verbis,

853 3108 1040 3162 Mmsta
1082 3105 1298 3158 domum
1332 3099 1506 3168 petiit,
1548 3110 1669 3150 sese
1700 3094 1946 3162 lectoque
1975 3092 2206 3157 locavit,

850 3198 917 3252 Et
940 3193 1253 3250 tremefacta
1285 3190 1423 3245 diem
1456 3186 1785 3256 psalmorum
1816 3183 1933 3254 lege
1963 3192 2223 3254 perorat,

852 3286 1047 3341 Effusis
1072 3291 1285 3337 noctem
1313 3278 1563 3349 precibus
1600 3275 1848 3331 ducendo
1873 3283 2213 3344 sequentem.

852 3380 980 3433 Post
1005 3377 1116 3430 lucc
1142 3387 1272 3437 ergo
1300 3384 1452 3424 suam
1478 3367 1737 3437 praecepit
1768 3366 1958 3421 adesse
1995 3366 2248 3436 puellam,

850 3475 1130 3527 Astantcm
1185 3466 1423 3536 rogitans
1461 3460 1693 3533 propriis
1736 3459 1883 3513 illam
1922 3459 2021 3513 sub
2051 3458 2254 3513 ocellis.

852 3565 960 3616 Cur
987 3574 1044 3614 sc
1081 3556 1405 3623 despiceret,
1432 3550 1513 3606 vel
1542 3564 1641 3604 cur
1672 3556 1780 3602 tam
1814 3562 1936 3602 sero
1968 3549 2177 3602 veniret
2204 3589 2217 3613 ,

851 3655 983 3708 Cum
1013 3651 1112 3706 sibi
1142 3646 1368 3704 sentiret
1399 3643 1511 3697 ﬁeri
1543 3640 1671 3712 quid
1706 3639 1842 3695 forte
1864 3640 2157 3709 stupendi?

924 3741 1172 3798 lleddidit
1200 3754 1230 3794 e
1258 3744 1447 3793 contra
1481 3733 1711 3787 dominae
1734 3731 1941 3786 lasciva
1973 3730 2188 3785 lamella

851 3830 1167 3903 Opprobriis
1190 3836 1391 3882 tactum
1421 3821 1605 3878 servili
1632 3834 1913 3875 murmure
1937 3820 2184 3875 verbum.

852 3926 908 3980 Si
941 3935 991 3979 te
1020 3918 1264 3990 despexit
1301 3914 1540 3971 sterilem
1570 3911 1771 3967 faciens
1799 3910 1961 3975 Deus,
2003 3911 2199 3981 inquit,

856 4017 969 4079 hic,
998 4028 1153 4083 rogo,
1197 4009 1393 4065 divinae
1420 4018 1596 4060 causae
1624 4002 1752 4071 quid
1782 4001 2019 4072 pertinet
2041 4000 2107 4054 ad
2139 4001 2260 4056 me?

851 4110 1005 4161 Anna
1028 4105 1120 4159 sed
1146 4097 1496 4171 opprobrium
1519 4094 1787 4164 patienter
1820 4092 2042 4163 pertulit
2068 4093 2210 4147 istud
2232 4134 2246 4157 ,

852 4196 1144 4252 Effundens
1170 4200 1377 4246 tantum
1406 4188 1671 4257 lacrymas
1709 4184 1985 4240 subtristis
2012 4199 2251 4239 amaras.

852 4290 958 4361 77
983 4286 1197 4341 Scilicet
1230 4283 1334 4337 bac
1358 4280 1471 4348 ipsa
1500 4276 1746 4331 Joacbitn
1778 4275 2070 4345 prmdictus
2094 4276 2147 4329 in
2174 4276 2305 4329 liora

853 4378 1089 4449 Angelus
1116 4386 1401 4444 apparens,
1434 4370 1574 4423 inter
1599 4376 1854 4422 montana
1885 4364 2159 4435 refulgens
2179 4406 2192 4431 ,

853 4476 906 4527 In
932 4472 1086 4542 queis
1117 4477 1243 4522 tunc
1266 4463 1539 4535 pascendo
1577 4474 1795 4531 gregem
1824 4459 2136 4513 latitaverat
2163 4473 2303 4527 mger

850 4568 1097 4621 Jusscrat
1118 4561 1185 4615 ad
1215 4558 1420 4614 sociam
1458 4553 1621 4609 citius
1662 4565 1905 4606 remeare
1934 4551 2203 4605 relictam.

850 4656 951 4722 Qui
981 4654 1137 4716 dixit,
1168 4646 1391 4705 monitis
1421 4644 1601 4697 animo
1628 4648 1908 4712 permotus
1940 4639 2007 4693 ab
2042 4639 2183 4693 illis:

854 4752 980 4806 llzec
1001 4747 1112 4817 jam
1144 4742 1231 4797 bis
1262 4737 1417 4794 denis
1446 4748 1659 4790 mecum
1683 4740 2061 4803 permanserat
2093 4731 2272 4793 annis,

850 4843 931 4898 Ex
958 4839 1047 4893 illa
1075 4832 1337 4889 Dominus
1366 4826 1607 4883 sobolem
1632 4824 1765 4879 mihi
1797 4820 1897 4878 nec
1919 4822 2067 4877 dedit
2100 4822 2294 4886 ullam,

850 4938 1077 5000 Insuper
1095 4921 1402 4995 opprobriis
1420 4916 1642 4974 discessi
1681 4916 1870 4986 plenus
1890 4915 2090 4969 amaris

848 5028 1035 5096 Nuper
1056 5020 1122 5074 de
1151 5014 1372 5087 templo,
1409 5027 1574 5069 causa
1603 5008 1862 5066 confusus
1884 5008 1952 5062 ab
1983 5008 2120 5077 ipsa,

848 5116 913 5170 Et
951 5128 1039 5168 me
1072 5109 1407 5177 despectum,
1438 5101 1710 5170 tantisque
1743 5098 1899 5152 malis
1925 5105 2228 5153 saturatum
2256 5140 2267 5159 ,

849 5199 1104 5260 llorturis
1124 5195 1360 5268 regredi,
1388 5193 1543 5248 subdi
1578 5190 1860 5261 primoque
1886 5187 2101 5259 pudori.

848 5296 928 5352 Atl
955 5306 1121 5363 quem
1151 5284 1454 5344 mansuetis
1480 5282 1716 5339 caelestis
1746 5279 1969 5336 nuntius
1988 5278 2157 5342 orsis,

2458 553 2506 609 Α
2537 548 2756 618 llocque
2780 550 2874 603 tibi
2915 550 3057 613 dico,
3090 550 3234 618 quod
3266 562 3387 602 mox
3420 506 3731 616 praenobilis
3766 545 3953 609 Anna,

2537 639 2814 709 Concipiet
2846 648 3058 703 natam,
3091 638 3301 693 cunctis
3335 637 3533 693 seculis
3573 636 3951 692 venerandam.

2537 728 2663 782 Haec
2686 729 2826 782 inter
2847 735 3002 783 natas
3032 728 3309 782 hominum
3342 725 3435 781 ﬁet
3462 740 3619 780 sacra
3647 733 3894 790 cunctas,

2539 818 2771 888 Spiritus
2798 826 2853 873 et
2883 819 3080 873 merito
3113 824 3331 873 sanctus
3361 816 3663 886 requiescet
3693 815 3747 868 in
3778 813 3887 878 illa,

2537 908 2615 962 Ac
2644 924 2741 977 per
2767 923 2929 978 quam
2957 909 3139 963 veniet
3178 906 3377 961 mundo
3408 904 3710 960 benedictio
3738 918 3970 966 summa,

2539 994 2648 1051 Nec
2670 996 2899 1065 primam
2921 995 3173 1060 similem,
3210 1009 3309 1050 nec
3338 994 3513 1050 fertur
3541 994 3742 1049 habere
3772 1001 4109 1063 sequentem.

2536 1089 2604 1143 At
2626 1104 2767 1145 nunc
2794 1090 2863 1145 ad
2892 1090 3098 1145 sociam
3130 1098 3277 1145 tenta
3302 1103 3545 1144 remeare
3569 1089 3807 1152 beatam,

2538 1179 2665 1246 Quae
2691 1180 2928 1251 gaudens
2959 1180 3105 1236 omni
3129 1189 3336 1235 tantum
3358 1179 3535 1250 pariet
3564 1178 3729 1233 decus
3750 1179 3900 1243 orbi,

2538 1270 2604 1325 Et
2648 1285 2863 1341 semper
2884 1280 3065 1342 grates
3092 1271 3308 1326 Factori
3336 1270 3544 1325 reddite
3565 1270 3776 1333 dulces,

2538 1360 2632 1414 Cui
2660 1359 2836 1430 placet
2858 1362 3083 1430 stirpem
3107 1360 3262 1414 vobis
3292 1360 3590 1414 concedere
3607 1358 3763 1414 talem
3781 1400 3796 1425 ,

2538 1452 2761 1514 Qualem
2792 1460 3041 1521 percerte
3065 1466 3341 1521 nunquam
3365 1460 3589 1507 tenuere
3612 1453 3886 1523 pr0plteta:
3904 1493 3916 1514 ,

2538 1544 2737 1597 Omnes
2773 1542 2931 1597 electi
2961 1550 3084 1612 post
3116 1542 3233 1596 haec
3260 1556 3367 1595 non
3398 1551 3528 1596 sunt
3549 1539 3805 1595 habituri.

2608 1636 2688 1689 Ad
2729 1649 2912 1703 quem,
2959 1632 3241 1704 promissis
3269 1632 3513 1687 Joachim
3548 1631 3761 1686 laetatus
3788 1631 3838 1685 in
3873 1631 4009 1684 illis:

2540 1723 2596 1778 Si
2644 1722 2773 1776 mihi
2800 1732 2949 1776 certa
2978 1730 3069 1776 tuo
3108 1731 3326 1775 maneat
3368 1728 3456 1774 tua
3480 1720 3652 1790 gratia
3679 1734 3869 1783 servo,

2540 1814 2617 1867 Ad
2643 1824 2850 1882 tempus
2881 1814 3105 1883 dignare
3134 1828 3256 1867 meo
3296 1812 3636 1882 requiescere
3664 1821 3833 1876 tecto,

2464 1903 2510 1963 Β
2542 1902 2603 1955 Ει
2632 1914 2851 1973 gustare
2884 1904 3067 1957 cibum
3091 1917 3195 1956 non
3220 1902 3509 1970 dedignere
3531 1910 3800 1970 paratum.

2607 1992 2841 2061 Angelus
2865 2009 2895 2047 e
2918 2000 3104 2047 contra
3132 1993 3347 2047 dicebat
3378 2007 3504 2047 voce
3529 1992 3722 2047 decora
3747 2006 3761 2044 :

2539 2082 2648 2152 78
2684 2082 2896 2147 Desine,
2921 2096 3104 2151 posco,
3137 2096 3313 2135 meum
3339 2090 3459 2151 post
3492 2081 3606 2134 ιιωο
3631 2090 3683 2134 te
3705 2081 3885 2135 dicere
3906 2096 4118 2135 servum

2539 2174 2690 2241 Esse,
2714 2172 2808 2227 scd
2832 2172 3085 2241 angelicae
3107 2180 3411 2226 consortem
3447 2171 3653 2226 credito
3686 2179 3893 2223 turmae.

2539 2265 2670 2318 Nam
2700 2264 2830 2319 mihi
2877 2265 3107 2319 terrenis
3138 2279 3274 2333 opus
3302 2272 3385 2317 est
3413 2278 3517 2316 non
3547 2263 3754 2317 vescier
3774 2262 3945 2325 escis,

2538 2355 2708 2422 Quem
2736 2354 2909 2424 pascit
2938 2354 3145 2408 Domini
3169 2366 3383 2421 semper
3416 2352 3698 2422 praesentia
3724 2351 3939 2405 summi.

2540 2445 2879 2515 Quapropter
2909 2458 3123 2507 moneo,
3154 2443 3383 2497 Domino
3420 2441 3676 2496 libamine
3703 2456 3862 2495 sacro

2540 2535 2652 2591 Hoc
2676 2546 2727 2590 te
2750 2535 2912 2600 ferre,
2946 2535 3081 2589 meis
3105 2534 3307 2603 satagis
3338 2534 3479 2603 quod
3514 2548 3718 2602 ponere
3742 2534 3966 2587 mensis.

2540 2623 2641 2689 Qui
2669 2624 2809 2679 citus
2830 2621 3140 2677 anniculum
3171 2622 3428 2692 gregibus
3449 2622 3791 2676 subtraxerat
3818 2636 4014 2692 agnum
4038 2662 4050 2685 ,

2542 2715 2779 2784 Sperans
2805 2713 3173 2783 opprobrium,
3204 2712 3414 2776 Ruben,
3444 2726 3686 2766 cessasse
3714 2720 3983 2767 vetustum
4012 2753 4027 2778 ,

2542 2805 2783 2858 lmmolat
2810 2815 2864 2859 et
2892 2804 3140 2869 Domino,
3166 2802 3383 2871 gavisus
3399 2811 3618 2873 pectore
3644 2803 3765 2857 lzeto
3793 2843 3807 2867 ,

2542 2895 2757 2964 Ignibus
2780 2893 3058 2963 appositis,
3105 2901 3164 2945 ut
3186 2892 3349 2946 habet
3376 2893 3666 2961 pra3ceptio
3690 2892 3839 2962 legis.

2542 2984 2802 3054 Angelus,
2833 2984 2918 3039 bis
2948 2986 3086 3039 votis
3108 2992 3166 3037 ut
3187 2983 3352 3053 jussit
3380 2985 3483 3039 rite
3513 2985 3750 3055 peractis
3771 3026 3784 3050 ,

2544 3076 2746 3131 Altaris
2771 3076 2920 3130 fumo
2946 3075 3190 3130 sublatus
3219 3077 3394 3147 pergit
3415 3076 3480 3130 ad
3506 3086 3673 3131 astra.

2615 3165 2786 3233 Quam
2819 3174 2947 3220 tunc
2977 3164 3259 3221 clementis
3294 3166 3554 3236 paulatim
3587 3168 3763 3237 gratia
3787 3166 3963 3223 Patris

2467 3255 2512 3317 Ω
2544 3256 2769 3327 lnccepit
2793 3256 2959 3310 radiis
2998 3255 3198 3311 mundo
3229 3254 3505 3311 lucescere
3541 3256 3740 3322 claris,

2544 3352 2720 3417 Atque
2749 3348 2899 3417 prior
2927 3347 3178 3403 stabilem
3203 3348 3475 3403 discordia
3514 3363 3728 3403 sumere
3755 3349 3937 3411 tinem,

2544 3439 2676 3494 Cum
2706 3452 2803 3492 sua
2831 3438 3080 3492 caelestes
3104 3437 3338 3507 primum
3366 3437 3637 3491 consortia
3661 3438 3809 3492 cives

2547 3527 2685 3582 Olim
2716 3528 3016 3597 terrigenas
3042 3525 3432 3595 promittebant
3468 3527 3773 3593 habituros,

2546 3621 2692 3687 Quos
2722 3619 2871 3689 prius
2904 3633 2935 3673 e
2959 3618 3166 3673 meritis
3203 3617 3375 3673 Adam
3410 3632 3665 3688 sprevere
3696 3618 3959 3689 parentis.

2548 3713 2654 3766 Nec
2686 3712 2843 3766 latuit
2870 3722 2997 3765 tunc
3027 3710 3327 3781 angelicum
3358 3710 3647 3765 clementia
3678 3721 3879 3765 coetum

2548 3803 2900 3873 Omnipatris,
2926 3802 3207 3872 proprium
3236 3802 3328 3870 qui
3370 3814 3494 3855 mox
3530 3810 3653 3870 post
3675 3810 3916 3871 tempora
3946 3812 4132 3856 natum

2549 3895 2757 3949 Mittere
2801 3895 3101 3965 virgineum
3132 3892 3397 3947 miserans
3422 3892 3658 3962 disponit
3684 3892 3738 3945 in
3768 3892 3947 3946 alvum
3974 3934 3987 3958 ,

2550 3989 2618 4044 Ut
2646 3989 2762 4043 sine
2789 3986 3055 4057 principio
3086 3995 3243 4039 natus
3268 3984 3332 4038 de
3366 3983 3527 4039 Patre
3554 4000 3838 4054 supremo,

2548 4082 2777 4135 Carnem
2806 4077 3048 4147 virgineo
3079 4076 3181 4131 sub
3230 4084 3473 4143 tempore
3502 4085 3743 4130 sumeret
3763 4076 3915 4141 alvo,

2548 4169 2748 4223 Omnes
2774 4154 2936 4233 atque
2966 4180 3064 4219 suo
3111 4163 3350 4219 salvaret
3400 4165 3661 4234 sanguine
3690 4180 3846 4220 sacro
3865 4207 3879 4229 ,

2546 4260 2624 4317 Ne
2659 4270 2780 4330 post
2799 4259 2914 4313 haec
2937 4256 3152 4327 generis
3186 4255 3409 4309 humani
3432 4254 3656 4310 callidus
3686 4256 3855 4311 hostis

2547 4354 2820 4409 Gauderet
2868 4350 3125 4403 mundum
3154 4346 3358 4416 laqueis
3386 4347 3619 4401 retinere
3648 4348 3897 4418 malignis
3916 4388 3930 4412 ,

2548 4446 2651 4500 Sed
2676 4442 2873 4506 Patris,
2904 4449 2959 4496 et
2986 4439 3129 4505 Nati,
3180 4454 3376 4493 numen
3404 4454 3617 4509 quoque
3641 4440 3953 4497 Pneumatis
3981 4442 4130 4506 almi,

2551 4536 2765 4606 IEquali
2796 4533 2967 4588 forma
2992 4531 3202 4601 pollens
3232 4531 3331 4585 sub
3355 4530 3571 4585 nomine
3604 4531 3743 4587 trino
3764 4574 3777 4597 ,

2471 4596 2521 4656 D
2551 4596 2844 4681 Finetenus
2875 4596 3123 4677 stabilem
3148 4628 3402 4691 regnaret
3428 4618 3550 4689 jure
3577 4635 3673 4691 per
3698 4596 3906 4677 orbem.

2621 4718 2856 4790 Angelus
2893 4715 3215 4785 astrigerum
3257 4723 3544 4784 postquam
3597 4714 3931 4769 transcendit
3965 4713 4131 4783 olym-

3874 4803 4022 4876 [pum
4046 4846 4058 4869 ,

2554 4908 2651 4963 Vix
2678 4905 2887 4977 patiens
2913 4901 3154 4957 Joachim
3183 4907 3345 4954 tantae
3374 4913 3646 4968 praeconia
3677 4911 3854 4951 causa!
3875 4938 3890 4963 ,

2555 5000 2620 5055 Et
2647 5008 2823 5053 tactus
2846 4994 3025 5066 jaculo
3054 4993 3277 5048 terroris
3309 4991 3542 5059 denique
3574 5003 3803 5059 magno,

2556 5092 2770 5145 Stratus
2808 5089 2875 5142 ad
2900 5099 3069 5154 usque
3092 5083 3262 5139 solum
3287 5081 3417 5138 doni
3438 5081 3640 5135 virtute
3668 5079 3888 5149 superni
3915 5119 3930 5145 ,

2554 5179 2882 5236 Pertimidus
2901 5176 3069 5245 jacuit
3096 5189 3193 5229 nec
3225 5188 3330 5228 non
3359 5171 3475 5227 sine
3504 5180 3685 5225 mente
3713 5170 3919 5239 quievit

2553 5272 2662 5343 79
2688 5271 2860 5341 Ipsius
2883 5276 3056 5333 sexta,
3089 5266 3140 5320 ni
3169 5265 3345 5331 fallor,
3382 5264 3519 5319 forte
3547 5263 3653 5317 diei
3683 5301 3699 5327 ,

2554 5365 2593 5382 I'\
2618 5380 2625 5381 γ
2650 5379 2681 5382 κ,
2715 5376 2757 5382 --
2775 5360 2788 5382 Ι
2815 5374 2981 5382 ---ρ-..Α
3012 5372 3164 5382 ann-4M
3202 5354 3437 5382 ΛΑςηΛΙ-ιαζ

2815 5374 2981 5382 ---ι-..ι-
3012 5372 3164 5382 Α...ι-νκ
3202 5354 3459 5382 ΛΑηΛΙ-ιαῖι
3496 5366 3723 5382 ιιηδηΛηΔ
3746 5365 3963 5382 Διί-(διετῆ
