4482 5548
388 395 522 448 1069

381 509 546 574 Queis
573 520 693 560 cum
716 501 952 559 callestis
983 504 1257 553 narrasset
1283 495 1470 548 nuntia
1497 491 1652 551 civis,

383 601 689 652 Suascrunt
718 593 788 646 illi
806 590 972 658 jussis
999 601 1190 657 parere
1217 584 1465 654 supernis

384 686 450 738 Et
475 684 658 752 rapido
682 680 912 749 patriam
935 691 1092 731 cursu
1120 673 1375 743 repedare
1404 669 1671 723 relictam.

383 775 484 839 Qui
522 773 774 841 gregibus
826 768 978 822 lectis
1003 765 1154 820 silvis
1181 761 1432 817 discessit
1467 760 1533 812 ah
1576 758 1710 819 illis,

384 864 461 916 Ac
492 861 730 932 gaudens
757 871 953 928 pueros
982 870 1163 910 secum
1193 853 1486 907 deduxerat
1512 851 1675 918 ipsos.

385 954 453 1007 Et
481 967 603 1008 cum
634 951 917 1005 transisset
937 947 1170 1017 spatium
1197 945 1416 1014 triginta
1445 944 1690 1005 dierum,

384 1041 618 1110 Angelus
641 1039 814 1093 oranti
845 1047 1044 1092 sancta:
1073 1035 1377 1104 comparuit
1412 1033 1609 1094 Annze,

387 1131 450 1183 Et
475 1146 596 1183 cum
625 1129 862 1198 paciﬁcis
885 1128 1212 1198 deprompsit
1237 1125 1361 1178 talia
1397 1123 1607 1178 verbis:

386 1221 691 1289 Exsurgens
716 1219 913 1282 animo,
941 1217 1086 1271 vultu
1113 1230 1327 1285 quoque
1350 1229 1512 1284 perge
1547 1226 1742 1267 sereno

385 1311 467 1364 Ad
497 1318 706 1379 ponam
730 1310 929 1372 subito,
953 1323 1074 1377 qua:
1095 1307 1292 1360 dicitur
1320 1306 1494 1358 Aurea
1519 1304 1693 1373 vulgo.

387 1398 496 1452 Illic
523 1398 662 1452 forte
693 1407 864 1461 tuum,
888 1411 1096 1450 summa
1118 1411 1243 1450 cum
1269 1409 1397 1464 pace
1427 1408 1703 1447 reversum
1731 1433 1746 1458 ,

388 1489 637 1560 Legalem
663 1489 934 1542 dominum
961 1503 1083 1541 mox
1111 1485 1412 1554 compcries
1462 1483 1574 1536 fore
1606 1483 1807 1535 vivum.

387 1578 516 1644 Qum
539 1578 696 1633 citius
733 1578 878 1631 dicto
898 1577 1110 1645 jussum
1140 1573 1428 1642 complevit
1452 1572 1741 1624 amandum
1773 1609 1787 1631 ,

386 1670 779 1738 Impatiensque
807 1683 990 1730 morze,
1019 1667 1258 1735 perrexit
1290 1666 1354 1718 ad
1387 1664 1525 1718 ostia
1550 1673 1715 1732 portae
1737 1704 1750 1723 ,

388 1755 701 1810 Praestolata
733 1771 887 1810 suum
915 1755 1094 1824 gavisa
1132 1762 1311 1806 triente
1338 1761 1648 1820 patronum.

461 1846 682 1899 Scilicet
704 1845 945 1899 attonitis
967 1859 1126 1914 quem
1156 1859 1278 1897 cum
1307 1842 1590 1910 conspexit
1610 1840 1794 1894 ocellis
1820 1880 1832 1901 ,

385 1935 566 1989 Charo
597 1933 904 2003 llorigerum
941 1941 1282 2001 percurreret
1314 1932 1470 1985 obvia
1497 1945 1750 2000 campum
1777 1972 1789 1992 ,

385 2024 558 2092 Ipsius
581 2033 634 2078 et
657 2024 794 2077 collo
816 2039 936 2077 sese
962 2023 1245 2093 suspendit
1275 2022 1505 2076 amando
1527 2062 1541 2084 ,

386 2115 694 2168 Altithrono
724 2124 904 2184 grates
937 2114 1210 2168 reddendo
1237 2113 1470 2182 denique
1506 2113 1641 2167 tales
1670 2126 1685 2164 :

387 2205 530 2260 laus
555 2206 672 2270 tibi,
701 2216 1016 2260 cunctorum
1046 2205 1296 2274 Largitor
1327 2220 1537 2259 summe
1565 2205 1863 2268 bonorum,

387 2291 487 2356 Qui
523 2293 652 2347 mihi
675 2310 780 2347 non
810 2295 1015 2348 meritae
1044 2294 1296 2350 concedis
1328 2294 1520 2361 gaudia
1551 2302 1724 2347 tanta.

389 2382 526 2436 Ecce
554 2383 727 2437 virum
758 2387 1032 2454 pr0prinm
1078 2395 1397 2453 prasentem
1423 2387 1598 2440 sentio
1625 2385 1831 2440 salvum
1852 2427 1864 2447 ,

389 2473 652 2544 Tempore
683 2491 800 2546 qua:
822 2476 978 2546 longo
1003 2477 1111 2544 jam
1146 2479 1414 2546 permansi
1450 2479 1694 2544 viduata,

387 2565 624 2634 Quaeque
646 2566 720 2620 fui
746 2568 972 2631 sterilis,
1019 2570 1242 2637 concepi
1276 2571 1466 2639 gaudia
1502 2570 1686 2639 prolis.

388 2653 610 2709 Talibus
638 2659 855 2720 auditis,
883 2660 1228 2728 congaudens
1254 2663 1493 2715 concinit
1520 2663 1698 2717 onmis

389 2745 546 2802 Plebs
571 2747 793 2803 IIebrtea
822 2750 929 2802 Deo
950 2749 1135 2804 laudes
1169 2766 1289 2805 cum
1314 2763 1533 2820 pectore
1554 2753 1699 2809 laeto.

460 2838 589 2893 Post
625 2841 758 2903 haec,
791 2857 997 2894 noveno
1029 2852 1274 2910 percerte
1302 2860 1484 2899 mense
1510 2856 1730 2915 peracto
1749 2888 1762 2911 ,

393 2926 547 2981 Venit
570 2945 776 2983 summa
806 2932 943 2993 dies,
989 2933 1039 2984 in
1074 2948 1177 3000 qua
1217 2935 1523 3000 przenobilis
1547 2936 1699 2990 Anna
1728 2978 1742 3000 ,

387 3019 499 3088 80
536 3019 822 3090 Progenuit
866 3033 1046 3076 natam
1094 3026 1306 3078 cunctis
1343 3027 1537 3080 seculis
1583 3032 1969 3084 venerandam.

391 3109 626 3179 Postque
656 3114 770 3168 dies
799 3123 921 3169 octo
946 3116 1106 3185 primi
1140 3133 1337 3171 venere
1370 3120 1544 3172 vocati

390 3200 699 3267 Pontifices,
733 3213 893 3257 tanta:
922 3205 1080 3258 solito
1113 3207 1203 3272 qui
1235 3221 1382 3260 more
1427 3207 1618 3276 puella".

390 3289 594 3344 Nomen
627 3302 680 3345 et
704 3304 973 3362 aptarcnt,
1024 3294 1192 3362 ipsum
1222 3311 1438 3364 quoque
1469 3297 1896 3352 sanctiﬁcarent.

389 3378 553 3445 Queis
575 3380 816 3436 Joacbim
849 3383 1094 3452 preculas
1123 3383 1632 3454 fuditprmsentibus
1663 3389 1824 3441 istas:

390 3467 502 3522 Rex
533 3470 674 3533 coeli,
710 3471 878 3526 stellis
901 3472 1044 3525 solus
1083 3474 1173 3542 qui
1213 3475 1429 3528 nomina
1458 3477 1614 3544 ponis
1635 3519 1647 3540 ,

388 3558 546 3613 Istius
576 3570 771 3614 tenera:
803 3577 996 3616 nomen
1030 3564 1254 3633 dignare
1287 3565 1476 3634 puella:

387 3651 613 3707 C(nlitns
654 3655 866 3708 indiciis
890 3670 985 3724 per
1012 3665 1062 3708 te
1091 3667 1396 3712 monstrare
1418 3662 1676 3714 coruscis.

463 3737 700 3806 Dixerat,
735 3754 788 3797 et
817 3744 994 3798 subito
1028 3749 1208 3801 sonuit
1239 3764 1341 3802 vox
1372 3749 1527 3804 fortis
1556 3753 1622 3806 ab
1649 3753 1754 3806 alto
1780 3794 1792 3815 ,

391 3829 647 3886 Mandans
677 3834 949 3903 egregiam
984 3834 1206 3890 Mariam
1237 3839 1476 3893 vocitare
1503 3840 1756 3908 puellam.

388 3919 556 3976 Stella
591 3926 755 3978 maris
796 3925 973 3995 lingua
1006 3930 1146 3994 quod
1185 3941 1446 3984 consonat
1476 3948 1604 4000 ergo
1632 3932 1820 3986 Latina
1844 3975 1859 3999 ,

387 4011 500 4067 Hoc
524 4029 718 4068 nomen
756 4016 951 4069 merito
977 4018 1204 4070 sortitur
1228 4029 1413 4073 sancta
1447 4022 1620 4090 puella
1638 4063 1650 4085 ,

387 4105 482 4160 Est
506 4108 627 4176 quia
663 4107 979 4176 praclarum
1009 4109 1158 4163 sidus
1187 4111 1327 4178 quod
1362 4111 1530 4180 fulget
1558 4114 1611 4166 in
1643 4129 1814 4167 :evnm

389 4195 551 4263 Itegis
572 4197 757 4250 aeterni
787 4197 934 4251 claro
963 4198 1265 4253 diademate
1296 4200 1523 4255 Christi.

459 4287 587 4342 Post
617 4291 749 4351 bree,
784 4306 1046 4344 annorum
1080 4303 1219 4346 meta
1256 4304 1513 4363 vergente
1536 4295 1798 4356 duorum,

388 4377 681 4431 Fortunata
709 4394 860 4432 suam
888 4381 1014 4434 dum
1041 4384 1271 4450 sumpsit
1313 4385 1378 4438 ab
1405 4385 1569 4438 ubere
1616 4396 1824 4451 natam,

386 4468 716 4523 Ablactando
743 4470 883 4539 piam
916 4472 1147 4540 genitrix
1179 4474 1243 4527 de
1277 4490 1425 4530 more
1455 4475 1676 4528 Mariam
1705 4519 1717 4540 ,

385 4557 622 4628 Otiusjn
659 4561 856 4629 templo
883 4563 1025 4614 sistit
1068 4578 1189 4615 cum
1232 4580 1454 4619 munere
1485 4567 1645 4636 digno

386 4651 576 4718 Ipsam,
611 4668 730 4720 qua:
756 4652 1010 4721 templum
1043 4653 1252 4709 Domini
1279 4654 1375 4708 fuit
1404 4657 1511 4711 iino
1549 4657 1788 4712 futurum

386 4741 524 4807 Quo,
547 4744 748 4796 sociata
775 4744 942 4797 sacris
971 4745 1284 4814 virguncula
1314 4762 1478 4815 parva
1512 4748 1725 4819 puellis,

387 4830 610 4899 Semper
637 4831 831 4885 divinis
864 4832 972 4886 illic
1001 4843 1271 4900 perstaret
1301 4836 1351 4889 in
1376 4838 1494 4892 odis
1518 4879 1531 4901 ,

384 4919 552 4986 Quem
581 4923 773 4976 merito
799 4924 941 4978 cives
982 4924 1228 4979 cmlestes
1259 4926 1412 4982 laude
1458 4929 1825 5001 frequentant.

456 5014 584 5067 Post
606 5014 736 5077 luec,
774 5016 823 5068 in
858 5016 1038 5086 templi
1070 5018 1369 5074 subsistens
1398 5022 1566 5078 limite
1595 5028 1779 5093 sacri,

382 5104 680 5158 Ascensum
711 5105 971 5176 graduum
1003 5108 1181 5162 subito
1222 5119 1302 5164 ter
1332 5112 1571 5184 quinque
1595 5119 1849 5186 supinum
1874 5160 1890 5186 ,

380 5195 672 5250 Immemor
694 5198 888 5262 aetatis,
910 5199 1023 5270 jam
1055 5198 1207 5268 plena
1237 5202 1363 5268 Deo,
1389 5205 1615 5273 puerilis

379 5286 655 5340 Audacter
687 5290 876 5354 currit,
908 5291 1111 5345 vultum
1141 5308 1238 5346 nec
1265 5305 1407 5349 retro
1431 5296 1675 5364 reﬂexit,

377 5373 622 5441 Quaerat,
649 5386 706 5430 ut
737 5387 992 5445 astantes,
1024 5380 1281 5437 infantum
1318 5400 1491 5451 more,
1524 5402 1800 5456 parentes.

449 5464 546 5518 IIis
575 5480 736 5533 super
768 5473 1000 5533 accensi,
1036 5471 1298 5528 mirantur
1326 5474 1567 5533 denique
1596 5491 1783 5533 ριιιιοιί

1375 376 1694 434 HISTORIA
1731 372 2052 426 INTACTA-Z
2093 373 2199 425 DEI
2241 371 2641 426 GENITIIICIS.

1988 491 2032 548 Α
2063 486 2163 539 Per
2191 500 2248 538 se
2280 485 2406 553 quid
2434 485 2546 537 fieri
2575 483 2919 552 praesignaret
2939 482 3046 534 cito
3076 482 3252 547 Iuagni

3498 366 3631 419 I070

2065 576 2130 628 Et
2160 590 2284 629 vere
2313 575 2512 644 magni,
2549 575 2760 628 cunctis
2791 572 3090 639 meritoque
3115 570 3380 638 stupendi.

2134 667 2308 732 Quod,
2353 666 2521 726 credi,
2566 665 2756 732 majus,
2787 663 2869 716 vel
2894 663 3033 731 (μιοά
3072 670 3251 732 posset
3295 661 3407 714 fore
3441 659 3632 729 majus,

2063 757 2236 823 Quam
2268 756 2410 824 quod
2440 755 2678 823 virgineo
2705 754 2939 821 portavit
2972 761 3156 806 ventre
3185 750 3378 821 puella,

2061 848 2170 917 ει
2190 845 2435 916 Magnum
2451 843 2708 899 factorem
2726 845 2928 908 mundi,
2945 843 3326 914 propriumque
3337 857 3404 910 pa
3414 851 3637 896 rentem.

2068 936 2177 990 Nec
2202 936 2420 998 mirum,
2461 949 2676 988 sursum
2707 934 2875 1004 erepit
2897 934 2974 989 sic
3003 933 3165 1004 figere
3189 947 3460 1003 gressum,

2066 1026 2249 1081 Infans
2275 1026 2517 1081 lacteolis
2545 1025 2720 1080 fuerat
2750 1027 2876 1080 dum
2901 1024 3119 1095 parvula
3148 1024 3430 1088 membris,

2060 1118 2262 1184 Quam,
2288 1116 2449 1170 Pater
2477 1116 2636 1183 alme,
2671 1126 2762 1171 tuo
2792 1117 2975 1171 ditasti
3012 1115 3256 1172 Flamine
3289 1131 3468 1181 sacro,

2070 1211 2203 1264 Dum
2235 1210 2407 1263 fuerat
2433 1220 2633 1264 sancta:
2661 1209 2936 1278 genitricis
2968 1208 3186 1262 condita
3217 1217 3436 1270 ventre,

2070 1300 2340 1355 Prwscius
2376 1301 2513 1353 hanc
2543 1301 2714 1352 solam
2745 1310 2892 1356 certe
2920 1301 3219 1354 consistere
3258 1299 3470 1367 dignam

2070 1395 2149 1447 Ad
2176 1395 2376 1464 proprii
2405 1405 2616 1463 partmn
2649 1396 2782 1459 nati,
2810 1411 2903 1464 per
2930 1397 3123 1450 sxcnla
3156 1397 3289 1461 nati,

2063 1486 2170 1552 Qui
2197 1495 2336 1554 post,
2363 1501 2638 1553 corporeae
2669 1495 2843 1543 tectus
2867 1488 3131 1541 velamine
3156 1487 3363 1550 furium,

2071 1579 2370 1628 Ascensum
2400 1577 2664 1644 graduum
2695 1578 2906 1631 cunctis
2937 1577 3188 1644 patefecit
3219 1578 3270 1630 iu
3301 1594 3472 1630 wvum
3494 1617 3509 1638 ,

2070 1662 2174 1717 I‘er
2201 1680 2336 1732 quas
2364 1667 2429 1717 ad
2459 1665 2689 1733 patriam
2722 1667 2948 1721 tendunt
2975 1681 3215 1721 remeare
3243 1666 3509 1729 relictam,

2071 1753 2169 1807 Cni
2203 1754 2454 1809 Christus
2485 1771 2702 1820 nomen,
2732 1757 2816 1810 cui
2844 1757 2959 1811 laus
2988 1758 3058 1811 sit
3088 1757 3320 1820 caelitus,
3353 1758 3544 1810 Amen.

2000 1860 2045 1916 Β
2145 1846 2364 1901 Scilicet
2394 1857 2448 1901 et
2471 1848 2724 1917 genitrix,
2755 1848 2844 1902 tali
2875 1848 3019 1903 facto
3051 1849 3187 1903 bene
3219 1847 3370 1910 felix,

2071 1936 2400 1992 Collaudans
2432 1954 2612 2008 regem
2642 1939 2840 1993 cecinit
2865 1941 2943 1994 sic
2973 1941 3124 1993 Anna
3153 1955 3443 2010 perennem
3475 1958 3484 1991 :

2073 2027 2431 2098 Omnipotens
2461 2040 2660 2094 rector,
2693 2032 2840 2085 solus
2865 2034 3080 2101 pietatis
3113 2042 3345 2097 amator,

2072 2119 2387 2174 Clementer
2414 2120 2631 2190 proprio
2661 2119 2832 2175 fecisti
2865 2122 3000 2175 mira
3030 2124 3260 2191 pepello,

2078 2211 2364 2280 Aspiciens
2394 2212 2652 2265 humilem
2690 2215 3001 2269 miserando
3036 2231 3209 2270 meam
3253 2230 3465 2285 quoque
3508 2231 3658 2270 men-

2076 2298 2196 2351 .Iant
2230 2300 2531 2369 desperata:
2554 2302 2770 2357 donasti
2808 2307 3001 2374 gaudia
3030 2318 3190 2362 natm.
3501 2308 3658 2379 [tem,

2078 2389 2263 2442 Auden
2295 2400 2540 2458 perccrte
2573 2403 2694 2460 post
2721 2393 2836 2448 haec
2867 2395 2959 2448 tibi
2988 2412 3210 2450 munera
3246 2397 3409 2462 ferre,

2080 2485 2188 2539 Nec
2211 2501 2401 2541 vereor
2429 2487 2721 2556 prohibere
2758 2505 2934 2544 meum
2967 2500 3085 2561 post
3116 2493 3230 2547 haec
3257 2493 3560 2556 inimicum,

2077 2577 2219 2642 Quin
2255 2578 2464 2633 visitem
2493 2581 2665 2636 sacris
2699 2584 2956 2652 templum
2986 2586 3188 2639 sociata
3232 2587 3517 2641 ministris.

2077 2667 2214 2722 Hinc
2243 2678 2293 2723 te
2329 2671 2579 2726 caelestes
2602 2672 2909 2728 collaudant
2936 2675 3120 2730 sedulo
3149 2678 3315 2742 cives,

2078 2758 2414 2829 Condignum
2444 2776 2661 2818 carmen
2687 2765 3011 2819 modulanda
3041 2773 3376 2836 perenniter,
3410 2771 3605 2823 Amen.

2082 2847 2174 2901 llis
2199 2848 2271 2901 ita
2303 2849 2493 2915 ﬁnitis,
2521 2853 2727 2907 orantis
2751 2855 2952 2909 scilicet
2985 2858 3156 2921 orsis,

2079 2937 2334 2993 Germine
2358 2940 2541 2995 felices
2575 2944 2697 2997 talis
2728 2946 2934 3002 rediere
2962 2960 3212 3016 parentes

2079 3028 2300 3094 Indolis,
2327 3031 2379 3082 in
2409 3033 2606 3102 templo
2630 3049 2792 3103 parva
2823 3049 3137 3094 remanente
3167 3041 3350 3094 Maria.

2151 3119 2350 3174 Omnes
2378 3121 2624 3177 human-.2
2657 3137 2926 3196 nequeunt
2947 3132 3338 3198 comprendere
3368 3132 3581 3200 linguae.

2001 3199 2048 3258 C
2084 3210 2189 3264 Nec
2215 3214 2354 3280 potis
2385 3223 2468 3267 est
2501 3216 2733 3280 stabilis,
2766 3223 3010 3288 quamvis
3044 3223 3264 3276 verbum
3308 3236 3483 3291 sonet,
3512 3227 3661 3280 orbis

2076 3301 2234 3354 Istius
2261 3301 2478 3358 infantis
2514 3309 2830 3375 praeclaram
2858 3310 3037 3366 dicere
3069 3313 3266 3368 famam
3288 3356 3303 3376 ,

2078 3389 2183 3444 Sed
2215 3407 2311 3446 nec
2339 3395 2596 3451 miranda:
2624 3399 2789 3454 vitam
2823 3418 3105 3473 moresque
3139 3409 3345 3475 puellae.

2077 3481 2209 3546 Quis
2236 3483 2456 3540 laudare
2486 3489 2658 3544 modis
2687 3493 2826 3560 potis
2855 3507 2936 3551 est
2961 3511 3056 3565 per
3072 3499 3263 3552 szecula
3297 3502 3470 3570 dignis

2077 3571 2202 3627 llaec
2227 3575 2352 3643 quia
2385 3579 2646 3635 continuo
2674 3584 2827 3639 cunis
2855 3587 3133 3642 subtracta
3174 3591 3349 3657 puella

2078 3661 2324 3728 Maturis,
2358 3671 2503 3722 omni
2538 3670 2752 3727 lucebat
2783 3676 3024 3732 moribus
3051 3679 3190 3744 orbi,

2078 3752 2185 3810 Nec
2216 3759 2510 3827 quidquam
2541 3764 2798 3819 membris
2821 3768 2986 3835 gessit
3016 3769 3224 3836 puerile
3254 3773 3486 3828 tenellis.

2076 3845 2173 3900 Ast
2203 3849 2253 3902 in
2286 3854 2570 3921 praeceptis
2600 3853 3090 3925 fueratjustissima
3123 3863 3276 3934 legis,

2078 3937 2186 3992 Nec
2221 3956 2326 3994 non
2354 3946 2686 4002 carminibus
2709 3964 2922 4020 semper
2949 3955 3194 4012 studiosa
3221 3957 3460 4015 Davidis.

2073 4028 2183 4097 82
2209 4029 2330 4085 Haec
2351 4035 2608 4102 prudens,
2637 4037 2875 4104 humilis,
2902 4040 3115 4099 fervens
3133 4046 3417 4104 dulcedine
3440 4054 3661 4120 mentis,

2074 4119 2339 4176 Omnibus
2366 4132 2531 4193 atque
2560 4126 2798 4195 placens,
2829 4139 2936 4186 tota
2970 4133 3167 4189 virtute
3203 4136 3493 4206 refulgens.

2075 4206 2225 4263 Hanc
2252 4210 2487 4265 hominis
2519 4215 2928 4274 maledicentem
2963 4238 3067 4276 non
3099 4226 3269 4280 audiit
3293 4229 3442 4282 auris

2072 4295 2366 4362 Offensum,
2398 4302 2492 4356 sed
2523 4319 2621 4358 nec
2647 4307 2932 4377 quisquam
2967 4324 3295 4380 cognoverat
3323 4331 3581 4387 unquam.

2075 4390 2301 4459 Semper
2329 4403 2450 4448 erat
2474 4395 2640 4459 mitis,
2678 4413 2775 4454 nec
2800 4417 2905 4456 non
2938 4404 3245 4472 gratissima
3276 4411 3511 4476 cunctis,

2075 4483 2160 4548 Et,
2187 4500 2308 4553 qua:
2346 4502 2539 4556 nempe
2569 4504 2664 4543 suo
2701 4492 2957 4560 proﬂuxit
2981 4496 3047 4550 ab
3079 4511 3199 4561 ore,
3231 4497 3443 4569 loquela

1995 4547 2049 4606 Β
2073 4575 2304 4632 Nectare
2334 4580 2573 4647 gratiol:e
2602 4547 2777 4638 fuerat
2806 4587 3019 4640 condita
3052 4547 3339 4658 superna;

2075 4665 2162 4729 Et,
2194 4681 2313 4720 cum
2345 4669 2466 4738 quis
2489 4670 2664 4724 verbis
2695 4671 2767 4726 illi
2798 4673 3076 4731 benedixit
3106 4680 3314 4740 amicis.

2075 4754 2194 4810 Mox
2221 4767 2402 4826 grates
2429 4761 2655 4817 Domino
2677 4766 2889 4820 curavit
2917 4769 3142 4826 reddere
3172 4787 3404 4840 summo,

2075 4845 2187 4903 Nec
2213 4850 2290 4903 sic
2314 4850 2508 4906 divinis
2538 4853 2773 4924 linguam
2803 4858 3062 4916 retineret
3086 4864 3155 4918 ab
3183 4864 3301 4918 odis

2076 4939 2502 5012 Exemplumque
2528 4946 2642 5000 suis
2667 4947 2722 5000 in
2754 4962 2810 5003 se
2841 4954 3131 5019 prmnobile
3153 4957 3366 5012 cunctis
3388 5000 3403 5022 ,

2073 5030 2343 5102 Praepouit
2367 5035 2530 5089 sociis
2552 5035 2663 5104 jam
2692 5040 3027 5111 cunctigena:
3052 5045 3331 5100 bonitatis.

2070 5121 2240 5193 Ipsius
2265 5126 2456 5179 faciem
2489 5127 2645 5183 niveo
2668 5129 2908 5188 candore
2939 5135 3204 5193 nitentem

2073 5213 2335 5281 Tradunt,
2367 5218 2608 5277 ardentis
2632 5221 2814 5280 radios
2844 5230 3160 5295 przecellere
3185 5225 3336 5290 solis.

2072 5308 2184 5365 Nec
2214 5323 2321 5363 non
2353 5309 2650 5370 humanum
2692 5318 2907 5386 penitus
2936 5321 3233 5381 devincere
3258 5320 3479 5385 visum,

2073 5401 2214 5470 Quid
2243 5399 2474 5456 referam
2503 5405 2725 5478 digitos,
2754 5408 2978 5479 Operam
3011 5416 3148 5472 satis
3177 5419 3295 5466 arte
3315 5420 3634 5481 probatos?

2077 5492 2319 5533 Nammm
2343 5506 2502 5533 manu
2533 5499 2948 5533 dnolo'nnpfnnil
2988 5520 3158 5533 η--.‹-
3191 5501 3369 5533 -ιηοΙΙη
