4482 5548
829 351 957 408 1071

829 458 961 511 Nam
996 459 1203 507 tantum
1231 447 1463 520 preculis
1491 445 1696 500 studuit
1724 444 2015 513 persistere
2049 441 2241 502 sam'is‘,

829 547 936 601 Nec
968 560 1071 598 non
1102 541 1297 596 divinis
1328 552 1540 607 semper
1568 544 1878 589 constanter
1911 535 1961 585 in
1999 530 2135 584 edis.

829 640 904 692 Ex
931 652 1036 706 quo
1074 635 1331 689 discussm
1360 630 1534 685 noctis
1563 628 1774 699 periere
1807 626 2065 687 tenebrat,

826 731 1036 784 Aurora
1065 731 1348 795 spargente
1376 720 1587 791 plagam
1615 718 1787 772 lucem
1816 731 1910 785 per
1932 714 2118 773 anm,

826 818 1001 873 Altius
1035 828 1206 884 usque
1232 810 1409 882 polum
1438 808 1645 863 Phcebo
1671 806 1996 861 ascendente
2024 814 2296 862 serenum,

830 910 1011 965 Tertia
1037 910 1149 979 jam
1184 904 1367 960 subito
1393 902 1683 956 devenerat
1719 899 1850 953 liora
1884 896 2018 960 diei,

825 1006 978 1060 Tunc
1008 1017 1112 1056 usu
1138 1000 1335 1069 digitos
1364 995 1543 1066 operis
1564 993 1843 1048 laxaverat
1874 989 2043 1053 albos,

825 1097 991 1150 Docte
1016 1090 1301 1162 purpureis
1330 1084 1579 1143 instando
1610 1082 1842 1151 denique
1873 1080 1997 1134 ﬁlis.

826 1185 936 1240 Sed
960 1197 1084 1237 mox
1111 1188 1171 1234 ut
1200 1192 1341 1232 nona
1368 1173 1607 1230 Pbmbus
1630 1170 1913 1227 descendit
1937 1169 1990 1223 in
2018 1168 2169 1231 hora,

825 1276 896 1330 Sc
926 1273 1176 1344 precibus
1207 1268 1365 1324 solito
1393 1264 1566 1321 reddit
1597 1262 1801 1318 famosa
1832 1260 2030 1332 puella,

824 1373 904 1426 Ac
933 1367 1114 1424 studio
1144 1363 1341 1420 mentis
1370 1365 1508 1417 bene
1531 1358 1840 1430 perduravit
1871 1358 1924 1411 in
1950 1356 2084 1422 illis,

825 1460 1010 1530 Usque
1034 1473 1131 1530 per
1152 1454 1455 1528 angelicum
1478 1452 1707 1521 sumpsit
1726 1464 1882 1506 sacra
1904 1449 2056 1519 virgo
2078 1447 2403 1501 ministrum.

823 1549 984 1605 Omni
1014 1561 1246 1616 namque
1278 1545 1363 1600 die
1396 1542 1615 1598 missam
1646 1540 1747 1596 sibi
1787 1539 2000 1595 caelitus
2026 1553 2228 1601 escam,

824 1640 1018 1695 Escam
1054 1634 1335 1705 pontiﬁces
1371 1632 1633 1687 dederant
1658 1629 1723 1684 de
1754 1642 1905 1682 more
1928 1636 2193 1696 potentes.

825 1729 979 1784 llanc
1005 1724 1183 1781 studio
1217 1722 1416 1778 mentis
1441 1721 1604 1775 citius
1626 1717 1896 1773 concessit
1933 1717 2139 1787 egenis.

822 1819 934 1890 83
964 1816 1204 1884 Denique
1234 1811 1504 1873 cmlestes,
1533 1807 1669 1877 lapsi
1699 1806 1764 1860 de
1791 1806 1984 1868 sidere,
2016 1803 2163 1858 cives

822 1912 975 1967 lianc
1005 1909 1197 1963 crebro
1222 1905 1404 1960 verbis
1426 1900 1846 1958 consolabantur
1876 1898 2087 1962 amicis,

827 2004 1097 2073 Spcrnere
1138 2006 1451 2051 terrestrem
1481 2007 1587 2062 quo
1615 2005 1738 2044 mox
1766 1988 2045 2062 didicisset
2072 2001 2334 2051 amorem,

822 2094 891 2147 Et
920 2100 1123 2146 castam
1152 2086 1263 2156 regi
1297 2092 1533 2139 mentem
1558 2094 1776 2135 servare
1804 2076 2049 2148 perenni.

820 2181 1077 2251 Quisquis
1106 2174 1434 2246 languidulis
1463 2172 1710 2227 inﬁrmus
1738 2170 1970 2238 denique
2008 2169 2268 2223 membris

820 2276 973 2331 lianc
1004 2273 1181 2328 saltim
1213 2268 1409 2335 tetigit,
1442 2265 1636 2336 raptim
1668 2263 1849 2317 salvus
1890 2260 2170 2315 remeavit.

894 2366 1062 2435 Hujus
1088 2376 1210 2416 cum
1238 2357 1485 2413 stabilem
1515 2353 1765 2408 volitaret
1793 2350 1935 2404 fama
1968 2366 2063 2420 per
2093 2349 2303 2409 orbem,

820 2458 1084 2514 Abiathar
1111 2453 1347 2521 reliquos
1373 2456 1563 2503 exorat
1592 2460 1733 2514 sccpe
1764 2443 2019 2497 sacerdos

822 2548 1117 2606 Pontifices
1150 2542 1334 2612 templi
1358 2539 1516 2611 pretii
1551 2554 1653 2592 non
1695 2549 1915 2589 munere
1954 2533 2123 2602 parci,

828 2641 1039 2697 Vellent
1066 2636 1380 2710 praaclaram
1411 2647 1518 2702 quo
1544 2631 1872 2701 desponsare
1902 2625 2125 2710 Mariam

822 2734 997 2806 Ipsius
1027 2706 1245 2802 egregio
1275 2727 1431 2798 legali
1460 2724 1663 2779 fredere
1692 2730 1837 2775 nato.
2013 2706 2020 2713 ’

825 2825 981 2895 Quod
1014 2822 1130 2877 ﬁeri
1170 2833 1296 2874 vero
1321 2814 1568 2883 prohibet
1594 2809 1907 2882 virguncula
1932 2818 2099 2871 casta,

822 2916 1024 2987 Inclyta
1060 2912 1253 2983 regalis
1284 2920 1544 2978 spernens
1581 2902 1854 2960 consortia
1882 2900 2091 2969 stirpis,

827 3009 898 3062 Se
926 3018 1141 3075 quoque
1172 3001 1438 3055 ﬁnetenus
1478 3003 1707 3049 testatur
1734 2991 1911 3047 nobile
1933 3006 2128 3057 corpus

828 3097 953 3163 lijus
983 3091 1232 3162 conjugio
1267 3094 1513 3159 percerte
1538 3083 1768 3139 subdere
1796 3081 1962 3136 nullo.

829 3189 978 3243 Talia
1010 3183 1295 3257 pontiﬁces
1320 3179 1404 3233 cui
1432 3192 1556 3233 mox
1590 3175 1776 3229 dixere
1803 3178 2049 3242 potentes
2073 3188 2085 3221 :

900 3284 1089 3338 Nonne
1121 3280 1263 3333 Deus
1294 3273 1521 3337 colitur,
1568 3270 1833 3339 digneque
1862 3276 2051 3335 potens
2083 3270 2409 3325 veneratur,

822 3378 884 3432 1n
920 3373 1092 3446 plebis
1113 3370 1263 3426 Judae
1294 3364 1449 3435 legali
1478 3359 1835 3433 posteritate?

830 3444 939 3523 Nec
973 3466 1127 3519 decet
1160 3462 1439 3527 innuptam
1473 3453 1631 3507 talem
1668 3462 1949 3505 remanere
1988 3444 2241 3516 puellam.

837 3560 1006 3627 Qucis
1036 3564 1290 3611 constans
1321 3549 1503 3604 animo
1541 3542 1814 3613 respondit
1849 3539 1973 3594 talia
1998 3539 2146 3605 virgo
2184 3554 2198 3591 ε

832 3651 966 3704 Nam
999 3649 1139 3702 Deus
1166 3645 1219 3698 in
1252 3638 1451 3709 templo
1480 3636 1677 3706 gaudet
1706 3631 2042 3700 requiescere
2076 3626 2272 3681 mundo
2298 3666 2312 3687 ,

837 3744 1106 3799 Mentibus
1132 3748 1187 3794 et
1216 3733 1447 3795 sobriis,
1476 3745 1575 3784 nec
1612 3727 1911 3782 delectatur
1940 3722 1991 3775 in
2035 3721 2141 3775 illis

834 3835 1071 3892 Crimine
1100 3844 1234 3901 quos
1272 3839 1465 3896 magno
1496 3819 1731 3876 maculat
1762 3814 1961 3869 lasciva
1986 3812 2167 3866 libido.

836 3926 1072 3988 Scimus,
1105 3918 1237 3976 Abel
1268 3916 1483 3985 duplam
1517 3908 1712 3966 merito
1750 3904 2041 3973 sumpsisse
2068 3916 2348 3963 coronam,

837 4019 937 4086 Qui
968 4015 1176 4086 primus
1205 4007 1404 4064 mundo
1431 4006 1610 4075 justus
1641 4000 1817 4053 fuerat
1837 3995 2169 4065 protoplasto
2193 4032 2206 4057 ,

846 4085 1020 4165 Unam
1052 4100 1323 4172 martyrii,
1352 4095 1541 4150 fratris
1572 4093 1638 4147 de
1672 4089 1818 4145 crede
1856 4085 2083 4157 peracti,

839 4202 1014 4266 Atque
1045 4171 1215 4262 magis
1247 4186 1473 4241 nitidam
1510 4196 1608 4251 pro
1638 4175 1951 4247 virginitate
1977 4171 2290 4229 secundant,

840 4287 1145 4347 Credimus,
1171 4280 1340 4335 Eliam
1369 4274 1565 4329 cretum
1596 4268 1813 4341 petiisse
1847 4271 2139 4323 secretmn,

838 4382 1079 4446 Corpore
1112 4386 1232 4426 cum
1261 4381 1390 4422 vero
1417 4362 1613 4418 mansit
1643 4358 1765 4428 quia
1799 4355 1949 4425 virgo
1978 4361 2244 4422 potenter,

841 4469 953 4523 Nec
980 4478 1176 4534 corpus
1204 4456 1429 4514 maculis
1458 4465 1694 4521 unquam
1727 4445 1946 4501 violavit
1973 4442 2193 4496 amaris.

840 4563 968 4617 llaec
999 4556 1158 4613 didici
1188 4561 1356 4615 certe,
1393 4546 1529 4617 legis
1560 4542 1765 4598 ratione
1792 4538 2039 4599 docente,

847 4655 913 4707 Et
944 4652 1158 4706 discens
1187 4644 1366 4699 animo
1397 4634 1649 4693 mandavi
1680 4629 1861 4686 sedula
1893 4627 2020 4689 ﬁxe,

842 4741 1035 4809 Meque
1074 4733 1370 4806 puellarem
1399 4725 1522 4781 novi
1559 4721 1793 4776 retinere
1819 4716 2101 4787 pudorem.

912 4805 1207 4894 Postquam
1240 4820 1320 4874 bis
1348 4824 1555 4885 septem
1593 4820 1735 4865 totos
1761 4805 2121 4874 compleverat
2147 4813 2337 4859 annos,

845 4924 964 4977 Non
1007 4893 1109 4974 hoc
1131 4928 1251 4970 esse
1278 4910 1360 4967 sui
1402 4906 1591 4971 moris,
1621 4902 1808 4957 dicunt
1834 4893 2114 4959 Pharisrei,

836 5016 958 5089 84
984 5010 1186 5072 ΛΕιτιιὶε
1219 5015 1381 5063 tanta:
1408 4999 1554 5074 quod
1585 4994 1747 5051 vellet
1776 4992 1929 5060 virgo
1957 5000 2197 5041 manere.

846 5081 976 5164 an
1004 5107 1119 5161 haec
1144 5102 1197 5156 in
1228 5094 1444 5165 templo,
1478 5086 1691 5145 Domini
1721 5083 1820 5140 sub
1865 5081 2070 5135 honore
2109 5082 2340 5136 sacrato,

1681 332 2155 391 llllOTSUlTllJi
2196 327 2529 385 MONIALIS‘
2558 315 3248 382 GANDERSHEIMENSIS

2433 449 2480 508 Α
2512 437 2676 497 Istud,
2709 451 2803 504 per
2827 435 3005 502 magni
3044 435 3185 502 regis
3214 432 3450 486 studium
3481 428 3807 492 Salomonis,

3954 316 4089 371 1073

2516 527 2583 581 Ut
2611 526 2784 587 scitis,
2815 540 2942 579 vere
2974 533 3290 579 manserunt
3320 538 3535 592 semper
3562 522 3614 575 in
3647 521 3736 576 illo

2511 616 2705 669 Forma
2729 614 3029 683 conspicua)
3055 612 3234 666 vultus
3264 620 3427 666 aetate
3458 610 3667 664 tenella:

2510 704 2660 758 Nata:
2687 705 2965 765 nobilium,
2998 702 3208 757 famoso
3236 702 3478 773 germine
3502 716 3713 771 regum,

2509 796 2683 865 Atque
2716 797 3075 860 sacerdotum,
3106 803 3289 848 vatum
3321 793 3633 862 pariterque
3659 792 3898 861 piorum,

2510 887 2639 952 Quae
2660 886 2901 941 celebres
2926 885 3071 939 omni
3098 883 3289 939 merito
3317 898 3563 937 mansere
3586 881 3818 951 popello.

2509 975 2669 1030 Certe
2705 975 2945 1046 perfecta
2973 974 3067 1030 sed
3099 990 3222 1029 mox
3261 983 3420 1029 aetate
3450 980 3685 1042 recepta,

2510 1062 2840 1134 Conjngibus
2872 1072 3031 1118 tantae
3057 1062 3340 1133 condignis
3369 1072 3493 1116 sunt
3522 1061 3762 1124 sociatae,

2515 1154 2680 1210 Multo
2710 1154 2991 1225 magisque
3022 1154 3131 1209 Deo
3155 1153 3473 1224 placuerunt
3500 1168 3713 1223 semper
3737 1153 3803 1205 ab
3842 1152 3956 1206 illo.

2510 1244 2660 1298 More
2689 1244 2781 1299 sed
2808 1243 3024 1297 insolito
3054 1251 3235 1313 sperat
3260 1257 3318 1297 se
3357 1242 3506 1312 virgo
3534 1241 3698 1294 Maria

2510 1336 2674 1391 Posse
2699 1335 2930 1406 placere,
2961 1335 3091 1389 viris
3124 1334 3334 1388 Domini
3359 1348 3456 1401 pro
3488 1332 3702 1386 nomine
3727 1332 3946 1402 spretis,

2513 1424 2682 1487 Nunc,
2714 1425 2837 1493 quia
2870 1439 2975 1477 non
3010 1430 3242 1486 constat,
3278 1430 3460 1475 votum
3490 1436 3547 1474 sc
3586 1421 3811 1473 reddere
3839 1428 4045 1472 tantum
4070 1458 4088 1484 ,

2512 1514 2700 1567 llestat
2731 1523 2789 1566 ut
2814 1512 3180 1566 Altitlironnm
3209 1511 3459 1580 precibus
3487 1511 3644 1581 digne
3670 1510 3965 1579 rogitemus

2513 1602 2583 1658 Ut
2617 1619 2712 1658 nos
2738 1603 2877 1657 forte
2904 1603 3015 1656 suis
3045 1601 3207 1655 faciat
3228 1598 3760 1671 coguoscerejussis,

2512 1695 2663 1750 Hanc
2690 1695 2814 1763 quia
2847 1693 3000 1763 legali
3033 1692 3113 1747 fas
3139 1692 3209 1746 sit
3240 1706 3361 1745 cum
3393 1690 3594 1745 fmdere
3616 1689 3789 1758 jungi.

2440 1784 2487 1843 B
2589 1786 2706 1841 Tali
2744 1785 2973 1841 consilio
2999 1799 3267 1839 consensu
3300 1782 3471 1853 plebis
3498 1781 3710 1850 adepto,

2515 1878 2727 1934 Sortem
2756 1876 3037 1946 pontiﬁces
3064 1875 3329 1930 miserunt
3352 1874 3601 1944 primitus
3629 1887 3838 1926 omnes.

2510 1968 2656 2024 lnter
2691 1982 2922 2037 namque
2954 1968 3125 2020 tribus
3156 1966 3373 2021 lsraelis
3407 1965 3706 2025 duodenas,

2512 2063 2642 2129 Quze
2670 2075 2791 2114 mox
2824 2058 3097 2128 egregiam
3128 2054 3279 2110 Juda:
3309 2057 3486 2125 signat
3522 2053 3636 2107 fore
3661 2052 3877 2122 dignam
3898 2089 3918 2117 ,

2512 2152 2625 2218 Qua
2657 2151 2933 2220 designata
2963 2162 3071 2218 prae
3101 2146 3313 2201 cunctis
3353 2145 3559 2199 scilicet
3587 2160 3688 2197 una
3711 2184 3724 2206 ,

2513 2241 2843 2309 Prmcepere,
2868 2237 3015 2291 viros
3038 2235 3277 2306 ejusdem
3307 2234 3565 2306 germinis
3595 2248 3811 2295 omnes,

2512 2334 2659 2400 Quos
2690 2332 2810 2386 sine
2837 2329 3157 2399 coniugibus
3185 2326 3314 2382 fecit
3340 2326 3636 2380 consistere
3662 2337 3857 2379 casus:

2511 2424 2775 2479 Collectos
2806 2435 2936 2491 ergo
2963 2433 3289 2474 concurrere
3322 2416 3435 2470 sole
3462 2415 3699 2470 secundo

2511 2502 2577 2569 Et
2609 2514 2857 2569 manibus
2882 2512 3061 2581 virgas
3087 2509 3293 2564 dextris
3323 2506 3569 2562 conferre
3597 2504 3857 2560 novellas.

2583 2609 2693 2663 Piis
2724 2608 2887 2678 igitur
2915 2603 3128 2659 cunctis
3156 2611 3269 2657 toto
3292 2600 3575 2655 conamine
3606 2598 3783 2661 lectis,

2512 2699 2745 2755 Advenit
2767 2697 2963 2767 dignus
2989 2694 3171 2749 senior
3192 2691 3404 2761 Josepli,
3438 2691 3675 2745 sociatus

2512 2790 2777 2861 851l|is,
2812 2788 3087 2842 incurvant
3116 2794 3337 2853 portans
3374 2781 3672 2837 sub'indice
3698 2779 3921 2849 virgam.

2513 2883 2583 2936 At
2610 2897 2736 2936 vero
2764 2893 3005 2934 summus
3034 2877 3214 2943 virgas
3243 2874 3479 2929 tollendo
3505 2872 3757 2927 sacerdos

2515 2972 2783 3033 Gaudeas,
2809 2977 3125 3023 cunctorum
3164 2965 3390 3019 Domino
3417 2961 3624 3016 faciens
3650 2958 4059 3023 holocaustum',

2515 3063 2652 3129 Quid
2688 3060 2802 3113 fieri
2827 3060 2997 3129 jubet,
3024 3056 3206 3110 effusis
3233 3054 3483 3123 precibus
3507 3051 3793 3121 rogitabat.

2437 3141 2482 3204 ε
2514 3154 2609 3209 Cui
2640 3168 2759 3208 mox
2790 3150 3002 3204 indiciis
3032 3147 3227 3201 divinis
3260 3146 3361 3199 ista
3382 3142 3665 3212 jubentur,

2515 3245 2779 3311 Tempore
2804 3240 3009 3309 digesto
3037 3236 3136 3291 sibi
3160 3250 3277 3304 qua:
3304 3234 3517 3287 fuerant
3543 3230 3810 3285 facienda.

2517 3334 2872 3391 Prtemonitus
2898 3332 3074 3401 virgas
3112 3328 3200 3396 qui
3228 3327 3371 3380 misit
3393 3324 3641 3395 protinus
3664 3322 3827 3390 ipsas,

2517 3429 2573 3483 In
2606 3424 2787 3493 templi
2815 3429 3059 3475 sanctum
3084 3418 3275 3472 famosi
3298 3415 3416 3483 jure
3443 3424 3707 3467 secretum
3732 3451 3746 3475 ,

2518 3515 2858 3573 Demandans
2883 3510 3068 3581 quidni
3101 3507 3373 3563 collectitu
3404 3505 3522 3559 lucc
3548 3502 3817 3573 sequenti,

2518 3609 2645 3663 Inde
2676 3604 2882 3675 regales
2911 3603 3104 3655 iterum
3142 3598 3354 3653 venisse
3385 3603 3627 3664 nepotes,

2522 3698 2970 3764 Unnmqnemque
2990 3705 3139 3744 suam
3168 3702 3379 3740 rursum
3401 3697 3613 3753 quoque
3636 3691 3847 3734 sumere
3869 3676 4098 3746 virgam.

2523 3788 2654 3843 Nam
2686 3786 2784 3841 sibi
2821 3797 2918 3853 pro
2943 3782 3097 3851 signo
3132 3780 3333 3833 dictum
3365 3775 3538 3828 fuerat
3565 3770 3871 3833 manifesto,

2524 3884 2686 3949 Virgo
2722 3878 2864 3947 quod
2894 3876 3003 3930 haec
3034 3871 3179 3927 credi
3208 3870 3431 3924 deberet
3459 3864 3652 3919 nobilis
3683 3862 3778 3925 illi,

2524 3976 2599 4028 De
2624 3972 2775 4042 cujus
2806 3970 2952 4037 virga
2988 3965 3236 4020 volitaret
3265 3962 3364 4015 rite
3395 3958 3667 4019 columba,

2526 4068 2655 4132 Qua:
2686 4064 2903 4133 petiisse
2931 4059 3109 4130 polum
3136 4061 3367 4110 tentaret
3393 4052 3637 4121 protinus
3666 4048 3854 4100 altum.

2597 4157 2732 4210 Cum
2763 4163 2843 4207 ter
2876 4150 3019 4205 mille
3048 4162 3174 4203 suas
3205 4146 3501 4199 retinerent
3527 4141 3758 4209 denique
3780 4145 3969 4207 captas

2528 4248 2739 4318 V’irgas,
2766 4255 3010 4313 personae
3039 4238 3297 4309 praedicto
3336 4243 3575 4304 tempore
3605 4238 3787 4292 certae,

2532 4339 2640 4391 Nec
2664 4336 2874 4405 signum
2908 4330 3102 4401 populo
3130 4326 3446 4399 praedictum
3475 4322 3723 4379 redderet
3746 4318 3871 4377 ulla,

2533 4426 2735 4484 Obtulit
2765 4426 3043 4479 incensum
3076 4417 3268 4490 prtesul
3295 4412 3601 4469 venerabile
3628 4424 3861 4472 rursum,

2456 4494 2508 4552 Ῑ)
2537 4518 2714 4588 Seque
2746 4516 2893 4570 dedit
2924 4511 3178 4582 precibus
3206 4508 3401 4563 devoto
3429 4513 3647 4575 pectore
3668 4501 3821 4556 fusis.

2534 4612 2629 4666 Cui
2660 4625 2783 4665 mox
2808 4607 3021 4662 caelesti
3041 4604 3250 4658 dicetur
3280 4613 3409 4654 voce
3435 4595 3677 4669 precanti
3700 4634 3715 4657 ,

2534 4701 2757 4772 Virgula
2784 4712 3017 4766 namque
3044 4695 3224 4750 brevis
3250 4690 3451 4761 Joseph
3469 4688 3603 4759 justi
3642 4684 3894 4746 senioris,

2535 4798 2664 4863 Quae
2693 4794 2835 4863 jacet
2863 4793 2913 4845 in
2945 4788 3141 4859 templo
3168 4802 3266 4842 nec
3291 4784 3611 4840 sollicitetur
3634 4779 3703 4834 ab
3725 4779 3832 4834 ullo
3854 4818 3869 4842 ,

2534 4884 2776 4956 Implebit
2812 4881 3004 4936 merito
3032 4881 3246 4949 signum
3280 4871 3630 4930 memorabile
3657 4868 3793 4926 sola.

2607 4978 2704 5033 His
2722 4977 2802 5031 ita
2835 4975 3020 5035 ﬁnitis,
3053 4970 3236 5025 sonuit
3258 4982 3363 5023 vox
3392 4963 3742 5037 pontiﬁcalis,

2538 5070 2800 5133 Mandans
2828 5068 2881 5122 in
2913 5064 3143 5120 mediam
3179 5059 3377 5130 Josepb
3403 5057 3698 5128 procedere
3728 5052 3936 5108 turbam
3956 5091 3971 5116 ,

3040 5168 3059 5172 -
3114 5148 3281 5172 '4_M-
3317 5146 3569 5172 ἰιιΙΙΑηιιΑ
3604 5144 3829 5172 Anna-na
