4482 5548
377 351 511 405 4075

380 473 472 524 llis
505 470 575 522 ita
603 468 908 532 transactis,
940 468 1125 523 laudes
1149 468 1299 538 plebs
1328 480 1617 538 concrepat
1647 471 1844 532 omnis,

371 562 565 615 Grates
590 560 901 613 Altithrono
932 559 1218 615 reddentes
1243 570 1461 630 pectore
1495 561 1635 615 lteto.

369 653 482 723 86
508 651 606 706 Cui
644 649 845 718 placuit
875 650 1028 720 signo
1050 647 1257 716 justum
1287 659 1592 706 monstrare
1622 653 1848 713 novello,

371 747 486 814 lpse
516 743 609 797 sed
637 743 813 797 anatis
842 759 946 797 non
975 744 1259 798 immemor
1289 744 1559 801 ulterioris
1579 788 1592 810 ,

370 837 683 890 Protestans
712 848 966 905 proceres
994 849 1052 890 se
1080 838 1431 907 progenuisse
1461 846 1702 906 nepotes,

372 925 563 995 Magno
593 934 839 994 percerte
876 925 1051 981 fertur
1076 928 1312 998 rogitare
1335 931 1538 998 pudore

371 1013 684 1079 Pontifices,
715 1015 938 1071 Mariam
970 1033 1077 1087 quo
1108 1034 1212 1073 non
1244 1019 1438 1073 vellent
1469 1020 1569 1074 sibi
1597 1018 1877 1088 pulchram

372 1105 543 1173 Ipsius
571 1107 808 1176 proprio,
843 1108 940 1162 sed
995 1124 1248 1179 sponsam
1277 1111 1492 1165 tradere
1526 1122 1672 1163 nate.

370 1197 521 1262 Quod
547 1214 668 1253 cum
690 1199 827 1255 forte
849 1211 1066 1270 negant,
1093 1217 1150 1256 se
1173 1204 1439 1271 signatum
1467 1220 1677 1272 quoque
1706 1211 1947 1264 narrant,

374 1284 483 1340 Nec
518 1288 770 1356 cuiquam
803 1292 947 1344 credi
974 1300 1218 1344 sanetam
1250 1292 1449 1349 debere
1483 1294 1732 1361 puellam,

369 1377 542 1443 Quam
576 1379 702 1443 sibi,
731 1396 887 1448 quem
921 1382 1178 1436 Dominus
1203 1384 1376 1438 solum
1403 1385 1530 1438 fecit
1553 1384 1665 1438 fore
1695 1385 1946 1450 dignum,

371 1467 638 1534 Exorans,
671 1469 805 1524 alias
831 1473 996 1542 coepit
1022 1475 1255 1543 rogitare
1283 1475 1485 1543 puellas

373 1558 507 1612 Mitti
537 1575 659 1613 cum
691 1561 880 1624 Maria,
913 1579 1076 1618 causa
1102 1564 1381 1619 solaminis
1413 1582 1564 1636 ergo,

368 1647 518 1712 Quae,
554 1648 714 1702 veluti
748 1653 1070 1706 connutritze
1107 1655 1376 1724 socizeque
1410 1671 1623 1718 comm,

373 1736 520 1790 Illam
549 1737 801 1806 colloquii
837 1741 1040 1795 scirent
1071 1743 1333 1799 solamine
1361 1745 1524 1809 dulci,

370 1825 587 1895 Absque
615 1843 763 1882 mora
794 1831 1060 1886 consolari
1097 1849 1164 1888 ne
1194 1835 1343 1905 virgo
1373 1837 1566 1905 pudori

367 1915 608 1984 Conjuge
635 1932 732 1985 pro
761 1920 940 1973 vetulo
972 1920 1124 1976 fieret
1152 1922 1395 1991 subjecta
1428 1924 1641 1988 tenella,

370 2005 522 2070 Quod
551 2023 671 2062 mox
703 2011 984 2078 pontifices
1016 2012 1128 2066 fieri
1157 2013 1366 2082 jussere
1393 2027 1668 2084 parentes,

372 2096 477 2151 Sed
509 2099 692 2154 senior
721 2099 920 2155 frustra
960 2104 1246 2158 sudaverat
1295 2106 1396 2160 ista
1430 2107 1698 2174 rogando,

370 2185 484 2265 Non
517 2188 640 2252 sibi,
669 2190 759 2243 sed
788 2189 1025 2256 Christo,
1060 2193 1235 2247 fuerat
1267 2195 1392 2263 quia
1422 2195 1572 2265 virgo
1599 2196 1792 2249 dicata.

425 2262 730 2344 ’Postquam
763 2281 1042 2346 pontifices
1074 2262 1307 2351 preculis
1331 2262 1546 2338 cessere
1577 2285 1878 2354 precantis,

372 2359 575 2433 Ioseph
601 2367 920 2420 servandam
951 2371 1191 2438 suscepit
1223 2386 1458 2441 namque
1481 2373 1736 2441 puellam,

367 2453 433 2506 Et
460 2453 662 2522 pariter
692 2457 906 2522 missas,
941 2459 993 2514 ni
1036 2459 1214 2525 fallor,
1247 2463 1482 2531 quinque
1511 2463 1735 2532 puellas,

369 2541 611 2608 Quarum
643 2545 721 2601 sic
752 2563 882 2617 ergo
909 2550 1206 2604 creduntur
1236 2554 1454 2608 nomina
1486 2555 1626 2609 dicta
1662 2573 1675 2608 :

369 2635 736 2706 Sephiphona,
775 2640 954 2706 Zabel,
984 2641 1252 2709 Susanna,
1284 2644 1548 2711 Rebecca,
1581 2646 1802 2717 Abigea,

369 2726 500 2790 Quis
528 2742 661 2797 opus
693 2732 757 2785 ad
787 2732 965 2802 templi
998 2734 1308 2804 pertingens
1338 2752 1570 2806 namque
1598 2740 1797 2793 sacrati

370 2814 626 2870 Traditur
650 2830 902 2874 ornatum
935 2825 1174 2880 studiose
1198 2825 1586 2895 perliciendum

368 2905 610 2974 Purpura
640 2923 760 2962 cum
789 2911 955 2978 bysso
987 2913 1152 2968 linum
1182 2931 1303 2970 cum
1332 2917 1531 2972 vellere
1564 2933 1766 2983 serum,

366 2995 609 3065 Purpura
636 3000 729 3053 sed
759 3010 962 3055 sanctae
991 3002 1196 3073 fulgens
1219 3010 1488 3074 operanda
1518 3007 1724 3069 Marim,

362 3085 613 3142 Creditur
637 3090 704 3144 ad
737 3091 911 3146 velum
945 3093 1153 3148 Domini
1189 3097 1370 3166 templi
1403 3099 1720 3166 pretiosum.

437 3177 530 3234 [Is
557 3196 719 3250 super
749 3198 994 3238 accensa:
1027 3197 1324 3256 prmsentes
1351 3189 1546 3258 quippe
1577 3190 1764 3258 puellae
1784 3231 1798 3254 ,

361 3268 651 3339 Opprobrii
681 3288 843 3328 causa
875 3274 1131 3330 dixerunt
1163 3278 1343 3333 taliter
1376 3295 1504 3348 ergo
1537 3299 1546 3331 :

364 3359 502 3415 Nam
535 3370 586 3416 te
616 3365 856 3434 reginam
889 3377 1102 3421 constat
1133 3380 1256 3438 post
1285 3370 1397 3426 hazc
1423 3370 1536 3425 fore
1565 3382 1838 3438 nostram,

362 3451 480 3504 Iam
511 3455 739 3509 terenda
770 3457 884 3520 tibi,
917 3458 1041 3526 quia
1071 3474 1309 3527 purpura
1341 3462 1582 3515 creditur
1618 3465 1705 3515 nni

363 3541 477 3599 Non
507 3559 672 3615 parvo
702 3561 824 3600 cum
859 3547 934 3601 sis
959 3548 1142 3615 junior
1171 3558 1223 3602 tu
1258 3558 1498 3620 tempore
1529 3553 1681 3606 nobis
1717 3569 1728 3616 ;

363 3634 491 3697 Qua:
519 3645 642 3690 tunc
671 3645 728 3689 ut
751 3651 966 3706 semper
993 3637 1129 3693 bene
1166 3641 1422 3694 sustinuit
1450 3643 1737 3710 patienter,

364 3724 640 3782 Talia-nec
669 3728 835 3784 verbo
855 3729 968 3798 jam
1001 3733 1403 3788 contradixerat
1430 3733 1557 3791 ullo.

428 3817 538 3887 87
572 3819 769 3874 Astans
797 3821 888 3874 sed
913 3821 1070 3876 citius
1103 3831 1284 3877 custos
1332 3839 1548 3893 semper
1580 3825 1680 3879 sibi
1713 3825 1846 3881 fidus

361 3907 596 3978 Angelus
629 3911 890 3980 astrigera
922 3911 1161 3981 dilapsus
1191 3915 1325 3968 dixit
1355 3916 1422 3969 ab
1444 3917 1587 3978 aula,

361 3998 476 4053 Non
511 4009 592 4064 te,
623 4003 793 4071 virgo,
832 4019 960 4073 rogo
989 4007 1305 4073 perturbent
1334 4008 1457 4061 talia
1484 4011 1644 4064 verba
1667 4050 1680 4073 ,

360 4087 480 4141 Istae
513 4099 757 4156 perccrte
783 4093 908 4160 quia
941 4103 1124 4147 vatum
1153 4110 1301 4148 more
1324 4096 1536 4161 locutae,

357 4177 476 4230 Iam
507 4194 648 4231 nunc
677 4195 917 4250 praesaga
947 4182 1200 4236 dicebant
1227 4199 1355 4238 voce
1383 4184 1579 4247 futura,

361 4263 436 4315 Tn
476 4266 600 4333 quia
628 4266 742 4320 sola
773 4277 1019 4336 potenter
1047 4271 1156 4326 eris
1198 4275 1379 4342 regina
1411 4276 1695 4343 perennis,

359 4353 600 4410 Necnon
635 4359 894 4430 stelligeri
921 4361 1250 4417 dominatrix
1289 4365 1484 4436 inclyta
1515 4368 1658 4421 C(Bli.

428 4445 551 4500 Post
590 4447 703 4503 haec
735 4459 951 4504 secreta
983 4453 1257 4506 residebat
1286 4453 1336 4506 in
1374 4455 1486 4508 aede
1515 4456 1727 4523 quieta,

357 4531 666 4603 Purpureas
692 4536 874 4607 digitis
904 4537 1023 4593 filos
1048 4554 1279 4609 operans
1309 4541 1626 4597 benedictis.

356 4626 592 4697 Angelus
620 4637 674 4682 et
707 4645 951 4685 summus
981 4629 1197 4686 Gabriel
1238 4634 1617 4702 conspectibus
1662 4635 1795 4705 ejus,

356 4716 542 4769 Astitit
569 4717 836 4788 astrigera
862 4719 1120 4774 cmlorum
1153 4720 1336 4791 lapsus
1362 4723 1431 4778 ab
1460 4723 1582 4777 aula

357 4805 671 4874 Virgineum
705 4807 870 4864 decus
897 4810 1077 4865 verbis
1111 4810 1306 4866 affatur
1335 4813 1545 4878 amicis,

353 4892 514 4947 Juxta
541 4907 859 4952 cunctorum
886 4914 1116 4955 narrans
1146 4902 1365 4956 oracula
1401 4913 1604 4958 vatum.

355 4982 527 5051 Ipsius
557 5001 586 5040 e
613 4996 764 5042 casto
791 4991 936 5044 nasci
963 4991 1242 5060 dignarier
1270 4993 1391 5048 alvo

353 5075 648 5131 Altithroni
672 5079 880 5148 prolem
906 5083 1106 5137 mundo
1137 5087 1272 5140 satis
1301 5087 1686 5162 antiquiorem,

355 5168 706 5239 Virgineique
735 5175 950 5229 modum
983 5185 1170 5244 partus
1199 5187 1385 5232 narrat
1411 5187 1845 5248 memorandum.

423 5260 565 5329 Ergo
596 5276 702 5315 non
736 5265 936 5320 nostris
970 5265 1114 5334 potis
1153 5277 1235 5322 est
1267 5270 1514 5337 exponier
1545 5286 1714 5347 orsis,

354 5351 547 5403 Nobile
572 5353 898 5403 collonninm
931 5359 1088 5403 l'nmm
1121 5374 1366 5403 morman
1402 5379 1604 5403 norm..-
1655 5396 1683 5403 Δ

1359 354 1678 411 HISTORIA
1713 355 2033 411 INTACTJZ
2074 357 2180 414 DEI
2215 357 2625 413 CENITIIICIS.

3499 363 3631 417 I07I

1978 471 2025 530 Α
2058 469 2279 524 Frustra
2313 473 2636 527 cordetenus
2663 488 2767 540 quo
2793 473 2903 542 jam
2939 473 3106 527 fuerat
3139 475 3428 537 cruciatus,

2057 557 2239 614 Talem
2271 561 2396 614 dum
2427 562 2705 631 gravidam
2747 565 3007 618 sensisset
3037 565 3174 619 forte
3210 567 3467 634 puellam,

2057 649 2303 714 Qualiter
2333 661 2386 705 ct
2419 653 2586 707 tristis
2618 654 2822 708 solatur
2855 666 3094 725 tempore
3125 659 3314 721 noctis,

2058 738 2292 810 Virginis
2321 743 2539 798 intacta:
2563 743 2746 812 jussus
2777 761 2961 800 curam
2991 747 3248 811 retinere,

2057 831 2294 904 Virginis
2323 845 2377 889 et
2403 836 2511 888 nati
2548 837 2702 892 nobis
2730 837 2794 892 de
2821 836 2998 893 sidere
3030 839 3199 894 missi.

2054 926 2177 982 Ilaec
2207 929 2499 998 evangelici
2531 932 2901 986 demonstrant
2930 941 3126 988 cuncta
3162 933 3346 996 libelli,

2055 1014 2280 1071 No~tras
2307 1027 2360 1072 et
2391 1017 2606 1089 fragiles
2644 1021 2912 1074 excedunt
2942 1022 3170 1090 denique
3200 1023 3361 1077 vires;

2055 1103 2148 1157 llis
2179 1120 2275 1158 nos
2303 1107 2636 1161 transmissis
2663 1117 2916 1162 constant
2943 1109 3067 1178 quia
3107 1111 3320 1180 cognita
3351 1113 3580 1175 etmclis,

2054 1195 2371 1250 Sermonem
2406 1198 2558 1252 vobis
2591 1205 2797 1252 tantum
2826 1198 3084 1253 faciemus
3110 1201 3177 1254 ab
3205 1202 3339 1266 illis,

2053 1287 2284 1341 Charius
2311 1289 2362 1341 in
2397 1289 2592 1357 templo
2621 1305 2740 1358 quae
2769 1290 3066 1343 creduntur
3092 1290 3206 1345 fore
3237 1292 3395 1345 dicta.

2124 1377 2281 1431 Certe
2311 1394 2430 1431 cum
2459 1378 2706 1432 stabilem
2736 1379 2966 1434 volitans
3004 1382 3209 1434 veniret
3240 1381 3288 1434 in
3317 1383 3501 1434 orbem

2055 1466 2304 1535 Undique
2335 1469 2606 1536 subjectos
2632 1468 2862 1522 describi
2887 1469 3060 1536 jussio
3089 1469 3255 1524 lectos

2051 1557 2281 1610 Cresaris
2303 1559 2524 1628 Augusti
2544 1575 2871 1628 censumque
2892 1560 2989 1612 sibi
3017 1559 3274 1628 profiteri,

2050 1645 2164 1714 88
2190 1644 2389 1714 Ioseph
2424 1645 2489 1698 ad
2524 1647 2754 1715 patriam
2797 1646 3033 1701 Bethlem
3074 1657 3380 1716 pertexerat
3423 1649 3626 1712 urbem,

2052 1734 2184 1786 Cum
2211 1736 2532 1802 desponsata
2563 1737 2780 1791 sibimet
2811 1748 3122 1806 praegnante
3152 1737 3347 1801 Maria;

1980 1808 2025 1866 Β
2059 1825 2266 1879 Etcum
2297 1826 2516 1881 famosis
2541 1837 2723 1883 essent
2748 1843 2912 1898 pr0pe
2937 1829 3202 1884 manibus
3226 1831 3392 1891 urbis,

2055 1915 2298 1983 Aspexit,
2329 1930 2434 1969 non
2458 1917 2755 1985 corporeis,
2786 1917 2877 1972 sed
2910 1918 3106 1972 mentis
3131 1918 3333 1980 ocellis,

2054 2005 2314 2059 Cominus
2346 2006 2483 2060 alma
2511 2006 2645 2060 duos
2677 2006 2991 2077 virguncula
3023 2016 3167 2062 stare
3196 2007 3453 2078 popellos.

2058 2096 2233 2150 L'num
2264 2099 2548 2161 ridentem,
2586 2115 2682 2154 nec
2712 2115 2816 2153 non
2848 2099 3010 2152 alium
3045 2099 3456 2170 lacrymantem,

2056 2188 2206 2252 Quod
2239 2187 2434 2258 Ioseph
2472 2189 2648 2244 vetulo
2677 2206 2925 2256 narrans,
2958 2191 3162 2245 audivit
3201 2193 3268 2244 ab
3297 2191 3385 2245 illo
3413 2211 3424 2244 :

2055 2277 2282 2335 Contine
2319 2281 2566 2351 subjecto
2601 2291 2807 2336 tantum
2842 2293 2891 2336 te
2924 2283 3024 2336 rite
3048 2283 3318 2350 jumento,

2055 2368 2118 2421 Iit
2151 2369 2282 2432 noli,
2314 2384 2500 2438 posco,
2534 2385 2759 2425 narrare
2786 2370 3052 2440 superflua
3093 2372 3276 2425 verba.

2128 2462 2366 2526 Dixerat,
2398 2471 2451 2516 et
2478 2461 2730 2530 juvenem
2760 2477 2943 2517 coram
2972 2463 3249 2532 prospexit
3279 2462 3521 2524 herilem,

2055 2552 2153 2616 Qui
2188 2553 2286 2606 sibi
2325 2554 2640 2622 mysterium
2675 2552 2969 2608 declaravit
3010 2552 3328 2622 populorum

2058 2642 2206 2695 Talia
2242 2653 2451 2698 sacrata
2482 2643 2668 2699 dicens
2701 2659 2796 2721 pro
2822 2643 3030 2714 virgine
3065 2646 3227 2699 verba
3258 2663 3269 2696 ε

2054 2733 2161 2786 Cur
2189 2733 2324 2787 dicis
2352 2733 2574 2787 Mariam
2605 2750 2711 2788 non
2746 2734 2963 2789 verbula
2996 2750 3119 2790 vera
3150 2735 3382 2789 locutam

2055 2825 2385 2894 Indignatus,
2415 2842 2533 2880 eam
2564 2837 2830 2880 secretum
2859 2841 3087 2881 cernere
3116 2826 3287 2881 solam

2055 2913 2186 2967 Nam
2213 2913 2429 2969 flentem
2459 2915 2712 2985 populum
2745 2916 2942 2970 merito
2967 2917 3102 2970 vidit
3137 2915 3454 2982 Iudeorum,

2055 3006 2154 3071 Qui
2186 3022 2308 3060 mox
2342 3023 2370 3060 a
2406 3007 2633 3061 Domino
2661 3008 2903 3062 discedet
2933 3008 3098 3062 corde
3124 3007 3385 3079 maligno,

2053 3095 2253 3150 Contra
2285 3098 2539 3166 gentilem
2571 3099 2665 3153 sed
2699 3098 2882 3152 lzetitia
2912 3097 3214 3154 fluitantem

1977 3155 2021 3214 Ο
2055 3187 2135 3241 Ad
2167 3187 2288 3240 fidei
2317 3203 2569 3258 magnum
2607 3189 2731 3258 quia
2761 3189 3040 3258 perveniet
3065 3200 3486 3245 sacramentum.

2125 3275 2220 3331 Ilis
2259 3277 2435 3341 dictis,
2489 3277 2712 3332 Mariam
2746 3278 2938 3333 blande
2977 3295 3268 3336 conversus
3299 3283 3363 3336 ad
3412 3281 3609 3336 almam

2053 3366 2287 3437 Tempus
2312 3369 2499 3424 adesse
2531 3369 2632 3424 sibi
2661 3369 2933 3424 Christmn
2967 3381 3150 3426 narrat
3179 3374 3419 3442 pariendi

2053 3456 2182 3522 Qua:
2210 3458 2275 3511 de
2297 3456 2542 3525 subjecto
2572 3457 2856 3513 descendit
2880 3460 3032 3529 jussa
3061 3459 3308 3528 jnmento

2053 3547 2268 3600 lntrans
2302 3548 2618 3616 speluncam
2647 3549 2745 3603 sub
2775 3557 2920 3604 terra
2953 3551 3053 3607 rite
3087 3553 3316 3608 locatam

2052 3638 2182 3701 Quae
2211 3637 2350 3690 male
2377 3639 2658 3707 praesentis
2689 3640 2903 3709 penitus
2927 3641 3027 3696 fuit
3051 3643 3220 3697 inscia
3254 3644 3386 3699 lucis

2052 3725 2116 3779 Et
2140 3741 2301 3795 quam
2332 3728 2600 3782 continuas
2629 3743 2840 3798 semper
2877 3739 3094 3786 tenuere
3123 3735 3375 3789 tenebrze.

2053 3821 2158 3874 Sed
2187 3837 2333 3887 mox,
2367 3831 2424 3875 ut
2455 3822 2628 3878 lucem
2661 3824 2893 3893 genitrix
2923 3826 3164 3895 paritura
3194 3844 3486 3898 perennem

2055 3912 2200 3967 Ilanc
2226 3913 2373 3976 adiit,
2413 3915 2577 3969 radiis
2604 3917 2765 3985 carpit
2793 3917 2996 3987 fulgere
3021 3921 3260 3975 coruscis

2053 4003 2163 4059 Nec
2195 4014 2315 4073 post
2345 4005 2459 4061 lucc
2487 4006 2558 4061 ibi
2592 4008 2830 4062 caelestis
2861 4009 2948 4063 lux
2978 4010 3147 4064 defuit
3171 4015 3316 4066 omni

2052 4093 2313 4165 Tempore
2344 4113 2451 4166 quo
2480 4099 2710 4168 genitriv
2744 4099 2851 4155 illic
2879 4103 3075 4155 mansit
3107 4104 3246 4159 bene
3279 4107 3428 4159 felix.

2122 4188 2307 4243 Noctis
2343 4191 2647 4258 tranquilla:
2686 4191 2860 4245 medio
2895 4193 3180 4249 libramine
3208 4207 3383 4261 certe,

2049 4277 2162 4334 lllic
2190 4280 2303 4334 luce
2333 4282 2520 4334 eadem
2552 4284 2736 4352 genuit
2766 4285 3083 4353 virguncula
3115 4289 3319 4356 prolem

2047 4369 2301 4425 Gandens
2331 4372 2590 4437 divinam,
2620 4375 2829 4428 cunctis
2859 4376 3055 4432 seculis
3087 4382 3473 4443 venerandam,

1978 4495 2027 4555 υ
2051 4459 2148 4515 Cui
2181 4477 2374 4516 nomen
2403 4463 2583 4528 Iesus,
2615 4466 2699 4518 cui
2733 4466 2802 4519 sit
2832 4465 2972 4531 laus,
3002 4467 3195 4537 gloria,
3226 4472 3420 4534 virtus,

2052 4549 2277 4605 Solvere
2304 4553 2395 4621 qui
2427 4562 2666 4608 veterum
2699 4556 2923 4611 veniens
2959 4559 3175 4613 oracula
3202 4569 3382 4613 vatmn
3406 4603 3419 4624 ,

2047 4641 2118 4693 Se
2148 4656 2246 4709 pro
2276 4641 2535 4697 salvando
2561 4653 2847 4699 venturum
2879 4649 3102 4716 prtescia
3144 4652 3343 4703 mundo

2044 4736 2241 4791 Pacem
2272 4737 2536 4794 coelicolis
2563 4739 2690 4794 fecit
2716 4754 2838 4794 cum
2863 4741 3073 4797 civibus
3100 4744 3267 4797 orbis.

2043 4825 2156 4896 89
2184 4825 2356 4894 Quem
2385 4829 2624 4898 genitum
2655 4844 2814 4884 sacro
2844 4839 3008 4886 casta.-
3040 4833 3107 4887 de
3135 4834 3361 4904 virginis
3385 4837 3531 4900 alvo,

2045 4914 2310 4971 Protenus
2343 4918 2620 4988 angelicus
2643 4919 2964 4977 circumstat
2993 4923 3228 4994 denique
3249 4934 3426 4979 cmtns
3454 4946 3468 4980 τ

2045 5004 2298 5062 Laudans
2323 5006 2608 5062 submissis
2637 5007 2897 5066 factorem
2930 5014 3156 5069 vocibus
3188 5012 3358 5074 orbis,

2048 5094 2222 5150 Orans
2247 5103 2301 5150 et
2325 5111 2551 5165 puerum
2584 5097 2742 5152 nobis
2771 5101 2837 5156 de
2863 5100 3041 5157 sidere
3071 5101 3316 5164 missum,

2051 5186 2157 5242 Sed
2181 5197 2354 5240 mater
2381 5186 2581 5254 subito,
2611 5191 2824 5249 cunctis
2855 5192 3184 5256 veneranda,
3213 5190 3398 5252 Maria,

2052 5277 2290 5334 Collocat
2321 5275 2554 5347 augusto
2579 5283 2811 5352 praesepi
2846 5287 3094 5341 membra
3133 5280 3326 5336 tenella

2056 5368 2251 5403 Plu-iul:
2315 5368 2617 5401 ησὶηηῖηηιῖο
2648 5375 2832 5401 -ΑηΑ-υι
2858 5371 3133 5401 ’,ΑΙ-ιΑ-ᾸΑ
3158 5385 3456 5399 ᾺΛ-ιιιηιιιιοι-
