4482 5548
911 451 1046 507 1073

906 564 1149 632 Tangere
1175 560 1486 629 speluncam
1524 559 1750 627 pedibus
1778 560 2065 629 splendore
2099 560 2379 628 repletam.

906 653 1025 707 Mox
1053 666 1267 721 quoque
1292 651 1590 720 virgineum
1620 651 1821 704 Zelemi
1858 659 2095 705 tractans
2141 652 2225 718 pie
2266 658 2479 718 partum

907 742 1245 803 hxelamans,
1276 741 1413 809 sugni
1444 739 1581 793 dixit
1603 741 1739 794 bene
1764 742 1984 794 credula
2013 742 2145 794 tanti
2178 758 2188 791 :

902 828 1039 895 Quid
1067 830 1169 901 sibi
1197 843 1301 882 non
1330 836 1509 897 nupta:
1530 837 1720 895 partus
1751 828 1861 880 vult
1888 830 1989 883 iste
2020 827 2259 882 novellus
2282 830 2305 879 ?

902 922 1088 975 Editus
1110 934 1238 975 ecce
1262 932 1397 987 puer
1425 918 1589 988 regali
1622 918 1865 988 germine
1896 932 2067 987 nuper

901 1010 1159 1080 Conjugis
1189 1017 1462 1078 expertem
1497 1010 1633 1063 bene
1664 1010 1908 1064 declarat
1934 1010 2047 1063 fore
2080 1018 2334 1062 matrem.

898 1101 1078 1168 Atque
1105 1112 1304 1167 parens
1327 1112 1481 1168 Virgo
1504 1106 1688 1151 natum
1721 1098 1885 1152 lactat
1911 1098 1999 1167 pie
2023 1097 2136 1151 sola

901 1186 1176 1242 Uberibus
1205 1187 1371 1242 castis
1394 1186 1460 1241 de
1486 1187 1627 1241 cmlo
1644 1187 1766 1255 jure
1795 1188 2031 1257 repletis,

896 1273 1014 1329 Non
1041 1274 1193 1331 dolor
1214 1286 1297 1330 est
1324 1276 1484 1329 matri
1511 1291 1611 1331 nec
1642 1287 1725 1330 est
1756 1276 2044 1331 maeulatio
2068 1277 2233 1345 proli,

896 1365 1099 1418 Ordine
1131 1365 1313 1420 divino
1342 1364 1457 1420 fieri
1490 1367 1583 1420 sed
1609 1367 1733 1420 talia
1765 1368 1947 1423 credo.

969 1453 1119 1508 Hanc
1143 1454 1361 1510 Salome
1382 1470 1567 1512 vocem
1585 1470 1867 1526 spernens,
1888 1474 1995 1513 non
2018 1461 2142 1513 ficta
2168 1459 2475 1529 loquentem

896 1548 1121 1603 Dixerat
1145 1551 1343 1606 auditis
1372 1566 1492 1607 sese
1521 1568 1627 1607 non
1668 1557 1889 1609 credere
1917 1556 2118 1620 verbis,

896 1636 959 1690 Ni
994 1640 1187 1706 probet
1218 1639 1332 1708 ipsa
1363 1655 1575 1697 sacram
1602 1644 1784 1711 palma
1812 1646 2079 1714 tangendo
2106 1646 2351 1700 Mariam.

894 1726 1031 1782 llinc
1062 1729 1305 1799 ingressa
1331 1745 1488 1785 suam
1514 1733 1680 1803 erepit
1704 1735 2030 1802 protendere
2056 1736 2329 1799 dextram,

898 1819 1173 1875 Audacter
1203 1830 1407 1873 castam
1443 1830 1657 1875 tentans
1683 1824 1921 1891 palmare
1944 1824 2188 1889 Mariam,

894 1908 1000 1964 Sed
1030 1909 1151 1962 talis
1180 1925 1399 1979 pmnam
1422 1912 1628 1966 confert
1663 1914 1886 1967 audacia
1920 1914 2159 1984 dignam,

894 2000 1098 2054 Dextra
1128 2011 1211 2056 est
1241 2003 1505 2058 continuo
1537 2006 1795 2059 tentatrix
1828 2007 2130 2072 debilitata,

890 2090 1101 2160 lugenti
1130 2100 1278 2147 certe
1306 2094 1585 2147 cruciatur
1602 2094 1726 2162 jure
1752 2095 1960 2150 dolore.

900 2178 1049 2232 Tunc
1075 2178 1289 2235 Salome
1317 2178 1562 2235 clamans
1592 2182 1774 2236 animo
1803 2184 2083 2239 subtristis
2104 2200 2313 2249 amaro,

893 2265 1174 2321 Dcfectum
1206 2267 1412 2323 dextrae
1437 2270 1675 2323 subitum
1710 2270 1921 2325 deﬂevit
1956 2273 2241 2341 ademptae,

894 2356 1151 2426 Moreque
1175 2355 1402 2414 Iudaico
1434 2360 1711 2429 proprium
1744 2360 1997 2414 meritum
2023 2363 2322 2418 recitando.

894 2446 1002 2499 Nec
1028 2446 1363 2515 nonjustitia
1395 2457 1475 2502 sat
1508 2448 1786 2503 confidens
1809 2450 2087 2516 simulata,

893 2536 1042 2590 'l‘alia
1074 2535 1420 2593 Celsithrono
1451 2537 1624 2591 fertur
1648 2540 1775 2593 dare
1799 2541 1960 2593 verba
1994 2540 2226 2594 dolendo
2254 2561 2266 2593 :

970 2625 1148 2679 Testis
1177 2634 1495 2679 cunctorum
1528 2626 1946 2696 consolatorque
1972 2629 2239 2692 laborum,

892 2717 1003 2785 90
1046 2716 1124 2770 Tu
1153 2719 1260 2773 scis
1283 2719 1565 2785 praeceptis
1600 2718 1807 2772 fueram
1839 2722 1981 2787 quod
2011 2721 2195 2773 sedula
2228 2721 2380 2790 legis,

893 2806 1155 2874 Quodque
1181 2807 1255 2860 tui
1290 2820 1454 2861 causn
1485 2821 1699 2861 semper
1722 2806 1928 2861 fueram
1960 2810 2097 2863 bene
2126 2810 2295 2879 larga,

891 2894 1226 2963 Pauperibus
1255 2904 1467 2950 cunctis
1496 2905 1649 2949 tectis
1674 2896 1739 2949 de
1778 2895 1975 2949 finibus
2006 2898 2155 2953 orbis
2181 2918 2192 2951 :

896 2987 996 3051 Qui
1030 2997 1266 3041 manens
1296 2984 1468 3048 venit,
1498 2985 1563 3038 de
1595 2999 1680 3038 me
1710 2999 1925 3053 quOQue
1955 2987 2126 3040 laetior
2153 2988 2270 3051 ivit,

900 3076 957 3128 lit
994 3090 1135 3127 nunc
1163 3089 1262 3143 pro
1290 3074 1498 3129 meritis
1522 3075 1700 3142 patior
1723 3074 1979 3129 damnum
2009 3092 2173 3147 grave
2200 3082 2382 3133 tantis.

960 3164 1059 3230 Qui
1090 3180 1213 3219 mox
1243 3178 1513 3233 apparens
1535 3166 1752 3234 juvenis
1781 3167 2137 3234 praelucidus,
2171 3170 2288 3223 infit
2314 3187 2328 3223 :

884 3254 1211 3308 Panniculos
1241 3255 1393 3322 pueri
1422 3255 1761 3311 solummodo
1789 3267 1947 3327 tange
1973 3260 2177 3326 tenelli,

885 3341 1166 3396 Accedens
1200 3344 1334 3395 istas
1364 3344 1430 3396 ad
1465 3344 1676 3413 regales
1702 3346 1812 3400 cito
1835 3362 2026 3413 cunas,

888 3434 1112 3502 Ipseque
1145 3435 1335 3503 majori
1369 3444 1420 3488 te
1442 3436 1695 3489 restituet
1734 3439 1979 3493 sanitati.

886 3523 1012 3579 llmc
1050 3524 1135 3577 ubi
1162 3522 1312 3591 jussa
1342 3524 1442 3578 sibi
1474 3526 1719 3594 sequitur
1746 3528 2006 3582 solamina
2033 3530 2234 3595 dantis,

896 3612 1191 3683 ’l‘angendo
1216 3614 1495 3669 minimum
1522 3630 1825 3683 pannorum
1877 3618 2108 3688 denique
2135 3620 2281 3675 filum
2314 3638 2324 3671 :

891 3700 1073 3755 Sensit
1096 3717 1153 3756 se
1184 3702 1359 3757 subito
1389 3701 1594 3763 salvam
1626 3704 1743 3758 fore
1783 3721 2008 3775 corpore
2039 3718 2148 3763 toto
2171 3750 2185 3773 ,

893 3792 960 3845 Et
1003 3801 1182 3859 grates
1214 3794 1437 3847 Domino
1471 3794 1731 3848 reddebat
1766 3811 1897 3851 voce
1925 3812 2146 3863 canora,

884 3884 982 3949 Qui
1018 3884 1117 3937 sibi
1167 3885 1417 3951 dignatus
1447 3886 1605 3939 talem
1640 3888 1889 3941 conferre
1918 3892 2174 3945 salutem.

958 3976 1158 4029 Ordine
1187 3978 1394 4046 digesto
1437 3990 1717 4047 postquam
1768 3980 2018 4050 fuitcrgo
2051 3984 2249 4051 repleta

891 4066 1037 4120 Visio
1074 4076 1375 4135 pastorum,
1406 4068 1616 4137 signum
1648 4070 1862 4125 sibimet
1892 4088 2104 4139 quoque
2136 4074 2348 4136 dictum

886 4154 962 4209 De
990 4170 1158 4224 parvo
1191 4170 1357 4223 puero
1388 4158 1715 4224 praesepibus
1740 4158 2081 4223 inveniendo,

886 4246 1058 4314 Ipsius
1085 4246 1235 4314 pueri
1264 4260 1477 4315 quoque
1510 4247 1852 4301 circumcisio
1883 4249 2109 4317 Christi,

886 4336 1130 4390 Nominis
1158 4346 1323 4405 atque
1344 4338 1425 4389 sui
1457 4335 1668 4406 fulgens
1698 4339 1901 4409 aptatio
1938 4342 2139 4410 magni.

886 4428 1061 4496 Reges
1096 4426 1370 4496 astrologi,
1404 4427 1533 4481 solis
1562 4430 1625 4480 de
1666 4429 1887 4483 cardine
1913 4429 2058 4495 lecti,

884 4519 1164 4573 Advertere
1194 4517 1355 4586 Magi,
1385 4518 1660 4571 stellarum
1703 4519 1819 4587 lege
1848 4520 2035 4588 periti,

884 4610 1197 4675 Quaerentes
1222 4608 1408 4663 urbem
1441 4608 1700 4663 famosam
1733 4609 1966 4678 denique
2000 4609 2177 4664 Salem
2198 4652 2213 4675 ,

884 4697 991 4755 Nec
1031 4715 1133 4752 non
1163 4698 1450 4763 Herodem,
1485 4700 1753 4755 constanti
1785 4710 2004 4770 pectore
2030 4716 2209 4771 regem
2238 4744 2250 4765 ,

883 4788 1187 4843 Sollicitant
1218 4789 1356 4862 regis
1387 4791 1452 4844 de
1482 4791 1765 4844 nativitate
1804 4792 2040 4845 recentis
2060 4832 2073 4855 ,

884 4883 953 4941 Se
980 4882 1177 4937 vidisse
1204 4898 1397 4936 novam
1425 4882 1603 4937 fantes
1628 4884 1936 4951 nuperrime
1964 4883 2198 4949 stellam,

881 4979 1011 5045 Qun:
1044 4976 1245 5046 Regem
1283 4984 1471 5031 natum
1515 4978 1917 5029 demonstraret
1944 4974 2261 5029 Judeornm.

952 5068 1046 5130 llis
1079 5084 1170 5122 rex
1200 5068 1446 5121 turbatus
1472 5076 1677 5121 secreta
1710 5076 1889 5120 tuente
1926 5066 2207 5135 profanus,

876 5161 1081 5217 Accitis
1108 5160 1273 5214 citius
1303 5160 1518 5223 scribis,
1548 5160 1751 5213 audivit
1788 5158 1857 5212 ab
1885 5158 2008 5221 illis,

877 5257 1036 5298 (torto.
1076 5251 1317 5298 Rethleis
1346 5251 1491 5298 nasci
1524 5249 1666 5298 aliud
1703 5249 1952 5298 Christus
1987 5250 2040 5298 in
2070 5253 2181 5298 oris

1751 446 2221 503 HROTSUITIHS
2265 443 2587 501 MONIALIS
2624 444 3314 507 GANDERSHEIMENSIS

2512 560 2555 617 Λ
2587 556 2793 614 lntrant
2824 571 2875 615 et
2906 564 3057 632 pueri
3092 565 3290 630 regalia
3332 572 3469 618 tecta
3502 563 3700 627 tenelli,

4024 454 4159 509 1076

2584 648 2687 717 91
2718 650 2871 705 Haud
2904 655 3053 709 vario
3076 665 3223 709 certe
3255 656 3499 724 digestim
3532 656 3672 723 picta
3699 656 3907 718 colore,

2587 740 2794 795 Sideris
2814 744 3076 811 obsequio
3110 745 3269 809 tanti,
3300 744 3392 799 sed
3426 744 3526 797 rite
3555 745 3716 814 polita

2584 825 2747 881 Proni
2770 830 3010 899 vestigiis
3042 831 3265 901 figentes
3294 832 3477 886 oscula
3502 831 3697 900 prolis,

2583 915 2836 981 Orantes,
2866 920 3101 986 preeulis
3124 920 3311 974 humili
3341 937 3553 990 quoque
3578 937 3709 976 voce
3733 925 3967 992 profusis
3988 963 4005 987 ,

2585 1003 2748 1059 Trino
2776 1007 3052 1061 caelestem
3077 1019 3403 1067 venerantur
3430 1026 3652 1067 munere
3679 1012 3911 1084 Regem,

2584 1094 2738 1150 Hune
2760 1097 3143 1169 hominemque
3168 1101 3337 1155 Deum
3363 1102 3711 1173 designantes
3738 1104 4084 1158 moriturum.

2582 1183 2680 1252 Qui
2712 1200 2855 1249 mox,
2883 1186 2934 1239 in
2963 1190 3169 1243 somnis
3198 1190 3389 1244 moniti
3424 1192 3525 1246 sub
3552 1200 3792 1262 tempore
3820 1196 4014 1256 noctis,

2581 1274 2662 1328 Ad
2686 1277 2916 1343 patriam
2944 1277 3051 1331 ἱλειὶ
3089 1280 3318 1333 redeunt
3340 1296 3447 1349 per
3475 1282 3626 1337 devia
3657 1282 3822 1336 ducti.

2652 1364 2746 1421 llis
2778 1367 2849 1421 ita
2879 1369 3119 1439 digestis,
3149 1371 3407 1437 tlerodes,
3439 1374 3705 1442 pessimus
3732 1374 3929 1440 hostis,

2580 1454 2805 1525 Augusti
2822 1456 2977 1524 jussu
3007 1457 3234 1512 Romam
3260 1461 3563 1515 deducitur.
3590 1462 3749 1531 Ergo,

2580 1542 2700 1610 Quo
2723 1546 2803 1599 vel
2828 1558 3103 1616 purgaret,
3135 1548 3216 1603 lex
3250 1560 3307 1603 ut
3338 1550 3582 1605 Romana
3609 1554 3863 1619 doceret,

2579 1636 2836 1690 Criminis
2864 1639 3114 1706 imposita
3150 1640 3214 1694 de
3244 1642 3424 1711 magni
3450 1657 3507 1696 se
3529 1644 3637 1697 cito
3662 1644 3837 1712 culpa,

2580 1725 2675 1779 Vel
2699 1728 2889 1795 capitis
2920 1745 3132 1797 paruam
3153 1732 3298 1801 juste
3329 1742 3603 1800 pateretur
3630 1748 3893 1787 amaram.

2579 1817 2820 1886 Namque
2848 1833 2970 1874 rens
3001 1822 3303 1890 majestatis
3326 1823 3534 1876 dicetur
3564 1823 3770 1887 herilis,

2507 1917 2552 1975 Β
2582 1905 2648 1958 Et
2672 1907 2865 1959 merito
2893 1909 3054 1962 talem
3084 1910 3289 1976 patitur
3306 1910 3415 1978 jam
3440 1909 3821 1981 suspicionem,

2583 1999 2685 2064 Qui
2716 2001 2861 2069 cupit
2890 2001 3119 2066 insidiis,
3152 2004 3371 2071 vulpino
3398 2006 3559 2059 corde
3586 2007 3806 2073 paratis,

2582 2089 2791 2143 Prolem
2826 2090 3063 2145 cmlestis
3092 2094 3329 2146 divinam
3360 2095 3583 2163 perdere
3607 2094 3786 2163 Regis.

2582 2180 2693 2234 Hoc
2718 2197 2840 2233 nam
2866 2182 3046 2235 divino
3080 2192 3211 2235 nutu
3242 2181 3441 2236 factum
3462 2183 3603 2245 fore,
3641 2183 3822 2245 credo,

2582 2272 2732 2335 Quod
2765 2280 2892 2325 tunc
2920 2282 3169 2340 percerte
3194 2273 3419 2325 Romam
3450 2274 3739 2326 mandatur
3764 2275 3948 2335 adire,

2580 2361 2717 2427 Quo,
2747 2375 2803 2415 se
2828 2363 3131 2425 subtracto,
3159 2361 3293 2431 legis
3314 2362 3657 2416 mandamina
3685 2372 3878 2416 cuncta

2580 2452 2794 2506 Plenius
2825 2453 2880 2506 in
2910 2462 3036 2507 nato
3061 2452 3461 2522 complerentur
3490 2454 3599 2507 cito
3623 2453 3857 2526 Christo.

2653 2541 2919 2611 Namque,
2952 2550 3145 2609 quater
3173 2541 3346 2605 denis,
3377 2555 3536 2595 cursu
3570 2542 3818 2605 ducente,
3847 2544 4087 2610 peractis

2584 2631 2822 2701 Virginei
2856 2640 3045 2700 partus
3075 2630 3329 2698 digestim
3366 2632 3467 2684 rite
3496 2630 3717 2695 diebus,

2582 2722 2679 2775 Hie
2710 2722 2906 2776 Faetor
2936 2720 3197 2775 membris
3220 2720 3478 2775 caelorum
3510 2735 3744 2789 namque
3768 2721 3996 2784 tenellis,

2582 2811 2804 2865 Sistitur
2840 2813 2892 2864 in
2922 2812 3164 2881 proprio,
3196 2826 3364 2880 parvo
3387 2827 3507 2865 cum
3532 2826 3775 2876 munere,
3802 2812 4023 2880 templo,

2582 2900 2736 2956 Ulnis
2757 2909 3015 2969 exceptus
3046 2899 3292 2953 tremulis
3317 2898 3450 2968 justi
3482 2899 3789 2962 Simeonis,

2581 2989 2646 3041 Et
2674 2989 2855 3041 mundi
2885 2989 3143 3042 Dominus
3173 2985 3456 3057 condignis
3492 2998 3574 3042 est
3602 2988 3826 3042 benedie

2579 3078 2729 3141 Odis,
2766 3092 2830 3132 ex
2862 3078 2975 3145 ipso
2996 3076 3143 3145 justo
3167 3078 3418 3132 Simeone
3446 3087 3656 3131 vetusto
3679 3117 3695 3141 ,

2580 3167 2687 3221 Nec
2718 3183 2822 3220 non
2855 3168 3061 3221 famosa
3092 3167 3345 3238 praesagis
3376 3167 3594 3220 vocibus
3622 3168 3794 3219 Anna.

2503 3273 2546 3332 ρ
2580 3257 2674 3310 His
2709 3270 2920 3325 quoque
2949 3257 3227 3324 completis
3248 3257 3399 3325 juxta
3430 3256 3768 3309 mandamina
3801 3256 3929 3326 legis
3950 3298 3964 3317 ,

2577 3348 2657 3402 Ad
2687 3348 2915 3417 patriam
2945 3347 3184 3401 Bethlem
3213 3347 3487 3401 redierunt
3516 3346 3758 3415 protinus
3786 3348 3994 3400 urbem.

2646 3436 2803 3501 Nam,
2834 3444 2954 3505 post
2980 3436 3095 3490 haec
3121 3436 3263 3490 binis
3288 3436 3597 3489 mansurnis
3624 3448 3761 3505 pene
3790 3436 4032 3505 repletis,

2578 3526 2759 3581 llostis
2784 3527 2852 3580 ab
2884 3526 3075 3581 exsilio
3106 3526 3328 3580 veniens
3352 3540 3640 3594 perversus
3667 3540 3875 3589 amaro,

2575 3616 2729 3683 Quod
2758 3615 2941 3669 dixere
2971 3614 3133 3684 Magi,
3157 3614 3405 3668 volvebat
3435 3624 3619 3679 mente
3644 3614 3840 3671 dolenti
3859 3655 3873 3681 ,

2577 3708 2647 3759 Se
2672 3707 2781 3759 nati
2804 3705 3012 3759 stellam
3046 3705 3210 3774 Regis
3240 3705 3438 3759 vidisse
3474 3705 3745 3759 decoram.

2572 3794 2680 3864 92
2721 3792 2845 3847 Haec
2875 3792 3119 3847 recolens
3148 3807 3402 3862 proceres
3432 3794 3581 3863 regni
3630 3793 3896 3869 rogitabat
3937 3794 4153 3859 herilcs,

2573 3888 2654 3936 An
2684 3883 2954 3937 redeundo
2978 3881 3113 3952 Magi
3140 3885 3417 3939 venissent
3449 3895 3628 3939 mente
3651 3878 3831 3944 fideli?

2578 3973 2690 4038 Vel,
2715 3975 2840 4042 quid
2866 3977 2930 4028 de
2958 3983 3085 4029 nato
3111 3975 3504 4030 demandarent
3532 3976 3635 4030 sibi
3658 3975 3909 4030 Christo?

2574 4067 2674 4132 Qui
2707 4082 2830 4119 mox
2862 4066 3133 4134 responsis
3162 4068 3363 4136 pariter
3391 4067 3576 4120 dicunt
3596 4067 3732 4121 bene
3763 4067 3955 4132 firmis,

2578 4160 2646 4211 Se
2675 4159 2907 4222 nescire,
2940 4152 3075 4227 Magi
3111 4157 3309 4210 fuerint
3337 4159 3379 4211 si
3413 4158 3550 4211 forte
3576 4158 3798 4223 reversi,

2576 4247 2685 4301 Nec
2711 4249 2841 4317 quid
2862 4249 2928 4301 de
2955 4257 3082 4301 nato
3111 4262 3233 4302 sese
3264 4250 3569 4316 perdiscere
3596 4248 3760 4318 Rege.

2576 4339 2669 4394 llis
2697 4354 2858 4406 super
2885 4353 3146 4393 accensus
3177 4354 3269 4393 rex
3300 4338 3563 4403 Herodes,
3602 4339 3939 4402 furibundus,

2576 4430 2809 4493 Mittens,
2841 4431 3075 4485 infantes
3106 4432 3279 4485 occidi
3311 4432 3554 4500 protinus
3578 4446 3765 4485 omnes

2574 4522 2673 4587 Qui
2709 4530 2835 4574 ltlltc
2866 4521 3099 4575 Bethleis
3132 4521 3343 4575 fuerant
3365 4522 3618 4591 praecepit
3643 4522 3695 4574 in
3722 4521 3849 4583 oris,

2500 4614 2549 4675 Ι)
2579 4618 2647 4670 Se
2677 4630 2891 4684 semper
2917 4617 3093 4668 vivum
3119 4630 3343 4683 sperans
3370 4614 3713 4684 exstinguere
3736 4612 4007 4667 Christum

2574 4709 2759 4763 Posse.
2794 4708 2898 4762 Sed
2932 4708 2984 4760 in
3008 4707 3213 4761 somnis
3239 4707 3474 4761 monitus
3501 4705 3696 4775 Joseph
3735 4706 4087 4765 venerandus,

2575 4799 2756 4868 Pergit
2779 4800 2830 4852 in
2860 4796 3172 4867 Egyptum,
3206 4797 3341 4851 vasti
3369 4811 3466 4865 per
3494 4796 3644 4850 devia
3674 4810 3855 4850 secum

2574 4887 2855 4941 Deduccns
2881 4887 3047 4941 eremi
3077 4886 3258 4941 .lesum
3286 4901 3408 4940 cum
3438 4895 3610 4939 matre
3634 4885 3904 4947 tenellum,

2574 4978 2705 5031 Novi
2740 4978 3011 5034 terrestris
3039 4978 3255 5033 Christo
3284 4978 3593 5032 dominante
3627 4978 3850 5031 timoris.

2577 5069 2723 5122 Talia
2755 5069 2847 5123 sed
2880 5068 3036 5123 solito
3062 5068 3189 5123 fecit
3214 5068 3412 5136 pietate
3440 5082 3691 5137 superna,

2574 5163 2791 5231 Egypti
2819 5163 3071 5216 tenebras
3105 5160 3321 5229 propria
3353 5175 3459 5228 quo
3489 5160 3606 5215 luce
3632 5167 3871 5213 vetustas

2574 5252 2692 5298 Mm:
2726 5251 3041 5298 illustraret-
3074 5266 3171 5298 uer
3200 5266 3259 5298 se
3288 5250 3610 5298 nenitusnue
3636 5248 3864 5298 fucaret.
