4482 5548
297 383 428 437 1077

294 494 439 559 Quos
462 492 655 560 Joscph
699 492 848 560 pueri
880 500 1196 553 cernentes,
1233 491 1588 560 obstupefacti

294 586 586 652 (Imperunt
615 591 762 636 certe
791 597 982 651 magno
1012 582 1248 636 clamare
1284 583 1495 636 timore.

297 674 364 725 At
387 687 520 740 puer
545 687 573 724 e
597 672 803 742 gremio
835 672 1022 726 matris
1047 673 1284 726 surrexit
1311 673 1540 726 amando

296 762 469 824 Jesus,
505 762 732 816 sacratis
758 763 937 816 stabat
964 763 1111 817 mitis
1136 779 1349 833 quoque
1381 764 1574 833 plantis
1593 805 1605 825 ,

297 853 494 907 Contra
543 853 851 910 frendentes
883 857 1095 909 turbata
1125 865 1302 910 mente
1335 857 1614 911 dracones.

306 943 405 1008 Qui
436 945 613 1000 subito
641 945 792 1012 proni
827 946 1142 1000 ceciderunt
1184 946 1565 1013 mansuefacti,

299 1035 529 1090 Orantes
561 1037 738 1092 tacitis
771 1037 1058 1096 Factorem
1086 1037 1306 1093 nutibus
1328 1036 1496 1093 orbis.

302 1131 542 1200 Ipseque,
568 1130 871 1201 digrediens
901 1131 1070 1185 eremi
1099 1146 1196 1201 per
1226 1132 1385 1187 devia
1417 1132 1575 1195 vasti,

301 1223 421 1276 Illos
454 1225 750 1293 praecessit,
779 1223 995 1292 sequier
1018 1238 1137 1282 sese
1164 1239 1377 1295 quoque
1401 1223 1586 1294 jussit.

372 1316 488 1379 Quo
515 1312 710 1382 Joseph
739 1314 879 1378 visu,
903 1314 1146 1371 Gcmtrix
1177 1315 1487 1384 Christique
1518 1323 1747 1374 sacrata,

305 1401 614 1467 Exanimes,
644 1401 853 1476 fragilis
870 1421 969 1476 pro
996 1406 1386 1460 consuetudine
1412 1405 1610 1466 carnis,

306 1493 476 1557 Facti,
512 1503 596 1550 sat
623 1497 903 1566 pavitant,
928 1512 1154 1567 puerum
1180 1496 1404 1565 hedique
1433 1495 1715 1548 timebant.

306 1587 414 1659 θῇ
437 1587 554 1657 Ipse
581 1589 674 1643 sed
699 1590 972 1658 inspector
1002 1590 1220 1651 mentis,
1257 1588 1409 1642 testis
1439 1601 1653 1656 quoque
1681 1585 1859 1637 cordis
1882 1624 1894 1645 ,

314 1681 437 1734 lhec
464 1695 718 1748 responsa
743 1681 889 1733 dedit
916 1680 1116 1733 timidis
1139 1694 1454 1741 conversus,
1485 1686 1538 1732 et
1571 1675 1747 1745 inquit
1773 1693 1782 1703 ·

315 1771 493 1836 Quare
516 1770 777 1824 lactentes
809 1779 1014 1823 tantum
1045 1768 1346 1824 tractabitis
1370 1777 1542 1829 artus,

316 1861 372 1914 lu
405 1876 492 1915 me
525 1860 780 1914 virtutem
809 1859 1002 1929 capitis
1035 1873 1130 1913 nec
1166 1867 1346 1912 mente
1377 1855 1705 1926 perennem?

319 1950 575 2015 Quamvis
603 1949 851 2002 humanis
881 1949 982 2002 sim
1014 1962 1212 2015 parvus
1240 1947 1532 2001 homuncio
1561 1945 1820 1999 membris
1857 1963 1866 1996 :

321 2041 414 2093 Vir
439 2051 617 2094 tamen
652 2040 994 2108 omnipotens
1017 2054 1230 2092 summo
1259 2053 1379 2093 sum
1414 2037 1633 2091 numine
1658 2036 1901 2104 polfens;

320 2128 590 2183 Condccet
619 2137 780 2197 atque
811 2128 952 2181 feras
983 2126 1128 2180 silva:
1154 2138 1533 2180 mansuescere
1553 2132 1798 2186 cunctas,

323 2220 406 2275 Me
444 2235 651 2282 coram,
684 2220 832 2273 rabie
861 2218 1082 2273 dimissa
1111 2217 1214 2270 rite
1245 2216 1446 2286 priore.

392 2313 519 2366 Post
544 2312 657 2366 lucc
687 2309 1058 2380 magnanimes
1081 2324 1202 2364 cum
1227 2308 1411 2376 pardis
1435 2321 1667 2376 namque
1688 2304 1866 2360 leones
1895 2323 1905 2358 :

322 2400 431 2455 Nec
463 2416 569 2455 non
618 2401 953 2471 cunctigenze
1001 2406 1265 2453 venerunt
1295 2397 1532 2466 undique
1560 2397 1742 2462 lectae,

324 2490 396 2544 L't
423 2504 662 2554 sensere,
693 2489 809 2543 fore
832 2489 1039 2558 prolem
1062 2487 1307 2542 Factoris
1339 2487 1557 2551 adesse,

323 2581 551 2636 Orantes
580 2595 805 2650 puerum
832 2578 1098 2634 submissa
1130 2592 1263 2632 voce
1295 2577 1571 2642 tenellum,

322 2673 478 2727 Circa
520 2670 833 2741 praaclaram
865 2669 1164 2740 gaudentes
1193 2677 1354 2737 atque
1381 2667 1626 2721 Mariam.

323 2762 516 2829 Quam,
546 2777 705 2830 super
735 2760 952 2814 insolito
976 2759 1305 2830 pavitantem
1336 2758 1566 2826 denique
1588 2757 1762 2827 signo,

322 2850 520 2905 Lzetius
549 2851 773 2906 intuitus
794 2850 965 2905 fertur
988 2850 1066 2905 sic
1094 2850 1273 2904 dicere
1301 2847 1584 2903 Christus:

321 2939 461 3006 Non,
490 2951 539 2995 te
569 2943 741 3012 virgo,
772 2956 923 3010 rogo,
955 2940 1159 3009 pollens
1187 2939 1421 3009 genitrix
1458 2953 1574 2993 mea
1600 2939 1786 3001 chara,

324 3030 647 3086 Permoveat
671 3032 807 3101 signi
840 3032 1049 3085 novitas
1085 3030 1375 3084 carnaliter
1401 3029 1556 3092 almi,

325 3121 580 3191 Obsequii
612 3121 720 3176 sola
755 3121 974 3174 veniunt
1005 3121 1121 3174 ista:
1144 3119 1268 3187 quia
1305 3133 1465 3173 causa
1485 3159 1498 3183 ,

321 3212 460 3275 Non,
486 3214 626 3280 quod
659 3221 707 3266 te
735 3210 951 3273 vellent,
984 3210 1065 3264 vel
1097 3209 1274 3264 saltim
1300 3208 1491 3262 laedere
1524 3217 1761 3276 possent.

325 3303 420 3356 llis
454 3316 669 3371 quoque
692 3300 942 3355 discessit
968 3300 1126 3354 dictis
1157 3299 1404 3368 angustia
1429 3298 1627 3352 cordis.

320 3395 392 3446 At
422 3407 546 3446 vero
572 3391 741 3445 beluae
768 3389 1148 3458 praecedebant
1173 3389 1310 3443 bene
1338 3388 1493 3452 lzetze,

325 3481 762 3536 Demonstrando
795 3481 935 3533 viam
961 3495 1056 3549 per
1085 3479 1283 3534 deserti
1318 3479 1433 3534 loca
1460 3488 1684 3533 rectam.

325 3570 434 3625 Sed
467 3586 564 3624 nec
597 3569 878 3624 nocturnis
909 3569 1234 3624 discesserat
1264 3567 1373 3622 ulla
1405 3567 1505 3621 sub
1535 3566 1706 3629 horis,

323 3660 431 3715 Sed
456 3659 652 3728 Joseph
681 3659 863 3729 pecori
896 3659 1112 3714 sociatae
1144 3665 1326 3715 mente
1357 3657 1535 3720 fideli,

321 3750 518 3807 Oblita:
543 3751 690 3805 rabie
727 3748 1069 3819 naturalique
1093 3749 1295 3815 furore,

320 3839 572 3895 Pacifica:
602 3839 798 3894 modici
827 3839 1118 3909 gustabant
1141 3854 1340 3908 pascua
1373 3838 1500 3892 feni.

320 3931 474 3983 Inter
500 3943 635 3999 quas
665 3943 796 3998 ergo
828 3927 1002 3982 fuerat
1035 3927 1320 3982 concordia
1353 3935 1497 3981 tanta
1521 3967 1534 3988 ,

322 4018 399 4073 Ut
429 4017 698 4087 quondam
730 4017 900 4069 timidi
925 4014 1157 4083 junxere
1189 4016 1330 4084 lupis
1357 4015 1496 4068 latus
1525 4016 1669 4083 agni,

319 4110 394 4164 Et
423 4108 651 4162 bovibus
674 4107 832 4161 mites
861 4106 999 4161 bene
1022 4120 1395 4159 commansere
1424 4104 1629 4158 leones.

321 4197 436 4251 Sed
469 4210 573 4250 non
598 4196 889 4259 immerito,
919 4193 1179 4249 caelorum
1208 4208 1310 4261 pax
1344 4193 1468 4262 quia
1501 4207 1624 4245 vera
1648 4232 1660 4253 ,

319 4286 458 4351 Qua:
492 4284 624 4354 regit
652 4286 996 4348 immensum,
1026 4282 1262 4335 firmavit
1291 4283 1496 4336 findere
1517 4280 1712 4335 ccelum
1735 4321 1748 4342 ,

317 4375 547 4428 Illarum
574 4383 785 4428 mentes
810 4373 1038 4427 mutavit
1066 4386 1217 4426 more
1247 4371 1450 4426 fideles.

395 4467 529 4520 Post
559 4465 672 4519 hzec
698 4466 968 4536 pausavit,
1005 4463 1171 4518 radiis
1201 4463 1400 4518 lassata
1423 4463 1617 4518 caloris

317 4555 550 4617 A'Jstivi,
584 4555 748 4609 chara
778 4553 968 4625 palma:
1000 4552 1171 4606 Maria
1205 4552 1304 4607 sub
1332 4552 1544 4618 umbra,

316 4649 392 4703 Et
422 4661 639 4702 rursum
674 4648 847 4702 versis
875 4645 1035 4701 claris
1057 4645 1268 4716 aspexit
1291 4643 1501 4709 ocellis,

318 4739 443 4811 95
471 4738 762 4792 Fructibus
793 4738 936 4792 hanc
968 4735 1202 4806 palmam
1239 4736 1468 4790 maturis
1494 4749 1615 4791 esse
1653 4736 1926 4792 refertam.

316 4830 422 4885 llis
457 4829 589 4882 visrs
611 4827 796 4897 lingua
829 4826 1082 4883 formavit
1108 4825 1233 4880 talia
1263 4827 1449 4881 verba.

314 4921 488 4976 Istius
513 4918 708 4990 palma:
731 4919 960 4974 nimium
991 4917 1234 4973 delector
1261 4926 1469 4972 onusta?
1486 4960 1499 4983 ,

316 5014 376 5067 Si
413 5013 560 5081 potis
582 5021 667 5066 est
695 5010 830 5075 fieri,
862 5011 928 5066 de
953 5010 1129 5064 fructu
1158 5009 1388 5078 denique
1414 5011 1576 5065 vesci.

389 5100 496 5157 Cui
525 5101 708 5155 senior
728 5100 961 5165 vetulus,
994 5099 1127 5170 legis
1159 5102 1526 5156 moderamine
1546 5099 1746 5168 justus,

313 5190 482 5247 llaud
515 5189 709 5244 blande
733 5190 914 5254 dictis,
943 5188 1162 5259 Joseph,
1188 5205 1309 5244 mox
1335 5189 1521 5244 obviat
1547 5191 1696 5247 istis:

316 5284 460 5347 lloc,
496 5281 663 5334 miror
688 5290 834 5334 certe
862 5281 1108 5346 nimium,
1147 5289 1200 5336 te
1233 5281 1414 5336 dicere
1438 5282 1592 5347 velle,

338 5377 459 5399 Ἰ...ιια
495 5372 676 5399 ιιῖ.ΙΛ.‹-Α
709 5387 885 5399 “Aman
940 5387 1128 5399 manna
1154 5374 1215 5399 ΔΑ
1245 5373 1484 5399 ,Λ-ΜΖᾎΑ
1512 5376 1665 5399 ΔιιΑίΔ

1264 378 1579 432 HISTORIA
1621 377 1939 434 lNTACT/E
1979 379 2089 437 DEI
2128 384 2532 440 GENITRICIS.

1953 4523 1998 4580 D

3423 387 3557 443 1078

1907 497 1952 554 Λ
1985 493 2110 551 Πωο
2133 498 2291 552 heros
2319 499 2480 569 igitur
2510 501 2849 556 venerandus
2871 504 2950 556 sic
2975 503 3312 572 loquebatur,

1986 587 2095 639 Ceu
2127 586 2456 656 desperaret,
2490 591 2632 658 quod
2661 607 2895 660 prmsens
2921 595 3100 646 omnia
3132 603 3313 662 posset

1987 675 2254 740 Christus,
2286 679 2562 751 corporeis
2591 687 2764 733 tectus
2794 681 2970 734 fuerat
2998 681 3120 750 quia
3150 682 3426 737 membris.

1988 765 2055 816 At
2082 779 2234 833 puer,
2265 766 2319 820 in
2351 768 2556 837 gremio
2580 769 2758 823 charm
2785 770 3063 840 genitricis
3088 771 3318 827 amando

1991 857 2346 921 Accumbcns,
2376 858 2610 929 palmam
2640 860 2880 931 gaudens
2902 876 2960 916 se
2985 861 3148 916 vertit
3178 863 3246 916 ad
3270 863 3460 932 ipsam,

1992 946 2230 1004 Functus
2259 959 2312 1004 et
2335 950 2586 1020 imperio,
2614 951 2875 1021 praeclare
2905 953 3122 1022 quippe,
3153 962 3380 1023 paterno

1993 1038 2095 1107 Ipsi
2121 1040 2378 1096 continuo
2404 1043 2615 1098 dicebat
2641 1045 2816 1101 fronte
2850 1061 3037 1102 serena
3061 1065 3072 1098 :

1995 1130 2190 1196 Arbor,
2219 1131 2376 1188 ﬂecte
2407 1143 2530 1188 tuos
2560 1149 2771 1190 summo
2796 1136 2861 1191 de
2882 1137 3083 1192 vertice
3114 1152 3292 1192 ramos
3312 1180 3324 1200 .

1999 1217 2065 1272 L't
2094 1231 2354 1288 quantum
2383 1222 2546 1278 libeat
2573 1225 2637 1278 de
2666 1235 2716 1279 te
2745 1235 2918 1281 mater
2945 1242 3061 1280 mea
3094 1238 3302 1296 carpat.

1998 1308 2239 1375 Dixerat,
2271 1321 2432 1381 atque
2461 1314 2572 1368 suis
2595 1314 2757 1370 arbor
2785 1315 3076 1370 fortissima
3104 1317 3301 1386 jussis,

1999 1402 2140 1455 Ante
2170 1402 2334 1472 pedes
2363 1402 2543 1458 Maria:
2572 1419 2771 1474 parens
2804 1406 3092 1460 inflectitur
3120 1406 3296 1459 almae.

2001 1491 2200 1548 Fructu
2230 1510 2461 1565 cumque
2492 1512 2590 1552 suo
2622 1499 2836 1567 penitus
2861 1498 3038 1553 fuerat
3060 1497 3318 1566 spoliata,

2002 1586 2283 1641 Incurvata
2312 1589 2481 1653 stetit,
2514 1605 2613 1644 nec
2643 1605 2871 1659 surgens
2893 1591 2998 1644 alta
3029 1590 3242 1658 petivit,

2001 1673 2226 1743 Opperit
2254 1676 2543 1745 imperium
2569 1678 2768 1732 Christi
2803 1680 2896 1733 sed
2926 1679 3026 1733 rite
3055 1679 3339 1747 probatum
3359 1718 3372 1738 ,

2005 1762 2246 1832 Ipseque,
2288 1775 2339 1819 te
2365 1765 2564 1830 subito,
2593 1766 2744 1830 dixit,
2780 1783 2923 1823 nunc
2946 1768 3092 1836 erige
3117 1768 3291 1836 palma
3312 1808 3325 1827 ,

1936 1841 1977 1897 Β
2009 1850 2079 1905 Ut
2109 1852 2186 1907 sis
2214 1851 2480 1922 lignorum
2521 1865 2641 1925 post
2667 1855 2781 1910 haec
2803 1857 3007 1929 collega
3038 1872 3303 1919 meorum,

2011 1939 2139 2006 Quae
2163 1941 2519 2010 paradisiacis
2542 1955 2796 2000 constant
2824 1946 3065 2015 plantata
3098 1947 3320 2002 locellis.

2012 2034 2085 2087 Ex
2125 2032 2305 2088 radice
2336 2042 2423 2088 tua
2453 2035 2625 2091 deduc
2651 2037 2921 2106 extemplo
2947 2039 3142 2093 secreti

2015 2122 2200 2178 Undas
2230 2121 2497 2189 fonticuli,
2533 2122 2804 2181 fluitantes
2833 2126 3044 2197 gurgite
3075 2125 3238 2180 dulci.

2012 2211 2141 2278 Quae
2169 2212 2330 2267 citius
2366 2212 2512 2268 dicto
2543 2213 2884 2283 complentur
2908 2215 3140 2284 denique
3169 2224 3384 2269 cuncta.

2013 2301 2081 2354 At
2104 2299 2277 2355 Prolis
2307 2302 2555 2366 comites,
2584 2301 2787 2357 fontem
2812 2303 3087 2359 lustrantlo
3118 2314 3420 2368 recentem,

2016 2391 2329 2446 Reddehant
2358 2401 2539 2463 grates
2563 2393 2738 2447 hetato
2760 2403 2982 2464 pectore
3009 2395 3191 2450 dulces
3211 2436 3224 2459 ,

2015 2481 2190 2549 Atque
2223 2480 2367 2534 sitim
2400 2480 2633 2552 lymphis
2668 2483 2875 2537 tristem
2903 2483 3184 2553 dempsere
3212 2484 3454 2537 novellis.

2014 2575 2122 2644 95
2148 2574 2390 2644 Cumque
2417 2574 2707 2644 profecturi
2738 2576 2934 2630 deserti
2976 2591 3071 2646 per
3101 2575 3217 2631 loca
3248 2577 3382 2631 vasti

2019 2666 2230 2730 Essent,
2263 2667 2329 2721 ad
2361 2665 2595 2735 palmam
2626 2664 2783 2720 Jesus
2815 2667 2892 2720 sic
2915 2667 3130 2722 dixerat
3159 2668 3330 2736 ipsam
3370 2687 3380 2719 :

2018 2758 2093 2812 De
2119 2768 2170 2813 te
2199 2760 2414 2829 quippe,
2447 2773 2568 2813 meo
2595 2768 2880 2828 praecepto,
2921 2759 3178 2829 palmula,
3209 2760 3424 2821 mando,

2019 2849 2252 2918 Angelus
2289 2857 2346 2902 ut
2371 2848 2510 2903 caelo
2537 2850 2761 2903 veniens
2787 2848 3030 2917 dilapsus
3059 2849 3126 2902 ab
3160 2848 3290 2912 alto,

2020 2941 2195 2996 Tollat
2225 2941 2323 2995 rite
2351 2949 2441 2995 tuo
2470 2955 2680 2995 ramum
2711 2940 2776 2995 de
2807 2940 3007 2995 vertice
3031 2953 3260 2999 summo,

2021 3033 2130 3088 Nec
2155 3048 2259 3087 non
2294 3034 2438 3087 hunc
2471 3033 2644 3103 ipsum
2677 3033 2880 3101 plantet
2915 3046 3038 3085 mox
3073 3031 3124 3083 in
3157 3030 3499 3100 paradisum,

2021 3123 2087 3175 Et
2125 3122 2215 3176 tibi
2241 3121 2520 3192 gloriolam
2553 3137 2715 3192 super
2741 3121 2842 3176 hoc
2867 3121 2977 3192 jam
3011 3119 3236 3176 confero
3270 3128 3499 3182 tantam,

1943 3187 1986 3245 (ἶ
2026 3210 2095 3265 Ut
2131 3187 2267 3280 posti
2282 3211 2396 3265 hmc
2421 3187 2847 3265 summi'dicaris
2868 3187 3050 3280 palma
3081 3208 3359 3277 triumphi,

2025 3302 2085 3355 Et
2115 3300 2361 3370 quisquis
2397 3299 2537 3356 bello
2569 3298 2787 3354 famosa:
2826 3299 3017 3355 vicerit
3043 3297 3166 3362 ullo,

2025 3391 2100 3444 De
2132 3398 2182 3444 te
2211 3389 2447 3444 vincenti
2477 3389 2687 3443 dicetur
2717 3387 2962 3456 protinus
2991 3387 3102 3451 ille,

2023 3479 2105 3532 Ad
2131 3478 2362 3546 palmam
2386 3478 2565 3547 magni
2593 3477 2788 3532 venisti
2816 3491 3050 3545 namque
3082 3475 3359 3544 triumphi.

2095 3570 2220 3625 llaec
2251 3571 2340 3624 ubi
2369 3570 2511 3624 dicta
2543 3568 2714 3631 dedit,
2745 3567 2984 3638 dilapsus
3011 3567 3189 3620 sidere
3213 3568 3360 3620 venit

2022 3662 2280 3730 Angelus,
2310 3671 2363 3716 et
2387 3660 2582 3715 tollens
2609 3674 2821 3714 ramum
2848 3659 3052 3713 divexit
3089 3659 3142 3711 in
3181 3657 3372 3710 altum.

2025 3753 2140 3818 Quo
2174 3753 2311 3816 viso,
2343 3751 2524 3805 cuncti
2553 3759 2848 3820 praesentes
2869 3747 3250 3819 obstupefacti,

2025 3845 2080 3896 In
2113 3851 2313 3897 terram
2349 3841 2505 3912 proni
2545 3849 2969 3896 consternuntur
3007 3837 3327 3894 tremefacti.

2024 3933 2170 4000 Quos
2198 3931 2352 3988 Jesus
2379 3931 2558 3987 subito
2587 3930 2811 3994 solatur,
2841 3929 2964 3983 talia
2991 3929 3184 3983 fando:

2026 4024 2141 4078 Non
2168 4038 2303 4094 opus
2333 4032 2418 4078 est
2441 4030 2590 4077 certe
2623 4021 2776 4076 vobis
2807 4019 3112 4074 formidinis
3139 4020 3278 4083 ullze,

2026 4115 2176 4169 Iluuc
2203 4114 2329 4183 quia
2361 4111 2643 4167 transferri
2674 4126 2883 4164 ramum
2914 4125 3012 4180 per
3038 4111 3214 4164 sidera
3241 4109 3402 4177 jnssi,

2029 4209 2096 4264 Ut
2126 4222 2249 4261 mox
2286 4205 2490 4260 delieice
2518 4219 2714 4274 magno
2744 4203 3019 4272 plantetur
3057 4203 3108 4256 in
3142 4203 3321 4257 horto.

2027 4299 2113 4362 Et,
2147 4296 2292 4351 velut
2316 4295 2404 4350 hic
2434 4294 2488 4348 in
2513 4294 2729 4349 deserto
2761 4307 2879 4348 mea
2903 4291 3055 4361 iussa
3081 4292 3358 4360 sequendo

2025 4385 2286 4455 Implevit,
2319 4397 2513 4453 magno
2540 4390 2751 4437 nosmet
2778 4381 2956 4436 studio
2984 4381 3250 4443 satiando,

2029 4480 2118 4533 Sic
2148 4478 2256 4532 illic
2285 4476 2490 4531 sanctis
2522 4482 2734 4528 constet
2768 4474 2994 4529 dulcedo
3023 4475 3296 4544 perennis.

2103 4566 2322 4621 Talibus
2351 4581 2414 4620 ac
2447 4565 2611 4620 tantis
2640 4563 2807 4631 signis
2827 4564 2938 4634 jam
2965 4563 3148 4618 sedulo
3177 4563 3328 4625 visis,

2031 4656 2249 4726 .Ioseph,
2287 4655 2544 4708 virtutem
2571 4651 2745 4707 Prolis
2769 4652 3050 4707 tractando
3082 4666 3396 4722 perennem,

2037 4745 2216 4800 Utitur
2247 4745 2331 4798 his
2367 4744 2566 4808 verbis,
2598 4742 2867 4797 submisso
2895 4755 3172 4796 murmure
3197 4740 3327 4796 fusis
3354 4760 3365 4792 :

2036 4835 2198 4899 Ecce,
2224 4833 2373 4888 calor
2409 4834 2606 4888 nimius
2639 4843 2854 4888 nostros
2881 4832 3020 4887 male
3049 4831 3304 4900 decoquit
3335 4838 3509 4886 artus.

2038 4923 2208 4989 Nunc,
2243 4924 2336 4978 tibi
2376 4924 2418 4977 si
2452 4923 2684 4992 placeat,
2717 4921 2869 4990 cujus
2905 4936 3129 4992 regnum
3154 4920 3281 4992 juge
3310 4930 3546 4989 constat,

2031 5014 2267 5082 Praccipe
2295 5027 2391 5082 per
2418 5012 2592 5083 pelagi
2624 5011 2785 5066 calles
2811 5026 2907 5065 nos
2933 5026 3155 5082 pergere
3186 5011 3342 5075 vasti.

2033 5106 2266 5162 Urbibus
2297 5103 2579 5173 appositis,
2616 5119 2724 5173 quo
2745 5112 2895 5158 certa
2923 5103 3075 5171 quies
3110 5102 3235 5158 data
3268 5102 3452 5166 nobis,

2032 5198 2140 5254 Nos
2173 5197 2333 5252 citius
2356 5195 2596 5266 spatium
2625 5194 2792 5250 faciat
2819 5209 3138 5266 percurrere
3163 5204 3398 5249 tantum.

2033 5289 2131 5345 Cui
2163 5287 2295 5344 dixit
2320 5284 2499 5351 Iesus,
2529 5287 2716 5342 divino
2743 5285 2964 5341 numine
2988 5286 3168 5340 clarus
3211 5304 3224 5338 :

2037 5381 2078 5399 \Y
2151 5394 2273 5399 μ---Α
2303 5380 2442 5399 --ξΑ-ι
2479 5380 2654 5399 ---ιειμ

2685 5375 2900 5399 In---“
2930 5391 3026 5399 ..--
3058 5391 3136 5399 μ-
3170 5374 3426 5399 1,---.ΣΛΙκΑ
