4482 5548
899 395 1036 449 4ΟἹ9

899 515 1046 569 IIanc
1074 510 1389 581 introgressi
1419 520 1688 581 petierunt
1711 511 1894 564 limina
1929 509 2134 578 templi,

899 606 955 657 In
986 616 1092 671 quo
1118 601 1281 655 stulta
1304 601 1432 654 deos
1460 601 1736 654 consuevit
1766 614 1964 667 ponere
1997 599 2161 650 falsos

897 692 1039 745 Gens
1066 703 1272 757 pagana
1294 702 1441 750 suos,
1466 701 1716 755 perverso
1741 702 1889 739 more
1918 686 2190 738 colendos.

897 780 1018 833 Mox
1048 780 1140 834 sed
1165 787 1221 831 ut
1247 778 1467 833 intravit
1494 786 1678 833 sancta
1705 792 1825 830 cum
1861 776 2014 829 Prole
2042 775 2230 839 Maria,

898 868 1089 924 Omnia
1116 866 1370 921 falsorum
1398 866 1599 936 pariter
1621 866 1906 919 simulacra
1940 866 2164 920 deorum

894 964 952 1016 In
990 970 1189 1014 terram
1222 959 1400 1015 subito
1427 959 1739 1013 ceciderunt
1772 958 2002 1024 denique
2028 971 2218 1025 prona,

895 1050 1012 1104 Iam
1048 1057 1436 1119 cognoscentes
1472 1048 1672 1118 Regem
1706 1048 1920 1101 venisse
1950 1061 2263 1114 perennem,

894 1143 1069 1208 Atque
1102 1140 1269 1193 Deum
1305 1154 1489 1193 verum
1524 1153 1713 1205 magna
1754 1138 1952 1191 virtute
1989 1137 2259 1191 decorum.
2430 1210 2439 1217 .

970 1230 1123 1283 Nunc
1152 1238 1235 1284 est
1261 1229 1539 1297 impletum
1570 1227 1744 1281 fuerat
1767 1229 1907 1297 quod
1934 1229 2171 1282 carmine
2202 1227 2403 1280 dictum

896 1320 1036 1377 Olim
1064 1328 1307 1389 percerte
1334 1318 1656 1374 modnlantis
1680 1317 1786 1373 tale
1817 1318 2119 1387 prophetae:

893 1410 1056 1467 Ecce.
1086 1423 1247 1477 super
1277 1407 1447 1462 levem
1474 1408 1733 1461 Dominus
1768 1406 1945 1461 veniet
1976 1406 2084 1460 cito
2109 1404 2303 1458 nubem

900 1499 1015 1553 Pra:
1048 1500 1202 1569 cujus
1230 1507 1416 1555 sancta
1448 1498 1583 1552 facie
1611 1499 1765 1553 decet
1796 1498 1974 1552 omnia
1999 1511 2190 1564 nempe

894 1589 1110 1660 Egypti
1144 1593 1319 1646 subito
1342 1592 1691 1659 conquassari
1721 1591 2030 1644 simulacra.

895 1680 1017 1734 Ilrcc
1050 1679 1348 1736 All'rodosio
1378 1690 1659 1749 postquam
1700 1680 1912 1734 fuerant
1940 1680 2188 1743 recitata,

898 1769 1057 1825 Urbis
1088 1784 1317 1838 namque
1347 1771 1465 1839 duci
1498 1770 1762 1835 praedicta:
1793 1769 1946 1823 valde
1972 1770 2198 1836 potenti,

896 1860 1023 1914 Illuc
1052 1875 1173 1913 cum
1204 1861 1364 1915 sociis
1394 1858 1611 1913 festinat
1636 1873 1855 1928 pergere
1887 1858 2088 1911 multis.

898 1949 1047 2015 Quod
1075 1965 1197 2005 cum
1226 1950 1506 2017 pontifices
1536 1950 1715 2017 templi
1749 1962 1964 2002 sensere
1994 1947 2224 2017 profani,

897 2038 1202 2106 Sperabam
1234 2037 1381 2091 illum
1410 2038 1576 2091 variis
1608 2052 1728 2091 mox
1759 2038 1983 2106 perdere
2009 2039 2181 2105 poenis

896 2127 1007 2181 Hos
1034 2127 1125 2195 qui
1158 2127 1351 2181 damna
1374 2126 1477 2181 diis
1510 2126 1753 2180 fecerunt
1780 2126 1906 2179 talia
1938 2126 2133 2180 stultis.

896 2215 1015 2283 Ipse
1042 2214 1155 2279 sed,
1186 2214 1239 2267 in
1276 2222 1421 2267 terra
1448 2228 1680 2268 cernens
1705 2214 1996 2269 simulacra
2032 2215 2231 2269 decora

900 2302 1103 2357 Obtutu
1134 2316 1302 2371 prono
1324 2302 1525 2370 passim
1554 2302 1775 2356 volitare
1798 2304 2033 2367 minuta,

900 2392 1125 2449 Lumine
1156 2391 1391 2445 caelestis
1417 2392 1607 2460 raptim
1635 2408 1926 2447 succensus
1956 2394 2156 2449 amoris

898 2482 966 2535 Et
997 2481 1117 2535 ﬁdei
1144 2495 1333 2546 sacras,
1371 2491 1575 2536 mutato
1605 2482 1835 2552 denique
1867 2484 2050 2548 corde,

900 2573 1169 2639 Substitit,
1200 2584 1359 2645 atque
1382 2575 1494 2630 suis
1522 2576 1759 2643 gaudens
1788 2576 2000 2630 dicebat
2028 2577 2217 2631 amicis
2243 2617 2256 2630 .

900 2664 1040 2719 Ecce
1079 2674 1325 2737 patenter
1352 2666 1503 2721 adest
1544 2666 1801 2721 Dominus
1849 2684 2010 2737 super
2045 2669 2223 2722 omnia
2250 2668 2473 2737 pollens,

905 2756 1075 2822 Quem
1106 2755 1336 2811 fortasse
1368 2757 1462 2821 dii,
1492 2758 1653 2812 tacito
1687 2774 1808 2812 cum
1837 2775 2132 2823 murmure,
2166 2762 2336 2815 nostri

901 2848 1041 2903 Jure.
1063 2849 1229 2903 Deum
1256 2866 1443 2904 verum
1469 2860 1842 2906 contestantur
1872 2852 1987 2905 fore
2009 2852 2202 2905 solum.

904 2938 1097 2993 Restat
1128 2947 1186 2993 ut
1216 2939 1450 3007 ipsorum
1482 2941 1737 3010 prostrati
1774 2956 1920 2995 more
1949 2941 2193 3004 deorum,

904 3030 1104 3085 Devota
1132 3030 1332 3098 Regem
1364 3045 1687 3083 veneremur
1712 3040 1890 3085 mente
1914 3047 2224 3100 perennem,

905 3118 1033 3184 Qua:
1061 3118 1187 3172 fecit
1213 3120 1322 3188 regi
1356 3130 1717 3173 memorantes
1738 3118 1849 3186 jam
1880 3121 2165 3185 Pharaoni,

904 3208 1003 3274 Qui
1035 3223 1127 3261 sua
1164 3208 1283 3277 plus
1308 3208 1451 3277 justo
1482 3210 1683 3278 sprevit
1709 3212 2050 3264 mandamina
2081 3228 2250 3277 sacra,

906 3297 983 3351 Ne
1021 3307 1231 3376 nosmet
1265 3299 1475 3355 foveam
1510 3301 1698 3355 mortis
1727 3302 2050 3356 detrudatin
2083 3312 2279 3357 atram.

981 3389 1223 3454 Dixerat,
1246 3398 1408 3459 atque
1436 3390 1549 3445 solo
1586 3401 1886 3459 prostratus
1912 3408 2141 3462 corpore
2165 3404 2295 3459 toto,

907 3476 1153 3533 Volvitur
1183 3487 1306 3534 ante
1330 3480 1495 3549 pedes
1524 3490 1725 3535 sancta:
1750 3484 2029 3553 rogitando
2060 3483 2259 3547 Mariae,

903 3568 1011 3637 97
1036 3568 1329 3629 Gratiolam
1361 3571 1516 3625 Pueri
1548 3579 1853 3627 constanter
1880 3587 2009 3628 voce
2039 3575 2177 3628 fideli
2198 3616 2210 3637 ,

907 3659 1077 3725 Quem
1110 3669 1282 3714 mater
1306 3662 1511 3731 gremio
1536 3662 1775 3730 gaudens
1803 3664 2037 3732 portavit
2068 3665 2261 3717 amico.

906 3750 951 3804 0
982 3749 1242 3806 laudanda
1272 3761 1373 3805 tuae
1404 3752 1614 3807 virtutis
1639 3752 1828 3823 gloria,
1852 3753 2066 3807 Christe
2086 3795 2101 3816 ,

907 3838 951 3893 0
980 3840 1221 3893 miranda
1254 3856 1419 3894 sacra:
1444 3856 1656 3910 semper
1692 3843 1917 3896 mutatio
1950 3842 2182 3896 dcxtrm!

908 3928 1010 3995 Qui
1042 3939 1172 3984 nutu
1205 3932 1363 3985 tacito
1390 3932 1533 4000 potis
1558 3945 1615 3985 es
1645 3932 1929 4000 disponere
1955 3940 2167 3987 cuneta.

939 4123 1091 4148 ..ι-Α

1749 394 2218 453 ιιιιυτευιτιιίε
2262 387 2583 447 MONIALIS
2622 388 3309 453 CANDERSIIEIMENSIS

2554 4130 2713 4139 ...ο-,νςθ
2738 4129 2879 4138 ’.ηυ-
2900 4127 2997 4138 ,σεο

3997 402 4139 457 5080

2500 508 2546 564 Α
2577 504 2708 569 Quis
2734 506 2876 561 volet
2904 524 3031 578 ergo
3064 520 3165 563 tuac
3196 512 3409 579 pietatis
3439 526 3655 565 munera
3689 516 3928 583 magnai?

2580 594 2745 647 Unice
2781 606 2911 649 nate
2934 596 3047 660 Dei,
3074 612 3283 652 summo
3306 599 3495 653 similis
3523 599 3787 666 Genitori,

2577 683 2755 736 Mirari
2785 684 2960 752 digne,
2998 687 3187 739 merita
3219 686 3301 739 vel
3331 687 3508 741 dicere
3535 688 3722 742 laude?

2576 773 2673 836 Qui
2707 775 2873 829 nostri
2900 789 3059 830 causa
3090 774 3265 830 fecisti
3298 786 3442 830 tanta
3476 779 3755 846 stupenda,

2579 862 2681 928 Tu,
2713 868 2827 920 sine
2854 868 3118 937 principio
3148 878 3306 922 natus
3337 870 3400 925 de
3425 870 3581 924 Patre
3601 886 3854 939 superno,

2577 954 2679 1008 Per
2704 966 2966 1026 praecepta
2994 958 3170 1012 Patris
3202 960 3478 1027 complesti
3513 962 3717 1015 viscera
3752 965 3961 1025 matris,

2578 1045 2656 1097 Ex
2706 1048 2805 1100 hac
2836 1061 3148 1115 corpoream
3177 1059 3391 1102 sument
3424 1050 3521 1103 sub
3553 1061 3787 1119 tempore
3821 1053 4070 1105 formam.

2579 1135 2784 1202 Quique
2816 1135 2957 1189 vales
2987 1138 3201 1205 propria
3233 1136 3485 1191 mundum
3510 1141 3805 1195 conducere
3836 1143 4031 1209 palma,

2578 1223 2884 1278 I’annicnlis
2914 1227 3098 1295 stringi
3131 1242 3235 1281 non
3270 1229 3407 1282 raris
3434 1230 3571 1282 haud
3605 1233 3872 1299 respuisti,

2578 1316 2661 1380 Et,
2691 1318 2779 1386 qui
2802 1316 3009 1372 stellato
3041 1320 3241 1372 resides
3267 1320 3399 1373 solio
3421 1335 3580 1388 super
3600 1322 3788 1386 aethra,

2579 1407 2751 1460 Parvo
2782 1409 3004 1477 prmsepi
3045 1420 3375 1473 contractus,
3409 1413 3758 1479 procubuisti,

2580 1500 2663 1561 Et,
2698 1502 2785 1568 qui
2816 1500 3121 1569 multigenis
3152 1502 3381 1570 imponis
3415 1504 3628 1556 nomina
3660 1504 3858 1567 stellis,

2577 1591 2651 1641 Ac
2679 1592 2868 1657 pluvia:
2893 1600 3091 1657 guttas,
3124 1593 3295 1660 pelagi
3328 1608 3539 1662 quoque
3565 1594 3709 1648 solus
3736 1611 3925 1648 arenas

2579 1680 2699 1734 Rite
2729 1691 2877 1750 potes
2906 1698 3130 1738 numero
3162 1698 3257 1752 per
3289 1693 3341 1738 te
3380 1686 3761 1753 comprendere
3789 1697 3954 1747 certo,

2581 1770 2646 1822 Ut
2680 1770 2896 1839 fragiles
2919 1772 3089 1840 pueri,
3116 1773 3383 1839 patienter
3409 1775 3737 1837 conticuisti,

2502 1834 2547 1891 Β
2578 1860 2858 1928 Tempore,
2887 1862 3155 1930 virgineas
3189 1878 3293 1930 quo
3315 1864 3505 1916 suxisti
3542 1864 3627 1931 pie
3656 1879 3933 1917 mammas.

2576 1953 2798 2021 Insuper
2822 1953 3108 2014 llerodem,
3140 1953 3281 2007 nulla
3312 1952 3595 2008 formidine
3632 1970 3828 2023 regem,

2578 2042 2680 2095 Sed
2716 2042 2826 2095 sola
2855 2052 3003 2095 certe
3032 2042 3213 2111 fugisti
3249 2057 3346 2110 pro
3372 2042 3595 2110 pietate,

2576 2134 2691 2197 Quo
2721 2133 2899 2185 carnis
2926 2147 3111 2185 veram
3144 2132 3545 2185 demonstrares
3575 2133 3660 2200 pie
3688 2133 3935 2186 formam.

2576 2224 2640 2276 Et
2669 2237 2789 2275 mox
2816 2223 3017 2289 absque
3047 2236 3219 2281 mora,
3250 2221 3420 2275 fecisti
3447 2236 3603 2274 saxea
3631 2222 3790 2274 corda

2578 2310 2709 2363 Nam
2746 2324 3073 2378 paganorum
3106 2308 3419 2363 mollescere
3446 2324 3549 2362 non
3573 2311 3924 2373 domitorum,

2578 2400 2643 2454 Et
2666 2400 2863 2453 sentire
2897 2408 3044 2451 tuum
3073 2398 3301 2452 solidum
3329 2413 3423 2466 per
3459 2408 3694 2466 tempora
3728 2414 3969 2468 regnum,

2578 2490 2694 2555 Quo
2720 2498 2768 2543 te
2794 2488 2989 2542 divinis
3017 2488 3202 2541 moniti
3230 2489 3431 2542 scirent
3457 2486 3571 2541 fore
3600 2488 3765 2557 signis
3794 2507 3805 2540 :

2579 2580 2776 2647 Ipsum,
2805 2579 2897 2647 qui
2926 2578 3039 2631 solo
3070 2576 3242 2631 fecisri
3271 2576 3461 2630 stecnla
3494 2576 3689 2641 verbo,

2581 2670 2645 2723 Et
2668 2685 2823 2737 quem
2853 2677 3168 2722 cunctorum
3200 2667 3512 2721 cecinerunt
3541 2667 3781 2719 carmina
3804 2676 4007 2720 vatum.

2582 2762 2715 2815 Ilinc
2750 2761 2990 2814 Genitori
3022 2768 3112 2813 tuo
3139 2767 3355 2813 maneat
3383 2772 3477 2827 per
3506 2756 3698 2811 secula
3724 2766 3913 2812 cuncta

2581 2854 2788 2917 Gloria,
2815 2852 2881 2906 de
2907 2852 3112 2905 cunctis
3136 2859 3191 2903 et
3217 2850 3331 2904 laus
3361 2858 3558 2903 reterna
3584 2849 3801 2911 creatis,

2584 2946 2681 3009 Qui
2718 2944 2809 2996 tibi
2841 2943 3036 2996 dilecto
3068 2942 3291 2994 nescivit
3325 2955 3546 3009 parcere
3583 2947 3731 3001 nato,

2584 3036 2647 3087 Et
2682 3034 2791 3091 tibi,
2825 3032 3061 3093 Christe,
3092 3032 3255 3083 decus
3286 3046 3497 3098 perpes,
3526 3030 3773 3091 victoria,
3804 3030 4003 3091 virtus,

2585 3122 2857 3191 Sanguine
2883 3122 2972 3189 qui
3005 3120 3261 3173 mundum
3296 3120 3415 3173 fuso
3445 3120 3663 3173 redimis
3692 3120 4008 3187 periturum,

2579 3213 2690 3282 98
2726 3212 2962 3285 Flaminc
2986 3226 3105 3264 cum
3134 3225 3311 3273 sacro,
3344 3210 3485 3263 saecli
3518 3225 3611 3278 per
3635 3218 3872 3276 tempora
3895 3217 4108 3272 cuncta,

2579 3301 2761 3355 Gratia
2790 3299 3027 3353 caelestis
3052 3314 3148 3367 per
3174 3313 3330 3365 quem
3356 3299 3671 3353 conceditur
3698 3299 3889 3350 omnis.

2580 3390 2768 3456 Qualia
2798 3390 3088 3444 retribuam
3116 3388 3330 3441 Facturi
3358 3403 3576 3441 munera
3613 3402 3755 3440 nunc
3777 3387 3887 3455 jam
3906 3390 3929 3437 ’9

2584 3482 2687 3534 Pro
2713 3481 2920 3535 cunctis
2954 3480 3110 3548 digne
3140 3478 3382 3531 mihimet
3408 3492 3527 3545 qua:
3550 3477 3777 3531 reddidit
3806 3477 3937 3544 ipse,

2586 3572 2685 3637 Qui
2709 3572 2827 3639 pius
2855 3571 3125 3639 indignam
3152 3568 3308 3622 solita
3334 3568 3534 3638 pietate
3559 3566 3824 3619 famcllam
3855 3585 3866 3618 :

2588 3662 2684 3720 Me,
2721 3661 2845 3713 licet
2867 3659 3056 3719 exiles,
3090 3658 3217 3712 fecit
3253 3656 3555 3726 persolvere
3582 3665 3780 3725 grates.

2589 3752 2682 3804 llis
2709 3766 2871 3819 super
2900 3748 3153 3819 angelica:
3184 3747 3464 3809 caelorum,
3493 3761 3677 3815 posco,
3704 3755 3934 3800 caterva:

2588 3842 2901 3897 Collaudare
2930 3840 3093 3893 Deum
3131 3853 3234 3893 non
3263 3847 3473 3894 cessent
3496 3836 3680 3899 sedulo
3704 3852 3909 3892 verum.

3010 4124 3269 4139 *ῥᾳδ-ιο-

1491 4278 2047 4340 ARGUMENTUM
2093 4280 2169 4339 IN
2218 4280 2665 4339 HISTORIAM
2712 4279 3216 4340 ASCENSIONIS
3256 4277 3570 4337 DOMINI.

986 4569 1337 4641 Posteaquam
1359 4609 1373 4630 ,
1412 4578 1464 4620 ut
1493 4568 1632 4636 apud
1651 4569 2003 4641 evangelistas
2039 4579 2086 4621 et
2138 4569 2276 4635 apud
2328 4569 2522 4622 Lucam
2552 4572 2606 4621 in
2640 4569 2857 4641 Actibus
2893 4568 3247 4641 apostolorum
3278 4577 3377 4641 est,
3409 4567 3655 4621 Salvator
3682 4563 3887 4641 mundi,
3916 4562 4153 4641 Carinas

907 4640 1085 4702 Jesus,
1118 4634 1292 4694 omnia
1321 4654 1411 4707 per
1440 4634 1715 4697 miracula,
1747 4634 1810 4689 etv
1824 4640 2137 4707 passionem,
2170 4634 2217 4689 et
2250 4649 2464 4690 mortem
2512 4654 2662 4690 suam
2692 4639 3097 4700 amarissimam,
3131 4637 3505 4707 complevisset,
3533 4652 3648 4707 qua;
3674 4636 3737 4707 d_e
3759 4649 3817 4685 eo
3854 4634 4154 4684 cecinissent

910 4710 1050 4763 sacri
1075 4701 1249 4768 rvates;
1282 4701 1332 4759 α’
1353 4717 1517 4760 morte
1555 4701 1847 4775 resurgens,
1871 4706 2112 4774 plurimis
2136 4708 2312 4759 diebus
2352 4708 2494 4761 visus
2525 4718 2597 4759 est
2632 4709 2765 4759 inter
2790 4707 3071 4773 discipulos
3101 4701 3310 4767 docens,
3345 4701 3553 4757 tandem
3580 4703 3647 4755 ad
3676 4701 3889 4754 Patrem
3917 4709 4152 4760 vocatus,

914 4779 1211 4836 convocatis
1259 4777 1548 4846 discipulis,
1587 4776 1851 4846 lwtissime
1884 4777 1936 4828 in
1984 4776 2135 4828 caelos
2159 4775 2346 4846 _Patris
2388 4778 2605 4842 imperio
2636 4775 2889 4837 ascendit,
2943 4777 3221 4827 comitante
3264 4791 3379 4846 eunt
3432 4775 3670 4846 unirerso
3697 4779 3825 4846 catu
3855 4779 4156 4846 aurigarum

916 4846 1144 4902 Patrum
1184 4856 1232 4900 et
1263 4835 1567 4917 angelorum
1597 4846 1775 4899 choro.
1813 4845 1955 4899 Inter
1986 4862 2114 4913 quos
2148 4844 2314 4899 David
2345 4835 2601 4897 citharam
2632 4856 2750 4897 ante
2799 4835 3169 4913 ingredientem
3204 4852 3253 4897 et
3284 4843 3688 4910 triumphantem
3714 4843 3767 4893 in
3794 4838 3932 4891 ralis
3963 4835 4154 4889 Salva-

919 4927 1085 4972 torem
1113 4916 1377 4986 pulsabat.

1367 5214 2047 5332 HISTORIA
2128 5213 3057 5332 ASCENSIONIS
3141 5211 3700 5331 DOMINI.

1273 5462 1451 5523 Hanc
1496 5465 1922 5524 narrationem
1963 5460 2233 5519 Joannes
2279 5461 2603 5538 episcopus
2652 5480 2677 5517 c
2724 5461 2935 5519 Grazro
2984 5460 3045 5518 in
3092 5459 3381 5517 Latinum
3425 5455 3775 5517 transtulit.
