4482 5548
447 358 573 414 1031
1543 380 1860 445 HISTORIA
1899 386 2345 453 ASCENSIONIS
2382 404 2636 464 DOMlNl.

447 474 509 526 Ut
541 490 635 542 per
664 493 719 531 se
746 481 904 535 modo
930 483 1325 541 demonstraret
1355 490 1667 548 redimendo

438 564 643 619 Gaudia
678 581 969 638 perpetua,
1003 578 1271 643 quondam
1303 581 1437 635 male
1471 586 1702 651 perdita,
1732 588 1875 650 vitae,

438 654 669 725 Postque
719 661 1133 731 triumphalem,
1185 681 1569 742 sanctamque,
1612 678 1755 746 piam
1805 698 2018 749 qttoquc

3566 434 3703 494 1082

2054 504 2103 559 Α
2132 505 2235 563 Pro
2270 520 2501 584 propriis
2526 524 2760 578 animant
2796 543 2998 595 ponens
3025 535 3214 589 ovibus
3255 538 3340 606 pie
3369 541 3609 599 charam.

2126 597 2235 652 Nec
2262 617 2365 657 non
2402 611 2661 677 complevi
2686 616 2908 672 multum
2939 623 3139 689 pietate
3164 627 3328 691 ﬁdeli,

1740 772 2012 841 [morletm

435 838 603 900 Quam
638 843 807 895 nostri
840 859 1001 900 causa
1029 849 1297 915 patienter
1322 856 1539 921 pertulit
1564 874 1715 928 ergo,

432 930 568 983 Dum
607 934 780 990 victor
803 954 997 1007 magno
1021 941 1180 1013 fregit
1204 945 1496 1004 luctamine
1530 952 1631 1006 tela

429 1019 539 1089 99
566 1020 794 1079 Humani
829 1031 1043 1097 generis
1076 1036 1369 1089 saevissima
1402 1040 1615 1095 fortiter
1646 1044 1839 1108 hostis,

430 1110 719 1181 Sanguinis
764 1129 819 1171 et
857 1123 1087 1188 pretium
1140 1130 1340 1197 pr0prii
1371 1134 1540 1200 gratis
1571 1135 1717 1189 dedit
1750 1150 2005 1208 amptum,

428 1200 531 1257 Pro
560 1207 716 1262 nobis
747 1212 985 1267 animam
1008 1217 1282 1284 deponens
1310 1222 1361 1275 in
1390 1239 1551 1279 cruce
1572 1227 1814 1291 charam,

426 1292 537 1347 Nec
570 1311 675 1349 non
703 1299 925 1368 gloriola
955 1310 1226 1376 surgentis
1250 1314 1352 1371 rite
1384 1327 1601 1383 peracta

425 1383 603 1453 Atque
643 1401 835 1457 quater
865 1395 1018 1451 denis
1043 1402 1144 1454 diei
1169 1407 1325 1472 spatii
1353 1409 1646 1475 replicatis,

420 1474 477 1527 lu
502 1480 674 1545 queis,
699 1483 973 1553 discipulis
1006 1506 1271 1559 apparens
1293 1500 1479 1553 sedulo
1501 1503 1702 1565 charis,

422 1564 551 1619 Esse
586 1584 680 1623 sua
706 1584 965 1641 nostram,
998 1594 1280 1650 monstrat,
1308 1603 1427 1642 cum
1445 1602 1616 1646 morte
1646 1608 1998 1665 peremptam,

418 1654 525 1711 Nec
561 1664 749 1717 mortis
784 1667 973 1723 vinclis
991 1687 1049 1725 se
1072 1689 1230 1741 posse
1267 1683 1501 1736 tenericr
1531 1686 1715 1749 arctis,

417 1748 514 1809 Qui
545 1752 689 1806 solus
717 1757 884 1825 culpa:
912 1760 1086 1816 fuerat
1114 1767 1230 1821 sine
1262 1773 1509 1828 sordibus
1532 1778 1679 1842 Δάαι,

414 1837 693 1895 Postremo
723 1847 901 1902 charis
923 1852 1088 1906 isdem
1122 1870 1451 1916 monstratus
1482 1866 1689 1928 amicis,

413 1928 611 1984 Montis
643 1933 882 1992 Oliviferi
913 1946 1168 2009 prmeelso
1197 1952 1397 2006 vertice
1427 1958 1634 2023 quidni,

415 2022 633 2087 Astans,
663 2030 980 2100 astrigeram
1015 2052 1138 2091 mox
1170 2056 1495 2102 ascensurus
1524 2051 1589 2103 ad
1615 2053 1814 2119 aulam,

408 2112 725 2184 Mlliturque
754 2136 878 2175 suos
919 2140 1039 2179 cum
1066 2128 1156 2182 tali
1190 2147 1316 2186 voce
1350 2137 1627 2193 ministros
1656 2156 1669 2193 :

412 2200 479 2253 lit
506 2202 665 2257 Pater
704 2208 751 2259 in
785 2213 1039 2267 mundum
1069 2232 1155 2271 me
1182 2224 1429 2286 promisit
1457 2227 1557 2281 sibi
1583 2231 1808 2285 charum
1828 2274 1841 2297 ,

407 2291 497 2345 Sic
524 2309 621 2363 ego
646 2298 799 2354 mitto
828 2318 976 2357 meos
1006 2306 1230 2364 dilectos
1262 2326 1468 2370 vosmet
1494 2321 1715 2376 amicos.

402 2384 470 2436 At
507 2400 618 2448 vos,
647 2390 696 2441 in
724 2401 907 2459 gentes
942 2397 1100 2452 citius
1130 2414 1354 2459 cunctas
1384 2408 1662 2475 abeuntes,

399 2471 519 2526 lllas
545 2488 816 2545 perpetuae
850 2484 971 2538 vita:
1001 2490 1252 2545 mandata
1278 2495 1487 2562 docete,

398 2566 690 2623 Credcntcs
720 2587 871 2626 sacra
895 2590 1187 2649 purgantes
1207 2586 1356 2640 ocius
1394 2590 1557 2655 unda,

397 2653 682 2745 lnd’atris,
712 2673 761 2717 et
786 2665 927 2731 Nati,
961 2671 1163 2739 pariter
1192 2690 1404 2746 quoque
1431 2681 1688 2739 Flaminis
1706 2687 1854 2754 almi,

398 2729 639 2813 thnine,
671 2766 775 2819 quo
804 2760 1001 2813 veteris
1028 2760 1543 2830 deponatttcrimiua
1571 2775 1763 2830 sordis.

392 3022 596 3087 Saevos,
627 3028 909 3086 obsessum
944 3035 1188 3105 linquant
1215 3051 1267 3095 ut
1292 3049 1526 3111 pectoris
1558 3060 1794 3115 antrum,

386 3110 494 3165 illis
518 3116 840 3181 praedulcem
871 3138 1152 3183 servantes
1186 3135 1384 3188 mentis
1409 3151 1668 3201 amorem,

385 3200 606 3261 laedere
640 3226 733 3266 vos
757 3214 895 3269 odiis
931 3219 1020 3287 qui
1056 3230 1261 3276 tentant
1291 3242 1504 3297 semper
1527 3234 1745 3287 amaris.

383 3297 457 3349 Ex
489 3298 589 3355 hoc
612 3316 857 3371 percerte
882 3324 1109 3378 possunt
1136 3332 1479 3385 praenoscere
1503 3338 1708 3383 cuncta:

380 3387 602 3452 Gentes,
636 3397 929 3465 discipulos
958 3419 1049 3459 vos
1071 3422 1190 3464 esse
1214 3413 1346 3466 satis
1368 3416 1498 3470 mihi
1526 3420 1740 3489 charos,

380 3479 436 3531 Si
462 3483 639 3540 colitis
662 3498 873 3546 vestros
892 3496 1043 3562 puris
1073 3500 1267 3556 animis
1292 3503 1558 3561 inimicos.

446 3572 735 3634 Finetenns
771 3596 1037 3641 memores
1062 3591 1335 3656 persistite
1370 3597 1580 3655 scilicet
1610 3618 1818 3671 omnes,
1881 3616 1887 3623 ‘

376 3662 505 3728 Qua:
544 3670 705 3723 vestri
735 3686 893 3728 causa
916 3692 1106 3745 passus
1137 3680 1330 3738 fuerim
1356 3688 1471 3743 sine
1492 3706 1653 3746 causa

376 3750 561 3810 Nonne
598 3774 771 3815 meam
796 3763 989 3821 faciem
1014 3770 1274 3828 cherubin
1306 3792 1411 3833 non
1450 3796 1673 3839 cernere
1707 3788 1867 3843 talem

374 3842 607 3901 Possunt
639 3849 691 3904 in
736 3868 921 3925 regno,
960 3861 1135 3929 qualis
1174 3865 1308 3920 nitet
1339 3884 1488 3941 ergo,
1516 3881 1787 3942 paterno?

370 3932 538 3991 Judaei
571 3945 780 4008 spurcis
814 3946 954 4002 hanc
986 3953 1081 4006 sed
1116 3969 1366 4023 sprevere
1394 3962 1599 4030 salivis,

368 4022 703 4098 Maxillisque
732 4035 869 4090 meis
905 4038 1088 4107 alapas
1126 4044 1364 4101 tribuere
1405 4052 1688 4123 malignas,

367 4114 542 4182 Atque
571 4133 763 4175 manus
791 4123 961 4180 clavis
991 4128 1134 4197 ligno
1167 4131 1334 4190 ﬁxere
1366 4143 1605 4196 cruentis

372 4204 527 4273 ιοο
556 4207 632 4261 De
684 4209 813 4265 limo
865 4214 1151 4282 pulchrum
1183 4226 1340 4291 queis
1381 4227 1644 4295 plasmavi
1683 4243 1954 4307 prot0pla-

364 4293 497 4348 Cum
527 4300 723 4366 quibus
750 4312 804 4355 et
826 4306 992 4361 caelos
1019 4316 1235 4367 extendi
1265 4317 1495 4387 denique
1523 4324 1713 4380 celsos.
1762 4328 1948 4399 [stum,

365 4383 517 4451 Nam,
550 4390 595 4443 si
630 4394 863 4462 respicio
889 4407 1110 4466 terram,
1138 4409 1342 4473 pavitat
1380 4416 1718 4487 tremefacta,

362 4473 469 4531 Nec
502 4481 602 4534 mis
628 4489 854 4542 terroris
882 4492 1025 4559 potis
1050 4504 1134 4549 est
1164 4497 1363 4555 inferre
1386 4509 1644 4572 potentis.

359 4565 428 4621 Et
454 4574 822 4638 praecedentes
852 4583 1053 4637 acriter
1074 4598 1235 4657 caput
1266 4565 1427 4662 atque
1472 4610 1767 4668 moventes,

361 4655 443 4711 Me
471 4661 613 4715 male
634 4662 803 4720 Judaei
832 4655 1152 4729 deridebant
1181 4655 1456 4737 scelerosi.

369 4747 493 4803 Hmc
517 4768 638 4806 cum
666 4756 988 4816 damnandis
1010 4776 1227 4833 paterer
1248 4775 1518 4840 patienter
1546 4780 1765 4849 abillis,

355 4835 504 4906 lpsos
531 4841 767 4898 vindicta
793 4848 937 4905 volui
969 4868 1072 4908 non
1103 4860 1328 4924 perdere
1363 4863 1531 4931 justa,

355 4932 480 5000 Sed,
513 4940 690 4993 crucis
710 4941 759 4995 in
791 4941 937 5012 ligno
967 4960 1195 5007 mortem
1224 4960 1397 5025 gratis
1430 4965 1709 5033 patiendo,

353 5022 513 5078 Oravi
546 5025 759 5084 Patrem
785 5034 1103 5097 clementius
1130 5048 1575 5121 omnipotentem,

348 5114 454 5169 lllis
490 5121 749 5176 continuo
772 5124 1047 5185 dimittere
1076 5137 1304 5193 crimina
1334 5150 1506 5212 tanta,

349 5206 598 5266 Suadenl
631 5218 880 5286 exemplo
912 5222 1022 5286 tali,
1050 5241 1169 5295 qua:
1200 5243 1325 5286 sunt
1358 5236 1628 5309 facienda,

348 5297 411 5353 Ut
438 5315 566 5354 mea
606 5304 841 5363 cmlestis
871 5312 1024 5371 fieret
1050 5320 1292 5377 doctrina
1324 5325 1514 5396 ﬁdelis,

339 5397 493 5454 Etne
523 5403 644 5468 quis
666 5404 807 5463 fictis
825 5412 1044 5467 auderet
1075 5416 1254 5468 dicere
1286 5422 1483 5468 verbis,

2121 685 2333 754 Omnia,
2372 712 2491 765 qua:
2540 713 2690 759 vates
2716 707 2781 762 de
2812 725 2896 764 me
2926 713 3109 769 dixere
3132 720 3359 785 priores,

2118 778 2195 833 Ac
2226 796 2365 837 nunc
2394 792 2649 857 ascendo,
2674 796 2882 854 cinctus
2904 803 3101 859 virtute
3129 818 3373 875 paterna,

2116 868 2196 921 Ad
2227 870 2441 930 Patrem
2470 881 2641 937 victor
2671 901 2963 955 summum,
2991 911 3153 966 super
3180 903 3346 954 aethra
3391 905 3641 961 locatum.

2118 956 2242 1024 Sed,
2270 978 2373 1017 non
2400 968 2602 1025 turbari
2645 978 2847 1043 cordis,
2882 956 3151 1054 rogitabo,
3187 989 3358 1045 ﬁdelis

2116 1047 2289 1105 Vestri
2322 1070 2610 1126 secretum,
2642 1068 2766 1134 quia
2798 1086 2902 1125 non
2933 1090 3026 1129 vos
3053 1080 3187 1153 forte
3216 1084 3553 1153 relinquam,

2113 1139 2221 1194 Cen
2246 1145 2515 1204 desolatos
2549 1153 2600 1207 in
2635 1160 2833 1214 mundo
2861 1148 3093 1236 namque
3122 1172 3373 1242 pupillos,

2114 1230 2265 1286 Sacri
2297 1240 2583 1307 gratiolant
2622 1248 2775 1303 vobis
2799 1253 2891 1306 scd
2919 1254 3179 1313 Flaminis
3206 1262 3427 1328 almam,

2111 1321 2364 1380 Emittam
2393 1331 2572 1397 citius,
2602 1352 2721 1405 quae
2745 1356 2839 1395 vos
2866 1359 3047 1400 verum
3074 1349 3229 1405 docet
3258 1353 3421 1417 intus,

2108 1411 2331 1482 Insuper
2355 1418 2467 1487 ipse
2493 1422 2607 1479 dies
2639 1427 2909 1486 vobiscum
2938 1437 3148 1492 scilicet
3178 1455 3368 1498 omnes

2106 1501 2401 1561 Fiuetcnus
2432 1528 2644 1579 maneo,
2679 1522 2861 1574 mundi
2892 1539 2987 1592 per
3019 1536 3261 1597 tempora
3291 1546 3505 1590 cuncta.

2176 1596 2299 1651 ΙΙωο
2327 1601 2413 1653 ubi
2448 1604 2587 1657 dicta
2629 1608 2795 1673 dedit,
2822 1628 3117 1673 conversus
3140 1621 3369 1691 denique
3393 1626 3531 1680 dixit

2103 1682 2182 1736 Ad
2216 1698 2441 1743 matrem
2466 1696 2739 1763 prepriam
2780 1714 3061 1759 mansueta
3092 1723 3239 1774 voce,
3272 1711 3494 1768 Mariam
3524 1736 3535 1769 :

2104 1772 2209 1826 Nec
2246 1781 2598 1843 contristeris,
2641 1789 2835 1856 rogito,
2869 1794 3177 1863 virguncula
3218 1812 3386 1863 casta,

2101 1863 2232 1917 Cum
2271 1883 2355 1922 me
2385 1875 2668 1939 praecelsus
2703 1880 2882 1935 videas
2907 1889 3200 1944 ascendere
3230 1894 3417 1957 cmlos,

2100 1955 2173 2006 Te
2200 1960 2323 2025 quia
2352 1965 2665 2028 praeclaram
2693 1974 2875 2025 mundi
2917 1992 3019 2029 non
3058 1978 3240 2047 linquo
3270 1984 3565 2051 lucernam,

2102 2047 2253 2116 ιοι
2288 2051 2463 2119 Atque
2510 2071 2685 2109 meum
2736 2073 2981 2117 sanctum
3030 2070 3269 2138 migrans
3322 2090 3425 2128 non
3482 2080 3673 2136 desero

2096 2136 2204 2192 Nec
2230 2142 2593 2214 incorruptam
2629 2151 2751 2206 vita:
2775 2155 2989 2210 dimitto
3013 2175 3292 2229 coronam,
3362 2165 3665 2238 [templum,

2095 2227 2271 2281 Inveni
2300 2232 2468 2286 solam
2499 2251 2608 2303 pra:
2637 2243 2849 2296 cunctis
2884 2255 2933 2298 te
2956 2248 3077 2315 quia
3102 2260 3331 2317 castam,

2091 2319 2558 2391 Coutliguamque,
2589 2344 2765 2383 meum
2795 2348 2992 2403 corpus
3024 2353 3317 2406 generasse
3339 2356 3611 2401 sacratum

2090 2410 2265 2471 Certe,
2308 2415 2372 2466 de
2403 2419 2601 2473 mundo
2632 2436 2755 2475 cum
2786 2432 2836 2478 te
2866 2426 3144 2484 discedere
3185 2434 3401 2500 mando,

2086 2500 2167 2553 Ad
2198 2510 2249 2555 te
2277 2504 2552 2560 cmlicolas
2575 2525 2678 2562 non
2712 2513 2885 2566 solum
2917 2517 3073 2571 mitto
3133 2530 3396 2587 catervas,

2086 2590 2203 2657 Ipse
2229 2595 2319 2646 sed
2356 2596 2649 2653 adveniens
2681 2602 2915 2657 animam
2945 2622 3154 2661 sumam
3195 2610 3555 2679 benedictam,

2086 2679 2306 2736 Multum
2334 2686 2444 2740 sole
2467 2690 2682 2756 quidem
2726 2696 2965 2750 rutilanti
2996 2699 3432 2768 splendidiorem,

2084 2767 2192 2824 Nec
2222 2789 2349 2837 non,
2382 2779 2638 2847 angelicis
2661 2784 2944 2839 deductam
2971 2791 3210 2845 suaviter
3232 2791 3468 2862 hymnis,

2082 2859 2260 2931 Ocyus
2284 2868 2603 2936 astrigeram
2631 2886 2825 2939 ponam
2858 2890 3181 2934 venerantcr
3222 2884 3273 2936 in
3303 2884 3505 2953 aulam,

2081 2952 2149 3004 At
2179 2970 2341 3019 nunc,
2379 2956 2641 3014 Joannem
2678 2972 2852 3017 tecum
2884 2982 3163 3024 remanere
3197 2972 3429 3039 ﬁdelem,

2078 3040 2308 3111 lmpero,
2338 3048 2429 3115 qui
2458 3053 2687 3117 gemmis
2727 3053 2892 3124 fulget
2915 3059 3053 3114 bene
3081 3062 3426 3131 virginitatis,

2018 3179 2043 3200 π
2079 3131 2145 3186 Ut
2176 3145 2261 3188 tua
2288 3138 2394 3191 vita
2420 3142 2590 3210 magis
2618 3147 2927 3219 prmfulgcat
2968 3154 3190 3224 inclyta,
3230 3161 3397 3214 castis

2079 3222 2287 3291 Smpius
2310 3228 2584 3299 obsequiis
2610 3235 2942 3295 circumdata
2974 3222 3321 3315 virginitatis.

2144 3317 2312 3373 lllicet
2341 3324 2617 3391 angelieus
2647 3328 2914 3385 dicentem
2947 3335 3096 3400 talia,
3129 3350 3303 3395 coetus

2071 3407 2247 3476 Ipsum
2289 3411 2582 3469 dulcisonis
2606 3416 2830 3474 laudans
2854 3424 3211 3483 circumdedit
3240 3431 3476 3501 hymnis,

2070 3497 2133 3549 Et
2168 3514 2289 3552 mox
2317 3504 2620 3571 contegitur
2641 3509 2818 3563 subito
2841 3527 2961 3565 cum
3001 3517 3142 3571 nube
3170 3534 3383 3576 serena.

2068 3587 2405 3647 Conveniunt
2437 3595 2543 3650 illic
2568 3606 2811 3654 veterum
2838 3606 2992 3659 cunei
3030 3624 3245 3679 quoque
3278 3622 3482 3681 vatum,

2067 3679 2210 3734 Inter
2235 3696 2369 3750 quos
2400 3688 2610 3743 medius
2636 3690 2819 3757 David,
2848 3711 2940 3750 rex
2973 3699 3201 3766 psallere
3226 3703 3436 3771 doctus,

2064 3770 2302 3828 Cantans
2325 3776 2376 3827 in
2406 3778 2650 3844 citharis,
2675 3782 2924 3839 hortatur
2951 3790 3149 3845 talibus
3183 3795 3346 3860 orsis,

2064 3861 2259 3917 Natum
2284 3867 2521 3924 cmlestis
2551 3873 2740 3927 solium
2765 3879 2985 3945 petiisse
3018 3881 3295 3950 Parentis,

2064 3956 2319 4011 Exaltare
2341 3974 2503 4028 super
2524 3964 2710 4030 caelos,
2744 3966 2903 4024 fortis
2934 3972 3095 4037 Deus,
3124 3976 3286 4043 altos,

2060 4046 2235 4113 Atque
2256 4062 2418 4117 super
2440 4059 2604 4105 totam
2644 4058 2825 4113 mundi
2869 4069 2957 4115 tua
2987 4063 3153 4132 gloria
3189 4077 3407 4124 terram.

2062 4137 2279 4191 Scilicet
2306 4142 2559 4211 angelicis
2593 4148 2827 4203 suadens
2848 4151 2924 4203 ait
2959 4154 3060 4207 ista
3086 4161 3339 4225 catervis,

2063 4227 2317 4284 Exaltate
2348 4232 2515 4287 Deum
2554 4237 2832 4293 modulato
2858 4245 3101 4299 carmine
3125 4257 3391 4317 nostrum,

2055 4322 2286 4380 Orantes
2316 4328 2367 4381 in
2400 4340 2582 4383 monte
2606 4347 2703 4385 suo
2730 4334 2919 4389 crebra
2947 4352 3108 4405 prece
3133 4353 3345 4411 sancto,

2052 4413 2158 4469 Iste
2182 4416 2327 4470 Deus
2358 4418 2616 4474 Dominus
2639 4432 2846 4489 noster,
2872 4439 3085 4484 constat
3114 4434 3241 4501 quia
3270 4446 3509 4493 sanctus.

1976 4540 2029 4597 Β
2128 4505 2191 4559 Ει
2216 4506 2462 4565 Christus
2482 4509 2663 4577 Jesus,
2684 4514 2833 4569 vultu
2865 4519 3071 4576 ridente
3099 4538 3365 4589 reversus,

2057 4596 2346 4668 Discipulis
2374 4601 2567 4656 iterum
2603 4606 2785 4661 verbis
2813 4609 3024 4667 dicebat
3062 4618 3253 4673 amicis
3284 4638 3296 4672 :

2054 4687 2167 4741 Pax
2198 4692 2371 4758 vobis,
2406 4695 2627 4762 fratres,
2655 4714 2871 4773 semper
2896 4706 3027 4760 mihi
3062 4708 3164 4763 rite
3193 4709 3401 4777 ﬁdeles,

2053 4778 2201 4839 Velle
2228 4798 2406 4838 meum
2432 4789 2523 4856 qui
2555 4789 2778 4857 fecistis,
2810 4809 2908 4849 nec
2938 4812 3044 4852 non
3072 4797 3306 4867 facietis,

2050 4873 2191 4928 Ecce
2226 4891 2402 4931 meam
2438 4880 2689 4935 stabilem
2712 4886 2864 4940 vobis
2888 4888 2955 4942 do
2980 4889 3211 4959 denique
3257 4908 3463 4962 pacem,

2048 4966 2123 5019 Ac
2150 4968 2302 5022 vobis
2331 4970 2501 5039 ipsam
2536 4989 2724 5043 pacem
2750 4979 2963 5034 dimitto
2992 4996 3308 5051 perennem.

2052 5056 2174 5113 llaec
2197 5061 2294 5122 ait,
2327 5070 2381 5115 et
2402 5064 2583 5129 citius,
2611 5069 2827 5135 propria
2859 5070 3057 5125 virtute
3083 5072 3310 5138 levatus,

2047 5150 2323 5215 Ascendit,
2352 5153 2454 5207 diri
2480 5157 2656 5212 victor
2684 5174 2851 5230 super
2875 5162 3079 5218 (ethera
3102 5163 3256 5228 lethi,

2052 5242 2206 5312 102
2229 5242 2502 5314 Obsequio
2532 5248 2696 5305 nubis
2721 5253 3119 5327 circumseptus
3143 5256 3433 5316 rutilantis.

2046 5336 2214 5403 Quem
2248 5351 2460 5393 sursum
2488 5343 2612 5397 fixis
2644 5358 2771 5399 cum
2802 5351 3135 5415 respexisset
3156 5350 3341 5406 ocellis

2052 5430 2205 5468 Dlnhc
2229 5430 2436 5468 dnnlriv
2465 5436 2585 5468 nam:
2639 5436 2897 5468 nl-.......:..
2925 5446 3045 5468 ..ινδιξ
3094 5440 3372 5468 ..κιαι-ηιξ-
