4482 5548
848 368 985 421 1085
1700 357 2168 414 ιιιιοτδυιτιιιε
2207 355 2526 411 MONIALIS
2563 357 2618 412 (Ξ⁴

2331 355 2526 410 usus
2563 328 3253 412 cAuosnsusmsusus
3968 346 4101 398 lOSl

848 477 1040 536 Dicite,
1066 489 1251 542 posco,
1284 472 1406 536 viri,
1432 485 1530 524 cur
1555 471 1828 540 suspicitis
1861 470 2088 530 Calilzei,
2453 472 2500 530 Α
2532 470 2596 524 Et
2625 485 2738 524 mea
2765 470 2829 522 de
2863 468 2998 522 ccelo
3019 466 3166 520 solus
3189 465 3463 534 Sapientia
3499 477 3644 518 vera.

845 564 1093 618 Vultibus
1133 562 1377 615 attonitis
1407 569 1634 623 stantes,
1665 559 1944 628 oculisque
1981 559 2230 628 supinis?
2530 563 2598 615 Αι
2631 560 2844 614 nuncin
2873 559 3060 612 dextra
3093 557 3264 612 victor
3286 555 3565 624 requiesce
3601 561 3826 621 paterna

845 655 944 709 llic
976 663 1124 708 certe
1150 653 1327 717 lesus,
1358 653 1510 708 vobis
1542 653 1884 715 mirantibus,
1927 666 2063 704 unus
2529 651 2802 714 Caudens,
2830 665 3000 717 usque
3033 656 3152 701 tuos
3177 659 3374 716 ponam
3415 651 3637 698 cunctos
3681 640 3927 694 inimicos

842 747 1194 813 Assumptus,
1227 745 1392 799 caelos
1417 744 1506 813 qui
1542 742 1873 797 transcendit
1900 756 2061 810 super
2087 740 2245 804 altos,
2531 742 2852 797 Sanctorum
2881 755 2976 809 per
3001 738 3157 793 saecla
3189 737 3381 807 pedum
3412 734 3506 787 tibi
3532 735 3631 786 rite
3653 731 3964 786 scabellum.

843 835 955 890 llac
978 837 1159 891 veniet
1179 835 1350 890 Judex
1386 835 1556 890 forma
1581 849 1686 904 qua
1718 834 1891 905 pergit
1923 835 1989 888 ad
2019 833 2210 887 mthra.
2602 833 2898 902 Postquam
2932 840 3204 891 naturam,
3224 827 3334 896 jam
3361 825 3428 880 de
3452 827 3610 880 busto
3639 823 3954 885 redivivam,

914 925 1069 980 Hunc
1099 925 1267 980 David
1311 926 1584 981 Christum
1615 939 1842 981 cernens
1867 939 2028 994 super
2053 923 2222 978 :ethra
2273 922 2427 976 leva-
2534 922 2862 986 Humanam,
2896 921 3032 975 solio
3060 920 3308 975 Christus
3329 917 3507 971 Patris
3535 915 3714 970 intulit
3735 913 3866 976 alto,

841 1019 1143 1074 Commovtt
1171 1019 1460 1083 citharam,
1487 1019 1665 1074 divina
1698 1017 1855 1072 laude
1888 1016 2171 1086 repletam,
2260 1013 2418 1084 [tum,
2535 1015 2734 1070 Omnes
2765 1011 3021 1082 angelica
3053 1011 3151 1065 sub
3182 1010 3344 1064 missa
3379 1022 3510 1061 voce
3539 1014 3770 1060 caterva:

841 1107 967 1163 llzec
986 1118 1040 1163 et
1063 1108 1246 1163 Iretitia
1271 1109 1510 1164 cantavit
1545 1123 1778 1178 congrue
1815 1122 2005 1178 magna
2035 1124 2048 1159 :
2536 1103 2849 1157 Laudabant
2879 1102 3074 1170 ipsum,
3099 1099 3213 1169 qui,
3248 1105 3568 1166 regnaturus
3599 1095 3651 1148 in
3675 1108 3872 1158 aevum,

841 1199 1100 1253 Ascendit
1131 1200 1272 1254 Deus
1305 1201 1356 1253 in
1382 1199 1556 1268 jubilo
1580 1214 1805 1268 magnus
1842 1187 2004 1268 super
2032 1206 2199 1261 astra,
2538 1194 2760 1249 Mortem
2791 1192 2989 1246 devicit
3019 1190 3278 1252 moriens,
3314 1189 3677 1253 mundumque
3705 1181 3947 1243 redemit,

842 1289 1064 1343 Seandit
1097 1291 1257 1359 inque
1288 1291 1426 1346 tuba:
1452 1291 1708 1345 Dominus
1748 1291 2001 1359 clangore
2028 1298 2254 1343 sacrata:
2540 1286 2607 1341 Ut
2636 1299 2859 1356 regnare
2881 1299 3008 1339 suos
3038 1282 3240 1337 faceret
3269 1296 3363 1352 per
3393 1279 3585 1335 saecula
3608 1292 3814 1334 servos.

915 1379 1042 1433 Post
1077 1380 1192 1435 lucc
1219 1381 1453 1436 intonuit
1484 1381 1619 1436 solio
1642 1396 1745 1435 vox
1769 1379 1945 1434 Patris
1975 1380 2043 1434 ab
2073 1379 2199 1441 alto,
2613 1376 2736 1430 Ηωρ
2765 1376 3071 1445 quicunque
3100 1373 3263 1441 legat,
3292 1370 3568 1426 miserenti
3598 1376 3814 1438 pectore
3839 1365 3981 1420 dicat
4005 1380 4022 1418 :

843 1468 1039 1524 Dicens
1062 1471 1130 1524 ad
1161 1472 1440 1538 proprium
1469 1471 1654 1526 divino
1686 1470 1883 1524 famine
1909 1469 2100 1523 Natum
2133 1487 2145 1520 :
2543 1468 2653 1522 Rex
2688 1467 2794 1536 pie,
2821 1465 3088 1520 Hrosvita:
3115 1478 3346 1533 parcens
3374 1463 3634 1516 miserere
3658 1457 3899 1520 misellw,

842 1557 924 1610 Tu
959 1574 1112 1613 meus
1138 1573 1196 1614 es
1229 1561 1427 1616 cliarus
1451 1569 1698 1630 percerte
1730 1560 1899 1614 Filius
1930 1575 2092 1623 unus,
2542 1561 2608 1612 Et
2634 1559 2718 1613 lac
2759 1559 2955 1612 divinis
2990 1557 3283 1626 persistere
3313 1555 3528 1610 ccelitus
3552 1553 3669 1607 odis

844 1650 1072 1718 Semper
1090 1649 1214 1718 jure
1249 1653 1380 1706 mibi
1409 1655 1500 1722 qui
1537 1653 1765 1708 multum
1789 1651 2180 1721 complacuisti.
2544 1648 2715 1712 llauc,
2746 1663 2865 1718 qua:
2895 1647 3164 1701 laudando
3185 1645 3383 1701 cecinit
3413 1653 3498 1698 tua
3525 1642 3664 1698 facta
3694 1639 3979 1711 stupenda.

843 1737 925 1792 Tu
957 1739 1071 1793 sine
1100 1740 1383 1810 principio,
1419 1743 1654 1797 Verbum
1678 1741 1855 1796 Patris
1877 1755 2093 1810 quoque
2117 1753 2325 1798 verum,

862 1909 1287 1938 μ-ιιδδςω
1355 1921 1412 1936 Α
1465 1921 1501 1935 ρ
1593 1923 1658 1934 ..-

1742 2064 2467 2139 εοῘΑΒΟΗΜΕΝΤΗΜ
2516 2063 2597 2122 IN
2641 2061 3162 2123 GANGOLFUM.

913 2346 1234 2418 Gangolfus,
1261 2363 1326 2401 ea:
1349 2348 1510 2401 nobili
1536 2347 1967 2417 Burgundiorum
1999 2365 2175 2418 regum
2199 2348 2404 2417 familia
2435 2360 2482 2403 et
2512 2349 2764 2418 sanguine
2798 2359 2973 2407 natus,
3005 2357 3050 2400 et
3085 2348 3137 2399 in
3179 2346 3430 2418 religione
3462 2346 3764 2418 Christiana
3801 2345 4065 2418 initiatus,
4093 2364 4125 2399 a

844 2415 1071 2487 paupere
1095 2417 1321 2487 quedam
1349 2420 1540 2471 rustico
1562 2415 1851 2482 hortulum,
1879 2436 1996 2472 cum
2025 2415 2164 2487 fonte
2200 2415 2575 2482 amoenissime,
2607 2415 2824 2481 emerat,
2866 2419 3016 2486 cujus
3058 2416 3419 2487 amanitatemr
3453 2415 4128 2487 Hrosvitltaupulcherrime

842 2484 1115 2556 desiit-ibit.
1155 2484 1221 2538 In
1261 2486 1398 2539 hunc
1436 2487 1737 2550 hortulum,
1777 2484 2032 2542 orationis
2070 2498 2117 2540 et
2155 2487 2490 2542 relaxationis
2533 2489 2695 2541 animi
2743 2484 2950 2556 gratia,
3008 2487 3132 2556 ilum
3181 2486 3448 2556 abgarrm‘s
3491 2496 3536 2538 et
3571 2485 3834 2556 republica
3891 2495 4119 2556 vacaret,

844 2555 1031 2607 solitus
1057 2565 1192 2626 “erat
1227 2557 1529 2626 concedere,
1581 2572 1738 2626 quam
1781 2573 1888 2610 rem
1940 2557 2229 2625 familiares
2259 2559 2342 2610 sui
2369 2559 2690 2612 vehementer
2714 2554 2948 2609 oderant.
2999 2554 3220 2607 Factum
3248 2554 3420 2626 igitur
3443 2565 3537 2626 est,
3569 2565 3623 2608 ut
3655 2554 3771 2626 fons
3803 2555 4121 2614 exaruisset,

843 2640 998 2690 quem
1026 2624 1135 2687 ille,
1167 2624 1352 2677 baculo
1380 2627 1432 2678 in
1460 2623 1653 2678 terram
1675 2626 1803 2694 ﬁxo,
1832 2623 2014 2680 rursus
2038 2627 2335 2694 lar‘gissima
2365 2643 2491 2680 vena
2516 2628 2762 2690 restituit,
2809 2628 2880 2678 ita
2907 2637 2958 2678 ut
2987 2626 3126 2678 illius
3151 2623 3290 2676 unda
3322 2624 3551 2676 omnium
3583 2624 3882 2694 morborum
3924 2635 4086 2691 pestes
4109 2663 4123 2682 ,

841 2694 1200 2764 haurientium
1233 2703 1280 2746 et
1314 2693 1604 2748 lavantium
1651 2692 1881 2764 fugaret.
1932 2692 2186 2758 Tandem,
2227 2711 2442 2749 uxorem
2482 2697 2696 2760 ducens,
2736 2713 2853 2764 qum
2890 2695 3214 2764 incontinens
3244 2702 3291 2764 et
3309 2694 3588 2764 impudica
3627 2692 3818 2764 fuerat,
3848 2693 3900 2745 in
3927 2707 4127 2764 antore-

840 2761 1246 2832 quesatellitum
1275 2779 1488 2816 suorum
1515 2759 1959 2832 effrena'libidine
1984 2767 2302 2818 debacchata
2324 2782 2339 2821 :
2361 2768 2499 2832 quod
2542 2783 2657 2818 cum
2697 2759 2877 2818 sancto
2916 2768 3041 2826 viro,
3086 2761 3366 2832 Gangolfo,
3400 2759 3721 2829 compertum
3757 2762 3958 2828 fuisset,
3984 2759 4126 2832 illam

850 2829 1596 2904 deincontinentiacorripuit
1624 2874 1637 2894 ,
1665 2833 1758 2886 illa
1785 2851 1876 2904 per
1901 2835 2149 2888 satellites
2175 2829 2394 2904 insidias
2420 2833 2682 2904 Gangolfo
2717 2837 2906 2888 struxit
2930 2875 2943 2895 ,
2961 2844 3022 2904 get
3050 2833 3113 2884 ab
3144 2829 3246 2884 illis
3273 2832 3574 2898 interfectus
3595 2871 3610 2894 ,
3654 2831 3883 2904 sepultus
3913 2833 3965 2882 in
3978 2829 4123 2904 loco,

846 2901 936 2968 qui
982 2897 1079 2968 Nil
1119 2910 1258 2952 terra
1307 2897 1522 2965 dicitur,
1567 2897 1840 2956 miraculis
1890 2905 2116 2957 clarens.
2177 2903 2330 2967 Quod
2383 2920 2500 2956 cum
2541 2897 2769 2958 'relatum
2817 2905 2885 2956 ad
2939 2902 3195 2963 Caneam,
3250 2897 3464 2954 uxorem
3508 2917 3682 2965 suam,
3710 2897 3932 2967 fuisset,
3960 2899 4115 2965 ﬁdem

853 2967 1128 3021 miraculis
1166 2970 1298 3042 _ejus
1353 2972 1565 3040 derogat
1609 3013 1622 3034 ,
1666 2974 2036 3042 miraculoque
2093 2989 2197 3025 non
2243 2990 2389 3026 secus
2421 3014 2434 3033 ,
2495 2984 2551 3026 ut
2598 2974 2789 3027 ventris
2833 2975 2915 3027 sui
2966 2972 3216 3042 crepitum
3252 3009 3266 3034 ,
3325 2971 3608 3024 existimat.
3679 2969 4024 3035 Quamobrem
4076 2968 4126 3017 in

845 3052 1010 3104 pcenw
1050 3039 1332 3105 perﬁdiam
1391 3039 1566 3094 venter
1614 3041 1710 3104 illi,
1761 3039 1958 3103 quoad'
1987 3043 2196 3107 viveret,
2239 3057 2486 3111 perpetuo
2523 3044 2786 3112 crepabat.

1941 3305 2372 3366 PREFATIO
2419 3306 2497 3365 IN
2543 3306 3064 3367 GANGOLFUM.

844 3471 888 3526 0
921 3467 1005 3538 pie
1034 3463 1337 3526 Lucisator,
1368 3462 1552 3516 mundi
1580 3477 1867 3531 rerumque
1896 3463 2142 3531 Parator,
2471 3473 2518 3530 Β
2619 3467 2687 3522 Ut
2719 3467 2883 3519 fixum
2917 3466 3067 3535 digiti
3099 3465 3192 3519 tiat
3219 3481 3353 3535 opus
3380 3467 3602 3536 proprii,

915 3557 1017 3624 Qui
1047 3556 1243 3610 caelum
1275 3554 1453 3623 pingis
1478 3555 1745 3607 sideribus
1769 3555 1955 3620 variis,
2539 3557 2616 3610 'l‘u
2647 3558 2868 3628 dignare
2900 3565 3002 3610 tua:
3037 3555 3362 3624 perfundere
3385 3554 3546 3611 corda
3579 3555 3830 3617 lamellae,

845 3647 1004 3700 Stilus
1034 3653 1088 3698 et
1113 3645 1374 3713 astrigera
1416 3658 1647 3713 regnans
1677 3643 1974 3699 dominaris
2001 3645 2050 3698 in
2081 3645 2200 3699 aula
2617 3646 2938 3710 llrosvithae,
2973 3647 3207 3700 rorentis
3238 3647 3322 3714 pie
3345 3645 3604 3715 gratiolae,

914 3734 1141 3787 Lumine
1171 3741 1363 3787 cuncta
1398 3741 1606 3797 tenens,
1647 3733 1978 3803 imperioque
2011 3749 2225 3802 regens,
2545 3738 2702 3810 ιοά,
2735 3739 2990 3792 Carmine
3015 3751 3121 3805 quo
3143 3745 3358 3806 compto
3385 3736 3591 3791 valeam
3622 3737 3706 3806 pia
3732 3751 3964 3806 pangere
3995 3736 4132 3790 facta

843 3824 944 3886 Tu,
977 3823 1068 3891 qui
1100 3837 1196 3890 per
1221 3823 1498 3892 proprium
1531 3823 1704 3878 fecisti
1733 3825 1926 3879 saecula
1953 3824 2171 3890 Natum,
2613 3827 2796 3880 Sancti
2820 3826 3088 3897 Gangolli,
3115 3827 3370 3895 martyris
3394 3827 3618 3896 egregii.

917 3914 982 3966 Et
1007 3929 1185 3966 rerum
1216 3914 1411 3968 trinam
1441 3930 1504 3968 cx
1546 3915 1714 3969 nihilo
1741 3917 2073 3982 machinam,
2543 3919 2609 3971 Et
2635 3917 2856 3971 laudare
2885 3927 3035 3970 tuum
3064 3932 3280 3987 semper
3309 3932 3503 3971 nomen
3537 3916 3898 3980 benedictum,

843 4002 1052 4071 Quique
1077 4003 1431 4073 protorilasto,
1462 4005 1528 4058 de
1563 4013 1707 4058 terra
1735 4005 1834 4058 rite
1861 4014 2067 4068 creato,
2613 4005 2712 4071 Qui
2739 4015 2858 4074 post
2882 4006 3019 4061 bella
3051 4006 3156 4062 tuis
3183 4015 3336 4077 grata
3363 4006 3514 4061 dabis
3537 4005 3750 4059 fatnulis

915 4092 1039 4149 Oris
1062 4095 1226 4149 divini
1255 4104 1474 4150 nectare
1498 4110 1690 4164 nempe
1715 4096 1788 4148 tui
2544 4097 2791 4163 Prmmia,
2823 4099 3120 4167 perspicua:
3153 4100 3297 4154 tenui
3326 4113 3425 4170 pro
3449 4098 3670 4153 vulnere
3700 4097 3841 4160 vitm,

844 4185 1047 4241 Sensus
1079 4185 1291 4241 vitalem
1327 4185 1552 4242 sulllasti
1587 4185 1726 4242 forte
1755 4187 2040 4257 liquorem,
2612 4187 2878 4244 Mandans
2908 4190 2961 4244 in
2989 4204 3155 4260 regno
3176 4191 3357 4244 vivere
3378 4187 3612 4243 lucilluo.

1088 4492 1584 4611 PASSIO
1672 4493 2193 4614 SANCTI
2280 4493 2994 4610 GANGOLFI
3078 4494 3816 4612 MARTYRIS

843 4716 1110 4784 Tempore
1136 4729 1242 4784 quo
1273 4717 1420 4786 regni
1449 4715 1614 4786 gessit
1639 4714 1900 4785 Pippinus
1929 4715 2022 4770 Eoi
2465 4719 2509 4780 (ζ
2543 4713 2814 4771 Cerminis
2841 4724 2896 4769 et
2920 4715 3051 4770 tanti
3079 4729 3199 4770 sese
3224 4729 3329 4769 non
3363 4713 3534 4769 credit
3566 4714 3780 4774 honori,

913 4805 1246 4859 Francorum
1275 4815 1486 4874 sceptra
1514 4805 1659 4876 regia
1687 4821 1784 4873 pro
1811 4805 2024 4874 populo,
2615 4803 2719 4858 Sed
2754 4805 2944 4858 transit
2981 4805 3187 4860 meritis
3216 4813 3443 4860 stemma
3473 4805 3554 4860 sui
3580 4804 3812 4875 generis.

839 4896 1075 4966 .lureque
1106 4896 1391 4966 magniﬁco
1419 4897 1557 4951 rexit
1581 4896 1890 4968 Burgundia
1930 4913 2118 4966 regna,
2542 4897 2743 4967 Inclyta
2781 4913 2906 4950 nam
2938 4897 3189 4968 genitrix,
3227 4897 3316 4951 tali
3349 4896 3460 4950 fetu
3493 4897 3577 4966 pie
3607 4896 3730 4950 felix
3757 4936 3770 4957 ,

915 4990 1200 5059 Subjectos
1226 4991 1396 5048 l'renis
1421 4995 1523 5049 rite
1551 4993 1822 5049 domando
1849 4994 1977 5055 suis,
2615 4989 2669 5043 ln
2701 4987 2881 5042 mundi
2905 4987 3081 5042 lucem
3111 4987 3249 5041 fudit
3279 4995 3337 5040 ut
3364 4987 3503 5041 hanc
3525 4985 3787 5048 sobolem,

843 5082 1106 5138 Famosus
1128 5082 1344 5152 juvenis
1371 5086 1611 5141 nutritur
1637 5089 1882 5157 partibus
1915 5089 2040 5155 illis,
2546 5079 2707 5135 Ocius
2736 5078 2972 5134 abltlilur
2995 5077 3189 5133 VClUliS
3217 5078 3542 5148 baplismale
3572 5077 3764 5146 culpis.

2621 5171 2656 5183 Λ
