4482 5548
375 378 511 435 1085

372 493 591 547 Talibus
619 494 877 555 incubuit,
904 495 1060 550 lactis
1082 495 1205 549 dum
1231 495 1435 566 gurgite
1461 496 1613 558 vixit,

443 583 577 637 ll'nc
606 586 809 652 pulsus,
842 587 1065 654 gravido
1091 588 1286 642 ferbuit
1314 588 1550 657 ingenio,

372 674 741 743 Canitiemque
764 691 955 730 senum
989 679 1242 732 membris
1274 679 1579 733 meditando
1605 679 1833 743 tenellis,

444 762 557 815 Non
597 779 717 817 raro
745 766 911 821 sacris
939 780 1130 836 nempe
1156 777 1310 822 vacat
1338 769 1550 823 studiis.

376 852 532 922 105
562 854 729 920 Quem
756 871 880 911 mox
908 858 1221 922 imberbem,
1249 868 1356 912 tota
1382 860 1645 928 probitate
1668 860 1953 929 vigentem,

442 944 626 999 Gratia
658 946 888 1017 Pippini,
919 950 1176 1019 principis
1204 951 1441 1013 almifici,

375 1031 557 1103 llegali
595 1050 700 1089 non
734 1038 1003 1093 immerito
1036 1040 1152 1093 sisti
1182 1040 1335 1107 jubet
1370 1040 1512 1104 aula,

444 1126 707 1183 Ardenter
740 1129 896 1185 talem
924 1132 1086 1186 corde
1110 1132 1293 1187 colens
1316 1132 1590 1201 juvenem.

374 1215 478 1269 Sed
506 1218 679 1285 pietas
706 1220 873 1283 illum,
907 1225 1154 1290 quamvis
1176 1225 1496 1293 justissima,
1530 1224 1689 1295 regis,

444 1306 649 1364 Ditaret
683 1320 841 1366 tanta:
876 1329 1097 1369 munere
1124 1317 1379 1385 gloriolze,

372 1395 570 1467 Regius
594 1407 650 1452 ut
678 1401 866 1468 primis
893 1414 1031 1458 esset
1062 1407 1346 1474 proconsul
1374 1408 1440 1462 ab
1470 1410 1649 1472 annis,

442 1484 695 1557 Turgenti
729 1489 868 1543 fastu
892 1507 995 1545 non
1023 1501 1200 1547 tamen
1224 1496 1463 1564 erigitur,

370 1576 591 1632 Pectore
619 1580 711 1632 sed
742 1581 874 1635 tales
896 1582 1080 1636 humili
1110 1583 1315 1639 fastidit
1345 1586 1597 1649 honores,

440 1667 728 1737 Suspirans
754 1671 890 1725 aula:
917 1688 1139 1726 munera
1168 1676 1411 1729 siderea}.

369 1756 502 1811 Nam
533 1762 740 1828 patrius
768 1778 963 1816 census
992 1762 1167 1817 fuerat
1192 1767 1292 1819 sibi
1324 1767 1556 1821 maxime
1579 1778 1785 1837 partus,

442 1847 637 1901 Dividit
659 1859 710 1903 et
736 1859 885 1904 tanto
909 1852 1235 1919 panperibns
1263 1854 1462 1918 studio,

367 1934 476 1988 Cen
502 1935 777 1992 Christum
812 1939 1039 1994 miseros
1073 1940 1210 1994 inter
1240 1944 1468 1997 sentiret
1496 1957 1693 2012 egenos

437 2024 693 2080 Arridere
720 2041 817 2082 suo
848 2044 1071 2083 munere
1100 2028 1275 2085 fronte
1304 2032 1410 2099 pio.

368 2111 521 2181 Saepe
545 2112 645 2167 Job
668 2123 826 2183 atque
852 2117 951 2171 viri
979 2133 1222 2171 normam
1246 2122 1526 2175 tractando
1559 2123 1722 2186 beati,

434 2200 550 2268 Ipse
580 2218 769 2256 manus
799 2218 1009 2269 maneo,
1044 2222 1137 2275 pes
1166 2206 1265 2261 fuit
1296 2217 1351 2262 et
1379 2211 1633 2279 podagro,

366 2290 435 2341 Se
466 2304 563 2343 nec
595 2307 698 2344 non
729 2292 861 2347 orbo
891 2304 1106 2349 cautum
1140 2297 1413 2366 pra-bebat
1438 2301 1686 2365 ocellum,

436 2377 751 2448 Exemplum
780 2384 989 2437 cunctis
1018 2384 1193 2439 nobile
1216 2387 1349 2441 dans
1378 2390 1608 2457 populis.

363 2465 472 2521 Nec
498 2466 674 2521 minus
698 2470 947 2526 humanis
972 2475 1183 2527 sudavit
1204 2476 1433 2545 denique
1457 2480 1654 2545 causis,

432 2556 716 2627 Equalem
744 2561 935 2629 primis
958 2578 1015 2617 se
1041 2562 1245 2619 faciens
1275 2568 1527 2624 dominis.

363 2648 522 2713 Nam,
548 2651 686 2704 male
714 2651 758 2705 si
792 2662 1006 2707 nostras
1033 2670 1192 2709 aures
1222 2657 1493 2722 simulata,
1525 2667 1759 2714 vetustas

435 2737 551 2793 Non
584 2741 742 2796 rebus
782 2742 921 2798 lictis
950 2744 1172 2812 luserat,
1204 2756 1257 2801 et
1291 2748 1488 2813 dubiis,

364 2826 485 2891 llic,
516 2844 674 2897 quem
708 2842 888 2886 nostra
916 2850 1108 2890 manus
1142 2838 1431 2907 cmpitjam
1463 2841 1683 2909 pingere
1708 2854 1951 2907 sanctus,

434 2917 531 2972 Est
560 2932 808 2975 assuetus
840 2923 943 2977 iter
972 2928 1378 2996 quadrupedum
1410 2932 1642 2999 sequier,

363 3008 560 3064 Sedulo
582 3015 829 3068 venando
858 3015 1021 3070 lassat
1045 3032 1259 3087 quoque
1282 3022 1524 3075 membra
1548 3023 1766 3087 decora,

434 3102 803 3161 Suecumbens
829 3108 1090 3177 charique
1118 3110 1342 3178 imperio
1365 3112 1588 3178 domini,

360 3188 532 3256 Ipsius
556 3200 611 3245 et
642 3193 802 3247 telum
832 3212 1103 3265 nunquam
1128 3199 1233 3252 scit
1259 3200 1449 3254 cedere
1477 3204 1698 3266 victum,

432 3278 563 3332 Cum
603 3282 711 3334 sint
740 3284 927 3339 ferrati
960 3289 1240 3354 compositi
1272 3292 1449 3354 cunei,

360 3368 528 3422 Effert
576 3371 687 3437 ipse
729 3388 882 3427 suum
928 3390 1143 3444 semper
1171 3378 1263 3431 sed
1304 3379 1373 3433 ab
1406 3381 1561 3435 hoste
1596 3383 1947 3451 triumphum,

434 3459 602 3514 Tutus
625 3461 805 3516 divino
828 3465 1040 3519 caelitus
1065 3468 1284 3522 auxilio.

360 3550 517 3603 Certe
548 3567 653 3605 non
686 3562 884 3607 nostrae
912 3565 1137 3622 possunt
1168 3557 1419 3612 dictando
1447 3558 1698 3615 Camenm

430 3638 739 3706 Composito
761 3644 988 3698 modulis
1020 3654 1202 3700 texere
1231 3648 1525 3717 daetylicis,

361 3728 586 3791 Quantis
613 3731 865 3786 dilectum
894 3735 1061 3803 signis
1087 3738 1391 3793 variaverat
1418 3741 1578 3794 istum

433 3822 542 3874 llex
569 3838 775 3890 regum,
809 3841 1017 3879 summa
1043 3844 1139 3896 pro
1170 3832 1411 3885 bonitate
1438 3848 1554 3886 sua.

362 3908 464 3963 Sed
494 3920 695 3976 tamen,
723 3914 925 3969 inculto
956 3918 1204 3983 quamvis
1232 3934 1501 3985 sermone,
1532 3922 1740 3978 latrabo

432 4001 605 4057 Unum
633 4006 698 4058 de
725 4006 884 4059 claris
915 4008 1156 4075 pluribus
1182 4019 1236 4063 et
1266 4012 1450 4067 variis.

361 4093 519 4164 106
556 4095 625 4149 Ut
660 4111 745 4150 res
778 4095 916 4151 facta
948 4099 1160 4167 probat,
1192 4111 1395 4155 turmas
1432 4102 1676 4158 ducendo
1699 4107 1943 4175 praeibat,

426 4183 693 4252 Capturus
718 4187 973 4256 populum
1008 4188 1177 4243 Marte
1208 4193 1342 4246 satis
1374 4192 1655 4257 tumidum,

354 4273 575 4329 Exstitit
595 4284 648 4329 et
670 4278 828 4331 solito
859 4279 1032 4333 victor
1058 4296 1177 4334 mox
1213 4282 1445 4351 denique
1478 4285 1637 4347 bello,

422 4364 551 4433 Ejus
578 4382 681 4420 non
708 4367 834 4422 laeso
864 4372 1126 4439 sanguine
1157 4390 1447 4442 purpureo,

350 4454 617 4510 Gentibus
644 4458 887 4515 adversis
902 4460 1013 4529 juri
1045 4465 1373 4534 proprioque
1397 4470 1655 4535 subactis,

422 4546 654 4602 Censum
685 4549 938 4619 signavit,
970 4568 1102 4620 pace
1133 4554 1275 4619 data,
1310 4560 1489 4613 rediit.

348 4638 587 4707 Contigit
613 4650 689 4703 et,
720 4640 950 4695 ducente
978 4644 1084 4709 via,
1112 4659 1170 4699 se
1192 4660 1438 4715 pergere,
1458 4648 1613 4717 juxta

420 4726 713 4797 Cujusdam
737 4741 887 4799 septa
920 4737 1173 4804 pauperis
1201 4741 1467 4806 opposita,

350 4816 514 4881 Queis
540 4818 694 4873 latuit
724 4821 924 4889 pictum
950 4828 1193 4880 vernanti
1223 4827 1351 4883 ore
1380 4831 1648 4901 locellum,

420 4908 644 4965 Tectum
670 4913 979 4982 multiplicis
1006 4920 1263 4986 germinis
1290 4930 1451 4991 atque
1478 4929 1669 4992 comis,

347 4996 457 5054 Nec
480 5016 586 5055 non
612 5001 923 5070 fonticulus,
950 5007 1123 5061 vitreo
1155 5010 1387 5066 candore
1414 5029 1661 5083 serenus,

418 5090 697 5158 Profluxit,
730 5094 846 5149 rivo
869 5111 993 5149 rura
1023 5096 1204 5166 rigans
1235 5099 1485 5156 stridulo.

344 5179 461 5235 lluc
489 5179 577 5234 ubi
604 5181 890 5249 praeclarus
918 5184 1101 5240 senior
1126 5187 1346 5243 deduxit
1376 5191 1593 5257 ocellos,

414 5270 756 5327 Pet-lustrans
782 5274 1037 5345 liquidam
1068 5274 1307 5335 fonticuli
1338 5284 1669 5351 scatebram,

336 5356 615 5426 Frigorem
642 5366 829 5425 captus
855 5359 1081 5430 lympha:
1109 5364 1379 5433 paulisper
1406 5381 1611 5431 amore,

409 5446 686 5511 Substitit,
716 5457 767 5502 et
789 5451 998 5519 placitis
1027 5457 1200 5510 tardat
1226 5456 1332 5508 iter
1358 5457 1599 5524 morulis,

1597 379 1839 435 PASSIO
1878 379 1935 433 S.
1974 378 2341 435 GANCOLFI.

2137 492 2253 557 Qno
2286 492 2458 545 fuerat
2486 491 2689 559 jussus,
2725 493 2997 560 egreditur
3024 494 3217 548 citius;

3505 385 3642 440 1086

2062 582 2210 637 llunc
2242 583 2345 635 dux
2381 583 2491 650 ipse
2517 583 2734 651 quidem
2760 583 2883 634 dum
2917 585 3149 650 respexit
3178 583 3501 647 venientem,

2128 673 2453 741 Aggreditur
2482 673 2692 726 blandis
2716 673 2959 742 protinus
2994 674 3262 742 alloquiis.

2057 767 2231 834 Atque
2254 780 2448 834 rogans
2477 764 2693 817 humilis
2718 773 2826 817 tota
2860 764 3142 819 dulcedine
3173 765 3390 828 mentis,

2131 856 2404 909 Formavit
2430 856 2606 925 lingua
2640 855 2766 909 talia
2791 856 2953 909 verba
2976 871 3070 909 sua
3100 871 3113 908 :

2063 948 2239 1003 Dulcis
2266 949 2461 1011 amice,
2492 948 2626 1002 meis
2657 949 2905 1017 precibus
2930 949 3024 1011 sis,
3058 948 3290 1017 postulo,
3323 948 3523 1019 largus,

2134 1045 2203 1099 Ut
2232 1045 2435 1099 vendas
2467 1060 2658 1113 purum
2685 1045 2827 1098 hunc
2852 1045 2981 1097 Inibi
3009 1044 3344 1108 fonticulum,

2059 1136 2181 1203 Qui,
2209 1137 2389 1191 clarus
2417 1136 2602 1190 vitreis
2628 1145 2681 1191 et
2704 1152 2866 1191 suave
2898 1137 3211 1191 sonantibus
3236 1137 3416 1203 undis,

2133 1226 2483 1281 Prolambens
2512 1242 2640 1281 arva
2667 1227 2778 1281 hzec
2803 1227 2987 1297 irrigat
3016 1235 3177 1295 atque
3202 1236 3311 1288 tua,

2060 1315 2123 1369 Et
2147 1331 2269 1369 mox
2304 1317 2513 1385 argenti
2539 1318 2631 1371 tibi
2656 1332 2751 1385 pro
2775 1318 3021 1372 mercede
3044 1317 3251 1386 probati

2130 1406 2375 1477 Largiter
2406 1408 2626 1463 infundo
2649 1411 2887 1478 pondera
2917 1424 3021 1463 non
3049 1410 3281 1462 modica.

2058 1496 2154 1549 Ast
2179 1496 2289 1560 ubi,
2321 1496 2566 1549 tinnitum
2592 1495 2786 1561 dando,
2819 1498 3102 1565 promissio
3135 1497 3254 1551 lzeta

2128 1589 2302 1643 Aures
2328 1604 2569 1656 persona:
2598 1591 2793 1643 transit
2825 1591 2877 1644 in
2901 1591 3127 1661 exiguae,

2059 1678 2294 1733 Lzetatur
2311 1679 2493 1741 facies,
2523 1688 2645 1733 tota:
2666 1680 2893 1734 volitant
2916 1696 3135 1751 quoque
3164 1698 3331 1745 venre,

2128 1766 2320 1819 Cordis
2342 1775 2554 1821 secreto
2584 1782 2702 1835 qua:
2731 1768 2937 1824 latuere
2967 1769 3102 1824 loco.

2060 1855 2209 1911 Tune
2240 1857 2403 1911 miser
2428 1858 2481 1910 in
2516 1857 2675 1912 talem
2704 1860 2867 1927 carpit
2891 1875 3245 1930 prorumpere
3277 1876 3459 1915 vocem
3487 1901 3499 1915 .

2133 1944 2284 1998 Ultra
2318 1961 2479 2015 quam
2510 1947 2721 2012 credas,
2749 1962 2897 2017 spem
2929 1949 3251 2019 dubiamque
3280 1952 3474 2011 sciens,

2064 2032 2220 2101 107
2330 2042 2570 2087 nostrate
2597 2033 2780 2100 decus,
2814 2034 2941 2088 nulli
2981 2037 3181 2105 pietate
3220 2039 3511 2102 secundus,

2129 2121 2299 2188 Quem
2332 2122 2461 2177 colit
2488 2123 2631 2178 Eous
2661 2134 2858 2188 mente,
2887 2125 3007 2191 fide,
3039 2129 3285 2196 populus,

2059 2212 2158 2276 Qui
2193 2212 2310 2275 tibi,
2334 2213 2462 2280 quid
2495 2215 2640 2283 digiti
2672 2215 2812 2283 potis
2839 2224 2922 2269 est
2952 2232 3071 2271 mea
3111 2218 3309 2288 lingula
3343 2218 3487 2271 fari?

2132 2301 2319 2357 Nonne
2350 2305 2457 2357 tuis
2486 2305 2738 2359 manibus
2777 2316 2860 2360 est
2887 2307 2989 2360 sita
3019 2316 3203 2362 nostra
3233 2309 3419 2362 salus?

2062 2394 2123 2447 lit
2148 2394 2411 2464 quidquid
2442 2396 2573 2451 mihi
2608 2411 2706 2465 per
2731 2398 2957 2451 verbum
2990 2399 3169 2453 sancis
3192 2398 3520 2460 faciendum,

2130 2486 2393 2553 Quamvis
2432 2485 2646 2542 dillieile
2676 2488 2748 2541 sit
2788 2489 2922 2543 satis
2950 2499 3113 2559 atque
3136 2506 3320 2560 grave,

2058 2579 2307 2631 Attamen
2339 2588 2424 2632 est
2454 2594 2667 2647 mquunt
2702 2580 2795 2635 tibi
2830 2595 2913 2634 me
2941 2595 3155 2650 parere,
3181 2582 3358 2646 beate,

2128 2666 2199 2721 Ut
2224 2667 2425 2721 dudum
2452 2683 2665 2724 summo
2692 2686 2777 2724 me
2802 2672 3057 2741 exiguum
3090 2674 3327 2727 domino.

2059 2760 2113 2811 Si
2148 2759 2321 2827 placet
2345 2759 2474 2813 hinc
2506 2760 2746 2814 vetulum
2772 2776 2857 2815 me
2891 2763 3277 2832 transmigrare
3299 2762 3573 2827 colonum,

2127 2847 2242 2902 Non
2273 2850 2658 2913 contraluctor,
2690 2852 2781 2905 sed
2818 2859 2903 2905 tua
2928 2852 3080 2920 jnssa
3109 2869 3325 2923 sequor.

2059 2936 2183 2992 "me
2215 2940 2311 3001 ait,
2336 2950 2392 2993 et
2429 2942 2633 3009 pressis
2660 2941 2837 2996 frenat
2868 2958 2965 2997 sua
2990 2944 3213 2997 verbnla
3245 2945 3429 3010 labris,

2128 3026 2235 3081 Nec
2264 3038 2387 3097 post
2411 3031 2639 3085 verbosa
2665 3031 2795 3100 quid
2827 3032 3074 3100 sequitur
3102 3034 3283 3103 ligula.

2059 3116 2123 3169 Et
2152 3126 2341 3172 contra
2373 3121 2455 3173 vir
2484 3121 2680 3191 regalis
2704 3123 2791 3191 pie
2814 3123 2938 3176 talia
2972 3123 3137 3177 fantis

1978 3179 2024 3237 (
2127 3206 2373 3277 Suscepit
2402 3179 2668 3281 dictavpro
2692 3179 2933 3268 bonitate
2957 3230 3076 3280 sua,

2056 3296 2120 3350 Et
2150 3297 2314 3351 citius
2341 3299 2488 3352 dicto
2518 3302 2676 3355 solvit
2705 3306 2971 3372 promissa
3008 3309 3239 3373 misello,

2126 3386 2201 3438 Illi
2228 3396 2489 3442 centenos
2513 3391 2822 3447 attribuens
2849 3396 3073 3449 solidos.

2053 3476 2179 3533 llaec
2218 3479 2308 3533 ubi
2334 3480 2594 3549 perfecit,
2622 3483 2815 3552 raptim
2848 3486 3124 3541 redeundo
3158 3492 3427 3560 migravit,

2122 3570 2311 3625 Nitens
2335 3574 2402 3626 ad
2440 3574 2671 3642 patriam
2700 3591 2924 3648 pergere
2950 3580 3337 3647 posthabitam.

2053 3657 2222 3721 Tunc,
2249 3661 2340 3729 qui
2370 3676 2475 3714 non
2506 3663 2659 3731 gnari
2686 3663 2901 3719 fuerant
2929 3668 3067 3736 signi
3098 3674 3415 3736 venerandi,

2121 3746 2260 3801 Olim
2289 3748 2533 3805 facturus
2568 3752 2709 3821 quod
2734 3754 2831 3807 fuit
2853 3755 3212 3822 Altithronus,

2052 3835 2439 3906 Blasphemare
2460 3839 2652 3895 ducem
2680 3843 2857 3897 tacitis
2877 3860 3091 3914 cmpere
3112 3852 3374 3913 susurris,

2123 3928 2190 3980 Et
2225 3928 2445 3996 pietatis
2472 3944 2607 3999 Opus
2636 3945 2894 3999 spernere
2923 3950 3022 3989 ceu
3045 3935 3278 3993 facinus.

2050 4018 2289 4082 (Zredito,
2322 4035 2426 4072 non
2459 4020 2684 4075 latuisse
2711 4022 2893 4077 dolum
2928 4026 3147 4094 pietatis
3174 4028 3496 4096 homullum,

2120 4109 2227 4163 Sed
2256 4125 2381 4164 mox
2410 4112 2601 4165 nudari
2626 4112 2871 4168 clancula
2900 4116 3044 4170 dicta
3076 4119 3201 4173 sibi.

2049 4197 2148 4263 Qui
2177 4198 2323 4252 dedit
2362 4209 2555 4269 arguto
2588 4216 2774 4256 vocem
2808 4212 2933 4260 tunc
2965 4222 3158 4275 nempe
3210 4211 3388 4277 palato
3409 4252 3423 4277 ,

2119 4286 2214 4341 llis
2242 4289 2529 4357 verbisque
2562 4305 2689 4345 suos
2717 4292 3010 4363 alloquitur
3045 4313 3242 4365 SOCIOS,

2047 4376 2156 4430 Cur
2184 4378 2335 4441 libet,
2420 4381 2573 4445 socii,
2600 4389 3180 4455 vosmetrcprendere,
3209 4394 3383 4459 cltari,

2118 4468 2244 4524 Plus
2267 4468 2435 4536 justo,
2459 4471 2640 4527 verbis
2662 4490 2749 4530 me
2770 4477 2905 4531 satis
2935 4478 3177 4536 illicitis?

2047 4560 2220 4616 Causa
2249 4563 2512 4628 stultitiae,
2544 4566 2811 4632 dicentes,
2841 4586 2927 4624 me
2962 4573 3240 4641 tribuisse,

2118 4651 2304 4722 Ignoto
2336 4670 2588 4711 nummos
2614 4667 2986 4729 extraneoque
3017 4665 3159 4731 viro,

2047 4740 2127 4796 Me
2160 4758 2388 4799 vacuum
2421 4747 2558 4801 tanti
2593 4749 2893 4819 meritoque
2932 4753 3117 4811 dolere
3151 4757 3345 4826 locelli,

2116 4834 2178 4887 Et
2206 4833 2344 4891 bene
2364 4850 2395 4889 a
2425 4852 2511 4892 me
2534 4841 2762 4895 mercati
2801 4852 2987 4911 utpote
3020 4845 3289 4915 fonticuli,

2044 4926 2273 4981 Dextera
2303 4943 2400 4983 ceu
2425 4932 2641 4999 propria
2673 4948 2868 4989 census
2895 4946 2996 5002 est,
3022 4953 3142 5007 quae
3167 4942 3255 5010 pie
3284 4943 3455 5015 larga,

2113 5017 2319 5070 Aurum
2352 5032 2451 5086 pro
2480 5020 2638 5075 donis
2663 5022 2707 5075 si
2746 5024 2987 5079 dederim
3018 5028 3277 5085 minimis.

2045 5104 2156 5158 Non
2188 5106 2345 5161 decet
2373 5107 2473 5161 hoc
2506 5110 2711 5164 nostris
2734 5112 2888 5166 vobis
2918 5117 3215 5171 reserarier
3243 5120 3400 5187 orsis,

2114 5198 2251 5263 Quid
2282 5198 2410 5253 velit
2438 5201 2640 5258 addicti
2666 5218 2830 5259 causa
2860 5205 2959 5260 sibi
2986 5210 3169 5278 pretii,

2048 5290 2206 5360 108
2240 5289 2449 5346 Mentes
2475 5296 2569 5350 sed
2598 5303 2772 5350 motas
2798 5306 3022 5365 praestat
3047 5315 3374 5369 componere
3406 5318 3638 5377 vestras,

2111 5381 2177 5435 Et
2213 5396 2341 5451 rogo
2365 5386 2606 5449 parcatis
2631 5384 2831 5441 talibus
2862 5385 3139 5459 alloquiis.

2038 5473 2080 5527 E
2105 5470 2364 5539 vobisque
2388 5472 2569 5531 virum
2598 5487 2757 5532 caute
2779 5464 2923 5532 nunc
2952 5480 3161 5537 credite
3186 5496 3442 5548 gnarum,
