4482 5548
838 438 969 493 1087

838 551 986 605 More
1024 562 1142 609 suo,
1171 544 1330 599 liores
1360 542 1501 597 inter
1539 542 1677 594 bene
1704 532 2069 590 multicolores

832 663 848 676 ο
910 638 1241 703 Perstrepet,
1268 632 1531 686 undisono
1553 628 1772 682 ﬂumine
1797 641 1892 695 per
1920 624 2150 686 lubrica,

840 730 994 784 Tunc
1026 734 1192 796 patet,
1235 724 1321 778 ille
1350 722 1518 776 lucris
1541 712 1659 776 Sese
1686 718 1986 772 subtractat
2013 713 2080 767 ab
2108 712 2212 765 illis

914 818 1197 880 Rusticus,
1227 813 1511 879 ambobus,
1538 825 1623 865 me
1649 824 1820 863 vacuo
1846 808 2081 877 penitus.

842 909 969 963 ιιεω
1010 914 1295 976 postquam
1325 910 1610 964 memorat,
1641 899 1841 955 cursim
1878 896 2095 969 quidam
2127 901 2424 956 remeabat,

914 1000 1104 1053 Tanta:
1130 998 1379 1052 dimenso
1408 1002 1573 1066 atque
1610 994 1711 1049 via:
1750 992 1947 1062 spatio,

844 1090 1054 1160 Oppido
1079 1089 1394 1161 praedictum
1424 1088 1599 1143 lassus
1627 1084 1873 1156 pervenit
1898 1083 1966 1138 ad
1996 1097 2182 1137 arvum
2203 1122 2216 1145 ,

916 1180 1036 1248 Quo
1063 1180 1240 1235 fuerat
1271 1178 1491 1234 domino
1530 1177 1746 1231 vendita
1786 1174 2003 1246 lympha
2038 1173 2146 1242 pio.

846 1269 961 1324 Non
995 1278 1175 1324 tamen
1205 1267 1476 1338 extemplo
1515 1266 1763 1337 pedibus,
1797 1264 2044 1334 quamvis
2076 1261 2321 1316 curiosus

917 1358 1111 1434 Attigit
1138 1356 1316 1411 atrioli
1349 1356 1532 1410 limina
1569 1354 1832 1424 llorigeri,

846 1447 1098 1516 Applicat
1124 1444 1521 1516 iinpexisjnxta
1549 1446 1643 1500 sed
1671 1445 1738 1499 de
1765 1442 2008 1513 palinris,

919 1536 1029 1592 Nec
1066 1554 1171 1591 non
1209 1539 1436 1592 hirsutis
1468 1536 1724 1605 vepribus
1750 1543 1805 1590 et
1834 1532 2067 1597 tribulis,

848 1628 1014 1695 Queis
1041 1627 1142 1682 fuit
1171 1627 1431 1682 incultum
1475 1626 1575 1681 soli
1610 1635 1757 1680 torus
1794 1623 2036 1689 undique
2067 1628 2295 1682 tectum,

922 1717 1033 1773 Nec
1058 1718 1267 1787 spineta
1296 1716 1433 1786 pede
1463 1714 1675 1770 horruit
1697 1720 1974 1783 appetere.

850 1809 1085 1880 Jungere
1105 1808 1439 1879 praescriptis
1467 1807 1662 1861 ardens
1684 1820 1780 1859 sua
1810 1804 2014 1856 lumina
2039 1800 2251 1869 septis,

925 1902 994 1957 Ut
1022 1901 1280 1956 lustraret
1309 1915 1463 1970 aquae
1495 1896 1825 1953 amniculum
1861 1895 2063 1948 vitreae.

853 1990 963 2048 Sed
989 2000 1168 2046 tamen
1194 1991 1428 2045 admotis
1459 1989 1660 2044 frustra
1688 1985 1968 2057 prospexit
2007 1982 2213 2047 et-ellis,

923 2083 1067 2139 Fons
1090 2084 1215 2153 quia
1245 2082 1483 2136 desierat
1511 2094 1732 2150 prorsus
1760 2089 1813 2133 et
1852 2078 1979 2131 hinc
2007 2077 2215 2129 aberat.

857 2174 1010 2229 Tunc
1040 2189 1099 2228 se
1129 2174 1415 2241 juncturas
1447 2171 1696 2226 volvebat
1741 2178 1921 2223 mente
1948 2183 2042 2235 per
2070 2173 2219 2218 arcta

927 2265 1084 2320 Clare
1116 2280 1222 2319 non
1258 2278 1415 2332 posse
1441 2276 1669 2317 cernere
1699 2258 1972 2329 sepicuiae,

854 2360 930 2409 Ac
963 2354 1175 2408 tractim
1208 2352 1399 2423 rigida,
1431 2366 1531 2405 nec
1554 2365 1660 2404 non
1692 2348 1903 2403 cervice
1941 2346 2196 2416 superba,

930 2443 1210 2506 incedens,
1240 2455 1461 2511 gressus
1484 2438 1647 2494 vertit
1680 2438 1732 2490 in
1772 2435 2051 2499 atriolum,

863 2532 1102 2602 Speraus
1130 2531 1230 2585 sub
1259 2529 1402 2585 foliis
1428 2528 1572 2598 quod
1596 2528 1735 2582 forte
1772 2526 1963 2580 lateret
1995 2525 2222 2578 annenis

933 2622 1151 2676 Florum
1182 2619 1515 2675 multimodis
1544 2619 1744 2673 undula
1784 2626 1921 2672 tecta
1952 2617 2140 2671 comis.

860 2713 1105 2781 Cumque
1134 2712 1310 2766 lacum
1339 2720 1570 2781 peteret,
1601 2709 1933 2778 fundumque
1984 2707 2073 2762 siti
2114 2708 2427 2776 reprobarct

930 2802 1033 2872 Qui
1062 2803 1334 2873 quondam
1366 2801 1557 2856 validis
1593 2801 1884 2855 luxuriavit
1907 2799 2083 2868 aquis,

861 2890 1048 2962 Usque
1079 2892 1251 2947 solum
1282 2900 1508 2957 stratus,
1543 2906 1714 2946 vacua
1744 2904 1840 2960 spe
1868 2905 1975 2943 non
2016 2891 2152 2943 bene
2190 2891 2363 2955 lusus,

933 2984 1109 3053 Coepit
1132 2998 1362 3038 arenosa
1387 2981 1592 3051 lingere
1615 2996 1807 3051 nempe
1837 2981 1975 3045 loca,

864 3074 1104 3129 Tcutans
1126 3074 1374 3145 exiguam
1401 3081 1588 3141 posset
1613 3072 1657 3126 si
1682 3071 1921 3126 lambere
1956 3081 2186 3141 guttam,

938 3163 1043 3219 Sed
1073 3179 1171 3218 nec
1203 3162 1518 3233 praesiccam
1553 3163 1791 3217 tinxerat
1812 3162 1939 3217 hinc
1962 3162 2202 3233 ligulam.

870 3252 1030 3323 109
1055 3252 1293 3306 Tandem
1326 3250 1622 3322 Gangolphi
1650 3251 1820 3306 sensit
1856 3251 1941 3319 pia
1969 3250 2109 3305 facta
2139 3250 2323 3306 sacelli

929 3342 1037 3398 Sed
1059 3342 1205 3397 dolet
1232 3350 1287 3397 et
1308 3342 1518 3397 meritis
1546 3342 1770 3396 credere
1799 3341 1939 3394 nolle
1962 3341 2087 3410 piis.

866 3435 1003 3491 llinc
1030 3444 1315 3505 postquam
1358 3434 1539 3499 rediit,
1566 3433 1746 3488 socios
1778 3433 2085 3503 iterumque
2108 3432 2316 3496 revisit,

934 3523 1161 3592 Aspexit
1184 3522 1403 3587 nubem,
1432 3535 1558 3575 aere
1585 3521 1954 3589 conspicuam,

869 3612 1031 3667 Juxta
1055 3613 1211 3668 dulce
1246 3619 1407 3682 caput
1430 3610 1634 3666 Christi
1659 3610 1889 3665 volitare
1913 3609 2136 3675 fanzelli,

940 3707 1121 3761 instar
1154 3706 1427 3761 candiduli
1457 3705 1692 3776 denique
1732 3705 1954 3775 pallioli.

870 3795 1023 3851 Hanc
1053 3796 1275 3865 capiens
1296 3795 1489 3859 oculis,
1523 3796 1687 3865 erepit
1708 3797 2027 3864 depromere
2055 3795 2234 3850 verbis

940 3886 1131 3943 Fontis
1166 3885 1433 3941 defectum
1458 3926 1473 3951 ,
1501 3901 1660 3955 quem
1694 3886 1901 3949 didicit,
1936 3887 2197 3948 subitum,

873 3976 1135 4032 Suaserat
1164 3984 1221 4031 et
1250 3976 1435 4041 sociis,
1460 3975 1681 4030 dubium
1709 3976 1979 4044 deponere
2007 3977 2214 4041 cordis,

945 4070 1011 4123 Et
1037 4068 1247 4125 meritis
1271 4068 1443 4123 sancti
1466 4068 1578 4137 jam
1608 4068 1859 4122 credulos
1881 4067 2017 4121 fieri.

874 4158 1026 4212 Talia
1057 4158 1341 4227 colloquiis
1366 4157 1494 4210 dum
1527 4156 1691 4211 verba
1719 4155 2013 4226 loquuntur
2042 4157 2249 4217 amicis,

942 4248 1268 4319 Applicuere
1296 4247 1380 4302 sui
1418 4246 1470 4300 in
1499 4246 1735 4317 propriis
1762 4245 1985 4309 domini,

875 4342 1072 4397 Moenia
1097 4341 1348 4413 llorigero
1380 4341 1597 4397 fuerant
1635 4341 1727 4397 ubi
1759 4350 1967 4395 structa
2004 4339 2215 4401 locello,

942 4436 1160 4492 Circum
1195 4434 1403 4490 diffusis
1434 4434 1721 4490 arboribus
1746 4428 1930 4487 variis.

876 4526 975 4581 llic
999 4526 1201 4581 Christi
1228 4526 1427 4580 cbarus
1450 4540 1692 4596 gressum
1724 4524 1921 4579 direxit
1951 4523 2178 4587 amicus,

950 4617 1127 4672 Mente
1159 4617 1331 4671 libens
1358 4617 1497 4671 atrio
1520 4630 1743 4671 currere
1774 4630 2068 4685 purpureo,

873 4708 945 4766 Et
974 4709 1249 4772 baculum,
1276 4707 1467 4763 traCtis
1494 4707 1661 4777 gessit
1688 4721 1848 4776 quem
1879 4706 2113 4775 denique
2140 4705 2336 4769 nervis,

945 4796 1002 4852 In
1030 4807 1232 4853 terram
1265 4796 1383 4851 fixit
1408 4812 1640 4866 moxque
1662 4797 1881 4850 domum
1904 4795 2080 4866 petiit.

877 4890 989 4945 illic
1031 4888 1298 4944 innumeri
1330 4889 1608 4943 certabant
1640 4886 1741 4942 rite
1770 4886 2026 4949 ministri,

949 4983 1219 5036 instantes
1243 4980 1407 5034 variis
1431 4978 1645 5034 fortiter
1673 4976 1866 5033 officiis
1885 5017 1898 5041 ,

877 5076 981 5145 ipsi
1007 5073 1098 5144 qui
1123 5086 1340 5127 mensas
1369 5071 1596 5141 dapibus
1619 5076 1827 5139 ponunt
1856 5074 2146 5129 oneratas,

950 5167 1244 5221 Pascentes
1276 5164 1492 5219 tandem
1518 5162 1727 5219 solvere
1751 5175 1872 5215 sero
1902 5158 2123 5214 famem.

882 5258 990 5313 Sed
1025 5258 1178 5328 prius
1219 5255 1511 5329 invalidam
1534 5254 1700 5324 jussit
1731 5252 2027 5322 procedere
2062 5251 2296 5313 turbam,

954 5349 1127 5416 Quam
1150 5346 1329 5402 suevit
1360 5359 1545 5400 mensa
1578 5358 1799 5413 pascere
1827 5356 1965 5410 saepe
1995 5356 2108 5404 sua,

882 5442 979 5505 Ac,
1004 5439 1239 5511 propriis
1263 5439 1376 5509 ipsa
1408 5437 1658 5491 manibus
1685 5436 1844 5506 plene
1867 5444 2131 5500 saturata,

1682 418 2157 479 liROTSUlTUJ-Z
2192 411 2514 471 MONIAIJS
2551 402 3247 467 GANDERSHEIMENSIS

2446 545 2493 603 Α
2596 522 2706 577 Nox
2734 521 2905 575 vicina
2941 520 3123 590 nigras
3145 522 3199 571 et
3228 512 3441 568 minitat
3470 508 3742 568 tenebras,

3966 386 4105 442 1088

2525 616 2700 685 Atque
2730 613 2884 683 quies
2914 610 3101 681 epulas
3127 608 3305 663 subito
3334 603 3660 673 sequebatur
3697 595 3890 653 amira,

2594 706 2829 776 Serpens
2858 717 2954 773 per
2977 699 3242 763 membra,
3268 694 3533 752 ebrietate
3560 690 3706 744 data.

2528 798 2644 851 Dux
2674 797 2795 867 pius
2827 796 3127 849 insomnem
3158 788 3322 858 coepit
3350 785 3699 840 transducere
3737 787 3985 837 noctem,

2598 887 2806 942 intenta
2835 883 3121 939 Dominum
3146 892 3279 934 voce
3304 874 3576 947 precando
3628 885 3805 925 suum.

2530 978 2825 1048 Postquam
2857 991 2965 1031 nox
2996 972 3182 1028 scissis
3211 966 3463 1023 discessit
3494 964 3633 1018 victa
3678 958 3932 1020 tenebris,

2605 1070 2720 1125 Lux
2753 1076 2869 1124 orta
2903 1066 3115 1137 plagam
3146 1063 3394 1117 cinxerat
3429 1056 3739 1115 attheream,

2539 1164 2700 1234 ιιο
2730 1164 3001 1219 Venerunt
3030 1157 3205 1230 pueri,
3230 1156 3465 1211 tironum
3502 1159 3648 1206 sorte
3674 1143 3849 1216 potiti,

2604 1258 2888 1310 Portantes
2912 1250 3061 1307 citari
3086 1247 3352 1305 calceolos
3373 1241 3598 1305 domini,

2535 1348 2601 1402 Et
2625 1346 2843 1418 pulsant
2864 1344 3062 1405 auiam,
3087 1340 3261 1396 noctis
3283 1352 3381 1408 pro
3404 1346 3589 1403 tepore
3614 1332 3873 1388 clausam,

2607 1442 2862 1504 Orantes,
2887 1438 3091 1492 aditum
3116 1435 3227 1505 jam
3256 1431 3372 1485 ﬁeri
3401 1426 3663 1499 patulum,

2540 1532 2644 1587 Sed
2675 1531 2781 1586 dux
2814 1527 3089 1599 paulisper
3111 1503 3278 1587 siluit,
3311 1532 3560 1575 somnum
3590 1525 3805 1583 quoque
3848 1503 4031 1564 ﬁnxit,

2607 1625 2759 1688 Post,
2790 1621 2938 1675 velut
2958 1636 2988 1674 e
3010 1630 3205 1673 somno
3229 1612 3490 1681 evigilans
3519 1606 3760 1679 gravido,

2542 1714 2766 1769 Solvere
2795 1708 3006 1765 custodi
3032 1713 3215 1760 vectes
3232 1700 3389 1771 jubet
3410 1698 3721 1759 interiores,

2613 1803 2857 1858 Pandere
2888 1797 3176 1855 triclinium
3200 1792 3567 1858 militibusque
3594 1799 3769 1841 suum.

2473 1870 2515 1929 Β
2544 1896 2639 1950 llis
2670 1890 3012 1951 introductis,
3036 1885 3312 1957 lympham
3349 1879 3596 1934 manibus
3621 1873 3755 1944 petit
3787 1867 3947 1928 albis,

2618 1984 2723 2041 Sed
2753 1991 2884 2037 nutu
2914 1977 3126 2035 Domini
3159 1974 3330 2030 defuit
3362 1968 3662 2026 altithroni.

2547 2075 2698 2129 Tune
2726 2073 2806 2127 vir
2834 2084 3079 2132 securus,
3109 2064 3308 2121 Christi
3337 2062 3536 2134 pietate
3567 2059 3775 2115 beatus,

2623 2164 2797 2219 Unum
2830 2164 2895 2217 de
2933 2159 3118 2231 pueris
3154 2157 3308 2212 ocius
3329 2151 3583 2222 egregiis,

2549 2256 2620 2311 Ut
2650 2254 2750 2309 sibi
2784 2251 3023 2307 deferret
3052 2248 3284 2317 virgam,
3310 2243 3479 2306 misit,
3509 2243 3882 2295 memoratam,

2618 2345 2791 2412 Quam
2816 2357 2936 2399 sero
2965 2338 3242 2410 proprium
3269 2334 3384 2389 lixit
3415 2333 3467 2387 in
3505 2327 3777 2384 atriolmn.

2549 2436 2674 2503 Qui,
2706 2450 2867 2491 cursu
2909 2431 3119 2501 rapido,
3154 2420 3397 2484 saliendo
3424 2439 3519 2493 per
3548 2418 3772 2474 herbida
3805 2428 3931 2468 rura

2620 2525 2949 2585 Circumfert
2971 2522 3212 2577 lubricos
3236 2529 3398 2586 atque
3431 2527 3598 2581 vagos
3626 2508 3813 2563 oculos

2548 2620 2831 2689 lnquirens
2856 2613 3105 2671 baculum
3135 2620 3294 2664 terrae
3326 2616 3567 2674 tempore
3590 2598 3879 2667 sepultum,

2622 2710 2692 2764 Et
2718 2716 2937 2763 nactum
2971 2702 3163 2759 tractis
3192 2696 3421 2767 arripuit
3447 2694 3655 2764 digitis,

2552 2802 2910 2870 Extraxitque
2941 2797 3077 2862 solo,
3108 2807 3275 2865 parva
3307 2795 3619 2845 remanente
3646 2793 3878 2837 caverna
3902 2818 3916 2840 ,

2624 2892 2754 2946 Post
2790 2891 2905 2944 hate
2933 2886 3285 2955 conspicuum
3316 2888 3375 2934 ut
3397 2878 3600 2932 faceret
3632 2875 3842 2927 titutmu
3864 2909 3878 2931 ,

2554 2983 2715 3038 Certo
2737 2996 2845 3050 quo
2870 2977 3011 3032 facto
3037 2975 3235 3031 cecidit
3262 2968 3522 3026 nubecula
3577 2978 3740 3035 parva
3766 3000 3781 3024 ,

2627 3073 2757 3139 Quze
2786 3069 3019 3124 volitans
3049 3081 3181 3120 aura
3215 3071 3341 3117 ante
3368 3061 3468 3114 fuit
3497 3070 3691 3119 vacua,

2562 3163 2773 3219 Evomit
2795 3169 2843 3215 et
2880 3158 3115 3214 tumidas
3145 3156 3263 3225 ipso
3292 3152 3536 3220 disrupta
3559 3142 3780 3208 locello,

2631 3253 2815 3309 Undas
2849 3248 3150 3321 praescripti
3180 3244 3410 3312 denique
3433 3237 3702 3301 fonticuii,

2561 3346 2843 3400 Mansuras
2874 3338 3139 3396 scatebrze
3165 3349 3331 3388 venas
3361 3344 3575 3401 quoque
3606 3326 3724 3381 fixit
3751 3334 3965 3394 aquosa:
3984 3357 4001 3383 ,

2631 3433 2852 3505 Virgula
2882 3430 3099 3501 prtelixa
3126 3442 3233 3498 quo
3269 3426 3368 3480 fuit
3396 3423 3610 3493 exigua.
3908 3504 3911 3505 ν
3960 3484 3963 3487 _

2560 3530 2628 3584 At
2652 3504 2786 3599 puer
2810 3522 3107 3591 obstupuit,
3134 3530 3431 3586 vocemque
3460 3528 3555 3584 per
3581 3524 3708 3565 aera
3739 3504 3967 3576 spargit,

2635 3597 2883 3672 Suadens
2912 3609 3174 3665 militibus
3204 3618 3422 3669 currere
3443 3602 3556 3672 jam
3582 3597 3762 3661 citius,

2562 3710 2673 3765 illis
2697 3701 2999 3776 atquenovi
3025 3698 3267 3755 narravit
3297 3694 3491 3765 gaudia
3522 3689 3682 3757 signi,

2635 3783 2765 3869 Quae
2795 3813 2888 3852 rex
2916 3775 3121 3849 militia:
3146 3789 3338 3845 annuit
3364 3784 3623 3854 angelicae
3643 3823 3657 3845 ,

2565 3897 2701 3950 Dum
2732 3889 2910 3945 subito
2941 3885 3146 3946 cuncti,
3171 3890 3321 3936 tanto
3350 3880 3506 3948 signo
3538 3869 3862 3933 tremefacti,

2638 3983 2854 4039 Tollunt
2885 3979 3146 4034 mirantes
3177 3974 3243 4027 ad
3276 3983 3503 4050 superos
3531 3965 3718 4025 facies,

2570 4076 2934 4149 Expassisque
2957 4071 3070 4125 suis
3099 4081 3294 4122 omnes
3314 4064 3380 4117 ad
3411 4062 3584 4116 sidera
3615 4055 3829 4126 palmis,

2639 4167 2880 4221 Laudum
2909 4158 3210 4216 carminnla
3241 4154 3567 4210 concinuere
3600 4149 3732 4211 Deo,

2570 4259 2728 4320 Ecre,
2759 4253 3028 4323 palatinns
3055 4247 3262 4318 pelvem
3286 4242 3535 4299 manibus
3564 4237 3685 4292 tulit
3709 4248 3863 4295 unus,

2642 4346 2889 4416 implevit
2913 4341 3129 4414 lympha
3156 4352 3315 4408 quem
3343 4334 3451 4389 cito
3474 4329 3763 4399 conspicua
3785 4366 3798 4385 .

2576 4441 2618 4508 ι
2632 4410 2735 4507 ιιξ
2751 4436 2896 4489 Laeto
2914 4410 3232 4500 Cangolfum
3258 4424 3401 4479 vultu
3423 4434 3637 4491 quoque
3652 4417 3825 4487 pergit
3838 4411 3902 4468 ad
3928 4410 4157 4473 almum,

2498 4560 2546 4618 ι)
2646 4526 2717 4581 Ut
2738 4525 2956 4580 sibimet
2986 4522 3197 4589 signum
3225 4517 3433 4572 diceret
3460 4510 3753 4567 insolitum.

2576 4620 2658 4683 Et,
2688 4631 2869 4673 coram
2906 4621 3057 4667 tanto
3092 4609 3393 4665 subsistens
3423 4605 3601 4657 lronte
3626 4614 3817 4655 serena

2641 4706 2904 4769 Consule,
2938 4706 3004 4759 de
3034 4712 3210 4757 rostro
3236 4700 3351 4753 inec
3376 4695 3521 4749 dedit
3547 4691 3764 4763 egregio
3790 4706 3802 4741 :

2569 4798 2782 4859 Laetus,
2812 4796 2921 4859 ait,
2948 4792 3140 4848 merito
3165 4803 3347 4845 sumas
3377 4783 3654 4838 rarissima
3680 4778 3818 4833 dona
3840 4774 3879 4847 ,Ι

2635 4888 2766 4955 Quae
2800 4884 2891 4939 tibi
2921 4899 3027 4937 non
3056 4891 3200 4936 terra
3225 4875 3453 4933 contulit
3476 4873 3691 4941 exigua,

2576 4981 2680 5037 Sed
2709 4978 2819 5033 Rex
2854 4978 2967 5047 ipse
2994 4974 3132 5045 poli,
3166 4983 3377 5026 snnnno
3402 4966 3468 5019 de
3488 4962 3691 5018 vertice
3713 4958 3835 5014 εοειί
3862 4997 3877 5022 ,

2640 5072 2745 5125 Per
2772 5069 2930 5124 nubis
2960 5067 3157 5120 mirum
3186 5062 3404 5117 miserat
3431 5054 3687 5112 ollicium.

2573 5164 2711 5217 Hinc
2738 5175 2833 5214 nos
2864 5142 3105 5212 laatitiam
3136 5160 3353 5209 constat
3380 5162 3521 5203 nunc
3546 5156 3770 5213 carpere
3797 5154 4050 5210 magnam
4069 5177 4084 5198 ,

2646 5252 2883 5306 Sortitus
2913 5255 3118 5301 tantam
3148 5259 3207 5298 es
3233 5242 3359 5312 quia
3388 5235 3690 5309 gioriolam.

2573 5344 2745 5398 lllieet
2772 5359 2802 5396 e
2833 5348 3022 5395 contra
3054 5336 3197 5391 fatur
3219 5335 3323 5387 dux
3356 5347 3449 5386 ore
3476 5339 3669 5384 sereno

2650 5434 2901 5490 Reddens
2939 5444 3196 5499 responsa
3225 5426 3351 5480 talia
3389 5437 3517 5477 voce
3545 5420 3663 5490 pia:

2579 5526 2689 5548 At-..
2726 5526 2869 5548 1......-
2896 5521 2979 5548 ιδ..
3009 5518 3214 5548 ωηηῖθῖο
3282 5514 3452 5548 ἱηηηῖι
3504 5519 3584 5548 ειη
3620 5508 3843 5548 nrmiprn
3870 5506 4070 5548 ιιηςιιθίς
