4482 5548
895 343 1020 398 1091
1700 342 2169 400 HROTSUlTll/E
2210 341 2530 397 MONIALIS
2569 342 3256 401 GANDERSHEIMENSIS
3985 350 4116 402 £092

894 461 963 514 Ut
991 458 1164 512 volvat
1197 471 1396 527 gnarus
1418 454 1597 509 subtili
1625 464 1771 509 sorte
1800 463 2035 517 senatus,
2477 455 2530 514 Α
2625 452 2732 509 Nec
2769 457 2968 524 patitur
2996 459 3158 512 vitam
3190 467 3362 511 morte
3388 458 3560 526 perire
3594 474 3759 511 ream.

959 548 1185 602 Causam
1205 587 1220 610 ,
1249 543 1505 599 terribilis
1531 552 1587 596 et
1614 544 1863 597 meritum
1894 543 2132 597 sceleris.
2552 541 2646 596 His
2673 544 2879 613 ingrata
2908 547 3078 615 magis
3111 548 3259 602 socio
3289 549 3562 602 consensit
3593 549 3798 618 iniquo,

893 637 998 692 Sed
1027 635 1262 692 suadebo
1290 648 1503 688 manum
1529 633 1770 687 dextram
1801 642 1853 687 te
1881 633 2084 703 tingere
2112 642 2337 695 tantum,
2617 631 2914 701 Servilique
2952 633 3071 704 lupa
3105 637 3278 689 uritur
3309 637 3558 707 igniculo.

955 725 1240 780 Praesentis
1265 723 1476 794 lympha
1505 721 1746 777 fonticuli
1779 723 1950 792 gelida
1979 738 1994 786 ;
2551 717 2789 788 Cumque
2809 722 2989 790 polum
3022 733 3222 793 tegeret
3253 726 3488 780 tenebris
3516 741 3618 779 nox
3647 728 3861 782 conscia
3891 726 4113 793 fraudis,

889 816 976 880 Et,
1006 815 1049 870 si
1081 829 1185 869 non
1215 813 1392 868 subito
1417 811 1598 866 damni
1630 811 1757 879 quid
1782 810 2024 880 contigit,
2056 825 2184 879 ergo
2619 807 2801 864 Sensit
2828 811 3137 866 damnanda
3158 821 3366 883 tempus
3397 815 3570 869 inesse
3599 814 3741 883 lupa,

961 905 1110 960 Ultra
1129 904 1330 975 judicio
1359 917 1465 957 non
1495 916 1631 972 opus
1655 909 1738 956 est
1766 899 1890 954 alio.
2551 897 2667 964 Quo
2698 899 2838 954 male
2863 899 3180 972 Gangolfum
3223 913 3443 971 possunt
3477 906 3820 974 exstinguere
3848 917 4112 972 sanctum,

889 994 1058 1060 Quem
1094 1000 1236 1056 tunc,
1269 991 1388 1061 plus
1410 992 1580 1062 justo,
1608 989 1884 1045 conlidens
1906 992 2066 1044 corde
2095 989 2344 1058 superbo,
2621 988 2743 1043 Haec
2770 997 2826 1045 et
2857 1005 3107 1059 perverso
3138 994 3343 1047 nuntiat
3379 996 3663 1064 armigero.

957 1081 1306 1137 Confortante
1331 1095 1484 1136 suam
1511 1080 1749 1133 daemone
1776 1077 2026 1132 duritiam
2049 1117 2063 1140 ,
2551 1077 2669 1144 Qui,
2698 1096 2947 1138 resecans
2975 1098 3165 1138 coxam
3189 1085 3376 1140 stricto
3403 1100 3656 1140 mucrone
3684 1097 3973 1150 sacratam,

885 1171 1072 1226 Fundo
1099 1171 1353 1226 nudatam
1387 1167 1678 1224 committit
1716 1167 1945 1236 denique
1966 1167 2220 1236 palmam,
2619 1168 2802 1224 Sancti
2831 1170 3096 1242 Gangolfi,
3129 1174 3381 1244 martyris
3409 1175 3612 1234 eximii.

957 1260 1040 1314 Nil
1071 1275 1294 1329 sperans
1319 1259 1496 1314 damni
1522 1272 1680 1327 posse
1700 1257 1799 1313 sibi
1827 1257 1964 1312 fieri.
2553 1260 2796 1314 Deseruit
2819 1264 3068 1330 patriam,
3096 1261 3304 1332 fugiens
3329 1278 3450 1317 cum
3479 1264 3724 1334 conjuge,
3754 1263 3973 1330 claram,

889 1349 1044 1419 115
1076 1349 1220 1404 lnter
1249 1347 1509 1419 frigoreas
1540 1345 1733 1401 ardens
1763 1348 1856 1400 sed
1887 1345 2147 1414 comperit
2175 1349 2362 1407 undas,
2622 1351 2824 1420 Raptus
2846 1367 3027 1406 amore
3058 1368 3166 1407 sum
3198 1353 3454 1408 indomito
3481 1353 3730 1407 domine.

954 1439 1092 1505 Quid
1121 1446 1300 1508 posset
1331 1437 1499 1492 nostri
1530 1436 1749 1489 dextera
1777 1435 1918 1488 celsa
1947 1434 2063 1486 Dei.
2553 1439 2656 1494 Sed
2685 1457 2788 1494 non
2819 1441 3005 1510 legalis
3037 1442 3192 1496 finem
3224 1452 3282 1498 ut
3307 1443 3532 1496 nescivit
3553 1445 3773 1506 amoris.

885 1530 1100 1585 Scilicet
1127 1531 1178 1584 in
1208 1528 1434 1583 madidis
1461 1527 1634 1582 audax
1658 1524 1880 1579 ardebat
1900 1523 2098 1586 arenis,
2623 1528 2711 1583 Sic
2738 1530 2968 1584 vindicta
2999 1547 3149 1584 suam
3179 1533 3349 1586 nescit
3379 1534 3576 1587 habere
3607 1549 3836 1599 moram,

954 1622 1139 1677 Uritur
1167 1629 1220 1676 et
1245 1620 1473 1675 flammis
1501 1619 1700 1673 acriter
1723 1617 2008 1687 aequoreis,
2554 1615 2772 1669 Viscera
2797 1618 2889 1671 sed
2915 1619 3091 1672 subito
3121 1619 3356 1687 profudit
3381 1622 3614 1687 ctelitus,
3648 1633 3769 1677 acta

804 1764 820 1779 ,
883 1712 967 1775 Et,
1001 1726 1117 1780 qua:
1143 1709 1382 1780 pacificis
1411 1707 1617 1763 fastidit
1641 1706 1832 1762 cedere
1861 1707 2060 1770 verbis,
2478 1776 2517 1780 _
2617 1702 2830 1761 Pritlem
2867 1705 3047 1762 laetitia
3079 1723 3196 1776 quae
3227 1708 3439 1763 fuerant
3470 1713 3691 1774 tumida,

950 1776 1168 1870 Cogitur
1194 1813 1407 1854 aeternae
1430 1797 1622 1852 cedere
1643 1795 1886 1865 justitiaz.
2478 1776 2526 1837 Β
2554 1794 2747 1862 Sicque
2776 1797 2960 1860 miser,
2993 1797 3134 1853 celsa
3164 1809 3463 1867 prostratus
3491 1802 3700 1856 vindice
3724 1802 3911 1857 dextra

879 1891 944 1954 Ο,
977 1904 1186 1958 semper
1211 1887 1380 1944 nostri
1411 1887 1586 1941 facilis
1618 1885 1844 1939 mutatio
1869 1883 2094 1952 Christi,
2619 1886 2738 1940 Vita
2767 1897 3057 1941 mercatam
3084 1889 3388 1957 perdiderat
3411 1891 3668 1946 Ganeam.

949 1978 1012 2041 Ο,
1042 1978 1210 2031 virtus
1237 1976 1364 2043 justi
1386 1976 1582 2046 iudicis
1608 1989 1763 2047 aequa
1792 1977 1914 2030 Dei!
2554 1975 2684 2028 Nam
2710 1985 2911 2046 martyr
2938 1987 3178 2043 sanctus,
3218 1978 3416 2035 furtivo
3446 1981 3666 2036 vulnere
3695 1983 3873 2047 laesus,

880 2067 1012 2122 Nam
1033 2107 1048 2132 ,
1083 2082 1202 2136 qua:
1221 2066 1475 2134 iactando
1507 2071 1658 2124 finxit
1687 2085 1745 2124 se
1771 2070 1926 2124 triste
1950 2068 2198 2132 dolendo,
2624 2065 2754 2118 Dum
2786 2067 2975 2121 mortis
2998 2077 3210 2138 gustum
3238 2070 3476 2124 ebiberet
3506 2072 3768 2140 rapidum,

948 2156 1207 2215 Exuritur
1236 2162 1383 2214 tincti
1417 2158 1660 2229 pellicula
1691 2159 1920 2213 brachii.
2552 2155 2658 2209 Nec
2689 2171 2794 2210 non
2821 2160 3083 2226 supremis
3109 2161 3343 2215 moriens
3377 2163 3609 2229 spiraret
3637 2164 3690 2216 in
3720 2164 3887 2228 horis,

877 2243 988 2304 Nec
1014 2265 1184 2314 mora,
1215 2262 1335 2303 cum
1372 2246 1605 2317 palmam
1644 2247 1846 2312 retulit,
1873 2247 2017 2316 quod
2047 2247 2186 2300 forte
2215 2251 2446 2315 negavit,
2613 2243 2836 2298 Astabat
2862 2257 3035 2299 cretus
3063 2247 3310 2301 cominus
3337 2249 3630 2318 angelicus,

939 2337 1190 2396 .Portavit
1218 2337 1441 2391 crudum
1484 2335 1723 2390 criminis
1755 2336 2029 2390 indicium.
2555 2327 2693 2383 Voce
2719 2331 2865 2384 ciens
2894 2334 3137 2386 stabilem
3173 2349 3368 2402 corpus
3394 2337 3662 2406 deponere
3695 2347 3906 2402 testem,

878 2430 975 2484 llis
1003 2439 1076 2483 tta
1105 2427 1346 2498 digestis,
1379 2427 1581 2496 pavitat
1611 2440 1761 2480 mens
1787 2424 1999 2480 conscia
2026 2422 2251 2488 fraudis,
2619 2420 2937 2475 Contextum
2969 2424 3119 2478 venis
3163 2423 3323 2479 fictile
3348 2425 3691 2497 languidulis,

949 2517 1099 2572 Ultra
1128 2531 1226 2571 nec
1261 2515 1382 2569 vitze
1413 2529 1533 2583 spes
1565 2513 1738 2568 fuerat
1764 2513 1950 2567 veniae.
2554 2511 2707 2580 117
2737 2511 2843 2566 Nec
2870 2527 2995 2574 non,
3025 2513 3279 2583 angelicis
3304 2515 3597 2571 blanditum
3625 2518 3860 2571 suaviter
3883 2517 4114 2586 hymnis,

877 2609 1104 2663 Tantum
1135 2612 1280 2663 cert'a
1310 2606 1445 2660 mori
1470 2647 1484 2671 ,
1515 2605 1983 2675 corruptelamque
2012 2607 2164 2676 piari,
2618 2598 2733 2652 Mox
2761 2599 2881 2654 caeli
2911 2599 3072 2655 calles
3108 2616 3331 2670 carpere
3360 2603 3618 2659 sidereas.

944 2696 1150 2751 Lethali
1177 2710 1332 2765 pcena
1362 2694 1513 2749 ocius
1555 2695 1816 2763 apposita.
2549 2687 2710 2743 Ocius
2739 2689 3016 2756 exspirans
3047 2689 3303 2758 anim‘am,
3334 2702 3556 2765 martyr,
3588 2694 3721 2748 bene
3747 2693 3908 2748 lotam

876 2789 982 2842 Sed
1015 2786 1186 2841 tristis
1217 2785 1466 2839 meritam
1498 2785 1690 2838 mentis
1720 2784 2059 2854 mitigaverat
2089 2785 2247 2848 iram,
2617 2778 2751 2848 Agni
2782 2778 2976 2832 lucenti
3003 2780 3261 2850 sanguine
3288 2782 3560 2850 purpurei,

945 2877 1200 2945 Princeps
1235 2873 1544 2945 Gangolfus,
1575 2874 1775 2928 arbiter
1801 2874 2064 2942 egregius,
2549 2869 2772 2923 Tollitur
2795 2886 2859 2923 ex
2890 2885 3042 2934 aura,
3088 2872 3407 2940 vehiturque
3439 2888 3533 2940 per
3557 2883 3699 2929 astra
3729 2888 3938 2938 serena,

874 2966 1150 3027 Mandans,
1184 2973 1240 3017 ut
1267 2962 1478 3032 propria
1504 2962 1836 3016 damnandus
1864 2963 2091 3018 clericus
2117 2979 2245 3032 ergo
2613 2961 2668 3013 In
2697 2962 2815 3014 C(PIi
2844 2971 2995 3030 porta
3025 2963 3232 3016 sistitur
3257 2973 3310 3016 et
3341 2964 3588 3018 Domino.

942 3051 1203 3122 Expulsus
1230 3051 1408 3105 subito
1436 3059 1686 3120 pergeret
1711 3065 1740 3105 e
1769 3051 1962 3120 patria,
2484 3118 2515 3122 _
2547 3050 2646 3104 llic
2672 3052 2772 3104 sibi
2799 3053 2864 3105 de
2893 3052 3105 3106 Christo
3135 3053 3304 3107 fertur
3334 3070 3455 3108 mox
3482 3055 3660 3110 laurea
3693 3071 3834 3122 rara,

869 3143 987 3210 Quo
1016 3118 1110 3197 sua
1144 3142 1407 3194 finetcnus
1439 3118 1579 3194 mala
1605 3118 1823 3194 deﬁeret
1852 3141 2171 3195 scelerosus.
2473 3118 2519 3180 (ἶ
2617 3139 2681 3192 Et
2712 3140 2956 3194 manibus
2987 3141 3156 3194 bravii
3194 3143 3422 3211 palmula
3457 3147 3722 3214 perpetui,

942 3233 1047 3288 Sed
1077 3231 1261 3300 pulsus
1292 3229 1462 3300 patria
1491 3240 1574 3283 est
1602 3239 1655 3284 et
1693 3232 1852 3284 datus
1881 3231 2090 3293 exsilio,
2547 3228 2876 3298 Lucentique
2913 3231 3048 3284 stola
3080 3232 3268 3287 cuneis
3295 3233 3636 3304 coniungitur
3665 3236 3801 3291 albis

869 3323 935 3377 Et
964 3323 1123 3376 donat
1160 3321 1409 3374 miseram
1441 3319 1626 3385 veniae,
1660 3320 1965 3383 miseratus,
1998 3322 2219 3385 honore,
2609 3319 2710 3372 Per
2735 3320 2925 3375 vulnus
2954 3321 3058 3375 laeti
3087 3337 3223 3390 quos
3256 3331 3400 3377 tenet
3427 3325 3545 3377 aula
3576 3327 3703 3394 poli.

938 3413 1085 3468 Ultra
1113 3412 1205 3466 sed
1234 3411 1449 3481 proprio
1479 3425 1582 3463 non
1613 3409 1753 3464 locat
1783 3410 1833 3462 in
1868 3409 2125 3463 thalamo.
2544 3409 2772 3465 Funeris
2799 3412 3001 3466 interea
3033 3414 3208 3482 magni
3238 3413 3296 3466 fit
3326 3429 3519 3483 pompa
3548 3417 3740 3483 parati,

866 3504 992 3558 Post
1018 3504 1150 3568 ham,
1180 3499 1419 3570 Gangolfi
1451 3500 1590 3553 fama
1617 3509 1893 3554 crescente
1918 3501 2084 3566 beati,
2610 3498 2810 3554 Ornant
2839 3503 3106 3572 exsequiae
3131 3518 3324 3570 corpus
3354 3513 3410 3557 et
3439 3507 3705 3580 exanime.

939 3593 1229 3647 Laudatrix
1256 3593 1379 3646 vitae
1403 3606 1521 3661 qua:
1558 3590 1656 3644 fuit
1681 3591 1942 3656 almitlcaa,
2543 3590 2873 3657 Plangcbant
2907 3593 3085 3646 cuncti
3113 3609 3295 3647 casum
3326 3595 3570 3664 tantique
3597 3597 3830 3665 patroni,

869 3681 1030 3736 V'afer
1057 3682 1309 3750 deceptor
1335 3682 1610 3734 hominum
1642 3694 1936 3750 captorque
1969 3697 2201 3745 reorum,
2607 3682 2778 3750 lpsius
2807 3683 2995 3737 famuli
3028 3685 3261 3738 maxime
3289 3683 3382 3738 sed
3413 3684 3617 3749 miseri,

940 3776 1202 3831 Evolvens
1229 3775 1386 3829 bilem
1419 3774 1627 3828 invidiae
1654 3784 1912 3838 veterem,
2541 3751 2871 3843 Eligiturque
2901 3774 3046 3827 locus
3074 3774 3276 3827 tumulo
3308 3774 3544 3843 locuples
3571 3778 3896 3839 venerando,

866 3865 1165 3922 Fraudibus
1193 3864 1492 3934 omnigenis
1518 3864 1752 3932 antiquae
1782 3865 2088 3919 calliditatis
2608 3861 2774 3928 Quem
2809 3863 3028 3916 tradttttt
3053 3872 3262 3917 veteres
3289 3862 3371 3917 Nil
3402 3864 3641 3918 vocitare
3670 3875 3868 3935 patres.

936 3956 1205 4020 Tentavit,
1234 3954 1430 4007 famam
1468 3968 1734 4008 evacuare
1762 3948 1980 4019 bonam,
2541 3949 2649 4004 lllic
2677 3951 2917 4022 Gangolfi
2952 3953 3254 4006 condebant
3288 3955 3528 4008 membra
3557 3955 3723 4017 beati,

864 4047 943 4104 Ne
979 4064 1129 4117 gens,
1160 4046 1402 4116 exemplo
1433 4045 1522 4099 tali
1555 4053 1807 4113 tantoque
1837 4057 2012 4110 suasa,
2601 4041 2794 4094 Sacros
2824 4048 3135 4111 spargentes
3163 4057 3284 4096 cum
3314 4043 3570 4112 lacrymis
3599 4044 3828 4099 cineres.

936 4137 1072 4190 Ante
1103 4136 1328 4205 superba
1359 4149 1455 4188 sua
1482 4133 1615 4188 colla
1642 4134 1796 4187 daret
1821 4134 2054 4189 domino.
2539 4131 2663 4185 Post
2691 4132 2802 4186 haec
2831 4147 2930 4186 non
2960 4147 3083 4186 raro
3109 4133 3396 4188 visitabattt
3423 4148 3544 4187 ossa
3575 4144 3808 4198 sacrata,

867 4227 1128 4296 Tempore
1161 4235 1286 4279 tunc
1316 4224 1474 4294 longo
1508 4223 1717 4277 sudavit
1747 4221 1934 4279 fraude
1965 4225 2216 4294 maligna,
2602 4221 2910 4285 Qttzerentes
2930 4232 3135 4276 certum
3167 4222 3395 4290 denique
3424 4223 3750 4292 praesidium.

935 4316 1152 4371 Laedere
1180 4313 1443 4369 famosum
1471 4327 1572 4367 nec
1596 4312 1761 4366 valuit
1786 4313 2054 4377 duculum,
2540 4312 2864 4363 Sternuntur
2893 4325 3048 4365 sacro
3075 4327 3359 4381 procerum
3399 4328 3612 4382 quoque
3659 4329 3883 4385 corpora
3927 4318 4101 4383 busto,

861 4409 920 4463 ln
951 4407 1093 4462 soles
1123 4406 1248 4476 quia
1277 4404 1445 4458 multo
1474 4404 1643 4473 magis
1671 4403 1753 4458 vis
1781 4406 1950 4460 crevit
1979 4408 2181 4461 amoris
2462 4447 2510 4503 Β
2604 4399 2705 4456 Pro
2735 4402 2858 4456 vita:
2897 4402 3072 4456 causis
3103 4403 3366 4457 instabilis
3394 4404 3576 4458 variis.

932 4496 1077 4551 Illius
1106 4495 1284 4564 magni
1313 4494 1563 4548 cordibus
1589 4495 1640 4548 in
1671 4495 1869 4564 populi,
2462 4492 2505 4503 "
2535 4494 2634 4547 Ast
2664 4492 2755 4561 qui
2796 4502 3004 4562 sceptra
3042 4492 3208 4562 gerit,
3241 4502 3542 4562 prostratus
3573 4509 3860 4561 marmore,
3899 4496 4101 4562 lambit,

868 4586 1027 4657 116
1061 4584 1335 4639 Postremo
1362 4582 1566 4636 fraudis
1587 4583 1841 4637 miserum
1870 4585 2222 4642 circumdedit
2244 4590 2430 4652 armis,
2602 4585 2668 4637 Et
2693 4583 2821 4638 libat
2849 4583 3050 4638 tumulo
3079 4585 3262 4638 oscula
3289 4599 3609 4640 marmoreo.

933 4677 1122 4743 Quem,
1155 4673 1369 4729 sceleris
1403 4688 1585 4736 causa,
1617 4675 1846 4743 reppulit
1870 4690 1900 4730 e
1928 4678 2121 4745 patria,
2539 4674 2778 4736 Munere.
2809 4691 2923 4743 spe,
2954 4676 3110 4730 dictis
3137 4675 3460 4745 recogitans,
3491 4691 3596 4745 quo
3625 4680 3875 4749 martyris
3903 4680 4026 4734 almi

863 4765 1148 4836 Sanguinis
1175 4765 1422 4833 huncque
1447 4763 1535 4817 siti
1561 4761 1722 4832 jussit
1749 4765 1955 4819 fervere
1984 4768 2216 4836 superbi,
2523 4767 2527 4770 ’
2600 4765 2704 4820 Pro
2729 4767 2936 4821 meritis
2963 4766 3208 4820 Christus
3237 4766 3306 4820 sit
3338 4766 3438 4820 sibi
3465 4768 3749 4837 propitius.

930 4855 1040 4910 Nec
1070 4854 1226 4909 scivit
1254 4854 1471 4924 proprio
1499 4867 1719 4924 parcere
1741 4854 1850 4924 jam
1880 4857 2112 4910 domino.
2535 4853 2672 4920 Quid
2699 4855 2927 4909 referam
2959 4854 3167 4908 turbam
3194 4854 3374 4923 templi
3413 4870 3511 4924 pro
3534 4856 3717 4911 limine
3735 4857 3955 4926 jactam,

860 4943 974 5000 Tali
1002 4941 1234 4999 suil‘usus
1261 4945 1438 4998 subito
1463 4958 1584 4998 cum
1614 4942 1735 4997 felle
1765 4943 2023 5010 misellus,
2605 4943 2808 5011 Quidve
2838 4945 3025 5014 loquor
3051 4953 3173 4999 vota
3204 4945 3346 5000 illius
3377 4946 3695 5002 innumera?

925 5037 982 5091 ln
1009 5043 1235 5090 mortem
1261 5035 1393 5105 justi
1422 5041 1617 5088 aestuat
1643 5043 1803 5103 atque
1831 5035 1925 5104 pii,
2533 5037 2657 5092 llaec
2687 5049 2832 5094 certe
2860 5038 3034 5092 nullus
3065 5039 3204 5107 potis
3228 5047 3311 5092 est
3338 5039 3722 5107 comprendere
3748 5053 3956 5104 sensus,

856 5130 955 5187 Ac.
988 5126 1143 5187 parili
1173 5137 1420 5187 repetens
1450 5126 1689 5181 Ganeam
1717 5127 1933 5183 feritate
1960 5128 2263 5187 malignam.
2602 5126 2712 5183 Nec
2743 5136 2967 5187 possunt
2995 5129 3113 5182 ullae
3151 5128 3331 5182 dicere
3358 5126 3623 5182 litterulae.
