4482 5548
307 378 440 434 1093
1607 364 1845 420 PASSIO
1890 364 1946 418 S.
1989 364 2280 421 PELACil.
3433 364 3566 422 1094

310 491 470 560 118
507 487 680 556 Atque
711 486 796 540 diu
825 484 1018 539 clausae
1059 490 1370 538 reserantur
1409 482 1628 533 vocibus
1665 495 1842 540 atlrrs,
1911 483 1957 539 Α
1990 479 2234 534 Suadens
2270 489 2326 534 ut
2357 494 2570 534 sacrum
2603 493 2814 549 quaeras
2847 480 3102 533 merendo
3133 479 3458 548 sepulcrum,

377 581 441 633 Et
471 593 688 648 gressus
717 576 916 644 plantis
955 575 1193 629 redditur
1223 572 1492 635 invalidis,
2048 571 2342 640 Abstergas
2372 571 2504 626 fusis
2540 583 2594 624 et
2623 571 2866 625 maculas
2895 572 3171 642 lacrymis,

310 668 406 721 Hic
434 680 650 736 quoque
681 666 748 719 de
779 664 942 718 variis
969 665 1188 716 morbus
1213 660 1495 729 depellitur
1519 660 1675 728 aegris
1694 699 1707 721 ,
1989 662 2148 731 119
2179 662 2292 716 Illic
2317 663 2582 717 exanimis
2612 674 2797 717 sancte
2826 664 2951 731 quia
2983 665 3196 718 condita
3239 667 3391 720 testis

375 760 641 814 Mundatis
666 758 922 814 membris
957 757 1185 824 denique
1224 755 1564 824 languidulis.
2053 750 2376 820 Prtefulgent
2399 752 2566 821 signis
2595 751 2859 821 fragmina
2891 767 2997 806 non
3029 755 3285 809 minimis.

308 851 459 905 Orsis
486 866 592 903 non
619 849 774 903 valeo
801 849 959 916 digne
988 845 1244 916 przeclara
1278 858 1501 898 monere
1986 840 2071 902 Et,
2094 840 2219 894 licet
2248 841 2540 910 indignam,
2569 856 2726 910 spero
2761 851 2810 896 te
2839 857 2998 911 posse
3025 844 3309 908 misellam,

375 943 616 1004 Munera,
643 956 760 1009 qum
785 940 1012 1009 populus
1041 941 1128 993 hic
1157 938 1311 992 metit
1337 936 1602 1006 egregius.
2055 930 2112 985 Si
2144 930 2306 985 defles
2334 932 2566 1000 culpam,
2598 934 2920 1001 consequier
2942 935 3174 987 veniam.

310 1033 417 1086 Nec
443 1033 614 1087 solum
643 1031 791 1086 chari
825 1029 1135 1085 refoventur
1163 1044 1348 1084 amore
1374 1027 1606 1097 patroni,
1989 1021 2264 1077 Pestiferis
2290 1024 2381 1076 sed
2410 1036 2561 1075 mens
2588 1022 2732 1076 vitiis
2759 1022 2896 1076 male
2932 1024 3109 1078 dedita
3139 1025 3284 1089 totis,

376 1124 539 1188 Queis
569 1123 713 1177 cives
745 1121 877 1174 tanti
908 1121 1137 1189 contigit
1159 1134 1277 1174 esse
1306 1119 1427 1181 viri,
2053 1111 2134 1164 Ad

1309 1119 1427 1181 viri,
2053 1111 2134 1164 Ad
2160 1112 2280 1165 vitae
2319 1122 2522 1166 rectam
2555 1113 2769 1166 rennuit
2802 1113 2880 1166 ire
2916 1114 3079 1179 viam,

313 1214 418 1268 Sed
449 1216 653 1284 pariter
684 1214 842 1268 terris
880 1213 1189 1266 habitantes
1219 1211 1357 1266 forte
1387 1213 1629 1276 remotis,
1986 1204 2220 1273 SolaQUe
2250 1219 2392 1258 nunc
2417 1204 2551 1257 laatze
2577 1205 2941 1272 complectens
2972 1207 3174 1262 lubrica
3210 1209 3349 1274 vitae,

377 1306 687 1359 Scntiscunt
716 1312 1021 1373 promptum
1056 1303 1312 1373 martyris
1341 1303 1617 1358 auxilium.
2059 1291 2172 1346 Νοη
2200 1303 2354 1346 cura!
2375 1293 2565 1363 Dalrim
2596 1295 2789 1365 gaudia
2819 1304 3088 1364 perpelth

313 1395 450 1450 Hinc
481 1410 538 1449 se
566 1395 772 1449 felicem
798 1395 969 1462 jactat
1008 1393 1090 1447 Nil
1124 1403 1264 1447 terra
1299 1407 1396 1462 per
1418 1393 1624 1456 orbem,
1992 1384 2046 1438 Si
2079 1385 2193 1438 hmc
2225 1385 2430 1448 infelix,
2461 1387 2734 1440 commissi
2767 1387 3012 1440 criminis
3039 1389 3271 1451 auctrix,

379 1485 508 1550 Quae
532 1483 675 1538 molli
703 1485 907 1551 gremio
936 1483 1184 1537 confovet
1209 1497 1329 1536 ossa
1357 1496 1532 1544 sacra,
2060 1473 2289 1528 Fastidit
2315 1475 2494 1528 verbis
2524 1475 2716 1529 cedere
2745 1476 3008 1543 pacificis,

313 1576 552 1644 Denique
580 1576 908 1638 summatim,
940 1574 1076 1642 ccepi
1109 1573 1234 1642 quia
1265 1581 1479 1641 tangere
1509 1571 1679 1624 sancti
1992 1564 2062 1618 Se
2085 1567 2208 1634 quia
2237 1567 2493 1620 credebat
2515 1569 2695 1620 causis
2723 1575 2888 1618 totam
2921 1567 3197 1633 perituris,

382 1664 624 1733 Gangolli
665 1662 825 1722 facta.
859 1663 1128 1729 martyris,
1159 1660 1393 1730 egregia,
2061 1659 2168 1713 Nec
2198 1673 2344 1728 spem
2378 1660 2647 1714 mansuris
2677 1661 2838 1728 gestit
2866 1661 3065 1714 habere
3096 1663 3270 1716 bonis.

312 1756 521 1818 Restat,
551 1763 608 1808 ut
635 1764 687 1809 et
719 1754 864 1808 tenui
895 1762 1131 1821 repetam
1177 1766 1428 1806 sermone
1463 1751 1744 1813 misellam,
1925 1814 1959 1821 _
1994 1749 2228 1813 Scilicet,
2264 1751 2463 1805 auditis
2494 1751 2672 1805 verbis
2699 1767 2801 1804 non
2832 1752 2963 1805 falsa
2996 1754 3284 1820 loquentis,

381 1846 525 1900 Illius
553 1845 824 1914 indignam
855 1842 1123 1912 conjugio,
1151 1842 1409 1904 Ganeam,
1925 1814 1966 1872 Β
2064 1843 2382 1912 lntorqnens
2407 1843 2590 1897 oculos
2624 1845 2847 1898 subdola
2879 1846 3223 1915 sanguineos,

312 1936 572 2004 Quodque
600 1934 745 1988 dedit
775 1933 1011 2002 signum,
1056 1933 1248 1987 merito
1278 1931 1581 1985 damnanda
1615 1931 1889 1993 barathro,
1994 1935 2241 2004 Exagitat
2271 1945 2430 2003 caput
2457 1936 2771 1988 indomitum
2822 1937 3164 2006 impatienter
3197 1939 3246 1989 in
3283 1939 3430 1992 illum

385 2026 574 2089 Invita,
606 2024 837 2094 propriis
868 2024 1194 2077 conveniens
1226 2022 1452 2076 meritis.
2057 2023 2125 2076 Et
2153 2024 2316 2077 latrat
2349 2032 2529 2078 rostro
2562 2024 2686 2077 talia
2715 2024 3008 2093 pestifero:

311 2115 490 2179 Certe,
519 2113 741 2168 victoris
763 2129 884 2167 cum
907 2111 1020 2178 jam
1050 2112 1324 2166 laztissima
1359 2114 1508 2166 testis
1995 2117 2102 2170 Cur
2131 2116 2388 2185 loqueris,
2418 2114 2617 2169 frustra
2649 2116 2910 2170 simulans
2940 2118 3198 2171 miracula
3231 2126 3379 2171 tanta

387 2203 634 2256 Pulsarct
660 2201 787 2255 celsi
816 2202 992 2255 sidera
1027 2201 1171 2254 fama
1202 2202 1332 2271 poli,
2063 2208 2264 2262 Sedulo
2291 2208 2531 2277 Gangolli
2565 2224 2664 2276 pro
2692 2210 2904 2262 meritis
2933 2210 3047 2264 ﬁeri

312 2294 480 2349 Totos
508 2303 562 2348 et
589 2294 795 2347 stabilis
823 2293 958 2348 lines
996 2300 1340 2360 percurreret
1367 2292 1538 2355 orbis,
1998 2299 2121 2352 llaac
2148 2315 2266 2367 qua:
2299 2299 2552 2352 dicuntur
2579 2308 2727 2353 certe
2766 2315 2870 2352 non
2900 2316 3022 2354 vera
3051 2302 3366 2369 probantur,

383 2383 673 2453 Divulgans
705 2391 866 2436 tanta:
893 2383 1087 2452 gaudia
1120 2382 1377 2451 gloriolze,
2066 2389 2181 2441 Non
2215 2389 2393 2442 desint
2423 2391 2575 2459 signa
2608 2391 2749 2444 illius
2774 2400 2833 2444 ut
2863 2392 3084 2453 tumulo,

312 2475 588 2537 candens.
621 2474 862 2538 devotus,
893 2475 1108 2542 quidam
1142 2474 1393 2528 currebat
1434 2475 1718 2537 homullus,
2001 2478 2148 2532 Ilaud
2181 2480 2316 2534 alias
2341 2495 2501 2548 quam
2532 2481 2666 2534 mira
2695 2482 2798 2535 mei
2829 2481 3084 2535 miracula
3114 2483 3258 2536 dorsi

388 2566 428 2619 E
459 2566 615 2620 busto
641 2567 806 2634 signis
836 2566 1133 2633 composito
1167 2567 1350 2630 variis,
2067 2569 2315 2624 Proferat
2343 2581 2586 2624 extrema
2622 2573 2856 2642 denique
2892 2574 3175 2642 particula.

314 2656 518 2711 Obvius
545 2667 702 2725 atque
734 2656 870 2724 lupa;
902 2655 1094 2720 factus,
1126 2672 1283 2727 supra
1319 2668 1649 2724 memoratae,
2001 2661 2240 2724 Dixerat,
2274 2671 2326 2715 et
2355 2666 2578 2716 verbum
2612 2664 2857 2732 sequitur
2887 2665 3131 2718 mirabile
3162 2667 3396 2734 signum,

385 2747 658 2810 Substitit,
689 2747 930 2801 attonitis
959 2747 1228 2816 aspiciens
1255 2748 1443 2801 oculis.
2074 2751 2150 2804 llli
2183 2753 2458 2820 particula:
2492 2755 2820 2807 conveniens
2850 2757 3100 2824 promise.

317 2839 472 2891 llanc
497 2851 731 2906 quoque,
761 2852 858 2906 pro
889 2837 1116 2899 meritis,
1155 2836 1313 2891 dictis
1349 2837 1542 2891 affatur
1571 2839 1790 2903 amaris,
2005 2839 2146 2908 Ergo
2175 2841 2325 2894 dedit
2355 2843 2611 2906 sonitum,
2645 2844 2782 2912 turpi
2823 2843 3186 2896 modulamine
3218 2843 3442 2906 factum,

388 2928 747 2984 Conformans
778 2928 936 2998 ligula
965 2929 1088 2982 talia
1119 2929 1279 2983 verba
1313 2946 1408 2984 sua
1440 2947 1451 2982 :
2072 2929 2280 2982 Profari
2321 2940 2561 2985 nostram
2595 2932 2753 3000 quale
2794 2933 2957 3001 pudet
2989 2932 3225 3002 ligulam.

316 3021 508 3075 Omnis
535 3019 722 3074 infelix
751 3019 980 3074 llammis
1011 3021 1275 3074 credenda
1306 3023 1583 3085 meretrix,
2003 3019 2068 3072 Et
2091 3030 2211 3089 post
2234 3023 2347 3078 haec
2372 3008 2596 3077 verbum
2625 3025 2837 3091 quoties
2866 3022 3194 3078 formaverat
3219 3024 3411 3085 ullum,

387 3110 581 3164 Jamne
605 3111 750 3179 piget
776 3109 1001 3174 fraudis,
1033 3111 1259 3178 paenitet
1287 3119 1376 3164 aut
1404 3113 1642 3176 sceleris,
1930 3160 1970 3179 η
2063 3107 2316 3164 Reddidit
2347 3112 2605 3166 incultum
2647 3112 2789 3166 hunc
2822 3113 2982 3167 toties
3012 3115 3266 3166 sonituum.

315 3204 372 3256 In
405 3212 646 3257 sanctum
677 3200 886 3255 Domini
917 3218 1020 3255 non
1043 3202 1186 3271 justa
1220 3213 1395 3257 mente
1424 3204 1616 3273 parati,
1928 3160 1972 3220 Ο
2011 3197 2077 3252 Ut
2101 3215 2217 3267 quae
2249 3200 2469 3270 legalem
2500 3205 2705 3272 respuit
2734 3203 2969 3258 retinere
3003 3205 3285 3273 pudorem.

392 3294 521 3349 Solo
551 3293 734 3347 lascivi
772 3293 999 3346 consilio
1028 3293 1197 3347 socii?
2075 3291 2158 3346 Sit
2188 3293 2328 3346 risus
2354 3309 2518 3348 causa
2545 3295 2796 3348 omnibus
2822 3295 3130 3355 immodica,

317 3383 478 3446 Nam,
508 3382 811 3437 miserando
845 3383 938 3446 tui,
970 3385 1146 3452 pando
1185 3384 1536 3438 medicamina
1571 3386 1686 3439 sani
2012 3388 2393 3454 Finitenusque
2424 3401 2532 3439 sua:
2563 3393 2742 3454 portet
2769 3401 2865 3455 per
2891 3395 3132 3453 tempora
3167 3387 3291 3440 vita:

389 3475 604 3543 Optima
642 3474 868 3539 consilii,
904 3492 1025 3529 mox
1055 3475 1312 3544 capienda
1345 3476 1458 3538 tibi,
2085 3479 2344 3533 Indicium
2377 3479 2580 3549 proprii
2608 3477 2812 3533 scilicet
2838 3479 3134 3548 opprobrii.

1053 3792 1543 3906 PASSIO
1633 3791 2149 3904 SANCTI
2234 3790 2846 3934 PELAGII,

1416 4014 1992 4077 PRETIOSISSIMI
2035 4013 2146 4072 MA
2158 4010 2449 4072 RTYRIS
2469 4055 2485 4083 ,

885 4181 1007 4255 Qui
1049 4179 1284 4241 nostris
1330 4177 1710 4238 temporibus
1756 4177 1821 4236 in
1865 4171 2157 4234 Corduba
2199 4171 2506 4249 martyrio
2555 4179 2637 4231 est
2678 4181 3040 4233 coronatus.

1475 4440 1632 4511 12°
1669 4454 1858 4531 ABG
1876 4450 2018 4531 UM
2038 4455 2155 4530 EN
2169 4453 2421 4529 TUM.

394 4634 788 4697 Abdrahemen,
818 4631 1158 4703 Mauritania:
1187 4641 1463 4700 tyrannus,
1501 4638 1695 4682 sectam
1742 4625 2130 4703 Saracenorum
2147 4642 2395 4703 sequens,
2425 4628 2478 4680 in
2512 4625 2829 4703 Hispaniain
2834 4628 3054 4703 _t_rajecit
3080 4671 3094 4694 ,
3139 4648 3416 4703 omnesque
3446 4635 3602 4692 Clari-

322 4708 533 4759 stianos
572 4694 840 4771 suppliciis
871 4702 1067 4771 a/fecit,
1097 4712 1186 4755 aut
1209 4694 1301 4774 'in_
1320 4710 1510 4753 sectam
1549 4714 1699 4774 suam
1746 4697 1939 4774 coegit;
1974 4694 2105 4749 Cum
2135 4694 2456 4774 Cordubam,
2505 4694 2758 4767 insignem
2803 4694 3075 4767 Hispanico
3120 4694 3341 4766 urbem;
3365 4708 3601 4774 cepisset,

323 4776 561 4845 majores
588 4764 730 4825 urbis
754 4764 972 4835 necavit,
1000 4784 1089 4825 aut
1117 4772 1393 4840 pecuniam
1427 4784 1521 4845 pro
1546 4769 1625 4820 liis
1654 4764 1870 4834 accepit.
1900 4764 2133 4845 (Eumque
2163 4765 2453 4845 nobiliﬂcivi
2488 4764 2688 4845 (initam
2711 4764 2968 4845 summam
2994 4774 3226 4836 pecunite
3248 4764 3603 4843 imposuisset,

324 4837 491 4916 quam
522 4845 742 4916 pgndere
791 4854 1027 4916 tyranno
1056 4837 1158 4916 non
1186 4851 1375 4916 posset,
1409 4851 1462 4916 et.
1484 4839 1537 4892 in
1583 4853 1842 4891 carcerem
1872 4837 2013 4916 nduci
2047 4837 2272 4896 deberet,
2321 4837 2487 4903 filius,
2523 4837 2712 4916 pietate
2742 4840 2904 4916 patris
2932 4849 3118 4916 motus,
3167 4858 3259 4908 pro
3300 4837 3358 4896 eo
3396 4837 3604 4916 vincula

325 4905 624 4969 subiit.'De
651 4905 1215 4983 cujus'pulcbritudine
1239 4909 1462 4983 dumad
1494 4919 1775 4977 tyrannum
1809 4905 2029 4983 relatum
2053 4916 2202 4983 esset,
2232 4921 2486 4983 ecarcei‘e
2509 4905 2811 4983 adolescens
2844 4909 3075 4973 ducitur,
3108 4905 3329 4980 tyranno
3362 4914 3604 4982 o/fertur,

329 4998 386 5040 ut
417 4983 624 5038 libidini
648 4976 758 5036 sua:
781 4976 1000 5052 pareret.
1031 4981 1264 5052 Cumque
1288 4980 1456 5052 [trdus
1484 4976 1739 5047 tyrannus
1765 4976 1941 5052 multis
1968 4976 2207 5052 precibus
2231 4976 2474 5052 instaret,
2503 4977 2803 5031 adolescens
2829 4994 2998 5052 pugno
3026 4976 3279 5052 pete'ntent
3304 4976 3482 5052 oscula
3511 4976 3608 5038 sua

330 4998 386 5040 ut
417 4993 624 5038 libidini
648 4999 758 5036 sua:
781 4993 1000 5052 pareret.
1031 4993 1264 5100 Lumyue
1288 4993 1456 5048 [auus
1484 4993 1739 5047 tyrannus
1765 4993 1941 5028 multis
2010 4993 2207 5029 recinus
2231 4993 2474 5039 instaret,
2503 4993 2803 5031 anatescens
2829 4994 2998 5046 pugno
3026 4993 3276 5047 petentem
3304 4993 3482 5036 oscula
3511 5003 3608 5038 sua

330 5069 618 5126 tyrannum
640 5054 816 5126 credit.
847 5050 1122 5126 Tyrannus
1147 5052 1164 5101 i
1189 5049 1292 5126 lius
1318 4993 2193 5126 abnuentemuamplexus[inda-et
2231 5046 2415 5126 balista
2441 5055 2586 5126 trans
2614 5063 2820 5100 murum
2850 5049 2903 5126 in
2929 5048 3165 5126 (luvium,
3195 5051 3284 5126 qui
3309 5049 3611 5106 Cordubam

334 5114 514 5185 diluit,
545 5122 772 5192 trajecit,
799 5114 949 5192 cujus
973 5136 1163 5192 corpus
1186 5120 1317 5186 ripis
1341 5118 1512 5192 sa_:_reis
1539 5114 1798 5182 collisum,
1835 5134 1865 5169 a
1893 5117 2238 5186 piscatoribus
2282 5114 2549 5185 colligitur
2579 5129 2625 5173 et
2664 5135 2694 5170 a
2733 5114 3045 5173 satellitibus
3075 5114 3282 5190 tyranni
3315 5131 3612 5186 truncatur,

335 5195 549 5248 tandem
579 5188 956 5262 religiosissime
983 5209 1013 5244 a
1041 5189 1243 5243 civibus
1268 5188 1527 5257 sepelitur.

1143 5443 1598 5512 PB/EFATIO
1642 5449 2146 5520 HROSVITHJE
2193 5448 2270 5508 IN
2317 5445 2756 5546 PEDAGIUM.
