4482 5548
909 376 930 429 I
943 373 1046 428 095

1755 366 2225 423 IIROTSUITIIAZ
2265 363 2587 419 MOMALIS
2626 366 3324 426 GANDERSHEIMENSIS

4022 372 4156 432 1096

905 485 1034 550 Qun:
1062 491 1114 537 te
1156 491 1334 536 mente
1364 480 1500 546 colo,
1540 495 1758 534 carmen
1785 496 1999 549 quoque
2030 487 2248 548 pectore
2275 493 2484 548 promo,
2515 489 2564 544 Α
2593 484 2991 555 Famosumqne
3024 495 3173 540 tuum
3203 488 3413 543 calamo
3441 488 3653 559 signare
3683 490 4034 560 triumphum,

903 575 973 628 Et
1000 574 1102 639 fac,
1135 573 1311 640 exigui
1341 586 1536 641 supero
1563 571 1628 625 de
1653 586 1774 626 rore
1807 573 1971 642 rigari

901 664 1144 719 Pectoris
1169 666 1461 720 obscurum
1488 665 1600 735 jam
1627 665 1729 719 mis
1755 663 2071 718 clementius
2106 672 2346 730 antrum,

902 751 1020 818 Quo
1049 755 1249 825 possim
1280 753 1498 810 laudum
1529 754 1790 824 condigne
1821 754 1956 808 mire
1986 763 2220 820 tuarum,

2595 576 2663 630 Et
2691 592 2850 646 quem
2884 576 3138 631 nobiliter
3170 581 3425 634 mundum
3473 596 3595 634 cum
3623 591 3796 636 morte
3824 590 4104 636 cruentum

2593 662 2802 731 Vicisti,
2830 667 3054 721 nitidam
3090 675 3363 724 mercatus
3391 670 3655 741 sanguine
3674 670 3935 740 palmam.

1765 1055 2483 1192 SEQUITUR
2570 1056 3297 1171 HISTORIA.

971 1274 1224 1329 Partibus
1251 1272 1491 1329 occiduis
1519 1272 1667 1328 fulsit
1693 1273 1901 1328 clarum
1929 1273 2092 1329 decus
2122 1274 2270 1330 orbis

898 1364 1042 1420 Urbs
1073 1364 1316 1432 Augusta
1349 1364 1516 1428 Nova,
1547 1363 1733 1418 Martis
1766 1363 1982 1418 feritate
2014 1363 2270 1432 superba,

901 1452 1073 1519 Quam
1102 1452 1234 1505 satis
1261 1450 1482 1520 Hispani
1512 1451 1711 1506 cultam
1755 1461 1977 1506 tenuere
2011 1451 2211 1515 coloni,

907 1543 1063 1612 121
1096 1541 1365 1603 Corduba,
1401 1539 1603 1595 famosa
1635 1540 1869 1610 locuples
1897 1541 1961 1594 de
1990 1542 2205 1594 nomine
2233 1542 2395 1604 dicta,

901 1633 1105 1702 Inclyta
1133 1631 1362 1694 deliciis,
1391 1629 1552 1684 rebus
1578 1645 1790 1699 quoque
1825 1629 2101 1699 splendida
2134 1631 2364 1693 cunctis,

894 1720 1126 1774 Maxime
1154 1720 1387 1787 septenis
1414 1719 1615 1786 sophia:
1649 1718 1849 1788 repleta
1877 1717 2118 1782 ﬁuentis,

890 1808 1002 1862 Nec
1029 1823 1133 1863 non
1157 1808 1434 1878 perpetuis
1465 1822 1679 1876 semper
1706 1807 1967 1877 praeclara
1994 1804 2299 1876 triumphis,

891 1898 1031 1952 Olim
1062 1913 1182 1966 qua:
1212 1897 1433 1952 Christo
1462 1896 1638 1952 fuerat
1670 1897 1806 1952 bene
1832 1898 2041 1952 subdita
2061 1895 2208 1964 justo

889 1986 1052 2041 Fudit
1083 1996 1138 2041 et
1164 1987 1374 2040 albatos
1405 1986 1630 2041 Domino
1660 1986 1986 2055 baptismate
2016 1994 2193 2040 natos.

889 2078 1086 2132 Bellica
1116 2078 1207 2132 sed
1241 2077 1420 2131 subito
1452 2077 1648 2141 virtus,
1681 2076 1818 2130 bene
1845 2077 2055 2130 condita
2083 2075 2208 2143 jura

889 2167 1122 2221 Mutavit
1148 2183 1318 2222 sacrae
1346 2167 1490 2232 ﬁdei,
1526 2169 1832 2236 spargendo
1858 2166 2073 2220 nefandi

886 2257 1168 2326 Dogmatis
1194 2273 1461 2321 errorem,
1494 2258 1750 2326 populum
1776 2257 2020 2327 lzesitqne
2054 2257 2286 2311 fidelem.

959 2347 1170 2402 Perﬁda
1203 2362 1324 2399 nam
1351 2345 1752 2400 Saracenorum
1783 2361 1914 2415 gens
1944 2346 2329 2400 indomitorum

889 2437 1054 2492 Urbis
1077 2444 1249 2490 martc
1273 2435 1409 2505 petit
1435 2435 1599 2489 duros
1628 2435 1849 2503 hujusce
1873 2435 2113 2499 colonos,

886 2524 1096 2592 Eripuit
1124 2525 1274 2591 regni
1308 2532 1509 2576 sortem
1534 2523 1636 2577 sibi
1663 2524 1769 2576 vim
1801 2539 2015 2593 quoque
2039 2525 2196 2589 clari,

887 2615 1272 2683 Exstinxitque
1296 2615 1497 2668 bonum
1529 2630 1732 2682 regem,
1764 2616 2086 2682 baptismate
2118 2616 2307 2680 lotum,

885 2703 986 2768 Qui
1013 2703 1218 2772 pridem
1248 2703 1446 2756 merito
1476 2703 1643 2769 gessit
1667 2704 1870 2771 regalia
1895 2713 2126 2771 sceptra,

885 2795 952 2848 Et
988 2797 1134 2848 cives
1156 2793 1318 2861 justis
1345 2794 1550 2847 domuit
1579 2803 1710 2862 quot
1737 2804 1973 2863 tempora
2005 2793 2190 2848 frenis.

884 2883 1079 2939 Hostili
1108 2886 1255 2938 ferro
1283 2894 1431 2938 certe
1458 2885 1691 2952 quojam
1721 2893 1995 2952 snperato,

882 2977 962 3030 Ac
989 2975 1198 3043 reliquo
1220 2975 1363 3027 vieto
1395 2982 1542 3026 tanta
1581 2974 1644 3026 de
1672 2976 1817 3026 caede
1845 2975 2076 3043 popello,

884 3068 1086 3120 Ductor
1114 3064 1415 3118 barbarica:
1444 3064 1648 3134 gentis,
1676 3073 1917 3118 structor
1943 3057 2157 3134 quoque
2186 3080 2375 3135 pugnae

882 3155 979 3208 Vir
1006 3164 1088 3208 sat
1120 3169 1425 3224 perversus,
1457 3155 1566 3207 vita
1596 3154 1809 3222 rituque
1833 3155 2111 3222 profanus,

882 3244 1135 3298 Vindicat
1167 3243 1377 3312 imperii
1411 3253 1614 3297 sortem
1643 3244 1746 3297 sibi
1773 3245 2004 3313 denique
2032 3247 2184 3309 tanti,

879 3332 1121 3386 Collocat
1152 3343 1204 3388 et
1230 3333 1405 3387 socios
1431 3333 1686 3402 populato
1719 3348 1844 3386 rure
1883 3335 2166 3399 nefandos,

876 3423 1115 3490 Inspiens
1142 3433 1462 3478 mmrentem
1498 3439 1603 3477 non
1638 3424 1826 3493 paucis
1855 3424 2102 3480 hostibus
2130 3427 2340 3490 urbem,

880 3516 1079 3570 Polluit
1106 3525 1160 3570 et
1196 3525 1433 3569 veterem
1467 3530 1617 3584 purae
1652 3515 1773 3569 ﬁdei
1806 3516 2124 3585 genitricem

877 3607 1170 3662 Barbarico
1201 3608 1328 3670 ritu,
1358 3608 1499 3675 quod
1525 3608 1996 3662 nam-miserabile
2026 3609 2200 3674 dictu,

877 3697 1124 3766 Pagauos
1142 3695 1307 3762 justis
1334 3697 1758 3750 intermiscendo
1789 3697 2014 3762 colonis,

877 3788 994 3852 Quo
1024 3786 1123 3839 sibi
1157 3786 1445 3839 suaderent
1475 3787 1682 3854 patrios
1711 3787 2006 3840 dissolvere
2040 3803 2216 3844 mores

871 3871 1058 3943 Deque
1083 3875 1368 3942 profanato
1392 3889 1574 3927 secum
1607 3875 1828 3928 serdere
1858 3876 2075 3930 sacello.

947 3965 1153 4031 Agmen
1204 3964 1299 4016 sed
1347 3971 1615 4027 tenerum,
1648 3963 1868 4017 Christo
1895 3976 2112 4033 pastore
2145 3971 2439 4037 regendum

868 4057 1089 4112 Iussum
1119 4057 1359 4126 perversi
1393 4058 1600 4124 respuit
1631 4072 1757 4110 mox
1792 4059 1944 4112 triste
1974 4061 2210 4127 tyranni,

870 4149 1066 4202 Dicens
1089 4145 1245 4199 malle
1276 4147 1436 4209 mori,
1466 4147 1638 4215 legem
1669 4162 1884 4216 quoque
1917 4159 2091 4202 morte
2124 4153 2280 4213 tueri,

876 4239 1068 4293 Vivere
1095 4254 1254 4306 quam
1282 4237 1444 4291 stulte
1471 4239 1645 4292 sacris
1678 4238 1991 4294 famulando
2021 4243 2261 4295 novellis.

870 4331 988 4395 Quo
1019 4345 1114 4384 rex
1140 4337 1438 4397 comperto,
1473 4345 1578 4384 non
1607 4331 1810 4400 absque
1832 4333 1914 4385 sui
1941 4332 2058 4387 fore
2086 4335 2282 4388 damno

872 4422 1080 4487 Sensit,
1112 4423 1155 4476 si
1184 4423 1396 4477 cunctis
1424 4423 1631 4491 pariter
1657 4423 1954 4492 prredivitis
1984 4426 2152 4489 urbis,

869 4512 1042 4580 Quam
1079 4515 1272 4568 crebro
1301 4514 1490 4567 valida:
1520 4515 1663 4584 cepit
1693 4515 1985 4570 luctamine
2017 4534 2208 4589 pugna:

830 4639 842 4689 ι
869 4603 1107 4667 Civibus,
1141 4603 1411 4657 excidium
1439 4605 1628 4658 mortis
1653 4604 1928 4660 conferret
1950 4622 2218 4662 amarum.

867 4691 949 4748 Ob
978 4693 1120 4760 quod
1149 4693 1424 4747 decretum
1456 4694 1607 4763 prius
1637 4695 1972 4752 immutando
2000 4707 2282 4765 statutum,

872 4785 1029 4854 122
1062 4784 1253 4838 Sanxit
1282 4801 1406 4840 mox
1435 4787 1632 4857 legem,
1670 4790 1887 4861 vulgato
1913 4792 2164 4862 dogmate
2198 4796 2380 4860 talem,

865 4875 939 4929 Ut
963 4875 1208 4944 quisquis
1235 4876 1368 4947 Regi
1398 4879 1584 4932 mallet
1608 4881 1814 4934 servire
1843 4884 2091 4951 perenni,

863 4963 932 5017 Et
960 4975 1176 5033 patrum
1207 4981 1389 5021 mores
1415 4968 1543 5022 olim
1575 4984 1797 5026 scrvare
1825 4972 2031 5037 ﬁdeles,

863 5054 978 5110 Hoc
1008 5044 1213 5111 faceret
1242 5056 1408 5121 licito,
1436 5058 1578 5112 nulla
1610 5072 1735 5128 post
1767 5062 1981 5118 vindice
2008 5077 2192 5134 paena,

863 5147 977 5201 Ilac
1001 5148 1171 5202 solum
1198 5157 1356 5203 caute
1381 5161 1594 5204 servata
1632 5154 1961 5220 conditione,

862 5237 940 5292 Ne
967 5239 1088 5308 quis
1113 5239 1353 5309 praefata:
1381 5242 1515 5297 civis
1539 5255 1894 5314 prazsumeret
1925 5249 2075 5304 urbis

861 5326 1016 5382 Ultra
1049 5328 1430 5400 blasphemare
1454 5333 1560 5388 diis
1589 5349 1724 5390 auro
1751 5333 2056 5403 fabricatis,

861 5419 1008 5486 Quos
1046 5423 1298 5492 princeps
1337 5425 1542 5480 coleret
1577 5437 1850 5497 sceptrum
1883 5432 2195 5502 quicunque
2222 5444 2447 5503 teneret,

861 5511 967 5545 an
994 5523 1151 5545 nnnnl
1180 5524 1370 5545 n'nnIA
1404 5517 1562 5545 A:I:-‘A
1587 5519 1906 5545 Α..1.ζ....----
1938 5522 2075 5545 1⁵...Δ

2599 1271 2801 1327 Obruta
2838 1272 2981 1327 milie
3012 1273 3164 1328 malis
3190 1274 3348 1329 toties
3371 1272 3499 1330 urbs
3525 1289 3717 1347 nempe
3745 1276 3936 1334 ﬁdelis.

2598 1363 2730 1427 Sed,
2760 1363 2802 1417 si
2834 1378 2967 1431 quos
2994 1363 3130 1433 ignis
3159 1362 3358 1418 Christi
3388 1368 3666 1422 succendit
3691 1369 3891 1423 amoris

2595 1452 2968 1523 Martyriique,
3003 1454 3139 1507 satis
3162 1456 3334 1508 suasit
3361 1469 3711 1526 corrumpere
3735 1458 3892 1512 dictis

2591 1544 2883 1610 Marmora,
2902 1560 3020 1613 quae
3040 1546 3314 1616 princeps,
3334 1559 3580 1617 comptus
3602 1549 3926 1615 diademate,
3949 1551 4172 1620 supplex

2589 1634 2828 1704 Corpore
2858 1644 3132 1704 prostrato
3155 1646 3447 1690 veneratur
3475 1637 3630 1690 thure
3655 1637 3867 1701 Sabaeo,

2586 1723 2695 1778 llos
2721 1726 2914 1795 capitis
2935 1726 3113 1780 subito
3137 1727 3420 1780 damnavit
3444 1728 3677 1797 denique
3708 1743 3892 1797 pmna.

2584 1813 2687 1868 Sed
2724 1832 2946 1884 superos
2970 1817 3164 1871 animae
3191 1817 3479 1886 petierunt
3510 1820 3774 1889 sanguine
3803 1820 3946 1874 lotae.

2652 1903 2884 1958 Casibus
2914 1906 2998 1958 his
3027 1905 3207 1974 plures
3232 1907 3479 1961 volvebat
3509 1907 3760 1962 Corduba
3797 1909 3956 1972 soles,

2586 1993 2813 2047 Subdita
2852 2009 2948 2063 per
2981 1994 3196 2064 longum
3229 1997 3454 2065 paganis
3478 1998 3695 2065 regibus
3717 2013 3916 2061 revrtm,

2584 2082 2764 2136 Donec
2788 2084 2888 2137 sub
2922 2083 3124 2137 nostris
3153 2085 3373 2152 quidam
3411 2087 3478 2140 de
3506 2087 3750 2155 germine
3783 2087 3926 2156 regis

2585 2175 2960 2244 Temporibus,
2992 2191 3216 2245 regnum
3245 2179 3481 2248 suscepit
3507 2179 3649 2232 forte
3679 2189 3985 2248 parentum,

2652 2264 2898 2318 Deterior
2921 2266 3191 2333 patribus,
3231 2266 3357 2320 luxu
3390 2268 3571 2322 carnis
3597 2269 3922 2333 maculatus,

2586 2353 2963 2408 Abdrahemen
2997 2356 3189 2419 dictus,
3225 2359 3373 2427 regni
3405 2358 3689 2428 splendore
3724 2362 4007 2429 superbus,

2578 2443 2678 2508 Qui
2708 2461 2829 2497 nam
2855 2445 3196 2501 Christicolis
3222 2447 3474 2513 faciebat,
3510 2465 3659 2504 more
3687 2452 3948 2520 parentis,

2577 2530 2811 2586 Libraus
2837 2535 3121 2588 arbitrium
3163 2537 3308 2600 ﬁdei,
3336 2553 3502 2607 supra
3537 2551 3918 2604 memoratum,

2578 2622 2684 2677 Nec
2714 2625 2843 2678 satis
2873 2625 3156 2694 injustum,
3183 2627 3561 2696 solvitpietate
3590 2631 3888 2692 decretum,

2577 2716 2779 2769 Auctor
2813 2717 2952 2784 quod
2983 2719 3228 2782 sceleris,
3261 2720 3545 2788 pOpulator
3569 2721 3810 2789 perﬁdus
3838 2721 3988 2776 urbis

2579 2805 2789 2872 Sanxit,
2821 2808 2945 2861 dum
2975 2825 3152 2879 regem
3180 2821 3462 2880 superaret
3490 2811 3660 2866 Marte
3686 2812 3919 2878 ﬁdelem,

2576 2895 2680 2949 Sed
2713 2897 2930 2950 volvens
2954 2900 3154 2963 animo,
3191 2915 3414 2955 servans
3439 2917 3653 2972 quoque
3675 2904 3839 2958 corde
3863 2904 4158 2974 profundo,

2577 2987 2784 3056 S:epius
2817 2989 3049 3044 innocuo
3081 2991 3369 3046 madefacit
3399 2995 3660 3062 sanguine
3687 3010 3835 3062 rura,

2573 3076 2812 3147 Corpora
2835 3078 3112 3145 justorum
3138 3098 3465 3138 consumens
3496 3095 3684 3140 sancta
3712 3088 3976 3151 virorum,

2573 3167 2673 3232 Qui
2709 3166 2930 3221 Christo
2959 3168 3144 3225 laudes
3171 3172 3443 3226 ardebant
3470 3189 3704 3245 pangere
3727 3175 3934 3240 dulces,

2571 3256 2741 3324 Ipsius
2762 3266 2817 3310 et
2840 3258 3032 3312 stultos
3060 3262 3242 3315 verbis
3272 3263 3669 3331 reprehendere
3698 3264 3873 3319 divos.

2569 3345 2791 3414 Insuper
2813 3357 2868 3400 et
2891 3357 3040 3402 tanto
3074 3349 3213 3404 fastu
3245 3367 3302 3405 se
3323 3353 3498 3421 jactat
3527 3355 3576 3406 in
3603 3355 3724 3407 aula

2572 3434 2908 3506 Sacrilegus,
2953 3440 3178 3492 meritas
3217 3443 3502 3497 cumulans
3537 3444 3640 3497 sibi
3674 3444 3909 3514 denique
3944 3459 4155 3514 pmnas,

2573 3528 2728 3598 123
2762 3529 2828 3583 Ut
2857 3546 3035 3600 regem
3063 3547 3245 3601 regum
3275 3544 3446 3588 semet
3471 3534 3583 3598 [ore
3606 3536 3854 3591 crederet
3883 3537 4085 3607 ipsum,

2569 3619 2696 3686 Ejus
2719 3629 2772 3674 et
2802 3621 3029 3690 imperio
3058 3632 3244 3692 gentes
3269 3640 3459 3679 omnes
3486 3627 3612 3680 dare
3640 3627 3798 3692 colla,

2570 3711 2748 3765 Ullum
2787 3729 2886 3767 nec
2921 3723 3066 3768 tanta
3099 3717 3351 3786 populum
3378 3717 3593 3773 feritate
3623 3720 3904 3786 refertum,

2567 3801 2666 3866 Qui
2703 3811 2910 3857 tentare
2941 3820 3066 3859 snas
3098 3808 3325 3861 auderet
3353 3807 3524 3862 Marte
3554 3819 3825 3864 catervas.

2637 3893 2771 3945 Dum
2805 3897 2997 3948 tumuit
3036 3895 3175 3951 fastu
3206 3898 3354 3952 licito
3375 3898 3672 3966 jactantius
3704 3901 3826 3965 isto,

2565 3984 2744 4036 Audiit
2779 3986 2900 4041 inde
2930 3987 3061 4042 locis
3093 4001 3307 4058 gentem
3341 3991 3536 4060 degere
3567 3993 3812 4056 remotis,

2565 4073 2789 4128 Gallieia
2823 4068 3042 4146 regione
3074 4080 3231 4133 sitam
3263 4080 3517 4150 belloque
3550 4085 3853 4153 superbam.

2566 4163 2766 4218 Christi
2799 4167 3080 4221 cultricem
3114 4169 3639 4243 simulacrorumque
3666 4173 3942 4238 rebellem,

2566 4251 2694 4316 Quze
2723 4270 2816 4306 sua
2847 4257 3105 4310 continuo
3140 4266 3374 4312 tentaret
3405 4275 3662 4329 spernere
3690 4261 3833 4330 jura,

2489 4376 2538 4432 Β
2567 4342 2713 4397 Velle
2741 4360 2941 4414 negans
2969 4347 3202 4402 dominis
3228 4350 3354 4403 olim
3389 4352 3502 4406 fore
3529 4351 3738 4406 subdita
3771 4368 3973 4422 pravis.

2567 4433 2683 4498 Quo
2714 4450 2806 4488 rex
2832 4447 3127 4505 comperto,
3162 4437 3408 4494 fervebat
3436 4441 3699 4496 dazmonis
3732 4443 3836 4507 ira,

2563 4524 2740 4579 Corde
2771 4543 2964 4595 gerens
2999 4538 3235 4584 veterem
3269 4534 3538 4601 serpentis
3562 4535 3794 4607 denique
3818 4537 4003 4604 bilem,

2564 4616 2931 4690 Volvebatque
2960 4623 3049 4676 diu
3075 4622 3349 4678 ﬂammato
3377 4627 3611 4681 dedecus
3637 4637 3777 4693 astu,

2560 4710 2697 4776 Quid
2732 4710 2934 4767 faceret
2967 4716 3150 4780 tantis,
3184 4717 3365 4771 animo
3397 4728 3656 4784 tractans,
3691 4723 3942 4778 inimicis.

2559 4801 2822 4866 Tandem,
2856 4819 3049 4874 nempe
3075 4807 3195 4861 dolo
3225 4810 3434 4864 cunctis
3458 4805 3568 4878 jam
3600 4813 3738 4868 forte
3770 4825 3994 4880 retecto,

2557 4890 2767 4945 Aﬁatur
2788 4909 3044 4962 proceres
3066 4899 3360 4964 przedivitis
3384 4901 3534 4955 urbis
3562 4903 3781 4969 heriles,

2558 4985 2705 5038 Talia
2737 4986 2994 5054 pestifero
3017 4989 3265 5044 latrando
3293 4993 3511 5046 verbula
3537 5005 3714 5050 rostro
3740 5015 3753 5050 :

2555 5077 2672 5131 Non
2710 5077 2863 5143 latet,
2896 5080 3121 5150 imperio
3151 5099 3304 5155 reges
3336 5089 3689 5143 succumbere
3716 5100 3920 5153 nostro,

2556 5167 2750 5225 Vivere
2783 5182 3090 5227 nostrarum
3123 5192 3224 5230 nec
3253 5194 3357 5232 non
3386 5181 3756 5237 moderamine
3787 5185 3988 5256 legum,

2555 5259 2756 5315 Omnes
2778 5262 3026 5318 Oceanus
3047 5275 3233 5334 gentes
3266 5283 3400 5337 quas
3431 5270 3624 5325 circuit
3655 5273 3815 5329 altus.

2554 5351 2662 5407 Sed
2687 5368 2807 5423 quae
2836 5354 3088 5412 Gallicios
3110 5359 3308 5415 retinet
3330 5361 3522 5416 ﬁducia
3555 5373 3740 5433 captos

2553 5442 2774 5508 Nescio,
2800 5446 3042 5515 gratiolte
3066 5460 3325 5518 respuant
3354 5461 3413 5506 ut
3441 5451 3645 5508 foedera
3673 5465 3896 5524 nostrae,
