4482 5548
400 319 422 372 1
435 316 532 371 097

398 434 597 496 Donec,
631 449 694 485 ex
729 432 928 485 nostris
957 431 1135 493 strati,
1168 444 1265 499 per
1293 426 1473 483 secula
1507 424 1643 488 telis,

397 527 554 582 Inviti
584 525 784 579 nostris
806 524 1129 577 submittant
1154 521 1290 575 colla
1320 520 1547 574 catenis.

464 615 590 669 Hmc
614 624 895 684 postquam
912 613 1103 682 jactat,
1126 624 1452 679 causamque
1474 608 1578 662 doli
1607 605 1961 669 memorabat,

393 705 563 761 Jussit
590 704 831 759 collectis
866 702 1055 771 vulgus
1082 714 1411 755 concurrere
1438 696 1648 757 turmis,

392 799 681 852 Armorum
712 795 878 848 variis
904 794 1226 848 instructum
1257 792 1487 861 denique
1518 789 1708 858 signis,

394 888 649 956 Pergeret
678 895 735 939 ut
764 894 975 956 gentem
1003 900 1190 939 secum
1216 882 1396 937 delere
1427 880 1656 944 fidelem,

392 980 749 1048 Ostentatque
776 994 933 1032 suum
960 984 1231 1047 gemmato
1257 974 1469 1029 casside
1494 973 1724 1036 vultum,

392 1069 589 1123 Ferrea
614 1068 830 1123 lascivis
856 1067 1137 1136 imponens
1165 1065 1399 1135 tegmina
1426 1064 1703 1125 membris,

391 1157 724 1226 Talicuuque
751 1156 926 1211 locum
953 1164 1162 1225 peteret
1185 1169 1378 1225 pompa
1408 1162 1790 1217 memoratum,

390 1249 457 1301 Et
486 1258 699 1317 gentem
732 1248 904 1317 primo
935 1254 1166 1301 tentaret
1195 1245 1424 1315 denique
1452 1244 1612 1309 bello,

390 1338 673 1408 Extemplo
699 1346 907 1392 tantum
935 1338 1166 1393 sortitur
1192 1350 1424 1405 namque
1452 1336 1807 1405 triumphum.

395 1431 652 1504 ηιιυι
669 1431 784 1501 jam
814 1432 897 1486 bis
924 1446 1103 1495 senos,
1131 1445 1235 1483 una
1266 1444 1387 1483 cum
1413 1429 1655 1498 principe
1684 1436 1891 1496 captos,

389 1523 650 1592 lllaqueat
678 1522 927 1587 comites,
959 1521 1127 1576 arctis
1153 1520 1481 1590 Stringitque
1507 1518 1732 1572 catenis.

461 1615 557 1669 His
585 1628 869 1684 procerum
899 1613 1109 1667 damnis
1140 1627 1331 1682 magna
1360 1610 1575 1665 feritate
1599 1608 1819 1679 paratis,

391 1706 566 1761 Cessit
586 1706 727 1760 victa
751 1705 861 1759 suis
886 1703 1145 1758 fidissima
1175 1718 1307 1772 gens
1333 1702 1585 1763 inimicis,

390 1796 650 1852 Subditur
679 1804 842 1864 atque
868 1794 998 1866 jugo
1026 1793 1267 1864 perversi
1295 1792 1437 1862 regis
1465 1792 1667 1861 iniquo.

388 1886 561 1955 Tunc,
594 1896 896 1944 restaurata
925 1901 1110 1940 rursus
1135 1900 1346 1954 quoque
1375 1884 1577 1939 [uadere
1608 1883 1804 1953 primo,

386 1975 546 2031 Loris
573 1975 871 2047 procedunt
892 1974 1063 2029 vincti
1092 1974 1320 2029 comites
1348 1972 1604 2037 duodeni,

386 2066 523 2121 Cum
546 2066 865 2137 concaptivo
892 2065 1021 2120 victi
1050 2076 1262 2121 rectore
1289 2064 1505 2135 p0pelli.

387 2158 489 2227 Qui
519 2159 678 2214 citius
702 2158 895 2214 vinclis
924 2158 1296 2215 dissolvuntur
1320 2157 1590 2221 resolutis,

386 2250 635 2322 Exempli
667 2251 895 2321 propriae
923 2252 1096 2322 pretio
1123 2266 1270 2321 gazae
1294 2264 1600 2304 numeroso.

387 2341 496 2399 Sed
523 2343 677 2398 ducis
698 2351 780 2398 est
806 2343 1040 2413 pretium
1058 2344 1211 2413 jussu
1238 2344 1381 2413 regis
1410 2342 1762 2412 duplicatum,

387 2435 650 2507 Ultraque
679 2450 841 2506 quam
872 2435 1105 2505 propriis
1130 2436 1301 2505 possit
1326 2434 1637 2505 persolvere
1666 2434 1831 2506 gazis.

386 2526 630 2598 Cumque
658 2528 742 2583 sui
774 2542 933 2583 causa
960 2527 1071 2598 regi
1108 2526 1344 2583 deferret
1371 2541 1555 2593 avaro,

387 2615 516 2684 Qua:
543 2616 758 2687 quidem
788 2617 990 2673 habere
1019 2617 1162 2671 domi
1195 2617 1413 2672 sibimet
1441 2616 1635 2680 suevit,
1666 2614 1890 2685 pretiosi

386 2707 561 2763 Causa
590 2708 823 2763 condicti
853 2723 1081 2779 parvum
1108 2708 1239 2779 quid
1266 2707 1435 2763 defuit
1463 2708 1600 2761 anrl.

387 2797 542 2865 Quod
582 2814 678 2854 rex
714 2799 1035 2864 sentiscens,
1067 2799 1311 2855 fraudem
1343 2814 1557 2868 quoque
1590 2806 1768 2853 mente
1782 2798 1956 2853 revol-

386 2889 533 2947 Dixit
556 2891 695 2946 nolle
720 2892 910 2947 ducem
934 2890 1129 2961 populo
1156 2892 1425 2945 dimittere
1448 2890 1681 2955 dulcem,

385 2980 452 3037 Ni
482 2984 631 3052 prius
659 2982 919 3037 indictum
950 2982 1107 3053 plene
1136 2982 1310 3037 solvat
1345 2982 1445 3037 sibi
1475 2996 1725 3046 censum,

386 3072 502 3128 Non
535 3074 724 3129 sitiens
755 3083 960 3129 tantum
987 3072 1145 3143 pretii
1176 3072 1317 3143 quod
1344 3073 1513 3127 defuit
1534 3089 1747 3139 aurum,

386 3162 655 3231 Quantum
684 3174 950 3219 rectorem
983 3163 1157 3234 populi
1196 3165 1357 3233 gestit
1388 3165 1517 3218 dare
1547 3166 1726 3220 morti.

456 3256 557 3322 Qui
590 3256 770 3311 fuerat
795 3267 955 3311 natus
978 3257 1225 3327 praeclari
1256 3258 1539 3327 germinis,
1573 3275 1732 3324 unus,

386 3346 543 3401 Omni
566 3348 848 3415 praanitida
875 3348 1170 3416 compostis
1200 3363 1423 3416 corpore
1457 3347 1649 3410 forma,

386 3435 591 3492 Nomen
620 3438 889 3509 Pelagius,
926 3438 1110 3494 forma:
1140 3439 1423 3510 splendore
1456 3442 1703 3505 decorus,

385 3527 623 3584 Consilio
650 3531 907 3601 prudens,
935 3539 1041 3586 tota
1068 3533 1309 3588 bonitate
1338 3532 1642 3602 refulgens;

387 3618 513 3686 Qui,
537 3620 626 3674 vix
655 3623 942 3678 transactis
962 3623 1075 3693 jam
1111 3632 1236 3679 tunc
1262 3625 1560 3694 puerilibus
1587 3627 1762 3693 anuis,

384 3703 578 3782 Attigit
603 3714 778 3773 aetatis
805 3715 1009 3785 primos
1040 3714 1203 3772 ﬂores
1228 3716 1508 3786 juvenilis.

385 3801 627 3872 Cumque
653 3815 735 3860 sat
765 3807 1024 3863 immitem
1054 3810 1193 3879 patri
1222 3812 1386 3865 sciret
1418 3810 1530 3866 fore
1557 3828 1759 3883 regem,

386 3889 504 3946 Tali
532 3906 848 3950 manentem
879 3897 1152 3953 blanditur
1179 3916 1310 3956 voce
1337 3912 1613 3972 parentem
1647 3922 1660 3957 :

459 3982 505 4039 Ο
534 3985 606 4038 mi
633 3987 796 4042 chare
819 3997 993 4057 pater,
1030 4006 1149 4045 mea
1175 3994 1388 4061 suscipe
1416 3996 1580 4049 verba
1613 3995 1864 4060 libenter,

384 4073 473 4138 Et,
504 4089 623 4143 quae
644 4091 984 4145 commoneo,
1012 4094 1171 4136 sensu
1205 4082 1340 4137 bene
1368 4086 1584 4153 percipe
1611 4097 1875 4158 prompto.

386 4164 570 4220 Calleo
605 4181 839 4237 namque
864 4179 1010 4223 tuam
1039 4172 1191 4226 senio
1220 4175 1539 4230 decrescere
1565 4177 1751 4242 vitam,

384 4255 605 4313 Viribus
628 4269 682 4314 et
711 4262 943 4331 prOpriis
972 4278 1169 4319 nervos
1195 4265 1412 4335 penitus
1438 4278 1696 4323 vacuatos
1716 4310 1730 4333 ,

384 4346 497 4403 Nec
522 4358 573 4404 te
597 4364 756 4418 posse
784 4351 1002 4419 quidem
1038 4354 1172 4409 levis
1200 4357 1329 4426 quid
1371 4356 1515 4412 ferre
1544 4358 1766 4414 laboris.

383 4440 483 4495 Ast
513 4455 613 4512 ego
640 4442 733 4497 sed
776 4442 967 4498 validis
996 4444 1317 4502 dominabor
1345 4450 1541 4518 quippe
1572 4450 1820 4518 lacertis,

384 4529 465 4583 Ad
502 4539 816 4601 tempusque
842 4541 1035 4603 potens
1063 4535 1296 4590 dominis
1325 4538 1680 4593 succumbere
1710 4541 1891 4607 duris,

386 4620 728 4692 Quapropter
759 4638 987 4691 moueo,
1020 4627 1275 4695 precibus
1308 4628 1629 4699 blandisque
1659 4634 1860 4703 rogabo

390 4710 546 4782 125
575 4709 644 4768 Ut
674 4713 784 4783 regi
816 4724 1001 4769 natum
1025 4731 1111 4770 me
1137 4718 1377 4787 deponas
1402 4719 1493 4774 tibi
1518 4720 1765 4790 charum,

386 4800 565 4857 Donec
589 4803 820 4859 sufﬁcias
841 4807 1073 4876 pretium
1110 4808 1415 4878 persolvere
1441 4819 1633 4879 totum,

385 4889 464 4947 Ne
490 4900 583 4946 tua
613 4894 841 4948 canities
870 4895 1059 4951 vinclis
1091 4896 1375 4953 intercidat
1401 4900 1585 4956 arctis.

453 4984 523 5039 Et
546 4986 727 5041 senior
754 4996 941 5041 contra
973 4988 1189 5044 dicebat
1224 5005 1357 5046 voce
1383 5007 1603 5049 severa:

385 5076 584 5133 Desine
614 5086 762 5132 tanta
794 5080 959 5148 loqui,
988 5080 1317 5148 dulcissime,
1345 5086 1552 5158 desine,
1582 5087 1681 5157 ﬁli,

384 5168 461 5224 Ne
489 5185 721 5225 maerore
751 5187 900 5228 meos
928 5173 1093 5228 ducas
1123 5174 1176 5229 in
1204 5184 1406 5231 tartara
1438 5194 1623 5235 canos.

382 5258 573 5313 Nonne
596 5258 767 5316 salute
798 5273 888 5318 tua
911 5263 1108 5333 pendet
1140 5274 1350 5320 tantum
1376 5283 1495 5323 mea
1520 5271 1648 5335 vita,

380 5350 446 5405 Et
473 5350 594 5404 sine
624 5359 675 5403 te
702 5356 932 5421 Spatium
960 5352 1111 5407 valeo
1141 5358 1226 5426 pie
1259 5356 1443 5413 vivere
1474 5360 1675 5418 nullum
1700 5366 1723 5419 ’ἶ

379 5442 454 5497 Te
484 5443 648 5496 decus
673 5457 829 5503 omne
863 5460 1067 5507 meum,
1100 5455 1155 5503 tu
1186 5449 1356 5519 gloria
1400 5468 1591 5523 magna
1618 5466 1925 5526 parentum,

380 5532 416 5548 I‘V

1670 310 1907 364 PASSIO
1945 311 2000 362 5.
2044 309 2329 367 PELAGII.

1991 420 2040 480 Α
2069 418 2238 484 Quam
2271 432 2322 475 te
2356 426 2653 493 grandaeva:
2683 430 2871 482 vinclis
2906 445 3051 499 spem
3083 434 3296 487 tradere
3326 436 3464 488 vitm.

1785 2888 1959 2962 [vens,

3495 324 3626 380 l098

2133 511 2247 564 Non
2280 514 2399 567 tulit
2429 531 2557 585 ergo
2589 528 2790 587 patrem
2822 520 3065 593 Pelagius
3093 525 3189 577 ista
3220 536 3555 595 sequentem,

2065 598 2170 653 Sed
2200 602 2396 656 mulcet
2422 605 2581 660 dictis
2611 618 2840 663 mentem
2871 612 3021 665 chari
3059 615 3337 682 genitoris,

2062 689 2129 743 Et
2162 694 2301 762 cogit
2332 696 2557 761 blandis,
2588 702 2727 768 quod
2755 704 2925 757 suasit
2947 704 3102 769 velle,
3138 706 3384 774 loquelis.

2062 779 2347 838 Conscnsit
2374 789 2622 854 precibus
2656 793 2867 847 tandem
2894 796 3103 863 genitor
3131 797 3488 862 venerandus,

2064 869 2310 927 Tradidit
2334 885 2388 929 et
2418 886 2623 943 natum,
2650 892 2818 939 semet
2849 886 3183 951 redimendo,
3216 887 3502 943 misellum.

2063 960 2213 1017 Tunc
2240 980 2329 1019 rex
2352 966 2622 1038 Pelagium
2652 972 2805 1039 iussit
2832 975 3126 1043 perducere
3148 992 3354 1043 secum,

2064 1050 2133 1105 Et
2170 1054 2323 1109 laetus
2354 1060 2511 1112 rediit
2545 1064 2773 1128 patriam
2808 1066 3085 1136 victorque
3114 1070 3319 1123 revisit.

2135 1143 2320 1201 Nullus
2351 1164 2448 1217 pro
2478 1152 2686 1206 meritis
2708 1155 2891 1209 credat
2918 1156 3116 1212 factum
3150 1159 3266 1213 fore
3296 1162 3437 1231 regis

2063 1230 2199 1300 Hoc,
2235 1240 2375 1309 quod
2409 1249 2513 1293 tam
2546 1243 2765 1310 pulchra
2791 1248 3037 1303 vincebat
3066 1251 3293 1321 denique
3317 1230 3531 1324 pompa,

2066 1326 2171 1381 Sed
2200 1344 2353 1399 mage
2373 1331 2579 1401 judicio
2609 1347 2817 1392 secreto
2842 1338 3045 1395 Judiris
3071 1345 3235 1411 aequi,

2068 1418 2136 1471 Ut
2167 1422 2413 1488 populus,
2450 1432 2595 1479 tanto
2628 1439 2907 1499 correptus
2938 1432 3037 1485 rite
3061 1432 3289 1503 ﬂagello,

2062 1515 2245 1571 Fleret
2279 1522 2439 1575 totius
2467 1526 2667 1593 prOprii
2701 1528 2985 1581 commissa
3016 1540 3213 1595 reatus,

2065 1609 2180 1675 γει,
2213 1612 2353 1680 quod
2384 1612 2647 1685 Pelagius,
2679 1616 2875 1673 Christi
2905 1636 3003 1689 pro
3035 1623 3147 1693 lege
3180 1629 3475 1693 necandus,

2066 1699 2228 1755 Forte
2254 1702 2426 1756 locum
2457 1714 2661 1773 peteret
2688 1725 2794 1776 quo
2823 1725 2883 1763 se
2911 1714 3069 1767 morti
3097 1714 3225 1769 dare
3253 1728 3452 1784 posset.

1989 1780 2039 1839 B
2066 1788 2175 1844 Nec
2206 1806 2309 1845 non
2339 1796 2687 1864 sanguineum
2714 1814 2810 1867 pro
2838 1800 3054 1855 Christo
3077 1802 3299 1861 fundere
3328 1810 3521 1875 rivum,

2062 1877 2383 1950 lmpendens
2405 1885 2635 1939 animam
2662 1887 2886 1944 Domino
2914 1892 3049 1946 bene
3073 1904 3244 1950 morte
3267 1898 3488 1966 piatam.

2132 1970 2418 2042 Postquam
2449 1991 2542 2030 rex
2572 1978 2757 2033 urbem
2787 1982 2962 2052 tetigit
2991 1998 3161 2040 sazvus
3193 1986 3532 2059 locupletem,

2062 2058 2288 2117 Portaus
2311 2064 2623 2133 praeclarum
2653 2068 2794 2124 victa
2826 2071 2890 2126 de
2914 2082 3071 2141 gente
3100 2058 3447 2148 triumphum,

2061 2152 2213 2209 Ilicet
2234 2158 2505 2228 egregium
2536 2160 2734 2216 Christi
2765 2166 3017 2235 prazcepit
3047 2169 3278 2223 amicum

2062 2244 2306 2301 Carceris
2327 2249 2377 2302 in
2402 2250 2649 2305 tenebras
2674 2254 2907 2309 vinctum
2937 2258 3282 2330 submergere
3304 2263 3504 2334 nigras,

2063 2334 2389 2407 Deliciisque
2415 2342 2535 2396 cibo
2565 2345 2825 2399 nutritum
2854 2362 3073 2416 pascere
3099 2367 3280 2420 parvo.

2133 2428 2378 2485 Corduba
2408 2448 2637 2504 namque
2662 2436 2834 2491 locum
2858 2450 3039 2494 servat
3064 2444 3163 2497 sub
3186 2443 3388 2501 fornice
3412 2457 3626 2514 tetrum,

2064 2518 2298 2576 Oblitqu
2336 2521 2469 2577 lucis
2496 2525 2977 2597 consignatumque
3003 2535 3255 2601 tenebris,

2067 2610 2228 2681 126
2257 2611 2484 2666 Maxima
2512 2614 2602 2683 qui
2636 2616 2846 2673 miseris
2877 2619 3048 2675 fertur
3074 2622 3189 2680 fore
3215 2643 3377 2684 causa
3413 2630 3629 2689 doloris.

2062 2700 2173 2755 lllic
2190 2701 2455 2773 Pelagius,
2486 2705 2803 2774 praapollens
2827 2710 2974 2777 pacis
3001 2713 3270 2781 alumnus,

2062 2792 2361 2861 Clauditur,
2395 2798 2619 2868 imperio
2651 2806 2789 2876 regis
2818 2821 3041 2879 cogente
3078 2813 3329 2873 nefando.

2060 2892 2173 2948 lllic
2195 2909 2323 2966 ergo
2346 2896 2444 2950 viri
2475 2912 2735 2955 venerunt
2771 2904 2958 2960 sedulo
2989 2909 3178 2977 primi,

2063 2985 2341 3042 Mulceudo
2369 3002 2602 3048 mentem
2626 2994 2861 3066 juvenis,
2889 3017 3050 3057 causa
3072 3006 3305 3074 pietatis.

1988 3125 2035 3190 ο
2065 3077 2189 3190 Qui,
2222 3096 2342 3135 cum
2375 3084 2635 3190 vidissent
2659 3091 2862 3146 vultum
2898 3098 3038 3167 capti
3069 3103 3389 3169 speciosum,

2066 3167 2176 3225 Nec
2204 3185 2307 3225 non
2338 3174 2621 3242 praedulcis
2644 3190 2950 3250 gustassent
2982 3167 3147 3256 ipsius
3173 3191 3284 3245 oris

2066 3261 2320 3328 Verbula,
2351 3265 2633 3323 rhetorica:
2661 3272 2962 3331 circumlita
2987 3279 3143 3334 melle
3174 3283 3419 3353 loquelae,

2064 3351 2335 3423 Optabant
2367 3359 2601 3427 speciem
2629 3362 2819 3420 vinclis
2844 3368 3121 3425 absolvere
3152 3351 3334 3429 talem.

2065 3443 2191 3501 llaec
2214 3456 2265 3500 et
2287 3461 2576 3505 suaserunt
2604 3455 2713 3524 regi
2731 3454 2841 3522 jam
2873 3469 3083 3528 sceptra
3110 3466 3331 3520 tenenti.

2134 3537 2310 3607 lpsum
2342 3539 2513 3596 felicis
2542 3552 2689 3599 certe
2716 3560 2985 3602 summum
3013 3563 3171 3620 caput
3206 3556 3375 3619 urbis,

2064 3628 2385 3700 Corruptum
2415 3633 2577 3698 vitiis,
2607 3642 3022 3707 cognoscebant,
3056 3642 3364 3713 Sodomitis,

2065 3720 2356 3777 Formosos
2383 3723 2518 3779 facie
2539 3725 2764 3794 juvenes
2797 3734 3048 3788 ardenter
3074 3751 3275 3802 amare,

2066 3812 2174 3868 llas
2204 3824 2257 3869 et
2286 3816 2536 3873 amicitia:
2556 3823 2794 3891 propria:
2814 3825 3134 3897 conjungere
3158 3831 3313 3885 velle.

2068 3904 2235 3975 llujus
2269 3923 2499 3977 namque
2527 3911 2601 3965 rei
2631 3927 2915 3981 memores,
2944 3918 3123 3973 animo
3154 3923 3454 3989 miseranti,

2068 3998 2237 4053 Causa
2268 4000 2486 4069 Pelagii,
2517 4016 2803 4060 suaserunt
2838 4008 2959 4062 talia
2994 4011 3136 4081 regi:

2137 4090 2249 4145 Non
2263 4094 2415 4147 decet
2428 4109 2555 4164 ergo
2571 4103 2739 4159 ιιιιιιιι,
2756 4097 3003 4169 princeps
3018 4100 3327 4165 fortissime.
3344 4116 3638 4177 sceptrum,

2068 4185 2284 4239 Duritcr
2310 4196 2367 4239 ut
2396 4201 2618 4255 puerum
2648 4190 2868 4243 mandes
2894 4192 3080 4257 punire
3108 4196 3383 4263 decorum,

2066 4274 2281 4330 Obsidis
2306 4284 2358 4329 et
2385 4286 2597 4332 teneros
2624 4278 2851 4334 insontis
2882 4282 3149 4352 stringere
3178 4300 3396 4352 nervos,

2068 4365 2196 4433 Ejus
2224 4368 2561 4436 prmuitidam
2595 4369 2757 4424 velles
2782 4371 2823 4424 si
2855 4386 3076 4428 cernere
3108 4374 3359 4442 formam,

1916 4526 1935 4536 _
1990 4487 2043 4549 Ι)
2071 4459 2134 4512 Ει
2164 4468 2272 4512 tam
2304 4458 2559 4512 mollitam
2592 4459 2777 4513 saltem
2810 4470 3025 4529 gustare
3052 4463 3342 4535 loquelam,

2062 4562 2233 4629 Quam
2261 4568 2488 4621 cuperes
2506 4549 2759 4620 juvenem
2793 4553 3001 4610 tibimet
3034 4558 3361 4629 conjungere
3387 4563 3566 4629 talem,

2060 4651 2241 4707 Gradu
2272 4645 2477 4700 militia:
2506 4658 2605 4699 nec
2638 4661 2741 4701 non
2771 4662 3046 4703 assumere
3079 4652 3283 4719 primae,

2060 4742 2296 4811 Corpore
2323 4735 2606 4790 candidqu
2643 4736 2735 4791 tibi
2763 4751 2869 4807 quo
2892 4739 3118 4795 serviret
3144 4741 3194 4795 in
3228 4743 3371 4797 aula.

2132 4830 2227 4885 llis
2252 4844 2345 4883 rex
2384 4826 2622 4880 mollitus
2648 4826 2823 4889 dictis,
2859 4828 2960 4883 hac
2990 4845 3124 4885 voce
3157 4840 3399 4901 coactus,

2065 4921 2233 4978 Jussit
2262 4918 2537 4988 Pelagium
2567 4917 2719 4972 nodis
2748 4918 2975 4973 evellere
3001 4921 3171 4985 duris,

2068 5013 2346 5082 Omneque
2374 5010 2590 5065 lavacro
2617 5025 2813 5080 corpus
2842 5011 3121 5084 detergere
3149 5029 3304 5083 puro,

2067 5103 2321 5172 Laetaque
2354 5116 2626 5173 purpureo
2655 5101 2996 5158 circumdare
3036 5106 3269 5177 tegmine
3296 5114 3584 5172 membra,

2067 5196 2273 5253 Collum
2301 5195 2586 5266 gemmatis
2613 5209 2713 5249 nec
2743 5211 2848 5251 non
2875 5210 3075 5253 ornare
3106 5196 3363 5262 metallis,

2070 5289 2185 5358 Quo
2216 5287 2352 5341 bene
2381 5295 2693 5342 constructa
2721 5295 2904 5357 posset
2924 5286 3045 5348 fore
3066 5290 3221 5347 miles
3255 5288 3307 5341 in
3334 5296 3515 5355 aula.

2072 5379 2306 5438 Caesaris
2331 5378 2563 5447 imperio
2594 5389 2723 5435 tunc
2752 5382 2865 5436 haec
2894 5396 3126 5456 urgente
3150 5380 3429 5453 superbo,

2072 5468 2355 5537 Extemplo
2376 5466 2553 5537 nigris
2579 5478 2787 5541 martyr
2810 5473 3131 5542 producitur
3160 5472 3351 5535 antris,
