4482 5548
810 411 947 469 1099

806 530 863 583 In
896 542 1052 595 quem
1085 519 1360 577 conversis
1382 533 1567 572 omnes
1598 515 1860 568 mirantur
1889 510 2090 563 necllis.

810 619 967 691 127
997 616 1130 669 Tum
1159 612 1347 665 faciem
1373 609 1607 678 juvenis,
1627 615 1739 658 tum
1765 604 1935 657 dulcia
1964 599 2177 654 verbnla
2204 598 2385 660 fantis,

807 716 1039 781 Aspectu
1066 709 1239 777 primo
1266 718 1479 775 quoque
1512 716 1604 755 rex
1636 711 1931 767 suspensus
1964 695 2015 749 in
2050 692 2160 755 illo,

806 803 1043 858 Ardebat
1069 801 1298 853 formam
1334 793 1523 864 regalis
1546 790 1728 860 stirpis
1753 786 2058 841 amandam.

808 894 1046 951 Tandem
1081 890 1353 959 Pelagium
1385 886 1609 939 nimium
1647 879 1923 936 mandavit
1951 875 2238 930 amandum

805 986 864 1041 1n
902 984 1037 1039 solio
1080 982 1229 1051 regni
1263 978 1575 1049 secumjam
1610 974 1747 1030 forte
1774 971 1964 1034 locari,

808 1079 952 1148 Ignis
983 1086 1040 1129 ut
1067 1058 1431 1143 ipsins'tierct,
1460 1069 1557 1123 sibi
1591 1064 2033 1134 sedulojunctus,

806 1170 1113 1237 Fronteqne
1146 1164 1411 1220 Submissa
1448 1161 1705 1214 libaverat
1734 1154 1914 1209 oscula
1951 1154 2138 1213 cltaro,

808 1262 1049 1318 Allectus
1073 1274 1232 1313 causa
1262 1254 1626 1323 complectens
1656 1257 1841 1317 utpote
1879 1245 2035 1300 colla.

883 1355 995 1408 Non
1027 1353 1228 1421 patitur
1250 1348 1408 1400 talem
1441 1342 1639 1399 Christi
1669 1355 1791 1394 nam
1816 1339 1971 1393 miles
1998 1349 2235 1389 amorem

810 1448 975 1518 Regis
1005 1443 1219 1515 pagani,
1251 1440 1374 1492 luxu
1403 1434 1587 1490 carnis
1617 1429 1891 1492 maculati,

805 1539 1009 1593 Aurem
1042 1534 1208 1605 regali
1234 1534 1423 1587 ludens
1448 1529 1539 1585 sed
1564 1526 1792 1582 contulit
1820 1524 1921 1587 ori,

810 1630 1002 1701 Magno
1034 1626 1260 1682 ridiculo
1286 1626 1561 1680 divertens
1585 1636 1681 1676 ora
1710 1627 1923 1689 negata,

816 1722 983 1776 Fatus
1005 1730 1057 1774 et
1081 1717 1295 1788 egregio
1319 1716 1533 1770 dicebat
1557 1713 1684 1767 talia
1716 1723 1893 1766 rostro
1934 1728 1943 1759 :

832 1818 928 1866 Non
960 1816 1110 1866 iteret
1142 1826 1269 1880 ergo
1302 1809 1499 1871 virum,
1536 1805 1737 1861 Christi
1767 1803 2092 1871 baptismate
2125 1798 2290 1849 lotum

815 1906 1002 1961 Sobria
1040 1902 1324 1958 barbarico
1354 1898 1635 1968 complexu
1666 1896 1896 1950 subdere
1920 1892 2072 1954 colla,

815 1998 921 2050 t'cd
952 2011 1048 2047 nec
1072 1990 1447 2045 Christicolam
1473 1996 1685 2041 sacrato
1706 1984 2002 2039 chrismate
2033 1980 2283 2040 tinctum,

816 2085 1082 2140 liaemonis
1111 2082 1354 2136 oscillum
1386 2079 1565 2148 spurci
1597 2085 1813 2145 captare
1848 2071 2070 2126 famelli.

815 2180 955 2247 l'lrgo
983 2177 1145 2229 corde
1180 2175 1321 2227 viros
1346 2172 1494 2225 licito
1524 2168 1882 2236 complectere
1915 2164 2127 2225 stultos,

816 2270 914 2335 Qui
955 2277 1132 2320 tecum
1162 2267 1337 2319 fatuos
1360 2262 1641 2332 placantur
1667 2258 1872 2326 cespite
1902 2256 2075 2317 divos,

816 2362 1044 2428 Sintque
1080 2357 1170 2412 tibi
1204 2356 1356 2419 socii,
1381 2353 1523 2408 servi
1549 2351 1638 2420 qui
1666 2358 1790 2404 sunt
1816 2345 2109 2401 simulacri.

893 2453 998 2507 Sed
1034 2466 1125 2505 rex
1150 2468 1179 2503 e
1209 2459 1418 2511 contra,
1453 2444 1594 2500 nulla
1622 2442 1944 2497 commotior
1976 2441 2076 2502 ira,

823 2545 1054 2598 Molliter
1083 2541 1350 2609 ephebum
1382 2538 1567 2591 dicens
1596 2534 1867 2589 mulcebat
1890 2529 2178 2584 amandum
2214 2543 2226 2580 :

819 2638 864 2693 t)
903 2634 1102 2689 lascive
1131 2648 1286 2701 puer,
1321 2630 1499 2699 jactas
1536 2636 1585 2681 te
1617 2640 1772 2695 posse
1797 2624 2021 2677 licenter

821 2726 1089 2797 Spernere
1115 2731 1221 2775 tam
1251 2722 1433 2773 mitem
1465 2718 1634 2771 nostri
1671 2716 1810 2784 juris
1838 2716 2116 2785 pietatem,

822 2818 1204 2882 Andacterquc
1228 2811 1330 2865 diis
1366 2809 1525 2864 toties
1558 2808 1780 2861 illuderc
1808 2806 2030 2866 nostris,

822 2907 935 2961 Nec
970 2915 1148 2959 monet
1177 2902 1354 2956 anatis
1392 2914 1630 2970 praesens
1662 2898 1915 2951 damnum
1941 2892 2218 2964 juvenilis,

822 2999 887 3054 Et
920 2997 1061 3067 quod
1092 3002 1387 3049 mret-entes
1410 2991 1631 3047 orbabis
1658 2989 1794 3044 forte
1820 2995 2093 3056 parentes,

821 3090 1003 3145 Nostri
1035 3088 1402 3157 blasphemos,
1445 3092 1617 3154 urget,
1652 3081 1825 3135 cultus
1857 3079 2197 3141 cruciandos,

828 3184 1072 3238 Subdcre
1104 3195 1201 3234 vos
1228 3178 1411 3243 morti,
1446 3186 1657 3230 vestros
1678 3172 2001 3244 jugulosque
2042 3170 2231 3231 forari,

824 3274 887 3327 Ν
916 3273 1127 3333 cedant,
1157 3278 1211 3323 et
1240 3267 1611 3336 blaspliemam
1638 3272 1894 3331 respuant
1915 3260 2200 3313 rationem.

830 3369 1059 3423 llortatn
1092 3378 1285 3417 moneo
1316 3368 1645 3430 quapropter
1667 3356 1865 3424 quippe
1890 3364 2139 3423 paterno,

828 3461 1051 3514 Talibus
1084 3468 1140 3511 ut
1172 3454 1352 3510 verbis
1379 3466 1571 3522 parcas
1600 3463 1756 3503 sazva:
1785 3445 2031 3507 rationis,

828 3554 893 3607 lit
922 3566 1131 3606 mecmn
1158 3546 1404 3603 stabilem
1436 3548 1746 3611 comportes
1778 3538 1973 3590 mentis
2003 3546 2269 3595 amorem,

835 3648 946 3702 hec
972 3654 1144 3699 tentes
1175 3648 1419 3695 nostrum
1457 3643 1576 3704 post
1606 3634 1719 3687 haec
1750 3628 2021 3685 offendere
2042 3628 2271 3696 jussum,

830 3736 1023 3805 Magno
1054 3732 1146 3787 sed
1178 3730 1359 3785 studio
1389 3740 1573 3781 serves
1611 3737 1727 3777 mea
1752 3722 1893 3775 dicta
1921 3716 2213 3787 sequenda,

832 3830 909 3884 'l‘e
949 3828 1074 3897 quia
1106 3826 1267 3880 corde
1296 3822 1432 3883 colo,
1468 3833 1568 3873 nec
1598 3831 1701 3871 non
1734 3812 2047 3868 venerarier
2073 3806 2243 3877 opto,’

835 3920 997 3991 128
1020 3917 1192 3972 Tanto
1214 3912 1536 3986 przccunctis
1568 3909 1702 3963 aulw
1731 3904 2012 3976 splendere
2038 3898 2300 3954 ministris

830 4017 983 4069 Alter
1016 4022 1072 4065 ut
1104 4013 1154 4065 in
1188 4024 1350 4079 regno
1383 4008 1478 4069 sis,
1506 4018 1589 4057 me
1618 4008 1932 4072 praestante,
1962 3994 2215 4062 superbo.

904 4106 1032 4160 Haec
1055 4102 1148 4164 ait,
1182 4109 1237 4155 et
1262 4100 1452 4154 dextra
1477 4091 1798 4161 compressit
1824 4085 2077 4154 martyris
2111 4096 2231 4144 ora,

836 4198 1133 4254 Astrictum
1168 4192 1299 4245 laeva
1326 4186 1691 4255 complectens
1724 4180 1859 4235 colla
1887 4185 2122 4235 sacrata.

836 4292 953 4361 Quo
975 4290 1052 4344 sic
1080 4286 1325 4342 oscillum
1356 4282 1547 4336 saltem
1579 4276 1875 4345 contigeret
1902 4284 2089 4324 unntn.

834 4384 1037 4442 Callida
1070 4381 1163 4436 sed
1193 4378 1347 4433 testis
1378 4372 1621 4430 confudit
1653 4370 1861 4423 ludicra
1901 4365 2067 4432 regis,

836 4480 1017 4548 Osqne
1048 4474 1182 4546 petit
1212 4470 1391 4526 subito
1427 4479 1605 4537 pugno
1634 4460 1813 4534 regale
1837 4457 2069 4517 vibrato,
2100 4458 2107 4466 '

833 4569 1019 4626 Intulit
1042 4576 1097 4622 et
1128 4574 1333 4619 tantum
1365 4559 1551 4631 pronis
1577 4553 1854 4610 obtutibus
1881 4550 2070 4609 ictum,

841 4662 1070 4734 Sanguis
1097 4666 1157 4713 ut
1182 4657 1387 4726 absque
1408 4666 1583 4715 mora,
1607 4647 1817 4704 stillans
1843 4645 1910 4699 de
1940 4640 2160 4695 vulnere
2187 4634 2353 4698 facto,

838 4733 1070 4814 Barbam
1104 4750 1349 4815 fmdavit,
1380 4762 1481 4802 nec
1506 4759 1612 4799 non
1643 4751 1817 4796 vestes
1844 4733 2152 4793 madefecit.

911 4848 1063 4905 Tunc
1093 4862 1211 4911 rex,
1241 4859 1347 4898 non
1372 4838 1639 4894 modicam
1666 4832 1837 4888 tristis
1860 4840 2154 4884 conversus
2185 4823 2240 4877 in
2267 4822 2429 4883 iram,

786 4982 801 5023 δ
840 4945 1010 5003 Jussit
1041 4940 1335 5011 Pelagium,
1367 4931 1608 4991 caelestis
1638 4928 1783 5000 regis
1811 4924 2108 4983 alumnum,

790 5022 799 5039 ³
843 5038 1020 5093 Trans
1046 5010 1231 5088 muros
1258 5026 1473 5101 projici,
1499 5023 1705 5094 jactum
1747 5017 1915 5073 fundo
1946 5010 2258 5074 machinali,

843 5128 1051 5183 Crebro
1072 5122 1337 5178 bellantes
1361 5117 1507 5173 saxis
1534 5127 1655 5184 qum
1684 5106 1915 5181 perfodit
1946 5107 2151 5167 hostes,

848 5216 1055 5275 Nobilis
1084 5222 1143 5268 ut
1178 5210 1354 5274 testis,
1382 5206 1529 5262 ﬂuvii
1557 5203 1779 5260 collisus
1808 5198 2008 5262 arenis,

849 5311 1052 5371 Urbem
1075 5322 1197 5380 qua:
1225 5316 1377 5361 vasto
1412 5300 1635 5373 pr0pius
1658 5291 1985 5353 circumﬂuit
2007 5291 2172 5353 unda,

853 5401 1197 5442 Mornhralim
1235 5402 1485 5442 oreneret
1514 5391 1715 5442 rantim
1748 5386 2062 5442 fractusque
2084 5380 2313 5442 periret.

1670 396 2138 456 llltOTSUiTllAS
2182 392 2499 446 ltiUIleLlS
2535 386 3223 445 GANUERSHEIMENSIS

2414 513 2462 569 Α
2490 504 2774 555 Aietarent
2806 501 2957 555 testis
2984 513 3177 567 corpus
3205 495 3472 566 praedulce
3498 489 3764 556 cadentis,

3927 369 4068 431 H00

2490 597 2737 648 Attamen
2768 593 2963 645 illaesus
2995 590 3193 645 Christi
3226 586 3519 658 permansit
3541 584 3766 639 amicus.

2560 682 2718 739 Certe
2744 683 2951 754 regales
2978 682 3134 736 citius
3169 680 3413 749 pervenit
3440 678 3505 731 ad
3535 689 3713 737 aures,

2493 776 2749 847 Martyris
2786 775 2921 828 allisi
2953 789 3151 843 corpus
3180 788 3281 826 non
3314 784 3470 841 posse
3494 766 3690 832 secari,

2490 869 2644 941 lnfigi
2668 868 2906 938 secpulis
2941 866 3069 935 ripae
3098 862 3420 934 quodjussit
3448 859 3642 914 acutis.

2493 963 2592 1018 Hic
2630 963 2800 1031 magis
2825 958 3078 1019 offensus.
3111 957 3319 1027 penitus
3343 954 3519 1009 fuerat
3539 951 3665 1020 quia
3691 949 3891 1012 victus,

2494 1054 2612 1108 Mox
2639 1062 2799 1123 caput
2828 1048 3197 1115 exactojussit
3229 1046 3509 1102 succidere
3542 1044 3705 1107 ferro,

2495 1148 2561 1201 Et
2596 1142 2975 1201 sententiolam
3016 1141 3091 1193 sic
3129 1151 3386 1193 exercere
3418 1147 3749 1207 supremam.

2497 1236 2737 1305 Denique
2769 1234 3009 1295 lictores,
3038 1229 3237 1299 regalia
3260 1228 3408 1298 jussa
3442 1232 3757 1284 trementes,

2499 1326 2619 1380 Mox
2644 1324 2846 1379 Christi
2886 1331 3075 1377 testem
3107 1319 3285 1387 gladio
3313 1330 3536 1372 secuere
3561 1312 3790 1373 fidelem,

2498 1416 2680 1472 Funus
2700 1422 2753 1469 et
2782 1412 3106 1468 exstinctum
3134 1408 3366 1481 lymphis
3389 1406 3619 1461 credunt
3646 1398 4008 1455 retinendum.

2570 1509 2701 1562 Nam
2732 1506 2902 1569 miles,
2936 1505 3077 1575 regis
3114 1510 3381 1573 prostrata
3414 1505 3607 1559 morte,
3642 1490 3915 1564 perennis,

2502 1602 2685 1655 Victor
2705 1598 2961 1666 stelligeri
2986 1597 3177 1651 volitat
3206 1608 3301 1663 per
3328 1590 3503 1645 sidera
3536 1586 3683 1648 cmli,

2500 1689 2725 1745 leitus
2754 1686 3014 1757 angelicis
3040 1685 3305 1739 deductus
3328 1680 3566 1734 suaviter
3595 1674 3809 1745 hymnis

2506 1781 2666 1851 129
2694 1780 2897 1833 .ludieis
2927 1791 2981 1830 et
3013 1777 3147 1839 veri,
3180 1773 3300 1827 (εωιὶ
3330 1784 3496 1840 super
3531 1777 3673 1820 astra
3711 1762 3872 1825 locati

2429 1869 2473 1927 Β
2502 1876 2543 1929 Ε
2574 1876 2762 1927 dextra
2800 1870 3023 1923 nitidam
3054 1863 3292 1932 suscepit
3317 1871 3556 1929 congrue
3584 1854 3845 1925 palmam,

2504 1968 2608 2021 Pro
2639 1978 2767 2018 nece
2797 1959 3064 2030 martyrii,
3096 1954 3363 2010 laudando
3402 1951 3506 2004 line
3544 1946 3773 2018 peracti.

2506 2058 2611 2117 Sed
2642 2072 2739 2111 nec
2765 2055 3022 2108 ferventis
3056 2046 3243 2102 hravio
3269 2042 3551 2096 fraudator
3588 2036 3811 2098 amoris,

2505 2152 2622 2217 Quo
2652 2153 2825 2202 semet
2850 2141 3041 2195 vinclis
3076 2150 3175 2206 pro
3204 2134 3311 2187 vita
3354 2131 3585 2198 denique
3608 2125 3782 2196 patris

2504 2216 2787 2310 linpendit,
2816 2234 3047 2304 patriam
3084 2229 3335 2296 linquens
3372 2231 3696 2293 gentemque
3721 2216 4028 2271 subactam.

2508 2308 2747 2386 Tandem
2783 2325 2928 2379 ttulla
2956 2323 3058 2393 piis
3087 2320 3230 2389 potis
3251 2325 3334 2371 est
3359 2315 3678 2383 depromere
3703 2308 3883 2363 verbis

2506 2419 2755 2491 Lingula,
2786 2413 3081 2472 aureolam,
3116 2405 3325 2463 caelesti
3352 2403 3471 2457 luce
3499 2414 3810 2461 coruscam,

2509 2516 2625 2581 Qun
2642 2498 2792 2567 bene
2818 2515 3033 2563 servata
3058 2501 3226 2572 fulget
3252 2514 3364 2568 pra:
3394 2495 3728 2565 virginitate,

2510 2607 2809 2677 Adjunctus
2835 2598 3025 2653 turmis
3056 2591 3268 2650 caelesti
3299 2589 3425 2644 sede
3460 2596 3734 2655 receptus,

2510 2673 2662 2769 Agilo
2698 2700 2985 2749 cantamen
3018 2682 3344 2741 modulando
3371 2677 3704 2751 perenniter,
3734 2673 3929 2728 Amen.

2586 2787 2875 2852 Postquam
2901 2780 3138 2840 lictores,
3171 2772 3313 2843 regis
3336 2772 3553 2826 decreta
3585 2772 3896 2834 sequentes,

2514 2880 2743 2937 Funeris
2764 2873 3017 2931 exsuvias
3043 2867 3295 2926 exstincti
3322 2872 3410 2920 sat
3439 2873 3729 2932 generosas

2514 2970 2880 3043 Lympharum
2903 2960 3110 3035 gremio
3143 2956 3374 3014 credunt
3418 2952 3470 3007 in
3500 2962 3741 3018 saxaque
3770 2946 3960 3024 figunt,

2522 3064 2589 3120 Ut
2618 3060 2757 3117 sacri
2790 3055 2995 3112 tumulo
3016 3052 3229 3108 cineres
3250 3054 3434 3103 essent
3464 3044 3584 3099 sine
3607 3043 3791 3111 digno,

2519 3154 2787 3214 Christus,
2812 3148 2903 3217 qui
2955 3142 3206 3216 proprios
3229 3139 3435 3209 patitur
3473 3149 3577 3190 non
3623 3131 3850 3201 perdere
3879 3132 4103 3181 sanctos

2445 3242 2489 3305 C
2522 3244 2757 3302 Praedari
2796 3238 3064 3294 modicum
3094 3232 3289 3302 capitis
3320 3228 3405 3284 vel
3426 3226 3566 3281 forte
3590 3222 3862 3293 capillum,

2516 3338 2631 3393 Non
2671 3334 2793 3389 tulit
2819 3332 2872 3386 in
2900 3327 3117 3400 lympha
3150 3333 3341 3379 testem
3382 3330 3663 3375 remanere
3692 3311 3929 3376 ﬁdelem,

2518 3431 2598 3486 llli
2624 3429 2718 3484 sed
2740 3426 2961 3495 dignum
2987 3418 3220 3491 providit
3245 3415 3347 3469 rite
3373 3408 3621 3466 locellum

2519 3522 2623 3591 Qui
2654 3518 2829 3576 sancti
2857 3512 3063 3569 tumulo
3090 3515 3334 3565 servaret
3362 3502 3608 3559 membra
3640 3504 3876 3554 sacrata.

2590 3614 2720 3668 Nam
2748 3611 3068 3679 piscatores,
3091 3600 3336 3674 lymphas
3372 3591 3538 3651 remis
3570 3598 3901 3654 resecantes,

2520 3705 2973 3771 Fluctivagosque
2995 3708 3186 3767 greges
3209 3691 3375 3746 variis
3399 3686 3608 3757 laqueis
3644 3682 3941 3752 capientes,

2521 3796 2747 3856 Litteris
2779 3802 3022 3847 extrema
3045 3788 3297 3842 viderunt
3322 3795 3518 3851 corpus
3558 3779 3609 3832 in
3633 3792 3755 3839 ora,

2523 3892 2666 3945 Inter
2689 3884 3043 3959 grandisonas
3072 3876 3264 3949 agitari
3299 3871 3556 3942 martyris
3580 3868 3773 3923 undas.

2523 3957 2749 4037 Eminus
2771 3979 2872 4032 hoc
2898 3973 3071 4029 cautis
3095 3975 3379 4026 cernentes
3420 3975 3613 4032 nempe
3635 3957 3873 4029 pupillis,

2524 4074 2637 4128 lllic
2662 4070 2779 4126 vela
2816 4067 3016 4123 dabant
3038 4061 3217 4124 citius,
3250 4068 3555 4125 corpusque
3593 4048 3865 4105 levabant.

2527 4166 2634 4220 Nec
2650 4166 2762 4234 jam
2799 4170 3042 4229 persona:
3084 4158 3313 4209 noscunt
3347 4147 3579 4203 formam
3608 4136 3953 4201 venerandae,

2527 4259 2663 4314 lllita
2688 4267 2965 4327 purpureo
2985 4250 3201 4303 fuerant
3232 4245 3358 4315 quia
3382 4240 3640 4310 sanguine
3672 4234 3936 4296 membra,

2530 4352 2593 4404 Et
2623 4323 3091 4417 eaput—egregium
3131 4337 3306 4407 jacuit
3337 4331 3525 4406 procul
3570 4344 3728 4385 amne
3751 4323 4046 4381 revulsum.

2531 4442 2638 4497 Sed
2677 4453 2857 4495 tamen
2911 4437 3015 4492 boc
3066 4432 3303 4504 sapiunt,
3352 4433 3603 4499 prompto
3640 4432 3857 4491 quoque
3900 4423 4124 4485 pectore

3848 4506 4123 4581 [credunt,

2455 4600 2505 4659 Β
2533 4629 2687 4700 Quod
2716 4626 2806 4682 hic
2835 4623 3083 4693 quisquis
3110 4626 3250 4682 erat,
3278 4612 3484 4671 Christi
3508 4622 3609 4681 pro
3632 4606 3751 4677 lege
3779 4600 4031 4665 cadebat,

2532 4726 2647 4783 Illic
2680 4724 2732 4777 hi
2762 4718 2861 4775 soli
2887 4717 3014 4787 quia
3042 4714 3371 4768 damnantur
3399 4700 3619 4775 capitali

2535 4814 2723 4880 Poena,
2757 4814 2866 4885 qui,
2914 4824 3068 4867 sacra
3104 4804 3258 4861 ti-ncti
3300 4795 3643 4869 baptismatis
3664 4789 3830 4853 unda,

2539 4911 2654 4967 Non
2686 4884 2934 4963 metuunt
2982 4900 3175 4956 crebro
3203 4893 3346 4965 regis
3379 4884 3709 4960 reprendere
3728 4890 3906 4936 sacra.

2611 5004 2853 5071 Cumque
2872 5001 3035 5066 caput
3064 4988 3463 5046 nanciscentes,
3498 4977 3745 5045 colloque
3768 4972 4035 5032 iocantes,

2541 5097 2745 5171 Pelagii
2773 5092 2967 5151 faciem
2993 5086 3367 5156 cognoverunt
3392 5072 3728 5133 rutilantem,

2544 5162 2703 5261 136
2729 5186 3001 5253 Rumpunt
3033 5177 3084 5230 in
3116 5173 3249 5227 tales
3278 5162 3562 5224 miseranti
3602 5170 3823 5231 pectore
3847 5166 4010 5210 voces
4041 5165 4060 5206 :

2732 5247 2887 5350 jacet
2905 5268 3175 5328 exanimis
3196 5260 3430 5336 propriae
3454 5270 3579 5328 spes
3606 5253 3765 5308 unica
3788 5247 3984 5321 gentis.

2540 5375 2718 5441 Atque
2732 5342 2916 5424 vdecus
2938 5360 3131 5434 patriae
3160 5353 3353 5412 tumuli
3392 5350 3510 5407 sine
3545 5344 3733 5402 sordet
3760 5342 3987 5403 honore,
