4482 5548
349 372 475 427 ΗΟΙ
1307 370 1393 423 DE
1431 368 1648 424 LAPSU
1690 368 1774 422 ET
1813 367 2292 423 CONVERSIONE
2333 369 2710 424 THEOPHIIJ.
3457 369 3592 425 “02

416 486 541 540 Ilaec
567 487 653 539 ubi
685 487 823 538 dicta
850 484 1062 541 dabant,
1100 497 1220 534 navi
1243 481 1334 550 pia
1377 483 1614 533 membra
1640 479 1910 541 locabant,
1944 485 1988 540 Α
2018 476 2112 530 His
2140 486 2285 529 certe
2313 477 2450 529 votis
2481 477 2668 529 devota
2706 486 2884 529 mente
2908 479 3159 545 peractis.

346 579 413 634 Et
432 578 590 631 citius
617 577 783 630 versis
812 576 1145 642 remigabant
1175 573 1404 640 denique
1434 571 1564 623 velis
2020 569 2202 622 Mitem
2228 568 2486 622 mollitum
2518 567 2738 634 Regem,
2764 584 2982 623 sensere
3003 567 3244 636 polorum

347 670 589 724 Famosa:
617 667 825 720 cunctis
855 666 920 719 ad
952 674 1160 734 portam
1185 663 1432 733 gentibus
1461 662 1628 716 urbis.
2019 662 2148 715 Esse
2177 661 2286 714 suis
2312 660 2564 728 preculis,
2597 660 2836 714 studioso
2863 675 3136 713 murmure
3167 659 3320 722 fusis,

348 759 444 814 Hic
474 773 686 828 quoque
710 758 971 811 subducta
992 755 1102 822 jam
1129 768 1440 825 processere
1469 753 1677 814 carina,
2017 754 2125 808 Nec
2153 768 2256 806 non
2283 751 2486 819 judicio
2521 752 2692 806 dubiae
2718 768 2942 821 pronum
2975 752 3087 806 fore.
3113 768 3289 807 causa!

347 848 411 903 Et
433 847 571 902 clam
611 847 912 901 cmnobium
936 845 1151 900 Christo
1178 844 1379 913 petiere
1409 850 1697 903 sacratum,
2019 844 2084 898 Et
2114 844 2222 898 cito
2250 843 2522 897 fornacem
2554 852 2753 913 cogunt
2781 843 2990 897 fervere
3021 844 3284 898 minacem

346 938 488 992 Intra
528 954 631 993 non
666 938 904 991 modicos
927 937 1077 989 urbis
1105 934 1412 989 venerabile
1448 947 1647 993 muros,
2019 934 2236 1004 Ignibus
2256 936 2537 1004 appositis,
2573 944 2686 989 toto
2708 936 2988 989 conamine
3019 937 3257 990 structis.
3633 987 3645 1014 δ

349 1031 627 1085 Portantes
649 1030 823 1100 pretio
853 1028 1191 1083 vendendum
1235 1026 1461 1095 denique
1493 1038 1684 1094 magno
2090 1027 2331 1096 Cumque
2363 1028 2512 1083 focus
2539 1027 2744 1097 gremio
2794 1028 2994 1082 fureret
3024 1027 3260 1082 fornacis
3293 1028 3344 1082 in
3397 1028 3591 1098 amplo,

351 1123 610 1177 Exstincti
647 1124 800 1177 testis
821 1121 980 1176 funus
1017 1120 1322 1175 venerabile
1347 1120 1525 1174 terris.
2021 1120 2140 1175 Mox
2170 1130 2331 1190 caput
2357 1121 2655 1175 abscissum
2681 1119 2881 1175 Christi
2914 1135 3190 1189 sumpsere
3227 1119 3446 1181 famelli,

347 1215 496 1283 Quod
520 1216 756 1284 gaudens
778 1215 990 1286 hymnis
1016 1214 1254 1284 suscepit
1280 1211 1434 1266 turba
1467 1211 1635 1266 fidelis
2021 1211 2170 1267 Talia
2199 1211 2561 1280 blandiloqnis
2591 1211 2872 1280 palpantes
2902 1211 3121 1266 verbula
3150 1211 3378 1281 linguis-

350 1307 633 1371 Suavibus,
661 1308 946 1376 exsequias
967 1306 1255 1361 celebrans.
1285 1305 1348 1359 de
1372 1319 1519 1358 more
1548 1311 1808 1362 sacratas,
2023 1303 2135 1358 Rex
2165 1292 2269 1371 pie,
2301 1303 2522 1357 sidereae
2547 1303 2856 1355 dominator
2885 1302 3076 1357 nobilis
3105 1303 3260 1365 aular,

349 1399 593 1470 Largiter
623 1408 676 1452 et
702 1400 930 1468 pretium
957 1399 1134 1452 nautis
1161 1398 1347 1452 tribuit
1377 1405 1778 1466 superauctum.
2022 1394 2214 1450 Omnia
2245 1394 2450 1463 judicio
2468 1393 2557 1461 qui
2580 1393 2686 1447 scis
2723 1393 3032 1447 discernere
3055 1381 3223 1462 justo,

347 1489 650 1542 Ardescens
681 1488 853 1540 sancti
885 1487 1113 1541 mercari
1146 1501 1342 1555 corpus
1365 1485 1602 1539 amandi.
2022 1488 2168 1542 Illius
2201 1488 2449 1541 meritum
2473 1486 2642 1540 sancti
2678 1485 2762 1539 fac
2791 1486 2910 1555 igne
2935 1485 3175 1554 probari,

349 1579 465 1644 QUO
494 1595 616 1631 "am
658 1587 916 1641 ῐῐιθΐοθιοι
949 1579 1107 1646 Ρτθιίί
1138 1593 1241 1630 ηοη
1267 1591 1487 1630 munere
1511 1589 1681 1645 pauco
1707 1615 1720 1639 ν
2023 1583 2111 1644 Et,
2137 1581 2178 1635 si
2212 1581 2279 1633 sit
2310 1589 2472 1632 tanta:
2510 1578 2675 1630 fultus
2709 1577 2969 1632 bonitatis
3005 1578 3232 1637 honore,

349 1671 576 1739 Eligitur
607 1670 762 1725 tcllus
790 1670 1045 1724 membris
1075 1669 1311 1739 locuples
1338 1668 1651 1731 retinendis,
2025 1673 2153 1742 Ejus
2179 1680 2238 1724 ut
2268 1685 2332 1722 ex
2364 1669 2572 1723 meritis
2602 1669 2794 1722 fierent
2823 1670 2936 1722 haec
2967 1670 3103 1721 dona
3145 1668 3354 1730 salutis,

348 1759 404 1813 In
435 1776 538 1830 qua
563 1775 810 1830 suprema
839 1761 998 1815 busto
1035 1776 1226 1830 pompa
1252 1769 1519 1829 reparato,
2023 1764 2240 1818 Frontis
2261 1760 2564 1831 pelliculam
2597 1759 2762 1814 facito
2789 1775 2894 1814 non
2925 1767 3146 1829 tangere
3168 1757 3460 1819 flammam,

349 1849 526 1906 Glebac
555 1853 653 1906 sub
688 1852 904 1907 cumulo
942 1853 1251 1906 conduntur
1273 1852 1536 1922 fragmina
1568 1868 1741 1906 sacra.
1950 1837 1996 1896 κ
2028 1855 2261 1909 Verticis
2284 1853 2478 1908 illaesos
2507 1866 2696 1907 omnes
2717 1866 2932 1921 quoque
2961 1852 3122 1905 redde
3152 1850 3392 1920 capillos.

351 1942 479 2010 Quae
503 1958 626 1997 mox
655 1943 941 2013 stelligera:
974 1943 1246 2012 Regnator
1277 1944 1544 1998 maximus
1575 1944 1728 2007 aulaa,
2029 1945 2122 1999 Sin
2151 1958 2281 1997 vero
2309 1943 2482 1996 meriti
2505 1950 2715 1996 constet
2739 1941 2971 1995 fortasse
3004 1941 3249 2004 minoris,

349 2033 406 2087 In
433 2035 636 2088 tumulo
666 2036 832 2106 signis
851 2032 1014 2102 jussit
1043 2035 1248 2105 fulgere
1276 2038 1537 2100 coruscis,
2029 2038 2218 2091 Manda
2246 2051 2342 2106 pro
2370 2037 2544 2104 signo,
2574 2036 2750 2088 saltim
2784 2035 2900 2089 laadi
2930 2043 3052 2088 cute
3073 2049 3304 2097 summa,

351 2128 407 2183 In
439 2129 589 2184 caelis
617 2130 793 2182 anima
823 2130 954 2182 satis
980 2145 992 2191 ;
1037 2137 1114 2191 ut,
1147 2137 1403 2196 regnante
1432 2129 1607 2186 beata.
2028 2129 2184 2184 Juxta
2212 2138 2458 2181 naturam
2491 2127 2698 2196 fragilis
2730 2127 2909 2181 carnis
2936 2126 3252 2196 perituram.

353 2219 529 2291 Equa
562 2221 784 2291 gloriola
819 2231 1108 2291 regnarent
1131 2232 1338 2275 mortua
1371 2220 1633 2276 membra.
2031 2221 2180 2276 Talia
2213 2221 2476 2283 dicentes,
2500 2220 2705 2273 clarum
2731 2229 2890 2287 caput
2919 2221 3040 2289 igne
3069 2217 3407 2287 probandum

424 2310 664 2379 Denique
690 2309 950 2365 collectus
981 2325 1206 2364 cernens
1230 2325 1295 2362 ex
1342 2311 1472 2364 urbe
1501 2309 1739 2378 popellus
2031 2311 2268 2367 Creduut
2297 2310 2673 2364 ﬂammivomis
2703 2309 2880 2364 saltim
2907 2309 3252 2380 surgentibus
3291 2307 3466 2362 undis.

354 2398 468 2454 Non
497 2414 668 2469 pauco
707 2400 871 2454 variis
897 2400 1145 2454 obsessos
1173 2409 1413 2468 tempore
1439 2399 1640 2453 morbis
1668 2439 1681 2463 ,
2033 2402 2098 2456 Et
2130 2400 2562 2477 tandemgplenaa
2591 2400 2822 2469 spatium
2846 2409 2964 2468 post
2994 2400 3153 2452 unius
3182 2399 3350 2463 hom,

355 2489 624 2545 Mundatis
646 2490 753 2544 illic
781 2491 938 2546 fcedis
964 2492 1248 2560 putredine
1294 2492 1570 2555 membris,
2003 2496 2015 2503 '
2033 2492 2147 2546 Hoc
2174 2493 2344 2561 ipsum
2380 2491 2578 2560 rapidis
2599 2489 2865 2545 extollunt
2903 2490 3134 2559 denique
3161 2489 3413 2553 flammis,

357 2583 564 2638 Salvari
601 2583 769 2655 gratis
798 2583 942 2637 nulla
967 2585 1216 2638 mercede
1244 2583 1455 2649 salutis,
2039 2585 2355 2637 Lustrautes
2385 2583 2555 2636 oculis
2583 2583 2837 2636 damnum
2875 2582 3040 2636 ferret
3065 2597 3129 2636 ne
3154 2582 3373 2646 caloris,

357 2677 489 2731 Nam
531 2677 718 2731 rudem
746 2676 922 2731 meriti
948 2684 1192 2731 sanctum
1222 2676 1414 2730 titubat
1436 2676 1548 2730 fore
1582 2677 1735 2740 tanti,
2035 2673 2187 2741 Quod
2207 2675 2318 2743 jam
2344 2673 2674 2742 splendidius
2713 2688 2846 2741 puro
2874 2674 3179 2727 radiaverat
3212 2688 3367 2738 auro,

357 2765 502 2820 Illius
532 2773 588 2819 ut
613 2778 777 2819 causa
817 2763 1011 2819 fierent
1039 2765 1298 2820 miracula
1335 2773 1505 2819 tanta.
2036 2764 2242 2834 Expers
2262 2764 2440 2818 odoris
2464 2764 2697 2833 penitus,
2733 2764 2977 2830 tantique
3005 2763 3223 2818 caloris.

359 2856 596 2912 Tandem
625 2856 861 2910 ρωποι)Ῑὶ
887 2857 1160 2926 princeps,
1191 2866 1473 2927 rectorque
1499 2856 1692 2928 popelli
1716 2874 1729 2921 ;
2037 2855 2196 2919 Hinc,
2219 2871 2432 2909 sursum
2463 2856 2653 2919 versis,
2681 2854 2919 2908 laudavit
2944 2856 3100 2910 turba
3140 2855 3334 2922 fidelis,

357 2947 569 3018 Optima
600 2945 808 3003 consilii
836 2956 1074 3002 tractans
1105 2949 1460 3002 medicamina
1489 2949 1627 3013 sani,
2038 2947 2306 3013 Vultibus,
2334 2949 2699 3003 Altithronuin
2727 2949 3018 3003 modulanti
3057 2950 3296 3005 carmine
3319 2949 3616 3006 Christum.

364 3037 514 3108 131
550 3037 732 3092 Sensit
752 3036 1153 3092 Celsithronum
1170 3038 1360 3091 devota
1385 3047 1563 3092 mente
1585 3037 1932 3108 precandum,
2039 3039 2138 3104 Qui
2172 3040 2329 3093 toties
2358 3039 2520 3092 tantis
2553 3038 2680 3092 fecit
2701 3039 3080 3107 splendescere
3103 3040 3272 3109 signis

360 3132 475 3196 Quo
499 3131 610 3199 jam
641 3129 951 3200 dignanter,
995 3131 1150 3184 solita
1176 3131 1397 3200 pietate,
1429 3140 1679 3200 patenter
1968 3178 2008 3200 η
2040 3130 2326 3200 Fragmina
2361 3131 2677 3194 constantis,
2706 3145 2804 3198 pro
2826 3146 2944 3185 sese
2979 3140 3211 3195 mortua,
3240 3133 3412 3184 testis.

367 3178 470 3196 ,ιη
499 3178 610 3199 .----
645 3178 951 3200 won—um,
995 3178 1150 3184 πυγή
1177 3178 1397 3200 τ-ν-τ-τ,
1429 3178 1671 3200 τ--ν-ην-
2046 3178 2064 3184 -
2089 3178 2326 3200 -μη--η--ή
2365 3178 2675 3194 "nu—mw,-
2707 3178 2798 3198 τη
2827 3178 2942 3185 --η
2979 3178 3211 3195 --η---υι

361 3221 642 3288 Detegeret
675 3219 836 3273 dubio
867 3234 1042 3273 causa:
1075 3232 1281 3275 secreta
1321 3229 1546 3275 remoto.
1966 3178 2011 3240 Ο
2049 3203 2204 3291 13§
2231 3221 2354 3274 Haec
2381 3230 2432 3274 el
2457 3221 2733 3274 mauscolo
2755 3222 2912 3291 digne
2950 3222 3187 3275 condens
3222 3221 3546 3286 venerando,

360 3309 511 3376 Quod
537 3325 658 3365 mox
688 3325 932 3380 personae
974 3325 1136 3366 sexus
1171 3322 1359 3380 optant
1389 3314 1688 3382 utriusque,
2047 3314 2215 3381 Digno
2245 3321 2489 3382 percerte
2513 3312 2731 3381 supplex
2761 3323 3050 3366 veneratur
3076 3313 3298 3375 honore,

361 3400 582 3455 Parcius
610 3410 771 3471 atque
803 3402 979 3457 tribus
1013 3404 1232 3458 sociata:
1263 3415 1454 3475 sponte
1480 3405 1688 3466 diebus,
2045 3405 2335 3459 Finetenus
2368 3405 2560 3458 merito
2583 3403 2739 3474 vulgo
2766 3405 2902 3459 bene
2932 3406 3148 3459 credula
3174 3405 3285 3459 noti

363 3492 616 3547 Dulcibus
642 3491 916 3550 instabant
939 3496 1171 3566 hymnis,
1221 3497 1472 3566 precibus
1506 3510 1720 3567 quoque
1745 3496 1933 3552 sacris.
2046 3495 2271 3550 Ccelitus
2293 3505 2452 3564 atque
2479 3495 2589 3548 dati
2622 3509 2837 3564 semper
2863 3499 3045 3568 gavisa
3073 3499 3307 3568 patroni.

751 3835 1106 3936 LAPSUS
1177 3835 1304 3935 ET
1379 3830 1915 3933 GONVERSIO
1988 3829 2526 3929 THEOPHILI
2617 3828 3222 3927 VIGEDOMINI.

1756 4044 2133 4055 ...ι-ῤ-

1614 4162 2367 4242 ARGUMENTUM.

442 4364 777 4444 ηςςορίιίιιιει
795 4363 1110 4444 adolescens
1127 4359 1419 4444 εεηςιιιαῖίε
1447 4357 1639 4441 inde“
1657 4368 1710 4444 ετ
1732 4353 2239 4444 ἑηθεηίίτένξὲίεέἕξέι
2267 4351 3184 4444 [_'f=.ti°.9‘.’f€i‘i1“P?_{'f9:fti‘ff?!ff’:
3218 4350 3631 4444 εῖὲπξῗνξέίέἰιξῖν

367 4417 1090 4512 ᾳιιῖέλῖἀῆίὰἦέιῖἱᾶἱὰεοηυηι
1121 4417 1443 4512 (ᾳιιξοουιυε
1467 4427 1702 4498 episcopi
1728 4417 2114 4512 in‘jcano'nibus,
2149 4417 2639 4512 lticjiccdominus
2694 4417 3195 4512 uocatur)L'crea‘tqu_.
3226 4419 3333 4472 Αυο
3360 4417 3631 4512 defensio,

368 4490 509 4582 plebs
533 4507 611 4559 illi
634 4508 988 4582 episcopatum
1013 4490 1184 4571 offeri.
1213 4501 1314 4555 Ille
1336 4490 1514 4582 σοι·αῄ
1539 4490 1934 4582 metropolitano
1962 4495 2190 4548 abdicat.
2224 4497 2364 4582 .ilter
2394 4493 2602 4573 electus,
2635 4496 2720 4562 qui
2749 4493 2953 4582 eum‘ab
2983 4490 3441 4582 archidiacplnatjts
3463 4491 3634 4582 Lolflicio

369 4558 782 4649 Manciae,
808 4558 865 4629 lae
886 4558 1072 4649 viden;
1095 4583 1324 4649 spretum
1352 4581 1402 4649 et
1423 4558 1712 4649 objectunt,'_
1739 4565 2016 4649 Hebreum
2062 4580 2153 4633 pro
2175 4563 2546 4649 fol-ﬁciotpriori
2568 4558 2925 4649 coriseque’ndo
2946 4561 3191 4649 considit.

367 4628 640 4712 et
661 4628 895 4712 iseipsum
919 4646 965 4698 ei
997 4628 1222 4707 devo'vit,
1249 4653 1295 4696 et
1323 4628 1821 4712 oﬂlcio'_i_'estit_uitur.
1854 4628 2083 4712 Tandem
2104 4628 2404 4712 paenitentia
2427 4635 2632 4694 ductus,
2658 4628 3184 4712 auiiliumcgloriosa:
3210 4628 3419 4712 uirginis
3446 4628 3636 4712 Marii?

368 4700 686 4789 inﬂantia.
721 4700 886 4786 Cujus
909 4714 1120 4770 tandem
1151 4700 1605 4767 intercessionibus
1627 4709 1810 4762 datum
1836 4705 2044 4759 diabolo
2068 4703 2470 4771 chirographum
2495 4702 2834 4772 recuperavit,
2864 4701 3190 4769 seipsumque
3229 4707 3396 4753 totum
3441 4700 3639 4755 sancti-

369 4787 560 4845 monia:
584 4790 704 4843 vita
729 4787 949 4842 devovit.

1316 5083 1859 5200 INCIPIT
1949 5076 2676 5193 HISTORIA.

437 5327 732 5393 Postquam
753 5317 842 5371 lux
866 5311 1012 5375 ﬁdei,
1037 5322 1287 5365 crescens
1307 5322 1404 5376 per
1430 5305 1647 5362 climata
1678 5301 1880 5366 mundi,
1979 5306 2036 5366 1)
2060 5299 2230 5367 Quem
2258 5298 2448 5393 devota
2483 5295 2917 5393 patrum‘divinis
2943 5314 3078 5356 cura
3094 5310 3329 5393 suorum

366 5387 610 5474 Simian]
651 5407 884 5464 tenebris
911 5415 1159 5460 errorum
1188 5399 1349 5455 solvit
1373 5399 1443 5452 ab
1480 5399 1635 5466 atris,
2059 5390 2346 5459 Obsequiis
2371 5387 2538 5458 igitur
2563 5388 2752 5459 primis
2781 5388 3021 5459 signavit
3058 5391 3127 5446 ab
3153 5389 3332 5456 annis,

363 5507 423 5523 ιν.
509 5522 516 5523 ,
539 5503 637 5523 _.:-
677 5498 891 5523 “Lua—1..
921 5493 1158 5523 nlI.II:III-
1184 5490 1427 5523 nortihnc
1462 5490 1562 5523 "lio
2066 5486 2122 5523 ΔΙ

2066 5486 2236 5523 Διηιιρ
2297 5482 2377 5523 αιιί
2406 5480 2621 5523 ΛιιΙρρπι
2644 5481 2730 5523 nia
2757 5481 3102 5523 snllioilgntln
3130 5492 3381 5523 nnnmnm
