  <div class='ocr_page' id='page_1' title='image "/cluster/home/n/w/nwhite01/storage/ocr_20150623/137/hvd.32044021286828/555.png"; bbox 0 0 4482 5548; ppageno 0'>
   <div class='ocr_carea' id='block_1_1' title="bbox 824 379 964 439">
    <p class='ocr_par' dir='ltr' id='par_1_1' title="bbox 824 379 964 439">
     <span class='ocr_line' id='line_1_1' title="bbox 824 379 964 439; baseline -0.007 0"><span class='ocrx_word' id='word_1_1' title='bbox 824 379 964 439; x_wconf 76' lang='lat' dir='ltr'><strong>N03</strong></span> 
     </span>
    </p>
   </div>
   <div class='ocr_carea' id='block_1_2' title="bbox 822 496 2227 575">
    <p class='ocr_par' dir='ltr' id='par_1_2' title="bbox 822 496 2227 575">
     <span class='ocr_line' id='line_1_2' title="bbox 822 496 2227 575; baseline 0.008 -23"><span class='ocrx_word' id='word_1_2' title='bbox 822 496 985 570; x_wconf 74' lang='lat'><strong>133</strong></span> <span class='ocrx_word' id='word_1_3' title='bbox 1014 498 1093 555; x_wconf 81' lang='lat' dir='ltr'><strong>De</strong></span> <span class='ocrx_word' id='word_1_4' title='bbox 1116 502 1321 573; x_wconf 69' lang='lat' dir='ltr'><strong>scphize</strong></span> <span class='ocrx_word' id='word_1_5' title='bbox 1349 504 1499 571; x_wconf 81' lang='lat' dir='ltr'><strong>rivis,</strong></span> <span class='ocrx_word' id='word_1_6' title='bbox 1525 515 1748 575; x_wconf 91' lang='lat' dir='ltr'><strong>septeno</strong></span> <span class='ocrx_word' id='word_1_7' title='bbox 1769 508 1917 563; x_wconf 88' lang='lat' dir='ltr'><strong>fonte</strong></span> <span class='ocrx_word' id='word_1_8' title='bbox 1938 508 2227 563; x_wconf 87' lang='lat' dir='ltr'><strong>manantis.</strong></span> 
     </span>
    </p>
   </div>
   <div class='ocr_carea' id='block_1_3' title="bbox 892 590 2200 670">
    <p class='ocr_par' dir='ltr' id='par_1_3' title="bbox 892 590 2200 670">
     <span class='ocr_line' id='line_1_3' title="bbox 892 590 2200 670; baseline 0.007 -24"><span class='ocrx_word' id='word_1_9' title='bbox 892 590 1137 662; x_wconf 85' lang='lat' dir='ltr'><strong>Cumque</strong></span> <span class='ocrx_word' id='word_1_10' title='bbox 1157 594 1247 665; x_wconf 90' lang='lat' dir='ltr'><strong>pio</strong></span> <span class='ocrx_word' id='word_1_11' title='bbox 1276 596 1410 651; x_wconf 88' lang='lat' dir='ltr'><strong>satis</strong></span> <span class='ocrx_word' id='word_1_12' title='bbox 1435 598 1687 654; x_wconf 76' lang='lat' dir='ltr'><strong>exhausti</strong></span> <span class='ocrx_word' id='word_1_13' title='bbox 1715 614 1883 669; x_wconf 90' lang='lat' dir='ltr'><strong>puero</strong></span> <span class='ocrx_word' id='word_1_14' title='bbox 1910 599 2049 655; x_wconf 89' lang='lat' dir='ltr'><strong>foret</strong></span> <span class='ocrx_word' id='word_1_15' title='bbox 2076 599 2200 670; x_wconf 86' lang='lat' dir='ltr'><strong>ipsi,</strong></span> 
     </span>
    </p>
   </div>
   <div class='ocr_carea' id='block_1_4' title="bbox 818 682 2168 763">
    <p class='ocr_par' dir='ltr' id='par_1_4' title="bbox 818 682 2168 763">
     <span class='ocr_line' id='line_1_4' title="bbox 818 682 2168 763; baseline 0.004 -24"><span class='ocrx_word' id='word_1_16' title='bbox 818 682 995 756; x_wconf 83' lang='lat' dir='ltr'><strong>Digne</strong></span> <span class='ocrx_word' id='word_1_17' title='bbox 1020 685 1315 744; x_wconf 75' lang='lat' dir='ltr'><strong>confestim</strong></span> <span class='ocrx_word' id='word_1_18' title='bbox 1340 700 1629 759; x_wconf 90' lang='lat' dir='ltr'><strong>provectus</strong></span> <span class='ocrx_word' id='word_1_19' title='bbox 1650 691 1874 758; x_wconf 83' lang='lat' dir='ltr'><strong>honore,</strong></span> <span class='ocrx_word' id='word_1_20' title='bbox 1904 691 2168 763; x_wconf 76' lang='lat' dir='ltr'><strong>gradatim</strong></span> 
     </span>
    </p>
   </div>
   <div class='ocr_carea' id='block_1_5' title="bbox 817 773 2178 854">
    <p class='ocr_par' dir='ltr' id='par_1_5' title="bbox 817 773 2178 854">
     <span class='ocr_line' id='line_1_5' title="bbox 817 773 2178 854; baseline 0.004 -22"><span class='ocrx_word' id='word_1_21' title='bbox 817 773 1179 834; x_wconf 67' lang='lat' dir='ltr'><strong>Perveniebat</strong></span> <span class='ocrx_word' id='word_1_22' title='bbox 1204 780 1537 837; x_wconf 77' lang='lat' dir='ltr'><strong>adoﬁlcium</strong></span> <span class='ocrx_word' id='word_1_23' title='bbox 1577 783 1795 839; x_wconf 85' lang='lat' dir='ltr'><strong>sibimet</strong></span> <span class='ocrx_word' id='word_1_24' title='bbox 1818 783 1949 839; x_wconf 84' lang='lat' dir='ltr'><strong>satis</strong></span> <span class='ocrx_word' id='word_1_25' title='bbox 1971 792 2178 854; x_wconf 89' lang='lat' dir='ltr'><strong>aptum,</strong></span> 
     </span>
    </p>
   </div>
   <div class='ocr_carea' id='block_1_6' title="bbox 816 865 2186 942">
    <p class='ocr_par' dir='ltr' id='par_1_6' title="bbox 816 865 2186 942">
     <span class='ocr_line' id='line_1_6' title="bbox 816 865 2186 942; baseline 0.005 -21"><span class='ocrx_word' id='word_1_26' title='bbox 816 865 975 935; x_wconf 84' lang='lat' dir='ltr'><strong>Quod</strong></span> <span class='ocrx_word' id='word_1_27' title='bbox 1001 866 1183 939; x_wconf 87' lang='lat' dir='ltr'><strong>lingua</strong></span> <span class='ocrx_word' id='word_1_28' title='bbox 1210 870 1352 942; x_wconf 92' lang='lat' dir='ltr'><strong>vulgi</strong></span> <span class='ocrx_word' id='word_1_29' title='bbox 1379 872 1584 929; x_wconf 85' lang='lat' dir='ltr'><strong>scimus</strong></span> <span class='ocrx_word' id='word_1_30' title='bbox 1614 873 1817 929; x_wconf 91' lang='lat' dir='ltr'><strong>dictum</strong></span> <span class='ocrx_word' id='word_1_31' title='bbox 1851 875 2186 930; x_wconf 61' lang='lat' dir='ltr'><strong>viceodomni.</strong></span> 
     </span>
    </p>
   </div>
   <div class='ocr_carea' id='block_1_7' title="bbox 814 953 2081 1035">
    <p class='ocr_par' dir='ltr' id='par_1_7' title="bbox 814 953 2081 1035">
     <span class='ocr_line' id='line_1_7' title="bbox 814 953 2081 1035; baseline 0.006 -23"><span class='ocrx_word' id='word_1_32' title='bbox 814 954 933 1014; x_wconf 72' lang='lat' dir='ltr'><strong>Bac</strong></span> <span class='ocrx_word' id='word_1_33' title='bbox 960 958 1126 1030; x_wconf 81' lang='lat' dir='ltr'><strong>igitur</strong></span> <span class='ocrx_word' id='word_1_34' title='bbox 1147 962 1279 1016; x_wconf 91' lang='lat' dir='ltr'><strong>tanti</strong></span> <span class='ocrx_word' id='word_1_35' title='bbox 1303 976 1497 1033; x_wconf 84' lang='lat' dir='ltr'><strong>pompa</strong></span> <span class='ocrx_word' id='word_1_36' title='bbox 1542 953 1850 1035; x_wconf 13' lang='lat' dir='ltr'><strong>splendoris.</strong></span> <span class='ocrx_word' id='word_1_37' title='bbox 1868 966 2081 1035; x_wconf 90' lang='lat' dir='ltr'><strong>adepta,</strong></span> 
     </span>
    </p>
   </div>
   <div class='ocr_carea' id='block_1_8' title="bbox 814 1046 2083 1125">
    <p class='ocr_par' dir='ltr' id='par_1_8' title="bbox 814 1046 2083 1125">
     <span class='ocr_line' id='line_1_8' title="bbox 814 1046 2083 1125; baseline 0.008 -24"><span class='ocrx_word' id='word_1_38' title='bbox 814 1046 1067 1106; x_wconf 78' lang='lat' dir='ltr'><strong>Pontiﬁci</strong></span> <span class='ocrx_word' id='word_1_39' title='bbox 1093 1065 1153 1106; x_wconf 91' lang='lat' dir='ltr'><strong>se</strong></span> <span class='ocrx_word' id='word_1_40' title='bbox 1174 1051 1474 1121; x_wconf 86' lang='lat' dir='ltr'><strong>subjectum</strong></span> <span class='ocrx_word' id='word_1_41' title='bbox 1499 1053 1753 1125; x_wconf 90' lang='lat' dir='ltr'><strong>eleroque</strong></span> <span class='ocrx_word' id='word_1_42' title='bbox 1783 1056 2083 1111; x_wconf 87' lang='lat' dir='ltr'><strong>modestum</strong></span> 
     </span>
    </p>
   </div>
   <div class='ocr_carea' id='block_1_9' title="bbox 812 1136 2400 1221">
    <p class='ocr_par' dir='ltr' id='par_1_9' title="bbox 812 1136 2400 1221">
     <span class='ocr_line' id='line_1_9' title="bbox 812 1136 2400 1221; baseline 0.006 -26"><span class='ocrx_word' id='word_1_43' title='bbox 812 1136 1075 1208; x_wconf 70' lang='lat' dir='ltr'><strong>Praebuit,</strong></span> <span class='ocrx_word' id='word_1_44' title='bbox 1100 1152 1264 1214; x_wconf 90' lang='lat' dir='ltr'><strong>atque</strong></span> <span class='ocrx_word' id='word_1_45' title='bbox 1286 1145 1432 1215; x_wconf 90' lang='lat' dir='ltr'><strong>pium</strong></span> <span class='ocrx_word' id='word_1_46' title='bbox 1462 1146 1677 1216; x_wconf 87' lang='lat' dir='ltr'><strong>populo,</strong></span> <span class='ocrx_word' id='word_1_47' title='bbox 1724 1149 2041 1219; x_wconf 82' lang='lat' dir='ltr'><strong>cunctisque</strong></span> <span class='ocrx_word' id='word_1_48' title='bbox 2088 1149 2400 1221; x_wconf 89' lang='lat' dir='ltr'><strong>benignum,</strong></span> 
     </span>
    </p>
   </div>
   <div class='ocr_carea' id='block_1_10' title="bbox 813 1229 2164 1318">
    <p class='ocr_par' dir='ltr' id='par_1_10' title="bbox 813 1229 2164 1318">
     <span class='ocr_line' id='line_1_10' title="bbox 813 1229 2164 1318; baseline 0.005 -32"><span class='ocrx_word' id='word_1_49' title='bbox 813 1229 1226 1305; x_wconf 87' lang='lat' dir='ltr'><strong>Commissoque</strong></span> <span class='ocrx_word' id='word_1_50' title='bbox 1248 1236 1396 1308; x_wconf 87' lang='lat' dir='ltr'><strong>gregi</strong></span> <span class='ocrx_word' id='word_1_51' title='bbox 1428 1238 1609 1292; x_wconf 84' lang='lat' dir='ltr'><strong>studio</strong></span> <span class='ocrx_word' id='word_1_52' title='bbox 1645 1247 1878 1318; x_wconf 67' lang='lat' dir='ltr'><strong>praeerat</strong></span> <span class='ocrx_word' id='word_1_53' title='bbox 1900 1239 2164 1310; x_wconf 87' lang='lat' dir='ltr'><strong>vigilanti.</strong></span> 
     </span>
    </p>
   </div>
   <div class='ocr_carea' id='block_1_11' title="bbox 815 1320 2277 1400">
    <p class='ocr_par' dir='ltr' id='par_1_11' title="bbox 815 1320 2277 1400">
     <span class='ocr_line' id='line_1_11' title="bbox 815 1320 2277 1400; baseline 0.005 -23"><span class='ocrx_word' id='word_1_54' title='bbox 815 1320 1049 1380; x_wconf 78' lang='lat' dir='ltr'><strong>Maxime</strong></span> <span class='ocrx_word' id='word_1_55' title='bbox 1084 1326 1177 1381; x_wconf 89' lang='lat' dir='ltr'><strong>sed</strong></span> <span class='ocrx_word' id='word_1_56' title='bbox 1202 1326 1403 1382; x_wconf 86' lang='lat' dir='ltr'><strong>Christi</strong></span> <span class='ocrx_word' id='word_1_57' title='bbox 1446 1328 1683 1383; x_wconf 86' lang='lat' dir='ltr'><strong>minimis</strong></span> <span class='ocrx_word' id='word_1_58' title='bbox 1711 1329 2033 1399; x_wconf 87' lang='lat' dir='ltr'><strong>miserisque</strong></span> <span class='ocrx_word' id='word_1_59' title='bbox 2062 1328 2277 1400; x_wconf 90' lang='lat' dir='ltr'><strong>pupillis</strong></span> 
     </span>
    </p>
   </div>
   <div class='ocr_carea' id='block_1_12' title="bbox 808 1415 2161 1492">
    <p class='ocr_par' dir='ltr' id='par_1_12' title="bbox 808 1415 2161 1492">
     <span class='ocr_line' id='line_1_12' title="bbox 808 1415 2161 1492; baseline 0.005 -22"><span class='ocrx_word' id='word_1_60' title='bbox 808 1416 894 1471; x_wconf 84' lang='lat' dir='ltr'><strong>Ac</strong></span> <span class='ocrx_word' id='word_1_61' title='bbox 923 1415 1089 1471; x_wconf 80' lang='lat' dir='ltr'><strong>castis</strong></span> <span class='ocrx_word' id='word_1_62' title='bbox 1113 1415 1309 1482; x_wconf 88' lang='lat' dir='ltr'><strong>viduis,</strong></span> <span class='ocrx_word' id='word_1_63' title='bbox 1344 1432 1444 1473; x_wconf 92' lang='lat' dir='ltr'><strong>nec</strong></span> <span class='ocrx_word' id='word_1_64' title='bbox 1472 1433 1580 1473; x_wconf 92' lang='lat' dir='ltr'><strong>non</strong></span> <span class='ocrx_word' id='word_1_65' title='bbox 1607 1421 1817 1475; x_wconf 90' lang='lat' dir='ltr'><strong>cunctis</strong></span> <span class='ocrx_word' id='word_1_66' title='bbox 1842 1422 2161 1492; x_wconf 85' lang='lat' dir='ltr'><strong>peregrinis,</strong></span> 
     </span>
    </p>
   </div>
   <div class='ocr_carea' id='block_1_13' title="bbox 806 1505 2112 1584">
    <p class='ocr_par' dir='ltr' id='par_1_13' title="bbox 806 1505 2112 1584">
     <span class='ocr_line' id='line_1_13' title="bbox 806 1505 2112 1584; baseline 0.003 -22"><span class='ocrx_word' id='word_1_67' title='bbox 806 1505 1014 1563; x_wconf 71' lang='lat' dir='ltr'><strong>Vestes</strong></span> <span class='ocrx_word' id='word_1_68' title='bbox 1035 1516 1089 1562; x_wconf 91' lang='lat' dir='ltr'><strong>et</strong></span> <span class='ocrx_word' id='word_1_69' title='bbox 1115 1508 1317 1563; x_wconf 89' lang='lat' dir='ltr'><strong>vietum</strong></span> <span class='ocrx_word' id='word_1_70' title='bbox 1344 1509 1534 1565; x_wconf 87' lang='lat' dir='ltr'><strong>dextra</strong></span> <span class='ocrx_word' id='word_1_71' title='bbox 1571 1510 1758 1566; x_wconf 79' lang='lat' dir='ltr'><strong>tribuit</strong></span> <span class='ocrx_word' id='word_1_72' title='bbox 1782 1511 1917 1568; x_wconf 90' lang='lat' dir='ltr'><strong>bene</strong></span> <span class='ocrx_word' id='word_1_73' title='bbox 1944 1512 2112 1584; x_wconf 87' lang='lat' dir='ltr'><strong>larga,</strong></span> 
     </span>
    </p>
   </div>
   <div class='ocr_carea' id='block_1_14' title="bbox 810 1598 2259 1675">
    <p class='ocr_par' dir='ltr' id='par_1_14' title="bbox 810 1598 2259 1675">
     <span class='ocr_line' id='line_1_14' title="bbox 810 1598 2259 1675; baseline 0.003 -23"><span class='ocrx_word' id='word_1_74' title='bbox 810 1598 1225 1671; x_wconf 75' lang='lat' dir='ltr'><strong>Hospitiumque</strong></span> <span class='ocrx_word' id='word_1_75' title='bbox 1258 1602 1406 1672; x_wconf 71' lang='lat' dir='ltr'><strong>vagis</strong></span> <span class='ocrx_word' id='word_1_76' title='bbox 1438 1618 1710 1663; x_wconf 85' lang='lat' dir='ltr'><strong>nunquam</strong></span> <span class='ocrx_word' id='word_1_77' title='bbox 1743 1602 2029 1657; x_wconf 88' lang='lat' dir='ltr'><strong>claudebat</strong></span> <span class='ocrx_word' id='word_1_78' title='bbox 2056 1604 2259 1675; x_wconf 87' lang='lat' dir='ltr'><strong>egenis.</strong></span> 
     </span>
    </p>
   </div>
   <div class='ocr_carea' id='block_1_15' title="bbox 809 1690 2037 1766">
    <p class='ocr_par' dir='ltr' id='par_1_15' title="bbox 809 1690 2037 1766">
     <span class='ocr_line' id='line_1_15' title="bbox 809 1690 2037 1766; baseline 0.004 -20"><span class='ocrx_word' id='word_1_79' title='bbox 809 1690 951 1748; x_wconf 79' lang='lat' dir='ltr'><strong>Hinc</strong></span> <span class='ocrx_word' id='word_1_80' title='bbox 978 1693 1142 1764; x_wconf 81' lang='lat' dir='ltr'><strong>igitur</strong></span> <span class='ocrx_word' id='word_1_81' title='bbox 1160 1709 1386 1750; x_wconf 86' lang='lat' dir='ltr'><strong>consors</strong></span> <span class='ocrx_word' id='word_1_82' title='bbox 1416 1695 1594 1751; x_wconf 91' lang='lat' dir='ltr'><strong>omnis</strong></span> <span class='ocrx_word' id='word_1_83' title='bbox 1620 1696 1835 1752; x_wconf 81' lang='lat' dir='ltr'><strong>devotio</strong></span> <span class='ocrx_word' id='word_1_84' title='bbox 1865 1697 2037 1766; x_wconf 87' lang='lat' dir='ltr'><strong>plebis</strong></span> 
     </span>
    </p>
   </div>
   <div class='ocr_carea' id='block_1_16' title="bbox 807 1783 1972 1856">
    <p class='ocr_par' dir='ltr' id='par_1_16' title="bbox 807 1783 1972 1856">
     <span class='ocr_line' id='line_1_16' title="bbox 807 1783 1972 1856; baseline 0.003 -18"><span class='ocrx_word' id='word_1_85' title='bbox 807 1783 1023 1839; x_wconf 73' lang='lat' dir='ltr'><strong>Aﬁ&#39;ectu</strong></span> <span class='ocrx_word' id='word_1_86' title='bbox 1058 1794 1243 1841; x_wconf 91' lang='lat' dir='ltr'><strong>tenero</strong></span> <span class='ocrx_word' id='word_1_87' title='bbox 1265 1786 1444 1841; x_wconf 88' lang='lat' dir='ltr'><strong>cordis</strong></span> <span class='ocrx_word' id='word_1_88' title='bbox 1472 1787 1741 1856; x_wconf 85' lang='lat' dir='ltr'><strong>pendebat</strong></span> <span class='ocrx_word' id='word_1_89' title='bbox 1768 1788 1821 1841; x_wconf 93' lang='lat' dir='ltr'><strong>in</strong></span> <span class='ocrx_word' id='word_1_90' title='bbox 1862 1787 1972 1849; x_wconf 87' lang='lat' dir='ltr'><strong>illo.</strong></span> 
     </span>
    </p>
   </div>
   <div class='ocr_carea' id='block_1_17' title="bbox 752 1868 2283 1948">
    <p class='ocr_par' dir='ltr' id='par_1_17' title="bbox 752 1868 2283 1948">
     <span class='ocr_line' id='line_1_17' title="bbox 752 1868 2283 1948; baseline 0.002 -20"><span class='ocrx_word' id='word_1_91' title='bbox 808 1872 989 1943; x_wconf 84' lang='lat' dir='ltr'><strong>Ipsum</strong></span> <span class='ocrx_word' id='word_1_92' title='bbox 1022 1890 1115 1929; x_wconf 88' lang='lat' dir='ltr'><strong>seu</strong></span> <span class='ocrx_word' id='word_1_93' title='bbox 1146 1875 1353 1931; x_wconf 92' lang='lat' dir='ltr'><strong>dulcem</strong></span> <span class='ocrx_word' id='word_1_94' title='bbox 1378 1889 1709 1933; x_wconf 81' lang='lat' dir='ltr'><strong>venerantur</strong></span> <span class='ocrx_word' id='word_1_95' title='bbox 1728 1880 1959 1933; x_wconf 89' lang='lat' dir='ltr'><strong>amando</strong></span> <span class='ocrx_word' id='word_1_96' title='bbox 1984 1886 2283 1948; x_wconf 70' lang='lat' dir='ltr'><strong>parentem.</strong></span> 
     </span>
    </p>
   </div>
   <div class='ocr_carea' id='block_1_18' title="bbox 883 1965 2145 2039">
    <p class='ocr_par' dir='ltr' id='par_1_18' title="bbox 883 1965 2145 2039">
     <span class='ocr_line' id='line_1_18' title="bbox 883 1965 2145 2039; baseline 0.005 -20"><span class='ocrx_word' id='word_1_97' title='bbox 883 1965 1094 2021; x_wconf 89' lang='lat' dir='ltr'><strong>Interea</strong></span> <span class='ocrx_word' id='word_1_98' title='bbox 1126 1967 1207 2021; x_wconf 89' lang='lat' dir='ltr'><strong>vir</strong></span> <span class='ocrx_word' id='word_1_99' title='bbox 1230 1983 1566 2024; x_wconf 86' lang='lat' dir='ltr'><strong>summorum</strong></span> <span class='ocrx_word' id='word_1_100' title='bbox 1603 1969 1800 2039; x_wconf 67' lang='lat' dir='ltr'><strong>praesul</strong></span> <span class='ocrx_word' id='word_1_101' title='bbox 1832 1971 2145 2026; x_wconf 82' lang='lat' dir='ltr'><strong>meritorum</strong></span> 
     </span>
    </p>
   </div>
   <div class='ocr_carea' id='block_1_19' title="bbox 808 2058 2141 2131">
    <p class='ocr_par' dir='ltr' id='par_1_19' title="bbox 808 2058 2141 2131">
     <span class='ocr_line' id='line_1_19' title="bbox 808 2058 2141 2131; baseline 0.002 -17"><span class='ocrx_word' id='word_1_102' title='bbox 808 2058 1042 2114; x_wconf 71' lang='lat' dir='ltr'><strong>leitus</strong></span> <span class='ocrx_word' id='word_1_103' title='bbox 1063 2070 1345 2131; x_wconf 89' lang='lat' dir='ltr'><strong>acceptum</strong></span> <span class='ocrx_word' id='word_1_104' title='bbox 1375 2063 1572 2117; x_wconf 78' lang='lat' dir='ltr'><strong>direxit</strong></span> <span class='ocrx_word' id='word_1_105' title='bbox 1600 2064 1666 2117; x_wconf 92' lang='lat' dir='ltr'><strong>ad</strong></span> <span class='ocrx_word' id='word_1_106' title='bbox 1695 2064 1901 2118; x_wconf 78' lang='lat' dir='ltr'><strong>:ethera</strong></span> <span class='ocrx_word' id='word_1_107' title='bbox 1932 2063 2141 2118; x_wconf 85' lang='lat' dir='ltr'><strong>ﬂatum.</strong></span> 
     </span>
    </p>
   </div>
   <div class='ocr_carea' id='block_1_20' title="bbox 813 2149 2148 2224">
    <p class='ocr_par' dir='ltr' id='par_1_20' title="bbox 813 2149 2148 2224">
     <span class='ocr_line' id='line_1_20' title="bbox 813 2149 2148 2224; baseline 0.004 -21"><span class='ocrx_word' id='word_1_108' title='bbox 813 2149 932 2217; x_wconf 93' lang='lat' dir='ltr'><strong>Quo</strong></span> <span class='ocrx_word' id='word_1_109' title='bbox 960 2166 1084 2205; x_wconf 91' lang='lat' dir='ltr'><strong>nam</strong></span> <span class='ocrx_word' id='word_1_110' title='bbox 1110 2150 1383 2217; x_wconf 84' lang='lat' dir='ltr'><strong>defuncto,</strong></span> <span class='ocrx_word' id='word_1_111' title='bbox 1416 2154 1621 2224; x_wconf 89' lang='lat' dir='ltr'><strong>gremio</strong></span> <span class='ocrx_word' id='word_1_112' title='bbox 1650 2164 1913 2223; x_wconf 64' lang='lat' dir='ltr'><strong>terraeque</strong></span> <span class='ocrx_word' id='word_1_113' title='bbox 1948 2154 2148 2220; x_wconf 86' lang='lat' dir='ltr'><strong>locato,</strong></span> 
     </span>
    </p>
   </div>
   <div class='ocr_carea' id='block_1_21' title="bbox 808 2238 2148 2311">
    <p class='ocr_par' dir='ltr' id='par_1_21' title="bbox 808 2238 2148 2311">
     <span class='ocr_line' id='line_1_21' title="bbox 808 2238 2148 2311; baseline 0.009 -22"><span class='ocrx_word' id='word_1_114' title='bbox 808 2238 1086 2296; x_wconf 80' lang='lat' dir='ltr'><strong>Consensu</strong></span> <span class='ocrx_word' id='word_1_115' title='bbox 1116 2241 1271 2311; x_wconf 92' lang='lat' dir='ltr'><strong>plebs</strong></span> <span class='ocrx_word' id='word_1_116' title='bbox 1294 2241 1565 2299; x_wconf 90' lang='lat' dir='ltr'><strong>clamabat</strong></span> <span class='ocrx_word' id='word_1_117' title='bbox 1586 2245 1931 2299; x_wconf 90' lang='lat' dir='ltr'><strong>concorditer</strong></span> <span class='ocrx_word' id='word_1_118' title='bbox 1949 2244 2148 2310; x_wconf 90' lang='lat' dir='ltr'><strong>omnis,</strong></span> 
     </span>
    </p>
   </div>
   <div class='ocr_carea' id='block_1_22' title="bbox 810 2328 2040 2403">
    <p class='ocr_par' dir='ltr' id='par_1_22' title="bbox 810 2328 2040 2403">
     <span class='ocr_line' id='line_1_22' title="bbox 810 2328 2040 2403; baseline 0.004 -20"><span class='ocrx_word' id='word_1_119' title='bbox 810 2328 1163 2400; x_wconf 82' lang='lat' dir='ltr'><strong>Respondens</strong></span> <span class='ocrx_word' id='word_1_120' title='bbox 1186 2331 1315 2387; x_wconf 89' lang='lat' dir='ltr'><strong>eleri</strong></span> <span class='ocrx_word' id='word_1_121' title='bbox 1342 2333 1499 2398; x_wconf 89' lang='lat' dir='ltr'><strong>votis,</strong></span> <span class='ocrx_word' id='word_1_122' title='bbox 1530 2334 1722 2388; x_wconf 88' lang='lat' dir='ltr'><strong>eadem</strong></span> <span class='ocrx_word' id='word_1_123' title='bbox 1753 2334 2040 2403; x_wconf 88' lang='lat' dir='ltr'><strong>cupientis,</strong></span> 
     </span>
    </p>
   </div>
   <div class='ocr_carea' id='block_1_23' title="bbox 806 2418 2321 2499">
    <p class='ocr_par' dir='ltr' id='par_1_23' title="bbox 806 2418 2321 2499">
     <span class='ocr_line' id='line_1_23' title="bbox 806 2418 2321 2499; baseline 0.003 -24"><span class='ocrx_word' id='word_1_124' title='bbox 806 2418 963 2475; x_wconf 81' lang='lat' dir='ltr'><strong>Hunc</strong></span> <span class='ocrx_word' id='word_1_125' title='bbox 990 2420 1425 2492; x_wconf 72' lang='lat' dir='ltr'><strong>fore-praecipuis</strong></span> <span class='ocrx_word' id='word_1_126' title='bbox 1456 2432 1639 2499; x_wconf 87' lang='lat' dir='ltr'><strong>aptum</strong></span> <span class='ocrx_word' id='word_1_127' title='bbox 1684 2424 1892 2478; x_wconf 90' lang='lat' dir='ltr'><strong>meritis</strong></span> <span class='ocrx_word' id='word_1_128' title='bbox 1924 2423 2321 2490; x_wconf 57' lang='lat' dir='ltr'><strong>vieedomnu,</strong></span> 
     </span>
    </p>
   </div>
   <div class='ocr_carea' id='block_1_24' title="bbox 808 2510 1947 2585">
    <p class='ocr_par' dir='ltr' id='par_1_24' title="bbox 808 2510 1947 2585">
     <span class='ocr_line' id='line_1_24' title="bbox 808 2510 1947 2585; baseline 0.004 -19"><span class='ocrx_word' id='word_1_129' title='bbox 808 2510 881 2566; x_wconf 85' lang='lat' dir='ltr'><strong>Ut</strong></span> <span class='ocrx_word' id='word_1_130' title='bbox 906 2511 1123 2567; x_wconf 89' lang='lat' dir='ltr'><strong>culmen</strong></span> <span class='ocrx_word' id='word_1_131' title='bbox 1152 2513 1298 2568; x_wconf 91' lang='lat' dir='ltr'><strong>sedis</strong></span> <span class='ocrx_word' id='word_1_132' title='bbox 1323 2522 1570 2583; x_wconf 86' lang='lat' dir='ltr'><strong>captaret</strong></span> <span class='ocrx_word' id='word_1_133' title='bbox 1603 2513 1947 2585; x_wconf 90' lang='lat' dir='ltr'><strong>pontiﬁcalis,</strong></span> 
     </span>
    </p>
   </div>
   <div class='ocr_carea' id='block_1_25' title="bbox 807 2601 2085 2675">
    <p class='ocr_par' dir='ltr' id='par_1_25' title="bbox 807 2601 2085 2675">
     <span class='ocr_line' id='line_1_25' title="bbox 807 2601 2085 2675; baseline 0.003 -19"><span class='ocrx_word' id='word_1_134' title='bbox 807 2601 1019 2658; x_wconf 90' lang='lat' dir='ltr'><strong>Summi</strong></span> <span class='ocrx_word' id='word_1_135' title='bbox 1050 2604 1324 2673; x_wconf 90' lang='lat' dir='ltr'><strong>pontilicis</strong></span> <span class='ocrx_word' id='word_1_136' title='bbox 1347 2618 1642 2675; x_wconf 89' lang='lat' dir='ltr'><strong>curamque</strong></span> <span class='ocrx_word' id='word_1_137' title='bbox 1674 2614 1882 2661; x_wconf 89' lang='lat' dir='ltr'><strong>teneret</strong></span> <span class='ocrx_word' id='word_1_138' title='bbox 1908 2605 2085 2660; x_wconf 86' lang='lat' dir='ltr'><strong>ovilis.</strong></span> 
     </span>
    </p>
   </div>
   <div class='ocr_carea' id='block_1_26' title="bbox 806 2691 2065 2768">
    <p class='ocr_par' dir='ltr' id='par_1_26' title="bbox 806 2691 2065 2768">
     <span class='ocr_line' id='line_1_26' title="bbox 806 2691 2065 2768; baseline 0.004 -22"><span class='ocrx_word' id='word_1_139' title='bbox 806 2691 922 2747; x_wconf 84' lang='lat' dir='ltr'><strong>lloc</strong></span> <span class='ocrx_word' id='word_1_140' title='bbox 944 2708 1159 2764; x_wconf 87' lang='lat' dir='ltr'><strong>quoque</strong></span> <span class='ocrx_word' id='word_1_141' title='bbox 1180 2696 1503 2765; x_wconf 84' lang='lat' dir='ltr'><strong>persuadere</strong></span> <span class='ocrx_word' id='word_1_142' title='bbox 1528 2711 1626 2751; x_wconf 92' lang='lat' dir='ltr'><strong>suo</strong></span> <span class='ocrx_word' id='word_1_143' title='bbox 1651 2697 2065 2768; x_wconf 81' lang='lat' dir='ltr'><strong>metrOpolitano</strong></span> 
     </span>
    </p>
   </div>
   <div class='ocr_carea' id='block_1_27' title="bbox 806 2783 2035 2855">
    <p class='ocr_par' dir='ltr' id='par_1_27' title="bbox 806 2783 2035 2855">
     <span class='ocr_line' id='line_1_27' title="bbox 806 2783 2035 2855; baseline 0.003 -16"><span class='ocrx_word' id='word_1_144' title='bbox 806 2783 1056 2840; x_wconf 83' lang='lat' dir='ltr'><strong>Pouttﬁei</strong></span> <span class='ocrx_word' id='word_1_145' title='bbox 1086 2785 1306 2855; x_wconf 83' lang='lat' dir='ltr'><strong>scriptis</strong></span> <span class='ocrx_word' id='word_1_146' title='bbox 1335 2787 1662 2842; x_wconf 82' lang='lat' dir='ltr'><strong>festinabant</strong></span> <span class='ocrx_word' id='word_1_147' title='bbox 1690 2788 1801 2842; x_wconf 92' lang='lat' dir='ltr'><strong>cito</strong></span> <span class='ocrx_word' id='word_1_148' title='bbox 1832 2788 2035 2854; x_wconf 90' lang='lat' dir='ltr'><strong>missis,</strong></span> 
     </span>
    </p>
   </div>
   <div class='ocr_carea' id='block_1_28' title="bbox 802 2874 1844 2947">
    <p class='ocr_par' dir='ltr' id='par_1_28' title="bbox 802 2874 1844 2947">
     <span class='ocr_line' id='line_1_28' title="bbox 802 2874 1844 2947; baseline 0 -17"><span class='ocrx_word' id='word_1_149' title='bbox 802 2874 973 2946; x_wconf 80' lang='lat' dir='ltr'><strong>Cujus</strong></span> <span class='ocrx_word' id='word_1_150' title='bbox 990 2874 1198 2946; x_wconf 91' lang='lat' dir='ltr'><strong>judicio</strong></span> <span class='ocrx_word' id='word_1_151' title='bbox 1220 2876 1380 2931; x_wconf 91' lang='lat' dir='ltr'><strong>statui</strong></span> <span class='ocrx_word' id='word_1_152' title='bbox 1405 2886 1587 2946; x_wconf 85' lang='lat' dir='ltr'><strong>pastor</strong></span> <span class='ocrx_word' id='word_1_153' title='bbox 1612 2876 1844 2947; x_wconf 89' lang='lat' dir='ltr'><strong>sapienti</strong></span> 
     </span>
    </p>
   </div>
   <div class='ocr_carea' id='block_1_29' title="bbox 802 2963 1979 3036">
    <p class='ocr_par' dir='ltr' id='par_1_29' title="bbox 802 2963 1979 3036">
     <span class='ocr_line' id='line_1_29' title="bbox 802 2963 1979 3036; baseline 0 -16"><span class='ocrx_word' id='word_1_154' title='bbox 802 2965 1003 3020; x_wconf 88' lang='lat' dir='ltr'><strong>Debuit</strong></span> <span class='ocrx_word' id='word_1_155' title='bbox 1038 2963 1279 3021; x_wconf 71' lang='lat' dir='ltr'><strong>ecclesia:</strong></span> <span class='ocrx_word' id='word_1_156' title='bbox 1306 2965 1398 3019; x_wconf 89' lang='lat' dir='ltr'><strong>tali</strong></span> <span class='ocrx_word' id='word_1_157' title='bbox 1426 2967 1724 3036; x_wconf 86' lang='lat' dir='ltr'><strong>condignus</strong></span> <span class='ocrx_word' id='word_1_158' title='bbox 1755 2968 1979 3022; x_wconf 87' lang='lat' dir='ltr'><strong>honore.</strong></span> 
     </span>
    </p>
   </div>
   <div class='ocr_carea' id='block_1_30' title="bbox 878 3058 2246 3131">
    <p class='ocr_par' dir='ltr' id='par_1_30' title="bbox 878 3058 2246 3131">
     <span class='ocr_line' id='line_1_30' title="bbox 878 3058 2246 3131; baseline 0.004 -20"><span class='ocrx_word' id='word_1_159' title='bbox 878 3059 1000 3126; x_wconf 87' lang='lat' dir='ltr'><strong>Qui,</strong></span> <span class='ocrx_word' id='word_1_160' title='bbox 1035 3058 1275 3113; x_wconf 88' lang='lat' dir='ltr'><strong>bonitate</strong></span> <span class='ocrx_word' id='word_1_161' title='bbox 1306 3058 1405 3112; x_wconf 90' lang='lat' dir='ltr'><strong>viri</strong></span> <span class='ocrx_word' id='word_1_162' title='bbox 1437 3071 1711 3129; x_wconf 86' lang='lat' dir='ltr'><strong>comperta</strong></span> <span class='ocrx_word' id='word_1_163' title='bbox 1741 3074 1972 3130; x_wconf 88' lang='lat' dir='ltr'><strong>namque</strong></span> <span class='ocrx_word' id='word_1_164' title='bbox 2008 3060 2246 3131; x_wconf 78' lang='lat' dir='ltr'><strong>benigni,</strong></span> 
     </span>
    </p>
   </div>
   <div class='ocr_carea' id='block_1_31' title="bbox 806 3150 2137 3223">
    <p class='ocr_par' dir='ltr' id='par_1_31' title="bbox 806 3150 2137 3223">
     <span class='ocr_line' id='line_1_31' title="bbox 806 3150 2137 3223; baseline 0.001 -16"><span class='ocrx_word' id='word_1_165' title='bbox 806 3152 880 3207; x_wconf 86' lang='lat' dir='ltr'><strong>Se</strong></span> <span class='ocrx_word' id='word_1_166' title='bbox 909 3150 1306 3220; x_wconf 90' lang='lat' dir='ltr'><strong>completurum</strong></span> <span class='ocrx_word' id='word_1_167' title='bbox 1336 3151 1586 3219; x_wconf 79' lang='lat' dir='ltr'><strong>promisit</strong></span> <span class='ocrx_word' id='word_1_168' title='bbox 1610 3152 1743 3205; x_wconf 87' lang='lat' dir='ltr'><strong>velle</strong></span> <span class='ocrx_word' id='word_1_169' title='bbox 1775 3162 2092 3223; x_wconf 89' lang='lat' dir='ltr'><strong>precantum</strong></span> <span class='ocrx_word' id='word_1_170' title='bbox 2121 3193 2137 3218; x_wconf 91' lang='lat'><strong>,</strong></span> 
     </span>
    </p>
   </div>
   <div class='ocr_carea' id='block_1_32' title="bbox 803 3241 2004 3311">
    <p class='ocr_par' dir='ltr' id='par_1_32' title="bbox 803 3241 2004 3311">
     <span class='ocr_line' id='line_1_32' title="bbox 803 3241 2004 3311; baseline -0.002 -14"><span class='ocrx_word' id='word_1_171' title='bbox 803 3242 873 3297; x_wconf 82' lang='lat' dir='ltr'><strong>Et</strong></span> <span class='ocrx_word' id='word_1_172' title='bbox 898 3242 1110 3296; x_wconf 74' lang='lat' dir='ltr'><strong>venisse</strong></span> <span class='ocrx_word' id='word_1_173' title='bbox 1136 3242 1311 3295; x_wconf 86' lang='lat' dir='ltr'><strong>virum</strong></span> <span class='ocrx_word' id='word_1_174' title='bbox 1337 3241 1499 3309; x_wconf 85' lang='lat' dir='ltr'><strong>jussit</strong></span> <span class='ocrx_word' id='word_1_175' title='bbox 1520 3244 1783 3298; x_wconf 84' lang='lat' dir='ltr'><strong>maturius</strong></span> <span class='ocrx_word' id='word_1_176' title='bbox 1808 3242 2004 3311; x_wconf 90' lang='lat' dir='ltr'><strong>ipsum,</strong></span> 
     </span>
    </p>
   </div>
   <div class='ocr_carea' id='block_1_33' title="bbox 804 3332 1993 3404">
    <p class='ocr_par' dir='ltr' id='par_1_33' title="bbox 804 3332 1993 3404">
     <span class='ocr_line' id='line_1_33' title="bbox 804 3332 1993 3404; baseline 0.001 -17"><span class='ocrx_word' id='word_1_177' title='bbox 804 3332 1012 3387; x_wconf 73' lang='lat' dir='ltr'><strong>Aﬁ&#39;eetu</strong></span> <span class='ocrx_word' id='word_1_178' title='bbox 1038 3332 1218 3404; x_wconf 87' lang='lat' dir='ltr'><strong>populi</strong></span> <span class='ocrx_word' id='word_1_179' title='bbox 1252 3342 1399 3386; x_wconf 92' lang='lat' dir='ltr'><strong>tanto</strong></span> <span class='ocrx_word' id='word_1_180' title='bbox 1421 3348 1578 3401; x_wconf 85' lang='lat' dir='ltr'><strong>quem</strong></span> <span class='ocrx_word' id='word_1_181' title='bbox 1606 3336 1778 3388; x_wconf 89' lang='lat' dir='ltr'><strong>sensit</strong></span> <span class='ocrx_word' id='word_1_182' title='bbox 1803 3338 1993 3388; x_wconf 91' lang='lat' dir='ltr'><strong>amari.</strong></span> 
     </span>
    </p>
   </div>
   <div class='ocr_carea' id='block_1_34' title="bbox 802 3423 2198 3492">
    <p class='ocr_par' dir='ltr' id='par_1_34' title="bbox 802 3423 2198 3492">
     <span class='ocr_line' id='line_1_34' title="bbox 802 3423 2198 3492; baseline 0.001 -12"><span class='ocrx_word' id='word_1_183' title='bbox 802 3424 899 3481; x_wconf 88' lang='lat' dir='ltr'><strong>Ille</strong></span> <span class='ocrx_word' id='word_1_184' title='bbox 928 3425 1023 3479; x_wconf 87' lang='lat' dir='ltr'><strong>sed</strong></span> <span class='ocrx_word' id='word_1_185' title='bbox 1058 3440 1352 3479; x_wconf 73' lang='lat' dir='ltr'><strong>exsecratus</strong></span> <span class='ocrx_word' id='word_1_186' title='bbox 1383 3423 1543 3477; x_wconf 87' lang='lat' dir='ltr'><strong>talem</strong></span> <span class='ocrx_word' id='word_1_187' title='bbox 1575 3435 1889 3480; x_wconf 89' lang='lat' dir='ltr'><strong>constanter</strong></span> <span class='ocrx_word' id='word_1_188' title='bbox 1915 3426 2198 3492; x_wconf 87' lang='lat' dir='ltr'><strong>honorem,</strong></span> 
     </span>
    </p>
   </div>
   <div class='ocr_carea' id='block_1_35' title="bbox 804 3512 2093 3586">
    <p class='ocr_par' dir='ltr' id='par_1_35' title="bbox 804 3512 2093 3586">
     <span class='ocr_line' id='line_1_35' title="bbox 804 3512 2093 3586; baseline 0.001 -17"><span class='ocrx_word' id='word_1_189' title='bbox 804 3512 1061 3569; x_wconf 63' lang='lat' dir='ltr'><strong>Praesulis</strong></span> <span class='ocrx_word' id='word_1_190' title='bbox 1094 3515 1323 3585; x_wconf 90' lang='lat' dir='ltr'><strong>imperio</strong></span> <span class='ocrx_word' id='word_1_191' title='bbox 1352 3528 1564 3583; x_wconf 87' lang='lat' dir='ltr'><strong>parere,</strong></span> <span class='ocrx_word' id='word_1_192' title='bbox 1594 3525 1774 3586; x_wconf 85' lang='lat' dir='ltr'><strong>negat,</strong></span> <span class='ocrx_word' id='word_1_193' title='bbox 1810 3517 2093 3583; x_wconf 84' lang='lat' dir='ltr'><strong>veniendo,</strong></span> 
     </span>
    </p>
   </div>
   <div class='ocr_carea' id='block_1_36' title="bbox 805 3607 2068 3680">
    <p class='ocr_par' dir='ltr' id='par_1_36' title="bbox 805 3607 2068 3680">
     <span class='ocr_line' id='line_1_36' title="bbox 805 3607 2068 3680; baseline 0.001 -18"><span class='ocrx_word' id='word_1_194' title='bbox 805 3608 989 3663; x_wconf 88' lang='lat' dir='ltr'><strong>Donec</strong></span> <span class='ocrx_word' id='word_1_195' title='bbox 1013 3607 1212 3662; x_wconf 90' lang='lat' dir='ltr'><strong>invitus</strong></span> <span class='ocrx_word' id='word_1_196' title='bbox 1234 3608 1491 3674; x_wconf 88' lang='lat' dir='ltr'><strong>trahitur,</strong></span> <span class='ocrx_word' id='word_1_197' title='bbox 1522 3608 1694 3662; x_wconf 86' lang='lat' dir='ltr'><strong>turbis</strong></span> <span class='ocrx_word' id='word_1_198' title='bbox 1716 3608 2068 3680; x_wconf 88' lang='lat' dir='ltr'><strong>glomeratur.</strong></span> 
     </span>
    </p>
   </div>
   <div class='ocr_carea' id='block_1_37' title="bbox 803 3700 2034 3771">
    <p class='ocr_par' dir='ltr' id='par_1_37' title="bbox 803 3700 2034 3771">
     <span class='ocr_line' id='line_1_37' title="bbox 803 3700 2034 3771; baseline 0.002 -15"><span class='ocrx_word' id='word_1_199' title='bbox 803 3700 895 3764; x_wconf 75' lang='lat' dir='ltr'><strong>Et,</strong></span> <span class='ocrx_word' id='word_1_200' title='bbox 926 3717 1046 3755; x_wconf 90' lang='lat' dir='ltr'><strong>eum</strong></span> <span class='ocrx_word' id='word_1_201' title='bbox 1081 3701 1350 3771; x_wconf 88' lang='lat' dir='ltr'><strong>ponlilieis</strong></span> <span class='ocrx_word' id='word_1_202' title='bbox 1378 3709 1800 3771; x_wconf 60' lang='lat' dir='ltr'><strong>praisentaretur</strong></span> <span class='ocrx_word' id='word_1_203' title='bbox 1825 3703 2034 3767; x_wconf 86' lang='lat' dir='ltr'><strong>ocellis,</strong></span> 
     </span>
    </p>
   </div>
   <div class='ocr_carea' id='block_1_38' title="bbox 809 3789 2393 3867">
    <p class='ocr_par' dir='ltr' id='par_1_38' title="bbox 809 3789 2393 3867">
     <span class='ocr_line' id='line_1_38' title="bbox 809 3789 2393 3867; baseline 0.001 -21"><span class='ocrx_word' id='word_1_204' title='bbox 809 3789 974 3863; x_wconf 69' lang='grc'><strong>134</strong></span> <span class='ocrx_word' id='word_1_205' title='bbox 1016 3790 1234 3847; x_wconf 87' lang='lat' dir='ltr'><strong>Stratus</strong></span> <span class='ocrx_word' id='word_1_206' title='bbox 1278 3791 1522 3861; x_wconf 87' lang='lat' dir='ltr'><strong>adusque</strong></span> <span class='ocrx_word' id='word_1_207' title='bbox 1558 3791 1752 3857; x_wconf 87' lang='lat' dir='ltr'><strong>solum,</strong></span> <span class='ocrx_word' id='word_1_208' title='bbox 1813 3808 1972 3848; x_wconf 86' lang='lat' dir='ltr'><strong>voces</strong></span> <span class='ocrx_word' id='word_1_209' title='bbox 2020 3796 2309 3867; x_wconf 83' lang='lat' dir='ltr'><strong>spargebat</strong></span> <span class='ocrx_word' id='word_1_210' title='bbox 2338 3795 2393 3848; x_wconf 88' lang='lat' dir='ltr'><strong>in</strong></span> 
     </span>
    </p>
   </div>
   <div class='ocr_carea' id='block_1_39' title="bbox 804 3880 2395 3957">
    <p class='ocr_par' dir='ltr' id='par_1_39' title="bbox 804 3880 2395 3957">
     <span class='ocr_line' id='line_1_39' title="bbox 804 3880 2395 3957; baseline 0.004 -23"><span class='ocrx_word' id='word_1_211' title='bbox 804 3880 1068 3934; x_wconf 81' lang='lat' dir='ltr'><strong>infectum</strong></span> <span class='ocrx_word' id='word_1_212' title='bbox 1103 3880 1246 3935; x_wconf 89' lang='lat' dir='ltr'><strong>vitiis</strong></span> <span class='ocrx_word' id='word_1_213' title='bbox 1274 3896 1395 3937; x_wconf 90' lang='lat' dir='ltr'><strong>sese</strong></span> <span class='ocrx_word' id='word_1_214' title='bbox 1424 3882 1629 3945; x_wconf 87' lang='lat' dir='ltr'><strong>dicens,</strong></span> <span class='ocrx_word' id='word_1_215' title='bbox 1663 3882 1780 3937; x_wconf 82' lang='lat' dir='ltr'><strong>fore</strong></span> <span class='ocrx_word' id='word_1_216' title='bbox 1807 3883 1989 3939; x_wconf 90' lang='lat' dir='ltr'><strong>multis</strong></span> <span class='ocrx_word' id='word_1_217' title='bbox 2174 3884 2395 3957; x_wconf 83' lang='lat' dir='ltr'><strong>[altum,</strong></span> 
     </span>
    </p>
   </div>
   <div class='ocr_carea' id='block_1_40' title="bbox 803 3974 2164 4047">
    <p class='ocr_par' dir='ltr' id='par_1_40' title="bbox 803 3974 2164 4047">
     <span class='ocr_line' id='line_1_40' title="bbox 803 3974 2164 4047; baseline 0.004 -19"><span class='ocrx_word' id='word_1_218' title='bbox 803 3974 924 4029; x_wconf 81' lang='lat' dir='ltr'><strong>Non</strong></span> <span class='ocrx_word' id='word_1_219' title='bbox 958 3984 1142 4045; x_wconf 91' lang='lat' dir='ltr'><strong>aptum</strong></span> <span class='ocrx_word' id='word_1_220' title='bbox 1179 3984 1369 4030; x_wconf 88' lang='lat' dir='ltr'><strong>saneto</strong></span> <span class='ocrx_word' id='word_1_221' title='bbox 1407 3975 1609 4030; x_wconf 87' lang='lat' dir='ltr'><strong>Christi</strong></span> <span class='ocrx_word' id='word_1_222' title='bbox 1646 3976 1844 4047; x_wconf 91' lang='lat' dir='ltr'><strong>populo</strong></span> <span class='ocrx_word' id='word_1_223' title='bbox 1871 3978 2164 4045; x_wconf 84' lang='lat' dir='ltr'><strong>dominari,</strong></span> 
     </span>
    </p>
   </div>
   <div class='ocr_carea' id='block_1_41' title="bbox 877 4066 2087 4139">
    <p class='ocr_par' dir='ltr' id='par_1_41' title="bbox 877 4066 2087 4139">
     <span class='ocr_line' id='line_1_41' title="bbox 877 4066 2087 4139; baseline 0.004 -18"><span class='ocrx_word' id='word_1_224' title='bbox 877 4066 972 4123; x_wconf 82' lang='lat' dir='ltr'><strong>llis</strong></span> <span class='ocrx_word' id='word_1_225' title='bbox 998 4068 1161 4139; x_wconf 89' lang='lat' dir='ltr'><strong>igitur</strong></span> <span class='ocrx_word' id='word_1_226' title='bbox 1196 4068 1436 4138; x_wconf 88' lang='lat' dir='ltr'><strong>querulis</strong></span> <span class='ocrx_word' id='word_1_227' title='bbox 1469 4069 1661 4123; x_wconf 90' lang='lat' dir='ltr'><strong>iterata</strong></span> <span class='ocrx_word' id='word_1_228' title='bbox 1692 4083 1825 4124; x_wconf 87' lang='lat' dir='ltr'><strong>voce</strong></span> <span class='ocrx_word' id='word_1_229' title='bbox 1850 4068 2087 4139; x_wconf 81' lang='lat' dir='ltr'><strong>profusis</strong></span> 
     </span>
    </p>
   </div>
   <div class='ocr_carea' id='block_1_42' title="bbox 800 4160 2073 4229">
    <p class='ocr_par' dir='ltr' id='par_1_42' title="bbox 800 4160 2073 4229">
     <span class='ocr_line' id='line_1_42' title="bbox 800 4160 2073 4229; baseline 0.001 -14"><span class='ocrx_word' id='word_1_230' title='bbox 800 4161 1049 4215; x_wconf 82' lang='lat' dir='ltr'><strong>Antistes</strong></span> <span class='ocrx_word' id='word_1_231' title='bbox 1073 4175 1317 4215; x_wconf 88' lang='lat' dir='ltr'><strong>summus</strong></span> <span class='ocrx_word' id='word_1_232' title='bbox 1342 4160 1504 4215; x_wconf 89' lang='lat' dir='ltr'><strong>cessit</strong></span> <span class='ocrx_word' id='word_1_233' title='bbox 1534 4169 1806 4229; x_wconf 88' lang='lat' dir='ltr'><strong>postremo</strong></span> <span class='ocrx_word' id='word_1_234' title='bbox 1830 4172 2073 4227; x_wconf 89' lang='lat' dir='ltr'><strong>coactus,</strong></span> 
     </span>
    </p>
   </div>
   <div class='ocr_carea' id='block_1_43' title="bbox 803 4250 2109 4321">
    <p class='ocr_par' dir='ltr' id='par_1_43' title="bbox 803 4250 2109 4321">
     <span class='ocr_line' id='line_1_43' title="bbox 803 4250 2109 4321; baseline 0.001 -14"><span class='ocrx_word' id='word_1_235' title='bbox 803 4252 1070 4321; x_wconf 82' lang='lat' dir='ltr'><strong>Huneque</strong></span> <span class='ocrx_word' id='word_1_236' title='bbox 1098 4251 1258 4315; x_wconf 90' lang='lat' dir='ltr'><strong>Deus,</strong></span> <span class='ocrx_word' id='word_1_237' title='bbox 1288 4250 1410 4306; x_wconf 85' lang='lat' dir='ltr'><strong>talis</strong></span> <span class='ocrx_word' id='word_1_238' title='bbox 1440 4250 1528 4319; x_wconf 90' lang='lat' dir='ltr'><strong>qui</strong></span> <span class='ocrx_word' id='word_1_239' title='bbox 1572 4250 1836 4306; x_wconf 81' lang='lat' dir='ltr'><strong>fastidivit</strong></span> <span class='ocrx_word' id='word_1_240' title='bbox 1863 4252 2109 4318; x_wconf 89' lang='lat' dir='ltr'><strong>honoris,</strong></span> 
     </span>
    </p>
   </div>
   <div class='ocr_carea' id='block_1_44' title="bbox 799 4343 1980 4414">
    <p class='ocr_par' dir='ltr' id='par_1_44' title="bbox 799 4343 1980 4414">
     <span class='ocr_line' id='line_1_44' title="bbox 799 4343 1980 4414; baseline -0.003 -14"><span class='ocrx_word' id='word_1_241' title='bbox 799 4343 1066 4414; x_wconf 72' lang='lat' dir='ltr'><strong>lnjuncta:</strong></span> <span class='ocrx_word' id='word_1_242' title='bbox 1094 4357 1320 4396; x_wconf 85' lang='lat' dir='ltr'><strong>vacuum</strong></span> <span class='ocrx_word' id='word_1_243' title='bbox 1342 4356 1485 4395; x_wconf 75' lang='lat' dir='ltr'><strong>cura:</strong></span> <span class='ocrx_word' id='word_1_244' title='bbox 1515 4343 1783 4396; x_wconf 85' lang='lat' dir='ltr'><strong>concessit</strong></span> <span class='ocrx_word' id='word_1_245' title='bbox 1810 4344 1980 4409; x_wconf 89' lang='lat' dir='ltr'><strong>abire,</strong></span> 
     </span>
    </p>
   </div>
   <div class='ocr_carea' id='block_1_45' title="bbox 798 4431 2137 4502">
    <p class='ocr_par' dir='ltr' id='par_1_45' title="bbox 798 4431 2137 4502">
     <span class='ocr_line' id='line_1_45' title="bbox 798 4431 2137 4502; baseline -0.003 -11"><span class='ocrx_word' id='word_1_246' title='bbox 798 4434 1149 4492; x_wconf 86' lang='lat' dir='ltr'><strong>Constituens</strong></span> <span class='ocrx_word' id='word_1_247' title='bbox 1178 4431 1366 4498; x_wconf 89' lang='lat' dir='ltr'><strong>alium,</strong></span> <span class='ocrx_word' id='word_1_248' title='bbox 1399 4432 1627 4486; x_wconf 87' lang='lat' dir='ltr'><strong>rectoris</strong></span> <span class='ocrx_word' id='word_1_249' title='bbox 1656 4432 1871 4487; x_wconf 89' lang='lat' dir='ltr'><strong>nomine</strong></span> <span class='ocrx_word' id='word_1_250' title='bbox 1896 4432 2137 4502; x_wconf 90' lang='lat' dir='ltr'><strong>dignum,</strong></span> 
     </span>
    </p>
   </div>
   <div class='ocr_carea' id='block_1_46' title="bbox 800 4524 2129 4597">
    <p class='ocr_par' dir='ltr' id='par_1_46' title="bbox 800 4524 2129 4597">
     <span class='ocr_line' id='line_1_46' title="bbox 800 4524 2129 4597; baseline -0.003 -14"><span class='ocrx_word' id='word_1_251' title='bbox 800 4528 906 4596; x_wconf 85' lang='lat' dir='ltr'><strong>Qui</strong></span> <span class='ocrx_word' id='word_1_252' title='bbox 939 4544 1084 4593; x_wconf 89' lang='lat' dir='ltr'><strong>nam,</strong></span> <span class='ocrx_word' id='word_1_253' title='bbox 1110 4542 1406 4597; x_wconf 86' lang='lat' dir='ltr'><strong>paucorum</strong></span> <span class='ocrx_word' id='word_1_254' title='bbox 1439 4534 1559 4595; x_wconf 90' lang='lat' dir='ltr'><strong>post</strong></span> <span class='ocrx_word' id='word_1_255' title='bbox 1583 4524 1866 4579; x_wconf 89' lang='lat' dir='ltr'><strong>intervalla</strong></span> <span class='ocrx_word' id='word_1_256' title='bbox 1897 4525 2129 4590; x_wconf 88' lang='lat' dir='ltr'><strong>dierum,</strong></span> 
     </span>
    </p>
   </div>
   <div class='ocr_carea' id='block_1_47' title="bbox 802 4616 2138 4689">
    <p class='ocr_par' dir='ltr' id='par_1_47' title="bbox 802 4616 2138 4689">
     <span class='ocr_line' id='line_1_47' title="bbox 802 4616 2138 4689; baseline -0.002 -16"><span class='ocrx_word' id='word_1_257' title='bbox 802 4620 1175 4689; x_wconf 79' lang='lat' dir='ltr'><strong>Quorumdam</strong></span> <span class='ocrx_word' id='word_1_258' title='bbox 1205 4618 1416 4672; x_wconf 84' lang='lat' dir='ltr'><strong>blandis</strong></span> <span class='ocrx_word' id='word_1_259' title='bbox 1443 4616 1580 4672; x_wconf 90' lang='lat' dir='ltr'><strong>clam</strong></span> <span class='ocrx_word' id='word_1_260' title='bbox 1604 4617 1857 4671; x_wconf 89' lang='lat' dir='ltr'><strong>seductus</strong></span> <span class='ocrx_word' id='word_1_261' title='bbox 1883 4616 2138 4681; x_wconf 87' lang='lat' dir='ltr'><strong>suadelis,</strong></span> 
     </span>
    </p>
   </div>
   <div class='ocr_carea' id='block_1_48' title="bbox 804 4707 2156 4780">
    <p class='ocr_par' dir='ltr' id='par_1_48' title="bbox 804 4707 2156 4780">
     <span class='ocr_line' id='line_1_48' title="bbox 804 4707 2156 4780; baseline -0.007 -12"><span class='ocrx_word' id='word_1_262' title='bbox 804 4712 1074 4779; x_wconf 81' lang='lat' dir='ltr'><strong>Subjeelis</strong></span> <span class='ocrx_word' id='word_1_263' title='bbox 1106 4710 1272 4764; x_wconf 90' lang='lat' dir='ltr'><strong>alium</strong></span> <span class='ocrx_word' id='word_1_264' title='bbox 1300 4709 1410 4763; x_wconf 91' lang='lat' dir='ltr'><strong>cito</strong></span> <span class='ocrx_word' id='word_1_265' title='bbox 1433 4707 1726 4780; x_wconf 61' lang='lat' dir='ltr'><strong>praeposuit</strong></span> <span class='ocrx_word' id='word_1_266' title='bbox 1756 4708 2156 4772; x_wconf 84' lang='lat' dir='ltr'><strong>vieedomnum,</strong></span> 
     </span>
    </p>
   </div>
   <div class='ocr_carea' id='block_1_49' title="bbox 800 4800 2281 4876">
    <p class='ocr_par' dir='ltr' id='par_1_49' title="bbox 800 4800 2281 4876">
     <span class='ocr_line' id='line_1_49' title="bbox 800 4800 2281 4876; baseline -0.006 -14"><span class='ocrx_word' id='word_1_267' title='bbox 800 4808 981 4876; x_wconf 82' lang='lat' dir='ltr'><strong>Atque</strong></span> <span class='ocrx_word' id='word_1_268' title='bbox 1006 4802 1382 4872; x_wconf 85' lang='lat' dir='ltr'><strong>TheOphilum,</strong></span> <span class='ocrx_word' id='word_1_269' title='bbox 1410 4801 1636 4856; x_wconf 90' lang='lat' dir='ltr'><strong>summis</strong></span> <span class='ocrx_word' id='word_1_270' title='bbox 1667 4801 1873 4855; x_wconf 89' lang='lat' dir='ltr'><strong>meritis</strong></span> <span class='ocrx_word' id='word_1_271' title='bbox 1894 4800 2281 4866; x_wconf 86' lang='lat' dir='ltr'><strong>venerandum,</strong></span> 
     </span>
    </p>
   </div>
   <div class='ocr_carea' id='block_1_50' title="bbox 805 4880 2168 4965">
    <p class='ocr_par' dir='ltr' id='par_1_50' title="bbox 805 4880 2168 4965">
     <span class='ocr_line' id='line_1_50' title="bbox 805 4880 2168 4965; baseline -0.005 -12"><span class='ocrx_word' id='word_1_272' title='bbox 805 4900 965 4953; x_wconf 83' lang='lat' dir='ltr'><strong>Movit</strong></span> <span class='ocrx_word' id='word_1_273' title='bbox 1001 4880 1070 4953; x_wconf 84' lang='lat' dir='ltr'><strong>ab</strong></span> <span class='ocrx_word' id='word_1_274' title='bbox 1099 4896 1297 4960; x_wconf 86' lang='lat' dir='ltr'><strong>oﬁicio,</strong></span> <span class='ocrx_word' id='word_1_275' title='bbox 1341 4895 1539 4951; x_wconf 87' lang='lat' dir='ltr'><strong>multos</strong></span> <span class='ocrx_word' id='word_1_276' title='bbox 1569 4910 1675 4965; x_wconf 91' lang='lat' dir='ltr'><strong>quo</strong></span> <span class='ocrx_word' id='word_1_277' title='bbox 1718 4892 1956 4964; x_wconf 86' lang='lat' dir='ltr'><strong>fungitur</strong></span> <span class='ocrx_word' id='word_1_278' title='bbox 1978 4909 2168 4947; x_wconf 87' lang='lat' dir='ltr'><strong>annos.</strong></span> 
     </span>
    </p>
   </div>
   <div class='ocr_carea' id='block_1_51' title="bbox 770 4977 2120 5059">
    <p class='ocr_par' dir='ltr' id='par_1_51' title="bbox 770 4977 2120 5059">
     <span class='ocr_line' id='line_1_51' title="bbox 770 4977 2120 5059; baseline -0.003 -14"><span class='ocrx_word' id='word_1_279' title='bbox 770 4977 777 4983; x_wconf 60' lang='grc'><em>’</em></span> <span class='ocrx_word' id='word_1_280' title='bbox 803 4991 931 5046; x_wconf 84' lang='lat' dir='ltr'><strong>lstic</strong></span> <span class='ocrx_word' id='word_1_281' title='bbox 958 4989 1069 5053; x_wconf 90' lang='lat' dir='ltr'><strong>sed,</strong></span> <span class='ocrx_word' id='word_1_282' title='bbox 1109 4987 1316 5059; x_wconf 83' lang='lat' dir='ltr'><strong>fragilis</strong></span> <span class='ocrx_word' id='word_1_283' title='bbox 1342 4987 1573 5043; x_wconf 83' lang='lat' dir='ltr'><strong>tolerans</strong></span> <span class='ocrx_word' id='word_1_284' title='bbox 1604 4986 1873 5056; x_wconf 87' lang='lat' dir='ltr'><strong>patienter</strong></span> <span class='ocrx_word' id='word_1_285' title='bbox 1899 4988 2120 5042; x_wconf 89' lang='lat' dir='ltr'><strong>honoris</strong></span> 
     </span>
    </p>
   </div>
   <div class='ocr_carea' id='block_1_52' title="bbox 806 5078 2218 5149">
    <p class='ocr_par' dir='ltr' id='par_1_52' title="bbox 806 5078 2218 5149">
     <span class='ocr_line' id='line_1_52' title="bbox 806 5078 2218 5149; baseline -0.002 -15"><span class='ocrx_word' id='word_1_286' title='bbox 806 5082 1095 5144; x_wconf 86' lang='lat' dir='ltr'><strong>Damnum,</strong></span> <span class='ocrx_word' id='word_1_287' title='bbox 1133 5079 1409 5133; x_wconf 90' lang='lat' dir='ltr'><strong>tristitiam</strong></span> <span class='ocrx_word' id='word_1_288' title='bbox 1436 5078 1584 5148; x_wconf 79' lang='lat' dir='ltr'><strong>pellit</strong></span> <span class='ocrx_word' id='word_1_289' title='bbox 1609 5078 1675 5133; x_wconf 90' lang='lat' dir='ltr'><strong>de</strong></span> <span class='ocrx_word' id='word_1_290' title='bbox 1698 5087 1918 5149; x_wconf 90' lang='lat' dir='ltr'><strong>pectore</strong></span> <span class='ocrx_word' id='word_1_291' title='bbox 1944 5087 2218 5141; x_wconf 87' lang='lat' dir='ltr'><strong>cunctam,</strong></span> 
     </span>
    </p>
   </div>
   <div class='ocr_carea' id='block_1_53' title="bbox 805 5170 2046 5241">
    <p class='ocr_par' dir='ltr' id='par_1_53' title="bbox 805 5170 2046 5241">
     <span class='ocr_line' id='line_1_53' title="bbox 805 5170 2046 5241; baseline -0.002 -12"><span class='ocrx_word' id='word_1_292' title='bbox 805 5171 1193 5241; x_wconf 81' lang='lat' dir='ltr'><strong>Gaudebatque</strong></span> <span class='ocrx_word' id='word_1_293' title='bbox 1216 5171 1352 5226; x_wconf 89' lang='lat' dir='ltr'><strong>satis</strong></span> <span class='ocrx_word' id='word_1_294' title='bbox 1380 5185 1497 5226; x_wconf 88' lang='lat' dir='ltr'><strong>sese</strong></span> <span class='ocrx_word' id='word_1_295' title='bbox 1522 5170 1633 5239; x_wconf 91' lang='lat' dir='ltr'><strong>jam</strong></span> <span class='ocrx_word' id='word_1_296' title='bbox 1660 5185 1821 5240; x_wconf 88' lang='lat' dir='ltr'><strong>posse</strong></span> <span class='ocrx_word' id='word_1_297' title='bbox 1853 5185 2046 5226; x_wconf 83' lang='lat' dir='ltr'><strong>vacare</strong></span> 
     </span>
    </p>
   </div>
   <div class='ocr_carea' id='block_1_54' title="bbox 1644 391 3201 452">
    <p class='ocr_par' dir='ltr' id='par_1_54' title="bbox 1644 391 3201 452">
     <span class='ocr_line' id='line_1_54' title="bbox 1644 391 3201 452; baseline 0.003 -6"><span class='ocrx_word' id='word_1_298' title='bbox 1644 392 2113 451; x_wconf 62' lang='lat' dir='ltr'><strong>llROTSUlTllIE</strong></span> <span class='ocrx_word' id='word_1_299' title='bbox 2151 392 2473 452; x_wconf 78' lang='lat' dir='ltr'><strong>MONIALIS</strong></span> <span class='ocrx_word' id='word_1_300' title='bbox 2509 391 3201 452; x_wconf 77' lang='lat' dir='ltr'><strong>GANDERSHEIMENSIS</strong></span> 
     </span>
    </p>
   </div>
   <div class='ocr_carea' id='block_1_55' title="bbox 2432 504 3677 577">
    <p class='ocr_par' dir='ltr' id='par_1_55' title="bbox 2432 504 3677 577">
     <span class='ocr_line' id='line_1_55' title="bbox 2432 504 3677 577; baseline 0 -17"><span class='ocrx_word' id='word_1_301' title='bbox 2432 509 2485 570; x_wconf 76' lang='grc' dir='ltr'>Α</span> <span class='ocrx_word' id='word_1_302' title='bbox 2509 504 2710 561; x_wconf 88' lang='lat' dir='ltr'><strong>Blanda</strong></span> <span class='ocrx_word' id='word_1_303' title='bbox 2738 507 3020 577; x_wconf 88' lang='lat' dir='ltr'><strong>potestatis</strong></span> <span class='ocrx_word' id='word_1_304' title='bbox 3041 505 3433 561; x_wconf 90' lang='lat' dir='ltr'><strong>delectamenta</strong></span> <span class='ocrx_word' id='word_1_305' title='bbox 3458 504 3677 575; x_wconf 92' lang='lat' dir='ltr'><strong>prioris,</strong></span> 
     </span>
    </p>
   </div>
   <div class='ocr_carea' id='block_1_56' title="bbox 2569 298 2623 307">
    <p class='ocr_par' dir='ltr' id='par_1_56' title="bbox 2569 298 2623 307">
     <span class='ocr_line' id='line_1_56' title="bbox 2569 298 2623 307; baseline 0 0"><span class='ocrx_word' id='word_1_306' title='bbox 2569 298 2623 307; x_wconf 50' lang='grc' dir='ltr'>ω</span> 
     </span>
    </p>
   </div>
   <div class='ocr_carea' id='block_1_57' title="bbox 3948 384 4086 455">
    <p class='ocr_par' dir='ltr' id='par_1_57' title="bbox 3948 384 4086 455">
     <span class='ocr_line' id='line_1_57' title="bbox 3948 384 4086 455; baseline 0.014 -2"><span class='ocrx_word' id='word_1_307' title='bbox 3948 384 4086 455; x_wconf 70' lang='lat' dir='ltr'><strong>HM</strong></span> 
     </span>
    </p>
   </div>
   <div class='ocr_carea' id='block_1_58' title="bbox 2510 594 3905 667">
    <p class='ocr_par' dir='ltr' id='par_1_58' title="bbox 2510 594 3905 667">
     <span class='ocr_line' id='line_1_58' title="bbox 2510 594 3905 667; baseline -0.001 -16"><span class='ocrx_word' id='word_1_308' title='bbox 2510 595 2912 667; x_wconf 87' lang='lat' dir='ltr'><strong>Despectusque</strong></span> <span class='ocrx_word' id='word_1_309' title='bbox 2933 610 3152 666; x_wconf 87' lang='lat' dir='ltr'><strong>gravem</strong></span> <span class='ocrx_word' id='word_1_310' title='bbox 3174 594 3300 650; x_wconf 85' lang='lat' dir='ltr'><strong>facti</strong></span> <span class='ocrx_word' id='word_1_311' title='bbox 3336 596 3646 666; x_wconf 89' lang='lat' dir='ltr'><strong>nuperrime</strong></span> <span class='ocrx_word' id='word_1_312' title='bbox 3683 601 3905 652; x_wconf 85' lang='lat' dir='ltr'><strong>sortem.</strong></span> 
     </span>
    </p>
   </div>
   <div class='ocr_carea' id='block_1_59' title="bbox 2507 684 3791 756">
    <p class='ocr_par' dir='ltr' id='par_1_59' title="bbox 2507 684 3791 756">
     <span class='ocr_line' id='line_1_59' title="bbox 2507 684 3791 756; baseline 0 -15"><span class='ocrx_word' id='word_1_313' title='bbox 2507 684 2619 741; x_wconf 79' lang='lat' dir='ltr'><strong>Nec</strong></span> <span class='ocrx_word' id='word_1_314' title='bbox 2649 686 2869 756; x_wconf 87' lang='lat' dir='ltr'><strong>laqueos</strong></span> <span class='ocrx_word' id='word_1_315' title='bbox 2900 687 3094 741; x_wconf 90' lang='lat' dir='ltr'><strong>harum</strong></span> <span class='ocrx_word' id='word_1_316' title='bbox 3123 694 3427 742; x_wconf 80' lang='lat' dir='ltr'><strong>retraxerat</strong></span> <span class='ocrx_word' id='word_1_317' title='bbox 3449 686 3791 753; x_wconf 89' lang='lat' dir='ltr'><strong>insidiarum,</strong></span> 
     </span>
    </p>
   </div>
   <div class='ocr_carea' id='block_1_60' title="bbox 2506 776 3779 848">
    <p class='ocr_par' dir='ltr' id='par_1_60' title="bbox 2506 776 3779 848">
     <span class='ocr_line' id='line_1_60' title="bbox 2506 776 3779 848; baseline 0.001 -16"><span class='ocrx_word' id='word_1_318' title='bbox 2506 776 2686 832; x_wconf 87' lang='lat' dir='ltr'><strong>Donec</strong></span> <span class='ocrx_word' id='word_1_319' title='bbox 2708 777 2980 848; x_wconf 89' lang='lat' dir='ltr'><strong>captivum</strong></span> <span class='ocrx_word' id='word_1_320' title='bbox 3015 776 3217 833; x_wconf 88' lang='lat' dir='ltr'><strong>Christi</strong></span> <span class='ocrx_word' id='word_1_321' title='bbox 3239 777 3392 833; x_wconf 87' lang='lat' dir='ltr'><strong>duxit</strong></span> <span class='ocrx_word' id='word_1_322' title='bbox 3411 778 3513 833; x_wconf 88' lang='lat' dir='ltr'><strong>sibi</strong></span> <span class='ocrx_word' id='word_1_323' title='bbox 3542 792 3779 833; x_wconf 87' lang='lat' dir='ltr'><strong>servum.</strong></span> 
     </span>
    </p>
   </div>
   <div class='ocr_carea' id='block_1_61' title="bbox 2505 868 3868 942">
    <p class='ocr_par' dir='ltr' id='par_1_61' title="bbox 2505 868 3868 942">
     <span class='ocr_line' id='line_1_61' title="bbox 2505 868 3868 942; baseline 0.003 -18"><span class='ocrx_word' id='word_1_324' title='bbox 2505 868 2617 925; x_wconf 86' lang='lat' dir='ltr'><strong>Nec</strong></span> <span class='ocrx_word' id='word_1_325' title='bbox 2638 884 2811 933; x_wconf 89' lang='lat' dir='ltr'><strong>mora.</strong></span> <span class='ocrx_word' id='word_1_326' title='bbox 2833 870 2917 925; x_wconf 89' lang='lat' dir='ltr'><strong>vir</strong></span> <span class='ocrx_word' id='word_1_327' title='bbox 2936 871 3114 936; x_wconf 85' lang='lat' dir='ltr'><strong>tortis,</strong></span> <span class='ocrx_word' id='word_1_328' title='bbox 3146 870 3254 925; x_wconf 90' lang='lat' dir='ltr'><strong>vita</strong></span> <span class='ocrx_word' id='word_1_329' title='bbox 3279 872 3598 942; x_wconf 86' lang='lat' dir='ltr'><strong>meritisque</strong></span> <span class='ocrx_word' id='word_1_330' title='bbox 3617 872 3868 939; x_wconf 88' lang='lat' dir='ltr'><strong>celebris,</strong></span> 
     </span>
    </p>
   </div>
   <div class='ocr_carea' id='block_1_62' title="bbox 2505 958 3799 1031">
    <p class='ocr_par' dir='ltr' id='par_1_62' title="bbox 2505 958 3799 1031">
     <span class='ocr_line' id='line_1_62' title="bbox 2505 958 3799 1031; baseline 0.001 -16"><span class='ocrx_word' id='word_1_331' title='bbox 2505 958 2701 1017; x_wconf 74' lang='lat' dir='ltr'><strong>Mentis</strong></span> <span class='ocrx_word' id='word_1_332' title='bbox 2722 961 2974 1017; x_wconf 90' lang='lat' dir='ltr'><strong>virtutem</strong></span> <span class='ocrx_word' id='word_1_333' title='bbox 3007 962 3227 1017; x_wconf 89' lang='lat' dir='ltr'><strong>demens</strong></span> <span class='ocrx_word' id='word_1_334' title='bbox 3258 962 3533 1031; x_wconf 87' lang='lat' dir='ltr'><strong>abjecerat</strong></span> <span class='ocrx_word' id='word_1_335' title='bbox 3558 976 3799 1029; x_wconf 89' lang='lat' dir='ltr'><strong>omnem,</strong></span> 
     </span>
    </p>
   </div>
   <div class='ocr_carea' id='block_1_63' title="bbox 2505 1046 3735 1117">
    <p class='ocr_par' dir='ltr' id='par_1_63' title="bbox 2505 1046 3735 1117">
     <span class='ocr_line' id='line_1_63' title="bbox 2505 1046 3735 1117; baseline 0.003 -14"><span class='ocrx_word' id='word_1_336' title='bbox 2505 1046 2617 1106; x_wconf 76' lang='lat' dir='ltr'><strong>Nec</strong></span> <span class='ocrx_word' id='word_1_337' title='bbox 2643 1052 2992 1107; x_wconf 89' lang='lat' dir='ltr'><strong>tentamentis</strong></span> <span class='ocrx_word' id='word_1_338' title='bbox 3012 1052 3219 1107; x_wconf 90' lang='lat' dir='ltr'><strong>studuit</strong></span> <span class='ocrx_word' id='word_1_339' title='bbox 3240 1060 3449 1107; x_wconf 89' lang='lat' dir='ltr'><strong>restare</strong></span> <span class='ocrx_word' id='word_1_340' title='bbox 3469 1050 3735 1117; x_wconf 88' lang='lat' dir='ltr'><strong>nefandis,</strong></span> 
     </span>
    </p>
   </div>
   <div class='ocr_carea' id='block_1_64' title="bbox 2505 1140 3851 1213">
    <p class='ocr_par' dir='ltr' id='par_1_64' title="bbox 2505 1140 3851 1213">
     <span class='ocr_line' id='line_1_64' title="bbox 2505 1140 3851 1213; baseline -0.003 -14"><span class='ocrx_word' id='word_1_341' title='bbox 2505 1142 2613 1199; x_wconf 90' lang='lat' dir='ltr'><strong>Sed</strong></span> <span class='ocrx_word' id='word_1_342' title='bbox 2636 1144 2810 1199; x_wconf 90' lang='lat' dir='ltr'><strong>victus</strong></span> <span class='ocrx_word' id='word_1_343' title='bbox 2829 1143 3017 1208; x_wconf 88' lang='lat' dir='ltr'><strong>cessit,</strong></span> <span class='ocrx_word' id='word_1_344' title='bbox 3055 1144 3359 1213; x_wconf 86' lang='lat' dir='ltr'><strong>mentisque</strong></span> <span class='ocrx_word' id='word_1_345' title='bbox 3388 1142 3573 1199; x_wconf 93' lang='lat' dir='ltr'><strong>dolore</strong></span> <span class='ocrx_word' id='word_1_346' title='bbox 3602 1140 3851 1207; x_wconf 87' lang='lat' dir='ltr'><strong>tabescit,</strong></span> 
     </span>
    </p>
   </div>
   <div class='ocr_carea' id='block_1_65' title="bbox 2505 1231 3877 1305">
    <p class='ocr_par' dir='ltr' id='par_1_65' title="bbox 2505 1231 3877 1305">
     <span class='ocr_line' id='line_1_65' title="bbox 2505 1231 3877 1305; baseline -0.001 -17"><span class='ocrx_word' id='word_1_347' title='bbox 2505 1234 2715 1305; x_wconf 87' lang='lat' dir='ltr'><strong>Quique</strong></span> <span class='ocrx_word' id='word_1_348' title='bbox 2735 1234 2887 1303; x_wconf 91' lang='lat' dir='ltr'><strong>prius</strong></span> <span class='ocrx_word' id='word_1_349' title='bbox 2915 1233 3054 1305; x_wconf 92' lang='lat' dir='ltr'><strong>plebi</strong></span> <span class='ocrx_word' id='word_1_350' title='bbox 3077 1233 3281 1303; x_wconf 86' lang='lat' dir='ltr'><strong>sprevit</strong></span> <span class='ocrx_word' id='word_1_351' title='bbox 3306 1234 3559 1304; x_wconf 90' lang='lat' dir='ltr'><strong>princeps</strong></span> <span class='ocrx_word' id='word_1_352' title='bbox 3589 1231 3877 1297; x_wconf 86' lang='lat' dir='ltr'><strong>dominari,</strong></span> 
     </span>
    </p>
   </div>
   <div class='ocr_carea' id='block_1_66' title="bbox 2503 1324 3639 1395">
    <p class='ocr_par' dir='ltr' id='par_1_66' title="bbox 2503 1324 3639 1395">
     <span class='ocr_line' id='line_1_66' title="bbox 2503 1324 3639 1395; baseline -0.004 -13"><span class='ocrx_word' id='word_1_353' title='bbox 2503 1325 2734 1382; x_wconf 76' lang='lat' dir='ltr'><strong>Aﬁ‘ectat</strong></span> <span class='ocrx_word' id='word_1_354' title='bbox 2752 1324 2892 1393; x_wconf 86' lang='lat' dir='ltr'><strong>juris</strong></span> <span class='ocrx_word' id='word_1_355' title='bbox 2922 1339 3145 1395; x_wconf 87' lang='lat' dir='ltr'><strong>pompas</strong></span> <span class='ocrx_word' id='word_1_356' title='bbox 3174 1340 3317 1380; x_wconf 90' lang='lat' dir='ltr'><strong>nunc</strong></span> <span class='ocrx_word' id='word_1_357' title='bbox 3343 1324 3639 1379; x_wconf 88' lang='lat' dir='ltr'><strong>inferioris.</strong></span> 
     </span>
    </p>
   </div>
   <div class='ocr_carea' id='block_1_67' title="bbox 2505 1414 3762 1482">
    <p class='ocr_par' dir='ltr' id='par_1_67' title="bbox 2505 1414 3762 1482">
     <span class='ocr_line' id='line_1_67' title="bbox 2505 1414 3762 1482; baseline -0.001 -12"><span class='ocrx_word' id='word_1_358' title='bbox 2505 1416 2765 1482; x_wconf 89' lang='lat' dir='ltr'><strong>Tandem,</strong></span> <span class='ocrx_word' id='word_1_359' title='bbox 2796 1416 3050 1471; x_wconf 91' lang='lat' dir='ltr'><strong>seductus</strong></span> <span class='ocrx_word' id='word_1_360' title='bbox 3075 1425 3276 1471; x_wconf 77' lang='lat' dir='ltr'><strong>caecato</strong></span> <span class='ocrx_word' id='word_1_361' title='bbox 3306 1416 3469 1471; x_wconf 91' lang='lat' dir='ltr'><strong>corde</strong></span> <span class='ocrx_word' id='word_1_362' title='bbox 3497 1414 3762 1480; x_wconf 88' lang='lat' dir='ltr'><strong>misellus,</strong></span> 
     </span>
    </p>
   </div>
   <div class='ocr_carea' id='block_1_68' title="bbox 2502 1507 3919 1580">
    <p class='ocr_par' dir='ltr' id='par_1_68' title="bbox 2502 1507 3919 1580">
     <span class='ocr_line' id='line_1_68' title="bbox 2502 1507 3919 1580; baseline -0.001 -17"><span class='ocrx_word' id='word_1_363' title='bbox 2502 1508 2802 1575; x_wconf 88' lang='lat' dir='ltr'><strong>Quemdam</strong></span> <span class='ocrx_word' id='word_1_364' title='bbox 2826 1524 3140 1578; x_wconf 91' lang='lat' dir='ltr'><strong>perversum</strong></span> <span class='ocrx_word' id='word_1_365' title='bbox 3168 1509 3324 1580; x_wconf 92' lang='lat' dir='ltr'><strong>petiit</strong></span> <span class='ocrx_word' id='word_1_366' title='bbox 3354 1508 3583 1565; x_wconf 83' lang='lat' dir='ltr'><strong>festinus</strong></span> <span class='ocrx_word' id='word_1_367' title='bbox 3613 1507 3919 1573; x_wconf 72' lang='lat' dir='ltr'><strong>Hebraeum,</strong></span> 
     </span>
    </p>
   </div>
   <div class='ocr_carea' id='block_1_69' title="bbox 2503 1599 3729 1671">
    <p class='ocr_par' dir='ltr' id='par_1_69' title="bbox 2503 1599 3729 1671">
     <span class='ocr_line' id='line_1_69' title="bbox 2503 1599 3729 1671; baseline -0.001 -17"><span class='ocrx_word' id='word_1_368' title='bbox 2503 1600 2606 1667; x_wconf 88' lang='lat' dir='ltr'><strong>Qui</strong></span> <span class='ocrx_word' id='word_1_369' title='bbox 2632 1601 2840 1671; x_wconf 88' lang='lat' dir='ltr'><strong>magica</strong></span> <span class='ocrx_word' id='word_1_370' title='bbox 2867 1600 3048 1671; x_wconf 89' lang='lat' dir='ltr'><strong>plures</strong></span> <span class='ocrx_word' id='word_1_371' title='bbox 3075 1600 3287 1671; x_wconf 87' lang='lat' dir='ltr'><strong>decepit</strong></span> <span class='ocrx_word' id='word_1_372' title='bbox 3309 1599 3498 1654; x_wconf 88' lang='lat' dir='ltr'><strong>fraude</strong></span> <span class='ocrx_word' id='word_1_373' title='bbox 3520 1599 3729 1663; x_wconf 87' lang='lat' dir='ltr'><strong>ﬁdeles,</strong></span> 
     </span>
    </p>
   </div>
   <div class='ocr_carea' id='block_1_70' title="bbox 2507 1687 4089 1760">
    <p class='ocr_par' dir='ltr' id='par_1_70' title="bbox 2507 1687 4089 1760">
     <span class='ocr_line' id='line_1_70' title="bbox 2507 1687 4089 1760; baseline -0.004 -14"><span class='ocrx_word' id='word_1_374' title='bbox 2507 1688 2663 1759; x_wconf 78' lang='lat'><strong>135</strong></span> <span class='ocrx_word' id='word_1_375' title='bbox 2692 1688 3146 1759; x_wconf 86' lang='lat' dir='ltr'><strong>Prolambensque</strong></span> <span class='ocrx_word' id='word_1_376' title='bbox 3174 1704 3333 1755; x_wconf 88' lang='lat' dir='ltr'><strong>suas,</strong></span> <span class='ocrx_word' id='word_1_377' title='bbox 3366 1697 3637 1759; x_wconf 87' lang='lat' dir='ltr'><strong>prostrato</strong></span> <span class='ocrx_word' id='word_1_378' title='bbox 3662 1700 3906 1760; x_wconf 83' lang='lat' dir='ltr'><strong>corpore,</strong></span> <span class='ocrx_word' id='word_1_379' title='bbox 3931 1687 4089 1757; x_wconf 83' lang='lat' dir='ltr'><strong>plan-</strong></span> 
     </span>
    </p>
   </div>
   <div class='ocr_carea' id='block_1_71' title="bbox 2501 1768 4091 1852">
    <p class='ocr_par' dir='ltr' id='par_1_71' title="bbox 2501 1768 4091 1852">
     <span class='ocr_line' id='line_1_71' title="bbox 2501 1768 4091 1852; baseline 0 -20"><span class='ocrx_word' id='word_1_380' title='bbox 2501 1779 2675 1848; x_wconf 88' lang='lat' dir='ltr'><strong>lpsius</strong></span> <span class='ocrx_word' id='word_1_381' title='bbox 2701 1768 2958 1835; x_wconf 78' lang='lat' dir='ltr'><strong>auxilium</strong></span> <span class='ocrx_word' id='word_1_382' title='bbox 2984 1780 3191 1852; x_wconf 84' lang='lat' dir='ltr'><strong>ﬂagitat</strong></span> <span class='ocrx_word' id='word_1_383' title='bbox 3214 1780 3558 1851; x_wconf 88' lang='lat' dir='ltr'><strong>lacrymando</strong></span> <span class='ocrx_word' id='word_1_384' title='bbox 3582 1778 3892 1836; x_wconf 86' lang='lat' dir='ltr'><strong>nefandum.</strong></span> <span class='ocrx_word' id='word_1_385' title='bbox 3958 1776 4091 1850; x_wconf 58' lang='grc' dir='ltr'><strong>[με.</strong></span> 
     </span>
    </p>
   </div>
   <div class='ocr_carea' id='block_1_72' title="bbox 2424 1862 3926 1942">
    <p class='ocr_par' dir='ltr' id='par_1_72' title="bbox 2424 1862 3926 1942">
     <span class='ocr_line' id='line_1_72' title="bbox 2424 1862 3926 1942; baseline 0.003 -20"><span class='ocrx_word' id='word_1_386' title='bbox 2424 1862 2476 1922; x_wconf 87' lang='grc' dir='ltr'><strong>Β</strong></span> <span class='ocrx_word' id='word_1_387' title='bbox 2503 1872 2625 1938; x_wconf 91' lang='lat' dir='ltr'><strong>Qui,</strong></span> <span class='ocrx_word' id='word_1_388' title='bbox 2655 1887 2814 1942; x_wconf 91' lang='lat' dir='ltr'><strong>super</strong></span> <span class='ocrx_word' id='word_1_389' title='bbox 2840 1874 3075 1927; x_wconf 91' lang='lat' dir='ltr'><strong>errantis</strong></span> <span class='ocrx_word' id='word_1_390' title='bbox 3101 1872 3281 1941; x_wconf 88' lang='lat' dir='ltr'><strong>lapsus</strong></span> <span class='ocrx_word' id='word_1_391' title='bbox 3307 1870 3608 1942; x_wconf 89' lang='lat' dir='ltr'><strong>gaudendo,</strong></span> <span class='ocrx_word' id='word_1_392' title='bbox 3639 1871 3926 1941; x_wconf 82' lang='lat' dir='ltr'><strong>malignus,</strong></span> 
     </span>
    </p>
   </div>
   <div class='ocr_carea' id='block_1_73' title="bbox 2502 1960 3720 2031">
    <p class='ocr_par' dir='ltr' id='par_1_73' title="bbox 2502 1960 3720 2031">
     <span class='ocr_line' id='line_1_73' title="bbox 2502 1960 3720 2031; baseline -0.001 -16"><span class='ocrx_word' id='word_1_393' title='bbox 2502 1960 2672 2017; x_wconf 71' lang='lat' dir='ltr'><strong>Nocte</strong></span> <span class='ocrx_word' id='word_1_394' title='bbox 2709 1962 2894 2031; x_wconf 91' lang='lat' dir='ltr'><strong>procul</strong></span> <span class='ocrx_word' id='word_1_395' title='bbox 2915 1962 3076 2017; x_wconf 91' lang='lat' dir='ltr'><strong>dubio</strong></span> <span class='ocrx_word' id='word_1_396' title='bbox 3095 1960 3257 2030; x_wconf 89' lang='lat' dir='ltr'><strong>jussit</strong></span> <span class='ocrx_word' id='word_1_397' title='bbox 3281 1962 3493 2027; x_wconf 87' lang='lat' dir='ltr'><strong>venisse</strong></span> <span class='ocrx_word' id='word_1_398' title='bbox 3519 1961 3720 2026; x_wconf 91' lang='lat' dir='ltr'><strong>futura,</strong></span> 
     </span>
    </p>
   </div>
   <div class='ocr_carea' id='block_1_74' title="bbox 2500 2050 3938 2122">
    <p class='ocr_par' dir='ltr' id='par_1_74' title="bbox 2500 2050 3938 2122">
     <span class='ocr_line' id='line_1_74' title="bbox 2500 2050 3938 2122; baseline 0 -15"><span class='ocrx_word' id='word_1_399' title='bbox 2500 2050 2833 2107; x_wconf 83' lang='lat' dir='ltr'><strong>Promittens</strong></span> <span class='ocrx_word' id='word_1_400' title='bbox 2858 2061 3162 2122; x_wconf 89' lang='lat' dir='ltr'><strong>promptam</strong></span> <span class='ocrx_word' id='word_1_401' title='bbox 3188 2054 3478 2122; x_wconf 91' lang='lat' dir='ltr'><strong>despectus</strong></span> <span class='ocrx_word' id='word_1_402' title='bbox 3504 2067 3623 2108; x_wconf 89' lang='lat' dir='ltr'><strong>esse</strong></span> <span class='ocrx_word' id='word_1_403' title='bbox 3652 2051 3938 2118; x_wconf 86' lang='lat' dir='ltr'><strong>medelam,</strong></span> 
     </span>
    </p>
   </div>
   <div class='ocr_carea' id='block_1_75' title="bbox 2501 2123 3658 2212">
    <p class='ocr_par' dir='ltr' id='par_1_75' title="bbox 2501 2123 3658 2212">
     <span class='ocr_line' id='line_1_75' title="bbox 2501 2123 3658 2212; baseline 0.001 -16"><span class='ocrx_word' id='word_1_404' title='bbox 2501 2139 2565 2196; x_wconf 91' lang='lat' dir='ltr'><strong>Si</strong></span> <span class='ocrx_word' id='word_1_405' title='bbox 2595 2141 2836 2212; x_wconf 89' lang='lat' dir='ltr'><strong>parendo</strong></span> <span class='ocrx_word' id='word_1_406' title='bbox 2863 2123 2977 2196; x_wconf 82' lang='lat' dir='ltr'><strong>suis</strong></span> <span class='ocrx_word' id='word_1_407' title='bbox 3008 2142 3169 2197; x_wconf 89' lang='lat' dir='ltr'><strong>vellet</strong></span> <span class='ocrx_word' id='word_1_408' title='bbox 3191 2151 3398 2197; x_wconf 91' lang='lat' dir='ltr'><strong>tantum</strong></span> <span class='ocrx_word' id='word_1_409' title='bbox 3422 2142 3658 2197; x_wconf 90' lang='lat' dir='ltr'><strong>suadelis</strong></span> 
     </span>
    </p>
   </div>
   <div class='ocr_carea' id='block_1_76' title="bbox 2499 2228 3801 2301">
    <p class='ocr_par' dir='ltr' id='par_1_76' title="bbox 2499 2228 3801 2301">
     <span class='ocr_line' id='line_1_76' title="bbox 2499 2228 3801 2301; baseline -0.002 -15"><span class='ocrx_word' id='word_1_410' title='bbox 2499 2228 2617 2286; x_wconf 87' lang='lat' dir='ltr'><strong>Sub</strong></span> <span class='ocrx_word' id='word_1_411' title='bbox 2642 2230 2845 2285; x_wconf 91' lang='lat' dir='ltr'><strong>ditione</strong></span> <span class='ocrx_word' id='word_1_412' title='bbox 2870 2230 2951 2285; x_wconf 90' lang='lat' dir='ltr'><strong>sui</strong></span> <span class='ocrx_word' id='word_1_413' title='bbox 2982 2231 3221 2300; x_wconf 79' lang='lat' dir='ltr'><strong>posthaec</strong></span> <span class='ocrx_word' id='word_1_414' title='bbox 3243 2230 3489 2287; x_wconf 88' lang='lat' dir='ltr'><strong>habitare</strong></span> <span class='ocrx_word' id='word_1_415' title='bbox 3504 2230 3801 2301; x_wconf 89' lang='lat' dir='ltr'><strong>magistris.</strong></span> 
     </span>
    </p>
   </div>
   <div class='ocr_carea' id='block_1_77' title="bbox 2572 2321 3909 2392">
    <p class='ocr_par' dir='ltr' id='par_1_77' title="bbox 2572 2321 3909 2392">
     <span class='ocr_line' id='line_1_77' title="bbox 2572 2321 3909 2392; baseline 0.001 -16"><span class='ocrx_word' id='word_1_416' title='bbox 2572 2321 2670 2377; x_wconf 79' lang='lat' dir='ltr'><strong>liis</strong></span> <span class='ocrx_word' id='word_1_417' title='bbox 2708 2322 2797 2377; x_wconf 89' lang='lat' dir='ltr'><strong>hic</strong></span> <span class='ocrx_word' id='word_1_418' title='bbox 2829 2321 3018 2376; x_wconf 84' lang='lat' dir='ltr'><strong>infelix</strong></span> <span class='ocrx_word' id='word_1_419' title='bbox 3048 2322 3268 2377; x_wconf 91' lang='lat' dir='ltr'><strong>monitis</strong></span> <span class='ocrx_word' id='word_1_420' title='bbox 3295 2332 3485 2392; x_wconf 89' lang='lat' dir='ltr'><strong>captus</strong></span> <span class='ocrx_word' id='word_1_421' title='bbox 3511 2321 3651 2377; x_wconf 90' lang='lat' dir='ltr'><strong>male</strong></span> <span class='ocrx_word' id='word_1_422' title='bbox 3677 2321 3909 2389; x_wconf 89' lang='lat' dir='ltr'><strong>blandis,</strong></span> 
     </span>
    </p>
   </div>
   <div class='ocr_carea' id='block_1_78' title="bbox 2402 2411 3659 2484">
    <p class='ocr_par' dir='ltr' id='par_1_78' title="bbox 2402 2411 3659 2484">
     <span class='ocr_line' id='line_1_78' title="bbox 2402 2411 3659 2484; baseline 0.001 -18"><span class='ocrx_word' id='word_1_423' title='bbox 2402 2436 2424 2450; x_wconf 88' lang='lat'><strong>-</strong></span> <span class='ocrx_word' id='word_1_424' title='bbox 2500 2411 2773 2468; x_wconf 62' lang='lat' dir='ltr'><strong>Damonis</strong></span> <span class='ocrx_word' id='word_1_425' title='bbox 2794 2412 3053 2482; x_wconf 88' lang='lat' dir='ltr'><strong>obsequio</strong></span> <span class='ocrx_word' id='word_1_426' title='bbox 3079 2414 3207 2467; x_wconf 68' lang='lat' dir='ltr'><strong>saavi</strong></span> <span class='ocrx_word' id='word_1_427' title='bbox 3236 2416 3396 2483; x_wconf 91' lang='lat' dir='ltr'><strong>gestit</strong></span> <span class='ocrx_word' id='word_1_428' title='bbox 3419 2413 3659 2484; x_wconf 90' lang='lat' dir='ltr'><strong>religari,</strong></span> 
     </span>
    </p>
   </div>
   <div class='ocr_carea' id='block_1_79' title="bbox 2498 2501 3873 2570">
    <p class='ocr_par' dir='ltr' id='par_1_79' title="bbox 2498 2501 3873 2570">
     <span class='ocr_line' id='line_1_79' title="bbox 2498 2501 3873 2570; baseline 0.001 -14"><span class='ocrx_word' id='word_1_429' title='bbox 2498 2501 2619 2569; x_wconf 88' lang='lat' dir='ltr'><strong>Quo</strong></span> <span class='ocrx_word' id='word_1_430' title='bbox 2646 2503 2725 2559; x_wconf 91' lang='lat' dir='ltr'><strong>sic</strong></span> <span class='ocrx_word' id='word_1_431' title='bbox 2754 2503 3058 2559; x_wconf 88' lang='lat' dir='ltr'><strong>umbratilis</strong></span> <span class='ocrx_word' id='word_1_432' title='bbox 3086 2519 3281 2559; x_wconf 82' lang='lat' dir='ltr'><strong>manus</strong></span> <span class='ocrx_word' id='word_1_433' title='bbox 3310 2506 3597 2561; x_wconf 86' lang='lat' dir='ltr'><strong>meruisset</strong></span> <span class='ocrx_word' id='word_1_434' title='bbox 3627 2504 3873 2570; x_wconf 91' lang='lat' dir='ltr'><strong>honoris,</strong></span> 
     </span>
    </p>
   </div>
   <div class='ocr_carea' id='block_1_80' title="bbox 2499 2594 3911 2666">
    <p class='ocr_par' dir='ltr' id='par_1_80' title="bbox 2499 2594 3911 2666">
     <span class='ocr_line' id='line_1_80' title="bbox 2499 2594 3911 2666; baseline 0.001 -17"><span class='ocrx_word' id='word_1_435' title='bbox 2499 2594 2671 2661; x_wconf 87' lang='lat' dir='ltr'><strong>Quem</strong></span> <span class='ocrx_word' id='word_1_436' title='bbox 2703 2610 2805 2651; x_wconf 89' lang='lat' dir='ltr'><strong>nec</strong></span> <span class='ocrx_word' id='word_1_437' title='bbox 2830 2595 3101 2665; x_wconf 88' lang='lat' dir='ltr'><strong>signatum</strong></span> <span class='ocrx_word' id='word_1_438' title='bbox 3133 2597 3289 2666; x_wconf 91' lang='lat' dir='ltr'><strong>signo</strong></span> <span class='ocrx_word' id='word_1_439' title='bbox 3317 2606 3517 2652; x_wconf 69' lang='lat' dir='ltr'><strong>sanetae</strong></span> <span class='ocrx_word' id='word_1_440' title='bbox 3539 2596 3717 2651; x_wconf 86' lang='lat' dir='ltr'><strong>crucis</strong></span> <span class='ocrx_word' id='word_1_441' title='bbox 3748 2596 3911 2661; x_wconf 90' lang='lat' dir='ltr'><strong>almo,</strong></span> 
     </span>
    </p>
   </div>
   <div class='ocr_carea' id='block_1_81' title="bbox 2500 2685 3807 2759">
    <p class='ocr_par' dir='ltr' id='par_1_81' title="bbox 2500 2685 3807 2759">
     <span class='ocr_line' id='line_1_81' title="bbox 2500 2685 3807 2759; baseline -0.002 -16"><span class='ocrx_word' id='word_1_442' title='bbox 2500 2686 2607 2743; x_wconf 92' lang='lat' dir='ltr'><strong>Sed</strong></span> <span class='ocrx_word' id='word_1_443' title='bbox 2635 2702 2791 2759; x_wconf 84' lang='lat' dir='ltr'><strong>mage</strong></span> <span class='ocrx_word' id='word_1_444' title='bbox 2814 2688 3125 2744; x_wconf 85' lang='lat' dir='ltr'><strong>daemonicis</strong></span> <span class='ocrx_word' id='word_1_445' title='bbox 3162 2687 3519 2743; x_wconf 89' lang='lat' dir='ltr'><strong>conﬁdentem</strong></span> <span class='ocrx_word' id='word_1_446' title='bbox 3551 2685 3807 2753; x_wconf 89' lang='lat' dir='ltr'><strong>suadelis,</strong></span> 
     </span>
    </p>
   </div>
   <div class='ocr_carea' id='block_1_82' title="bbox 2498 2778 3744 2849">
    <p class='ocr_par' dir='ltr' id='par_1_82' title="bbox 2498 2778 3744 2849">
     <span class='ocr_line' id='line_1_82' title="bbox 2498 2778 3744 2849; baseline -0.002 -15"><span class='ocrx_word' id='word_1_447' title='bbox 2498 2778 2665 2834; x_wconf 83' lang='lat' dir='ltr'><strong>Ocius</strong></span> <span class='ocrx_word' id='word_1_448' title='bbox 2690 2778 2779 2834; x_wconf 93' lang='lat' dir='ltr'><strong>ille</strong></span> <span class='ocrx_word' id='word_1_449' title='bbox 2806 2793 2992 2849; x_wconf 90' lang='lat' dir='ltr'><strong>magus</strong></span> <span class='ocrx_word' id='word_1_450' title='bbox 3018 2792 3205 2834; x_wconf 90' lang='lat' dir='ltr'><strong>secum</strong></span> <span class='ocrx_word' id='word_1_451' title='bbox 3240 2779 3395 2833; x_wconf 77' lang='lat' dir='ltr'><strong>duxit</strong></span> <span class='ocrx_word' id='word_1_452' title='bbox 3423 2778 3744 2833; x_wconf 90' lang='lat' dir='ltr'><strong>maledictus</strong></span> 
     </span>
    </p>
   </div>
   <div class='ocr_carea' id='block_1_83' title="bbox 2375 2869 3875 2945">
    <p class='ocr_par' dir='ltr' id='par_1_83' title="bbox 2375 2869 3875 2945">
     <span class='ocr_line' id='line_1_83' title="bbox 2375 2869 3875 2945; baseline -0.003 -17"><span class='ocrx_word' id='word_1_453' title='bbox 2375 2894 2410 2945; x_wconf 43' lang='grc' dir='ltr'><strong>ν,</strong></span> <span class='ocrx_word' id='word_1_454' title='bbox 2498 2871 2677 2928; x_wconf 74' lang='lat' dir='ltr'><strong>Trans</strong></span> <span class='ocrx_word' id='word_1_455' title='bbox 2702 2872 2911 2937; x_wconf 89' lang='lat' dir='ltr'><strong>urbem,</strong></span> <span class='ocrx_word' id='word_1_456' title='bbox 2944 2871 3045 2927; x_wconf 91' lang='lat' dir='ltr'><strong>sub</strong></span> <span class='ocrx_word' id='word_1_457' title='bbox 3068 2872 3348 2926; x_wconf 90' lang='lat' dir='ltr'><strong>nocturnis</strong></span> <span class='ocrx_word' id='word_1_458' title='bbox 3376 2878 3585 2926; x_wconf 90' lang='lat' dir='ltr'><strong>secreto</strong></span> <span class='ocrx_word' id='word_1_459' title='bbox 3618 2869 3875 2932; x_wconf 88' lang='lat' dir='ltr'><strong>tenebris,</strong></span> 
     </span>
    </p>
   </div>
   <div class='ocr_carea' id='block_1_84' title="bbox 2497 2960 3948 3032">
    <p class='ocr_par' dir='ltr' id='par_1_84' title="bbox 2497 2960 3948 3032">
     <span class='ocr_line' id='line_1_84' title="bbox 2497 2960 3948 3032; baseline -0.005 -13"><span class='ocrx_word' id='word_1_460' title='bbox 2497 2961 2685 3019; x_wconf 82' lang='lat' dir='ltr'><strong>Intulit</strong></span> <span class='ocrx_word' id='word_1_461' title='bbox 2706 2961 2871 3032; x_wconf 88' lang='lat' dir='ltr'><strong>inque</strong></span> <span class='ocrx_word' id='word_1_462' title='bbox 2897 2961 3074 3016; x_wconf 89' lang='lat' dir='ltr'><strong>locum</strong></span> <span class='ocrx_word' id='word_1_463' title='bbox 3107 2962 3274 3015; x_wconf 92' lang='lat' dir='ltr'><strong>multo</strong></span> <span class='ocrx_word' id='word_1_464' title='bbox 3307 2961 3684 3031; x_wconf 87' lang='lat' dir='ltr'><strong>phantasmate</strong></span> <span class='ocrx_word' id='word_1_465' title='bbox 3708 2960 3948 3030; x_wconf 89' lang='lat' dir='ltr'><strong>plenum,</strong></span> 
     </span>
    </p>
   </div>
   <div class='ocr_carea' id='block_1_85' title="bbox 2497 3050 3738 3125">
    <p class='ocr_par' dir='ltr' id='par_1_85' title="bbox 2497 3050 3738 3125">
     <span class='ocr_line' id='line_1_85' title="bbox 2497 3050 3738 3125; baseline -0.006 -14"><span class='ocrx_word' id='word_1_466' title='bbox 2497 3053 2556 3111; x_wconf 89' lang='lat' dir='ltr'><strong>In</strong></span> <span class='ocrx_word' id='word_1_467' title='bbox 2593 3068 2701 3125; x_wconf 88' lang='lat' dir='ltr'><strong>quo</strong></span> <span class='ocrx_word' id='word_1_468' title='bbox 2732 3052 2953 3107; x_wconf 90' lang='lat' dir='ltr'><strong>tartarei</strong></span> <span class='ocrx_word' id='word_1_469' title='bbox 2983 3061 3248 3107; x_wconf 89' lang='lat' dir='ltr'><strong>steterant</strong></span> <span class='ocrx_word' id='word_1_470' title='bbox 3286 3052 3340 3105; x_wconf 89' lang='lat' dir='ltr'><strong>in</strong></span> <span class='ocrx_word' id='word_1_471' title='bbox 3387 3060 3536 3107; x_wconf 86' lang='lat' dir='ltr'><strong>veste</strong></span> <span class='ocrx_word' id='word_1_472' title='bbox 3563 3050 3738 3105; x_wconf 82' lang='lat' dir='ltr'><strong>coloni</strong></span> 
     </span>
    </p>
   </div>
   <div class='ocr_carea' id='block_1_86' title="bbox 2500 3144 3774 3215">
    <p class='ocr_par' dir='ltr' id='par_1_86' title="bbox 2500 3144 3774 3215">
     <span class='ocr_line' id='line_1_86' title="bbox 2500 3144 3774 3215; baseline -0.005 -13"><span class='ocrx_word' id='word_1_473' title='bbox 2500 3146 2656 3210; x_wconf 85' lang='lat' dir='ltr'><strong>Alba,</strong></span> <span class='ocrx_word' id='word_1_474' title='bbox 2692 3146 2945 3201; x_wconf 88' lang='lat' dir='ltr'><strong>candelas</strong></span> <span class='ocrx_word' id='word_1_475' title='bbox 2977 3145 3159 3215; x_wconf 87' lang='lat' dir='ltr'><strong>plures</strong></span> <span class='ocrx_word' id='word_1_476' title='bbox 3184 3146 3429 3199; x_wconf 86' lang='lat' dir='ltr'><strong>manibus</strong></span> <span class='ocrx_word' id='word_1_477' title='bbox 3458 3144 3774 3198; x_wconf 86' lang='lat' dir='ltr'><strong>retinentes.</strong></span> 
     </span>
    </p>
   </div>
   <div class='ocr_carea' id='block_1_87' title="bbox 2422 3214 3890 3305">
    <p class='ocr_par' dir='ltr' id='par_1_87' title="bbox 2422 3214 3890 3305">
     <span class='ocr_line' id='line_1_87' title="bbox 2422 3214 3890 3305; baseline -0.005 -13"><span class='ocrx_word' id='word_1_478' title='bbox 2422 3214 2471 3277; x_wconf 68' lang='grc' dir='ltr'>ο</span> <span class='ocrx_word' id='word_1_479' title='bbox 2497 3237 2646 3292; x_wconf 83' lang='lat' dir='ltr'><strong>inter</strong></span> <span class='ocrx_word' id='word_1_480' title='bbox 2677 3252 2812 3305; x_wconf 83' lang='lat' dir='ltr'><strong>quos</strong></span> <span class='ocrx_word' id='word_1_481' title='bbox 2835 3214 3043 3291; x_wconf 82' lang='lat' dir='ltr'><strong>medius</strong></span> <span class='ocrx_word' id='word_1_482' title='bbox 3074 3236 3328 3305; x_wconf 88' lang='lat' dir='ltr'><strong>princeps</strong></span> <span class='ocrx_word' id='word_1_483' title='bbox 3356 3234 3626 3289; x_wconf 85' lang='lat' dir='ltr'><strong>residebat</strong></span> <span class='ocrx_word' id='word_1_484' title='bbox 3655 3234 3890 3301; x_wconf 89' lang='lat' dir='ltr'><strong>iniquus,</strong></span> 
     </span>
    </p>
   </div>
   <div class='ocr_carea' id='block_1_88' title="bbox 2497 3321 3913 3396">
    <p class='ocr_par' dir='ltr' id='par_1_88' title="bbox 2497 3321 3913 3396">
     <span class='ocr_line' id='line_1_88' title="bbox 2497 3321 3913 3396; baseline -0.004 -15"><span class='ocrx_word' id='word_1_485' title='bbox 2497 3328 2603 3396; x_wconf 91' lang='lat' dir='ltr'><strong>Qui</strong></span> <span class='ocrx_word' id='word_1_486' title='bbox 2634 3343 2729 3381; x_wconf 80' lang='lat' dir='ltr'><strong>rex</strong></span> <span class='ocrx_word' id='word_1_487' title='bbox 2757 3337 2843 3383; x_wconf 90' lang='lat' dir='ltr'><strong>est</strong></span> <span class='ocrx_word' id='word_1_488' title='bbox 2876 3327 3090 3391; x_wconf 85' lang='lat' dir='ltr'><strong>mortis,</strong></span> <span class='ocrx_word' id='word_1_489' title='bbox 3123 3326 3301 3396; x_wconf 81' lang='lat' dir='ltr'><strong>proles</strong></span> <span class='ocrx_word' id='word_1_490' title='bbox 3326 3340 3539 3395; x_wconf 89' lang='lat' dir='ltr'><strong>quoque</strong></span> <span class='ocrx_word' id='word_1_491' title='bbox 3570 3321 3913 3395; x_wconf 89' lang='lat' dir='ltr'><strong>perditionis,</strong></span> 
     </span>
    </p>
   </div>
   <div class='ocr_carea' id='block_1_89' title="bbox 2497 3412 3841 3479">
    <p class='ocr_par' dir='ltr' id='par_1_89' title="bbox 2497 3412 3841 3479">
     <span class='ocr_line' id='line_1_89' title="bbox 2497 3412 3841 3479; baseline -0.004 -6"><span class='ocrx_word' id='word_1_492' title='bbox 2497 3417 2746 3473; x_wconf 89' lang='lat' dir='ltr'><strong>Suadeus</strong></span> <span class='ocrx_word' id='word_1_493' title='bbox 2773 3416 3095 3472; x_wconf 87' lang='lat' dir='ltr'><strong>damnandis</strong></span> <span class='ocrx_word' id='word_1_494' title='bbox 3126 3424 3303 3469; x_wconf 88' lang='lat' dir='ltr'><strong>astuta</strong></span> <span class='ocrx_word' id='word_1_495' title='bbox 3332 3414 3519 3468; x_wconf 81' lang='lat' dir='ltr'><strong>fraude</strong></span> <span class='ocrx_word' id='word_1_496' title='bbox 3553 3412 3841 3479; x_wconf 85' lang='lat' dir='ltr'><strong>ministris,</strong></span> 
     </span>
    </p>
   </div>
   <div class='ocr_carea' id='block_1_90' title="bbox 2496 3506 3669 3581">
    <p class='ocr_par' dir='ltr' id='par_1_90' title="bbox 2496 3506 3669 3581">
     <span class='ocr_line' id='line_1_90' title="bbox 2496 3506 3669 3581; baseline -0.004 -16"><span class='ocrx_word' id='word_1_497' title='bbox 2496 3511 2730 3581; x_wconf 81' lang='lat' dir='ltr'><strong>lmpigre</strong></span> <span class='ocrx_word' id='word_1_498' title='bbox 2759 3510 2968 3564; x_wconf 87' lang='lat' dir='ltr'><strong>cunctis</strong></span> <span class='ocrx_word' id='word_1_499' title='bbox 2996 3509 3332 3577; x_wconf 63' lang='lat' dir='ltr'><strong>praetendere</strong></span> <span class='ocrx_word' id='word_1_500' title='bbox 3356 3506 3669 3562; x_wconf 75' lang='lat' dir='ltr'><strong>calliditatis</strong></span> 
     </span>
    </p>
   </div>
   <div class='ocr_carea' id='block_1_91' title="bbox 2496 3605 3735 3675">
    <p class='ocr_par' dir='ltr' id='par_1_91' title="bbox 2496 3605 3735 3675">
     <span class='ocr_line' id='line_1_91' title="bbox 2496 3605 3735 3675; baseline -0.002 -15"><span class='ocrx_word' id='word_1_501' title='bbox 2496 3605 2763 3671; x_wconf 60' lang='lat' dir='ltr'><strong>Assuetw,</strong></span> <span class='ocrx_word' id='word_1_502' title='bbox 2792 3605 3013 3675; x_wconf 88' lang='lat' dir='ltr'><strong>laqueos</strong></span> <span class='ocrx_word' id='word_1_503' title='bbox 3033 3619 3223 3658; x_wconf 87' lang='lat' dir='ltr'><strong>onmes</strong></span> <span class='ocrx_word' id='word_1_504' title='bbox 3248 3605 3465 3674; x_wconf 75' lang='lat' dir='ltr'><strong>captare</strong></span> <span class='ocrx_word' id='word_1_505' title='bbox 3492 3612 3735 3673; x_wconf 86' lang='lat' dir='ltr'><strong>paratos.</strong></span> 
     </span>
    </p>
   </div>
   <div class='ocr_carea' id='block_1_92' title="bbox 2573 3698 4096 3771">
    <p class='ocr_par' dir='ltr' id='par_1_92' title="bbox 2573 3698 4096 3771">
     <span class='ocr_line' id='line_1_92' title="bbox 2573 3698 4096 3771; baseline 0.001 -18"><span class='ocrx_word' id='word_1_506' title='bbox 2573 3698 2639 3753; x_wconf 85' lang='lat' dir='ltr'><strong>Et</strong></span> <span class='ocrx_word' id='word_1_507' title='bbox 2666 3713 2895 3768; x_wconf 89' lang='lat' dir='ltr'><strong>magnus</strong></span> <span class='ocrx_word' id='word_1_508' title='bbox 2925 3707 3223 3762; x_wconf 89' lang='lat' dir='ltr'><strong>errantem,</strong></span> <span class='ocrx_word' id='word_1_509' title='bbox 3263 3700 3628 3768; x_wconf 88' lang='lat' dir='ltr'><strong>damnumque</strong></span> <span class='ocrx_word' id='word_1_510' title='bbox 3650 3702 3734 3755; x_wconf 91' lang='lat' dir='ltr'><strong>sui</strong></span> <span class='ocrx_word' id='word_1_511' title='bbox 3767 3700 4096 3771; x_wconf 87' lang='lat' dir='ltr'><strong>cupientem,</strong></span> 
     </span>
    </p>
   </div>
   <div class='ocr_carea' id='block_1_93' title="bbox 2502 3790 3773 3859">
    <p class='ocr_par' dir='ltr' id='par_1_93' title="bbox 2502 3790 3773 3859">
     <span class='ocr_line' id='line_1_93' title="bbox 2502 3790 3773 3859; baseline 0 -15"><span class='ocrx_word' id='word_1_512' title='bbox 2502 3800 2625 3845; x_wconf 75' lang='lat' dir='ltr'><strong>Mox</strong></span> <span class='ocrx_word' id='word_1_513' title='bbox 2648 3792 2715 3844; x_wconf 90' lang='lat' dir='ltr'><strong>ad</strong></span> <span class='ocrx_word' id='word_1_514' title='bbox 2742 3791 3031 3845; x_wconf 89' lang='lat' dir='ltr'><strong>concilium</strong></span> <span class='ocrx_word' id='word_1_515' title='bbox 3056 3790 3389 3859; x_wconf 85' lang='lat' dir='ltr'><strong>perducebat</strong></span> <span class='ocrx_word' id='word_1_516' title='bbox 3418 3790 3773 3857; x_wconf 89' lang='lat' dir='ltr'><strong>scelerosum,</strong></span> 
     </span>
    </p>
   </div>
   <div class='ocr_carea' id='block_1_94' title="bbox 2500 3881 3882 3953">
    <p class='ocr_par' dir='ltr' id='par_1_94' title="bbox 2500 3881 3882 3953">
     <span class='ocr_line' id='line_1_94' title="bbox 2500 3881 3882 3953; baseline 0.001 -17"><span class='ocrx_word' id='word_1_517' title='bbox 2500 3881 2923 3951; x_wconf 80' lang='lat' dir='ltr'><strong>Prostratusque</strong></span> <span class='ocrx_word' id='word_1_518' title='bbox 2954 3895 3036 3934; x_wconf 82' lang='lat' dir='ltr'><strong>Slll</strong></span> <span class='ocrx_word' id='word_1_519' title='bbox 3068 3881 3266 3950; x_wconf 88' lang='lat' dir='ltr'><strong>plantis</strong></span> <span class='ocrx_word' id='word_1_520' title='bbox 3293 3883 3565 3951; x_wconf 88' lang='lat' dir='ltr'><strong>extemplo</strong></span> <span class='ocrx_word' id='word_1_521' title='bbox 3598 3885 3841 3953; x_wconf 78' lang='lat' dir='ltr'><strong>magistri</strong></span> <span class='ocrx_word' id='word_1_522' title='bbox 3864 3922 3882 3949; x_wconf 93' lang='lat'><strong>,</strong></span> 
     </span>
    </p>
   </div>
   <div class='ocr_carea' id='block_1_95' title="bbox 2502 3974 3826 4044">
    <p class='ocr_par' dir='ltr' id='par_1_95' title="bbox 2502 3974 3826 4044">
     <span class='ocr_line' id='line_1_95' title="bbox 2502 3974 3826 4044; baseline 0.003 -17"><span class='ocrx_word' id='word_1_523' title='bbox 2502 3974 2828 4029; x_wconf 81' lang='lat' dir='ltr'><strong>Monstravit</strong></span> <span class='ocrx_word' id='word_1_524' title='bbox 2856 3975 3022 4029; x_wconf 85' lang='lat' dir='ltr'><strong>verbo</strong></span> <span class='ocrx_word' id='word_1_525' title='bbox 3056 3989 3301 4039; x_wconf 90' lang='lat' dir='ltr'><strong>causam,</strong></span> <span class='ocrx_word' id='word_1_526' title='bbox 3330 3990 3435 4044; x_wconf 91' lang='lat' dir='ltr'><strong>qua</strong></span> <span class='ocrx_word' id='word_1_527' title='bbox 3465 3987 3686 4031; x_wconf 81' lang='lat' dir='ltr'><strong>venerat</strong></span> <span class='ocrx_word' id='word_1_528' title='bbox 3714 3977 3826 4042; x_wconf 88' lang='lat' dir='ltr'><strong>illo,</strong></span> 
     </span>
    </p>
   </div>
   <div class='ocr_carea' id='block_1_96' title="bbox 2501 4063 3812 4134">
    <p class='ocr_par' dir='ltr' id='par_1_96' title="bbox 2501 4063 3812 4134">
     <span class='ocr_line' id='line_1_96' title="bbox 2501 4063 3812 4134; baseline 0.002 -17"><span class='ocrx_word' id='word_1_529' title='bbox 2501 4063 2600 4118; x_wconf 92' lang='lat' dir='ltr'><strong>Cui</strong></span> <span class='ocrx_word' id='word_1_530' title='bbox 2635 4063 2844 4116; x_wconf 74' lang='lat' dir='ltr'><strong>daemon</strong></span> <span class='ocrx_word' id='word_1_531' title='bbox 2869 4077 3043 4117; x_wconf 70' lang='lat' dir='ltr'><strong>saevus</strong></span> <span class='ocrx_word' id='word_1_532' title='bbox 3068 4070 3255 4116; x_wconf 91' lang='lat' dir='ltr'><strong>contra</strong></span> <span class='ocrx_word' id='word_1_533' title='bbox 3280 4063 3359 4118; x_wconf 90' lang='lat' dir='ltr'><strong>sie</strong></span> <span class='ocrx_word' id='word_1_534' title='bbox 3386 4065 3616 4134; x_wconf 91' lang='lat' dir='ltr'><strong>denique</strong></span> <span class='ocrx_word' id='word_1_535' title='bbox 3641 4065 3812 4121; x_wconf 86' lang='lat' dir='ltr'><strong>fatus:</strong></span> 
     </span>
    </p>
   </div>
   <div class='ocr_carea' id='block_1_97' title="bbox 2502 4152 3704 4224">
    <p class='ocr_par' dir='ltr' id='par_1_97' title="bbox 2502 4152 3704 4224">
     <span class='ocr_line' id='line_1_97' title="bbox 2502 4152 3704 4224; baseline 0.001 -16"><span class='ocrx_word' id='word_1_536' title='bbox 2502 4153 2623 4219; x_wconf 89' lang='lat' dir='ltr'><strong>Dic,</strong></span> <span class='ocrx_word' id='word_1_537' title='bbox 2656 4153 2756 4218; x_wconf 91' lang='lat' dir='ltr'><strong>ait,</strong></span> <span class='ocrx_word' id='word_1_538' title='bbox 2788 4152 2973 4207; x_wconf 82' lang='lat' dir='ltr'><strong>auxilii</strong></span> <span class='ocrx_word' id='word_1_539' title='bbox 3002 4154 3205 4223; x_wconf 89' lang='lat' dir='ltr'><strong>possim</strong></span> <span class='ocrx_word' id='word_1_540' title='bbox 3233 4155 3360 4224; x_wconf 88' lang='lat' dir='ltr'><strong>quid</strong></span> <span class='ocrx_word' id='word_1_541' title='bbox 3388 4153 3533 4211; x_wconf 81' lang='lat' dir='ltr'><strong>ferre</strong></span> <span class='ocrx_word' id='word_1_542' title='bbox 3560 4154 3704 4211; x_wconf 88' lang='lat' dir='ltr'><strong>ﬁdeli</strong></span> 
     </span>
    </p>
   </div>
   <div class='ocr_carea' id='block_1_98' title="bbox 2499 4242 3754 4314">
    <p class='ocr_par' dir='ltr' id='par_1_98' title="bbox 2499 4242 3754 4314">
     <span class='ocr_line' id='line_1_98' title="bbox 2499 4242 3754 4314; baseline 0.002 -16"><span class='ocrx_word' id='word_1_543' title='bbox 2499 4242 2806 4313; x_wconf 88' lang='lat' dir='ltr'><strong>Ablutoque</strong></span> <span class='ocrx_word' id='word_1_544' title='bbox 2840 4243 2956 4298; x_wconf 85' lang='lat' dir='ltr'><strong>viro</strong></span> <span class='ocrx_word' id='word_1_545' title='bbox 2980 4242 3182 4298; x_wconf 86' lang='lat' dir='ltr'><strong>Christi</strong></span> <span class='ocrx_word' id='word_1_546' title='bbox 3207 4244 3547 4314; x_wconf 89' lang='lat' dir='ltr'><strong>baptismatis</strong></span> <span class='ocrx_word' id='word_1_547' title='bbox 3577 4247 3754 4301; x_wconf 88' lang='lat' dir='ltr'><strong>unda?</strong></span> 
     </span>
    </p>
   </div>
   <div class='ocr_carea' id='block_1_99' title="bbox 2502 4332 4025 4414">
    <p class='ocr_par' dir='ltr' id='par_1_99' title="bbox 2502 4332 4025 4414">
     <span class='ocr_line' id='line_1_99' title="bbox 2502 4332 4025 4414; baseline 0.005 -24"><span class='ocrx_word' id='word_1_548' title='bbox 2502 4332 2565 4390; x_wconf 88' lang='lat' dir='ltr'><strong>Si</strong></span> <span class='ocrx_word' id='word_1_549' title='bbox 2593 4350 2745 4389; x_wconf 90' lang='lat' dir='ltr'><strong>meus</strong></span> <span class='ocrx_word' id='word_1_550' title='bbox 2770 4350 2895 4390; x_wconf 88' lang='lat' dir='ltr'><strong>esse</strong></span> <span class='ocrx_word' id='word_1_551' title='bbox 2925 4336 3092 4405; x_wconf 91' lang='lat' dir='ltr'><strong>cupit,</strong></span> <span class='ocrx_word' id='word_1_552' title='bbox 3124 4337 3342 4406; x_wconf 90' lang='lat' dir='ltr'><strong>scriptis</strong></span> <span class='ocrx_word' id='word_1_553' title='bbox 3370 4336 3756 4410; x_wconf 89' lang='lat' dir='ltr'><strong>Christumque</strong></span> <span class='ocrx_word' id='word_1_554' title='bbox 3785 4341 4025 4414; x_wconf 87' lang='lat' dir='ltr'><strong>negabit,</strong></span> 
     </span>
    </p>
   </div>
   <div class='ocr_carea' id='block_1_100' title="bbox 2502 4423 3697 4497">
    <p class='ocr_par' dir='ltr' id='par_1_100' title="bbox 2502 4423 3697 4497">
     <span class='ocr_line' id='line_1_100' title="bbox 2502 4423 3697 4497; baseline 0.004 -19"><span class='ocrx_word' id='word_1_555' title='bbox 2502 4423 2760 4495; x_wconf 85' lang='lat' dir='ltr'><strong>Illiusque</strong></span> <span class='ocrx_word' id='word_1_556' title='bbox 2788 4424 3081 4494; x_wconf 88' lang='lat' dir='ltr'><strong>puellarem</strong></span> <span class='ocrx_word' id='word_1_557' title='bbox 3113 4427 3319 4495; x_wconf 88' lang='lat' dir='ltr'><strong>pariter</strong></span> <span class='ocrx_word' id='word_1_558' title='bbox 3344 4425 3697 4497; x_wconf 86' lang='lat' dir='ltr'><strong>Genitricem,</strong></span> 
     </span>
    </p>
   </div>
   <div class='ocr_carea' id='block_1_101' title="bbox 2505 4515 3989 4594">
    <p class='ocr_par' dir='ltr' id='par_1_101' title="bbox 2505 4515 3989 4594">
     <span class='ocr_line' id='line_1_101' title="bbox 2505 4515 3989 4594; baseline 0.007 -25"><span class='ocrx_word' id='word_1_559' title='bbox 2505 4515 2610 4570; x_wconf 88' lang='lat' dir='ltr'><strong>Per</strong></span> <span class='ocrx_word' id='word_1_560' title='bbox 2635 4517 2787 4586; x_wconf 82' lang='lat' dir='ltr'><strong>cujus</strong></span> <span class='ocrx_word' id='word_1_561' title='bbox 2812 4526 3025 4586; x_wconf 90' lang='lat' dir='ltr'><strong>partum</strong></span> <span class='ocrx_word' id='word_1_562' title='bbox 3058 4518 3234 4586; x_wconf 89' lang='lat' dir='ltr'><strong>patior</strong></span> <span class='ocrx_word' id='word_1_563' title='bbox 3266 4518 3490 4573; x_wconf 89' lang='lat' dir='ltr'><strong>nimium</strong></span> <span class='ocrx_word' id='word_1_564' title='bbox 3526 4535 3690 4590; x_wconf 88' lang='lat' dir='ltr'><strong>grave</strong></span> <span class='ocrx_word' id='word_1_565' title='bbox 3710 4522 3989 4594; x_wconf 88' lang='lat' dir='ltr'><strong>damnum,</strong></span> 
     </span>
    </p>
   </div>
   <div class='ocr_carea' id='block_1_102' title="bbox 2502 4608 3618 4674">
    <p class='ocr_par' dir='ltr' id='par_1_102' title="bbox 2502 4608 3618 4674">
     <span class='ocr_line' id='line_1_102' title="bbox 2502 4608 3618 4674; baseline 0.003 -11"><span class='ocrx_word' id='word_1_566' title='bbox 2502 4609 2656 4663; x_wconf 89' lang='lat' dir='ltr'><strong>lllmn</strong></span> <span class='ocrx_word' id='word_1_567' title='bbox 2686 4608 2942 4663; x_wconf 91' lang='lat' dir='ltr'><strong>continuo</strong></span> <span class='ocrx_word' id='word_1_568' title='bbox 2970 4608 3171 4663; x_wconf 89' lang='lat' dir='ltr'><strong>virtute</strong></span> <span class='ocrx_word' id='word_1_569' title='bbox 3197 4623 3317 4663; x_wconf 89' lang='lat' dir='ltr'><strong>mea</strong></span> <span class='ocrx_word' id='word_1_570' title='bbox 3346 4610 3618 4674; x_wconf 84' lang='lat' dir='ltr'><strong>relevabo,</strong></span> 
     </span>
    </p>
   </div>
   <div class='ocr_carea' id='block_1_103' title="bbox 2501 4703 3861 4777">
    <p class='ocr_par' dir='ltr' id='par_1_103' title="bbox 2501 4703 3861 4777">
     <span class='ocr_line' id='line_1_103' title="bbox 2501 4703 3861 4777; baseline 0.003 -17"><span class='ocrx_word' id='word_1_571' title='bbox 2501 4707 2681 4775; x_wconf 85' lang='lat' dir='ltr'><strong>Atque</strong></span> <span class='ocrx_word' id='word_1_572' title='bbox 2708 4705 2874 4760; x_wconf 90' lang='lat' dir='ltr'><strong>decus</strong></span> <span class='ocrx_word' id='word_1_573' title='bbox 2899 4703 3021 4760; x_wconf 90' lang='lat' dir='ltr'><strong>talis</strong></span> <span class='ocrx_word' id='word_1_574' title='bbox 3048 4706 3314 4775; x_wconf 64' lang='lat' dir='ltr'><strong>praestabo</strong></span> <span class='ocrx_word' id='word_1_575' title='bbox 3345 4714 3593 4776; x_wconf 89' lang='lat' dir='ltr'><strong>patenter</strong></span> <span class='ocrx_word' id='word_1_576' title='bbox 3614 4706 3861 4777; x_wconf 90' lang='lat' dir='ltr'><strong>honoris,</strong></span> 
     </span>
    </p>
   </div>
   <div class='ocr_carea' id='block_1_104' title="bbox 2504 4794 3817 4868">
    <p class='ocr_par' dir='ltr' id='par_1_104' title="bbox 2504 4794 3817 4868">
     <span class='ocr_line' id='line_1_104' title="bbox 2504 4794 3817 4868; baseline 0.005 -19"><span class='ocrx_word' id='word_1_577' title='bbox 2504 4795 2717 4850; x_wconf 66' lang='lat' dir='ltr'><strong>Pratsul</strong></span> <span class='ocrx_word' id='word_1_578' title='bbox 2749 4805 2807 4849; x_wconf 93' lang='lat' dir='ltr'><strong>ut</strong></span> <span class='ocrx_word' id='word_1_579' title='bbox 2832 4796 2947 4866; x_wconf 85' lang='lat' dir='ltr'><strong>ipse</strong></span> <span class='ocrx_word' id='word_1_580' title='bbox 2976 4794 3089 4849; x_wconf 86' lang='lat' dir='ltr'><strong>suis</strong></span> <span class='ocrx_word' id='word_1_581' title='bbox 3121 4811 3226 4849; x_wconf 89' lang='lat' dir='ltr'><strong>non</strong></span> <span class='ocrx_word' id='word_1_582' title='bbox 3257 4797 3627 4852; x_wconf 89' lang='lat' dir='ltr'><strong>contradicere</strong></span> <span class='ocrx_word' id='word_1_583' title='bbox 3648 4798 3817 4868; x_wconf 86' lang='lat' dir='ltr'><strong>jussis</strong></span> 
     </span>
    </p>
   </div>
   <div class='ocr_carea' id='block_1_105' title="bbox 2499 4885 3732 4956">
    <p class='ocr_par' dir='ltr' id='par_1_105' title="bbox 2499 4885 3732 4956">
     <span class='ocr_line' id='line_1_105' title="bbox 2499 4885 3732 4956; baseline 0.004 -16"><span class='ocrx_word' id='word_1_584' title='bbox 2499 4886 2773 4956; x_wconf 87' lang='lat' dir='ltr'><strong>Apponat,</strong></span> <span class='ocrx_word' id='word_1_585' title='bbox 2801 4900 3030 4940; x_wconf 89' lang='lat' dir='ltr'><strong>cernens</strong></span> <span class='ocrx_word' id='word_1_586' title='bbox 3058 4900 3245 4941; x_wconf 90' lang='lat' dir='ltr'><strong>omnes</strong></span> <span class='ocrx_word' id='word_1_587' title='bbox 3271 4885 3342 4941; x_wconf 92' lang='lat' dir='ltr'><strong>illi</strong></span> <span class='ocrx_word' id='word_1_588' title='bbox 3370 4886 3694 4945; x_wconf 88' lang='lat' dir='ltr'><strong>famulantes</strong></span> <span class='ocrx_word' id='word_1_589' title='bbox 3718 4932 3732 4955; x_wconf 93' lang='lat'><strong>,</strong></span> 
     </span>
    </p>
   </div>
   <div class='ocr_carea' id='block_1_106' title="bbox 2506 4976 4087 5053">
    <p class='ocr_par' dir='ltr' id='par_1_106' title="bbox 2506 4976 4087 5053">
     <span class='ocr_line' id='line_1_106' title="bbox 2506 4976 4087 5053; baseline 0.008 -26"><span class='ocrx_word' id='word_1_590' title='bbox 2506 4977 2666 5048; x_wconf 77' lang='lat'><strong>136</strong></span> <span class='ocrx_word' id='word_1_591' title='bbox 2682 4976 2781 5043; x_wconf 90' lang='lat' dir='ltr'><strong>Qui</strong></span> <span class='ocrx_word' id='word_1_592' title='bbox 2802 4992 2945 5030; x_wconf 92' lang='lat' dir='ltr'><strong>nunc</strong></span> <span class='ocrx_word' id='word_1_593' title='bbox 2964 4977 3273 5044; x_wconf 89' lang='lat' dir='ltr'><strong>despectum</strong></span> <span class='ocrx_word' id='word_1_594' title='bbox 3292 4986 3554 5048; x_wconf 89' lang='lat' dir='ltr'><strong>spernunt</strong></span> <span class='ocrx_word' id='word_1_595' title='bbox 3571 4981 4087 5053; x_wconf 84' lang='lat' dir='ltr'><strong>venerarieripsum.</strong></span> 
     </span>
    </p>
   </div>
   <div class='ocr_carea' id='block_1_107' title="bbox 2576 5067 3713 5139">
    <p class='ocr_par' dir='ltr' id='par_1_107' title="bbox 2576 5067 3713 5139">
     <span class='ocr_line' id='line_1_107' title="bbox 2576 5067 3713 5139; baseline 0.004 -16"><span class='ocrx_word' id='word_1_596' title='bbox 2576 5068 2669 5123; x_wconf 81' lang='lat' dir='ltr'><strong>His</strong></span> <span class='ocrx_word' id='word_1_597' title='bbox 2691 5084 2811 5122; x_wconf 89' lang='lat' dir='ltr'><strong>eam</strong></span> <span class='ocrx_word' id='word_1_598' title='bbox 2839 5067 3112 5122; x_wconf 90' lang='lat' dir='ltr'><strong>blanditiis</strong></span> <span class='ocrx_word' id='word_1_599' title='bbox 3132 5068 3379 5139; x_wconf 61' lang='lat' dir='ltr'><strong>anguina:</strong></span> <span class='ocrx_word' id='word_1_600' title='bbox 3401 5069 3713 5127; x_wconf 84' lang='lat' dir='ltr'><strong>calliditatis</strong></span> 
     </span>
    </p>
   </div>
   <div class='ocr_carea' id='block_1_108' title="bbox 2499 5158 3699 5228">
    <p class='ocr_par' dir='ltr' id='par_1_108' title="bbox 2499 5158 3699 5228">
     <span class='ocr_line' id='line_1_108' title="bbox 2499 5158 3699 5228; baseline 0.003 -14"><span class='ocrx_word' id='word_1_601' title='bbox 2499 5160 2606 5215; x_wconf 88' lang='lat' dir='ltr'><strong>Iste</strong></span> <span class='ocrx_word' id='word_1_602' title='bbox 2635 5160 2800 5214; x_wconf 87' lang='lat' dir='ltr'><strong>miser</strong></span> <span class='ocrx_word' id='word_1_603' title='bbox 2826 5158 2989 5214; x_wconf 91' lang='lat' dir='ltr'><strong>verbo</strong></span> <span class='ocrx_word' id='word_1_604' title='bbox 3013 5174 3117 5213; x_wconf 89' lang='lat' dir='ltr'><strong>non</strong></span> <span class='ocrx_word' id='word_1_605' title='bbox 3142 5161 3548 5217; x_wconf 80' lang='lat' dir='ltr'><strong>eontradixerat</strong></span> <span class='ocrx_word' id='word_1_606' title='bbox 3572 5162 3699 5228; x_wconf 92' lang='lat' dir='ltr'><strong>ullo,</strong></span> 
     </span>
    </p>
   </div>
  </div>
