4482 5548
363 355 502 415 H05

431 469 593 524 Pacta
614 480 848 537 namque
883 465 990 531 die,
1017 465 1212 537 praesul
1242 467 1494 535 przecepit
1521 466 1713 519 adesse

361 557 500 614 Cleri
529 559 803 629 primates,
826 556 997 627 plebis
1024 557 1331 626 pariterque
1361 558 1590 627 priores,

361 650 537 720 Atque
567 650 951 720 Theophilum,
988 648 1200 705 cunctis
1230 649 1533 703 astantibus
1573 648 1700 715 illis,

361 741 686 805 Adductum,
719 740 896 793 verbis
928 739 1148 792 nimiunt
1180 739 1455 793 blanditur
1480 739 1687 803 amicis,

361 827 531 899 Ipsius
556 830 789 885 subdens
814 830 968 884 hilari
994 830 1137 885 vultu
1163 831 1375 895 dilioni,

365 923 692 993 Denevitque
723 923 826 993 piis
858 938 976 978 sese
1009 938 1259 993 peccasse
1294 924 1543 979 lamentis

363 1014 637 1084 Abjecisse
660 1014 831 1068 virum
860 1015 1220 1083 pnesumebat
1246 1014 1370 1083 quia
1397 1022 1663 1067 sanctum.

364 1105 461 1158 Ast
490 1107 597 1166 hic.
630 1122 659 1160 e
691 1106 883 1172 subitis
912 1106 1041 1159 tanti
1067 1105 1277 1159 laetatus
1306 1106 1527 1159 honoris

368 1200 547 1263 ῡηιιίε,
583 1201 700 1271 plus
726 1216 879 1266 reque
903 1201 1039 1254 tollit
1064 1216 1121 1255 se
1154 1208 1332 1253 mente
1361 1198 1613 1267 superba,

363 1291 640 1347 Jactanter
664 1290 1025 1360 suljectorum
1056 1307 1261 1351 cuneos,
1287 1291 1604 1361 populortnn

367 1384 535 1453 Ipsius
563 1384 840 1452 obsequiis
870 1399 1067 1455 cogens
1092 1385 1450 1439 succumbere
1478 1382 1650 1447 duris,

364 1478 449 1542 Et,
478 1486 659 1545 spreto
691 1477 903 1546 penitus
933 1477 1117 1544 patrie
1140 1476 1376 1530 caelestis
1408 1477 1634 1539 honore.

365 1568 661 1622 Terrestris
690 1578 894 1621 tantum
927 1583 1133 1637 pompce
1155 1578 1437 1622 versantur
1463 1582 1671 1622 amore.

364 1658 603 1727 Cumque
634 1658 721 1711 diu
748 1660 929 1712 vacuis
957 1658 1189 1712 inhiaret
1217 1674 1450 1726 namque
1480 1658 1708 1722 lucellis,

362 1748 559 1817 Atque,
590 1757 839 1802 monente
864 1764 1040 1817 mago,
1076 1764 1349 1818 nunquam
1374 1748 1606 1802 cessavit
1633 1746 1842 1815 iniquo,

367 1838 520 1893 vao
546 1838 867 1908 multiplices
894 1838 1109 1893 Satana:
1138 1839 1446 1909 persolvere
1467 1847 1668 1908 grates,

363 1930 439 1985 Ex
472 1931 624 2001 cujus
654 1930 838 2000 largis,
870 1931 1118 1991 credidit,
1151 1930 1487 1984 solummodo
1516 1928 1672 1983 donis

364 2023 672 2078 Accessisse
708 2023 923 2092 quidem
951 2032 1153 2078 tantam
1180 2022 1282 2077 sibi
1314 2022 1749 2091 prosperitatem.

366 2114 603 2171 Tandem
629 2116 868 2171 caelestis
897 2116 1069 2186 pietas
1100 2118 1363 2172 immensa
1388 2115 1650 2185 parentis,

365 2208 466 2275 Qui
491 2224 765 2280 nunquam
790 2210 939 2280 cupit
968 2209 1243 2263 interitum
1274 2218 1614 2276 mortemque
1644 2220 1880 2272 reorum,

368 2301 473 2358 Sed
502 2319 659 2372 mage
693 2303 967 2358 conversis
997 2302 1171 2356 hetam
1202 2302 1501 2356 concedere
1533 2300 1723 2362 vitam,

366 2393 671 2456 Condoluit,
699 2392 826 2448 facti
858 2394 1109 2448 meritmn
1138 2392 1367 2462 periisse
1398 2391 1645 2461 benigni,

368 2484 485 2551 Quo
515 2483 787 2554 quondam
815 2482 995 2537 stabili
1026 2481 1175 2537 fulsit
1204 2481 1588 2537 celeberrimus
1620 2480 1760 2536 orbi.

366 2573 576 2639 lsthzec,
615 2573 912 2628 sollicitans
934 2586 1123 2627 omnes
1144 2572 1444 2627 clementer
1469 2578 1710 2642 egentes,

370 2664 625 2734 Moreque
652 2664 854 2729 divino,
883 2663 1057 2733 pietas
1080 2665 1267 2718 eadem
1292 2663 1599 2718 veneranda

369 2756 618 2810 Concutit
648 2765 923 2810 errantem
954 2755 1114 2825 digna
1141 2754 1429 2809 formidine
1460 2763 1717 2809 mentem.

443 2850 599 2922 137
627 2849 737 2904 Nec
767 2865 940 2915 mora,
970 2858 1325 2910 compunctus
1355 2863 1565 2902 summo
1590 2860 1827 2902 maerore
1852 2847 1959 2902 mi-

370 2943 641 3012 Prarponit
673 2942 922 3011 pavitans
944 2941 1116 2996 oculis
1146 2941 1444 3011 smpissime
1474 2940 1675 3004 cordis,
1722 2938 1932 3011 [sellus,

370 3035 602 3101 Quanta,
636 3036 880 3104 negando
905 3034 1099 3099 Deum,
1122 3036 1318 3089 meruit
1341 3043 1610 3088 tormenta
1632 3048 1730 3103 per
1761 3050 1959 3103 :evum,

369 3128 467 3193 Et,
497 3129 693 3198 quibus
727 3130 777 3182 in
810 3128 986 3198 poenis
1009 3127 1160 3198 jungi
1193 3126 1426 3183 debebat
1452 3126 1673 3181 Averni.

371 3220 495 3276 Haec
521 3235 735 3289 quoque
767 3220 1051 3275 tractando
1081 3233 1265 3274 secum
1296 3233 1529 3273 maerore
1559 3232 1848 3287 supremo,

372 3312 520 3367 Talia
548 3312 825 3368 continuis
856 3310 1029 3365 fertur
1057 3310 1257 3365 dixisse
1282 3309 1534 3365 lamentis
1561 3327 1574 3361 :

370 3405 483 3460 Heu
513 3404 757 3459 mihimet
784 3405 998 3465 misero,
1036 3402 1247 3457 cunctis
1276 3400 1490 3470 probris
1511 3398 1701 3453 vitiato
1727 3400 1741 3453 !

372 3496 464 3551 Vae
492 3496 619 3551 mihi
646 3494 975 3558 damnando,
1004 3475 1209 3563 proprii
1232 3507 1330 3562 pro
1356 3490 1586 3546 crimine
1617 3490 1749 3554 voti,

371 3588 471 3658 Qui
501 3588 679 3644 Patris
710 3588 905 3644 summi
933 3586 1145 3643 Prolem
1176 3601 1273 3658 per
1300 3585 1501 3655 scripta
1531 3583 1741 3654 negavi,

373 3683 683 3759 Divina'que
703 3682 866 3737 simul
888 3681 1103 3737 dulcem
1126 3680 1302 3769 Proljs
1325 3678 1677 3749 genitricem!

372 3776 545 3841 Eheu,
575 3790 739 3845 quam
769 3775 926 3830 saevis
955 3775 1141 3829 tradar
1169 3789 1268 3845 per
1295 3771 1493 3828 saecula
1521 3770 1719 3841 pinnis,

372 3869 439 3924 Et
458 3884 618 3940 quam
651 3868 922 3925 continuis
950 3867 1175 3922 claudar
1202 3866 1321 3921 sine
1355 3865 1459 3919 ﬁne
1484 3864 1756 3929 tenebris,

375 3960 477 4028 Qui
508 3962 673 4015 miser
696 3959 830 4029 elegi
865 3960 1018 4013 subdi
1052 3958 1268 4013 Satana:
1299 3957 1512 4021 ditioni,

376 4052 545 4123 Atque
574 4050 919 4107 tenebricolis
945 4050 1095 4105 erebi
1120 4048 1410 4104 sublimine
1430 4048 1582 4118 jungi

372 4143 651 4197 Mundame
675 4158 887 4212 pompa:
908 4156 1049 4196 vano
1076 4141 1331 4195 seductus
1354 4140 1568 4195 amore!

371 4234 509 4301 Quid
533 4234 776 4288 dicturus
801 4248 919 4296 ero,
947 4232 1173 4286 nimium
1202 4238 1474 4300 peccator,
1506 4230 1559 4283 in
1589 4228 1680 4283 illo

371 4322 637 4393 Tempore
692 4322 879 4393 judicii
914 4322 1091 4376 sancti
1132 4320 1371 4390 Spiritus
1412 4312 1720 4387 metuendi,

372 4415 598 4484 Quando
627 4413 894 4470 factorum
921 4413 1225 4470 mercedem
1254 4414 1485 4485 quisque
1513 4428 1736 4469 suorum

370 4508 643 4577 Accipiat,
670 4508 889 4577 dignam
923 4506 1056 4562 satis
1087 4522 1240 4577 aequa
1279 4506 1433 4562 lance
1464 4505 1741 4571 libratam,

370 4596 479 4652 Pro
505 4598 844 4652 diversorum
875 4597 1137 4667 qualitate
1162 4596 1381 4666 quidem
1412 4596 1767 4652 meritorum?

372 4688 487 4757 Vel,
512 4690 633 4759 quis
672 4687 810 4743 forte
838 4689 942 4743 mei
968 4696 1096 4743 tunc
1137 4698 1371 4758 apponet
1400 4688 1674 4751 misereri,

373 4780 506 4837 Cum
539 4780 627 4835 vix
664 4797 762 4852 pro
786 4781 996 4835 meritis
1020 4779 1200 4849 justus
1226 4780 1467 4835 salvatur
1495 4781 1725 4852 epimis?

372 4872 505 4928 Nam
528 4874 732 4929 Christi
761 4871 1030 4938 Genitrix,
1060 4872 1292 4943 cmliquc
1318 4881 1513 4942 potens
1538 4872 1888 4935 dominatrix,

374 4965 633 5021 Flaminis
660 4974 822 5036 atque
847 4966 988 5022 Sacri
1014 4965 1271 5035 templum
1304 4965 1421 5020 sine
1449 4966 1610 5021 sorde
1656 4979 1959 5033 coruscum,

368 5057 491 5114 llaec
517 5059 707 5114 eadem
736 5060 908 5130 virgo,
943 5068 1130 5131 partus
1150 5067 1271 5129 post
1298 5058 1493 5129 gaudia
1527 5067 1672 5114 casta
1694 5099 1707 5121 ,

368 5153 498 5222 Qure
530 5161 678 5210 retro
708 5154 984 5210 conversis
1011 5152 1187 5208 fuerat
1216 5152 1502 5209 mitissima
1546 5152 1776 5219 cunctis,

364 5244 543 5317 Atque
576 5246 658 5300 sui
688 5245 898 5302 dulcem
927 5260 1203 5313 nunquam
1232 5243 1413 5300 tardat
1441 5245 1720 5316 pietatem,

363 5337 487 5372 calo
518 5338 589 5372 an:
600 5338 650 5372 Ιιῖ
677 5339 845 5372 uani.“

883 5340 1020 5372 ι-υιΙῖο
1053 5346 1129 5372 ne!
1164 5338 1523 5372 mallinnnainn
1561 5337 1704 5372 far-nr.

1294 348 1381 407 DE
1415 348 1636 407 LAI'SU
1679 347 1766 405 ET
1805 332 2283 405 CONVERSIONE
2322 333 2707 395 THEOPHILI;

1977 463 2029 523 Α
2056 458 2325 520 Attamen,
2360 453 2613 509 instantis
2642 462 2805 506 causa
2835 454 3061 521 cogente
3092 445 3293 503 doloris
3318 486 3331 510 ,

1983 1832 2033 1894 B

1990 4559 2042 4620 Ι)

2858 298 2889 306 ,.

3493 333 3638 391 Μοο

2050 549 2305 621 Ejusdem
2336 546 2569 603 celerem
2604 542 2830 613 supplex
2858 556 3044 613 quaero
3066 539 3326 609 pietatem

2050 641 2169 711 Quo
2190 639 2429 695 clemens
2461 637 2698 692 animam
2724 635 2977 707 precibus
3002 633 3175 689 salvct
3202 631 3525 703 perituram.

2057 732 2217 805 138
2244 730 2369 785 Haec
2396 744 2579 784 secum
2607 727 2849 799 querulis
2888 726 3112 782 nimimn
3138 725 3353 781 dicebat
3378 721 3609 791 amaris,
3658 726 3661 727 ⁷

2052 824 2140 889 Ει,
2182 823 2310 879 secli
2341 822 2488 878 curis
2505 821 2667 877 citius
2702 821 2768 877 de
2794 821 2957 876 corde
2996 817 3245 889 repulsis,

2053 918 2287 988 impiger
2315 917 2381 971 ad
2414 914 2671 985 templum
2699 921 2975 985 properat,
3002 912 3101 967 sub
3128 911 3336 966 honore
3360 908 3608 965 dicatum

2053 1006 2294 1079 Virginis
2323 1008 2554 1067 intactae,
2591 1007 2888 1075 matrisque
2920 1004 3014 1060 Dei
3042 1002 3396 1069 venerandae,

2054 1099 2239 1155 Octies
2260 1109 2313 1154 et
2344 1101 2576 1169 spatium
2608 1098 2869 1170 transegit
2903 1099 3141 1168 quinque
3165 1096 3401 1163 dierum,

2055 1191 2167 1247 illic
2191 1193 2429 1247 contrito
2456 1190 2657 1246 deﬂens
2686 1206 2783 1247 sua
2810 1191 2975 1246 corde
3004 1189 3175 1260 piacla
3194 1230 3209 1253 ,

2058 1283 2297 1353 Denegat
2333 1291 2495 1351 atque
2524 1282 2647 1345 sibi,
2680 1280 2931 1353 lacrymis
2953 1281 3181 1336 satiatus
3210 1278 3440 1346 amaris,

2056 1375 2247 1430 Omnia
2278 1374 2545 1429 cultorum
2572 1375 2966 1430 delectamenta
2997 1376 3263 1439 ciborum,

2058 1466 2279 1521 Scilicet
2307 1477 2361 1522 ct
2402 1468 2645 1536 requiem
2669 1469 2841 1523 somni
2864 1468 3162 1538 saepissime
3182 1466 3421 1523 dulcem.

2056 1558 2287 1623 Pervigil
2308 1560 2361 1613 in
2392 1560 2564 1615 sacris
2586 1576 2797 1615 summo
2819 1560 3105 1615 conamine
3130 1560 3293 1625 votis,

2058 1648 2170 1702 Tali
2208 1660 2451 1719 pereerte
2478 1666 2676 1722 corpus
2706 1650 3001 1719 frangendo
3034 1650 3239 1713 labore.

2056 1737 2313 1809 Purgavit
2342 1741 2594 1812 lacrymis
2622 1742 2815 1796 anima:
2847 1741 3083 1797 maculas
3106 1742 3326 1798 vitiatae.

2132 1830 2227 1885 llis
2254 1832 2388 1886 bene
2417 1831 2691 1900 perfectis,
2724 1832 2951 1887 nimium
2986 1848 3110 1888 cum
3138 1832 3317 1890 lassus
3345 1832 3402 1890 in
3430 1832 3593 1891 horis

2058 1921 2367 1988 Nocturnis,
2406 1923 2550 1977 molli
2582 1922 2816 1978 declinat
2841 1923 3081 1978 membra
3107 1923 3295 1993 quieti,

2059 2014 2245 2068 Astitit
2276 2015 2328 2069 in
2358 2014 2564 2069 somnis
2591 2014 2667 2068 illi
2693 2015 2998 2071 castissima
3027 2015 3189 2086 Regis

2060 2102 2271 2158 Eterni
2294 2102 2563 2168 Genitrix,
2584 2103 2773 2159 eadem
2797 2105 2983 2159 mundi
3012 2105 3367 2176 dominatrix,

2063 2195 2283 2250 Scilicet
2320 2196 2579 2250 auxilium
2602 2236 2617 2260 ,
2655 2211 2778 2265 spes
2818 2196 3168 2267 solamenque
3198 2207 3482 2267 paratum.

2061 2285 2190 2352 Ejus
2218 2287 2529 2356 pmsidittitt
2558 2288 2751 2343 devota
2781 2298 2962 2345 mente
2994 2298 3340 2360 precantum,

2063 2379 2284 2435 Talibus
2311 2390 2367 2434 et
2392 2381 2572 2435 verbis
2596 2382 2833 2436 terrebat
2862 2382 3024 2437 corda
3052 2384 3335 2453 paventis:

2132 2472 2177 2529 Ο
2208 2474 2308 2539 vir,
2333 2489 2429 2529 cur
2454 2475 2623 2530 nostri
2655 2474 2845 2545 vigilas
2873 2475 2939 2530 ad
2966 2474 3150 2529 limina
3187 2474 3380 2545 templi
3429 2508 3436 2515 ι
3469 2463 3495 2483 ’²

2066 2563 2183 2627 Vel,
2214 2579 2313 2619 cur
2336 2579 2495 2634 posse
2519 2566 2622 2619 mei
2654 2567 2885 2621 celerem
2915 2575 3080 2622 temet
3105 2566 3363 2636 pietatem
3427 2557 3431 2561 ’

2064 2653 2354 2709 Prtesumis
2383 2670 2625 2724 sperare,
2663 2671 2841 2711 meum
2873 2657 2963 2726 qui
2997 2656 3230 2727 denique
3258 2654 3479 2721 Natum,

2068 2744 2151 2799 Mc
2177 2754 2516 2815 matremque
2544 2747 2647 2810 sui,
2680 2762 2935 2817 perverso
2961 2748 3125 2802 corde
3153 2748 3408 2817 negasti?

2064 2837 2183 2904 Die,
2210 2853 2362 2910 rogo,
2391 2838 2544 2907 queis
2562 2838 2735 2893 oculis
2763 2838 2963 2909 possim
2994 2838 3098 2893 mis
3122 2853 3349 2894 eernere
3377 2837 3561 2894 Prolis.

2066 2928 2273 2984 Divina:
2297 2929 2528 2994 vultum,
2560 2929 2767 2984 caelesti
2795 2929 2913 2985 lucc
2934 2944 3247 2995 coruscum,

2068 3022 2252 3090 Quove
2281 3024 2440 3077 modo
2462 3022 2599 3078 solio
2625 3037 2865 3092 prtesens
2887 3030 3067 3078 astare
3095 3024 3377 3077 tremendo

2068 3113 2198 3183 Ejus
2225 3114 2528 3184 pra-sumo?
2555 3113 2765 3168 tibimet
2790 3114 3002 3169 veniam
3034 3114 3338 3185 rogitando.

1987 3202 2034 3265 C
2064 3205 2166 3261 Ast
2192 3219 2383 3261 omnes
2407 3206 2616 3277 culpas,
2645 3206 2698 3261 in
2733 3220 2819 3260 me
2843 3205 3077 3261 fortasse
3111 3215 3389 3277 patratas,_

2064 3296 2276 3352 Aﬂ‘ectu
2313 3296 2513 3352 mentis
2537 3297 2632 3351 tibi
2666 3313 2792 3352 mox
2818 3298 3071 3369 indulgeo
3099 3298 3315 3369 gratis,

2064 3386 2238 3443 Omne
2265 3402 2433 3459 genus
2460 3387 2689 3442 nimium
2721 3388 2850 3459 quia
2880 3388 3046 3460 diligo
3071 3388 3562 3451 Christicolarum.

2065 3482 2191 3538 Illos
2214 3483 2486 3553 praecipue
2512 3490 2701 3537 tenero
2733 3482 2829 3538 sed
2860 3483 3059 3537 mentis
3087 3498 3274 3540 arnore

2066 3574 2264 3645 Diligo,
2288 3574 2575 3640 consolor,
2605 3575 2842 3646 prOpriis
2872 3576 3175 3645 amplector
3196 3587 3249 3634 et
3279 3580 3454 3646 ulnis,

2066 3667 2216 3734 Quos
2246 3676 2561 3732 exorantcs,
2587 3668 2796 3723 crebris
2829 3669 3154 3741 hymnisque
3184 3684 3470 3741 vacantes,

2064 3757 2351 3828 lnvigilarc
2390 3773 2510 3813 meo
2536 3773 2700 3813 cerno
2724 3759 3025 3829 smpissimc
3063 3764 3283 3833 templo.

2066 3850 2296 3907 Materni
2324 3854 2417 3909 sed
2448 3855 2528 3909 vis
2558 3855 2711 3911 fortis
2750 3873 2836 3913 me
2867 3859 3013 3929 cogit
3043 3861 3275 3925 amoris,

2065 3947 2204 4004 llinc
2237 3951 2411 4021 magis
2442 3966 2570 4023 erga
2598 3961 2649 4008 te
2674 3952 2840 4007 nimio
2874 3952 3177 4011 fervescere
3196 3956 3336 4023 zelo,

2070 4039 2232 4110 139
2260 4040 2412 4107 Quod
2448 4044 2837 4112 prazsumpsisti
2872 4045 3163 4102 tradendus
3202 4050 3524 4118 perditioni,

2064 4128 2496 4200 Blasphemando
2527 4133 2631 4186 mei
2663 4142 2909 4189 sanctum
2957 4147 3311 4194 contemnere
3340 4138 3559 4208 Natum,

2065 4219 2165 4286 Qui
2199 4220 2340 4276 Deus
2368 4231 2630 4289 :eternus,
2666 4226 2731 4280 de
2770 4225 2933 4281 Patre
2962 4227 3071 4283 Deo
3098 4240 3409 4300 generatus,

2067 4313 2232 4371 Retro
2257 4316 2509 4385 principii
2547 4316 2841 4386 primordia
2874 4334 3009 4373 cana
3042 4322 3243 4385 sereni,

2066 4406 2144 4460 Ex
2167 4422 2253 4461 me
2282 4406 2535 4477 dignatus
2572 4409 2806 4478 sumpsit
2852 4410 2952 4464 sub
2984 4418 3227 4482 tempore
3267 4427 3492 4485 corpus,

2068 4496 2221 4564 Quod
2251 4497 2399 4553 dedit
2432 4499 2682 4555 humana:
2711 4500 2870 4555 morti
2903 4501 3141 4557 nationis
3170 4518 3377 4559 amore.

2141 4588 2291 4643 'l‘alia
2316 4591 2513 4645 dicenti
2553 4601 2718 4647 castae
2760 4592 2964 4648 Christi
3002 4594 3263 4650 Genitrici

2068 4680 2164 4737 Vir
2190 4696 2429 4738 mmrens
2452 4685 2659 4751 animo,
2695 4695 2884 4740 contra
2916 4685 2995 4740 sic
3026 4685 3174 4741 fatur
3212 4702 3446 4745 amaro:

2067 4772 2111 4827 0
2154 4787 2271 4827 mea
2300 4774 2515 4840 domna,
2542 4776 2679 4840 scio,
2710 4777 3046 4847 nimiumque
3078 4777 3295 4834 tabesco
3318 4781 3568 4850 sciendo,

2067 4863 2196 4919 Plus
2217 4863 2365 4933 justo
2393 4867 2520 4933 quia
2549 4867 2773 4938 deliqui,
2804 4884 2900 4939 spe
2926 4879 3119 4941 captus
3150 4870 3299 4924 inani

2066 4957 2324 5014 Commisi
2351 4961 2561 5017 cunctis
2590 4961 2801 5018 facinus
2839 4962 3017 5031 majus
3045 4977 3260 5034 quoque.
3291 4965 3488 5033 pmnis,

2069 5050 2424 5121 Despiciendo
2453 5050 2648 5118 Deum,
2680 5054 2746 5109 de
2777 5066 2829 5109 te
2859 5054 2983 5109 sine
3013 5053 3175 5114 sorde
3203 5055 3501 5120 profusum.

2070 5141 2208 5199 Hinc
2235 5159 2341 5199 non
2364 5159 2483 5200 sum
2518 5148 2719 5219 dignus
2744 5147 2915 5203 veniae
2959 5143 3293 5218 conquirere
3332 5158 3557 5199 munus.

2067 5236 2174 5293 Sed
2211 5246 2394 5294 tamen
2423 5240 2741 5314 exemplum
2768 5240 2929 5298 nobis
2963 5249 3224 5306 tribuere
3261 5235 3455 5292 saiutis

2067 5331 2359 5372 Qnornnrlm
2410 5334 2733 5372 nnullhmrin
2769 5334 2860 5372 nlui
2893 5338 3165 5372 priujno
3194 5328 3352 5372 \ansi-

3624 5226 3694 5259 ἐξ,

3649 5266 3675 5297 \
