4482 5548
869 440 1005 495 1107
1711 451 2177 509 llBOTSUITH/E
2221 456 2543 511 MONIALIS
2584 457 3282 516 GANDERSHEIMENSIS
4000 459 4139 517 H08

861 549 1093 617 Iudaici,
1123 553 1330 621 plebem
1373 554 1581 609 Domini
1615 559 1704 627 qui
1739 562 1878 613 rexit
1913 562 2161 626 herilem,

858 640 1057 697 Illicito
1084 653 1263 712 nupue
1290 645 1470 700 subito
1496 660 1803 717 praeventus
1840 668 2043 717 amore,

862 730 978 786 Non
1010 735 1182 795 timet,
1215 736 1426 791 insidiis
1458 738 1933 796 circumveniendo
1963 742 2186 808 dolosis,

858 825 1132 880 lnsoutem
1168 827 1273 881 vita
1302 827 1553 885 fraudare
1583 833 1759 887 virum
1806 836 1923 889 siue
1952 851 2135 901 causa,

855 917 1182 986 Complexus
1208 920 1390 977 chara:
1418 920 1567 978 licito
1597 939 1705 993 quo
1734 933 1913 995 posset
1945 927 2184 981 habere?

859 1008 988 1073 Sed,
1020 1021 1328 1082 postquam,
1366 1014 1504 1069 vatis
1537 1016 1862 1086 perterritus
1892 1018 2228 1073 advenientis

851 1103 1170 1171 Admonitu,
1199 1105 1387 1177 culpas
1410 1107 1601 1162 didicit
1630 1106 1826 1162 deﬂere
1857 1108 2135 1177 gemellas,

860 1193 1073 1250 litelcvit
1110 1196 1367 1268 lacrymis
1394 1200 1556 1253 tacite
1586 1200 1828 1255 maculas
1854 1200 1963 1253 cito
1996 1202 2194 1264 cordis,

852 1284 1105 1355 Suscepit
1132 1303 1351 1342 rursum
1395 1291 1693 1360 prophetiw
1721 1308 1935 1360 quoque
1962 1292 2183 1345 donum.

850 1373 988 1441 Quid
1021 1375 1254 1431 referam
1282 1377 1525 1445 Petrum,
1558 1381 1778 1435 Christo
1809 1391 2064 1445 testante,
2111 1383 2362 1436 beatum!

851 1465 953 1533 Qui
983 1476 1123 1537 post,
1161 1470 1410 1537 quamvis
1434 1470 1698 1536 solvendi,
1732 1473 2045 1542 pariterque
2076 1473 2294 1544 ligandi,

851 1556 963 1612 Nec
996 1572 1100 1612 non
1133 1559 1418 1630 stelligerac
1446 1561 1623 1617 claves
1651 1574 1935 1633 acceperat
1969 1565 2123 1630 aulm,

848 1645 957 1701 Pro
988 1647 1108 1702 fidei
1151 1660 1309 1705 rectre
1336 1653 1467 1707 satis
1494 1667 1750 1723 expressa
1779 1659 2007 1717 ratione,

849 1740 1204 1806 Detestando,
1239 1742 1405 1796 Deum
1442 1760 1561 1798 sese
1601 1761 1932 1816 cognoscere
1957 1748 2235 1802 Christum

842 1832 1060 1894 chuit,
1097 1835 1305 1889 ancilla:
1342 1852 1528 1891 vocem
1562 1840 1851 1894 metuendo
1880 1840 2148 1904 nefanda),

844 1923 955 1979 Nec
983 1925 1168 1985 semel.
1200 1935 1293 1981 aut
1326 1928 1468 1983 binis
1499 1929 1727 1993 vicibus,
1758 1932 1849 1984 sed
1880 1933 2113 2001 denique
2148 1932 2337 1995 ternis,

845 2013 1005 2088 ιω
1049 2016 1158 2071 Ceu
1211 2034 1488 2088 nunquam
1537 2021 1734 2086 visum,
1785 2024 2005 2077 charum
2060 2032 2221 2094 negat
2268 2033 2431 2094 atque

1997 2114 2357 2187 [magistrum

838 2201 968 2266 Sed,
1010 2204 1135 2273 quia
1170 2206 1435 2273 condigne
1474 2205 1682 2275 lapsum
1719 2206 1933 2262 deﬂevit
1961 2208 2029 2262 ab
2056 2224 2153 2264 ore

835 2294 1146 2359 Peccatum,
1184 2298 1352 2351 veniae
1378 2299 1574 2352 meruit
1599 2298 1935 2355 medicamen
1962 2302 2175 2371 opimte.

839 2385 1062 2439 Scilicet
1089 2396 1251 2457 atque
1291 2389 1438 2458 gregi
1462 2388 1649 2455 jussus
1682 2391 2106 2459 prrcesseﬂdeli,

829 2477 1088 2546 Princeps
1115 2476 1372 2533 Ecclesia:
1400 2489 1586 2548 pastor
1620 2480 1676 2532 fit
1702 2482 1824 2549 jure
1864 2492 2113 2538 sacratze.

830 2571 1054 2627 Talibus
1082 2589 1143 2627 ac
1177 2574 1360 2636 tantis,
1403 2574 1523 2628 aliis
1556 2573 1849 2643 multisque
1885 2576 2067 2647 ﬁguris

826 2650 1169 2725 Admonitus,
1200 2665 1433 2717 similem
1468 2681 1574 2729 me,
1609 2668 1922 2734 sperabam,
1952 2669 2211 2737 pietatem

825 2756 867 2808 A
895 2754 1114 2809 Christo
1137 2756 1300 2810 citius
1330 2772 1425 2825 per
1460 2768 1510 2811 te
1540 2761 1863 2828 conquirere
1889 2776 2065 2830 posse.

896 2849 994 2905 Cui
1027 2851 1172 2903 vultu
1206 2850 1403 2905 blando
1445 2851 1659 2905 dicebat
1690 2863 1878 2907 sancta
1914 2854 2104 2918 Maria,

827 2940 1065 2995 Tristem
1097 2940 1364 2996 melliﬂure
1392 2941 1642 2998 refovens
1666 2944 1949 2999 dulcedine
1976 2947 2205 3017 linguae:

826 3034 883 3089 Si
919 3044 969 3089 te
994 3036 1344 3091 commissum
1378 3039 1559 3091 turbat
1587 3037 1903 3109 facinusque
1928 3042 2238 3107 nefandum,

823 3126 1096 3182 Coudecet
1127 3138 1184 3181 ut
1213 3129 1394 3183 cordis
1422 3144 1687 3184 consensu
1720 3130 2034 3187 confitearis

823 3220 958 3285 lloc,
993 3221 1134 3291 quod
1175 3221 1420 3276 mendaci
1454 3223 1674 3278 demens
1707 3240 1960 3280 sermone
1992 3230 2220 3299 negasti.

819 3309 1017 3380 Ipsum,
1050 3305 1208 3380 quem
1238 3314 1442 3381 peperi,
1475 3312 1651 3369 Patris
1684 3314 1877 3369 Natum
1910 3316 2023 3372 fore
2048 3320 2267 3384 summi,

824 3404 925 3470 Qui
947 3404 1110 3472 judex
1144 3406 1328 3459 urbem
1372 3408 1551 3461 veniet
1583 3423 1846 3464 renovare
1877 3424 1974 3479 per
2002 3412 2177 3482 ignem

822 3494 892 3549 Et
922 3506 1041 3563 post
1066 3498 1177 3551 hzcc
1219 3498 1432 3550 tandem
1471 3514 1568 3568 pro
1600 3509 1651 3554 te
1683 3515 1955 3568 praesumo
1981 3516 2193 3573 rogare.

822 3587 916 3643 Ille
938 3590 1178 3657 quidem,
1212 3606 1399 3645 rursus
1426 3590 1889 3662 lacrymans,linﬂt
1915 3596 2304 3653 vicedomnus:

820 3678 864 3734 Ο
896 3680 1086 3734 dilecta
1122 3680 1214 3734 Dei
1250 3682 1485 3751 genitrix
1535 3685 1878 3740 sanctissima
1909 3686 2133 3755 Christi,

819 3770 949 3836 Qure
980 3772 1092 3824 miti
1138 3771 1348 3828 refoves
1378 3784 1605 3829 cunctos
1637 3777 1837 3839 pietate
1860 3778 2066 3845 fideles,

823 3861 941 3929 Quo
970 3866 1162 3931 pacto?
1191 3881 1297 3933 quo
1318 3864 1441 3932 jure
1471 3867 1689 3935 quidem
1724 3871 2039 3941 contingere
2065 3873 2282 3928 tandem

818 3954 1110 4010 Altithroni
1160 3972 1352 4011 nomen
1389 3968 1656 4024 sanctum,
1691 3961 2016 4022 venerabile,
2056 3978 2332 4030 magnum,

816 4046 1008 4102 Infelix
1050 4063 1151 4119 ego
1182 4049 1399 4118 pollutis
1428 4066 1695 4121 praesumo
1728 4053 1954 4116 labellis,

821 4134 923 4202 Qui
979 4137 1277 4201 Christum,
1331 4140 1618 4207 baptisma,
1670 4160 1885 4198 crucem
1930 4144 2155 4212 Christi,
2191 4162 2406 4217 quoque

984 4246 985 4259 ³
2084 4239 2335 4312 [matrem

811 4321 888 4376 Te
924 4332 1152 4385 castam,
1183 4326 1399 4392 scriptis
1426 4323 1795 4395 hlasphemavi
1831 4329 1966 4383 male
2004 4330 2165 4398 pictis

807 4412 1123 4482 Cunctaque
1146 4414 1389 4469 ccelestis
1421 4417 1504 4485 pia
1535 4428 1872 4474 sacramenta
1914 4420 2102 4475 salutis
2130 4422 2151 4473 ?

882 4503 979 4558 His
1005 4506 1271 4559 miserans
1297 4507 1540 4576 querulis
1583 4510 1852 4564 inventrix
1889 4513 2224 4580 virginitatis

811 4595 1005 4650 Aiehat
1036 4596 1249 4653 blandis
1276 4599 1471 4653 iterum
1495 4600 1818 4657 clementius
1850 4604 1990 4657 orsis
2026 4624 2036 4657 :

809 4688 1138 4772 Quamvis-si
1165 4690 1421 4759 gravibus
1444 4692 1591 4772 vitiis
1620 4694 1847 4747 nimium
1875 4694 2198 4757 maculatus,

804 4763 1171 4844 Attauten,‘ut
1198 4782 1405 4846 monui,
1433 4763 1718 4838 ﬁominum
1745 4801 1849 4839 non
1883 4802 2077 4855 sperne
2104 4785 2281 4849 fateri,

806 4867 896 4932 Et,
928 4872 1055 4941 quia
1083 4871 1258 4929 factus
1291 4875 1474 4939 homo,
1510 4877 1677 4930 nostri
1714 4876 2050 4932 solummodo
2094 4895 2283 4943 causa,

807 4959 877 5016 Ut
906 4980 1056 5035 spem
1086 4966 1365 5021 conversis
1395 4966 1564 5020 venire
1597 4968 1864 5036 praeberet
1894 4969 2168 5023 habendm.

881 5060 1035 5115 Nune
1064 5061 1249 5116 isthacc
1286 5062 1525 5128 demum,
1562 5062 1781 5115 monitis
1812 5064 2053 5132 parendo
2075 5062 2335 5131 jubentis,

798 5154 932 5210 Cum
964 5153 1219 5225 laerymis
1250 5155 1384 5209 tales
1414 5154 1703 5225 spargebat
1732 5156 1799 5209 ad
1836 5155 2035 5208 aethera
2064 5170 2243 5207 vni-cs.

791 5248 947 5303 Hune
979 5248 1199 5319 supplex
1234 5263 1486 5312 veneror,
1528 5249 1708 5311 laudo,
1738 5248 2092 5318 complector,
2125 5248 2315 5311 adoro,

789 5342 865 5390 Fx
906 5341 1063 5390 Patre
1093 5340 1323 5390 emlesti.
1371 5340 1669 5390 Christum-
1709 5342 1827 5390 sine
1862 5350 2106 5390 tempore
2140 5348 2347 5390 natum.

2477 572 2527 629 Α
2556 566 2873 633 Opprobriis
2904 571 3072 640 tangi,
3102 570 3362 639 colaphis.
3392 570 3565 637 alapis
3590 585 3805 640 quoque
3831 572 3982 637 cadi,

2561 656 2835 727 Sacraque
2872 659 3071 729 pulsari
3103 661 3310 715 crebris
3338 676 3434 715 sua
3466 670 3613 730 terga
3645 661 3888 732 ﬂagellis,

2553 750 2727 817 Atque
2752 754 2923 819 sputis
2953 751 3095 807 rutili
3128 754 3361 821 speciem
3391 753 3572 807 vultus
3601 754 3879 809 maculari.

2552 844 2821 913 Cumque,
2850 857 3144 902 coronatus
3174 848 3365 917 spinis,
3403 858 3455 903 et
3480 848 3599 904 felle
3630 859 3865 920 potatus,

2552 936 2682 1004 Qua:
2713 953 2866 991 sacra
2892 940 3141 1008 praedixit
3186 941 3475 1011 scriptura,
3506 956 3603 1010 per
3631 957 3790 997 omne
3817 941 4064 1013 replevit,

2550 1028 2833 1084 Postremo
2860 1033 3033 1087 sacris
3063 1035 3309 1103 expassis
3332 1034 3384 1088 in
3416 1049 3577 1088 cruce
3604 1036 3823 1105 palmis,

2549 1120 2655 1174 Ceu
2691 1106 2877 1189 pastor
2907 1136 3090 1185 verus,
3126 1123 3387 1177 bonitatis
3416 1124 3620 1179 honore
3648 1126 3897 1190 decorus,

2547 1212 2652 1266 Pro
2682 1214 2835 1269 nobis
2862 1215 3097 1269 animam
3126 1215 3363 1270 moriens
3394 1217 3628 1286 ponebat
3655 1218 3963 1283 amandam,

2546 1305 2722 1372 Atque
2752 1306 3106 1375 sepulcralem
3139 1307 3369 1378 dignans
3397 1308 3634 1379 suscepit
3670 1310 3952 1365 honorem.

2545 1397 2703 1464 line,
2742 1398 2955 1455 inferna
3002 1409 3215 1471 petens,
3247 1400 3393 1455 erebi
3428 1417 3644 1472 quoque
3687 1402 3921 1458 claustra
3959 1401 4133 1459 resol-

3882 1492 4038 1565 [vens

2542 1581 2767 1637 Mortem
2811 1584 3099 1648 destruxit,
3128 1586 3321 1641 mortis
3361 1596 3680 1657 patremque
3710 1586 3915 1657 ligavit,

2544 1675 2911 1745 Tartareoque
2939 1692 3065 1731 suos
3098 1678 3263 1732 traxit
3287 1677 3354 1733 de
3393 1679 3835 1749 carcerejnstos.

2540 1765 2616 1819 Ac
2644 1767 2720 1821 sic
2754 1783 2860 1821 non
2910 1784 3075 1837 parva
3107 1769 3281 1823 vietor
3307 1770 3603 1824 comitante
3631 1779 3847 1824 caterva

2540 1857 2618 1910 Ad
2651 1871 2876 1925 superos
2907 1857 3084 1922 rediit,
3125 1860 3401 1928 proprium
3430 1874 3736 1928 corpusque
3775 1858 4023 1923 resumit,

2466 1930 2512 1989 Β
2541 1948 2693 2015 Quod
2732 1948 2832 2001 fuit
2868 1949 2920 2002 in
2954 1949 3114 2004 busto
3158 1950 3400 2005 clausum
3435 1950 3534 2004 sub
3564 1966 3833 2005 marmore
3874 1962 4091 2020 magno.

2538 2040 2716 2093 Tertia
2749 2056 2905 2109 quem
2937 2042 3115 2094 vivum
3148 2042 3278 2095 vidit
3327 2042 3414 2094 lux
3444 2055 3602 2095 omne
3631 2056 3727 2111 per
3756 2057 3951 2106 aevum,

2538 2129 2907 2198 Discipulique
2936 2130 3016 2183 sui
3064 2131 3257 2184 crebro
3282 2131 3466 2185 videre
3498 2132 3665 2196 beati,

2534 2222 2710 2292 ipsum
2738 2240 2877 2277 nune
2909 2232 3343 2288 convescentem,
3375 2240 3519 2279 nunc
3548 2240 3677 2295 ergo
3705 2225 4014 2295 loquentem

2532 2314 2642 2369 lllis
2670 2316 2736 2369 de
2765 2330 2929 2384 regno
2956 2315 3098 2368 dulci
3132 2330 3383 2369 sermone
3426 2315 3625 2371 futuro.

2532 2404 2662 2458 Post
2694 2406 2830 2469 haec,
2858 2406 3104 2461 attonitis
3135 2407 3309 2461 oculis
3346 2409 3696 2462 cernentibus
3729 2424 3879 2478 lpSlS,

2530 2500 2705 2569 Ipsam
2728 2511 2889 2569 quam
2923 2502 3149 2571 sumpsit
3183 2516 3402 2556 carnem
3429 2516 3594 2570 super
3630 2511 3775 2555 astra
3808 2501 4053 2566 libravit,

2528 2588 2586 2643 In
2624 2605 2727 2659 qua
2752 2589 3017 2660 judicium
3053 2591 3233 2646 veniet
3260 2591 3538 2646 celebrare
3581 2591 3845 2655 futurum,

2528 2679 2741 2749 Proque
2765 2680 2875 2735 suis
2906 2682 3117 2736 meritis
3148 2683 3334 2737 reddet
3367 2684 3505 2737 bona
3536 2682 3618 2737 vel
3644 2684 3783 2737 mala
3813 2683 4048 2739 eunetis.

2528 2770 2651 2825 llrcc
2689 2773 2758 2825 ita
2793 2775 3125 2837 credentem,
3159 2776 3447 2844 cordisque
3474 2773 3579 2829 ﬂde
3606 2776 3952 2840 retinentem,

2525 2862 2701 2933 Atque
2733 2865 2806 2916 tui
2850 2866 3233 2933 deposcentem
3281 2865 3494 2919 solitam
3546 2865 3825 2935 pietatem,

2526 2952 2859 3010 Commendo
2894 2972 2999 3023 me,
3030 2958 3193 3029 Virgo
3241 2968 3332 3012 tuo
3360 2958 3704 3013 sanctissima
3749 2956 3903 3021 Natu,

2523 3041 2867 3115 lnpetraque
2894 3055 2983 3100 tuo
3016 3048 3225 3101 veniam
3256 3046 3460 3101 famulo
3486 3047 3775 3102 sceleroso.

2580 3127 2721 3187 'Htec
2762 3135 2849 3187 uhi
2884 3135 3156 3189 continuis
3192 3134 3410 3190 deﬂevit
3449 3137 3610 3191 verba
3639 3134 3898 3205 querelis,

2524 3224 2725 3279 Sancta
2756 3224 2845 3278 Dei
2877 3225 3148 3291 Genitrix,
3180 3226 3481 3297 eademque
3508 3236 3701 3296 potens
3731 3226 4059 3281 dominatrix

2442 3298 2487 3359 (ἶ
2520 3314 2817 3379 Celorum,
2846 3317 3025 3371 verbis
3057 3318 3410 3386 respondens,
3443 3319 3640 3390 inquit,
3670 3320 3859 3374 amicis
3888 3337 3901 3372 :

2518 3405 2751 3475 Propter
2780 3407 3097 3477 mysterium
3131 3409 3274 3463 sacri
3305 3409 3645 3480 baptismatis
3675 3410 3897 3475 almum,

2521 3497 2583 3551 dt
2610 3507 2831 3567 propter
2858 3500 3047 3552 ducem
3078 3500 3259 3553 chara:
3288 3500 3392 3554 mis
3422 3499 3589 3570 prolis
3632 3515 3894 3566 amorem,

2521 3589 2679 3662 142
2705 3586 2866 3659 Cujus
2896 3600 2945 3645 te
2971 3593 3145 3663 pretio
3176 3594 3340 3660 sacri,
3376 3595 3511 3659 scio,
3551 3593 3830 3664 sanguinis
3858 3606 4030 3663 ηιμ(

2520 3681 2790 3751 Etuptum,
2832 3697 2928 3752 pro
2954 3684 3279 3753 mundoqui
3308 3684 3461 3739 fusus
3490 3692 3609 3738 erat
3632 3683 3899 3753 perituro,

2518 3772 2822 3829 Procedens
2852 3776 3022 3829 sacris
3053 3776 3311 3831 advolvor
3354 3776 3537 3832 sedula
3568 3775 3787 3845 plantis,

2514 3866 2663 3935 Ejus,
2696 3881 2855 3934 quem
2889 3867 3071 3936 genui,
3114 3876 3435 3921 cunctorum
3465 3866 3662 3936 judicis
3688 3867 3851 3935 (equi,

2512 3957 2625 4013 Nec
2647 3973 2864 4027 parcam
2896 3959 3130 4028 preculis
3168 3960 3345 4015 studio
3376 3968 3622 4013 certante
3667 3957 3920 4029 profusis,

2512 4049 2695 4103 Donec
2733 4049 2903 4119 ipsius
2928 4050 3112 4103 mitem
3159 4066 3292 4120 cogo
3323 4050 3603 4120 pietatem,

2512 4140 2582 4195 Ut
2609 4139 2700 4193 tibi
2734 4124 3005 4209 parcendo
3035 4141 3270 4194 dimittat
3315 4151 3463 4195 tanta
3503 4141 3698 4213 piacla.

2511 4230 2606 4285 His
2637 4232 2816 4295 dictis,
2847 4232 3029 4285 subito
3061 4232 3313 4287 discessit
3336 4234 3488 4304 virgo
3516 4241 3749 4295 sacrata,

2510 4324 2661 4390 Quod
2688 4324 2973 4394 suscepisti
3006 4325 3279 4379 credentis
3320 4340 3472 4379 more
3506 4323 3724 4395 popelli,

2509 4416 2790 4486 Linquens
2820 4417 3074 4486 promissi
3110 4418 3309 4472 misero
3341 4418 3602 4471 solamina
3636 4416 3774 4471 sani.

2578 4507 2735 4561 Certe
2769 4516 2888 4576 post
2923 4507 3158 4561 triduum
3189 4524 3375 4561 rursus
3405 4507 3657 4561 veniebat
3700 4507 3767 4560 ad
3803 4505 3950 4559 illum

2506 4599 2560 4653 ln
2597 4600 2732 4661 visu,
2769 4600 2939 4652 venim
2971 4616 3167 4653 munus
3196 4614 3451 4653 reserans
3488 4606 3773 4667 reparatae,

2427 4667 2477 4726 D
2506 4689 2570 4741 Et
2599 4688 2745 4741 vultu
2777 4688 2896 4741 laetu
2926 4690 3261 4759 deprompsit
3289 4688 3413 4741 talia
3443 4688 3647 4742 verba:

2506 4784 2583 4845 En
2616 4785 2682 4837 lis
2714 4785 2795 4836 vir
2831 4783 3052 4845 domini,
3088 4782 3261 4837 tristis
3284 4781 3629 4851 compunctio
3659 4779 3837 4834 cordis

2504 4879 2599 4931 Est
2628 4886 2846 4946 accepta
2881 4876 2989 4929 Deo
3028 4874 3281 4945 Patrique
3320 4873 3574 4943 Prolique
3593 4873 3837 4943 perenni,

2502 4972 2679 5038 Atque
2708 4981 2810 5022 tute
2844 4968 3095 5037 lacrymae
3128 4965 3395 5020 scelerum
3419 4964 3633 5018 veniam
3658 4975 3923 5017 meruere.

2504 5058 2607 5113 Sed
2641 5075 2736 5114 uec
2768 5057 3019 5111 tartareis
3048 5058 3221 5127 pomis
3250 5069 3488 5125 unquam
3512 5053 3767 5124 capieris,

2499 5152 2555 5205 Si
2607 5162 2722 5220 post
2768 5154 2880 5206 haec
2910 5159 3158 5220 perstare
3200 5150 3351 5219 cupis
3381 5148 3500 5203 sine
3531 5146 3720 5201 fraude
3750 5143 3944 5201 ﬁdelis.

2495 5241 2613 5309 Ipse
2640 5242 2855 5313 quidem
2886 5249 3075 5295 contra
3102 5255 3223 5295 mox
3265 5239 3480 5295 dicebat
3504 5252 3667 5309 prece
3695 5236 3893 5293 blanda
3918 5252 3935 5291 :

2495 5340 2654 5388 Certe
2682 5334 2910 5387 servabo
2942 5349 3112 5388 sacrae
3144 5334 3266 5387 fidei
3298 5333 3640 5388 documenta.
