4482 5548
359 311 492 366 1109

356 429 602 494 Omnem,
640 432 800 488 dante
829 434 958 499 Deo,
989 434 1245 490 mundum
1276 445 1419 503 patet
1454 451 1572 490 esse
1606 437 1853 497 solutum,

351 519 417 572 Et
444 521 586 588 quis,
620 533 669 577 te
693 539 919 593 poscens
944 543 1040 596 spe
1071 543 1176 581 non
1203 528 1470 598 dubiaque
1499 530 1794 598 requirens,

352 609 604 667 Desertus
634 614 829 681 fueral,
857 618 942 673 vel
974 619 1231 674 confusus
1275 622 1573 676 remeabat.

354 698 487 754 Ilinc
513 717 632 772 ego,
658 707 975 763 criminibus
1001 719 1086 764 sat
1109 711 1376 780 supremis
1411 712 1653 772 vitiatus.

353 787 679 860 Snppliciter
703 795 904 852 fontem
936 799 1128 853 devota
1166 808 1345 854 mente
1372 814 1686 872 perennem,

349 881 499 934 Alma
541 883 630 938 Dei
663 888 916 956 genitrix,
947 903 1114 944 exoro
1147 899 1249 945 tua:
1278 892 1509 960 pietatis,

354 970 414 1025 Ut
446 972 611 1029 facias
635 979 839 1034 chartte
867 980 1075 1036 litteras
1111 983 1381 1053 extemplo
1418 983 1684 1049 nefandae,

350 1062 511 1129 Qneis
542 1083 628 1122 me
657 1069 907 1138 subjunxi
938 1075 1231 1129 vastatoris
1258 1075 1472 1144 ditioni,

351 1152 475 1221 Ejus
505 1157 568 1211 de
596 1160 844 1216 manibus
879 1164 1134 1220 miserum
1163 1181 1248 1222 me
1281 1183 1495 1224 sumere
1526 1187 1764 1238 rursum,

348 1244 484 1302 Hinc
517 1251 752 1306 animam
789 1255 1025 1312 formido
1052 1275 1228 1313 meam
1267 1263 1394 1330 quia
1427 1262 1566 1318 forte
1597 1265 1857 1321 misellam

352 1337 506 1410 15.3
542 1339 806 1413 Tempore
830 1347 1016 1417 jndicii
1047 1351 1213 1408 multo
1234 1353 1546 1410 discrimine
1571 1357 1711 1422 laedi,

347 1428 406 1486 Si
441 1447 582 1488 nunc
621 1437 860 1504 praedoni
903 1452 1116 1498 nonest
1146 1446 1423 1502 abstracta
1455 1449 1639 1504 feroci.

415 1539 512 1597 His
539 1544 722 1611 dictis,
748 1549 918 1605 oculis
943 1552 1136 1606 iterum
1169 1557 1425 1627 vigilabat
1456 1561 1681 1628 apertis,

344 1631 433 1697 Et,
464 1647 522 1688 se
556 1647 906 1704 prosternens
945 1644 1217 1710 precibus,
1243 1647 1435 1702 crebro
1465 1665 1679 1720 quoque
1702 1650 1926 1716 deflens,

343 1721 642 1789 Jejunando
669 1729 829 1782 trium
859 1745 1052 1786 cursus
1090 1736 1197 1802 agit
1223 1749 1350 1804 ergo
1382 1739 1586 1793 dierum

343 1813 472 1868 Post
500 1816 615 1870 haec
635 1832 664 1870 e
691 1833 881 1874 somno
905 1826 1247 1878 consurrexit
1277 1844 1438 1884 mane
1465 1845 1709 1897 summo,

341 1903 548 1959 Invenit
578 1909 807 1975 positam
832 1926 993 1979 supra
1022 1929 1115 1967 sua
1146 1924 1361 1983 pectora
1387 1919 1654 1974 chartam.

341 1997 455 2062 Qua
492 1999 605 2052 visa
635 2005 895 2058 membris
924 2020 1048 2059 mox
1080 2011 1407 2063 contremuit
1435 2013 1710 2079 resolutis,

341 2088 407 2142 Et
439 2101 626 2161 grates
657 2093 876 2150 Christo
903 2100 1083 2152 cordis
1113 2102 1370 2157 reddebat
1393 2104 1613 2170 ab.imo,

339 2179 519 2249 Atque
551 2183 776 2250 puellari
810 2189 1017 2256 pariter
1047 2192 1250 2246 Christi
1295 2197 1560 2264 genitrici.

411 2295 539 2351 Post
569 2299 684 2354 haec
727 2319 956 2374 namque
983 2308 1066 2361 die
1099 2325 1255 2364 sacra
1292 2312 1524 2370 feliciter
1553 2325 1671 2371 orta
1695 2359 1708 2382 ,

337 2386 467 2453 Qua:
499 2391 663 2445 trahit
685 2408 712 2445 a
739 2393 966 2449 Domino
998 2414 1192 2454 nomen
1226 2405 1538 2461 venerabile
1568 2423 1812 2475 summo,

337 2479 505 2534 Intrat
535 2483 585 2535 in
614 2486 922 2553 ecclesiam,
955 2493 1164 2561 populis
1190 2510 1254 2549 ex
1293 2513 1442 2552 more
1473 2501 1758 2568 repletam,

336 2567 391 2622 In
417 2586 520 2638 qua
550 2581 699 2640 tunc,
731 2577 872 2631 inter
902 2595 1069 2636 sacrae
1103 2584 1368 2642 solemnia
1397 2567 1600 2656 missae,

335 2663 596 2720 Astantes
627 2671 954 2740 evangelicis
982 2678 1179 2744 praasul
1209 2679 1365 2735 docet
1387 2684 1527 2738 orsis
1549 2726 1563 2750 ,

335 2752 425 2815 Et,
455 2771 638 2812 coram
670 2762 881 2816 cunctis
909 2779 1121 2820 sacram
1157 2779 1464 2837 prostratus
1497 2775 1562 2828 ad
1601 2790 1778 2840 aram,

334 2844 590 2936 Itijusdem
629 2866 843 2921 quoque
873 2857 1146 2924 pontificis
1173 2861 1308 2916 dans
1341 2866 1522 2920 oscula
1556 2866 1786 2936 plantis,

336 2933 482 2993 Voce
508 2940 686 3009 palam
713 2942 859 2998 clara
890 2951 1133 3003 narravit
1161 2954 1227 3004 ab
1259 2954 1453 3010 ordine
1479 2933 1675 3013 cuncta

333 3028 467 3096 Qua
493 3031 576 3086 vel
609 3035 904 3092 mortiferis
933 3040 1042 3110 egit
1072 3043 1247 3098 victus
1279 3047 1533 3114 suadelis,

333 3120 431 3174 Vel
456 3137 576 3190 quae
602 3135 858 3194 perpetua
893 3131 1090 3186 meruit
1119 3145 1375 3201 poscente
1414 3139 1608 3208 puella.

333 3208 461 3264 Haec
484 3211 573 3265 ubi
605 3216 902 3284 composita
933 3219 1091 3289 plene
1114 3225 1301 3279 retulit
1334 3229 1560 3296 ratione,

330 3304 598 3371 Antistes,
625 3305 756 3362 facti
785 3318 964 3367 tactus
998 3321 1206 3371 terrore
1243 3321 1518 3389 stupendi,

330 3393 547 3452 Intonat
573 3399 660 3456 his
683 3403 865 3458 verbis
897 3406 1148 3464 mirantis
1179 3426 1310 3467 voce
1337 3415 1572 3484 profusis

405 3525 927 3602 Cuncti-gaudentes
960 3538 1066 3595 huc
1090 3542 1202 3612 jam
1230 3558 1520 3618 properate
1549 3551 1755 3618 ﬁdeles,

326 3617 418 3684 Et,
456 3621 541 3709 pia
571 3623 712 3679 facta
740 3625 836 3682 Dei
868 3629 1152 3691 laudantes
1191 3617 1368 3696 mente
1391 3643 1555 3709 fideli,

324 3706 547 3814 Credite
580 3717 693 3814 jam
733 3721 1042 3791 Dominum,
1085 3736 1301 3802 propria
1343 3706 1562 3806 ‘pietate
1604 3743 1920 3814 benignum,

323 3799 389 3857 In
414 3802 559 3860 letho
586 3808 841 3868 delectari
867 3799 1140 3888 nunquam
1177 3799 1450 3894 scelerosi,

327 3891 439 3949 Sed
465 3895 586 3965 plus
612 3907 892 3961 conversis
921 3911 1086 3966 vitam
1120 3916 1250 3971 dare
1276 3919 1410 3974 velle
1438 3920 1692 3981 futuram.

321 3983 444 4052 Eia,
484 3988 667 4047 dilecti
704 3993 924 4066 fratres,
951 4002 1213 4062 intendite
1239 4014 1443 4079 cuncti,

322 4077 502 4187 Quam
527 4083 618 4186 pie
647 4101 933 4157 precantes
974 4095 1232 4156 Dominus
1264 4077 1476 4163 tollerat
1502 4110 1675 4169 bonus
1704 4131 1915 4187 omnes,

321 4168 475 4269 Quos
498 4174 602 4230 scit
632 4184 897 4248 converti,
934 4199 1056 4256 post
1083 4192 1258 4248 tristia
1289 4195 1429 4253 facta
1457 4202 1643 4269 piacli.

322 4260 460 4360 Quis
489 4282 595 4322 non
623 4271 856 4329 miretur
879 4318 893 4342 ,
927 4282 1047 4350 quis
1079 4301 1184 4339 non
1215 4290 1440 4360 supplex
1479 4309 1771 4356 veneretur

322 4351 681 4456 Ifaudandam
711 4365 932 4422 multam
961 4372 1132 4429 dulcis
1156 4351 1358 4436 Christi
1390 4351 1670 4456 pietatem,

320 4442 478 4500 Illum
507 4462 813 4517 quaerentes
841 4472 1058 4530 semper
1087 4480 1190 4534 qua
1221 4442 1464 4528 sublevat
1502 4442 1691 4538 omnes
1718 4484 1742 4538 ?

318 4535 425 4644 Qui
443 4537 558 4607 jam
591 4541 917 4605 criminibus
941 4553 1207 4612 miserans
1227 4564 1483 4630 parcebat
1507 4579 1563 4623 et
1587 4535 1768 4644 hujus,

317 4625 491 4698 Ipsius
519 4631 1040 4712 illustris'precibus,
1069 4625 1377 4724 sanctaeque
1401 4625 1670 4733 parentis:

1461 319 1546 375 DE
1587 319 2068 376 CONVERSIONE
2111 323 2454 380 PROTERII.

1957 444 2003 498 Α
2040 437 2198 510 144
2228 441 2330 496 Per
2359 459 2520 510 qnam
2555 453 2756 498 naturae
2783 445 2925 515 perit
2957 443 3264 500 maledictio
3292 453 3505 507 nostra,

3474 328 3613 384 1110

2038 528 2102 582 Et
2134 545 2230 599 per
2260 546 2417 599 quam
2445 534 2642 588 mundo
2667 535 2816 588 venit
2847 535 3153 589 benedictio
3177 543 3391 588 cuncto.

2037 621 2175 676 Hinc
2205 638 2413 678 memor
2435 636 2573 690 esto,
2608 627 2701 680 Dei
2733 624 2976 682 Genitrix
3010 629 3351 684 sanctissima
3371 667 3385 691 ,
3417 627 3614 692 nostri,

2035 711 2137 781 Qui
2169 725 2220 771 te
2249 728 2446 780 mente,
2483 719 2607 784 fide,
2638 730 2765 775 voto
2796 720 3076 776 laudamus
3105 731 3159 776 et
3183 735 3301 784 ore,

2035 805 2153 873 Quo
2178 808 2298 877 pius
2327 810 2438 878 ipse
2468 825 2681 881 gregem
2711 821 2897 881 pastor
2925 828 3143 868 servare
3177 812 3389 868 ﬁdelem

2037 898 2315 968 Dignelur,
2347 903 2548 957 veteris
2579 903 2797 973 depulsa
2827 903 3015 960 fraude
3043 905 3313 960 draconis.

2034 990 2103 1044 At
2133 1006 2230 1045 nos
2256 992 2444 1055 exiles.
2475 994 2618 1049 nulla
2650 996 2850 1052 virtute
2882 1006 3149 1066 potentes,

2036 1081 2111 1134 Te
2139 1097 2353 1152 semper
2387 1085 2527 1155 regis
2556 1094 2728 1140 mater
2758 1102 2862 1141 non
2904 1097 3044 1142 tacta
3074 1090 3359 1158 perennis,

2033 1175 2111 1228 Ac
2136 1174 2200 1228 de
2224 1185 2273 1229 te
2303 1177 2540 1245 genitum
2569 1176 2770 1247 Regem
2806 1177 3205 1249 Dominumque
3230 1179 3509 1250 polorum,

2035 1266 2320 1323 Ellerimus
2350 1269 2579 1335 ert-bris,
2611 1270 3016 1325 conclamantes
3043 1270 3199 1326 simul
3227 1271 3364 1336 odis,

2035 1356 2264 1412 Peccato
2297 1369 2481 1413 noster
2513 1361 2750 1416 moriens
2788 1361 2949 1431 periit
2979 1363 3103 1431 quia
3136 1360 3336 1424 frater,

2036 1451 2165 1515 Sed,
2194 1461 2478 1522 postquam
2510 1455 2670 1523 periit
2699 1496 2712 1518 ,
2745 1470 2842 1525 per
2877 1465 2946 1519 te,
2980 1469 3134 1510 sacra
3166 1455 3366 1526 Virgo,
3399 1454 3622 1513 revixit;

2109 1542 2204 1596 llis
2238 1544 2420 1607 dictis,
2455 1546 2700 1599 chartam
2730 1547 3085 1602 comburebat
3110 1547 3473 1612 maledictam,

2033 1631 2099 1686 Et
2132 1648 2254 1686 mox
2290 1636 2606 1703 mysterium
2634 1638 2816 1693 missa:
2843 1640 3055 1711 peragit
3077 1639 3334 1694 studiose.

2035 1723 2147 1778 Hoc
2173 1724 2261 1778 ubi
2287 1727 2595 1795 complevit,
2628 1729 2765 1783 miro
2795 1730 3079 1798 splendore
3104 1729 3336 1794 refulsit,

1956 1794 2007 1855 Β
2033 1814 2209 1869 Inslar
2234 1819 2507 1886 surgentis
2535 1818 2751 1886 thhi,
2781 1821 2948 1877 facies
2986 1822 3100 1876 vice
3129 1822 3336 1884 domni,

2032 1902 2149 1969 Quo
2173 1906 2371 1960 mentis
2399 1907 2649 1975 splendor
2691 1909 2898 1972 lucens,
2927 1911 3120 1964 animm
3147 1925 3364 1979 quoque
3393 1912 3622 1976 candor,

2031 1992 2160 2063 Ejus
2187 2009 2281 2063 per
2309 1994 2505 2051 faciem
2540 2008 2938 2053 monstraretur
2966 2001 3297 2056 rutilantem.

2031 2085 2168 2142 Hinc
2198 2100 2379 2144 astans
2408 2092 2656 2162 p0pulns,
2688 2094 2853 2146 nimia
2886 2095 3171 2150 formidine
3206 2105 3400 2159 tactus,

2029 2179 2337 2236 Altithrono
2369 2193 2550 2253 grates
2577 2186 2744 2254 euenit
2774 2201 3026 2241 resonare
3053 2196 3324 2250 tonantes,

2027 2270 2126 2326 Cui
2157 2273 2361 2341 placuit
2388 2286 2688 2329 monstrare
2719 2277 2818 2330 viri
2850 2279 3100 2333 meritum
3141 2279 3452 2334 venerandi.

2028 2365 2144 2433 Ipse
2177 2368 2414 2436 quidem,
2445 2383 2656 2423 sacrum
2686 2379 2939 2439 repetens
2963 2372 3235 2443 extemplo
3266 2372 3536 2438 locellum,

2026 2456 2083 2509 In
2116 2471 2222 2526 quo
2249 2457 2485 2513 caelestis
2517 2461 2714 2514 donum
2743 2462 2939 2516 meruit
2967 2463 3182 2532 pictatis

2027 2549 2224 2618 Frangi
2258 2552 2305 2604 vi
2337 2552 2563 2606 adversa
2600 2552 2804 2624 fragilis
2835 2555 3140 2609 valetudine
3170 2556 3383 2620 carnis.

2027 2641 2137 2696 Per
2165 2645 2505 2714 spatiumque
2540 2647 2700 2699 trium
2742 2649 2931 2702 morbo
2961 2659 3244 2702 crescente
3275 2649 3509 2712 dierum,

2033 2719 2329 2806 Exemptus
2361 2738 2732 2807 corruptibilis
2760 2739 2826 2794 de
2851 2756 3071 2794 carcere
3102 2742 3303 2804 carnis,

2033 2825 2288 2896 Spiritus,
2315 2829 2605 2883 aetheream
2638 2829 2894 2897 plaudens
2919 2833 3162 2886 ascendit
3186 2833 3251 2886 ad
3276 2833 3475 2887 aulam.

2028 2920 2243 2976 Auxilio
2271 2933 2472 2978 sanctae
2498 2923 2664 2978 fultus
2692 2926 3032 2996 dominaeque
3055 2926 3254 2982 Mariae.

2030 3009 2249 3065 Scilicet
2284 3014 2612 3068 exstinctum
2645 3030 2863 3083 corpus,
2896 3016 3012 3070 nisu
3045 3019 3385 3086 populorum,

1950 3141 1995 3205 C
2031 3099 2152 3170 Ipso
2178 3103 2279 3157 rite
2307 3103 2427 3158 loco
2459 3105 2752 3161 tumulatur
2783 3108 2988 3163 honore
3016 3126 3289 3180 supremo,

2031 3192 2088 3247 In
2121 3210 2229 3263 quo
2258 3206 2448 3251 nactus
2474 3207 2593 3251 erat
2640 3201 2873 3266 veniam,
2899 3217 3059 3272 quam
3091 3200 3270 3258 ﬂendo
3299 3204 3541 3274 rogabat.

2105 3284 2250 3341 Talis
2281 3299 2399 3342 erat
2429 3291 2699 3360 desperati
2733 3308 2833 3347 nec
2861 3309 2964 3347 non
2990 3295 3242 3350 scelerosi

2030 3373 2204 3442 Finis,
2234 3379 2325 3449 qui
2355 3380 2630 3448 proprium
2660 3381 2848 3437 didicit
2881 3383 3073 3439 deflere
3102 3395 3330 3450 reatum,

2029 3466 2095 3521 Et
2129 3483 2187 3523 se
2217 3469 2500 3539 condignis
2524 3473 2730 3527 studuit
2762 3474 2952 3542 punire
2982 3476 3250 3532 lamentis.

2028 3561 2164 3618 Hinc
2197 3563 2312 3618 laus
2343 3576 2397 3620 et
2423 3566 2595 3621 virtus
2617 3568 2835 3622 Christo
2862 3585 2958 3639 per
2984 3572 3179 3626 saecula
3212 3581 3434 3636 cuncta,

2027 3651 2260 3708 Humani
2293 3665 2530 3711 veterem
2563 3659 2776 3728 generis
2804 3660 2893 3730 qui
2926 3669 3192 3716 straverat
3226 3663 3468 3727 hostem,

2029 3745 2188 3818 ιω
2218 3746 2430 3802 Plasma
2466 3765 2574 3802 suae
2613 3750 2816 3806 dextra:
2852 3753 3068 3821 rapiens
3100 3756 3371 3824 serpentis
3399 3755 3466 3809 ah
3495 3771 3613 3823 ore,

2026 3839 2201 3907 Ipsius
2231 3847 2286 3892 et
2309 3839 2451 3893 dulci
2485 3850 2696 3895 constet
2720 3840 2810 3895 lux
2840 3842 2980 3898 alma
3011 3846 3258 3913 parenti,

2024 3929 2154 3996 Qum
2185 3931 2269 4000 pie
2302 3929 2544 3985 solamen
2577 3932 2779 3987 misero
2803 3934 2914 4004 jam
2945 3936 3206 4000 contulit,
3239 3937 3432 3991 Amen.

2025 4020 2230 4078 Unicus
2255 4022 2546 4078 Altithroni
2577 4022 2804 4079 Genitus
2841 4034 2988 4081 relro
3022 4039 3262 4097 tempora
3294 4030 3500 4095 mundi,

2022 4113 2145 4180 Qui,
2183 4115 2448 4169 miserans
2483 4115 2735 4180 hominis,
2778 4117 3059 4172 descendit
3091 4120 3156 4173 ab
3185 4135 3308 4174 arce
3339 4119 3610 4188 Parentis,

2022 4207 2089 4262 Et
2117 4209 2299 4263 carnis
2336 4224 2519 4263 veram
2552 4211 2784 4280 sumpsit
2813 4210 2878 4265 de
2905 4212 3115 4282 virgine
3143 4211 3391 4277 fortnam,

2025 4299 2255 4370 Virginis
2287 4311 2344 4355 ut
2364 4300 2569 4369 justum
2600 4303 2787 4371 prima:
2816 4306 3035 4360 sedaret
3056 4321 3323 4373 amarum,

2021 4393 2311 4448 Consecret
2341 4394 2600 4463 apposita:
2627 4395 2783 4450 nobis
2814 4397 2898 4466 pia
2927 4395 3131 4453 fercula
3159 4415 3358 4454 mensae
3380 4438 3394 4462 ,

1942 4498 1997 4560 ι)
2025 4486 2133 4541 Has
2162 4486 2408 4542 faciendo
2436 4488 2602 4557 dapes
2627 4489 2970 4560 gustantibus
3000 4507 3120 4547 esse
3145 4494 3406 4548 salubres.

2022 4579 2173 4647 Quod
2199 4595 2405 4647 sumus,
2438 4591 2514 4649 et,
2543 4583 2684 4652 quod
2715 4593 3013 4652 gustamus,
3046 4585 3153 4674 vel,
3188 4587 3441 4657 quicquid
3476 4604 3606 4659 aga-

2022 4676 2258 4731 Dextera
2284 4674 2532 4732 Factoris
2558 4677 2844 4733 benedicat
2875 4687 3070 4733 cuncta
3105 4679 3373 4747 regentis!
3459 4680 3606 4754 [mus

347 4789 3552 4844 Μ-

577 5081 707 5161 DE
760 5085 1477 5176 CONVERSIONE
1545 5089 2116 5184 DESPERATI
2176 5102 2961 5186 ADOLESCENTIS
3042 5108 3336 5189 SERVI

1714 5238 2236 5349 Pmterii

1003 5508 1220 5548 Ωιι-ι
1275 5516 1396 5548 ﬂ..-
1408 5525 1476 5548 ι--
1488 5543 1500 5548 -
1512 5527 1539 5548 .-

1434 5396 1605 5473 PER
1645 5402 2017 5470 SANCTUM
2063 5397 2481 5475 BASILIUM.

1885 5544 1930 5548 .-_
1986 5529 2032 5548 ΙἾ
2111 5531 2127 5548 Ι
2161 5541 2306 5548 -..μ’
