4482 5548
876 260 1003 317 tttt
1720 271 2193 333 uaorsurrua:
2228 274 2558 333 MONIALIS
2594 274 3290 337 GANDERSHEIMENSIS
3670 248 3709 251 ⁷’
3982 276 4128 335 tua

1501 381 1787 455 Qualiter
1817 393 1874 448 et
1912 391 2159 453 veniam
2192 393 2426 453 meruit
2457 392 2819 456 scelerosus
2850 397 3207 471 amandam,

1580 485 2004 564 Congaudens
2051 491 2329 555 modulis
2364 494 2627 558 succino
2659 497 3010 577 dactylicis.

1485 585 1797 662 Spernere
1828 607 1993 668 quos
2024 591 2184 668 noli,
2234 594 2505 656 nimium
2535 613 2680 658 cum
2719 599 2847 660 sint
2884 597 3126 673 vitiosi,

1584 686 1703 749 Sed
1738 688 1926 752 lauda
1956 692 2096 754 miti
2140 700 2397 772 pectore
2430 691 2593 757 facta
2622 698 2764 760 Dei.

1973 962 2403 1029 PREFATIO
2436 967 2519 1030 IN
2557 967 3046 1033 PROTERIUM.

862 1121 966 1217 Qui
990 1122 1119 1179 velit
1140 1124 1453 1217 exemplum
1476 1128 1647 1184 venite
1679 1143 2072 1200 comprendere
2100 1142 2332 1199 certum,
2469 1142 2523 1203 Α
2550 1134 2657 1191 Sed
2688 1152 2839 1209 mage
2860 1141 3135 1197 caelestem
3164 1141 3369 1199 Christi
3400 1142 3583 1202 laudet
3607 1148 3881 1217 pietatem,

859 1213 970 1309 δερ
996 1230 1105 1272 non
1135 1216 1281 1309 larga
1312 1217 1407 1274 Dei
1438 1220 1657 1290 pietatis
1684 1237 1911 1278 munera
1942 1226 2158 1293 magni,
2550 1228 2652 1295 Qui
2684 1245 2791 1285 non
2822 1232 2935 1286 vult
2961 1234 3119 1305 digna
3149 1245 3440 1305 peccantes
3466 1213 3692 1308 perdere
3716 1255 3910 1309 pmna,

858 1303 1089 1393 Pectore
1120 1308 1420 1365 versiculos
1451 1310 1720 1367 submisso
1744 1312 1985 1385 perlegat
2014 1314 2167 1381 istos,
2550 1319 2657 1375 Sed
2684 1320 2803 1390 plus
2826 1303 3100 1393 perpetuae
3140 1303 3429 1383 conversos
3460 1303 3681 1383 reddere
3711 1303 3851 1383 vitae.
3954 1376 3955 1379 η

859 1392 972 1488 ιδεο
996 1393 1241 1488 fragilem
1267 1398 1389 1453 vilis
1414 1414 1601 1455 sexum
1630 1412 1850 1473 spernat
1880 1404 2123 1460 mulieris
2143 1444 2158 1470 ,
2548 1410 2802 1469 Gaudens
2824 1392 3102 1486 gaudebit,
3130 1417 3295 1487 quod,
3321 1433 3509 1474 verum
3539 1428 3709 1485 stare,
3736 1419 4023 1488 probabit,

860 1483 992 1553 Quae
1017 1485 1193 1560 fragili
1229 1490 1477 1548 modulos
1507 1491 1717 1549 calamo
1744 1504 2058 1552 cantaverat
2087 1497 2218 1554 istos
2246 1514 2262 1564 ;
2400 1576 2467 1585 ἡ.
2549 1500 2806 1574 Quisquis
2824 1483 3550 1577 prasentemperscrutatur
3582 1483 3865 1565 rationem.

2123 1782 2615 1864 ARGUMEN
2624 1781 2849 1863 TUM

929 1978 1094 2059 ιω
1118 1980 1253 2039 Erat
1279 1984 1359 2059 vir
1386 1983 1603 2059 quidam
1630 1984 1845 2059 nobilia,
1886 1982 2160 2059 Proterius
2179 1986 2409 2059 nomine,
2439 1985 2779 2059 Ctgsarieasis
2810 1988 3037 2052 civitate,
3065 1990 3119 2044 in
3142 1990 3269 2044 Asia
3295 1989 3512 2057 Minori,
3536 1999 3851 2047 uilissimus.
3874 1993 3934 2049 Is
3962 1996 4132 2059 ﬁliam

852 2055 1142 2134 speciosam
1163 2065 1217 2134 et
1261 2055 1471 2109 unicam
1506 2056 1936 2134 habuithquam“
1959 2056 2197 2134 castitati.
2234 2056 2451 2134 dero-vit.
2486 2056 2614 2110 Erat
2643 2058 2721 2134 illi
2746 2075 2930 2134 servus
2968 2060 3247 2134 delicatus,
3278 2055 3801 2134 qui,am_ure_puellte
3836 2055 4129 2134 correptus,

854 2124 1074 2199 plagam
1104 2125 1305 2199 adibat,
1333 2141 1488 2199 super
1512 2126 1771 2179 connubio
1797 2123 1983 2199 puellae
2012 2123 2401 2199 constt_leas._ls
2429 2128 2698 2199 respondit
2744 2145 2797 2199 se
2833 2128 2958 2183 velle
2988 2129 3174 2197 puella:
3208 2123 3441 2184 animum
3473 2123 3701 2199 implere.
3740 2144 3788 2186 et
3832 2123 4011 2187 amore
4038 2123 4134 2189 sua

849 2194 1096 2272 iusa‘aam
1139 2194 1403 2272 reddere,
1432 2195 1477 2272 si
1518 2211 1572 2249 se
1598 2194 1852 2272 suamque
1879 2196 2111 2272 animum
2151 2194 2361 2247 diabolo
2404 2194 2690 2272 ιιευοιοενεςἶ
2734 2198 2929 2251 Annuit
2971 2194 3180 2272 seruas,
3226 2201 3449 2272 datoque
3492 2194 3838 2272 chirographo
3876 2205 4127 2268 dwmeni,

847 2264 1028 2334 puella
1058 2266 1277 2333 potitur,
1312 2264 1509 2333 nuptiae
1538 2259 1885 2319 celebrantur.
1922 2261 2118 2335 Postea
2148 2276 2321 2318 autem
2348 2283 2506 2335 quam
2551 2266 2724 2335 puella
2752 2270 3000 2333 contperit
3043 2269 3191 2322 illum
3223 2271 3324 2324 diis
3354 2259 3594 2325 inanibus
3637 2259 3900 2334 devotum,
3944 2259 4133 2327 matri;

851 2335 1339 2413 mpniidivortiugt
1368 2335 1512 2413 petit,
1541 2335 1595 2389 in
1637 2335 1914 2413 ecclesiam
1960 2334 2140 2401 ducit,
2185 2346 2234 2389 et
2264 2352 2296 2389 a
2323 2334 2505 2391 sancto
2546 2334 2748 2392 Basilio
2788 2337 3166 2409 chirographus
3211 2357 3243 2393 a
3291 2340 3526 2396 daemone
3570 2343 3850 2412 repetitur,
3883 2346 3972 2399 ille
4008 2344 4135 2413 ﬁdei

850 2403 1173 2461 Christianae
1196 2414 1244 2460 et
1268 2404 1523 2460 Ecclesia:
1548 2406 1867 2461 restituitur.

1735 2696 2448 2833 SEQUITUR
2530 2701 3257 2818 HISTORIA.

926 2943 1214 3017 Tempore,
1239 2941 1472 2999 Basilius
1496 2953 1626 3011 quo,
1647 2938 1733 2995 vir
1754 2937 2046 2994 virtutibus
2075 2937 2274 3002 almus,
2469 2939 2519 3000 Β
2547 2936 2617 2993 Ut
2643 2954 2799 2995 servo
2825 2942 3056 3011 propriae
3073 2940 3297 3013 jungam
3334 2946 3609 3003 consortia
3646 2948 3875 3005 domum.

854 3040 1097 3096 Rexerat
1121 3034 1421 3091 Ecclesiam
1444 3031 1593 3101 justo
1620 3030 1993 3086 moderamine
2017 3037 2262 3084 sanctam
2282 3068 2297 3094 ,
2548 3030 2677 3099 Sed,
2702 3032 2745 3086 si
2778 3033 2879 3086 rite
2908 3048 3028 3088 meo
3056 3036 3257 3106 satagis
3287 3051 3481 3106 parere
3511 3039 3791 3110 magistro,

856 3130 1054 3184 Sedem
1083 3125 1310 3181 rectoris
1334 3124 1556 3179 sortitus
1586 3120 1940 3177 Cmsariensis
1960 3161 1974 3186 ,
2545 3120 2646 3187 Qui
2675 3122 2923 3193 princeps
2950 3133 3275 3178 mteruarnm
3304 3135 3515 3181 constat
3548 3131 3916 3196 tenebrarum,

852 3220 951 3277 Vir
981 3220 1113 3277 satis
1138 3217 1362 3273 illustris
1391 3213 1619 3285 degebat
1649 3214 1893 3284 partibus
1921 3211 2056 3276 illis,
2543 3208 2663 3279 Ipse
2697 3220 2875 3279 potest
2907 3222 3058 3267 certe
3080 3214 3351 3285 complere
3391 3225 3541 3272 tuum
3571 3219 3678 3273 cito
3706 3220 3873 3285 velle,

849 3308 1083 3365 Nomine
1105 3307 1408 3373 Proterius,
1442 3318 1625 3361 comes
1650 3302 1794 3373 plebi
1825 3302 2190 3367 venerandus,
2545 3300 2602 3354 Si
2627 3311 2747 3373 post
2781 3304 2895 3358 haec
2923 3303 3128 3360 Christi
3160 3322 3358 3362 numen
3387 3324 3493 3363 non
3518 3310 3599 3365 vis
3628 3313 3899 3368 venerari.

848 3401 1142 3458 Nobilitate
1172 3411 1384 3470 potens,
1416 3398 1609 3468 Opibus
1639 3410 1821 3451 rerum
1849 3409 2065 3465 quoque
2089 3393 2318 3465 pollens.
2543 3396 2641 3453 cui
2671 3396 2811 3450 male
2841 3405 3072 3451 emeatus
3107 3398 3393 3453 bacchanti
3425 3401 3590 3455 corde
3625 3402 3866 3457 misenus

849 3496 1020 3552 Unica
1054 3493 1274 3549 feminei
1310 3506 1475 3546 sexus
1501 3488 1682 3559 proles
1708 3487 1809 3543 fuit
1835 3488 1932 3553 illi,
2543 3487 2616 3544 Se
2641 3503 3029 3543 consensurum
3054 3490 3271 3545 monitis
3300 3492 3628 3561 promiserat
3658 3495 3794 3549 istis.

844 3587 957 3642 Nec
990 3586 1130 3641 alius
1160 3580 1538 3639 substantiola:
1574 3579 1777 3634 mansit
1806 3578 1907 3633 sibi
1942 3593 2151 3650 magnae
2543 3580 2697 3636 Tunc
2741 3596 2930 3651 magus
2976 3582 3081 3637 iste
3124 3598 3223 3637 suo
3254 3584 3474 3638 mandat
3503 3585 3793 3640 scribenda
3830 3585 4083 3643 ministro

846 3678 1042 3744 Heres,
1072 3692 1236 3748 quam
1260 3685 1407 3731 certe
1438 3683 1625 3728 tenero
1651 3672 1842 3727 dilexit
1869 3687 2056 3727 amore
2537 3669 2800 3740 Princeps
2831 3670 3052 3738 inferni,
3082 3680 3335 3742 regnator
3362 3689 3558 3745 magne
3588 3674 3868 3745 profundi,

844 3770 1167 3841 Atrectuque
1192 3769 1302 3839 pio,
1328 3783 1429 3823 nec
1456 3784 1561 3822 non
1593 3767 1793 3837 pietate
1828 3774 2051 3837 paterna
2539 3760 2788 3817 Concede
2818 3777 2949 3832 ergo
2975 3773 3096 3817 tuos
3125 3777 3341 3835 semper
3369 3773 3579 3820 tentare
3611 3766 3904 3834 ministros,

842 3865 1071 3936 Optans,
1103 3864 1225 3933 plus
1252 3862 1491 3916 animam
1526 3870 1686 3926 natm,
1718 3876 1993 3930 nunquam
2022 3860 2359 3926 morituram,
2539 3854 2596 3908 Si
2634 3854 2843 3924 pOSSinl
2875 3854 3101 3925 aliquos,
3130 3855 3293 3910 ΐοηιὶε
3320 3855 3646 3926 baptismate
3676 3858 3837 3925 IOIOS.

841 3954 1043 4010 Ornari
1073 3954 1301 4024 gemmis
1332 3952 1587 4023 perfectae
1611 3950 1970 4018 virginitatis,
2536 3944 2833 4014 Assignare
2862 3944 2975 4010 tibi,
3001 3946 3311 4000 subtractos
3344 3946 3409 4001 de
3441 3962 3601 4019 grege
3628 3948 3868 4017 Christi,

840 4047 1015 4114 Quam
1040 4062 1241 4117 corpus
1272 4062 1467 4117 pompa
1491 4046 1675 4100 mundi
1702 4044 1932 4101 mortale
1961 4044 2188 4101 caduca,
2536 4035 2629 4101 ΠΙ,
2656 4053 2777 4107 (ιιιζὲ
2808 4045 2860 4092 te
2881 4037 3147 4108 sequitur,
3174 4052 3389 4108 semper
3410 4055 3537 4109 pars
3566 4042 3973 4112 multiplicetur.

837 4140 1065 4196 Curavit
1092 4141 1269 4197 sacris
1298 4142 1470 4211 ipsam
1501 4140 1714 4194 sociare
1747 4138 1963 4209 puellis,
2534 4127 2672 4183 Hinc
2705 4129 2801 4184 tibi
2833 4145 3065 4200 namque
3109 4130 3284 4185 virum
3328 4132 3451 4187 misi
3490 4135 3732 4204 gaudens
3761 4138 3897 4193 satis
3926 4140 4120 4211 istum,

838 4233 989 4303 Quae,
1026 4236 1361 4306 consignatae
1388 4233 1607 4288 Christo
1632 4232 1900 4286 velamine
1939 4247 2122 4295 sacro,
2534 4218 2608 4289 Et"

2534 4218 2663 4289 Ejus
2687 4222 3043 4292 propositum,
3074 4237 3200 4291 quo,
3236 4238 3357 4279 mox
3387 4225 3706 4295 complendo
3729 4239 4022 4296 secretum,

836 4325 1081 4384 Ctenonii
1110 4326 1363 4383 claustris
1391 4325 1595 4396 pariter
1625 4332 1911 4378 servantur
1940 4324 1993 4377 in
2034 4323 2190 4377 artis.
2459 4310 2505 4373 C
2535 4312 2715 4385 Ipsum
2751 4315 3069 4385 discipulum
3096 4314 3263 4371 facias
3290 4316 3383 4372 tibi
3415 4318 3517 4374 rite
3548 4317 3809 4376 futurum.
3959 4324 4115 4395 llam.

906 4416 951 4471 D
975 4427 1109 4473 actor
1133 4418 1227 4473 sed
1270 4415 1533 4472 scelerum
1552 4455 1565 4479 ,
1596 4413 1687 4486 qui
1718 4414 1931 4483 decepit
1969 4412 2383 4484 protoplastum,
2528 4407 2706 4472 Hanc,
2738 4407 2810 4461 ita
2836 4407 3217 4479 perscriptum,
3247 4410 3450 4465 misero
3475 4409 3700 4467 dederat
3721 4426 3937 4483 quoque
3958 4412 4120 4467 char-

831 4508 1165 4564 Detestando
1188 4507 1289 4562 viri
1322 4516 1506 4561 votum
1539 4503 1811 4559 laudabile
1828 4504 1982 4575 justi,
2528 4500 2702 4573 Supra
2728 4502 2948 4573 gentilis
2981 4502 3265 4566 tumulum,
3300 4503 3399 4558 sub
3434 4512 3674 4573 tempore
3706 4506 3880 4559 noctis
3905 4545 3920 4570 ,

829 4599 1007 4669 Ipsius
1032 4598 1311 4671 proprium
1343 4596 1472 4653 fecit
1499 4595 1806 4652 fervescere
1833 4610 2052 4651 servum
2525 4595 2711 4659 Stans,
2741 4595 2888 4650 erebi
2916 4594 3136 4649 domino
3167 4594 3413 4667 supplex,
3448 4595 3666 4663 dicens,
3694 4597 3846 4653 dabis
3872 4596 4041 4652 illam.

822 4693 889 4747 in
921 4705 1083 4762 supra
1110 4690 1267 4745 dictae
1301 4688 1581 4743 dementer
1610 4702 1795 4742 amore
1817 4686 2026 4757 puellas.
2525 4687 2883 4758 Quapropter,
2914 4688 3115 4743 domini
3147 4698 3287 4743 naue
3309 4688 3679 4758 complexibus
3710 4689 3788 4745 uti

831 4782 936 4852 Qui
974 4782 1136 4837 nimis
1165 4779 1371 4845 infelix,
1405 4779 1628 4850 spiculis
1657 4777 1934 4850 perfossus
1962 4779 2162 4833 amoris
2186 4818 2201 4843 ,
2525 4778 2584 4834 Si
2624 4779 2810 4851 cupias
2832 4820 2845 4844 ,
2879 4778 3026 4834 licito
3052 4779 3327 4834 Christum
3367 4781 3518 4851 prius
3550 4795 3646 4836 ore
3689 4790 3902 4852 negato.

831 4875 949 4943 Quo
982 4874 1155 4946 magis
1201 4873 1463 4938 ardescit,
1499 4882 1651 4927 tanto
1674 4872 1796 4942 plus
1823 4874 1986 4928 corde
2010 4873 2254 4929 calescit.
2526 4871 2683 4940 Quod
2712 4886 2839 4927 mox
2885 4883 3215 4943 praeceptqu
3243 4880 3424 4928 mente
3463 4872 3797 4943 amplectens
3820 4871 3957 4927 male
3984 4886 4110 4927 sua-

826 4966 1111 5039 lndignum
1140 4980 1198 5021 se
1227 4966 1480 5036 coniugio
1508 4965 1756 5020 meminit
1792 4965 1917 5035 quia
1950 4973 2132 5029 tanto,
3856 4962 3996 5037 [sum
4019 5004 4034 5029 ,

829 5058 989 5132 147
1016 5056 1126 5114 Nec
1152 5058 1309 5113 audet
1343 5056 1550 5112 nudare
1586 5071 1785 5111 novum
1813 5055 1994 5111 cordis
2022 5056 2344 5111 cruciatum.
2522 5054 2778 5113 Gaudens
2806 5056 3077 5122 tendebat,
3107 5072 3209 5127 qua
3237 5071 3298 5113 se
3327 5071 3517 5128 magus
3551 5056 3632 5111 ire
3652 5054 3875 5125 jubebat
3893 5096 3908 5121 ,

827 5150 1071 5207 Tandem
1100 5164 1337 5221 namque
1363 5164 1581 5220 magum
1616 5163 1865 5219 quaerens
1906 5148 2190 5204 invenerat
2226 5162 2415 5217 unum,
2524 5150 2797 5205 Auxilium
2834 5150 3036 5205 veteris
3064 5150 3285 5221 supplex
3320 5151 3525 5205 orando
3550 5150 3821 5217 draconis,

823 5244 1107 5300 Secretum
1129 5245 1215 5299 cui
1246 5244 1520 5299 mmstitia:
1545 5242 1870 5298 monstravit
1899 5257 2120 5323 a‘maraa,
2522 5241 2804 5299 lnteritum
2837 5242 3079 5313 praebere
3099 5242 3211 5297 suis
3230 5242 3321 5313 qui
3352 5250 3524 5296 tentat
3546 5243 3757 5297 amicis.

819 5334 1155 5394 Promittens
1181 5337 1257 5393 illi
1291 5352 1397 5394 non
1430 5337 1580 5409 parvi
1617 5337 1756 5392 dona
1787 5334 1986 5400 lucelli,
2521 5331 2633 5387 Nec
2671 5347 2845 5398 mora,
2872 5332 3097 5387 tartarei
3127 5332 3328 5387 cursim
3360 5347 3557 5387 venere
3581 5334 3849 5402 ministri,

823 5429 882 5485 Si
917 5440 1159 5486 teneram
1186 5430 1358 5501 prolis
1387 5437 1622 5484 mentem
1661 5427 1862 5498 proprii
1888 5424 2120 5482 senioris
2521 5424 2916 5485 Errantemque
2943 5423 3081 5479 satis
3104 5423 3212 5479 laeti
3236 5425 3440 5480 duxere
3463 5425 3679 5494 maligni

821 5525 949 5548 DZ..-
984 5523 1164 5548 ..ιι-..ἷιῖ
1196 5526 1302 5548 ξ--.-
1338 5521 1759 5548 ιιιι-ιιιι-Ιιιιξιηηηιδηο
1790 5519 1961 5548 Aman:
2523 5519 2591 5548 Il.

2523 5519 2640 5548 un-
2682 5531 2746 5548 ne.
2783 5520 3068 5548 nn‘nn:|:llm
3101 5518 3316 5548 ΑιιιιΙΛ-ιι
3346 5519 3792 5548 ΙΛηΛῙι-ἶηηίηιιιιη
