4482 5548
296 367 437 433 m3
1428 362 1517 419 nr:
1551 360 2036 421 couvsnsrom:
2074 362 2417 423 rnorenn.
2962 331 2973 336 ’
3427 360 3572 449 ut"

296 486 555 549 Consedit
590 482 818 547 medius,
850 475 1075 537 corvino
1106 476 1276 535 milite
1297 489 1503 551 septus,
1909 482 1959 540 Α
1988 477 2176 537 Totins
2198 493 2250 537 ct
2276 484 2448 539 nostri
2472 485 2688 555 generis
2707 484 2955 542 confusio
2985 486 3184 557 turpis,

298 585 552 640 Tendens
583 579 815 634 incautis
841 576 1064 646 laqueos
1089 574 1228 630 clam
1253 572 1595 640 calliditatis,
1984 572 2304 645 Congaudes
2323 574 2437 643 jam
2469 593 2611 633 nunc
2640 592 2800 633 servo
2827 580 3025 634 misere
3059 580 3152 634 tibi
3181 593 3342 646 caro,

298 678 409 732 Nec
432 690 537 729 non
565 672 787 728 insidias
810 669 1065 724 evolvens
1102 675 1230 721 ante
1259 674 1522 736 repertas,
1982 662 2049 718 Et
2072 676 2191 735 post
2217 669 2433 724 teternis
2460 670 2634 740 ptenis
2661 684 2896 726 maerens
2922 672 3152 741 capieris

298 767 552 839 lnquirit,
587 763 854 820 scelerum
887 761 1088 815 faceret
1127 758 1256 829 quid
1280 758 1509 829 quisque
1537 770 1776 811 suorum.
2056 756 2171 811 Tali
2198 758 2473 830 conjugio,
2502 759 2717 816 Satanae
2739 776 2859 816 cum
2891 760 3081 816 fraude
3106 769 3349 831 peracto,

370 858 609 923 Scilicet,
642 864 697 910 ut
728 854 938 909 litteras
966 858 1341 922 perscrutatur
1364 848 1463 904 sibi
1486 847 1704 912 missas,
1983 845 2271 903 Condoluit
2298 848 2566 915 Christus,
2614 850 2799 905 mundi
2832 848 3082 906 Salvator
3104 851 3388 917 amandus,

302 952 486 1009 Utitur
511 951 596 1005 his
625 948 826 1011 verbis,
856 944 1113 1000 frendens
1132 942 1280 998 velut
1309 942 1387 997 ira
1411 940 1604 1005 leonis,
1985 938 2132 1006 Quos
2160 940 2281 1010 pius
2303 939 2473 997 effusa
2502 942 2733 998 salvavit
2760 944 3040 1015 sanguinis
3078 943 3219 998 unda
3240 983 3255 1010 ,

299 1040 661 1097 Perterrendo
689 1040 867 1094 virum
895 1050 1034 1093 stcva
1062 1034 1273 1089 ratione
1295 1031 1593 1088 misellum:
1985 1029 2166 1086 llostis
2203 1031 2408 1087 subdiri
2443 1032 2628 1088 vinclis
2658 1042 2844 1104 captos
2888 1033 3139 1097 retineri,

302 1133 588 1204 Nunquam
617 1130 953 1187 Christicolae
995 1126 1375 1200 permansistis
1405 1125 1537 1179 mihi
1561 1122 1653 1179 ﬁdi
1984 1120 2052 1175 Et
2082 1121 2257 1191 placet
2286 1122 2543 1179 auxilium
2571 1124 2759 1196 glapsis
2790 1133 3050 1196 praestare
3079 1124 3389 1196 benignum.

303 1225 408 1279 Sed
436 1239 557 1278 mox
589 1232 649 1277 ut
682 1232 920 1277 vestrum
946 1219 1206 1290 complevi
1233 1218 1371 1274 velle
1392 1216 1712 1286 jucundum,
1987 1213 2208 1270 Scilicet
2229 1216 2432 1271 erranti
2474 1232 2597 1271 mox
2628 1228 2881 1272 narratur
2906 1216 3118 1273 mulieri

303 1312 557 1368 Protinus
586 1314 652 1367 ad
680 1321 919 1365 vestrum
950 1310 1162 1378 fugistis
1190 1308 1365 1363 denuo
1394 1305 1693 1369 Christum,
1987 1305 2141 1372 Quod
2171 1321 2276 1360 non
2300 1308 2603 1364 catholicus
2631 1306 2795 1363 fuerit
2820 1308 3014 1379 eonjux
3039 1308 3206 1363 miser
3244 1307 3394 1377 ejus,

303 1402 386 1457 Me
415 1403 731 1457 detestando
761 1402 976 1471 penitus
1002 1408 1123 1469 post
1147 1413 1371 1453 munera
1401 1406 1571 1460 tanta,
1988 1395 2097 1450 Nec
2125 1396 2288 1451 limen
2316 1398 2500 1467 templi
2548 1399 2709 1453 vellet
2738 1399 2873 1469 pede
2899 1408 3121 1471 tangere
3146 1398 3351 1463 sancti,

301 1492 599 1548 Credentcs
632 1491 753 1546 talis
783 1500 931 1547 certe
952 1490 1225 1545 Christum
1258 1489 1494 1560 pietatis,
1989 1493 2059 1547 Se
2080 1494 2203 1562 quia
2232 1494 2497 1563 serpentis
2518 1493 2627 1565 juri
2660 1495 2907 1550 tradebat
2934 1494 3121 1559 avari,

302 1585 373 1641 Ut
406 1585 617 1640 veniam
641 1584 771 1638 nulli
802 1582 963 1638 vellet
992 1582 1207 1637 tardare
1232 1581 1436 1650 petenti
2210 1584 2375 1641 Sacra
2427 1601 2633 1655 negans
2680 1594 2842 1642 secta:
2894 1585 3017 1640 ﬁdei
3046 1626 3062 1651 ,
3113 1599 3309 1640 nomen
3360 1598 3577 1655 quoquc

300 1674 572 1738 Reddere,
623 1689 942 1730 conversum
985 1673 1193 1742 respuit
1220 1687 1321 1741 nec
1358 1680 1476 1742 post
1500 1670 1676 1727 scelus
1697 1669 1887 1739 ullum,
3243 1675 3490 1748 [Christi.

301 1764 749 1834 Cbristicolisque
778 1764 962 1820 datum
994 1763 1194 1817 Christi
1224 1763 1489 1832 baptisma
1522 1771 1816 1818 sacratum.
1917 1836 1954 1840 Δ
2066 1767 2219 1836 Quze,
2250 1783 2308 1825 se
2331 1769 2613 1840 deceptam
2644 1783 2977 1840 cognoscens
3009 1782 3132 1824 esse
3169 1766 3431 1822 misellam
3454 1806 3470 1832 ,

303 1853 549 1920 Scilicet,
576 1863 631 1909 et
670 1869 880 1909 mecum
916 1862 965 1908 te
990 1853 1154 1919 velle,
1178 1852 1368 1918 fatere,
1397 1868 1495 1922 per
1530 1868 1707 1908 aevum
1914 1836 1965 1899 Β
1989 1857 2229 1914 Auribus
2261 1836 2486 1915 intentis
2524 1868 2585 1914 ut
2611 1836 2783 1915 sensit
2816 1861 2981 1916 verba
3014 1857 3316 1928 loquentis,

300 1941 488 1998 Ptenis
519 1943 720 1999 inferni
749 1944 1120 2013 permansuris
1150 1943 1404 1998 cruciari.
1731 1940 1887 2014 [tam
1991 1952 2050 2007 In
2082 1960 2287 2006 terram
2326 1951 2545 2015 cecidit,
2580 1950 2840 2006 membris
2872 1947 3191 2004 tremefacta
3218 1946 3442 2012 solutis,

301 2034 547 2106 Hincque
596 2037 701 2091 tuis
736 2036 988 2090 manibus
1033 2036 1290 2105 scriptam
1322 2035 1453 2089 mihi
1482 2034 1701 2106 porrige
1732 2036 1892 2090 char—
1992 2042 2149 2097 Emit
2170 2051 2225 2098 et
2261 2042 2512 2114 proprios
2538 2058 2751 2097 summo
2786 2043 2851 2097 de
2882 2043 3086 2097 vertice
3117 2040 3255 2110 pilos
3280 2080 3294 2105 ,

303 2128 596 2183 Ostendam
626 2129 786 2184 citius
813 2142 1071 2198 quantum
1102 2129 1273 2198 possit
1297 2144 1415 2183 mea
1442 2130 1637 2183 virtus.
1994 2132 2105 2188 Nec
2141 2149 2245 2187 non
2278 2132 2596 2187 verberibus
2634 2132 2869 2204 pulsavit
2918 2131 3106 2187 sedulo
3145 2140 3358 2200 pectus,

374 2220 471 2275 His
503 2236 626 2275 mox
666 2220 851 2274 infelix
881 2235 1069 2275 servus
1101 2220 1320 2274 monitis
1346 2219 1485 2273 male
1511 2229 1721 2290 captus,
1994 2222 2128 2277 Cum
2175 2222 2430 2293 lacrymis
2463 2222 2594 2276 tales
2632 2236 2893 2291 spargens
2942 2236 3104 2291 super
3132 2221 3333 2275 aethera
3376 2234 3533 2275 voces
3561 2236 3576 2274 :

304 2311 593 2367 Scribebat
627 2314 903 2384 proprium
933 2313 1129 2369 ridenti
1154 2322 1373 2383 pectore
1411 2314 1694 2381 damnum,
1995 2315 2251 2386 Quisquis
2281 2316 2578 2387 prmdulces
2608 2332 2714 2371 non
2745 2316 2858 2370 vult
2889 2317 3077 2371 audire
3110 2325 3363 2387 parentes
3384 2358 3399 2380 .

300 2406 665 2477 lnteritusque
686 2407 767 2462 sui
791 2422 1011 2462 causam
1040 2416 1177 2462 tetro
1199 2407 1345 2462 dedit
1362 2406 1526 2461 hosti.
1994 2404 2278 2474 Nunquam
2302 2405 2565 2471 salvatur,
2596 2406 2736 2476 quod
2766 2407 2816 2460 in
2842 2407 2943 2461 hac
2968 2407 3176 2461 ratione
3199 2408 3480 2476 probatur.

302 2497 405 2565 Qui
435 2513 587 2564 mox,
616 2498 922 2553 damnando
953 2499 1177 2553 nimium
1207 2498 1447 2568 gaudens
1474 2513 1637 2569 super
1669 2497 1781 2566 illo,
1994 2496 2149 2553 Heu!
2181 2498 2319 2551 heu!
2352 2497 2696 2567 splendorem
2724 2497 2830 2553 diei
2863 2513 2959 2552 cur
2983 2507 3108 2551 nata
3143 2498 3356 2568 recepi,
3422 2571 3431 2577 .

301 2590 453 2645 Laeto
483 2598 754 2646 tartareos
782 2589 964 2643 emisit
990 2590 1154 2644 corde
1181 2589 1479 2655 ministros,
1993 2585 2116 2651 Vel,
2147 2602 2245 2642 cur
2266 2588 2525 2643 continuo
2553 2603 2658 2643 non
2687 2604 2807 2644 sum
2851 2603 3111 2643 concessa
3154 2588 3442 2660 sepulcro,

301 2679 543 2751 Virginis
572 2691 631 2735 ut
658 2681 873 2736 miserae
909 2688 1146 2737 mentem
1170 2680 1411 2736 facerent
1440 2681 1491 2735 in
1529 2695 1715 2736 amore
1994 2677 2187 2733 Infelix
2215 2678 2428 2734 foveam
2457 2679 2706 2735 caderem
2734 2694 2801 2735 ne
2825 2668 3015 2735 mortis
3036 2680 3088 2734 in
3113 2689 3287 2734 atram
3316 2681 3329 2732 ι

301 2771 539 2840 lncesto,
560 2772 767 2841 preprii
791 2772 949 2827 citius
972 2770 1277 2828 fervescere
1299 2773 1462 2828 servi.
2068 2771 2194 2827 llaec
2224 2774 2350 2826 dum
2379 2773 2598 2827 tristitia
2637 2773 2849 2828 dicebat
2877 2774 3189 2828 continuata
3211 2813 3226 2839 ,

374 2861 444 2917 Et
473 2877 625 2917 mens
647 2858 924 2917 blanditiis
951 2861 1161 2933 fragilis
1184 2862 1428 2933 pulsatur
1458 2862 1679 2919 amoris.
1995 2863 2203 2934 Coniux
2232 2865 2375 2921 illius
2420 2867 2600 2921 subito
2641 2867 2787 2922 venit
2810 2867 3109 2923 scelerosus
3138 2907 3155 2932 ,

303 2952 589 3010 Exclamat
611 2954 793 3009 subito
820 2969 1014 3025 magna
1037 2955 1104 3010 de
1131 2956 1299 3026 stirpe
1322 2964 1527 3019 creata,
1996 2957 2064 3012 Et
2102 2958 2169 3012 de
2199 2973 2257 3013 se
2281 2957 2442 3013 falsas
2456 2957 2663 3027 juravit
2694 2974 2782 3014 res
2798 2959 2915 3013 fore
2942 2959 3139 3015 dictas.

307 3046 516 3118 Optans
540 3048 785 3116 praestari
816 3047 1033 3101 sibimet
1056 3047 1328 3102 consortia
1362 3047 1537 3113 servi,
1998 3047 2129 3115 Qua:
2161 3063 2283 3103 mox
2314 3047 2582 3103 constanti
2614 3049 2907 3118 respondet
2934 3064 3064 3105 voce
3098 3049 3316 3119 neganti
3356 3065 3371 3082 ·

301 3137 480 3209 Atque
510 3138 649 3209 patri
682 3138 901 3207 proprio
940 3138 1176 3207 perfudit
1202 3138 1326 3193 talia
1362 3138 1526 3192 verba
1556 3155 1571 3192 :
1922 3195 1966 3210 _
1999 3140 2057 3195 Si
2083 3155 2208 3195 reus
2238 3139 2473 3209 ingentis
2503 3138 2674 3209 culpa:
2690 3138 2804 3208 jam
2839 3141 3073 3210 denique
3099 3154 3205 3194 non
3228 3140 3329 3206 sis,

302 3227 424 3284 Jam
453 3230 714 3285 miserere
742 3239 865 3294 tute,
896 3230 1110 3300 genitor
1139 3229 1470 3295 dulcissime,
1499 3239 1668 3296 natae,
1918 3195 1968 3263 θ
1999 3230 2182 3286 Laetus
2213 3230 2279 3285 ad
2304 3229 2590 3286 ecclesiam
2617 3244 2827 3286 mecum
2854 3246 2977 3286 cras
3007 3230 3219 3302 pergito
3241 3244 3457 3285 sacram

304 3320 377 3376 Et
404 3321 565 3376 citius
610 3336 787 3388 meme
811 3321 1019 3392 juveni,
1052 3337 1213 3391 quem
1249 3321 1437 3393 diligo,
1468 3322 1643 3386 trade,
1997 3322 2111 3378 Illic
2138 3332 2194 3377 et
2214 3331 2416 3377 sancta:
2444 3321 2729 3377 celebrans
2752 3322 3014 3378 solemnia
3038 3323 3240 3378 missm.

303 3413 385 3469 Ne
417 3416 623 3470 moriar
650 3415 845 3481 tristis,
874 3414 1139 3485 languens
1168 3428 1263 3484 per
1294 3414 1446 3469 taedia
1477 3414 1676 3469 cordis.
1999 3415 2115 3483 Qua
2149 3428 2275 3469 mox
2304 3412 2712 3482 devictusjusta
2739 3414 2953 3469 ratione
2984 3414 3228 3470 misellus
3251 3455 3266 3479 ,

304 3509 403 3565 llis
424 3518 579 3580 pater
605 3508 821 3573 auditis,
852 3508 1106 3579 lacrymis
1123 3508 1337 3563 dicebat
1364 3508 1566 3563 amaris
1595 3525 1607 3560 :
1999 3506 2232 3561 Causam
2257 3505 2535 3561 commissi
2571 3506 2815 3561 narravit
2837 3521 3072 3577 namque
3099 3507 3280 3578 piacli.

307 3598 472 3673 149
508 3599 662 3655 Heu!
703 3600 840 3655 heu!
893 3599 1023 3670 quid
1058 3599 1287 3669 pateris,
1340 3597 1505 3653 veluti
1560 3613 1686 3669 spes
1735 3598 1895 3655 unica
1998 3597 2217 3669 lllaque,
2247 3598 2527 3653 mollitiem
2551 3597 2665 3667 jam
2705 3600 2979 3668 deponens
3004 3598 3321 3655 muliebrem
3349 3637 3366 3665 ,

1593 3689 1826 3763 [patris?
1999 3690 2066 3745 Et
2088 3705 2310 3746 sumens
2340 3691 2486 3745 vires
2511 3690 2761 3760 prudenti
2793 3692 2957 3747 corde
2982 3692 3196 3758 viriles,

304 3782 427 3848 Dic,
460 3797 625 3853 rogo,
656 3783 779 3853 quis
810 3780 993 3838 verbis
1034 3790 1087 3837 te
1117 3781 1329 3852 decepit
1364 3779 1506 3837 male
1541 3779 1790 3836 blandis?
2001 3781 2123 3837 Mox
2165 3783 2229 3837 ad
2259 3781 2517 3836 Basilium
2548 3782 2803 3837 currebat
2834 3799 3069 3854 namque
3095 3784 3314 3839 beatqu
3340 3824 3358 3851 ,

305 3872 406 3929 ire]
426 3915 440 3939 ,
473 3875 596 3944 quis
624 3873 900 3929 blanditiis
928 3873 1279 3928 circumvenit
1326 3872 1630 3928 Simulatis?
2001 3872 2113 3927 Nec
2141 3889 2246 3927 non
2277 3873 2523 3943 vestigiis
2552 3887 2735 3928 coram
2764 3882 3034 3944 prostrata
3066 3876 3297 3929 sacratis
3320 3914 3335 3939 ,

302 3965 518 4031 Nonne,
546 3964 641 4019 tibi
662 3964 895 4033 patriam
922 3965 1071 4019 reddi
1099 3962 1368 4032 cupiendo
1394 3962 1726 4032 supernam?
2002 3966 2183 4023 Utitur
2206 3966 2291 4022 his
2316 3966 2515 4029 verbis,
2550 3966 2766 4020 turbato
2794 3976 3013 4035 pectore
3034 3966 3172 4022 fusis
3199 3984 3212 4021 :

306 4057 520 4129 Sponso
566 4055 773 4111 caelesti
805 4054 1023 4109 Christo
1055 4064 1106 4110 te
1137 4055 1367 4125 denique
1395 4054 1539 4119 vovi,
2074 4055 2275 4111 Sancte
2297 4056 2413 4119 Dei,
2444 4055 2682 4110 clemens
2707 4056 2864 4111 nobis
2895 4071 3157 4111 succurre
3186 4055 3410 4112 misellis
3430 4096 3446 4123 ,

306 4150 463 4205 Hunc
487 4158 639 4203 casta
673 4146 846 4202 solum
879 4147 1089 4201 coleres
1120 4163 1226 4216 quo
1256 4159 1441 4202 mente
1493 4163 1588 4217 per
1613 4162 1809 4212 aevum,
2002 4147 2070 4203 Et
2090 4148 2243 4201 trahe
2266 4148 2332 4201 de
2362 4147 2516 4200 tetris
2538 4146 2663 4200 saevi
2694 4161 2791 4201 nos
2823 4147 3069 4202 faucibus
3091 4146 3263 4202 hostis
3290 4188 3304 4211 ,

305 4239 456 4295 Illius
487 4248 541 4294 et
566 4238 754 4294 laudes
785 4254 908 4293 cum
932 4238 1196 4294 etelicolis
1222 4253 1536 4300 resonarcs,
2002 4238 2105 4306 Qui
2130 4247 2343 4292 nostras
2377 4236 2592 4306 fragiles
2633 4236 2803 4303 iactat
2834 4252 2893 4291 se
2925 4237 3151 4306 perdere
3178 4246 3410 4292 mentes.

306 4331 503 4387 Addita
526 4330 809 4402 virgineis,
841 4330 1030 4385 mortis
1053 4339 1171 4400 post
1209 4330 1444 4394 vincula,
1481 4328 1717 4386 turmis?
2002 4334 2245 4401 Cumque
2285 4330 2500 4386 modum
2525 4328 2695 4399 culpa:
2732 4329 3143 4385 denudavitsibi
3178 4339 3342 4405 tantae
3365 4369 3381 4394 ,

306 4425 377 4480 Et
401 4434 456 4479 tu
488 4423 691 4478 lascivo
718 4421 980 4478 fervescis
1006 4438 1190 4477 amore
1220 4421 1419 4477 famelli
1455 4423 1467 4475 ε
2003 4422 2246 4480 Vertitur
2278 4422 2344 4476 ad
2387 4437 2601 4477 servum
2630 4420 2827 4489 praesul
2876 4420 3088 4476 Domini
3118 4420 3442 4477 scelerosum
3464 4460 3482 4488 ,

306 4520 379 4573 At
404 4531 547 4572 nunc
594 4514 887 4581 submissa,
917 4515 1131 4571 soboles
1160 4530 1301 4580 mea,
1343 4530 1478 4571 voce
1505 4515 1708 4587 rogabo
1732 4554 1748 4581 ,
1922 4548 1977 4609 Β
2001 4516 2227 4585 Accepit
2256 4514 2438 4570 verbis
2470 4513 2619 4568 illum
2653 4512 2889 4584 rogitare
2920 4512 3170 4584 benignis
3190 4554 3204 4578 ,

305 4608 497 4666 Finem
529 4607 772 4665 stultitiae
801 4622 993 4679 pergas
1022 4617 1080 4662 ut
1119 4608 1342 4663 reddere
1371 4616 1553 4673 tantm,
1922 4602 1965 4609 ’⁷
2002 4606 2134 4663 Post
2160 4605 2336 4661 scelus
2366 4604 2433 4659 ad
2471 4604 2745 4659 Christqu
2775 4602 2932 4657 vellet
2964 4603 3009 4658 si
3034 4611 3251 4658 vertere
3275 4617 3516 4658 sensum.

305 4703 388 4760 Ne
406 4720 576 4777 genus
593 4717 751 4759 omne
774 4712 921 4757 tuum
942 4702 1081 4757 male
1103 4700 1401 4757 confundas
1425 4714 1745 4772 generosum
1772 4738 1787 4765 ,
2002 4699 2127 4767 Qui,
2153 4712 2211 4753 se
2235 4697 2430 4753 salvari
2454 4697 2770 4767 desperans,
2799 4694 3012 4750 dixerat
3042 4695 3137 4759 illi,

302 4796 369 4853 Si
404 4807 581 4851 tamen
614 4796 828 4866 incepto
853 4803 1027 4850 lentas
1055 4794 1250 4848 durare
1271 4792 1506 4862 maligno
2003 4790 2059 4845 Si
2088 4797 2271 4860 posset
2301 4788 2437 4850 fieri,
2472 4787 2764 4842 voluissem
2794 4794 2975 4842 mente
3006 4786 3230 4852 libenti,

302 4889 569 4959 Turpiter
594 4889 797 4959 absque
825 4905 977 4944 mora
1004 4888 1204 4958 paries,
1231 4885 1539 4941 dulcissima
1563 4901 1763 4957 pro.es.
2003 4882 2109 4938 Sed
2152 4891 2322 4938 restat
2347 4881 2515 4937 menti
2546 4879 2770 4937 sceleris
2802 4895 2888 4936 res
2919 4878 3065 4936 facta
3097 4879 3296 4935 volenti

381 4980 512 5047 Quae
542 4995 686 5045 nam,
717 4980 1000 5036 consilium
1022 4978 1233 5049 penitus
1256 4980 1560 5047 spernendo
1588 4989 1896 5049 paternum,
2006 4971 2161 5044 15],
2218 4972 2301 5027 Me
2347 4972 2473 5044 quia
2513 4986 2611 5043 per
2682 4970 2895 5028 litteras
2942 4970 3088 5028 hosti
3141 4968 3397 5025 dederam
3456 4971 3598 5030 male

305 5071 473 5128 Vultu
498 5072 737 5128 mordaci
768 5073 987 5143 proprio
1016 5071 1149 5127 dicit
1185 5072 1414 5141 genitori
1451 5086 1465 5125 :
3168 5056 3184 5065 ’
3232 5062 3487 5134 [scriptas
3510 5105 3525 5132 ι

305 5166 366 5219 Si
396 5164 670 5234 complere
702 5180 876 5220 meum
909 5162 1147 5220 tardabis
1179 5163 1411 5233 denique
1434 5172 1650 5229 votum,
2001 5159 2069 5216 Et
2098 5173 2297 5216 nomen
2326 5157 2531 5215 Christi
2555 5167 2760 5215 caecato
2787 5156 2953 5214 corde
2990 5170 3208 5228 negavi.

302 5254 651 5325 Comperies,
675 5254 876 5311 claram
904 5254 1065 5310 citius
1102 5254 1308 5325 prolem
1336 5254 1678 5309 morituram.
2075 5257 2153 5313 Ad
2182 5269 2342 5325 quem
2373 5253 2461 5308 vir
2509 5252 2722 5312 Domini
2747 5271 2761 5309 :
2794 5251 2997 5308 Curam
3026 5249 3124 5307 tibi
3159 5247 3363 5318 lingere
3392 5250 3541 5324 noli,

258 5338 261 5341 λ
302 5344 463 5399 Tunc
489 5345 694 5410 senior,
721 5361 826 5402 non
858 5353 1069 5416 sponte,
1104 5345 1266 5400 minis
1288 5344 1530 5401 devictus
1559 5343 1784 5411 amaris,
2002 5348 2115 5406 Ceu
2145 5346 2241 5404 tibi
2288 5346 2358 5401 sit
2386 5348 2563 5404 venite
2586 5347 2803 5417 penitus
2824 5358 2953 5414 spes
2984 5346 3203 5411 dempta
3233 5341 3508 5408 petenda.

301 5434 632 5466 Τ-ΑᾹῖιδΔηο
660 5435 857 5466 ιιΛῑιΑΙῖη
883 5451 1040 5466 anAn-vn
1062 5435 1338 5466 Annon-al:n
1366 5434 1537 5466 ιιι-,οἶα
2005 5441 2071 5466 ‘1-

2005 5441 2208 5466 “_!-..a—
2252 5454 2375 5466 Α-κΑ
2399 5438 2582 5466 ἴδοιο-ξι.
2638 5437 2795 5466 :onJA-l
2825 5437 3151 5466 n‘:.:hn:MllL’
3184 5433 3331 5466 Arhia
