4482 5548
852 411 987 467 111⁵5
1715 408 2186 466 ΗΒΟΤΞΗΙΤΗᾹΞ
2231 404 2554 463 MONIALIS
2594 406 2622 461 (Ξ

2354 404 2554 460 ΗΑΗΒ
2594 406 3288 462 GANDERSIIEIMENSIS
3988 409 4124 466 IIIG

846 506 928 582 A'd
969 538 1026 579 se
1061 522 1341 578 tendentes
1367 522 1458 593 qui
1483 522 1659 578 salvos
1691 524 1918 593 suscipit
1940 538 2148 576 omnes.
2462 524 2509 580 Α
2545 520 2608 575 Ut
2639 523 2841 589 pariter
2882 518 3527 590 preculis'pernoctarent
3555 521 3836 588 studiosis,

849 615 944 671 I’Iis
973 616 1134 686 igitur
1165 617 1422 670 miserum
1453 616 1676 670 monitis
1724 617 1962 671 correxit
2000 616 2292 669 homullqu
2313 656 2325 678 ,
2541 615 2657 681 Quo
2689 616 2860 669 bonus
2882 627 3177 679 errantem,
3203 630 3296 685 per
3312 625 3625 669 consuetam
3653 616 3905 685 pietatem
3929 658 3941 679 ,

849 704 957 761 Nec
992 722 1098 762 non
1123 717 1313 776 sponte
1338 721 1431 760 sua
1462 707 1616 777 nigro
1647 706 1912 761 conclusit
1937 707 1987 760 in
2026 715 2182 759 antro
2202 746 2215 768 ,
2541 708 2731 763 Pastor
2756 725 2908 763 ovem
2944 710 3135 762 turmis
3159 709 3357 778 proprii
3379 708 3647 777 iunxisset
3686 709 3862 765 ovilis.

847 796 961 854 Illic
1001 807 1060 853 ut
1102 799 1291 854 sordes
1318 799 1465 854 licito
1495 797 1717 855 deﬁeret
1739 814 1987 854 enormes
2540 803 2702 858 Ortus
2731 819 2962 872 cumque
2990 804 3170 871 nigras
3198 803 3370 857 noctis
3413 803 3494 856 sol
3526 803 3728 873 expulit
3755 804 3974 858 umbras
4001 844 4016 868 ,

964 902 1054 947 ost
1085 901 1195 948 tres
1224 907 1354 963 ergo
1373 892 1490 948 dies
1513 893 1708 948 iterum
1739 894 1989 948 veniebat
2012 893 2075 947 ad
2105 892 2253 947 illum
2280 933 2292 957 ,
2540 892 2736 948 Dextra
2767 894 3007 964 praedicti
3037 907 3377 962 comprensa,
3403 893 3620 963 praesul,
3662 893 3903 958 homulli,

847 982 1129 1053 Inquirens
1162 986 1317 1040 talem
1343 986 1386 1040 si
1412 993 1596 1056 posset
1625 983 1766 1042 ferre
1791 985 2068 1040 laborem?
2543 987 2707 1041 Intrat
2735 990 2786 1042 in
2816 989 3125 1052 ecclesiam,
3176 1005 3357 1044 secum
3403 1003 3616 1057 quoque
3660 987 3888 1041 duxerat
3924 986 4118 1056 ipsum.

846 1077 977 1142 Qui,
1008 1076 1179 1131 lassus
1203 1078 1454 1144 nimium,
1479 1079 1660 1133 verbis
1684 1082 2040 1148 responderat
2066 1079 2213 1132 istis:
2613 1079 2684 1134 Ut
2731 1080 2891 1134 limen
2922 1082 3092 1134 sacris
3123 1081 3298 1152 tetigit
3325 1079 3636 1135 venerabile
3668 1079 3866 1150 plantis
3886 1119 3899 1143 ,

850 1169 1047 1226 Poenas
1076 1170 1359 1240 spirituum
1395 1172 1574 1240 patior
1597 1171 1687 1225 vix
1721 1186 1954 1240 namque
1975 1171 2252 1241 nigrorum
2280 1209 2293 1231 ,
2539 1172 2723 1226 Adfuit
2756 1173 2962 1227 insidiis
2991 1173 3209 1228 latitans
3251 1173 3388 1228 clam
3412 1172 3618 1227 daemon
3658 1171 3862 1225 amaris
3886 1212 3898 1233 .

850 1257 932 1314 Me
971 1259 1096 1328 quia
1125 1259 1398 1318 continuis
1425 1268 1716 1315 attrectant
1770 1275 2002 1329 namque
2034 1259 2259 1330 flagellis
2279 1300 2293 1322 ,
2539 1264 2888 1334 Attraxitque
2909 1266 3089 1319 virum
3119 1280 3310 1335 magna
3336 1265 3385 1317 vi
3415 1264 3647 1333 denique
3675 1277 3888 1317 sursum
3918 1301 3932 1324 ,

843 1353 1022 1421 Atque
1039 1360 1231 1428 petunt
1254 1352 1451 1422 jaculis
1480 1353 1720 1424 lapidum
1751 1353 2047 1423 saepissime
2073 1355 2221 1408 duris
2242 1395 2255 1418 ,
2539 1353 2687 1409 Illius
2718 1365 2932 1425 arrepta
2975 1366 3183 1412 secreta
3221 1357 3407 1411 fraude
3433 1357 3653 1410 sinistra
3677 1397 3691 1416 ,

846 1443 1072 1514 Insuper
1093 1445 1400 1515 opprobriis
1428 1455 1708 1515 opponunt
1742 1461 1954 1515 semper
1982 1448 2184 1500 amaris
2204 1488 2216 1506 .
2538 1445 2618 1498 Ad
2646 1462 2804 1514 quem
2832 1446 3078 1508 Basilius,
3115 1445 3240 1500 forti
3279 1445 3625 1499 mandamine
3651 1444 3862 1498 functus
3892 1461 3904 1496 :

849 1538 1001 1605 Quod
1030 1553 1134 1592 non
1161 1539 1359 1593 invitus
1389 1540 1622 1608 pridem,
1657 1541 1748 1594 sed
1775 1541 1962 1611 gratis,
1989 1543 2194 1596 adirem
2609 1533 2855 1602 Improbe
2885 1534 2991 1597 fur,
3023 1535 3188 1605 Regis
3212 1535 3472 1589 facturam
3514 1535 3673 1588 redde
3699 1533 3951 1602 Ρετθηιιίε
3972 1574 3985 1596 ν

843 1627 986 1694 Illos,
1023 1629 1263 1697 ipsorum
1293 1631 1408 1683 sine
1439 1631 1487 1683 vi
1519 1645 1603 1684 me
1635 1632 1770 1684 dans
1801 1633 2008 1685 dilioni.
2538 1625 2605 1679 Et
2635 1624 2778 1680 furto
2802 1636 3011 1695 captam
3037 1628 3212 1682 victus
3236 1629 3343 1681 cito
3370 1627 3558 1680 desere
3580 1626 3833 1695 prtedam.

846 1720 998 1775 Tunc
1022 1722 1215 1776 animte
1246 1723 1488 1777 medicus
1518 1722 1936 1794 languescentis,
1969 1724 2104 1777 bene
2132 1725 2320 1778 doctus
2346 1765 2359 1788 ,
2538 1721 2633 1777 Cui
2669 1735 2789 1774 mox
2823 1721 3129 1773 communis
3155 1728 3474 1774 cunctorum
3502 1718 3710 1770 dixerat
3735 1714 3905 1768 hostis
3938 1754 3952 1778 ,

847 1809 1131 1864 Lassatum
1165 1809 1310 1866 refici
1337 1809 1522 1881 jussit,
1558 1814 1852 1883 statimque
1880 1815 2122 1869 recessit.
2466 1878 2501 1883 _
2543 1813 2817 1869 Perversis
2848 1827 3045 1866 vacuas
3077 1811 3303 1882 implens
3337 1809 3622 1864 latratibus
3650 1822 3811 1860 auras
3856 1811 3892 1858 τ’

842 1900 973 1956 Post
999 1911 1208 1974 tempus
1243 1918 1469 1973 parvum
1497 1906 1748 1961 veniebat
1772 1907 2002 1976 denique
2028 1923 2244 1962 rursum
2274 1949 2288 1971 ,
2463 1878 2508 1937 Β
2538 1907 2648 1963 Cur
2673 1906 2873 1976 satagis
2904 1904 3180 1974 proprium
3226 1903 3472 1957 mihimet
3500 1901 3548 1953 vi
3581 1899 3765 1953 tollere
3798 1911 4052 1962 servum,

849 1992 1112 2060 Qumreus
1133 1994 1364 2049 obscuro
1394 1995 1520 2065 quid
1549 2005 1675 2051 tunc
1707 2006 1982 2065 pateretur
2023 1999 2072 2051 in
2098 2000 2292 2052 antro?
2537 1999 2635 2066 Qui
2661 2013 2754 2051 sua
2788 2007 2979 2067 sponte
3014 1996 3147 2051 meis
3179 1994 3427 2049 submisit
3459 1993 3594 2046 colla
3631 1990 3873 2046 catenis?

846 2083 948 2151 Qui
976 2084 1109 2139 dixit
1138 2103 1147 2138 :
1179 2085 1340 2140 Certe
1371 2087 1565 2142 melius
1591 2087 1760 2150 valeo,
1787 2089 1948 2143 Pater
1976 2089 2114 2144 alme
2135 2131 2148 2153 ,
2536 2089 2790 2144 Chartam
2818 2098 3088 2157 percertc,
3111 2086 3357 2140 mihimet
3383 2100 3545 2155 quam
3575 2083 3805 2137 reddidit
3841 2083 3980 2152 ipse,

843 2172 1082 2245 Longius
1118 2176 1409 2232 horribiles
1441 2186 1646 2232 tantum
1673 2195 1795 2248 quia
1835 2181 2008 2234 sentio
2040 2197 2217 2235 voces.
2537 2183 2801 2252 Tempore
2824 2181 3012 2251 judicii
3045 2180 3261 2234 Christo
3297 2179 3611 2232 monstrabo
3645 2177 3830 2230 futuri.

845 2264 983 2319 Hinc
1008 2267 1220 2336 praesul,
1254 2267 1408 2322 hctus
1435 2281 1645 2325 secreto
1675 2281 1892 2339 pectore
1926 2272 2120 2337 factus,
2606 2274 2703 2328 Cui
2730 2283 2948 2327 sanctus
2987 2288 3198 2326 rursum
3226 2272 3480 2326 reddebat
3505 2270 3609 2324 tale
3639 2284 3979 2339 responsum,

842 2357 1149 2428 Egreditur,
1173 2359 1328 2430 juxta
1359 2376 1562 2415 morem
1587 2363 1832 2417 faciendo
1856 2364 2110 2432 priorem.
2536 2367 2703 2436 Ipsius
2725 2365 2923 2419 Christi
2955 2374 3246 2434 praecepto,
3268 2364 3466 2434 judicis
3487 2364 3650 2433 aequi,

844 2452 1083 2506 Tandem
1117 2463 1237 2522 post
1268 2454 1500 2522 spatium
1547 2457 1771 2511 veniens
1797 2458 2150 2527 quadraginta
2184 2459 2394 2513 dierum
2416 2499 2430 2524 ,
2536 2458 2780 2511 Iieddcrc
2806 2457 3093 2514 litterulas,
3129 2470 3307 2525 spero,
3350 2464 3403 2509 te
3425 2455 3668 2524 protinus
3698 2455 3860 2525 ipsas.

842 2543 901 2597 In
927 2544 1080 2613 queis
1102 2554 1381 2612 peccatum
1415 2546 1592 2615 lapsus
1624 2545 1837 2602 deﬂevit
1869 2564 2146 2613 amarum,
2537 2549 2631 2604 His
2657 2550 2821 2618 igitur
2845 2549 3022 2611 dictis,
3054 2548 3230 2600 oravit
3255 2546 3408 2600 turba
3449 2547 3617 2602 fidelis

843 2634 1054 2689 Invenit
1078 2634 1281 2701 Izetum,
1314 2652 1472 2706 quem
1499 2637 1754 2693 credebat
1787 2640 1903 2695 fore
1937 2652 2211 2696 maestum.
2537 2641 2901 2695 Altithrouum
2933 2640 3191 2707 preculis,
3219 2639 3409 2693 devoto
3430 2647 3650 2708 pectore
3686 2637 3839 2703 fusis,

846 2723 929 2783 Et,
959 2740 1081 2777 cum
1114 2724 1354 2780 hetitiam
1384 2728 1680 2784 miraretur
1708 2730 1809 2785 sibi
1836 2732 2053 2786 charam
2076 2775 2090 2797 ,
2534 2731 2724 2785 Fidum
2755 2740 3026 2801 pastorem
3049 2745 3155 2799 quo
3180 2730 3512 2786 confortaret
3538 2731 3590 2784 in
3625 2731 3858 2786 hostem.

845 2813 1128 2881 Pcccator,
1161 2817 1417 2889 lacrymis
1442 2821 1554 2889 jam
1584 2823 1872 2878 mundatus
1895 2825 2030 2880 bene
2053 2827 2214 2897 largis
2534 2820 2641 2874 Nec
2672 2837 2845 2884 mora,
2871 2822 2935 2875 de
2979 2837 3191 2876 summo
3220 2821 3417 2876 cecidit
3440 2822 3708 2892 scriptura
3736 2820 3940 2876 dolosa.

843 2907 914 2962 Ut
951 2919 1133 2965 certus
1164 2915 1354 2976 venite,
1381 2923 1570 2968 sancto
1592 2914 1825 2980 dicebat,
1852 2921 2096 2973 amandzn
2122 2938 2133 2972 :
2539 2912 2693 2982 153
2721 2913 2858 2965 Amo
2883 2912 3044 2980 Pedes
3066 2913 3238 2966 sane“
3277 2927 3375 2967 nec
3399 2927 3501 2966 "0"
3532 2913 3762 2982 Pasmris
3788 2911 4026 2966 amandi-

848 2999 1004 3070 152
1035 2999 1206 3071 Spero
1228 3003 1467 3072 quidem,
1499 3020 1597 3074 per
1645 3015 1695 3059 te
1720 3021 1804 3060 me
1837 3006 2055 3072 salvari,
2083 3007 2244 3063 Pater
2270 3009 2426 3075 alme,
2607 3003 2757 3058 Tunc
2778 3004 2950 3073 plebs,
2973 3005 3137 3059 corde
3159 3004 3248 3073 pio
3277 3005 3515 3074 gaudens
3541 3019 3660 3059 cum
3683 3003 3913 3074 praesule
3937 3002 4121 3072 dig‘no,

843 3090 899 3143 In
928 3091 1130 3146 somnis
1161 3092 1288 3161 quia
1323 3103 1373 3146 te
1403 3095 1511 3149 vidi
1539 3094 1808 3150 luctamen
1835 3098 1973 3151 inire
2535 3096 2747 3166 Sparsit
2777 3097 3016 3166 adusque
3048 3096 3227 3166 polum
3261 3110 3420 3151 voces
3449 3111 3571 3149 cum
3609 3097 3848 3150 carmine
3879 3093 4121 3159 laudum,

843 3179 948 3233 Pro
975 3197 1058 3237 me
1081 3198 1200 3236 cum
1231 3199 1372 3239 saevo
1398 3199 1499 3241 nec
1531 3201 1636 3242 non
1667 3199 1917 3258 serpente
1949 3191 2220 3262 maligno,
2457 3230 2503 3294 Ο
2534 3191 2860 3246 Collaudans
2891 3190 3188 3254 Christum,
3219 3190 3371 3244 solita
3403 3189 3603 3258 pietate
3631 3189 3942 3259 benignum,

843 3269 1009 3294 n..,.__
1040 3283 1093 3294 ι--
1121 3275 1292 3294 _.!-2-.2
1322 3277 1453 3294 ___|,!.
1475 3292 1487 3294 -
1525 3277 1567 3294 ,-
1608 3288 1619 3294 -
1672 3289 1682 3294 -
2542 3284 2577 3294 ,ι
2625 3283 2635 3294 .
2782 3293 2786 3294 ,
2987 3291 2994 3294 .
3070 3283 3080 3293 .
3211 3290 3219 3294 -
3331 3283 3363 3294 ο.
3426 3281 3440 3294 ι
3614 3281 3624 3294 ι
3739 3281 3749 3292 ο

843 3269 1012 3338 Quem
1040 3283 1094 3327 tu
1121 3275 1293 3329 vicisti
1317 3277 1496 3332 subito
1521 3277 1722 3333 virtute
1750 3295 1997 3350 superna.
2457 3269 2503 3294 υ
2537 3283 2639 3350 Qui
2672 3293 2885 3352 captum
2915 3283 3113 3337 veteris
3145 3283 3369 3336 retraxit
3392 3281 3460 3337 ab
3487 3297 3580 3336 ore
3613 3281 3801 3336 leonis.

911 3363 1146 3418 Auribus
1185 3365 1406 3422 intentis
1437 3376 1494 3422 ut
1523 3371 1695 3424 sensit
1723 3372 1883 3426 verba
1908 3372 2177 3441 loquentis
2537 3376 2644 3432 Nos
2670 3391 2882 3446 qquue
2910 3374 3246 3443 plaudentes,
3274 3389 3591 3444 spargamus
3613 3375 3678 3428 ad
3706 3372 3904 3428 tethera
3936 3383 4122 3436 voces,

840 3453 1102 3519 Antistes,
1135 3454 1346 3511 laudem
1387 3455 1588 3513 Christi
1616 3461 1813 3516 cecinit
1837 3461 2061 3530 pietati,
2537 3470 2845 3526 Laudantcs
2875 3469 3160 3522 Dominum
3194 3466 3386 3520 ridenti
3415 3474 3631 3535 pectore
3658 3463 3954 3527 Christum,

841 3544 1196 3616 Extraxitque
1218 3548 1335 3603 loco
1357 3551 1554 3620 captivi
1583 3555 1823 3610 membra
1850 3555 2076 3626 uigello,
2537 3561 2653 3630 Quo
2680 3562 2833 3616 nobis
2864 3560 3022 3614 talem
3052 3559 3290 3614 clemens
3323 3557 3489 3616 venite
3516 3557 3713 3611 tribuat
3734 3571 3904 3626 spem.

844 3636 913 3691 Et
936 3637 1051 3694 loca
1081 3640 1132 3694 in
1159 3643 1374 3711 propria
1408 3644 1580 3699 noctis
1607 3647 1706 3700 sub
1743 3654 1988 3718 tempore
2010 3648 2177 3715 cella,
2535 3654 2641 3724 Ipsi
2673 3668 2908 3722 namque
2942 3653 3105 3707 decus
3134 3651 3256 3715 soli,
3282 3651 3529 3714 victoria,
3564 3649 3755 3712 virtus,

842 3730 972 3797 Qua:
994 3732 1093 3785 fuit
1117 3734 1358 3816 ecclesia:
1399 3734 1555 3792 lateri
1587 3738 1872 3807 conjuncta
1915 3750 2172 3807 sacratae,
2535 3751 2778 3807 Laudum
2803 3759 3090 3807 cantamen
3115 3756 3440 3816 maneatque
3465 3745 3794 3816 perenniter.
3819 3742 4013 3797 Amen.

845 3823 958 3879 Illic
1005 3835 1059 3881 et
1089 3827 1298 3895 plebem
1314 3811 1486 3901 'jussit
1509 3833 1657 3887 coire
1685 3832 1928 3901 fidelem,

843 4011 4113 4053 ψ

2134 4195 2817 4313 HISTORIA

952 4474 1568 4571 PASSIONIS
1639 4469 2054 4566 SANCTI
2136 4465 2691 4561 DIONYSII
2770 4460 3262 4554 EGREGII
3341 4451 3988 4549 MARTYRIS.

2078 4790 2273 4870 ABG
2287 4783 2838 4869 UMENTUM.

915 4996 1204 5068 Dionysius
1226 5040 1239 5065 ,
1271 4997 1599 5053 Atheniensis
1623 4996 1984 5068 philosophus,
2015 4995 2298 5068 AEgyptios
2326 5007 2491 5062 vates,
2519 4997 2771 5068 scientiq
2783 5003 3049 5068 astrorum
3076 5001 3271 5068 gratia,
3303 4993 3467 5068 adut,
3491 5006 3524 5068 ς
3552 4987 3739 5060 quibus
3766 4999 3882 5068 cum
3909 4983 4123 5068 edoctus

847 5056 1005 5137 esset,
1033 5056 1392 5141 delectumque
1419 5067 1545 5123 solis
1567 5056 1681 5123 sine
1706 5056 1846 5123 luna}
1869 5056 2266 5139 interpositione
2287 5069 2417 5123 hora
2445 5056 2708 5140 passionis
2738 5066 3032 5132 Dominicis:
3057 5056 3397 5130 Jbservusset,
3433 5056 3666 5115 Athenas
3693 5056 3920 5118 rediens,
3947 5056 4124 5123 ignoto

841 5145 975 5213 Deo,
1008 5151 1065 5199 ut
1099 5141 1344 5198 Lucanus
1372 5143 1482 5205 ait,
2365 5211 2420 5222 ω
2464 5210 2480 5222 ,
2746 5210 2756 5221 ,

2212 5245 2226 5260 .
2265 5247 2277 5260 .
2317 5244 2330 5259 .
2365 5211 2427 5262 Et
2450 5209 2616 5261 dedita
2637 5210 2786 5260 sacris

1592 5273 1748 5336 lgnon
1775 5271 1942 5323 Jndm
1974 5272 2087 5322 Dei.
2127 5308 2139 5322 .
2179 5309 2191 5321 .

844 5380 994 5420 aram
1021 5363 1158 5416 inter
1182 5357 1467 5414 simulacra
1498 5357 1889 5412 Atheniensium
1919 5357 2099 5410 erexit.
2134 5353 2308 5420 Quam
2353 5370 2472 5407 cum
2513 5354 2780 5426 apostolus
2815 5350 3018 5426 Paulus
3064 5350 3298 5426 vidisset,
3327 5356 3694 5426 auctoremque
3729 5343 3985 5426 dedicata?
4015 5353 4126 5426 arte

847 5410 1539 5504 inquisisset,ibid-nudum,
1565 5410 1975 5504 philosopharis,
1997 5410 2270 5504 ccmpErit,
2300 5410 2557 5504 quem.ad'
2593 5425 2749 5490 ﬁdem
2782 5422 3139 5504 convertithet
3188 5422 3246 5504 in
3271 5410 3546 5504 prwsulfn}
3572 5410 4124 5504 ΑᾼξΙιςΕἱςῃρςφᾼΕιξξ-ξ-

843 5482 1172 5548 .'.'I,I.iif'ii.;if
1194 5482 1318 5548 dum
1347 5482 1452 5548 θορι-
1479 5482 1727 5548 visionem
1763 5482 1901 5548 a'mul
1935 5482 2291 5548 llo/ucnt'nunt
2313 5482 2689 5548 'nresbuterum
2716 5495 2979 5548 animatus
3012 5482 3078 5543 add
3111 5482 3424 5548 ntarturium
3456 5487 3659 5548 fuisset,
3692 5485 3759 5537 ad
3786 5482 4121 5540 Clementem,
