4482 5548
323 245 460 301 1117

1274 244 1358 298 DE
1399 243 1731 299 PASSIONI
1772 245 1826 300 S.
1873 242 2165 300 DIONYSII
2203 243 2576 299 MABTYIUS.

3439 248 3580 304 1118

1371 438 1832 528 INCIPIT
1903 436 2525 536 HISTORIA.

388 638 518 692 Cum
545 635 720 690 factor
751 650 996 699 summae,
1035 636 1222 692 media:
1255 634 1482 691 rationis
1510 646 1564 691 et
1597 637 1737 703 ima,

317 731 380 784 In
406 744 568 783 cruce
599 729 919 798 supplicium
946 729 1134 781 mortis
1160 738 1437 798 pateretur
1465 744 1732 792 amarum,

315 823 512 879 Orbem
546 831 821 876 nocturnre
848 822 1259 876 circumduxere
1284 824 1538 886 tenebrae,

319 919 476 991 155
505 919 571 973 Et
602 920 702 983 sol,
733 920 975 989 deposito
1009 920 1139 972 radii
1174 920 1456 988 splendore
1489 920 1686 984 sereni,

317 1011 614 1081 Exsequias
653 1011 860 1066 Domini
889 1012 1126 1067 celebrat
1164 1011 1510 1066 famulamine
1542 1011 1743 1068 Christi

315 1102 430 1168 Quo
459 1119 578 1157 mox
611 1103 913 1173 astrologus
946 1104 1063 1157 viso
1087 1103 1378 1174 Dionysius
1401 1103 1593 1165 almus,

313 1193 410 1260 Qui
442 1204 571 1248 tunc
601 1195 961 1265 Memphiticis
989 1205 1160 1249 artem
1193 1195 1437 1252 discebat
1468 1195 1518 1247 iu
1549 1194 1681 1258 oris,

313 1287 441 1354 Quae
465 1288 622 1343 docet
659 1298 929 1342 astrorum
960 1299 1161 1353 motus,
1191 1289 1318 1342 solis
1347 1304 1561 1357 quoque
1591 1303 1831 1352 cursum,

312 1377 621 1446 Obstupuit,
655 1378 808 1433 libris
836 1380 1107 1449 coepitque
1134 1380 1409 1448 requirere
1442 1378 1618 1443 lectis,

312 1468 366 1523 Si
403 1478 528 1523 tunc
557 1469 810 1539 ecclipsis
841 1480 1023 1538 posset
1056 1470 1357 1524 consistere
1390 1468 1539 1524 solis.

309 1557 406 1610 Ast
429 1557 518 1610 ubi
548 1573 652 1611 non
687 1557 876 1612 solitas
905 1558 1074 1612 sensit
1096 1559 1266 1627 magis
1293 1572 1413 1612 esse
1446 1559 1722 1621 tenebras,

311 1647 673 1717 Descripsisse
702 1651 841 1702 diem
871 1650 1089 1716 dignum
1123 1649 1355 1703 ducebat
1382 1659 1436 1703 et
1467 1665 1690 1712 annum,

309 1736 425 1790 Non
457 1738 710 1791 dtthitans
741 1739 1011 1808 designari
1040 1738 1168 1808 quid
1207 1737 1347 1793 forte
1379 1739 1655 1808 stupendi,

309 1829 459 1896 Quod
488 1839 608 1898 post
639 1831 953 1899 mysterium
987 1831 1317 1885 declarasset
1357 1831 1728 1894 tenebrarum,

307 1918 690 1989 Conjeetatque
722 1919 889 1975 Deum
916 1921 1085 1991 signis
1118 1919 1442 1975 testantibus
1474 1920 1698 1983 almum,

308 2010 580 2065 Hactenus
606 2011 868 2082 ignotum,
905 2013 1106 2067 mundo
1140 2027 1263 2068 mox
1287 2027 1406 2067 esse
1434 2012 1796 2081 probandum.

305 2102 402 2155 Ast
425 2101 513 2154 ubi
548 2102 613 2156 de
647 2105 778 2158 rivis
807 2104 1047 2174 praifataa
1079 2105 1299 2160 debrius
1329 2105 1484 2168 artis,

305 2193 544 2248 Athenas
574 2195 749 2263 petiit,
784 2198 966 2251 sedem
995 2199 1337 2267 patriamque
1366 2199 1575 2263 revisit,

304 2285 449 2340 Inter
475 2287 764 2342 stultorum
793 2289 1081 2344 simulacra
1111 2289 1338 2358 profana
1369 2290 1615 2349 deorum.

304 2374 456 2430 Culte
480 2386 847 2434 constructam
876 2380 1002 2449 poni
1028 2389 1360 2450 praeceperat
1389 2395 1562 2447 aram,

306 2467 454 2522 Hanc
479 2471 650 2538 ipsam
687 2471 858 2526 titulis
883 2472 1182 2527 decernens
1211 2487 1451 2542 congrue
1473 2473 1656 2543 pictis,

304 2558 474 2629 Ignoti
507 2561 608 2616 sub
631 2563 839 2618 honore
866 2563 959 2618 Dei
987 2564 1184 2619 debere
1214 2566 1441 2618 sacrari.

303 2647 473 2714 Quam
506 2651 696 2706 doctor
723 2651 922 2706 Paulus
950 2669 1074 2708 cum
1108 2638 1502 2724 conspexisset,
1537 2655 1753 2724 opimis,

307 2740 407 2804 Qui
437 2741 508 2794 sit
536 2741 581 2795 is
609 2741 843 2812 ignotus,
872 2744 1054 2798 verbis
1082 2744 1354 2814 rogitabat
1385 2745 1594 2799 amicis.

304 2830 466 2886 Urbis
493 2833 576 2887 cui
611 2835 818 2903 primus
847 2835 1137 2908 Dionysius
1168 2836 1281 2906 ipse
1311 2838 1500 2892 beatus

302 2921 566 2991 Exposuit
592 2939 837 2991 causam,
869 2941 968 2996 pro
997 2943 1100 2997 qua
1131 2938 1514 2984 construxerat
1546 2947 1718 2998 aram,

303 3012 368 3066 Et
395 3015 493 3080 sic,
525 3016 752 3072 alternis
776 3020 1114 3074 certantibus
1136 3035 1264 3091 ergo
1291 3020 1540 3092 loquelis,

304 3105 405 3173 Qui
436 3106 536 3163 fuit
567 3110 903 3175 incredulus,
938 3111 1061 3166 fidei
1093 3114 1259 3167 cessit
1289 3113 1425 3167 bene
1457 3113 1652 3167 vietus.

367 3197 501 3255 Post
531 3201 646 3255 haec
669 3215 943 3270 egressus,
969 3216 1114 3257 caeco
1146 3203 1239 3256 dat
1272 3203 1472 3256 lumina
1497 3202 1716 3269 Paulus,

300 3291 470 3358 Quem
511 3308 807 3363 properare
838 3294 1057 3364 quidem
1094 3297 1254 3351 citius
1295 3297 1553 3366 praecepit
1593 3297 1646 3350 in
1678 3297 1892 3354 urbem.

301 3386 457 3442 llunc
485 3387 731 3442 functum
775 3402 1010 3444 cernens
1052 3389 1345 3458 praedictus
1381 3389 1582 3444 lumine
1620 3389 1892 3461 princeps,
1924 3358 1970 3423 Ο

303 3477 368 3532 Et
395 3479 622 3534 credens
650 3479 826 3550 signo,
856 3481 1040 3536 divino
1063 3482 1283 3535 numine
1312 3481 1475 3543 facto,

300 3568 545 3624 Festinat
568 3570 748 3626 subito
779 3571 1004 3641 cupidus
1032 3587 1155 3626 cum
1185 3571 1415 3642 conjuge
1444 3571 1611 3626 chara

299 3649 526 3731 Pergere
551 3678 657 3730 quo
679 3661 905 3717 Paulum
937 3674 1265 3735 cognoverat
1294 3681 1415 3720 esse
1443 3666 1679 3732 beatum,

297 3751 469 3821 Ipsius
495 3753 658 3807 multa
683 3753 826 3822 juris
853 3756 1149 3811 comitante
1176 3765 1412 3819 caterva,

297 3846 397 3913 Qui
424 3849 631 3918 pariter
657 3848 870 3904 fuerant
897 3865 1054 3906 sacro
1083 3851 1411 3920 baptismate
1442 3854 1616 3916 tincti,

297 3938 525 3995 Prorsus
550 3941 728 3997 delicti
762 3941 1092 3997 mundantur
1123 3945 1283 3999 sorde
1313 3948 1543 4009 veterni,

297 4029 384 4094 Et,
417 4034 507 4100 qui
538 4032 643 4087 dux
672 4033 843 4103 plebis
871 4033 1048 4090 fuerat
1082 4036 1377 4091 simulacra
1401 4037 1646 4093 colentis.

366 4122 569 4178 Praesul
597 4124 866 4180 catholico
893 4127 1228 4196 prmponitur
1251 4143 1381 4198 ergo
1409 4129 1640 4198 popello.

302 4211 458 4285 155
497 4215 596 4269 Hic
628 4216 826 4285 praesul
859 4217 1054 4282 factus,
1091 4219 1227 4273 mira
1255 4220 1497 4275 bonitate
1529 4221 1782 4288 decorus,

299 4308 530 4364 Sedulus
556 4307 789 4364 ofﬁcium
821 4312 957 4366 bene
989 4313 1280 4381 complevit
1310 4315 1412 4369 sibi
1441 4314 1711 4383 junctum,

293 4401 558 4457 Absentes
587 4404 824 4472 scriptis,
851 4413 1149 4472 praesentes
1178 4406 1410 4475 denique
1437 4407 1616 4471 dictis,

293 4502 372 4556 Ad
403 4515 544 4555 verm
567 4500 770 4556 eultmu
803 4500 924 4556 fidei
954 4502 1202 4556 ducendo
1239 4503 1602 4572 sequendum.

291 4592 449 4657 Nam,
483 4595 756 4664 quondam
792 4609 1048 4665 pergens,
1081 4610 1266 4650 semen
1299 4596 1449 4651 verbi
1494 4612 1710 4668 quoque
1738 4615 1887 4670 spar-

293 4686 518 4754 Hospes,
543 4684 654 4754 jam
687 4694 943 4757 vergente
974 4687 1081 4750 die,
1111 4685 1286 4742 fertur
1310 4689 1534 4757 petiisse

292 4780 552 4836 Sanctum
581 4780 964 4851 presbyterum
998 4778 1338 4842 Cretensem,
1373 4782 1592 4838 nomine
1623 4783 1881 4853 Carpum,

294 4872 393 4939 Qui
426 4871 565 4927 male
600 4871 822 4926 tristitia
854 4871 1282 4927 conturbabatur
1315 4887 1521 4940 amara,

288 4962 397 5018 Nec
426 4977 532 5017 non
565 4960 686 5032 plus
710 4961 859 5016 licito
888 4976 1149 5018 succensa
1182 4960 1382 5016 ferbuit
1418 4963 1518 5025 ira,

287 5053 518 5122 Quidam
551 5054 770 5125 gentilis
797 5056 922 5125 quia
948 5055 1222 5125 perversis
1249 5055 1489 5113 suadelis

286 5148 435 5204 Fecit
456 5145 836 5203 Christicolatu
869 5147 991 5202 ﬁdei
1024 5161 1177 5201 saera
1204 5162 1464 5217 spernere
1491 5151 1800 5220 quemdam.

281 5240 435 5295 Ilunc
465 5251 519 5294 et
549 5238 929 5308 presbyterum
957 5238 1150 5308 przesul
1177 5238 1345 5294 sensit
1377 5239 1494 5296 fore
1526 5253 1800 5307 mtrstum,

277 5333 510 5388 Causam
542 5329 778 5385 tristitia:
805 5331 981 5385 verbis
1007 5331 1278 5399 quaerebat
1305 5332 1518 5397 amicis.

273 5429 360 5492 Et,
394 5426 608 5481 tristem
635 5426 852 5482 monitis
883 5425 1073 5481 blande
1103 5427 1392 5483 mulcendo
1422 5431 1691 5505 benignis,

271 5521 534 5548 Ωι-ΛρΔιοηθ
589 5521 648 5548 ΙΙ,
680 5516 901 5548 Ιὶῖηὶῖηηη
935 5517 1110 5548 ΛΛΙιιΙίιι
1147 5521 1440 5548 ᾹΑΛΛηΛ-Λι
1480 5525 1489 5548 Ξ

1929 635 1983 697 Α
2010 634 2137 706 Ejus
2165 638 2506 709 perciperent
2530 641 2674 694 mltis
2700 655 2895 695 munus
2925 641 3161 710 pietatis.

2006 728 2404 799 Admonuitque
2440 732 2632 786 crebro
2659 732 2786 786 nulli
2812 733 3005 788 debere
3033 733 3217 804 negari

2008 819 2168 889 Spem
2200 823 2386 885 venite,
2417 824 2692 893 proprium
2721 823 2880 878 vellet
2910 825 2953 878 si
2985 823 3112 880 flere
3136 835 3364 881 reatum.

2009 913 2138 977 Sed,
2165 914 2257 982 qui
2286 913 2521 968 tristitiae
2547 915 2772 978 studuit,
2803 925 2982 986 spreta
3013 917 3234 985 pietate,

2007 1006 2049 1061 E
2081 1017 2269 1060 contra
2302 1005 2578 1072 frendens,
2606 1009 2891 1078 cordisque
2921 1007 3103 1064 furore
3136 1011 3450 1078 tabescens,

2005 1103 2270 1172 Apposuit
2297 1103 2513 1158 miseris
2541 1103 2690 1157 duris
2719 1103 3042 1160 maledicere
3074 1106 3272 1172 verbis,

2005 1194 2346 1259 Protestans,
2379 1195 2498 1249 illos
2526 1205 2715 1250 neutra
2750 1197 2941 1266 dignos
2975 1197 3090 1252 fore
3113 1198 3248 1263 vita,

2007 1287 2107 1354 Qui
2141 1288 2340 1342 vixisse
2368 1287 2478 1341 Deo
2509 1289 2985 1358 przesumpsissent
3013 1290 3130 1344 sine
3160 1305 3312 1346 vero.

2008 1380 2119 1436 Hae
2150 1391 2254 1436 tam
2286 1383 2536 1438 tristiﬁca
2570 1384 2784 1437 tandem
2814 1384 3025 1439 ratione
3052 1395 3297 1454 peracta,

2012 1473 2187 1527 Mente
2219 1477 2349 1528 satis
2381 1476 2518 1529 tristi
2550 1477 2826 1544 componit
2855 1483 3094 1531 membra
3127 1478 3315 1547 quieti.

2008 1561 2116 1616 Nec
2144 1579 2310 1627 mora,
2348 1574 2705 1629 monstratur,
2735 1565 2884 1619 cellis
2914 1567 3035 1620 caeli
3066 1568 3368 1636 patefactis,

2009 1653 2174 1714 Visio,
2211 1672 2330 1724 ane
2353 1656 2545 1711 fluetus
2583 1659 2748 1710 animi
2773 1659 3109 1727 compescuit
3137 1658 3272 1726 ejus.

2009 1744 2247 1809 Scilicet,
2280 1748 2646 1803 Altithronutn
2679 1750 2814 1804 miro
2847 1749 3132 1819 splendore
3161 1765 3470 1819 coruscum,

2009 1837 2244 1901 Viderat,
2278 1841 2535 1907 angelicis
2567 1849 2776 1910 septum
2807 1842 3047 1898 residere
3079 1843 3365 1908 ministris,

2007 1928 2081 1981 De
2107 1928 2353 1998 cmloque
2385 1946 2570 1999 rogum
2601 1931 2794 2000 raptim
2827 1931 3151 1987 descendere
3181 1949 3461 2003 magnum,

1931 1999 1979 2059 Β
2008 2017 2115 2073 Ceu
2145 2022 2281 2074 foret
2309 2021 2543 2076 emissus
2573 2022 2838 2076 scelerum
2870 2023 3066 2078 vindex
3093 2023 3415 2092 aliquorum.

2007 2109 2063 2163 In
2100 2121 2272 2166 terras
2298 2112 2472 2166 oculis
2500 2129 2713 2168 rursum
2741 2113 3025 2168 lustrando
3050 2112 3286 2176 reflexis,

2008 2202 2348 2257 Horrendutn
2381 2205 2696 2259 barathrum
2730 2206 3010 2275 conspexit
3038 2205 3189 2259 hiare
3216 2206 3484 2268 deorsum,

2006 2299 2284 2368 Anguibus
2317 2299 2594 2370 impletum
2622 2298 2787 2353 variis
2816 2298 3099 2369 pinnisque
3131 2298 3417 2363 refeetum,

2010 2391 2170 2462 156
2204 2392 2376 2460 Supra
2404 2392 2548 2461 quod
2585 2390 2768 2446 miseri
2798 2389 3002 2462 plantis
3032 2389 3368 2460 lapsantibus
3400 2388 3473 2444 illi

2006 2483 2294 2538 Haerebant
2317 2501 2470 2555 ergo,
2495 2483 2685 2540 ﬂentes
2715 2484 2767 2538 iri
2797 2482 2977 2539 littore
3006 2498 3241 2547 summo,

2006 2575 2218 2644 Egressi
2248 2590 2460 2643 quoque
2489 2583 2792 2644 serpentes,
2822 2573 2941 2629 illus
2966 2574 3298 2638 cruciantes,

2003 2664 2280 2734 Cogebant
2311 2681 2491 2719 secum
2524 2664 2841 2718 barathrum
2869 2672 3160 2733 penetrare
3189 2662 3539 2734 profundum.

2005 2756 2122 2825 Quo
2155 2759 2288 2820 viso,
2323 2755 2552 2827 Carpus,
2584 2757 2787 2826 majore
2818 2755 3002 2812 furore
3028 2756 3289 2826 repletus,

2005 2850 2172 2905 Dellet
2199 2850 2341 2919 quod
2367 2850 2550 2904 miseri
2583 2865 2688 2904 non
2719 2859 2902 2904 essent
2932 2848 3280 2919 praecipitati,

2009 2941 2258 3011 Voccque
2289 2940 2513 2996 confusa
2545 2951 2797 3011 repetens
2827 2957 3043 2996 rursum
3075 2938 3384 3006 maledicta,

2002 3035 2156 3102 Quod
2181 3035 2360 3089 divina
2387 3050 2530 3099 reos,
2566 3045 2686 3089 orat
2715 3051 2864 3099 mox,
2903 3033 3034 3088 ultio
3067 3035 3272 3103 perdat.

2005 3127 2244 3190 Dixerat,
2274 3125 2496 3190 etJesu,
2525 3126 2677 3181 solita
2713 3125 2915 3196 pietate
2945 3126 3232 3196 benignus,

2003 3218 2077 3271 De
2101 3232 2311 3272 summo
2340 3217 2461 3270 cmli
2495 3216 2629 3270 solio
2658 3225 2940 3285 promptus
2969 3215 3238 3279 misereri,

2001 3310 2142 3372 Inﬁt,
2176 3326 2279 3365 non
2314 3310 2500 3363 mitem
2537 3308 2696 3378 Carpi
2731 3308 3008 3363 causando
3033 3307 3306 3362 dolorem:

2001 3403 2250 3467 Percute,
2282 3402 2325 3455 si
2351 3401 2525 3472 possis
2549 3410 2735 3455 contra
2767 3414 2872 3464 me,
2901 3398 3075 3469 Carpe
3107 3398 3344 3465 rebellis,

2001 3495 2100 3563 Qui
2133 3495 2290 3562 cupis
2317 3494 2592 3548 interitum
2624 3493 2870 3547 sitienter
2901 3489 3089 3546 adesse
3118 3505 3356 3546 reorum.

2002 3587 2101 3651 En,
2133 3601 2230 3656 ego
2261 3601 2380 3639 sum
2408 3584 2527 3639 coeli
2560 3594 2737 3638 rector
2761 3583 3058 3651 mortisque
3081 3592 3410 3652 peremptor,

2000 3679 2245 3732 Ilumaua
2278 3693 2464 3732 rursus
2491 3692 2588 3746 pro
2617 3685 2774 3747 gente
2801 3677 2908 3745 pati
2936 3675 3020 3745 pie
3050 3684 3348 3744 promptus,

2001 3769 2057 3824 Si
2089 3786 2192 3824 nou
2223 3768 2419 3824 salvari
2445 3777 2673 3838 possunt
2704 3768 2862 3822 aliter
2885 3766 3140 3821 seelerosi

1997 3860 2099 3928 Qui
2127 3869 2248 3931 post
2277 3859 2629 3914 commissum
2661 3858 2875 3912 discunt
2906 3854 3105 3910 deﬂere
3139 3863 3367 3909 reatum.

1997 3954 2105 4008 Nec
2140 3953 2255 4008 leve
2287 3953 2423 4007 duco
2450 3966 2583 4005 mea:
2612 3949 2815 4004 dextra:
2848 3949 2958 4019 jam
2985 3948 3191 4017 plasma
3223 3949 3423 4018 perire,

1996 4046 2148 4114 Quod
2175 4045 2461 4115 pulchrum
2494 4042 2617 4105 feci,
2651 4041 2791 4112 quod
2826 4049 3140 4111 corruptum
3171 4039 3441 4110 reparavi,

1996 4140 2144 4208 Elige
2183 4154 2322 4191 nune
2347 4137 2556 4191 dulcem
2588 4134 2670 4189 vel
2699 4133 2956 4188 sectaudo
2983 4133 3264 4202 pietatem,

1995 4233 2049 4287 ln
2076 4233 2213 4287 C(RIO
2243 4247 2456 4287 mecum
2489 4245 2703 4296 semper
2734 4243 2966 4300 regnare
2991 4244 3088 4298 per
3112 4243 3310 4290 aevum,

1994 4325 2109 4386 γει,
2148 4340 2242 4395 per
2271 4324 2534 4378 saevitiam
2567 4323 2698 4376 diras
2728 4323 2923 4376 mentis
2951 4319 3089 4375 male
3121 4321 3333 4382 duram,

1994 4415 2266 4485 Snppligio
2293 4414 2538 4469 barathri
2573 4413 2710 4467 tradi
2743 4412 2861 4467 sine
2889 4411 2994 4466 fine
3019 4409 3294 4480 profundi.

1992 4508 2084 4562 llis
2117 4507 2343 4562 nimium
2365 4507 2542 4577 justus
2568 4505 2789 4558 monitis
2819 4503 2899 4556 vir
2933 4500 3363 4566 mansuefactus,

1991 4600 2306 4671 Exemplum
2342 4599 2555 4654 cunctis
2585 4597 2858 4652 imitanda:
2882 4597 2940 4651 fit
2969 4597 3205 4667 pietatis.

1703 4690 1881 4763 [ge-ns,
1909 4717 1962 4778 D
1989 4696 2116 4752 Post
2147 4696 2281 4760 haec,
2307 4709 2642 4749 summorum
2674 4691 2816 4747 fama
2845 4692 3024 4748 clarus
3057 4692 3397 4760 meritorum,

1988 4789 2213 4851 Praesul,
2249 4788 2514 4857 disposuit
2545 4787 2772 4842 Romam
2804 4787 3027 4857 petiisse
3052 4785 3364 4855 superbam,

1987 4881 2191 4952 Optaus
2221 4896 2342 4935 cum
2380 4878 2541 4934 Petro
2577 4878 2747 4933 Paulo
2772 4877 3086 4948 pariterque
3118 4875 3411 4944 magistro,

1986 4973 2213 5028 Nomine
2240 4987 2338 5042 pro
2365 4969 2570 5026 Christi
2597 4985 2656 5024 se
2689 4986 2812 5025 mox
2841 4968 3154 5038 impendere
3181 4965 3368 5020 morti.

1984 5065 2224 5120 Palmam
2255 5063 2499 5133 martyrii
2533 5063 2626 5119 sed
2658 5069 3007 5132 sumpserunt
3034 5058 3185 5129 prius
3214 5054 3289 5108 illi

1989 5155 2162 5224 Quam
2191 5163 2379 5223 portas
2407 5154 2595 5211 Romae
2628 5154 2858 5209 veniens
2886 5150 3186 5204 intraverat
3216 5145 3358 5215 ipse,

1989 5247 2399 5319 Discipulusque
2428 5246 2600 5311 Petri,
2626 5244 2902 5303 Clemens.
2933 5235 3264 5298 venerabilis
3284 5235 3458 5301 orbi
3479 5293 3516 5322 ι

1991 5339 2146 5397 Sedis
2171 5338 2479 5411 apostolicm
2509 5338 2724 5397 culmen
2758 5336 2900 5394 rexit
2933 5336 3069 5391 satis
3095 5338 3235 5402 apte.

1985 5432 2088 5503 Qui
2117 5447 2243 5487 nam
2278 5431 2594 5504 pontificem
2618 5432 2709 5502 pie
2737 5426 2982 5497 suscepit
3010 5424 3342 5484 venientem,

2823 5521 3031 5548 --|AI-...n
3064 5531 3278 5548 ...κη-που

2201 5541 2422 5548 --⁴.--Α
2473 5545 2483 5548 -
2521 5541 2787 5548 .___.‘-___-
