4482 5548
857 421 996 477 1119

856 535 990 590 Cum
1017 534 1128 604 jam
1161 535 1397 590 caalestis
1426 536 1599 607 pietas
1626 539 1910 620 mitissima
1947 541 2108 611 Regis

858 628 1103 685 Eternze
1131 630 1266 685 lucis
1293 631 1445 685 radio
1477 632 1733 686 voluisset
1762 633 1944 702 opimo

857 719 1116 774 Errorum
1146 720 1394 775 tenebras
1429 731 1667 776 veterum
1695 721 1999 778 discindere
2027 725 2230 795 nigras,

858 809 1024 876 Queis
1056 820 1178 864 tunc
1208 811 1448 866 occidua:
1479 822 1661 881 partes
1690 810 1901 867 luerant
1927 813 2067 868 male
2101 816 2314 881 cinctae,

856 898 1022 967 Papa.
1057 900 1203 968 prior
1237 901 1472 956 monitus
1503 901 1684 957 divino
1712 902 1972 969 Flamine,
2003 916 2246 972 sanctus,

857 987 1106 1046 Pontilici
1141 993 1318 1047 verbis
1347 993 1508 1064 digno
1537 995 1796 1050 suadebat
1819 997 2009 1053 amicis

859 1079 1076 1135 Semina
1108 1082 1271 1137 divini
1303 1099 1399 1153 per
1427 1095 1617 1156 gentes
1645 1101 1899 1158 spargere
1929 1090 2099 1144 verbi.

857 1171 960 1228 En.
990 1173 1086 1238 ait,
1111 1189 1145 1229 o
1175 1175 1327 1230 miles
1364 1175 1590 1242 Christi,
1623 1178 1793 1234 frater
1822 1180 2060 1252 Dionysi,

859 1262 1046 1336 Magna
1076 1281 1229 1338 seges
1255 1269 1468 1324 Domini
1497 1272 1694 1327 crescit
1722 1288 1818 1342 per
1844 1272 2063 1328 climata
2093 1274 2297 1340 mundi,

860 1354 1115 1412 Prtebens
1146 1359 1461 1416 innumeras
1491 1372 1717 1418 matura:
1746 1365 1938 1419 messis
1965 1365 2184 1432 aristas,

857 1447 1126 1504 lnstantes
1157 1453 1318 1507 messi
1346 1455 1439 1509 sed
1472 1465 1724 1511 constant
1755 1457 1950 1526 oppido
1977 1459 2157 1528 pauci.

859 1535 998 1594 Hinc
1030 1550 1106 1606 tu,
1132 1557 1412 1599 sacrorum
1447 1545 1658 1602 bibulus
1689 1547 1779 1617 qui
1809 1551 1956 1602 lonte
1981 1547 2242 1603 librorum

858 1631 1150 1699 Constans,
1183 1635 1349 1690 divini
1379 1637 1578 1691 sciolus
1608 1653 1771 1707 quam
1801 1640 2036 1694 maxime
2069 1638 2268 1704 cultus,

859 1720 1121 1792 Exemplo
1149 1723 1320 1789 Pauli,
1355 1741 1582 1782 securus
1615 1743 1800 1799 perge,
1831 1730 2073 1800 magistri

858 1815 1092 1886 ltnpi-rio
1122 1819 1345 1887 populos
1373 1818 1572 1874 Christi
1612 1821 1939 1892 subjungere
1971 1822 2184 1876 multos.

857 1907 924 1961 Et
957 1907 1049 1961 tibi
1077 1908 1238 1962 credo
1265 1918 1586 1978 potestatem
1619 1912 1841 1968 ditionis
1869 1915 2114 1969 eamdem

860 1998 1032 2062 Quam
1065 1996 1342 2052 Christum
1378 1998 1539 2055 Petro
1570 2002 1774 2057 scimus
1807 2003 2094 2058 tradidisse
2127 2001 2409 2074 magistro,

859 2089 942 2154 Et,
971 2107 1130 2160 quam
1162 2094 1374 2164 suscepi
1407 2108 1692 2148 successor
1715 2092 1836 2161 jure
1865 2095 2124 2164 magistri.

855 2181 1158 2238 Conversos
1189 2185 1274 2254 pie
1302 2185 1562 2250 solvendi,
1593 2194 1886 2255 sontesque
1921 2186 2138 2257 ligandi.

855 2272 1056 2343 Accipe
1084 2291 1225 2330 nunc
1252 2275 1455 2341 Gallos,
1497 2277 1589 2331 tibi
1626 2293 1711 2332 me
1736 2279 2003 2343 tradente,
2036 2279 2324 2343 docendos,

857 2367 1237 2437 Doctriuzeque
1271 2370 1344 2424 tui
1374 2370 1618 2441 signetur
1646 2370 1820 2425 Gallia
1853 2369 2003 2436 forti,

857 2456 976 2524 Quo
1004 2459 1087 2512 vir
1116 2460 1447 2529 apostolicus
1478 2461 1636 2532 digna
1669 2461 1964 2517 celebreris
1992 2462 2230 2516 alumna.

857 2548 967 2604 Nec
993 2565 1218 2607 vereare
1241 2553 1459 2622 quidem
1491 2564 1683 2623 gentes
1713 2555 1920 2610 intrare
1952 2555 2201 2620 rebelles,

863 2640 994 2708 Quae
1024 2651 1232 2699 restant
1261 2659 1411 2711 vero,
1440 2644 1754 2701 frendentes
1783 2660 1934 2701 more
1963 2647 2158 2711 ferino,

859 2733 991 2800 Sed,
1020 2735 1114 2790 tibi
1147 2735 1415 2792 mercedis
1449 2745 1682 2803 tantum,
1717 2737 1948 2803 co.iftde,
1985 2739 2260 2809 perennis,

856 2826 914 2880 lu
947 2825 1120 2882 Patris
1149 2827 1412 2898 astrigera
1447 2829 1643 2884 summi
1675 2831 1946 2884 servarier
1972 2831 2113 2893 aula,

857 2918 1129 2985 Quantum
1163 2935 1259 2989 pro
1288 2917 1506 2975 Christo
1533 2920 1719 2974 tuleris
1748 2922 2002 2988 patiendo
2028 2921 2250 2977 doloris.

859 3009 955 3066 His
979 3026 1132 3080 papa!
1172 3009 1388 3065 blandis
1412 3010 1607 3080 prtesul
1641 3012 1876 3065 monitus
1899 3011 2157 3075 suadelis,

861 3101 1112 3156 Oceitluze
1145 3102 1279 3156 lines
1308 3103 1479 3171 partis
1509 3101 1741 3157 festinus
1776 3102 1966 3166 adivit,

860 3191 1129 3248 Moenibus
1147 3193 1504 3264 atquePatris
1531 3208 1776 3265 gressum
1809 3209 1932 3250 mox
1963 3194 2142 3249 intulit
2173 3196 2343 3261 urbis,

863 3285 921 3340 lu
951 3301 1054 3355 qua
1087 3287 1278 3341 crebro
1308 3285 1411 3341 loci
1443 3301 1542 3356 pro
1572 3285 1851 3341 fertilitate
1882 3286 2084 3351 decori,

860 3382 1137 3438 Gallorum
1167 3399 1424 3455 proceres
1453 3393 1790 3438 concurrunt
1819 3383 2016 3452 saepius
2043 3397 2250 3438 omnes.

861 3475 962 3532 Hic
987 3476 1076 3531 ubi
1104 3476 1269 3532 divini
1305 3477 1469 3548 coepit
1499 3492 1653 3532 sacra
1684 3475 1892 3531 semina
1921 3476 2068 3530 verbi

864 3565 1150 3637 Spargere,
1183 3567 1460 3638 signorum
1492 3583 1615 3630 mox
1647 3581 1904 3622 exercere
1933 3581 2028 3635 per
2056 3566 2205 3621 illum

862 3659 1110 3716 Christus
1141 3661 1369 3717 virtutes
1399 3661 1728 3732 dignabatur
1757 3660 1844 3729 pie
1880 3659 2081 3728 plures,

867 3751 1030 3824 158
1060 3751 1178 3819 Quo
1209 3761 1357 3807 tanto
1383 3752 1555 3823 plebis
1587 3750 1903 3806 mollescere
1931 3751 2097 3806 corda
2127 3749 2344 3804 rebellis

861 3842 945 3897 Ad
974 3843 1185 3898 veniam
1212 3853 1455 3913 possent.
1482 3851 1686 3913 quanto
1718 3843 1910 3898 crebro
1941 3843 2095 3912 signa
2126 3842 2392 3896 viderent.

862 3935 962 3989 Ast
999 3935 1088 3989 ubi
1117 3934 1388 3990 credentis
1420 3951 1679 3991 numerus
1710 3934 1889 4006 populi
1923 3937 2095 4005 magis
2135 3945 2345 4001 auctus,

862 4025 1166 4096 lnspirante
1197 4027 1314 4083 dies
1339 4027 1557 4082 Christo
1588 4028 1850 4082 crevisset
1881 4028 1934 4081 in
1961 4042 2172 4095 omnes,

860 4115 1148 4172 lnlâ€™remuit
1179 4135 1340 4189 super
1371 4119 1474 4174 hoc
1506 4120 1707 4174 veteris
1736 4119 1882 4174 fraus
1917 4135 2055 4174 saeva
2085 4121 2364 4187 draconis,

867 4210 1171 4280 Dedignans
1194 4212 1404 4266 animas
1433 4226 1551 4267 sese
1576 4211 1686 4281 jam
1722 4213 1946 4281 perdere
1972 4220 2167 4275 tantas,

862 4299 1009 4365 Quas
1038 4299 1190 4371 prius
1217 4316 1464 4355 errorum
1496 4300 1704 4369 laqueis
1734 4301 1983 4370 capiebat
2016 4301 2240 4365 amaris,

861 4389 999 4446 Hinc
1026 4401 1180 4462 pater
1209 4391 1324 4462 ipse
1350 4390 1483 4455 doli,
1514 4391 1736 4446 sceleris
1764 4391 2061 4460 doctorque
2091 4392 2331 4460 maligni,

858 4481 1126 4538 Provocat
1158 4479 1418 4552 injustum
1448 4495 1628 4552 regem
1665 4495 1811 4545 mox,
1839 4481 2221 4545 Domitianum,

857 4579 1201 4636 Christicolis
1228 4580 1402 4635 edicta
1435 4579 1584 4634 necis
1615 4580 1824 4634 dictare
1849 4578 2069 4633 ferocis.

857 4672 984 4740 Qui.
1011 4673 1226 4728 decreta
1251 4686 1348 4742 per
1380 4687 1538 4726 omne
1566 4687 1720 4726 suum
1756 4671 1975 4726 mittens
2006 4671 2144 4725 mala
2170 4664 2416 4741 regnftm,

856 4762 1056 4818 Christi
1085 4761 1322 4816 cultores
1353 4763 1514 4817 morti
1546 4761 1859 4816 damnarier
1888 4776 2080 4816 omnes

856 4857 1022 4928 Cujus
1048 4864 1318 4927 prmcepto
1349 4855 1618 4910 Sisinnins
1643 4868 1770 4925 ergo
1804 4853 2056 4920 nefando,

857 4952 1088 5016 Praescs,
1118 4965 1444 5006 consensum
1472 4950 1721 5019 pra-hens
1756 4948 2028 5018 extemplo
2061 4947 2377 5020 malignum,

857 5043 1174 5098 Pontificem
1207 5042 1526 5112 prazsentari
1554 5042 1817 5103 vinctum,
1841 5039 2016 5108 jubet,
2050 5039 2148 5104 illi,

856 5141 1025 5204 Quem
1061 5135 1173 5190 fore
1206 5134 1482 5190 Gallorum
1513 5134 1766 5206 cognovit
1797 5133 1898 5187 rite
1927 5134 2270 5203 magistrum,

857 5232 930 5284 Ac
963 5228 1197 5298 primum
1229 5225 1413 5296 ï¬‚agris
1443 5234 1737 5280 mactatum
1768 5225 2001 5293 denique
2029 5223 2200 5287 duris,
2269 5215 2277 5221 â€™

856 5323 968 5377 Nec
998 5337 1102 5377 non
1136 5318 1416 5379 suppliciis
1442 5315 1691 5372 aï¬‚â€˜eclum
1723 5316 1916 5371 crebro
1943 5314 2206 5378 cruentis,

1722 423 2188 482 HROTSUITHE
2227 424 2548 484 MONIALIS
2586 425 3276 483 GANDERSHEIMENSIS

3690 385 3722 392 ÏƒÎ¿Î¹

3986 424 4125 479 â€œâ€˜20

2467 544 2518 602 Î‘
2545 541 2621 594 Ac
2651 540 2890 596 celebrat
2921 556 3089 596 sacra:
3120 539 3279 594 solito
3298 536 3555 592 solemnia
3583 537 3779 592 missa.

2543 633 2662 698 Ast,
2696 633 2784 686 ubi
2815 633 3090 686 caelestem
3122 631 3351 686 debebat
3388 629 3635 700 frangere
3663 643 3876 698 panem,

2543 724 2656 778 Lux
2692 739 2826 778 nova
2866 722 3113 778 tristiï¬co
3139 721 3316 776 subito
3347 720 3584 792 fulgebat
3613 721 3666 775 in
3695 732 3872 786 antro,

2543 815 2601 871 In
2631 831 2735 886 qua
2763 816 2986 872 sidereae
3018 815 3291 886 Regnator
3327 814 3638 884 splendidus
3667 814 3801 868 aulze

2546 908 2782 973 Scilicet,
2815 908 3054 979 angelica
3083 907 3287 978 pariter
3315 907 3607 963 comitante
3633 919 3872 973 caterva,

2544 1001 2848 1072 Apparens,
2879 1002 3104 1057 charum
3136 1001 3518 1057 consolabatur
3540 1002 3839 1067 alumnum,

2545 1093 2854 1164 Sanctaque
2885 1096 3018 1150 dans
3044 1093 3142 1161 illi,
3171 1094 3444 1149 mulcebat
3471 1093 3672 1150 famine
3700 1095 3791 1148 tali
3825 1111 3837 1148 :

2543 1188 2760 1258 Accipe,
2791 1189 2957 1244 chare
2984 1204 3155 1253 meus,
3191 1189 3294 1243 mis
3317 1187 3430 1257 jam
3462 1188 3775 1244 venerabile
3804 1202 4024 1259 corpus,

2546 1279 2709 1350 Cujus
2741 1281 3058 1352 mysterium
3091 1279 3184 1335 tibi
3219 1295 3345 1335 mox
3370 1279 3649 1350 complebo
3677 1288 3963 1335 secretum.

2547 1371 2790 1444 Namque
2823 1373 2895 1427 tui
2932 1387 3140 1428 merces
3171 1387 3383 1428 mecum
3416 1379 3596 1426 manet
3620 1371 3818 1442 Optima
3847 1385 4058 1442 perpes,

2549 1460 2754 1532 Hisque
2780 1461 2924 1517 salus
2952 1477 3161 1517 summa
3189 1460 3367 1516 Patris
3397 1469 3685 1532 praestatur
3711 1461 3763 1514 in
3801 1460 3949 1524 aula,

2547 1553 2868 1608 Consentire
2899 1537 3007 1607 tuis
3036 1552 3124 1622 qui
3153 1553 3284 1607 dant
3308 1567 3526 1623 operam
3559 1552 3646 1622 pie
3675 1550 3862 1620 jussis,

2555 1645 2714 1716 159
2739 1647 2896 1700 Certa
2923 1655 3236 1701 constanter
3261 1660 3524 1714 servaque
3549 1643 3707 1698 fidem
3741 1645 4031 1714 patienter,

2550 1737 2667 1803 Quo
2699 1746 2947 1792 crescant
2969 1736 3201 1792 celebris
3233 1736 3326 1790 tibi
3349 1735 3462 1804 jam
3497 1736 3766 1804 praeconia
3797 1735 3987 1795 laudis,

2551 1827 2636 1893 Et,
2672 1829 3031 1897 quodcunque
3065 1826 3237 1881 sacris
3272 1842 3300 1879 a
3333 1841 3419 1880 me
3445 1825 3698 1896 precibus
3729 1825 4011 1893 rogitabis,

2477 1897 2526 1956 Î’
2555 1919 2847 1989 lmpetrare
2878 1919 2980 1973 mei
3015 1918 3218 1987 poteris
3247 1918 3387 1972 dono
3418 1918 3656 1987 pietatis.

2553 2010 2668 2063 Tali
2699 2010 2906 2064 laetatus
2933 2009 3088 2063 fortis
3118 2008 3399 2074 solamine,
3436 2009 3608 2072 testis,

2552 2098 2707 2154 Nulla
2737 2100 2887 2153 timet
2918 2108 3187 2153 tormenta
3215 2099 3325 2168 pati
3357 2113 3456 2168 pro
3485 2098 3703 2152 nomine
3731 2095 3955 2152 Christi.

2552 2194 2682 2248 lâ€™ost
2715 2195 2828 2248 hcce
2860 2191 3120 2247 abstracti
3157 2200 3322 2246 testes
3352 2192 3416 2245 de
3443 2205 3662 2245 carcere
3691 2190 3848 2253 terni,

2553 2285 2828 2353 Prarcepto
2855 2298 2978 2337 mox
3014 2281 3254 2351 praefecti
3282 2289 3508 2352 cogente
3534 2279 3777 2350 superbi,

2553 2376 2634 2428 An
2670 2372 2867 2428 vellent
2897 2371 3067 2435 duris,
3108 2371 3433 2441 rogitantur,
3465 2370 3658 2424 cedere
3684 2367 3891 2438 ptenis?

2554 2465 2656 2532 Qui
2685 2465 2822 2520 bene
2849 2463 3168 2524 concordes,
3200 2461 3344 2515 clara
3371 2476 3585 2531 quoque
3612 2476 3741 2515 voce
3773 2461 4029 2526 fatentes,

2555 2555 2766 2609 Patrem
2799 2569 2920 2608 cum
2953 2550 3107 2616 Nato,
3137 2567 3237 2606 nec
3266 2567 3369 2606 non
3403 2567 3522 2605 cum
3555 2549 3800 2606 Flamine
3828 2566 4002 2613 sacro,

2560 2648 2688 2701 Esse
2723 2647 2888 2700 Deum
2921 2660 3129 2710 verum,
3162 2643 3444 2713 solumque
3473 2643 3788 2713 perenniter
3815 2656 4001 2704 unum,

2556 2736 2869 2799 Tcstantur,
2901 2751 3022 2790 mox
3053 2733 3209 2788 malle
3243 2734 3375 2788 mori
3405 2747 3501 2803 pro
3535 2732 3751 2787 nomine
3777 2729 4003 2792 Christi,

2558 2828 2897 2882 Membratim
2929 2841 3144 2896 quoque
3177 2825 3454 2896 suppliciis
3484 2824 3654 2879 scindi
3684 2822 3956 2885 redivivis,

2559 2921 2729 2988 Quam
2758 2937 2852 2976 sua
2884 2921 3016 2975 colla
3045 2919 3149 2974 diis
3175 2934 3411 2989 unquam
3445 2917 3760 2972 submittere
3793 2913 3960 2967 falsis.

2560 3013 2672 3068 llac
2700 3013 2869 3084 magis
2894 3011 3129 3067 offensus
3158 3026 3361 3080 prmses
3390 3011 3600 3064 ratione
3629 3007 3907 3078 profanus,

2559 3107 2668 3161 Ceu
2697 3107 2800 3170 leo,
2835 3121 2939 3160 non
2974 3105 3181 3159 modica
3215 3105 3432 3174 rugiens
3460 3109 3792 3172 praeceperat
3818 3099 3921 3160 ira,

2559 3199 2788 3254 Athlctis
2822 3197 3023 3253 Christi
3054 3197 3297 3252 cervices
3325 3211 3450 3250 mox
3481 3193 3739 3256 resecari,

2564 3289 2629 3344 Et
2661 3289 2852 3360 gladiis
2883 3296 3109 3343 cunctos
3141 3287 3332 3356 perimi
3357 3285 3684 3354 baptismate
3711 3283 3870 3337 lotos.

2559 3382 2811 3437 Caedihus
2851 3380 3166 3442 innumeris,
3196 3377 3462 3447 ut-jussit,
3493 3391 3725 3446 namque
3754 3374 4007 3446 peractis,

2557 3470 2761 3526 Przesul
2790 3487 2912 3526 cum
2943 3470 3106 3525 sociis
3127 3471 3346 3540 junctus
3378 3468 3608 3522 trahitur
3636 3467 3955 3522 venerandis

2557 3564 2637 3618 Ad
2669 3563 2785 3617 lsca
2816 3563 3087 3633 martyrii,
3122 3563 3318 3616 damno
3351 3561 3584 3633 capitum
3613 3558 3924 3628 peragendi.

2559 3655 2660 3722 Qui
2691 3671 2812 3708 nam
2843 3655 3161 3725 gaudentes,
3197 3652 3425 3706 Domino
3453 3632 3742 3720 laudesque
3771 3657 3969 3703 canent

2558 3746 2861 3816 Pergebant
2889 3744 3121 3814 prompti
3153 3751 3322 3798 semet
3352 3757 3475 3797 mox
3508 3741 3701 3796 dedere
3731 3741 3912 3796 morti.

2559 3838 2761 3892 Prresnl
2795 3847 2919 3891 tunc
2947 3837 3118 3891 oculis
3148 3850 3364 3890 sursum
3396 3834 3750 3904 manibusque
3785 3831 4000 3891 levatis.

2558 3930 2897 3985 Alrithtrono
2930 3929 3065 3982 tales
3088 3927 3345 3982 fundebat
3376 3940 3610 3997 congrue
3638 3934 3840 3996 grates,

2558 4021 2626 4074 Mi
2663 4021 2789 4083 Dee,
2820 4022 2888 4074 mi
2922 4017 3141 4083 lâ€˜actor,
3176 4019 3245 4072 mi
3276 4017 3696 4072 clementissime
3721 4017 3942 4082 Rector,

2558 4113 2658 4179 Qui
2695 4127 2780 4165 me
2810 4111 2955 4164 vitali
2985 4119 3248 4179 prrestans
3275 4123 3406 4163 aura
3435 4109 3520 4176 pie
3543 4109 3710 4173 vesci,

2559 4202 2779 4256 Scilicet
2804 4201 3004 4270 ingenii
3034 4201 3246 4255 donasti
3279 4200 3397 4254 luce
3429 4197 3678 4268 profundi

2556 4293 2674 4358 Quo
2712 4292 2778 4346 tis
2804 4301 3074 4346 secretmn
3107 4299 3385 4345 serutarer
3414 4291 3819 4361 mysteriorum.

2559 4383 2632 4438 Te
2662 4384 2833 4437 solum
2868 4383 3049 4447 laudo,
3085 4391 3136 4436 te
3165 4383 3492 4437 cordetenus
3519 4381 3801 4446 benedico,

2559 4478 2622 4532 Et
2657 4477 2750 4531 tibi
2779 4477 3001 4530 devotas
3029 4477 3236 4530 cunctis
3267 4485 3448 4546 grates
3475 4489 3576 4547 ago
3604 4473 3881 4539 membris,

2558 4569 2663 4623 Pro
2690 4569 2900 4623 cunctis
2932 4568 3088 4622 donis
3116 4567 3244 4620 mihi
3277 4566 3485 4621 collata:
3511 4565 3749 4638 pietatis,

2561 4663 2743 4732 Teque
2778 4676 2987 4732 precor,
3024 4659 3325 4730 majestatis
3351 4658 3462 4713 Rex
3494 4673 3685 4729 magne
3713 4657 3964 4728 perennis

2563 4755 2626 4810 Ut
2661 4755 2789 4809 dare
2817 4761 3132 4823 perpetuam
3163 4751 3408 4806 mihimet
3434 4750 3654 4819 dignere
3680 4764 3964 4813 coronam,

2557 4850 2733 4916 Atque
2763 4847 2898 4900 meis
2925 4847 3110 4908 sociis,
3140 4859 3238 4914 pro
3272 4852 3320 4897 te
3347 4858 3488 4897 nunc
3514 4841 3628 4910 jam
3661 4841 3959 4901 morituris,

2562 4939 2720 5010 160
2746 4933 2933 5006 Tuque
2967 4947 3114 4990 tuum
3147 4935 3405 5004 populum
3439 4946 3594 4987 serva
3627 4932 3827 5000 pietate
3855 4939 4115 5000 paterna,-

2557 5034 2724 5100 Quem
2757 5046 2980 5102 pascens
3014 5029 3134 5084 fidei
3171 5029 3377 5082 tibimet
3403 5040 3654 5080 sermone
3681 5025 3909 5078 nutrivi.

2563 5126 2659 5180 llis
2694 5127 2765 5178 ita
2801 5123 3075 5194 poscentis
3103 5121 3353 5191 precibus
3375 5117 3487 5188 jam
3524 5118 3626 5172 rite
3656 5117 3912 5186 peractis,

2562 5214 2679 5271 Una
2711 5211 2957 5281 discipuli
2986 5219 3175 5264 saneto
3204 5223 3326 5262 cum
3356 5207 3584 5278 praesule
3616 5207 3742 5268 bini,

2562 5303 2858 5374 Poplitibus
2887 5300 3095 5370 positis,
3126 5298 3429 5352 cervicibus
3454 5307 3614 5367 atque
3648 5294 3873 5363 reflexisï¬‚
