4482 5548
257 376 263 382 ί
352 356 490 426 1m
1379 356 1697 415 tnsroma
1738 357 2089 418 PASSIONIS
2127 361 2185 414 s.
2217 359 2529 416 acuens.
3451 358 3589 413 me

357 483 551 549 Atque,
575 486 730 545 caput
752 474 989 530 brachiis
1011 473 1523 544 portansproprium
1546 474 1680 528 bene
1702 474 1890 541 firmis,
1952 480 2002 537 Α
2027 476 2331 531 Adveniunt
2358 477 2483 539 laeti,
2519 475 2775 531 membris
2802 476 3024 531 redeunt
3054 474 3344 530 renovatis.

359 568 644 624 Descendit
670 576 818 619 recto
838 579 1030 635 gressu
1059 563 1124 616 de
1152 571 1330 615 monle
1355 559 1639 630 Ρτοίυηάο.
2026 568 2125 623 Hic
2150 584 2361 639 quoque
2391 585 2496 623 non
2524 584 2645 623 raro
2675 570 2881 622 IIICBSIIS
2908 568 3169 622 solamina
3199 576 3375 635 grata,

357 660 411 713 lu
445 673 551 728 quo
579 655 897 726 martyrium
924 653 1319 708 consummavit
1344 652 1655 720 pretiosum,
2026 660 2093 713 Ει
2122 675 2316 715 munus
2340 661 2507 715 venia;
2541 660 2824 716 scelerosis
2851 658 3021 713 fertur
3045 659 3112 713 ab
3143 673 3289 720 arce,

356 749 789 813 Trausiliensque
812 746 911 801 via:
936 745 1097 801 citius
1126 746 1228 799 duo
1260 744 1425 798 millia
1457 744 1624 808 dum,
2025 750 2121 805 llis

2025 750 2142 814 llis,
2172 751 2260 819 qui
2291 766 2444 805 sacra
2474 765 2688 821 precum
2723 748 3051 819 profundunt
3078 756 3199 802 vota
3227 761 3443 802 suarum

354 841 513 896 Venit
547 839 786 908 adusque
813 838 985 891 locum
1018 836 1281 890 Servando
1307 849 1531 904 corpore
1560 835 1797 905 dignum.
2025 841 2275 911 Martyris
2300 841 2367 895 ad
2402 840 2684 906 tumulum,
2716 841 2989 911 proprium
3018 836 3261 893 deﬂendo
3289 847 3515 895 reatum.

354 933 525 997 Quem
554 929 989 991 descendentem,
1020 941 1290 995 cursuque
1319 926 1426 979 cito
1454 925 1788 995 gradientem
2024 929 2187 998 cujus
2217 931 2474 986 οοιιιίηυο
2508 946 2608 985 nos
2636 929 2952 985 intercessio
2980 936 3165 983 sancta

353 1022 537 1078 thus
560 1020 785 1089 angelici
808 1022 1137 1075 comitantur
1168 1020 1285 1073 luce
1314 1034 1526 1084 serena,
2029 1024 2180 1095 161
2209 1022 2559 1078 Commendet
2584 1022 2821 1087 Christo,
2870 1020 3238 1087 scelerumque
3278 1018 3590 1087 veniamque

352 1114 579 1169 Alleluia
606 1112 715 1166 Deo
740 1121 1056 1167 resonantes
1082 1126 1213 1166 voce
1242 1126 1461 1167 sonora.
3206 1107 3516 1180 [precando,

352 1203 448 1258 His
474 1204 641 1273 signis
670 1201 847 1266 factis,
880 1202 1130 1256 convenit
1157 1202 1312 1256 turba
1340 1200 1536 1264 fidelis,
2024 1208 2301 1271 Obtineat,
2330 1206 2530 1261 nostris
2561 1206 2733 1275 ipsum
2762 1203 2847 1273 pie
2878 1216 3096 1272 parcere
3122 1200 3312 1270 culpis,

353 1296 604 1367 Martyris
628 1305 788 1365 atque
816 1295 936 1349 1000
961 1293 1270 1349 venerabile
1299 1308 1495 1363 corpus
1525 1293 1578 1347 ill
1612 1292 1749 1362 ἰρεο,
2025 1301 2092 1355 Et
2117 1309 2323 1371 partem
2355 1299 2509 1353 nobis
2537 1299 2658 1351 vita:
2685 1305 2942 1366 praestare
2969 1294 3240 1365 perennis,

352 1386 520 1453 Quem
552 1386 653 1440 Sibi
679 1385 929 1455 δίεηὲνίιο
967 1400 1090 1439 cum
1105 1376 1481 1454 Ῥοεῐέΐεεὸυε
1512 1383 1795 1451 requievit.
2023 1392 2142 1459 Quo
2170 1406 2473 1445 mereamur
2500 1406 2622 1445 cum
2654 1388 2758 1442 laeti
2788 1386 3006 1440 laudare
3034 1400 3129 1456 per
3157 1398 3351 1447 aevum,

352 1476 661 1546 Impositum
695 1476 897 1531 tumulo
926 1484 1251 1531 venerantur
1280 1476 1487 1531 honore
1517 1489 1790 1545 supremo.
2023 1480 2125 1548 Qui
2158 1489 2277 1551 post
2304 1480 2438 1534 dura
2467 1479 2579 1534 suis
2608 1492 2824 1548 semper
2856 1476 3154 1531 certamina
3185 1476 3386 1529 sanctis

351 1567 645 1639 Exsequias
675 1568 806 1622 tanti
832 1567 977 1623 luctu
1009 1566 1328 1623 celebrando
1358 1568 1591 1638 patroni.
2024 1572 2350 1642 Martyribus
2378 1570 2606 1640 duplicis
2635 1569 2882 1624 bravium
2912 1567 3191 1637 praestabit
3217 1565 3459 1628 honoris,

352 1658 461 1715 Illic
484 1674 582 1729 pro
612 1659 822 1714 meritis
850 1659 967 1729 ejus
990 1657 1147 1714 Iesus
1177 1659 1495 1713 venerandis
2024 1662 2115 1729 Ut,
2146 1664 2271 1717 dum
2301 1663 2635 1733 congaudent
2664 1661 2857 1714 anima:
2886 1674 3046 1729 super
3073 1658 3276 1713 aethera
3308 1665 3530 1723 sancta,

351 1750 596 1806 Christus
620 1751 847 1806 virtutes
877 1751 1004 1806 fecit
1033 1752 1336 1807 clarescere
1364 1752 1553 1823 signis.
2024 1752 2141 1809 Non
2171 1754 2348 1806 minus
2376 1752 2429 1805 in
2463 1750 2666 1806 tumulo
2697 1750 2945 1804 hetentur
2972 1758 3182 1803 mortua
3212 1748 3477 1811 membra,

351 1839 484 1894 Nam
511 1842 655 1894 visus
679 1841 859 1907 caecis,
888 1841 1081 1911 lingua:
1104 1858 1282 1896 sermo
1312 1856 1523 1911 quoque
1551 1841 1734 1907 mutis,
1942 1832 1993 1894 Β
2026 1844 2315 1915 Signorum
2348 1840 2518 1896 titulis
2546 1840 2740 1896 crebro
2770 1840 3066 1912 gloriﬁcata
3095 1839 3351 1893 coruscis.

351 1931 580 1985 Auditus
607 1931 807 1996 surdis,
837 1931 1040 1986 solidus
1065 1947 1387 2001 gressusque
1414 1932 1686 2002 podagris,
1992 1999 2004 2009 .
2027 1933 2128 2003 Ipsi
2160 1946 2367 1987 summa
2398 1930 2565 1995 salus,
2594 1945 2786 2001 perpes
2814 1930 3064 1993 victoria,
3097 1928 3289 1992 virtus,
3378 1927 3591 1997 Bevum.

352 2020 511 2075 Teste
537 2030 790 2090 precante
817 2036 992 2087 sacro,
1022 2023 1275 2089 donatur,
1302 2023 1548 2078 crebrius
1572 2022 1685 2089 illo,
2028 2022 2192 2091 Laus,
2243 2023 2435 2087 honor,
2486 2021 2791 2091 imperium,
2844 2034 3059 2091 semper
3097 2019 3260 2074 decus
3298 2031 3459 2073 omne
3501 2032 3597 2088 per

351 2112 420 2167 Et
445 2113 610 2169 variis
639 2114 766 2183 aegri
795 2115 997 2169 morbis
1032 2116 1121 2184 qui
1154 2114 1438 2181 debilitati,

367 2294 3592 2319 Μ

1637 2464 2313 2583 HISTORIA

358 2694 966 2793 PASSIONIS
1005 2702 1485 2795 SANCTJE
1526 2702 2034 2797 AGNETIS
2104 2706 2653 2799 VIRGINIS
2722 2707 2871 2799 ΕΤ
2941 2704 3581 2797 MARTYRIS.

1583 3040 2332 3119 ARGUMENTUM.

418 3212 603 3293 Agnes,
656 3210 829 3293 Puella
866 3208 1145 3293 "omnum.
1170 3209 1558 3293 [rule/tritutli'n‘e
1599 3212 1813 3293 eximia,
1858 3222 1905 3266 et
1939 3212 2260 3293 Christinua,
2308 3214 2363 3265 in
2407 3212 2560 3282 cujus
2604 3228 2833 3291 amorem
2864 3211 3006 3279 ﬁlius
3042 3208 3596 3293 Sempronii'c'omitis,

352 3278 504 3336 Urbis
533 3278 789 3351 praefecti,
820 3280 1018 3349 perdite
1046 3280 1248 3343 incidit,
1288 3283 1454 3351 primo
1486 3282 1631 3335 illam
1668 3282 1831 3335 verbis
1861 3293 1909 3337 et
1942 3283 2242 3337 muneribus
2278 3278 2505 3347 tentans,
2538 3292 2593 3335 ut
2620 3284 2784 3336 amori
2814 3278 2907 3335 suo
2940 3278 3286 3351 responderet.
3310 3278 3439 3351 gllla
3468 3294 3597 3351 eon-

347 3348 548 3405 stanter
574 3348 837 3405 Christum
867 3348 1293 3421 sponsuutsuunt
1322 3350 1606 3421 afﬁrmans,
1661 3354 1744 3404 cui
1785 3353 1905 3421 jugi
1950 3355 2188 3407 castitate
2235 3370 2288 3407 se
2335 3354 2644 3416 dedicasset,
2694 3355 2903 3405 laudent
2947 3348 3218 3404 ab'eodem
3252 3350 3318 3401 ml
3351 3348 3599 3421 templum

356 3421 545 3492 Vestra.
598 3422 655 3473 in
699 3421 1069 3492 quogcirgines
1104 3417 1328 3492 Vestales
1357 3417 1469 3473 dea:
1500 3420 1684 3492 Vestte,
1731 3417 1827 3474 hoc
1856 3417 1931 3476 est
1962 3433 2154 3476 artemo
2185 3423 2313 3492 igni,
2345 3424 2655 3485 serviebant,
2689 3423 2936 3485 trahitur,
2986 3432 3040 3473 ut
3085 3421 3212 3492 huic
3251 3418 3594 3492 sacriﬁcaret.

353 3491 505 3557 Quod
536 3506 652 3542 cum
684 3486 956 3561 renuisset,
991 3490 1316 3561 auprazfecto,
1347 3507 1456 3561 prta
1486 3494 1565 3543 ira
1594 3491 1817 3559 furioso,
1850 3493 1904 3545 in
1932 3493 2183 3560 fornicem
2203 3486 2439 3561 'rapitur,
2484 3503 2537 3544 ut
2570 3502 2873 3544 cunctorum
2906 3502 3086 3559 stupro
3118 3500 3164 3543 et
3196 3488 3423 3561 [uilior-io
3452 3486 3598 3561 illam

347 3556 695 3630 prostitueret.
726 3558 967 3630 Cumque
994 3556 1137 3630 illaln
1163 3556 1379 3626 juvenes
1409 3556 1657 3627 furientes
1685 3556 2158 3630 congredi'vellent,
2184 3556 2303 3614 moi:
2330 3563 2579 3630 fornicem
2608 3561 2819 3615 insolita
2846 3563 2938 3613 lux
2963 3556 3108 3623 texit,
3134 3576 3249 3629 qua:
3279 3559 3375 3611 vim
3406 3556 3599 3630 inferre

348 3626 570 3683 volentes
601 3629 788 3701 virgini
819 3626 1035 3701 repulit.
1076 3626 1305 3701 Tandem
1338 3626 1455 3701 ipse
1476 3632 1679 3684 veniens
1715 3626 1948 3700 praefecti
1978 3631 2123 3699 ﬁlius
2151 3626 2474 3694 insolentior,
2514 3632 2759 3700 virginem
2791 3630 3113 3701 aggrediens,
3146 3626 3278 3701 inea:
3309 3642 3517 3701 pronus.
3545 3628 3600 3679 in

348 3710 542 3770 terram
572 3695 786 3770 cadens,
826 3695 1103 3770 exhalabat
1134 3695 1385 3770 animum.
1420 3698 1600 3764 Pater,
1632 3695 1847 3754 atterens
1877 3695 2093 3754 mortem
2122 3701 2219 3769 [itii
2255 3703 2501 3765 subitum,
2540 3695 2787 3770 virginem
2818 3695 3030 3770 magicis
3068 3698 3265 3752 artibus
3302 3695 3595 3770 insimulat.

360 3766 684 3840 Virgo-vero,
715 3769 783 3840 ad
818 3768 1211 3840 ostendendum,
1244 3767 1675 3840 Christivirtute,
1701 3787 1804 3823 uou
1836 3772 2051 3840 magicis
2081 3766 2300 3833 artibus,
2332 3773 2547 3839 facturn,
2574 3766 2635 3823 iii
2652 3770 2857 3823 laudem
2888 3766 2981 3822 Dei
3010 3780 3270 3840 mortuum
3300 3766 3596 3840 resuscitat.

356 3834 473 3909 Quo
502 3849 650 3905 pater
676 3838 807 3899 viso,
848 3838 1049 3909 dubitat
1082 3839 1301 3909 (μιξάρξ
1332 3838 1524 3907 virgine
1554 3834 1738 3907 faciat,
1778 3834 1943 3907 ﬁdem
1963 3837 2156 3893 Christi
2188 3834 2427 3909 suscipit.
2471 3840 2589 3905 Qua
2620 3858 2673 3909 re
2705 3842 2772 3893 ad
2802 3841 3096 3893 sacerdotes
3126 3838 3321 3909 delata,
3358 3834 3601 3909 sihiido-

348 3904 512 3979 lisque
540 3909 794 3970 timentes,
834 3904 1115 3958 tumultum
1148 3906 1304 3976 162
1329 3904 1672 3979 commovent,
1711 3904 1961 3978 virginem
1996 3910 2154 3962 morti
2190 3904 2341 3963 tradi
2371 3904 2567 3964 volunt.
2612 3907 2898 3979 Pra'fectus
2921 3909 3040 3979 jam
3081 3906 3275 3977 ﬁdelis,
3300 3904 3598 3979 _ne_ﬁdelem

348 3974 603 4049 damnare
630 3987 864 4049 cogatur,
894 3992 948 4028 se
974 3974 1255 4049 subtraliti,
1285 3975 1447 4049 alium
1477 3974 1885 4049 substituitL'qui
1917 3978 2064 4031 illam
2096 3982 2150 4032 in
2180 3980 2349 4049 ignem
2380 3979 2705 4048 conjiciebat.
2737 3974 3017 4043 'Flamt'ua,
3046 3974 3233 4046 corpus
3264 3976 3475 4049 virginis
3507 3974 3593 4049 [u-

346 4046 511 4115 giens,
550 4042 740 4118 multos
768 4056 998 4099 astantes
1029 4046 1314 4118 absumpsit
1344 4055 1393 4099 et
1422 4048 1692 4118 ambussit.
1747 4042 2003 4112 Tandem,
2051 4042 2247 4118 virgine
2292 4051 2348 4102 in
2388 4042 2607 4103 mortem
2640 4050 3009 4118 consentiente,
3055 4065 3085 4100 a
3130 4042 3375 4113 carniﬁce
3421 4042 3600 4115 gladio

347 4114 819 4183 transverberatur,
851 4130 1038 4184 corpus
1069 4114 1353 4185 sepultura:
1380 4132 1413 4169 α
1444 4117 1745 4172 oarentibus
1775 4119 2025 4185 traditur,
2057 4114 2270 4188 spiritus
2299 4120 2538 4190 virgineis
2567 4118 2739 4173 choris
2766 4134 2883 4173 cum
2907 4116 3117 4173 Christo
3146 4118 3398 4172 sociatur.

1426 4400 1886 4490 INCIPIT
1953 4395 2570 4489 HISTORIA.

417 4593 578 4663 Virgo
603 4607 742 4663 quae,
774 4605 939 4645 vanas
971 4588 1153 4644 mundi
1185 4602 1408 4659 pompas
1438 4587 1654 4652 ruituri,
1948 4592 1995 4656 ο
2024 4585 2190 4655 Cujus
2220 4600 2403 4640 amore
2435 4586 2651 4655 quidem
2681 4583 2952 4642 ferventes
2982 4600 3217 4659 congrue
3242 4586 3450 4658 pridem

344 4686 412 4742 Et
440 4685 595 4740 luxus
622 4682 828 4754 fragilis
854 4682 1077 4751 cupiens
1106 4691 1453 4735 contemnere
1483 4679 1687 4745 carnis,
2029 4678 2313 4749 Perplures
2339 4692 2507 4733 sacra:
2532 4677 2800 4733 constanti
2831 4678 2995 4733 corde
3022 4679 3228 4749 puellm,

348 4778 653 4833 Promeruit
681 4776 843 4847 Regis
872 4773 1096 4829 vocitari
1127 4787 1327 4841 sponsa
1358 4771 1634 4841 perennis,
2028 4770 2253 4841 Elegere
2285 4770 2445 4832 mori,
2473 4770 2630 4823 saevis
2656 4769 2939 4839 pinnisque
2970 4771 3177 4836 necari,

343 4870 474 4937 Qua:
502 4868 648 4931 velit,
681 4865 937 4936 angelica:
966 4882 1063 4936 pro
1094 4862 1419 4934 virginitatis
1448 4862 1675 4929 honore,
2029 4861 2200 4929 Quam
2230 4861 2395 4915 decus
2426 4861 2648 4929 insignis
2675 4875 3022 4931 corrumpere
3049 4862 3396 4933 virginitatis.

342 4959 517 5029 Ipsius
546 4956 808 5024 astrigera
842 4954 1036 5024 Sponsi
1070 4952 1306 5007 caelestis
1336 4953 1388 5005 in
1422 4951 1569 5016 aula,
2028 4951 2175 5007 Inter
2201 4966 2338 5021 quas
2368 4950 2567 5020 Agnes,
2599 4953 2798 5007 mundo
2824 4952 3176 5008 celeberrima
3207 4953 3382 5023 virgo,

342 5050 535 5105 Addita
569 5047 827 5104 caalicolis
859 5048 1024 5103 nitida
1055 5046 1263 5116 fulgere
1290 5058 1513 5109 corona,
2026 5039 2156 5097 Jure
2186 5041 2267 5095 sui
2299 5040 2501 5110 sponsi,
2534 5041 2798 5112 condigna
2832 5042 2989 5097 laude
3018 5043 3224 5109 decori,

342 5142 538 5211 Atque,
571 5154 802 5209 sequens
832 5139 1064 5210 Agnum,
1097 5151 1315 5193 carmen
1348 5144 1571 5192 cantare
1599 5149 1878 5200 sonorum,
2027 5137 2250 5200 Christi,
2280 5135 2600 5191 dissimilem
2632 5138 2842 5193 cunctis
2872 5138 3151 5197 recitando
3181 5142 3459 5207 decorem,

343 5231 640 5287 Conservet
670 5244 804 5300 pure
836 5230 1051 5285 sincero
1078 5229 1257 5283 cordis
1286 5241 1469 5281 amore
2027 5227 2339 5301 Virginibus
2372 5227 2543 5281 sacris
2578 5228 2697 5299 ejus
2725 5230 3071 5287 commendat
3100 5230 3307 5289 amoris

341 5322 567 5395 Signum
602 5320 907 5387 laudabilis,
938 5319 1082 5393 quod
1110 5328 1307 5388 portat,
1341 5318 1690 5388 virginitatis,
2027 5321 2248 5395 Pignus,
2278 5321 2391 5392 qui,
2421 5323 2639 5391 genitus
2671 5324 2734 5378 de
2765 5324 2971 5395 virgine
3002 5327 3175 5393 solus,

336 5418 578 5488 Quaque
608 5420 770 5483 caput
796 5412 1013 5469 Christo
1042 5410 1219 5480 signat
1247 5408 1517 5467 velamine
1546 5423 1729 5480 sacro,
2028 5415 2274 5487 Sponsus
2302 5423 2575 5469 castarmn
2607 5431 2708 5471 nec
2735 5432 2838 5471 non
2871 5416 3039 5472 decus
3071 5432 3155 5477 est
3184 5415 3529 5475 animarum.
