4482 5548
902 426 1039 484 “25
1731 428 2197 485 ΗΚΟΤΞΗΙΤΗΑΕ
2233 428 2555 485 MONIALIS
2588 429 3277 486 GANDERSIIEIMENSIS
3996 429 4136 485 υει

904 530 1059 611 163
1090 539 1287 610 Inclyta
1323 540 1572 593 nobilitas
1598 556 1733 609 quos
1760 541 1906 594 vexit
1933 548 1987 595 et
2016 538 2154 593 alma
2181 547 2437 608 potestas,
2494 545 2545 602 Α
2573 538 2719 596 Talis
2748 556 2978 610 namque
3010 557 3177 606 meus,
3205 556 3364 611 quem
3396 540 3579 611 diligo,
3607 550 3819 596 constat
3848 543 4075 608 amicus,

900 631 1064 687 Ortus
1092 640 1251 701 atque
1281 632 1361 684 sui
1395 631 1722 702 respondens
1749 632 2036 695 nobilitati,

899 720 1124 776 Pulchra
1159 718 1257 774 fuit
1285 718 1442 786 facie,
1474 720 1705 791 fideique
1733 721 1926 776 decora
1959 720 2157 782 nitore,

900 811 1189 883 Pmcipu-is
1222 811 1443 866 nimium
1477 812 1683 867 meritis
1714 812 2019 882 mundoque
2048 809 2297 866 celebris.

901 900 1049 970 Quae,
1072 900 1183 971 jam
1216 902 1379 957 tincta
1410 902 1545 958 sacri
1576 917 1708 973 pura
1736 901 2074 973 baptismatis
2102 901 2242 955 unda

899 996 962 1052 Et
994 990 1061 1051 ile
1092 996 1270 1052 delicti
1306 998 1530 1054 maculis
1560 999 1812 1054 mundata
1843 998 2072 1062 veterni,

899 1084 969 1142 Se
1002 1095 1167 1141 totam
1195 1084 1411 1143 Christo
1442 1087 1655 1142 devovit
1686 1096 1865 1143 mente
1893 1086 2148 1157 benigna,

897 1175 1103 1241 Nitens,
1134 1185 1345 1232 servata
1376 1177 1512 1232 bene
1540 1176 1848 1248 virginitate
1880 1176 2062 1242 beata,

898 1268 1165 1340 Spernere
1195 1268 1441 1325 carnales
1472 1268 1692 1325 affectus
1722 1269 1934 1325 fortiter
1960 1284 2171 1334 onmes,

896 1360 1111 1415 Caelibis
1140 1368 1193 1414 et
1222 1358 1347 1413 vita:
1373 1358 1563 1414 durum
1594 1358 1861 1415 luctamen
1892 1360 2048 1425 inire,

898 1449 1037 1518 Quo,
1066 1450 1260 1504 victrix
1291 1449 1462 1505 hostis
1490 1450 1848 1520 corruptelam
1880 1451 2177 1514 suadentis,

895 1536 1051 1609 .lungi
1083 1537 1342 1595 ctelicolis
1372 1540 1659 1594 meruisset
1691 1539 1741 1593 in
1773 1541 1975 1594 aethere
2004 1541 2228 1595 sanctis.

965 1628 1083 1693 Ast,
1116 1626 1203 1683 ubi
1233 1626 1401 1683 lustra
1430 1626 1551 1691 duo,
1585 1627 1745 1684 celeri
1779 1645 1937 1684 cursu
1971 1630 2235 1695 revoluta,

896 1719 1120 1789 Insuper
1146 1727 1200 1774 et
1230 1726 1413 1775 ternos
1440 1719 1614 1775 astatis
1641 1722 1855 1776 transiit
1884 1737 2077 1786 annos,

898 1809 1199 1881 Sempronii
1228 1810 1457 1875 comitis,
1487 1810 1727 1882 praefecti
1755 1812 1963 1867 scilicet
1991 1812 2153 1869 Urbis

900 1902 1086 1967 Filius,
1119 1901 1345 1973 insignis
1368 1901 1623 1972 juvenilis
1648 1911 1931 1957 stemmate
1958 1904 2124 1966 lloris,

895 1992 1042 2049 Illius
1071 1990 1257 2047 forma:
1288 1992 1452 2048 decus
1480 2000 1538 2046 ut
1568 1992 1700 2046 vidit
1730 1992 2009 2062 speciosae,

896 2084 1100 2141 All‘cctu
1132 2085 1299 2140 nimio
1328 2084 1508 2140 cordis
1536 2098 1827 2154 suspensus
1857 2085 1909 2138 in
1943 2084 2053 2149 illa,

898 2175 1048 2231 IIanc
1076 2176 1175 2230 sibi
1205 2189 1314 2245 pra:
1344 2174 1551 2230 cunctis
1584 2189 1744 2228 unam
1777 2174 1971 2245 delegit
1999 2175 2305 2241 amaudam,

899 2268 971 2325 Se
998 2268 1348 2332 fortunatum,
1382 2264 1631 2328 credens,
1660 2275 1713 2320 et
1746 2267 2043 2322 honoribus
2074 2276 2256 2337 aptum

898 2360 957 2417 Si
990 2366 1096 2415 tam
1128 2358 1477 2430 praepulcbra:
1508 2359 1785 2414 meruisset
1824 2360 2022 2414 habere
2052 2360 2241 2429 puellae

900 2450 1087 2505 Dulcia
1121 2466 1217 2522 per
1243 2450 1472 2521 propria:
1503 2460 1712 2519 tempus
1738 2450 2008 2504 consortia
2039 2451 2179 2503 vitae.

900 2541 1036 2598 Hine
1065 2542 1210 2596 illam
1242 2541 1392 2605 adiit,
1432 2540 1613 2596 multis
1644 2540 1930 2595 comitatus
1960 2540 2167 2603 amicis,

900 2633 1238 2703 Desponsare
1269 2631 1455 2686 volens
1487 2646 1740 2701 spoiisam
1773 2632 1973 2686 Christi
2010 2632 2390 2695 venerandam,

902 2722 1169 2794 Pluraque
1200 2723 1265 2777 de
1296 2722 1484 2792 patriis
1514 2732 1858 2791 comportatis
1890 2738 2115 2777 munera
2146 2722 2312 2792 gazis,

901 2812 1111 2869 Stultus
1144 2811 1403 2883 speravit,
1431 2812 1575 2883 quod
1606 2821 1918 2881 perpetrare
1949 2811 2211 2880 nequivit,

899 2901 1138 2972 Virginis
1168 2882 1223 2955 ut
1253 2882 1499 2955 stabilem
1530 2898 1685 2953 donis
1714 2912 2061 2966 corrumpere
2096 2904 2352 2960 mentem,

899 2993 1047 3049 Illius
1075 3002 1129 3048 et
1156 2993 1299 3064 turpi
1332 2990 1661 3061 conjungere
1690 2991 1859 3059 possit
1886 2988 2079 3042 amori.

902 3084 1009 3141 Sed
1034 3084 1232 3140 Christi
1260 3085 1431 3154 virgo,
1461 3097 1738 3152 spernens,
1774 3097 1870 3135 ceu
1899 3092 2160 3143 stercora,
2190 3078 2351 3141 dona,

900 3178 1113 3233 Pondus
1142 3187 1198 3231 et
1224 3175 1386 3231 oblati
1419 3175 1713 3245 dedignaris
1744 3173 1989 3242 protinus
2020 3172 2158 3234 auri,

2569 630 2761 697 Quem,
2792 632 2984 695 fateor,
3016 630 3187 685 solum
3219 646 3328 700 pra:
3360 633 3566 686 cunctis
3592 646 3713 686 esse.
3738 632 4041 687 colendum.

2567 720 2661 775 Ille
2690 721 2904 789 quidem
2939 721 3059 776 talis
3086 736 3171 775 me
3198 722 3546 792 desponsavit
3576 722 3775 775 amoris

2568 809 2818 880 Pignore,
2848 823 2947 865 ceu
2978 824 3249 881 sponsam,
3280 810 3425 865 clara
3456 811 3688 866 dotando
3716 824 3938 875 corona,

2567 903 2744 973 Atque
2776 917 2953 958 meum
2984 904 3209 974 gemmis
3237 903 3429 959 collum
3462 902 3630 958 cinxit
3657 902 3930 973 pretiosis,

2570 998 2805 1054 Auribus
2833 1007 2886 1053 et
2913 997 3315 1068 resplendentes
3340 998 3618 1066 suspendit
3648 997 3880 1060 inaures,

2569 1088 2823 1143 Pratbeus
2851 1097 3074 1144 ornatus
3100 1087 3235 1142 varii
3262 1087 3437 1142 claros
3465 1087 3594 1141 mibi
3624 1085 3819 1140 cultus.

2570 1179 2742 1250 Ipsius
2773 1189 2920 1235 certe
2948 1179 3173 1234 dulcedo
3200 1178 3353 1233 ﬂuxit
3384 1179 3451 1231 ab
3476 1193 3592 1243 ore,

2572 1270 2702 1338 Quae
2729 1285 2812 1324 me
2844 1270 3080 1336 lactavit,
3108 1270 3249 1326 dulci
3280 1279 3543 1340 pastuque
3571 1268 3789 1332 cibavit,

2573 1362 2679 1417 Ceu
2712 1370 2898 1415 nectar
2928 1360 3121 1425 mellis,
3153 1360 3334 1417 suavis
3361 1359 3442 1415 vel
3468 1359 3620 1429 copia
3652 1359 3825 1414 lactis.

2572 1453 2797 1522 Insuper
2821 1462 2875 1507 et
2903 1452 3195 1505 thalamum
3224 1450 3467 1505 mihimet
3495 1449 3792 1504 construxit
3818 1449 3872 1502 in
3900 1463 4095 1511 :evum,

2576 1542 2865 1599 Lucentem
2897 1557 3125 1613 gemmts
3154 1543 3337 1607 variis,
3371 1543 3597 1611 aurique
3626 1540 3877 1605 metallis,

2573 1634 2786 1705 Organa
2818 1634 3063 1689 melodiis
3096 1634 3149 1688 in
3178 1650 3284 1703 quo
3316 1634 3620 1690 resonando
3650 1634 3865 1689 canoris

2578 1724 2736 1795 165
2766 1723 2995 1777 Carmen
3033 1722 3184 1778 dulce
3206 1724 3334 1777 tnihi
3365 1732 3586 1778 cantant
3608 1737 3704 1793 per
3727 1732 3962 1792 tempora
3991 1719 4145 1788 socii,

2576 1815 2640 1870 Et
2670 1816 2871 1883 pariter
2894 1814 3074 1885 sponsi
3100 1813 3287 1869 Iaudes
3334 1813 3662 1868 modulantia
3694 1814 3866 1879 chari,

2497 1883 2546 1946 Β
2571 1905 2718 1961 Illius
2744 1883 2994 1959 allectum
3031 1919 3243 1973 semper
3270 1904 3495 1957 suadent
3520 1904 3650 1957 mihi
3678 1912 3909 1968 castum,

2572 1994 2806 2061 Alfectu,
2838 2010 2997 2064 quem
3027 2003 3238 2049 secreto
3268 2008 3388 2048 eum
3417 1994 3594 2049 cordis
3626 1993 3840 2059 amabo,

2574 2084 2728 2140 Nulla
2761 2085 3017 2155 puellaris
3044 2085 3223 2155 patior
3250 2085 3571 2139 detrimenta
3599 2086 3837 2154 pudoris.

2575 2180 2699 2241 Ast,
2734 2176 2819 2231 ubi
2855 2176 2991 2231 forte
3029 2176 3109 2231 sui
3138 2192 3348 2231 merear
3377 2176 3745 2245 complexibus
3769 2177 3866 2241 uti,

2580 2267 2708 2355 Ejus
2739 2278 2791 2322 et
2823 2269 2874 2321 in
2903 2268 3216 2332 thalamum,
3244 2284 3565 2337 sponsarum
3595 2285 3763 2333 more,
3794 2283 4078 2326 coruscum

2579 2358 2735 2421 Duri,
2767 2372 3055 2427 permaneo
3087 2359 3258 2427 virgo,
3288 2360 3403 2411 sine
3435 2360 3613 2423 sorde,
3642 2360 3855 2427 pudica.

2579 2442 2675 2502 Cui
2707 2445 2911 2500 debebo
2940 2445 3096 2501 fidem
3125 2446 3221 2500 soli
3248 2462 3464 2501 servare
3490 2461 3799 2517 perennem,

2579 2526 2682 2607 Ipsi
2711 2551 2794 2591 me
2827 2544 2937 2591 toto
2970 2537 3152 2591 cordis
3174 2538 3457 2591 conamine
3484 2540 3665 2593 credo.

2655 2627 2749 2687 His
2780 2628 2942 2683 miser
2970 2628 3189 2693 auditis,
3214 2630 3435 2697 spiculis
3460 2629 3731 2700 perfossus
3758 2634 3978 2697 amoris,

2582 2708 2869 2786 Ingemuit,
2900 2718 3093 2772 crebro
3123 2718 3325 2773 ducens
3357 2720 3587 2788 suspiria
3619 2720 3803 2791 longa,

2582 2806 2695 2861 Hoc
2726 2809 2849 2877 quia
2880 2822 2983 2861 non
3016 2790 3233 2874 meruit',
3264 2824 3404 2863 exeo
3427 2812 3570 2879 quod
3594 2790 3756 2865 corde
3782 2812 3996 2881 petivit,

2580 2900 2665 2959 Et,
2698 2916 2857 2970 super
2885 2901 2985 2954 hoc
3036 2915 3291 2965 moerens,
3339 2902 3611 2971 nimioque
3639 2902 3824 2957 dolore
3856 2904 4155 2971 tabescens,

2580 2990 2791 3047 Decidit
2818 2993 2867 3043 in
2898 2992 3093 3044 lectum
3125 2992 3473 3047 stultissimus
3505 2993 3593 3046 ille
3624 2993 3878 3057 virorum,

2578 3081 2666 3147 Et,
2700 3081 2958 3136 simulans
2992 3082 3130 3135 male
3162 3082 3494 3152 languorem,
3528 3082 3722 3136 celavit
3757 3098 4015 3149 amorem,

2579 3176 2679 3244 Qui
2722 3178 2821 3230 sibi
2850 3192 3011 3231 causa
3047 3178 3229 3246 gravis
3259 3176 3434 3231 fuerat
3461 3192 3565 3230 non
3603 3192 3766 3245 parva
3799 3177 4013 3233 doloris.

902 3268 1251 3342 splendorem
1282 3281 1497 3338 quoque
1526 3280 1863 3336 gemmarum
1897 3263 2114 3318 rutilum
2149 3262 2441 3327 variarum,
2503 3250 2548 3311 C
2580 3267 2691 3323 Nec
2721 3283 2891 3331 mora,
2925 3267 2985 3321 ﬁt,
3010 3278 3216 3332 ιιοιιιιῃ⁹
3250 3267 3391 3322 fama
3420 3255 3679 3337 proaenle
3709 3269 3949 3333 sinistra,

901 3364 997 3420 His
1023 3363 1199 3419 verbis
1226 3362 1479 3433 juvenem
1509 3362 1725 3415 causari
1757 3357 1929 3414 fertur
1956 3366 2225 3411 amentem
2252 3374 2262 3408 :

901 3456 945 3513 0
978 3456 1073 3521 fili,
1112 3455 1302 3509 mortis
1334 3454 1527 3509 merito
1558 3451 1860 3507 damnande
1889 3449 2165 3521 perennis,

903 3548 948 3603 υ
977 3548 1146 3601 fames
1176 3545 1461 3611 scelerum,
1493 3551 1830 3613 contemptor
1858 3550 1912 3596 et
1941 3539 2355 3609 Omnipotentis,

903 3640 1194 3695 Discedens
1224 3653 1254 3693 a
1284 3652 1367 3693 me
1394 3637 1557 3693 citius
1588 3634 1840 3706 fugiendo
1871 3634 2079 3698 recede,

903 3731 1012 3788 Nec
1039 3730 1228 3787 credas
1260 3738 1310 3784 te
1337 3744 1497 3799 posse
1525 3743 1700 3783 meum
1732 3736 2041 3797 pervertere
2068 3740 2260 3795 purum

908 3820 1067 3894 ι,θά
1091 3821 1214 3883 Cor,
1250 3818 1392 3890 quod
1421 3820 1680 3874 amatoris
1706 3818 1965 3888 praevenit
1996 3816 2277 3871 nobilioris

904 3912 1085 3967 Dulcis
1115 3925 1284 3975 amor,
1316 3908 1597 3981 pulchrum
1629 3907 1780 3977 cujus
1810 3907 1933 3962 fidei
1962 3906 2077 3961 fero
2107 3908 2317 3977 signum

905 4002 960 4056 In
993 4001 1128 4056 facie
1158 4014 1389 4065 summa,
1419 4013 1519 4054 nec
1549 4013 1655 4053 non
1688 3999 1742 4052 in
1772 4012 1998 4068 corpore
2030 4005 2163 4062 toto,

904 4092 1021 4161 Quo
1051 4107 1137 4147 me
1164 4090 1417 4163 signavit,
1446 4088 1786 4158 strictimque
1817 4087 1918 4143 sibi
1952 4087 2217 4156 religavit,

905 4186 981 4241 Ne
1014 4200 1130 4239 mea
1162 4198 1314 4238 mens
1345 4182 1509 4237 alium
1534 4182 1646 4253 jam
1678 4179 2107 4252 praesumpsisset
2140 4178 2373 4233 amicum

905 4280 1181 4345 Quaerere,
1215 4274 1310 4329 sed
1340 4274 1515 4329 solum
1545 4272 1827 4343 complecti
1859 4271 2091 4326 disceret
2122 4270 2294 4334 illum,

905 4369 1027 4435 Qui,
1060 4367 1257 4421 virtute
1284 4373 1495 4436 potens,
1529 4364 1785 4433 omnique
1814 4363 2006 4418 decore
2036 4360 2327 4431 refulgens,

906 4458 1168 4515 Coslestes
1197 4467 1252 4513 et
1280 4457 1536 4513 mortales
1568 4456 1933 4526 supereminet
1962 4469 2169 4511 onmes.

908 4551 1063 4606 Ilunc
1092 4550 1210 4605 sine
1241 4558 1413 4604 matre
1443 4548 1624 4613 Pater,
1661 4547 1782 4601 cani
1817 4554 1962 4601 retro
1997 4554 2239 4614 tempora
2276 4543 2482 4609 mundi,

906 4645 963 4701 In
997 4642 1199 4699 deitate
1228 4656 1435 4712 parem,
1468 4654 1567 4695 nec
1598 4640 1877 4711 majestate
1910 4638 2199 4702 minorem,

907 4734 1259 4807 Omnipotens
1286 4733 1491 4805 genuit,
1524 4748 1619 4803 per
1645 4747 1805 4802 quem
1836 4732 1936 4787 sibi
1966 4730 2165 4786 saecula
2191 4729 2337 4785 fecit.

907 4828 975 4883 Et
1005 4828 1121 4883 sine
1146 4826 1308 4883 Patre
1336 4827 1553 4897 quidem
1584 4835 1760 4881 mater
1790 4824 2035 4895 pariebat
2067 4827 2341 4889 eumdem,

908 4919 1192 4975 Factorem
1223 4918 1498 4989 proprium
1525 4917 1749 4982 lactans,
1780 4918 1881 4972 sub
1909 4927 2151 4987 tempore
2180 4926 2389 4982 natum,

909 5010 1073 5082 Cujus
1105 5010 1499 5081 praepulcbram
1531 5009 1798 5063 mirantur
1826 5008 2057 5077 denique
2088 5008 2339 5072 formam,

913 5102 1119 5159 Solaris
1148 5101 1420 5172 splendor,
1450 5098 1592 5155 lunae
1623 5100 1864 5155 renitens
1892 5113 2105 5167 quoque
2137 5096 2360 5163 candor,

910 5195 1220 5252 Laudantes
1252 5193 1418 5248 radiis
1445 5192 1729 5247 Dominum
1760 5189 2087 5261 fulgentibus
2114 5189 2281 5252 orbis,

916 5285 1079 5356 Cujus
1108 5296 1161 5341 et
1190 5283 1419 5355 imperio
1448 5281 1765 5338 famulantia
1794 5281 1970 5336 sidera
2001 5289 2194 5335 cuncta

916 5378 1025 5434 Illis
1055 5376 1306 5448 injunctis
1337 5374 1609 5444 complent
1640 5388 1735 5443 per
1762 5382 2006 5441 tempora
2036 5386 2276 5427 cursum.

912 5471 1029 5535 tlui,
1062 5468 1464 5525 conclamantes
1492 5464 1775 5534 condignis
1802 5462 2068 5528 laudibus,
2097 5474 2285 5517 omnes

2579 3358 2772 3413 Natum
2803 3357 3040 3426 praefecti
3073 3359 3235 3411 nimio
3264 3357 3520 3428 languore
3555 3358 3727 3428 ligari.

2579 3451 2918 3506 Conveniunt
2948 3451 3125 3503 subito
3164 3450 3377 3513 medici,
3411 3451 3557 3505 velut
3587 3451 3799 3521 agmine
3828 3450 3996 3518 facto,

2577 3546 2870 3612 Apponuut
2897 3542 3061 3595 variis
3083 3549 3238 3610 aptas
3268 3540 3468 3595 morbis
3492 3542 3802 3597 medicinas.

2581 3632 2781 3688 Harum
2812 3632 2905 3687 sed
2930 3629 3116 3699 juveni
3153 3631 3224 3684 nil
3252 3630 3566 3700 proficiebat
3601 3632 3821 3686 amenti.

2582 3726 2823 3781 Tandem
2850 3732 3159 3788 senserunt,
3188 3723 3331 3792 quod
3362 3739 3482 3777 mox
3517 3725 3653 3794 patri
3681 3724 4002 3791 retulerunt,

2582 3817 2696 3872 Non
2727 3818 2828 3871 hoc
2858 3815 3131 3885 languoris
3154 3814 3387 3883 signum,
3421 3814 3514 3869 sed
3552 3814 3707 3869 fortis
3729 3816 3950 3881 amoris,

2582 3908 2733 3976 Quod
2757 3907 3114 3962 contristatus
3140 3914 3419 3974 pateretur
3448 3904 3585 3960 filius
3607 3904 3743 3975 ejus.

2582 3999 2700 4066 Quo
2725 4006 2879 4067 pater
2901 3996 3104 4060 audito,
3136 4010 3298 4050 causa
3329 3996 3609 4063 morbique
3640 4005 3876 4066 reperta,

2585 4092 2655 4147 Ut
2679 4092 2764 4145 leo
2787 4089 3153 4153 frendescens,
3193 4088 3434 4157 rapidam
3466 4104 3758 4145 conversus
3787 4090 3838 4144 in
3870 4089 4025 4154 iram,

2582 4180 2807 4250 Incoapit
2834 4178 3141 4249 percontari
3174 4178 3324 4233 rabie
3358 4176 3601 4243 furienti,

2584 4271 2715 4339 Quis
2745 4271 2881 4325 foret
2912 4270 3001 4323 ille
3030 4268 3316 4337 potestatis
3346 4267 3427 4321 sic
3454 4268 3773 4336 imperialis,

2583 4363 2639 4417 In
2674 4378 2778 4431 quo
2808 4375 2901 4429 spe
2931 4374 3067 4412 vana
3098 4358 3249 4428 virgo
3275 4356 3477 4413 confisa
3503 4358 3756 4427 superba,

2583 4454 2837 4509 Crederet
2859 4467 2979 4506 esse
3016 4451 3118 4506 sibi
3140 4450 3386 4521 junctum
3416 4459 3767 4505 contemnere
3798 4460 3982 4505 natum

2589 4546 2736 4615 Ejus,
2762 4544 2876 4614 qui,
2904 4542 3044 4613 plebi
3078 4541 3274 4596 merito
3302 4539 3689 4595 celeberrimus
3713 4540 3880 4605 omni,

2510 4605 2563 4665 Β
2589 4636 2747 4691 Esset
2775 4633 3037 4703 condigne
3069 4645 3281 4685 summo
3309 4638 3595 4700 provectus
3621 4631 3845 4684 honore.

2590 4728 2715 4783 Ilzec
2744 4727 2829 4780 ubi
2856 4724 3106 4779 disseruit
3136 4723 3410 4792 nimioque
3437 4719 3619 4777 furore
3646 4721 3883 4786 latravit,

2590 4817 2881 4887 Comperit,
2922 4817 3062 4870 hanc
3087 4815 3277 4884 ipsam,
3309 4826 3465 4868 sacro
3496 4812 3819 4883 baptismate
3846 4812 4032 4881 lotam,

2592 4910 2815 4979 Agnem,
2851 4906 3250 4971 Cbristicolam,
3274 4905 3464 4977 primis
3500 4903 3615 4959 fore
3650 4920 3863 4976 semper
3892 4906 3958 4959 ab
3989 4908 4168 4974 annis,

2598 5000 2757 5071 166
2786 4999 2870 5061 Et,
2894 4997 3276 5053 conservandae
3301 5011 3398 5066 pro
3423 4994 3750 5067 virginitatis
3784 5011 3987 5062 amore,

2592 5093 2723 5147 Esse
2751 5106 2904 5145 suum
2933 5104 3210 5158 sponsum,
3241 5096 3503 5144 consueto
3532 5087 3732 5154 dicere,
3764 5087 4060 5145 Christum.

2593 5182 2710 5249 Quo
2738 5196 2863 5234 nam
2892 5188 3199 5249 comperte,
3223 5177 3441 5233 ω’
3463 5176 3632 5233 ardo
3654 5177 3888 5247 maligno
3904 5217 3918 5240 ,

2596 5274 2829 5346 Sperans
2859 5288 2982 5327 mox
3018 5281 3258 5327 teneram
3288 5270 3485 5325 merito
3511 5268 3709 5325 debere
3735 5268 3965 5339 puellam

2597 5364 2763 5419 Stevis
2785 5363 2851 5417 ad
2878 5362 3081 5417 cultum
3110 5360 3285 5431 poenis
3318 5374 3513 5431 urgere
3543 5359 3787 5425 deorum,

2595 5455 2663 5510 Et
2696 5456 2775 5510 sic
2799 5470 2955 5524 posse
2976 5468 3131 5509 suum
3161 5452 3374 5507 tandem
3400 5451 3669 5522 complere
3694 5450 3952 5515 furorem,
