4482 5548
327 301 462 358 “25
1385 292 1708 350 HISTORIA
1748 289 2100 347 PASSIONiS
2138 290 2195 344 S.
2236 289 2554 345 AGNETIS.
3444 285 3577 344 1195

323 417 473 470 'fnuc
504 416 666 469 etiam
698 414 911 484 probris
938 413 1069 465 dure
1095 411 1323 480 cogebat
1348 424 1571 472 amaris,
1925 413 1973 467 Α
2004 403 2099 458 His
2125 405 2306 468 dictis,
2336 420 2474 458 saeva
2508 419 2707 474 praeses
2736 406 3054 459 commetior
3081 406 3181 465 ira,

322 510 389 566 Ut
418 527 474 565 se
505 520 692 577 sponte
717 511 795 566 sui
829 510 935 562 nati
967 507 1245 575 copularet
1274 506 1465 563 amori.
2005 495 2251 551 C(elestis
2272 512 2524 564 Sponsam
2554 496 2735 564 Regis,
2762 497 2947 565 jussit,
2982 496 3367 561 venerandam,

324 602 381 654 Et
419 598 709 655 simulacra
737 602 892 655 deum
920 599 1139 660 coleret,
1166 598 1551 665 Christumque
1583 602 1823 664 negaret.
2005 585 2258 640 Vestibus
2287 599 2525 651 exutam,
2562 595 2674 640 toto
2702 602 2914 655 quoque
2954 602 3181 656 corpore
3218 587 3438 650 nudam.

322 691 424 745 Sed
460 692 611 761 virgo
644 690 845 746 Christi
881 706 978 743 nec
1005 690 1280 758 suppliciis
1308 689 1573 757 superari,
2007 684 2169 755 168
2195 684 2566 738 Concurrcnte
2595 684 2731 739 trahi
2764 683 3138 738 conventiculo
3168 682 3434 753 populari,

320 781 431 838 Nec
456 783 834 837 blandimentis
858 783 1031 852 potuit
1066 782 1339 836 devincier
1364 781 1503 841 ullis,
2004 777 2167 847 Inque
2199 778 2475 847 lupanaris
2501 777 2661 844 jussit
2687 776 2997 831 concludier
3027 776 3218 839 antris,

320 877 457 941 Quin
486 884 724 929 servaret
755 876 980 928 amatori
1017 875 1130 928 sine
1164 874 1351 927 fraude
1388 873 1572 943 priori,
2004 871 2057 923 ln
2087 887 2192 939 quo
2222 871 2405 924 lascivi
2432 870 2677 938 juvenes,
2710 870 2933 923 rationis
2957 870 3130 939 egeni,

320 969 471 1033 Quod
501 967 701 1037 pepigit
728 976 962 1036 pactum,
997 966 1151 1036 signo
1186 965 1305 1019 fidei
1338 965 1652 1019 stabilitmn.
2002 962 2280 1030 Colloquio
2308 962 2696 1016 scelerosarum
2728 962 2965 1031 gaudent
2992 960 3297 1013 mulierum.

319 1062 412 1115 Cui
445 1075 659 1129 prases,
689 1074 909 1128 pravam
946 1074 1161 1112 rursum
1196 1073 1463 1113 reuovans
1491 1056 1787 1118 suadelam,
2005 1054 2108 1108 Sed
2141 1054 2412 1117 Christus,
2445 1056 2672 1124 propria:
2698 1055 2941 1123 praebens
2965 1054 3227 1108 solamina
3256 1066 3487 1124 sponsae,

319 1154 462 1207 Dixit
489 1172 500 1206 ;
544 1152 598 1207 Si
630 1168 757 1232 vere
789 1152 975 1222 cupias
1004 1152 1203 1205 intacta
1236 1166 1455 1206 manere
2002 1145 2147 1199 Illam
2177 1147 2436 1200 conviciis
2462 1145 2603 1216 tangi
2634 1161 2739 1201 neu
2772 1146 3004 1200 sustinet
3028 1145 3172 1199 ullis.

321 1246 349 1297 ι
368 1247 502 1313 irgo,
527 1244 639 1299 dea:
664 1224 868 1313 magnae
894 1244 1055 1297 citius
1080 1224 1404 1314 subjungere
1430 1240 1625 1305 Vestae,
2004 1237 2118 1295 Ast,
2151 1236 2241 1289 ubi
2271 1236 2533 1289 distracto
2564 1237 2795 1289 nudatur
2824 1237 3058 1306 tegmine
3088 1246 3222 1299 toto,

317 1337 445 1406 Ejus
472 1335 749 1391 sacricolis
777 1345 828 1388 et
860 1338 1174 1391 consociare
1197 1334 1407 1405 puellis,
2002 1328 2269 1382 Continuo
2297 1329 2431 1383 bene
2465 1329 2668 1383 densati
2700 1342 2922 1383 cruore
2948 1328 3151 1398 capilli,

316 1428 431 1495 Quo
466 1428 731 1497 condigna
760 1427 858 1481 tias
884 1426 956 1480 illi
989 1443 1203 1495 semper
1231 1425 1501 1479 faumlari.
2002 1422 2100 1486 Qui
2136 1421 2296 1474 ductu
2327 1421 2484 1491 longo
2513 1420 2644 1488 lapsi
2688 1421 2751 1473 de
2782 1420 2985 1474 vertice
3016 1435 3251 1481 summo,

384 1520 509 1575 Haec
536 1520 708 1589 inquit
736 1532 953 1589 praeses,
984 1528 1172 1573 contra
1203 1518 1295 1571 sed
1325 1519 1401 1571 sic
1440 1518 1513 1569 ait
1539 1518 1753 1586 Agnes:
2002 1511 2387 1565 Descendendo
2414 1512 2607 1581 pedum
2635 1510 2845 1581 plantas
2878 1509 3374 1582 tetigere.tenellas,

316 1610 371 1664 Si
401 1610 528 1665 mihi
555 1609 676 1677 jure
700 1618 846 1662 tuum
874 1609 1072 1676 placuit
1094 1619 1442 1663 contemnere
1473 1619 1679 1673 natum,
1999 1600 2205 1669 Corpus
2233 1612 2285 1654 et
2307 1616 2466 1654 omne
2493 1601 2664 1654 comis
2705 1602 2903 1669 tegitur
2929 1616 3023 1654 ceu
3054 1602 3289 1670 tegmine
3321 1599 3507 1654 veslis.

314 1700 437 1767 Qui,
469 1701 678 1754 ratione
707 1700 915 1769 vigens,
945 1700 1154 1753 cunctis
1185 1714 1398 1767 quoque
1443 1697 1691 1751 sensibus
1734 1707 1891 1751 utens
2004 1689 2178 1759 thue
2206 1690 2477 1759 lupanaris
2506 1690 2737 1744 CulcaVll
2769 1689 2951 1743 “mill-1
2982 1692 3176 1754 tristis.

313 1789 617 1859 Corporcis,
646 1790 824 1843 anima
856 1788 1062 1859 regitur
1095 1804 1367 1856 nunquam
1398 1789 1680 1850 moritura,
1925 1773 1970 1831 Β
2002 1778 2076 1832 Ex

1471 1789 1680 1850 tritura,
1925 1773 1970 1831 B
2002 1778 2283 1848 Extemplo
2322 1780 2502 1833 suavis
2526 1780 2695 1833 sensit
2726 1778 3008 1834 dulcamen
3036 1782 3241 1843 odoris,

314 1881 570 1948 Quamvis
598 1882 667 1933 sit
694 1880 887 1934 merito
915 1880 1175 1933 barathro
1218 1878 1549 1932 clandcmlns
1579 1879 1629 1930 in
1658 1879 1787 1941 imo,
2001 1870 2176 1939 AtQue
2201 1870 2377 1924 locum
2405 1878 2614 1939 ιιιτρειη
2650 1870 2787 1924 ιιιὶτο
2817 1870 3101 1939 SplCIldOI‘C
3130 1872 3417 1926 mirantem

313 1971 493 2026 Multis
521 1987 766 2025 errorum
809 1987 906 2041 pro
929 1971 1237 2025 commissis
1264 1969 1554 2030 variorum,
2000 1962 2243 2030 Aspexit,
2275 1962 2513 2015 tenebris
2536 1962 2625 2030 qui
2651 1962 2907 2015 sordebat
2936 1962 3085 2032 prius
3107 1964 3260 2017 atris.

314 2063 397 2124 Ni,
434 2078 623 2115 sanum
653 2063 888 2131 sapiens,
919 2073 971 2117 et
1007 2062 1439 2130 quandoquidem
1479 2060 1822 2129 resipiscens,
2000 2056 2087 2119 Ει.
2119 2071 2237 2108 ουιιι
2270 2054 2608 2108 sordidulam
2638 2055 2917 2126 compulsa
2957 2056 3225 2111 subintrat
3258 2059 3308 2111 iu
3349 2068 3589 2128 antrum,

314 2154 385 2207 Se
416 2154 543 2224 tingi
573 2154 732 2208 faciat
769 2169 900 2223 pura
943 2154 1280 2221 baptismatis
1306 2154 1467 2215 unda,
1999 2143 2235 2214 Angelus
2266 2143 2557 2197 Altithroui
2588 2142 2781 2199 blande
2812 2144 2960 2199 stetit
2983 2146 3176 2201 obvius
3206 2145 3301 2220 illi,

314 2246 480 2311 Queis
507 2257 557 2301 to
596 2261 753 2315 posse
780 2247 959 2309 minis,
998 2246 1077 2298 vel
1104 2246 1257 2314 queis
1290 2245 1503 2299 tandem
1532 2247 1788 2309 suadelis,
2000 2238 2195 2290 Custos
2226 2234 2476 2289 indubius
2505 2234 2684 2289 fuerat
2710 2236 2800 2304 qui
2828 2237 3075 2305 corporis
3103 2237 3239 2307 chIS.

312 2336 392 2389 Ad
421 2336 831 2389 simulacrorum
861 2336 998 2389 reris
1028 2351 1112 2389 me
1138 2349 1329 2405 cogere
1366 2335 1611 2389 cultum?
2000 2326 2205 2382 Obtulit
2225 2336 2280 2380 et
2308 2336 2510 2380 vestem
2542 2328 2697 2381 niveo
2727 2327 3009 2396 splendore
3040 2328 3350 2393 micantem,

309 2424 590 2478 Artiﬁcum
623 2440 771 2483 cura.
805 2438 942 2492 quae,
975 2423 1309 2477 conformata
1341 2426 1575 2489 metallo,
2001 2421 2128 2490 Ejus
2152 2436 2419 2474 mensura:
2448 2419 2841 2474 conformatum
2874 2422 3009 2475 satis
3033 2431 3174 2490 apte.

311 2514 676 2570 Membrorum
710 2514 898 2569 falsam
931 2522 1147 2584 portant
1178 2514 1515 2569 solummodo
1538 2513 1790 2580 formam,
2000 2510 2112 2565 llac
2140 2511 2322 2564 induta
2357 2511 2571 2580 quidem
2605 2512 2803 2565 direxit
2828 2511 2895 2566 ad
2925 2513 3131 2567 (ethera
3167 2528 3374 2578 vocem,

311 2604 523 2662 Mobilis
549 2606 783 2659 ollicium
814 2606 1087 2675 complent
1122 2620 1222 2659 nec
1254 2606 1495 2674 corporis
1533 2606 1717 2669 ullum,
2001 2604 2232 2658 Assidue
2264 2613 2445 2674 grates
2482 2602 2699 2657 Christo
2732 2605 3035 2659 resonando
3062 2619 3271 2667 suaves,

311 2699 377 2754 Et
410 2713 582 2768 neque
612 2697 841 2751 viventis
870 2697 1164 2765 quidquam
1198 2705 1501 2750 monstrant
1531 2698 1781 2752 animalis
2000 2696 2165 2769 Cujus
2197 2714 2353 2767 opem
2391 2699 2521 2752 lauti
2553 2697 2722 2753 sensit
2752 2698 2851 2751 sub
2885 2699 3027 2752 fasce
3055 2697 3268 2767 pericli,

314 2788 469 2860 167
502 2788 727 2857 thuod
752 2787 819 2841 ab
842 2788 923 2841 his
948 2788 1236 2841 insensatis
1268 2790 1632 2857 monstrisque
1657 2790 1895 2857 profanis
1998 2790 2163 2861 Cujus
2194 2800 2247 2845 et
2274 2790 2475 2844 auxilio
2507 2789 2683 2844 fuerat
2712 2798 2952 2858 protecta
2980 2798 3231 2859 paterno,

310 2882 560 2936 Solamen
595 2882 716 2935 vitae
748 2882 995 2935 mihimet
1022 2895 1243 2949 sperare
1274 2882 1522 2950 gerenda:
2000 2883 2074 2937 Ne
2099 2893 2277 2953 posset
2311 2884 2506 2937 veteris
2532 2884 2805 2952 corrumpi
2833 2883 3113 2936 fraudibus
3142 2882 3332 2937 hostis.

310 2976 558 3039 Possum,
591 2989 730 3043 quae,
762 2975 868 3027 vita
892 2989 1163 3043 sensuque
1189 2969 1433 3027 carentia
1464 2985 1681 3038 cuncto,
1999 2974 2205 3028 laterea
2230 2974 2475 3043 juvenes,
2512 2982 2716 3028 etecato
2740 2973 2906 3028 corde
2937 2972 3201 3036 furentes,

307 3066 417 3122 Nec
446 3068 546 3121 sibi
581 3067 893 3135 proficiunt,
920 3066 1046 3119 mihi
1076 3081 1173 3120 nec
1201 3081 1517 3120 succurrere
1545 3070 1802 3137 possunt?
2004 3070 2250 3137 Umlique
2275 3068 2535 3131 collectis,
2568 3070 2769 3123 cursim
2804 3084 3018 3131 venere,
3048 3066 3303 3131 catervis,

307 3160 434 3214 Haec
458 3160 547 3214 ubi
576 3160 719 3214 dicta
744 3159 913 3221 dedit,
947 3173 1146 3228 przeses
1180 3159 1533 3228 Sempronius
1569 3161 1738 3229 inquit
1768 3180 1778 3212 :
1929 3147 1962 3195 ἰ
2001 3163 2286 3214 Certantcs
2317 3161 2495 3213 stmlio
2525 3174 2794 3229 perversa:
2828 3160 3025 3214 mentis
3057 3161 3259 3229 iniquo,

305 3251 613 3307 Florentem
647 3252 836 3321 primis
867 3262 917 3305 te
943 3267 1064 3304 nam
1103 3265 1375 3319 cognosco
1405 3252 1503 3304 sub
1532 3252 1709 3315 annis,
1996 3254 2127 3320 Quis
2158 3254 2305 3322 prior
2330 3254 2577 3317 intraret,
2612 3252 2695 3307 vel
2728 3254 2850 3321 quis
2888 3252 3196 3322 perdiscere
3220 3261 3421 3322 posset,

304 3344 528 3413 Ingenio
557 3358 805 3412 parvam,
838 3358 938 3397 nec
968 3357 1073 3396 non
1105 3351 1265 3395 artato
1303 3342 1572 3395 tenellam.
1996 3347 2074 3398 An
2100 3348 2272 3415 virgo,
2307 3343 2523 3398 suffulta
2556 3345 2634 3398 sui
2668 3345 2965 3400 munimine
2996 3344 3221 3409 Christi,

306 3435 467 3502 Hine,
506 3434 738 3489 infantili
769 3436 1041 3506 parcendo
1072 3435 1427 3505 simplicitati,
1996 3436 2140 3498 llazc,
2188 3450 2306 3505 quae
2336 3435 2584 3489 carnales
2615 3449 2833 3505 semper
2868 3437 3197 3505 contempsit
3224 3451 3463 3502 amores,

306 3527 609 3583 Prudenter
636 3537 686 3582 te
710 3537 987 3603 supporto,
1019 3528 1213 3581 lasciva
1241 3528 1436 3597 puella,
1994 3528 2111 3582 Jam
2145 3544 2286 3582 nunc
2317 3528 2531 3598 incepto
2560 3539 2741 3599 posset
2765 3530 3058 3598 persistere
3087 3531 3248 3584 voto?

307 3618 426 3686 Quo
462 3620 731 3689 parcendo
760 3628 909 3672 tuum
940 3620 1097 3673 citius
1128 3629 1175 3673 te
1206 3621 1421 3674 ﬂectere
1450 3620 1643 3673 collum
1996 3622 2104 3677 Nec
2132 3638 2297 3686 mora,
2329 3632 2683 3693 cognoscunt,
2710 3637 2806 3676 nec
2835 3624 3209 3678 contradicere
3231 3632 3480 3695 possunt.

309 3711 423 3767 Sub
450 3712 621 3767 sacris
652 3710 823 3766 Vesta:
853 3711 1053 3781 plantis
1082 3712 1273 3766 faciam
1304 3714 1644 3776 vcnerandm,
1996 3714 2146 3782 Quod
2182 3730 2455 3784 nunquam
2486 3714 2704 3785 longum
2736 3713 2858 3782 quis
2888 3711 3248 3769 confundetur
3294 3714 3348 3770 in
3390 3730 3591 3781 :evum,

305 3803 543 3872 Jureque
568 3810 878 3856 nostrorum
909 3818 1106 3856 numen
1132 3802 1349 3872 placare
1381 3803 1621 3856 deorum.
1996 3808 2119 3874 Qui,
2145 3808 2372 3861 credens
2398 3806 2638 3869 domino,
2670 3805 2827 3860 ﬁrma
2860 3821 2955 3875 spe
2985 3805 3185 3875 pendet
3215 3806 3267 3861 in
3304 3805 3396 3861 illo

308 3896 438 3960 Sed,
466 3897 532 3960 si,
568 3906 675 3950 tam
707 3896 891 3950 mitem
920 3902 1227 3965 spernendo
1259 3898 1359 3951 mei
1400 3898 1673 3965 pietatem,
2001 3899 2153 3962 Nam,
2188 3899 2496 3967 quicunque
2526 3912 2621 3951 sua
2646 3897 2957 3967 compulsus
2979 3905 3161 3952 mente
3187 3898 3440 3967 superba.

306 3985 755 4050 Contraluctaris,
802 4001 919 4040 mea
948 4001 1047 4041 nec
1078 3995 1340 4055 praecepta
1376 3988 1643 4055 sequeris,
2002 3992 2159 4062 169
2198 3990 2497 4061 Ingreditur
2522 3990 2694 4059 turpis
2723 3989 2963 4045 latebras
2990 3990 3313 4045 temerarius
3337 3989 3468 4046 aedis
3493 4030 3507 4055 ,

308 4077 459 4133 Ultra
486 4093 590 4131 non
621 4092 808 4147 parco,
832 4078 949 4139 sed,
978 4078 1086 4131 vim
1107 4076 1309 4145 justam
1340 4078 1610 4143 faciendo,
2000 4085 2069 4139 Ut
2110 4085 2287 4139 radios
2317 4084 2451 4138 lucis
2482 4083 2614 4136 vidit
2650 4084 2787 4138 mire
2824 4083 3121 4149 rutilantis,

307 4169 504 4225 Mando
526 4169 625 4224 sub
652 4171 904 4223 obscenae
936 4168 1158 4222 latebris
1186 4179 1235 4220 te
1262 4169 1503 4222 claudier
1529 4171 1681 4233 aedis,
1998 4174 2266 4245 Angelicm
2294 4172 2697 4244 praefulgentem
2722 4174 3000 4242 vestisque
3030 4182 3264 4229 tutorem
3286 4216 3301 4239 ,

305 4260 367 4317 ln
402 4278 508 4332 qua
534 4261 856 4316 criminibus
888 4269 1073 4329 turpes
1105 4262 1340 4331 gaudent
1372 4262 1646 4326 mulieres,
1999 4271 2294 4340 Correpltls
2325 4270 2461 4340 signi
2490 4269 2659 4323 nimio
2686 4277 2896 4323 terrore
2928 4268 3203 4338 stupendi,

305 4353 377 4411 Et
398 4352 591 4409 faciam
621 4353 946 4423 pollutarum
980 4353 1182 4408 sociam
1217 4354 1592 4417 meretricum,
2000 4364 2307 4417 Proslralus
2339 4378 2507 4419 sacrm
2533 4361 2734 4432 plantis
2761 4361 3035 4433 extemplo
3061 4362 3271 4432 puellm,

306 4445 426 4515 Quo
452 4454 530 4509 tu,
562 4460 681 4514 qua:
710 4444 857 4497 clara
890 4443 1057 4513 polles
1083 4444 1349 4515 de‘stirpe
1378 4454 1584 4510 creata,
1926 4492 1971 4551 ῃ
2001 4456 2075 4510 Ρυ

1451 4454 1584 4510 θείειν
1926 4492 1971 4551 D
2001 4456 2265 4521 Postulat,
2292 4470 2537 4511 errorum
2569 4454 2739 4509 laxari
2771 4454 2945 4510 vincla
2976 4468 3221 4519 suorum,

305 4539 552 4595 Dedecus
575 4550 737 4592 omne
772 4538 879 4591 tuis
905 4537 981 4591 sis
1010 4546 1065 4591 et
1094 4537 1342 4592 confusio
1375 4540 1565 4605 turpis.
1927 4537 1968 4551 "
2000 4548 2073 4601 Τρ

1927 4537 1968 4551 ”
2000 4548 2357 4617 Testaturque
2388 4547 2557 4603 Deum
2597 4562 2787 4602 verum
2824 4545 2940 4601 fore
2962 4547 3086 4617 jure
3114 4545 3396 4603 colendum
3425 4588 3439 4614 ,

306 4629 376 4685 At
404 4644 557 4685 sacra
588 4628 759 4698 virgo,
805 4627 967 4681 minis
998 4627 1222 4681 nimium
1255 4630 1528 4699 trepidans
1557 4645 1719 4699 super
1752 4630 1889 4696 islis,
1998 4639 2127 4707 Ejus
2162 4638 2397 4696 cultores
2426 4639 2519 4710 qui
2552 4636 2921 4693 consolabitur
2945 4652 3156 4694 omnes.

304 4725 578 4780 Audacter
607 4736 731 4777 mox
759 4718 1017 4790 praefecto
1043 4719 1191 4775 dedit
1212 4719 1313 4773 ista
1346 4736 1599 4790 responsa
1626 4743 1635 4776 :
1999 4733 2074 4789 Si,

1999 4733 2196 4803 Sicque
2225 4733 2376 4788 locus
2419 4730 2686 4787 scelerum
2730 4730 2923 4787 domus
2948 4728 3180 4786 efﬁcitur
3201 4729 3564 4800 precularum.

307 4822 366 4878 Si
396 4832 451 4877 tu
477 4834 709 4889 namque
740 4818 909 4873 Deum
937 4816 1105 4873 scires
1132 4817 1297 4882 hunc,
1323 4831 1481 4885 quem
1511 4818 1649 4884 colo,
1682 4834 1890 4884 verum,
2000 4826 2239 4881 Tandem
2271 4824 2509 4897 praefecti
2540 4832 2697 4880 natus
2720 4822 2869 4879 venit
2900 4822 3041 4879 male
3073 4838 3262 4889 sanus,

304 4916 564 4985 llliusque
595 4919 918 4982 potestatem
945 4910 1065 4967 sine
1095 4908 1201 4964 fine
1225 4910 1513 4979 vigentem,
2000 4919 2164 4991 cuius
2202 4918 2457 4974 sustinui;
2486 4930 2655 4973 causa
2676 4916 2786 4971 vim
2814 4915 2970 4984 virgo
3000 4914 3179 4971 beata.

307 5010 422 5078 Qua
444 5022 676 5077 semper,
704 5006 955 5075 proprios
983 5003 1071 5073 pie
1097 5001 1449 5058 conforlamlo
1480 5004 1785 5072 ministroS,
2000 5010 2121 5078 Qui,
2161 5024 2284 5063 mox
2318 5008 2598 5078 ingressus
2631 5006 2825 5063 ridenti
2863 5004 3053 5072 corde,
3084 5003 3327 5060 misellus

305 5100 527 5171 Antiqui
556 5097 772 5153 fraudes
800 5097 973 5153 hostis
998 5094 1285 5167 confringit
1311 5102 1364 5148 et
1390 5108 1595 5161 omnes,
2003 5103 2110 5159 Nec
2134 5100 2269 5155 dixit
2301 5099 2515 5153 laudem
2552 5097 2805 5164 Domino,
2832 5109 2933 5153 nec
2960 5097 3140 5155 reddit
3165 5096 3449 5160 honorem,

308 5192 457 5248 Talia
489 5190 651 5247 verba
686 5200 774 5245 tuo
806 5190 978 5247 nolles
1012 5186 1336 5259 profundere
1365 5196 1551 5251 rostro,
2004 5196 2186 5254 Gratia
2219 5189 2465 5247 tristiﬁco
2491 5190 2651 5263 cuius
2677 5188 2927 5247 radiabat
2953 5188 3013 5246 in
3045 5198 3199 5247 anu-0
3221 5229 3238 5253 ,

306 5285 415 5343 Nec
438 5284 568 5341 mihi
599 5293 833 5339 terrores
870 5282 1071 5340 totiens
1096 5292 1403 5350 praeponere
1435 5278 1645 5347 tristes.
2006 5290 2113 5347 Sed
2143 5290 2209 5344 de
2240 5302 2297 5342 se
2325 5285 2580 5343 stabilem
2607 5286 2765 5343 laetus
2790 5282 3055 5344 tendebat
3078 5286 3131 5340 in
3166 5284 3354 5345 :cdem,

305 5376 439 5433 Hinc
463 5390 583 5446 ego,
616 5388 753 5443 quae,
784 5372 1041 5431 sectanda
1066 5370 1219 5427 ﬁdem
1244 5367 1435 5423 Christi
1463 5372 1795 5453 uictorem,
2009 5382 2267 5454 Amplexu
2302 5378 2439 5433 dulci
2468 5392 2782 5451 speransse
2809 5375 3051 5447 virginis
3077 5377 3151 5433 uti
3171 5416 3187 5442 ,

298 5470 448 5525 Illum
477 5468 760 5536 00890300.
794 5484 893 5524 nec
920 5480 1025 5522 ηοη
1054 5476 1343 5537 cognosc”
1369 5460 1432 5515 ab
1459 5461 1568 5537 "l0,
2006 5474 2123 5531 Jam
2150 5472 2295 5530 licito
2321 5485 2495 5527 sacrae
2537 5472 2696 5545 cujus
2724 5468 3031 5539 languebat
3063 5480 3262 5527 amore.
