4482 5548
842 336 980 391 H27

835 453 893 508 lu
923 451 1206 522 reprobam
1232 452 1489 508 miserum
1521 463 1745 509 mortem
1781 454 2030 507 tradebat
2052 464 2107 509 et
2134 453 2304 508 illum.

840 546 975 602 Nam
1007 563 1153 611 mox,
1188 558 1243 601 ιιι
1271 550 1458 619 rapido
1488 566 1649 606 cursu
1680 560 2064 621 properaverat
2116 550 2203 603 illo
2224 591 2237 612 ,

836 640 952 706 Quo
982 639 1203 710 supplex
1231 639 1415 697 laudes
1440 643 1664 699 Domino
1693 652 2040 699 resonaverat
2069 644 2269 713 Agnes,

835 729 1043 795 infelix,
1074 732 1328 787 membris
1356 732 1643 803 improvisa
1673 734 1925 790 resolutis

835 819 1024 884 Morte,
1055 822 1164 875 ruit
1196 838 1418 893 pronus,
1449 824 1649 880 Christi
1676 826 1873 881 virtute
1897 835 2231 896 peremptus.

834 912 951 979 Quo
979 922 1131 983 pater
1160 915 1369 979 audito,
1395 916 1560 971 miser
1588 916 1804 972 advenit
1828 917 2202 989 lacrymando,

835 1006 1073 1077 Stipatus
1104 1005 1268 1060 multa
1297 1008 1615 1077 populorum
1644 1024 1873 1079 namque
1904 1019 2121 1064 caterva
2146 1049 2159 1074 ,

835 1095 921 1160 Et,
962 1111 1083 1151 sese
1112 1096 1369 1153 miserum
1399 1098 1657 1163 clamans,
1699 1099 1984 1170 spargebat
2012 1100 2063 1154 in
2096 1100 2267 1156 altum

834 1192 1026 1256 Voces,
1054 1192 1135 1247 bis
1170 1203 1412 1249 sanctam
1443 1194 1621 1250 verbis
1644 1196 1914 1250 causando
1938 1195 2169 1267 puellam
2203 1213 2215 1248 :

832 1283 877 1341 Ο
909 1284 1101 1339 mulier
1133 1285 1293 1349 mala,
1318 1286 1573 1351 crudelis,
1605 1287 1689 1342 cui
1723 1302 1826 1342 non
1861 1287 2139 1342 muliebris

833 1374 1023 1431 Cordis
1050 1376 1207 1441 inest,
1240 1375 1427 1431 feritas
1453 1418 1467 1442 ,
1502 1377 1835 1446 nimiumque
1878 1387 2099 1432 cruenta
2146 1376 2413 1443 voluntas,

833 1466 1073 1537 Corpore
1100 1467 1199 1522 sub
1230 1474 1439 1531 tenero,
1473 1465 1820 1522 frendcscens
1849 1482 1998 1521 more
2029 1465 2236 1531 ferino,

830 1556 947 1622 Dic,
986 1574 1105 1629 qua:
1138 1574 1298 1614 causa
1332 1574 1509 1614 meum
1539 1559 1683 1629 cogit
1708 1568 1757 1614 te
1778 1560 2005 1630 perdere
2040 1569 2250 1624 natum,

832 1649 932 1717 Qui
963 1652 1126 1706 decus
1156 1666 1316 1707 omne
1345 1651 1477 1715 suis,
1507 1661 1560 1706 et
1585 1667 1709 1722 spes
1731 1651 1908 1706 fuerat
1934 1654 2195 1723 genitoris
2224 1693 2239 1719 ,

830 1740 1111 1807 Quondam
1152 1739 1322 1795 felicis
1363 1740 1484 1795 talis
1520 1741 1584 1795 de
1612 1742 1855 1810 genuine
1887 1742 2072 1812 prolis,

833 1831 939 1887 Sed
968 1847 1110 1887 nunc
1133 1832 1308 1887 orbati
1342 1832 1540 1887 misere
1570 1848 1668 1903 pro
1698 1832 1885 1888 funere
1914 1834 2023 1887 nati
2053 1834 2074 1887 ἲ

835 1924 994 1993 170
1024 1921 1160 1978 Hinc
1189 1931 1337 1993 patet
1363 1938 1513 1993 ergo,
1539 1932 1683 1978 tuam
1724 1934 1981 1989 mentem,
2010 1926 2233 1980 nimium
2261 1927 2416 1981 vitio-

832 2012 911 2070 De
942 2013 1130 2069 rivulis
1158 2014 1380 2084 magicae
1404 2013 1610 2070 fraudis
1633 2016 1867 2070 bibulam
1897 2017 2031 2071 satis
2049 2032 2189 2081 esse,
2253 2018 2415 2091 [sam,

828 2104 1141 2161 Florentem
1170 2103 1360 2174 primis
1389 2106 1514 2175 quia
1544 2104 1682 2160 forte
1730 2121 1927 2162 necare
1963 2108 2063 2163 sub
2094 2110 2249 2165 anuis

833 2193 1125 2249 Subtracta
1158 2193 1299 2249 dttlci
1322 2192 1575 2261 juvenem
1608 2196 1721 2250 vita
1748 2196 1983 2251 valuisti.

827 2288 902 2343 At
930 2301 1083 2342 sacra
1110 2286 1372 2342 conviciis
1403 2287 1553 2358 virgo
1584 2304 1689 2344 non
1721 2288 1991 2361 frangitur
2017 2290 2159 2357 istis,

827 2378 1079 2436 Profecto
1103 2392 1203 2435 nec
1228 2394 1543 2452 responsum
1584 2382 1842 2437 reddebat
1873 2384 2125 2437 acerbum
2151 2424 2166 2448 ,

827 2470 1041 2536 Dulcia,
1080 2470 1198 2537 sed,
1229 2486 1423 2527 resono
1449 2471 1783 2543 profundcus
1810 2475 1973 2528 verba
2003 2474 2210 2543 palato,

828 2559 976 2616 Dixit
1002 2560 1255 2626 facunde,
1293 2561 1429 2616 bene
1461 2562 1756 2631 composita
1793 2562 2001 2617 ratione
2038 2580 2050 2616 :

826 2650 945 2706 Non
983 2664 1083 2722 ego
1109 2665 1273 2706 causa
1301 2652 1450 2705 necis
1482 2651 1889 2720 fueramjuvcni
1922 2654 2190 2722 pereunti,

830 2742 937 2797 Sed
970 2742 1137 2813 magis
1176 2742 1289 2812 ipse
1328 2742 1429 2798 sibi
1463 2742 1564 2797 fuit
1588 2744 1840 2800 incensor
1870 2745 2167 2812 moriendi,

828 2832 1145 2889 Glorilicare
1167 2834 1333 2888 Deum
1367 2835 1565 2890 stultus
1600 2836 1725 2905 quia
1755 2848 2036 2908 spreverat
2072 2838 2244 2907 illum,

828 2925 1015 2983 Gloria
1046 2926 1276 2983 testifico
1314 2926 1466 2995 cujus
1491 2928 1770 3001 praefulget
1801 2930 1854 2983 in
1877 2939 2055 2986 antro.

831 3020 938 3075 Sed
963 3034 1128 3087 nunc,
1162 3030 1217 3074 ut
1244 3020 1403 3091 plane
1444 3030 1557 3077 toto
1595 3021 1858 3077 clarescat
1890 3023 1941 3077 in
1981 3024 2115 3079 orbe

827 3106 959 3178 Ejus
986 3106 1261 3178 majestas,
1290 3125 1390 3165 nec
1421 3125 1526 3165 non
1555 3111 1812 3181 praecelsa
1842 3121 2108 3181 potestas,

826 3201 1001 3272 Ipsius
1027 3216 1250 3257 suavem
1281 3202 1505 3273 supplex
1540 3219 1638 3258 oro
1675 3204 1952 3272 pietatem,

832 3291 906 3349 Ut
934 3308 1132 3363 corpus
1160 3292 1391 3363 rigidum
1420 3291 1611 3361 jubeat
1640 3294 1974 3351 recalescere
2007 3311 2246 3361 rursum,

828 3385 1009 3455 Atque
1035 3400 1234 3442 novum
1264 3385 1527 3441 membris
1567 3387 1842 3443 hominem
1872 3397 2091 3458 reparet
2134 3388 2415 3445 redivivis.

833 3475 999 3541 Dixit,
1030 3484 1086 3531 et
1109 3484 1349 3532 astantes
1384 3478 1594 3548 regredi
1628 3489 1960 3548 praeceperat
2000 3494 2217 3545 omnes,

829 3567 899 3623 Et
936 3576 1207 3639 prostrata
1252 3567 1367 3624 solo
1392 3608 1407 3633 ,
1439 3568 1778 3639 fundensque
1806 3585 1996 3640 preces
2046 3571 2416 3644 lacrymando,

830 3657 1109 3724 Praestari,
1134 3658 1320 3728 petita
1367 3658 1596 3714 Domino
1627 3662 1841 3716 veniam
1872 3663 2165 3718 sceleroso.

830 3749 932 3808 Cui
961 3766 1085 3807 mox
1114 3751 1315 3816 oranti,
1344 3752 1545 3807 misero
1578 3752 1852 3823 vitamque
1888 3757 2155 3824 precanti,

829 3841 1065 3912 Angelus
1095 3842 1362 3907 astiterat,
1395 3842 1945 3913 procumbentemque
1973 3845 2206 3911 levabat,

828 3935 1085 3990 Praebens
1120 3935 1405 4005 colloquiis
1436 3934 1510 3989 illi
1546 3935 1785 3991 solamen
1832 3937 2058 4001 amicis,

827 4025 885 4081 In
912 4026 1186 4095 verboque
1214 4026 1305 4080 Dei
1329 4025 1493 4095 jussit
1519 4028 1717 4081 virtute
1749 4029 1976 4097 potenti,

829 4118 1174 4173 Exstinctum
1202 4116 1383 4172 subito
1409 4117 1537 4172 flatu
1573 4120 1771 4174 vixisse
1800 4128 2094 4192 resumpto.

829 4208 952 4274 Qui,
992 4208 1153 4263 citius
1180 4208 1346 4273 dicto,
1370 4209 1553 4279 jussus
1585 4210 1819 4264 surrexit
1845 4210 1914 4264 ab
1944 4211 2125 4271 humo,

827 4296 1046 4354 Viribus
1073 4306 1129 4353 et
1167 4299 1379 4353 eunetis
1410 4298 1566 4368 plene
1600 4298 1855 4354 membris
1883 4299 2174 4363 restitutis,

825 4391 905 4446 Ac
940 4389 1156 4446 laudum
1198 4390 1380 4445 dulces
1408 4406 1667 4461 spargens
1694 4406 1855 4461 super
1883 4390 2085 4446 aethera
2127 4404 2308 4456 voces,

829 4484 1026 4539 Grates
1054 4484 1317 4539 continuo
1347 4483 1586 4539 solvebat
1616 4493 1793 4540 mente
1822 4484 2063 4553 jucunda

827 4574 1046 4629 Christo
1075 4574 1292 4638 victori,
1324 4574 1513 4629 mortis
1542 4574 1774 4643 vitaeque
1804 4573 1999 4630 datori.

826 4664 955 4719 inde
984 4665 1227 4735 quidem,
1261 4665 1436 4735 prima
1463 4680 1689 4735 prorsus
1719 4665 1894 4720 forma
1926 4676 2204 4743 revocata,

825 4756 1099 4812 Processit
1121 4756 1297 4822 vivus,
1338 4758 1429 4827 qui
1459 4766 1631 4811 morte
1661 4756 1759 4811 fuit
1798 4758 2079 4830 religatus,

825 4851 1025 4921 Atque,
1063 4866 1159 4905 suo
1188 4850 1326 4906 tristi
1358 4866 1416 4905 se
1446 4852 1824 4921 prmsentaudo
1844 4854 2076 4922 parenti,

830 4946 918 5000 Fit
953 4959 1038 4999 res
1065 4944 1357 5016 gaudendi,
1394 4943 1569 4999 fuerat
1597 4945 1681 4999 cui
1714 4960 1878 5000 causa
1915 4944 2152 5001 dolendi.

829 5036 987 5100 Hinc,
1014 5037 1207 5091 crebro
1238 5036 1434 5091 cmlum
1467 5036 1689 5105 pulsans
1717 5036 1956 5093 clamore
1987 5038 2341 5107 profundum,

832 5126 1012 5174 lltitur
1035 5136 1092 5174 et
1121 5126 1301 5174 verbis
1330 5126 1566 5174 suadens
1589 5127 1883 5174 studiosius
1918 5128 2038 5174 ἰςιίς
2080 5148 2093 5173 2

1698 336 2173 394 HROTSUITHAS
2217 338 2542 395 MONIALIS
2576 340 3274 399 GANDERSHFIAMENSIS

3962 341 4095 398 1188

2445 458 2488 517 Λ
2518 456 2616 520 Qui
2648 456 2793 524 prius
2823 469 3120 524 errantem,
3151 475 3250 513 nec:
3290 475 3395 514 non
3430 474 3681 530 perversa
3713 459 3984 515 volentem
4006 495 4027 525 ,

2518 543 2691 598 Morte
2731 548 3038 614 repentina,
3066 548 3227 603 citius
3257 564 3342 602 me
3372 549 3766 618 prtevcnicndo,

2518 633 2705 689 Finem
2736 636 2982 692 stultitia:
3011 639 3337 709 dignabatur
3361 641 3491 695 dare
3528 649 3712 706 tantm,

2518 726 2585 781 Et
2607 736 2725 796 post
2753 732 2977 792 erranti,
3012 741 3293 802 promptus
3324 732 3483 788 solito
3513 733 3785 800 misereri,

2524 819 2760 889 Virginis
2788 821 3015 892 Agnetis
3050 823 3302 894 precibus
3334 822 3449 879 fere
3488 825 3749 881 studiosis

2520 910 2778 979 Mollitws,
2812 931 3025 969 rursum
3059 916 3177 969 vita:
3200 916 3377 972 reddit
3410 926 3748 971 renovatum.

2517 1004 2588 1058 At
2614 1014 2790 1072 pater,
2824 1014 2881 1061 ut
2906 1014 3089 1060 natum
3118 1006 3336 1075 prodire
3365 1008 3445 1063 sui
3477 1009 3778 1063 redivivum
3801 1047 3820 1075 ,

2518 1093 2827 1154 Perfectum
2860 1098 3059 1167 specie,
3091 1098 3246 1164 vidit,
3283 1099 3610 1169 plenumque
3644 1099 3864 1164 decore,

2519 1186 2801 1249 Interitum
2830 1189 3085 1262 lacrymis
3111 1190 3265 1259 cujus
3306 1190 3522 1245 deflevit
3552 1192 3753 1245 amaris
3772 1231 3787 1255 ,

2518 1277 2642 1347 Mox
2668 1296 2831 1350 super
2861 1282 3075 1336 insolita
3103 1283 3243 1353 signi
3293 1284 3533 1337 novitate
3571 1283 3823 1352 stupendi

2518 1370 2851 1427 Adntiraudo
2884 1382 3063 1443 pavet,
3092 1374 3214 1429 laeto
3244 1374 3337 1429 sed
3370 1383 3590 1445 pectore
3612 1376 3831 1447 gaudet.

2522 1465 2693 1529 Tune,
2727 1464 3101 1535 amplectende
3130 1466 3328 1523 collum
3358 1469 3561 1538 pietate
3588 1477 3813 1539 paterna
3840 1509 3856 1534 ,

2521 1555 2668 1609 Mitia
2702 1554 2957 1625 praedulci
2989 1555 3253 1611 libaverat
3280 1557 3465 1611 oscula
3498 1558 3657 1627 proli,

2520 1646 2697 1716 Atque
2728 1644 2895 1700 Deum
2930 1660 3116 1700 verum
3146 1645 3389 1701 clamans
3412 1647 3549 1701 dixit
3586 1646 3703 1703 fore
3736 1648 4041 1716 Christum,

2522 1739 2688 1807 Cujus
2725 1748 2834 1794 tam
2865 1739 3093 1795 celerem
3125 1740 3482 1811 cognoscebat
3511 1742 3762 1810 pietatem
3783 1781 3799 1806 ,

2443 1812 2492 1872 Β
2519 1830 2683 1901 Cujus
2711 1842 2765 1885 et
2796 1830 3020 1901 imperio
3059 1847 3204 1887 mors
3231 1832 3623 1887 succumbebat
3653 1849 3865 1897 amara,

2521 1920 2769 1976 lieddeus
2794 1921 3089 1984 viventem,
3121 1938 3282 1992 quem
3316 1922 3573 1976 sorbebat
3605 1922 3957 1978 morientem.

2522 2011 2739 2067 Scilicet
2768 2020 3009 2067 astantes
3038 2012 3235 2067 animis
3266 2013 3590 2067 mirantibus
3616 2027 3825 2077 omnes,

2521 2102 2739 2157 Tollunt
2767 2104 2819 2157 in
2846 2103 3041 2157 coelum
3068 2103 3171 2158 ἱεριί
3211 2105 3480 2174 praeconia
3513 2103 3750 2167 laudum,

2520 2193 2832 2249 Laudantes
2862 2204 3111 2249 sanctum
3142 2195 3351 2248 Domini
3387 2210 3581 2249 nomen
3623 2194 4000 2251 benedictum.

2522 2283 2636 2340 Hoc
2665 2286 2755 2340 vix
2785 2286 3069 2355 pontifices
3108 2285 3310 2340 crudeli
3342 2286 3503 2341 corde
3529 2327 3542 2353 ,
3570 2285 3823 2345 ferentes.

2521 2380 2878 2435 Commovere
2900 2382 3117 2451 quidem
3151 2396 3256 2436 non
3288 2396 3510 2450 parvam
3548 2382 3893 2449 seditionem,

2523 2472 2730 2543 Agnem
2761 2472 3103 2543 sacrilegam,
3135 2472 3406 2537 dicentes,
3433 2482 3487 2527 et
3520 2473 3873 2530 scelerosam.

2526 2564 2712 2620 Occidi
2743 2565 2919 2635 pmnis
2940 2564 3103 2619 citius
3134 2564 3335 2619 debere
3360 2567 3627 2630 cruentis,

2525 2654 2674 2710 lllius
2703 2670 2867 2710 causa
2898 2655 3023 2724 quia
3055 2664 3423 2726 contemptum
3449 2657 3741 2712 simulacra

2525 2744 2842 2815 Cunctaque
2866 2761 3147 2801 sacrorum
3189 2755 3506 2817 paterentur
3528 2747 3651 2815 jura
3678 2762 3925 2804 suorum.

2525 2834 2663 2890 Hinc
2695 2851 2918 2906 prmses,
2948 2846 3173 2892 mmstus
3201 2838 3417 2892 turbato
3443 2849 3666 2908 pectore
3692 2838 3867 2895 factus
3889 2879 3905 2903 ,

2525 2926 2815 2983 Coudoluit
2844 2943 3014 2984 sacra:
3052 2928 3299 2983 subtristi
3332 2940 3511 2984 mente
3532 2930 3721 3000 puellae
3749 2974 3763 2995 ,

2526 3021 2745 3092 Ignorat
2776 3029 2978 3085 tamen,
3008 3020 3233 3075 omnino
3260 3020 3459 3076 dubius
3486 3037 3651 3092 super
3686 3022 3773 3077 illa
3800 3064 3815 3088 ,

2534 3111 2691 3180 172
2705 3110 2840 3177 Quid
2863 3111 2963 3165 sibi
2988 3110 3303 3164 sectandum
3321 3110 3405 3165 vel
3422 3111 3549 3180 quid
3574 3121 3805 3167 restaret
3825 3112 4123 3183 agendum,

2448 3163 2493 3227 Ο
2524 3163 2758 3255 Fertis-tre
2790 3214 2894 3253 nou
2926 3197 3146 3269 placuit.
3176 3199 3269 3253 sed
3308 3215 3406 3255 nec
3439 3163 3740 3255 defendere
3770 3163 3965 3270 quicvit.

2522 3288 2761 3343 Tandem
2787 3288 3038 3343 discessit
3074 3302 3335 3355 maerens,
3366 3290 3641 3359 aliumque
3666 3291 3905 3361 reliquit,

2519 3386 2726 3441 Judicis
2751 3384 2927 3442 cilicio
2957 3386 3202 3441 functqu
3234 3385 3454 3441 feritate
3481 3386 3686 3458 lupina,

2523 3477 2626 3545 Qui
2658 3476 2761 3531 fuit
2793 3478 3053 3547 Aspasius
3082 3478 3277 3542 dictus,
3310 3481 3527 3548 rituque
3559 3479 3820 3549 profanus
3841 3520 3856 3542 ,

2521 3568 2625 3634 Qui
2658 3568 2799 3622 citus
2825 3570 3090 3639 Agnetem
3122 3569 3310 3639 projici
3346 3549 3600 3640 prmcepit
3630 3570 3681 3623 in
3730 3571 3933 3639 ignem,

2521 3656 2846 3711 Pontificum
2874 3658 3011 3710 votis
3044 3657 3184 3711 male
3213 3658 3593 3713 concordando
3625 3658 3899 3730 malignis.

2524 3748 2631 3804 Sed
2661 3764 2860 3820 corpus
2889 3760 3124 3816 castum,
3160 3750 3304 3804 nulla
3333 3752 3399 3806 de
3429 3752 3587 3808 sorde
3614 3753 3893 3825 piandum,

2522 3838 2700 3893 Ardor
2729 3839 2964 3893 carnalis
2996 3842 3137 3908 quod
3175 3856 3279 3895 non
3313 3843 3595 3898 succendit
3624 3846 3831 3900 amoris
3855 3886 3872 3911 ,

2522 3928 2665 3998 Ignis
2690 3944 2792 3982 non
2833 3928 2969 3984 laesit
2998 3944 3256 3998 praesens,
3292 3947 3392 3989 nec
3420 3942 3642 4003 tangere
3672 3936 3870 4004 quivit.

2522 4018 2786 4087 Denique,
2818 4020 3003 4073 diviszc
3036 4020 3220 4074 divino
3245 4020 3494 4087 Numine,
3525 4024 3757 4078 llammm

2521 4109 2789 4178 Virgineis
2819 4110 3059 4163 tribucre
3089 4109 3262 4165 locum
3291 4114 3546 4181 precibus
3574 4116 3901 4184 spatiosum,

2522 4200 2601 4255 Ac
2630 4210 3068 4269 prorumpentes,
3098 4211 3230 4257 testu
3260 4204 3534 4274 nimioque
3559 4206 3801 4263 furentes
3821 4248 3835 4270 ,

2522 4291 2763 4347 Perdunt
2791 4294 3097 4359 carnifices,
3130 4296 3331 4351 urendo
3360 4299 3609 4368 primitus
3634 4316 3840 4362 omnes,

2523 4382 2681 4449 Hinc,
2710 4384 3155 4441 circumstantem
3188 4386 3488 4444 lambentes
3520 4391 3755 4461 undique
3780 4391 3997 4462 plebem
4028 4432 4047 4461 ,

2525 4475 2883 4542 Incredulam,
2910 4478 3092 4549 plures
3119 4480 3313 4551 raptim
3348 4491 3593 4538 stravere
3621 4484 3941 4555 phalanges.

2446 4536 2499 4598 Β
2530 4569 2654 4624 Sola
2688 4570 2782 4625 sed
2815 4570 3073 4626 immunis
3100 4572 3280 4627 stabat
3309 4574 3397 4644 pia
3434 4576 3587 4648 virgo
3614 4576 3845 4640 caloris,

2527 4661 2673 4717 Inter
2701 4660 3039 4717 flammarum
3069 4664 3248 4719 crines
3278 4664 3469 4721 ludens
3500 4669 3851 4738 crepitanles,

2527 4754 2819 4825 Oravitque
2853 4756 3019 4811 Deum
3049 4756 3222 4812 versis
3247 4758 3314 4811 ad
3341 4758 3517 4814 sidera
3542 4760 3759 4831 palmis,

2529 4846 2642 4902 llac
2668 4856 2825 4901 utens
2851 4848 2902 4901 in
2932 4846 3109 4901 fronte
3131 4863 3315 4917 prece,
3342 4844 3704 4907 modulamine
3729 4840 3904 4910 laudis

2529 4938 2887 5008 Omniparens
2924 4939 3084 4994 Verbi
3120 4941 3352 5011 genitor,
3386 4944 3681 5014 mundique
3709 4955 3949 5013 creator,

2528 5034 2653 5101 Qui,
2684 5049 2808 5089 cum
2840 5034 3037 5090 dilecto
3068 5050 3302 5106 regnans
3332 5048 3476 5095 retro
3506 5049 3746 5111 tempora
3775 5042 3939 5111 Nato,

2529 5125 2935 5174 Atulmruruuue
2962 5136 3239 5174 cnmlernn
3271 5145 3393 5174 num
3422 5130 3666 5174 ΙὶἾίιηιίημ
3698 5149 3856 5174 «αισι-η
