4482 5548
370 426 505 490 “29

368 550 564 603 Pmnas
594 549 836 617 sacrilegi
867 548 1065 617 pariter
1089 546 1392 615 superando
1423 544 1656 613 tyranni.

370 638 527 699 llinc.
559 640 800 707 gaudens
826 639 876 690 in
910 648 960 690 te
989 638 1211 690 nimium
1240 651 1400 704 super
1434 636 1532 687 hac
1573 636 1793 701 pietate,

370 730 448 782 Ad
480 737 531 782 te
562 744 702 783 nunc
727 728 919 781 animis
946 727 1139 781 festino
1167 728 1348 779 venire
1369 725 1619 793 jucuntlis
1643 765 1656 784 ,

370 816 715 886 Optansjura
741 816 848 885 pati
890 817 1095 876 mortis,
1138 816 1404 881 citiusque
1435 812 1650 875 resolvi,

371 906 487 972 Quo
514 921 723 960 merear
751 919 877 958 vere
907 904 1257 970 contemplari
1287 904 1401 957 sine
1430 902 1533 955 fine

371 997 469 1057 Te,
501 1011 659 1065 quem
688 994 932 1063 qumsivi,
962 1008 1120 1061 quem
1153 993 1324 1046 solum
1358 1006 1572 1061 semper
1598 991 1795 1043 amavi.

376 1090 530 1159 173
554 1087 631 1140 Tu
654 1088 890 1142 clemens
911 1086 1167 1147 animam,
1190 1101 1285 1154 pro
1307 1094 1358 1138 te
1379 1086 1443 1138 dc
1463 1100 1687 1153 corpore
1711 1084 1936 1153 pulsam,

372 1180 512 1233 Intra
540 1181 772 1234 claustra
806 1182 879 1234 tui
914 1182 1199 1248 dignanter
1228 1182 1438 1249 suscipe
1469 1182 1636 1249 regni,

373 1268 488 1332 Quo
521 1277 593 1329 tu,
620 1268 742 1334 jure
774 1276 863 1321 tuo
889 1268 1094 1336 pollens
1119 1270 1218 1322 sub
1248 1269 1465 1321 nomine
1494 1270 1656 1328 trino,

372 1355 481 1407 Rex
514 1371 651 1408 unus
678 1356 939 1410 machina:
973 1372 1150 1409 rerum
1182 1370 1285 1425 per
1304 1357 1495 1411 sarcula
1527 1356 1699 1417 trime,

370 1447 583 1515 lstaque
613 1460 803 1500 cuneta
834 1449 973 1517 regis
1000 1458 1209 1516 sceptro
1237 1464 1457 1501 summa:
1490 1448 1729 1499 Deitatis.

373 1537 612 1603 Scilicet,
644 1541 852 1593 orantis
881 1543 1130 1608 precibus
1152 1542 1264 1609 jam
1299 1543 1399 1595 rite
1428 1542 1683 1610 peractis,

370 1627 587 1697 Ignibus
613 1632 911 1691 exstinctis,
950 1636 1175 1687 moritur
1204 1635 1381 1688 subito
1408 1650 1567 1702 rogus
1602 1633 1797 1696 omnis,

372 1718 437 1771 Et
468 1720 605 1772 cinis
643 1720 776 1787 ipse,
808 1722 921 1775 suis
948 1723 1392 1791 confrigescendo
1421 1723 1636 1784 favillis,

372 1807 463 1863 Sic
490 1824 683 1877 expers
712 1811 888 1864 onmis
926 1810 1097 1865 factus
1128 1812 1229 1865 fuit
1257 1812 1365 1865 imo
1390 1813 1586 1865 caloris
1607 1852 1621 1873 ,

370 1896 443 1951 Ut
469 1913 564 1951 nec
594 1900 881 1953 scintillam
911 1902 1011 1955 sibi
1040 1910 1161 1970 post
1185 1904 1481 1956 servaverit
1512 1904 1695 1956 ullam.

372 1986 483 2042 Iloc
508 1990 667 2058 igitur
693 1992 847 2057 signo
881 1990 991 2057 iam
1019 1993 1350 2047 clarescente
1384 1996 1667 2062 stupenda,

370 2077 579 2152 Quanto
613 2094 671 2132 se
706 2082 875 2135 virtus
900 2082 1100 2134 Christi
1128 2084 1246 2151 plus
1274 2083 1475 2152 detegit
1513 2084 1663 2147 orbi,

373 2150 545 2220 Τῖῦἶῶ
574 2168 792 2234 majoris
816 2170 960 2223 rabie
992 2171 1242 2237 spirando
1270 2171 1466 2225 furoris

371 2257 603 2324 lnjustus
627 2261 787 2327 judex
827 2261 1008 2313 animo
1036 2262 1311 2315 cruciatur
1340 2277 1545 2326 amaro,

370 2346 478 2402 Nec
501 2351 703 2417 patitur
733 2365 942 2404 sacram
974 2360 1093 2419 post
1120 2354 1230 2406 haec
1266 2369 1547 2423 superesse
1574 2354 1825 2422 puellam,

370 2436 473 2489 Per
501 2453 660 2506 quam
685 2450 811 2493 sunt
838 2440 1029 2495 crebro
1061 2443 1315 2497 miracula
1352 2452 1497 2497 tanta
1528 2454 1760 2511 patrata,

370 2525 509 2579 Ense
534 2528 624 2580 sed
657 2528 915 2593 immisso,
949 2538 1188 2584 tenerum
1216 2542 1403 2601 guuur
1425 2534 1789 2601 penetrando,

371 2615 621 2687 Martyris
652 2621 878 2689 egregire
903 2622 1140 2691 jugulum
1176 2625 1408 2691 perfodit
1437 2640 1619 2678 amare
1644 2666 1658 2687 ,

369 2705 451 2767 Et,
483 2722 598 2760 vice
629 2724 909 2773 conversa,
940 2713 1080 2780 quod
1110 2728 1213 2766 non
1251 2714 1506 2781 speravit,
1535 2716 1740 2782 agendo
1848 2722 1874 2790 ζ’

366 2798 445 2853 llli
476 2802 720 2870 profecit,
752 2803 836 2858 cui
873 2804 1040 2875 gratis
1069 2804 1260 2861 obesse
1290 2804 1525 2875 Cupivit,~

373 2889 767 2946 Transmittens
797 2895 953 2958 ccelo,
986 2913 1146 2964 quam
1178 2898 1446 2951 subtraxit
1476 2898 1615 2953 male
1648 2896 1865 2954 mundo.

370 2978 459 3040 At,
491 2980 599 3039 ubi,
634 2997 729 3049 pro
755 2981 968 3037 Christo
996 2985 1177 3039 lethali
1212 2987 1433 3041 vulnere
1460 2988 1580 3040 hesa
1605 3029 1619 3051 ,

371 3068 679 3125 Extremum
716 3075 938 3131 Domino
967 3078 1147 3133 ﬂatum
1183 3082 1356 3136 reddit
1382 3086 1678 3148 moriendo,

372 3157 562 3226 Atque,
599 3164 697 3215 fide
725 3164 889 3227 salva,
922 3169 1158 3236 gaudens
1189 3172 1459 3226 obdormit
1488 3176 1537 3228 in
1571 3176 1678 3240 illo,

371 3250 531 3304 Ocius
563 3254 785 3322 angelici
822 3266 1016 3320 coetus,
1047 3260 1113 3312 de
1143 3262 1316 3315 sidere
1341 3263 1470 3331 lapsi
1498 3306 1511 3329 ,

370 3342 640 3403 Astautcs,
682 3345 912 3398 animam
954 3349 1108 3401 niveo
1140 3352 1373 3405 candore
1401 3369 1683 3409 coruscam
1704 3397 1717 3418 ,

371 3427 479 3483 Nec
506 3448 606 3485 non
637 3435 870 3489 cmlcstis
896 3438 1166 3506 perfusam
1201 3441 1316 3495 luce
1345 3443 1564 3505 nitoris,

372 3516 568 3571 lllandc
595 3522 891 3589 suscipiunt
916 3525 1125 3595 lastiqne
1154 3544 1249 3596 per
1276 3545 1397 3582 aera
1431 3532 1645 3592 tollunt,

370 3606 613 3677 Congrue
641 3611 831 3665 divinre
860 3614 1028 3668 laudis
1067 3620 1442 3673 resonantibus
1468 3621 1680 3690 hymnis
1699 3662 1713 3683 ,

371 3696 599 3780 Indeque
633 3710 988 3757 transvectam
1018 3706 1221 3759 celeres
1250 3723 1409 3777 super
1434 3710 1651 3764 :ctheris
1685 3712 1830 3780 ignes

374 3774 581 3840 [iuerint
612 3792 931 3859 astrigeram
964 3798 1141 3864 sponsi
1189 3799 1423 3852 caelestis
1456 3800 1505 3852 in
1544 3801 1720 3854 aulam
1746 3842 1758 3863 ,

370 3874 411 3924 Λ
439 3890 543 3942 quo
568 3881 823 3935 continuo
846 3884 1048 3938 clarum
1082 3889 1334 3943 rutilante
1360 3906 1557 3945 corona

374 3963 625 4029 Donatur,
659 3987 803 4038 pura:
834 3991 929 4043 pro
959 3978 1284 4048 virginitatis
1318 3983 1537 4037 honore.

610 434 697 490 DE
719 431 1037 489 PRIMORD.
1065 430 1342 488 C(ENOB.
1369 431 1752 487 GANDERSII.
1782 432 1865 485 ET
1894 432 1977 486 DE
2008 432 2247 487 CESTIS
2282 432 2527 489 ΟΤΤΟΝ.
2555 433 2730 486 L—D.
2758 432 2993 485 PERTZ.
3027 432 3358 487 llOXl'i’L’M.

1966 551 2015 610 Α
2045 545 2152 599 Nec
2183 548 2361 599 minus
2389 561 2536 615 ergo,
2562 546 2643 599 sui
2671 547 2823 613 signo
2847 546 3089 600 donanda
3120 547 3398 616 triumphi,

3476 435 3609 487 H30

2042 636 2279 707 Martvrii
2313 638 2541 707 palmam
2573 640 2819 705 sumpsit,
2854 640 2967 693 sine
2999 638 3103 693 fine
3133 642 3445 706 gerendam,

2039 724 2157 790 Quo
2186 737 2388 795 martyr
2414 726 2560 790 felix,
2589 728 2784 795 duplici
2825 730 3120 783 certamine
3149 732 3337 784 victrix
3357 772 3371 793 ,

2046 817 2203 887 174
2229 816 2503 886 Corporis,
2526 828 2580 871 et
2608 819 2799 873 mentis
2828 860 2841 880 .
2874 822 3021 873 carni
3053 837 3264 891 semper
3302 824 3607 889 renitentis,

2044 910 2210 965 Utens
2239 912 2422 966 mterni
2456 912 2640 967 bravio
2668 914 2817 983 regni
2845 914 3113 984 duplicato
3133 956 3147 979 ,

2043 1000 2183 1054 Inter
2226 1002 2492 1071 virgineas
2516 1001 2738 1070 fulgeret
2761 1003 2902 1057 clara
2932 1014 3198 1068 catervas,

2042 1092 2173 1147 Lilia
2205 1108 2321 1156 ceu,
2350 1093 2573 1162 pulchro
2610 1109 2764 1149 roseo
2787 1098 3038 1165 permista
3073 1099 3301 1163 rubore,

2042 1184 2185 1237 Inter
2214 1183 2433 1237 delicias
2464 1182 2650 1237 florum
2684 1187 2905 1239 rutilant
2932 1189 3221 1241 variorum.

2043 1274 2252 1328 Interea
2278 1289 2491 1343 quoque
2516 1290 2845 1330 summorum
2876 1292 3029 1332 sacra
3061 1294 3187 1332 cura
3220 1290 3501 1348 parentum
3521 1320 3536 1345 ,

2042 1365 2322 1419 Excultum
2352 1381 2541 1435 magna
2581 1365 2603 1417 f
2605 1383 2737 1420 unus
2766 1370 3069 1423 venerabile
3091 1386 3306 1439 pompa,

2042 1454 2097 1507 In
2124 1454 2328 1518 gremio
2360 1462 2516 1507 terrae
2554 1463 2660 1507 toto
2694 1457 2935 1510 contexit
2970 1458 3195 1520 honore,

2044 1540 2153 1593 Nec
2180 1541 2356 1594 saltim
2387 1544 2599 1595 bustum
2632 1554 2855 1597 sacrata:
2888 1547 3111 1614 virginis
3142 1548 3338 1615 ipsum.

2043 1630 2193 1694 Quod
2227 1645 2323 1696 pro
2348 1632 2626 1683 servandis
2665 1632 2836 1684 fuerat
2860 1634 3161 1689 venerabile
3202 1638 3482 1701 membris,

2045 1716 2357 1769 Sollicitudo
2388 1718 2679 1786 parentalis
2705 1724 3029 1789 contempsit
3053 1727 3270 1787 amoris,

2046 1806 2152 1859 Sed
2178 1806 2276 1860 sub
2307 1808 2584 1860 nocturnis
2608 1819 2787 1861 servat
2818 1811 3162 1879 vigilantibus
3187 1815 3353 1867 horis.

1970 1880 2018 1939 Β
2046 1896 2133 1957 ΑΙ,
2162 1896 2287 1948 dum
2314 1897 2618 1964 pervigiles,
2651 1909 2908 1952 consueto
2937 1916 3102 1962 more,
3132 1913 3377 1970 parentes

2045 1984 2310 2040 Exeubias
2337 1987 2473 2054 proli
2500 1989 2847 2042 celebrabant
2882 2002 3059 2045 mente
3098 1994 3259 2058 fideli,

2044 2074 2267 2132 leitus
2295 2078 2379 2131 his
2413 2079 2542 2145 ipsis
2566 2091 2900 2134 monstratur
2926 2083 3061 2135 visio
3086 2084 3226 2137 talis.

2044 2163 2283 2232 Denique
2310 2166 2579 2235 virgineas
2602 2169 2777 2221 subito
2808 2171 3133 2225 descendere
3161 2181 3362 2229 turmas

2046 2250 2327 2317 Viderunt,
2362 2256 2537 2325 lapsas
2562 2259 2724 2312 celeri
2759 2261 2822 2312 de
2852 2261 3073 2315 cardine
3105 2264 3224 2317 ρωΙί
3246 2305 3259 2324 ,

2043 2341 2276 2398 Ornatas
2303 2345 2545 2413 pulchre,
2577 2347 2733 2415 pleno
2761 2360 3113 2420 comptasque
3136 2353 3331 2409 decore
3358 2396 3373 2419 ,

2041 2430 2187 2487 lnter
2215 2450 2348 2502 quas
2370 2436 2595 2505 Agnem,
2630 2439 2790 2491 simili
2822 2442 3107 2509 splendore
3137 2445 3391 2499 nitentem
3418 2487 3434 2510 ,

2041 2522 2382 2591 Conspexere
2408 2542 2581 2589 suam,
2612 2545 2710 2596 pro
2736 2530 2952 2585 Christo
2979 2536 3393 2604 martyrisatam,

2041 2611 2087 2663 Α
2118 2610 2321 2666 dextris
2353 2615 2503 2683 cujus
2535 2618 2655 2670 nive
2685 2620 2963 2674 candidior
2997 2624 3149 2677 stetit
3171 2639 3359 2692 agnus.

2043 2699 2188 2767 Quos
2216 2704 2407 2756 merito
2441 2706 2558 2758 fidei
2593 2708 2751 2760 scivit
2777 2710 2966 2779 dignos
2999 2716 3267 2778 venerari,

2044 2791 2245 2846 Blande
2270 2794 2552 2862 colloquiis
2584 2799 2702 2851 illos
2734 2799 2932 2855 affatur
2961 2805 3151 2858 amicis
3173 2845 3188 2867 ,

2042 2879 2237 2934 Dieens
2263 2898 2406 2937 nunc
2436 2888 2660 2953 gaudete
2691 2904 2923 2953 meeum,
2945 2893 3261 2959 gratulando
3288 2910 3382 2963 per
3403 2912 3574 2950 :evum
3596 2939 3609 2963 ,

2042 2969 2173 3028 Sum
2202 2974 2348 3044 quia,
2376 2974 2591 3032 lucillua
2625 2978 2785 3051 Regis
2820 2981 3058 3039 ccclesiis
3096 2984 3146 3041 iu
3172 2984 3290 3037 aula
3316 3026 3330 3051 ,

1980 3124 1983 3131 ,
2042 3065 2355 3136 Virginibus
2383 3072 2553 3123 sacris
2584 3074 2783 3125 sociata
2813 3079 3128 3141 perenniter
3156 3079 3272 3133 istis

2044 3157 2109 3210 Et
2142 3173 2281 3211 nunc
2308 3159 2358 3211 in
2390 3160 2542 3213 cmlis
2581 3162 2650 3213 illi
2697 3164 2992 3235 conjungor
3022 3170 3223 3222 amoris

2043 3248 2302 3317 Amplexu
2330 3250 2489 3313 dulei,
2520 3268 2678 3321 quem
2712 3270 2926 3325 semper
2956 3270 3133 3313 mente
3166 3260 3309 3315 fideli

2042 3338 2097 3390 ln
2130 3342 2289 3393 terris
2316 3340 2476 3403 colui,
2504 3344 2729 3412 cUpiens
2762 3347 2879 3401 sine
2907 3349 3010 3402 fine
3042 3352 3202 3404 tueri.

2042 3426 2135 3481 llis
2166 3430 2327 3498 igitur
2354 3430 2513 3486 dictis
2540 3435 2717 3489 subito
2749 3437 2995 3492 discessit
3026 3441 3093 3492 ab
3121 3442 3247 3496 illis.

2041 3518 2164 3582 Qui,
2195 3521 2417 3575 nimium
2445 3523 2550 3577 laeti
2582 3532 2729 3577 tanto
2762 3527 3025 3581 solamine
3052 3528 3201 3593 facti,

2044 3611 2331 3669 Siccabant
2359 3617 2625 3687 lacrymas
2648 3636 2808 3690 super
2838 3623 2952 3691 ejus
2982 3634 3153 3679 morte
3182 3627 3406 3695 refusas,

2042 3703 2108 3757 Et
2136 3705 2318 3760 laudes
2362 3708 2586 3763 Domino
2612 3712 2909 3779 psallebant
2941 3730 3069 3769 voce
3098 3731 3292 3771 canora
3312 3760 3326 3779 ,

2042 3795 2140 3862 Qui
2175 3809 2293 3865 post
2321 3799 2452 3852 dura
2486 3803 2599 3854 suis
2633 3802 2819 3857 tribuit
2852 3807 3145 3859 certamina
3178 3812 3392 3878 sanctis}

2042 3888 2309 3950 Testibus.
2341 3900 2553 3945 (eterna:
2583 3892 2877 3949 clementer
2898 3898 3115 3963 prmmia
3146 3899 3287 3953 vitze.

367 4095 3287 4142 Μ

1307 4236 2662 4354 HBOTSUITHE

1480 4418 2453 4627 (ﬁumina

615 4738 760 4888 DE
868 4740 1541 4895 PlillllllllllllS
1646 4742 2111 5035 C(ENOEII
2225 4744 2385 4897 Gil

1646 4742 2111 5035 ClENllgll
2225 4736 3367 4909 GANDERSHEIMENSIS

637 5121 815 5232 11E
902 5120 1401 5233 GESTIS
1484 5094 2236 5293 ODDQ1_\11__S__I
2326 5124 3322 5243 IMPERATORIS.

1066 5338 1242 5395 (Apud
1282 5337 1343 5390 D.
1388 5336 1567 5401 Pertz,
1614 5338 1851 5392 Monum.
1896 5335 2073 5391 Germ.
2116 5339 2325 5403 Itislor.,
2357 5337 2555 5409 Script.
2590 5348 2727 5397 tom.
2760 5341 2872 5411 IV.)
