4482 5548
832 358 961 413 1151

1346 356 1407 411 IN
1433 354 1675 411 LIBROS
1714 348 2182 410 llllOTSlilTllaE
2227 348 2315 402 DE
2354 343 2684 400 PlilMORD.
2724 344 3004 400 COENOB.
3043 341 3553 401 GANDERSIIEIM.

3953 342 4088 396 “32

831 474 1252 533 dcrshcimcnsis
1279 476 1568 544 primordia
1601 484 1652 528 ct
1686 490 1768 529 res
1795 484 1973 544 gestas
1997 470 2207 526 Ottonis
2236 465 2408 536 Magni
2439 469 2483 525 Α
2514 462 2800 517 laudabilis
2830 478 3108 517 sacrarum
3136 462 3400 531 virginum
3432 459 3748 516 castimonia
3780 458 4086 514 celebrare-

831 568 1175 638 impcratoris
1221 567 1462 621 carmine
1524 566 1718 619 Latino
1780 564 2101 619 celebranda
2156 557 2409 626 suscepit.

829 662 953 715 Fuit
979 674 1072 725 ca,
1104 669 1161 712 ut
1190 659 1335 713 credi
1369 658 1450 712 fas
1480 667 1593 721 est,
1618 657 1810 713 Ottone
1836 656 1855 710 1
1886 670 2008 726 rege
2031 656 2129 724 (4‘)
2164 654 2215 707 in
2241 651 2411 706 Saxo-

830 759 916 815 nia
955 768 1078 813 nata
1109 799 1122 821 ,
1173 765 1226 811 et
1269 752 1629 814 monasterio,
1672 748 1814 818 quod
1843 762 1871 800 a
1903 743 2149 800 Liudoll'o
2178 741 2409 805 comite,

829 848 1044 904 Ottonis
1075 847 1091 900 1
1124 858 1345 917 proavo,
1378 841 1675 903 conditum,
1705 853 1770 891 ex
1821 834 2057 905 posteris
2102 832 2219 901 ejus
2248 830 2412 883 abba-

831 940 990 992 tissas
1014 936 1335 1005 accipiebat,
1365 932 1559 987 tradita
1587 929 1781 983 litteris
1809 924 2150 981 addiscendis
2187 934 2407 990 operam

829 1029 994 1090 dedit,
1021 1038 1073 1082 et
1119 1028 1243 1081 dum
1298 1039 1397 1079 nec
1424 1030 1632 1077 matura
1661 1028 1817 1073 :ctate
1844 1016 2079 1086 vigebat,
2110 1028 2208 1067 nec
2237 1011 2411 1065 scien-

831 1121 922 1182 tia,
957 1129 1015 1173 nt
1058 1119 1169 1188 ipsa
1222 1116 1461 1171 modeste
1488 1114 1554 1168 dc
1579 1128 1635 1167 se
1663 1110 1881 1174 scribit,
1912 1105 2253 1178 proficiebat,
2291 1120 2309 1152 ι
2342 1116 2406 1155 ex

826 1210 1111 1268 sententiis
1154 1208 1556 1277 Scripturarum
1577 1246 1590 1267 ,
1622 1217 1756 1272 quas
1783 1201 1924 1254 intra
1965 1211 2146 1251 aream
2177 1194 2405 1249 emnobii

825 1302 1148 1370 collegerat,
1204 1306 1404 1351 textum
1454 1294 1687 1363 aliquem
1742 1290 2009 1345 conﬁcere
2055 1286 2354 1355 satagebat.
2385 1302 2402 1333 ι

824 1393 883 1448 ln
912 1392 1063 1447 libris
1104 1388 1405 1445 scribendis
1436 1386 1613 1456 primo
1641 1381 1930 1436 Rikkardis
1952 1420 1967 1445 ,
1995 1377 2407 1449 sapientissimm

827 1495 987 1553 atque
1014 1480 1414 1550 benignissima:
1453 1477 1723 1546 magistra:
1742 1514 1756 1539 ,
1790 1473 2122 1539 aliarumque
2148 1468 2263 1536 ejus
2291 1468 2407 1519 vice

825 1576 1205 1633 instruentium
1227 1613 1239 1635 ,
1279 1579 1463 1641 postea
1494 1582 1623 1622 vero
1658 1566 1944 1634 Gerbcrga‘.
1982 1562 2268 1616 abbatissa:
2294 1572 2408 1611 ma-

824 1664 1044 1735 gisterio
1070 1679 1162 1716 usa
1189 1670 1269 1715 cst
1308 1659 1405 1729 (5).
1448 1658 1573 1712 "me
1615 1656 1850 1710 llcinrici
1894 1653 2148 1706 Bawaria:
2176 1649 2327 1703 ducis
2354 1655 2409 1700 et

824 1757 1075 1818 Juditlnc,
1111 1752 1311 1807 Arnolli
1348 1750 1503 1804 ducis
1532 1757 1690 1809 nata),
1726 1746 1854 1799 filia.
1879 1759 2000 1813 qua:
2031 1742 2152 1795 inde
2180 1741 2247 1797 ab
2268 1752 2407 1791 anno

823 1847 1043 1901 circiter
1062 1845 1166 1899 959
1194 1858 1290 1913 per
1318 1839 1669 1910 quadraginta
1701 1836 1926 1904 amplius
1953 1847 2124 1888 annos
2152 1832 2169 1901 (

824 1938 1043 1992 nobinm
1089 1930 1611 1988 Gamlersheimense
1664 1927 1841 1989 rexit,
1902 1924 2055 1977 initio
2132 1921 2409 1990 regiminis

824 2030 931 2093 sui,
976 2027 1097 2080 licet
1126 2032 1283 2077 artato
1317 2022 1511 2085 minor,
1541 2020 1656 2084 sed,
1689 2028 1746 2072 ut
1801 2015 2133 2086 imperialcm
2181 2013 2407 2067 decebat

823 2127 1060 2187 neptem,
1095 2114 1317 2168 scicntia
1348 2110 1677 2181 provectior,
1705 2109 1910 2177 aliquot
1945 2115 2222 2166 auctores,
2273 2118 2408 2172 quos

824 2212 938 2277 ipsa
971 2208 1120 2277 prius
1155 2220 1183 2258 a
1219 2202 1638 2275 sapientissimis
1670 2201 1880 2263 didicit,
1912 2198 2283 2252 llrotsnitham
2314 2196 2407 2249 ad-

823 2301 1041 2355 modum
1073 2299 1158 2367 pie
1187 2294 1421 2350 erudivit
1461 2293 1557 2363 (6).
1605 2292 1733 2358 Quae
1760 2291 1973 2359 quidem
2023 2289 2283 2342 librorum
2316 2302 2403 2339 sa-

820 2403 1039 2443 crorum
1088 2400 1298 2439 necnon
1348 2382 1699 2437 classicorum
1750 2379 1928 2432 studio
1970 2377 2265 2438 delectata,
2297 2374 2406 2443 pri-

820 2495 970 2532 mum
1004 2474 1273 2529 scribendi
1302 2472 1598 2541 periculum
1624 2468 1747 2522 fecit
1775 2470 1825 2520 in
1844 2467 2075 2521 Historia
2104 2467 2273 2520 beatcc
2298 2463 2409 2516 vir-

822 2570 964 2639 ginis
984 2565 1185 2628 Mai-im,
1205 2562 1426 2616 metrica
1445 2569 1605 2629 atque
1634 2558 1983 2619 carminibus,
2008 2558 2072 2611 de
2093 2556 2407 2610 ascensione

823 2657 1067 2717 Domini,
1119 2656 1184 2707 dc
1234 2652 1293 2706 S.
1333 2649 1631 2717 Gangolfo,
1689 2648 1755 2700 de
1790 2647 2038 2715 passione
2091 2644 2147 2699 S.
2203 2643 2403 2712 Pelagii

819 2744 1220 2806 Cordubensis,
1251 2741 1397 2795 etde
1448 2738 1747 2806 Theophilo
1801 2736 2165 2793 vicedomino;
2211 2734 2407 2803 quibus

817 2846 1005 2908 postea
1040 2832 1276 2886 carmina
1310 2831 1376 2884 de
1406 2830 1669 2890 Protcrio,
1695 2827 1759 2881 de
1800 2826 2047 2895 passione
2075 2825 2131 2878 S.
2166 2823 2404 2893 Dionysii

816 2940 873 2982 et
915 2928 972 2981 S.
1006 2924 1227 2992 Agnetis
1273 2921 1661 2991 adjnnxit(6').
1705 2918 1760 2971 In
1813 2917 1896 2971 his
1939 2916 2191 2968 omnibus
2240 2914 2406 2967 libros

818 3033 946 3071 suos
973 3024 1152 3069 secuta
1187 3019 1291 3073 est,
1316 3010 1620 3079 passionem
1669 3018 1845 3060 tamen
1902 3004 2100 3072 Pelagii
2134 3005 2201 3056 ab
2231 3003 2405 3057 incola

814 3108 1056 3164 civitatis
1108 3107 1158 3159 in
1210 3120 1313 3172 qua
1374 3116 1562 3171 passus
1612 3109 1697 3153 est
1744 3098 2007 3151 audierat.
2052 3094 2251 3148 Deinde
2279 3108 2401 3146 cum

815 3196 1291 3253 animadvertisset
1344 3210 1362 3242 ‹
1415 3190 1711 3245 catholicos
1771 3188 1950 3257 plures
2014 3184 2249 3239 Terentii
2304 3184 2403 3249 tig-

814 3298 996 3343 inenta
1068 3283 1405 3352 frequentius
1457 3281 1700 3334 lectitare
1738 3287 1793 3332 et
1821 3276 2103 3331 dulcedine
2136 3274 2404 3329 sermonis

814 3378 1114 3433 delectatos
1165 3372 1518 3427 nefandarum
1568 3368 1756 3422 notitia
1804 3381 1985 3421 rerum
2038 3363 2337 3425 maculari,
2379 3381 2396 3412 ι

813 3477 1029 3538 poetam
1078 3465 1223 3518 illum
1270 3459 1556 3515 scribendo
1610 3472 1705 3512 sex
1744 3454 2037 3510 commdias
2068 3454 2404 3508 Christianas

814 3560 1029 3613 imitata
1059 3562 1160 3616 est,
1202 3568 1221 3600 ι
1253 3558 1315 3603 ut
1341 3548 1529 3603 eodem
1557 3545 1871 3601 dictationis
1897 3558 2127 3614 genere,
2155 3558 2262 3611 quo
2293 3553 2403 3595 tur—

813 3650 900 3720 pia
965 3647 1170 3701 incesta
1238 3639 1560 3694 lascivarum
1616 3635 1939 3689 feminarum
2000 3632 2400 3692 recitabantur,

812 3778 1128 3850 praefatione
1156 3771 1357 3850 Pelagii
1392 3778 1705 3850 constanter
1737 3782 1928 3850 nomen
1971 3767 2259 3850 scribitur;
2316 3781 2402 3817 se-

823 3836 924 3902 inel
972 3856 1177 3900 tantum
1226 3836 1645 3911 in'prwl'atione
1689 3838 2076 3893 contmdiarum
2126 3836 2402 3890 llaorsvtr

814 3919 1065 3971 leaimus.

1020 3935 1065 3970 s.

869 3935 1036 4056 ἧῖῑὶίιι
1081 3983 1190 4037 Nec
1222 3990 1429 4056 matura
1452 3980 1633 4056 adhuc
1655 3976 2024 4056 avlatevigens
2050 3975 2402 4056 necscientia

816 4046 1212 4125 fuiproliciens
1240 4073 1256 4102 ι
1295 4048 1593 4125 ipsnaddensﬁe
1615 4047 1678 4099 ad
1710 4046 2041 4125 ﬁerlicrgam
2072 4046 2402 4125 abbatissam

815 4117 1041 4197 prad'ata
1074 4126 1214 4197 circa
1246 4136 1333 4173 an.
1361 4117 1598 4197 960-965
1627 4117 1846 4197 scribit;
1880 4125 1942 4197 et.
1974 4117 2025 4167 in
2070 4117 2309 4167 carmine
2339 4117 2406 4197 de

815 4184 1219 4250 constructione
1247 4187 1549 4244 Uandersh.
1577 4203 1626 4239 v.
1661 4186 1765 4238 5‘26
1813 4200 1871 4239 se
1930 4184 2085 4254 longe
2141 4194 2260 4253 post
2314 4186 2405 4237 oh-

816 4269 949 4321 ittnn
993 4263 1209 4319 Ottonis
1238 4260 1420 4319 ducis,
1453 4271 1593 4310 anno
1637 4256 1741 4309 912
1784 4255 2040 4315 defuncti,
2072 4266 2253 4305 natam
2298 4264 2405 4306 tra-

816 4337 915 4405 dit.
966 4330 1349 4405 lgiturAneptis
1406 4325 1735 4405 ll_r0tsuithte
1784 4324 2069 4377 abbatissa:
2110 4338 2252 4377 anno
2302 4326 2404 4377 927

816 4396 1083 4459 defunctae
1115 4403 1203 4454 vix
1244 4396 1488 4453 habenda
1518 4396 1641 4448 erit.

887 4474 966 4543 (ὃ)
1005 4472 1217 4543 erfal.
1249 4464 1483 4543 Hislleﬁ
1511 4464 1767 4543 Yirginis.

887 4534 989 4611 (5")
1008 4541 1167 4611 Obiit
1199 4553 1331 4611 aut);
1356 4535 1515 4611 ωρι.
1544 4535 1621 4611 td;
1654 4534 1942 4611 Navembrz

889 4604 1247 4682 (6)'l{rmf:itio
1280 4606 1401 4682 libri
1430 4606 1497 4682 de
1548 4604 1773 4657 historia
1809 4604 1868 4657 Β.
1902 4604 1969 4657 Μ.
1998 4604 2059 4658 V.
2086 4614 2140 4659 et
2185 4620 2401 4659 carmen

820 4673 1247 4748 ad‘Gerbergatn
1278 4690 1327 4748 v‘.
1359 4673 1510 4748 6-12.

893 4752 992 4821 (θ’)
1022 4743 1153 4805 Vide
1177 4745 1390 4801 Praefat.
1416 4745 1483 4799 ad
1498 4743 1823 4812 Gerbergam
1845 4743 1896 4799 in
1925 4746 2163 4801 carmine
2186 4745 2249 4800 de
2276 4745 2403 4799 Pro-

819 4824 978 4878 tcrio.

889 4893 965 4960 (7)
992 4888 1204 4945 Prmfat.
1233 4888 1283 4960 in
1308 4883 1637 4941 Commdias.

892 4954 968 5032 (8)
1000 4961 1128 5013 Ibid.
1168 4978 1184 5008 ι
1243 4957 1311 5012 Ut
1351 4964 1631 5023 acceptum
1684 4954 1734 5006 in
1783 4956 2023 5009 datorem
2061 4966 2400 5024 retorqueam

818 5046 1114 5087 lliﬂellllllll.
1155 5047 1172 5079 )

880 5050 1232 5171 {(SSHESi'sISIa
1264 5096 1327 5171 ad
1363 5095 1620 5171 quosdam
1652 5094 1940 5164 sapientes.

893 5166 1003 5234 illl)
1033 5166 1249 5223 l’rml'at.
1283 5168 1332 5218 in
1366 5166 1677 5218 comoedias.

893 5234 1004 5310 (ll)
1039 5239 1266 5310 Ρτξιέῐίιιἒ
1293 5236 1357 5288 ad
1403 5236 1652 5310 Ottoneut
1675 5236 1840 5310 _ll,_v.
1894 5237 1946 5310 6,
1976 5238 2027 5289 7.
2055 5236 2229 5310 ‘Cunr
2271 5236 2407 5289 liber

819 5305 945 5367 ante
988 5305 1194 5364 obitum
1235 5306 1504 5360 Brunonis
1537 5306 1947 5375 archiepisc0pi,
1976 5306 2066 5375 qui
2118 5322 2146 5356 ν
2177 5305 2252 5358 ld.
2283 5310 2403 5360 Uct.

818 5399 909 5436 an.
964 5380 1069 5435 965
1111 5376 1328 5438 defecit,
1365 5377 1650 5454 _inca_:ptps
1686 5375 1855 5454 fuisse
1892 5378 2137 5454 videatur
2189 5379 2264 5443 (ν.
2311 5376 2402 5454 91)

2520 563 2605 607 tur
2633 553 2730 622 (7).
2768 552 2896 618 Qua:
2938 553 3115 607 omnia
3172 567 3275 606 non
3313 552 3587 621 jactantize
3617 549 3699 603 vel
3732 565 3880 603 vana:
3909 548 4089 618 glorize

2514 659 2697 707 causa,
2726 645 2817 699 sed
2850 652 2907 697 ut
2934 643 3159 712 supplici
3194 642 3391 697 mentis
3434 641 3719 695 devotione
3759 640 4032 708 ingenium
4061 654 4091 690 a

2514 736 2625 789 Deo
2652 745 2929 806 acceptum
2965 734 3186 789 servitio
3212 733 3328 801 ejus
3367 741 3710 787 consecraret
3734 732 3833 801 (8),
3866 745 4091 799 compo-

2514 824 2640 877 suit.
2672 823 2834 877 Fama
2862 832 3037 877 tamen
3067 825 3114 877 ei
3142 839 3247 876 non
3270 822 3457 876 defuit.
3489 820 3619 874 Nam
3647 820 4089 890 philosophorum

2514 914 2761 967 laudibus
2784 923 2971 967 ornata
3008 913 3103 983 (9).
3133 928 3253 965 mox
3279 913 3330 965 in
3360 921 3563 966 tantum
3596 911 3857 975 innotuit,
3890 918 3948 963 ut
3973 925 4089 964 mo-

2512 1004 2661 1057 desta
2692 1003 2843 1071 virgo
2874 1004 3075 1056 clamor
3100 1002 3301 1055 validus
3333 997 3797 1054 Gaudes/remensi:
3824 999 3934 1068 (10)
3975 1015 4003 1053 a
4031 1015 4091 1052 se

2513 1095 2623 1162 ipsa
2658 1095 2835 1147 vocari
2876 1102 3076 1163 posset.
3128 1093 3340 1147 Aistate
3372 1093 3494 1147 anni
3538 1092 3639 1146 965
3672 1093 3805 1159 (11),
3836 1091 3961 1146 Otto
4008 1107 4092 1143 se-

2512 1186 2721 1239 cundus
2754 1201 2867 1247 rex,
2901 1192 3026 1237 tunc
3056 1184 3332 1245 decennis,
3365 1200 3392 1237 a
3442 1184 3647 1253 virgine
3696 1182 4001 1252 impetravit
4034 1191 4092 1233 ut

2512 1273 2681 1342 patris
2708 1274 2824 1343 ejus
2850 1272 3063 1328 Ottonis
3110 1274 3452 1343 imperatoris
3497 1282 3644 1343 gesta
3684 1274 3925 1327 carmine
3950 1272 4089 1327 cele-

2511 1364 2716 1419 branda
2759 1366 3077 1433 susciperet.
3119 1366 3389 1435 Aggressa
3442 1373 3526 1419 cst
3574 1380 3710 1435 opus
3737 1404 3751 1427 ,
3808 1378 3981 1433 usque
4022 1364 4087 1417 ad

2510 1460 2915 1513 coronationem
2966 1459 3263 1514 Romanam
3315 1459 3440 1512 anni
3490 1458 3596 1513 962
3658 1458 4086 1528 producendum.

2511 1546 2647 1599 libro
2696 1547 2840 1600 nullo
2898 1549 3110 1617 adjuta,
3158 1548 3249 1602 sed
3284 1548 3571 1601 relationes
3616 1563 3801 1602 eorum
3851 1548 3941 1615 qui
4002 1564 4089 1601 res

2511 1636 2821 1691 scribendas
2850 1636 3146 1691 alTerebanl
3175 1647 3378 1691 secuta.
3407 1638 3558 1703 Quod
3585 1652 3704 1690 cum
3752 1638 3865 1706 ipsa
3902 1649 4089 1705 apcrtc

2510 1724 2651 1777 dicat
2682 1725 2811 1793 (12),
2852 1725 2988 1779 liber
3016 1726 3302 1779 Ottonibus
3327 1725 3538 1779 oblatus
3585 1734 3640 1780 et
3685 1740 3715 1779 a
3762 1727 4086 1796 consangui-

2176 1831 2250 1896 5-)
2295 1844 2403 1883 cm-
2438 1811 2623 1867 lineis
2668 1826 2886 1872 eorum,
2939 1812 3248 1876 Williehno,
3305 1812 3574 1883 Gerberga
3627 1814 3854 1883 aliisque
3896 1829 4086 1869 eorum

2515 1900 2775 1953 ministris
2818 1911 2874 1954 ut
2920 1902 2990 1954 ita
3035 1903 3209 1955 dicam
3267 1903 3538 1965 dictatus,
3597 1912 3651 1957 et
3704 1905 3914 1957 nonnisi
3967 1920 4088 1973 qua:

2510 2002 2662 2060 grata
2731 1993 3042 2047 viderentur
3094 1995 3390 2056 exhibens,
3446 2010 3542 2061 pro
3584 1995 3811 2048 historia
3872 1999 4087 2064 proprie

2510 2083 2650 2136 dicta
2673 2083 2891 2137 minimc
2919 2084 3183 2137 venditari
3210 2086 3426 2153 poterit.
3458 2084 3563 2138 Sed
3592 2100 3764 2155 neque
3790 2087 3859 2138 ita
3890 2086 4086 2139 librum

2509 2177 2866 2245 spernendum
2906 2191 3054 2240 esse,
3089 2178 3325 2230 narratio
3355 2177 3600 2245 simplex,
3634 2178 3824 2246 plana,
3878 2187 4083 2246 tempo-

2510 2266 2581 2318 ris
2604 2265 2844 2318 ordineni
2864 2266 2911 2317 in
2938 2266 3246 2319 universum
3276 2274 3483 2330 secuta,
3504 2275 3558 2319 et
3578 2267 3945 2335 compluribus
3971 2267 4086 2337 (15)

2508 2374 2628 2427 qua:
2659 2358 2792 2411 alias
2824 2358 3023 2410 frustra
3057 2358 3369 2425 qumsiveris
3415 2374 3534 2413 sese
3582 2359 3965 2413 commendans
3993 2360 4085 2411 ad-

2508 2460 2719 2515 monet;
2770 2460 2931 2519 atque
2974 2451 3191 2504 omissis
3250 2451 3425 2518 potius
3472 2466 3632 2519 quam
3682 2451 3905 2520 prolatis
3937 2451 4087 2519 virgo

2508 2543 2722 2598 veritati
2748 2558 3133 2612 nonnunquam
3164 2541 3375 2596 olliccre
3402 2542 3624 2596 dicenda
3659 2552 3760 2595 est.
3823 2542 3936 2607 (14)
3974 2542 4087 2594 Ma-

2509 2648 2613 2701 gno
2646 2634 2807 2702 igitur
2849 2632 3088 2686 historia:
3136 2632 3478 2687 incommodo
3528 2631 3747 2685 dimidia
3801 2630 3914 2685 fere
3962 2645 4087 2697 pars

2509 2724 2707 2790 operis,
2756 2723 2997 2776 narratio
3026 2722 3232 2777 scilicet
3286 2735 3423 2791 pene
3459 2722 3666 2790 integra
3714 2736 3890 2775 rerum
3933 2719 4087 2773 annis

2507 2812 2750 2868 953-962
2778 2821 3077 2883 gestarum,
3113 2812 3330 2866 excidit.

2579 2903 2766 2965 Liber,
2824 2911 3055 2955 exeunte
3105 2900 3364 2955 Januario
3414 2910 3507 2954 aut
3562 2915 3744 2954 mense
3793 2898 4088 2954 Fcornario

2510 2997 2634 3049 anni
2663 2996 2764 3050 968
2788 2995 3063 3049 absolutus
3085 2994 3220 3061 (15),
3250 2992 3537 3059 Gcrbergze
3564 2990 3848 3042 abbatissa:
3875 2988 4089 3041 oblatus

2509 3097 2611 3145 est.
2638 3102 2743 3155 quo
2771 3086 2838 3139 ab
2865 3101 2925 3139 ea
2956 3084 3243 3137 Wilhelmo
3266 3083 3671 3150 archiepiscopo
3696 3082 3941 3139 traditus.
3974 3079 4088 3145 ejus

2503 3178 2706 3245 judicio
2754 3175 3044 3230 Ottonibus
3111 3174 3586 3227 transmitterctur.
3648 3173 3755 3226 Nec
3816 3172 4086 3225 Willielmi

2508 3268 2708 3328 obitus,
2737 3266 2824 3333 qui
2855 3266 2940 3318 die
2967 3280 3016 3317 Vl
3046 3264 3180 3318 Non.
3212 3264 3366 3317 Mart.
3397 3264 3648 3332 contigit,
3675 3263 3810 3316 libro
3837 3264 4087 3315 nocuisse

2507 3357 2805 3409 credendus
2852 3364 2957 3420 est,
3006 3370 3127 3409 cum
3179 3355 3546 3409 llrotsuitham
3598 3354 3754 3421 paulo
3799 3363 3917 3422 post
3974 3354 4085 3422 (Its)

2507 3448 2649 3501 aliud
2679 3463 2924 3511 carmen,
2958 3449 3023 3501 dc
3070 3447 3383 3501 fundatione
3430 3447 3637 3501 scilicet
3677 3445 3907 3500 ccenobii
3940 3446 4085 3499 Gan-

2502 3540 2930 3593 dersheimcnsis
2960 3548 3012 3591 et
3044 3539 3109 3592 de
3140 3537 3431 3606 majoribus
3451 3537 3741 3597 Ottonum,
3766 3550 3942 3589 orsam
3968 3549 4088 3588 esse

2507 3641 2718 3688 constet
2765 3632 2896 3701 (17).
2946 3630 3063 3697 Quo
3112 3631 3250 3684 libro
3305 3628 3584 3684 historiam
3631 3627 3940 3681 monasterii
3988 3625 4089 3677 sub

2508 3764 2571 3815 ad
2600 3762 2926 3831 Gerbergam
2966 3764 3015 3814 in
3047 3761 3173 3822 line,
3202 3770 3255 3815 et
3284 3777 3335 3813 v.
3368 3762 3461 3824 9.5,
3492 3761 3607 3828 ‘24),
3632 3775 3847 3813 carmen
3871 3830 3875 3831 ί
3896 3767 4087 3812 restate

2509 3851 2592 3886 an.
2624 3834 2727 3887 965
2758 3830 2827 3886 ab
2858 3833 3051 3886 Ottone
3084 3848 3207 3901 rege
3248 3842 3372 3885 tunc
3404 3832 3454 3884 in
3488 3832 3719 3885 Saxonia
3749 3830 3951 3884 diutius
3976 3846 4088 3882 tnu-

2512 3912 2662 3955 t'ante
2690 3904 2985 3970 expetitum
3022 3902 3185 3957 fuisse
3213 3902 3461 3965 conjicio.

2578 3972 2687 4039 (I9)
2718 3968 2927 4024 l’i':nfat.
2962 3973 3027 4022 ad
3057 3972 3306 4025 ()ttoncm
3337 3973 3383 4032 Ι,
3416 3986 3466 4021 v.
3503 3968 3685 4022 11οὲ5.

2581 4037 2688 4107 (15)
2720 4041 2957 4109 Exempli
2983 4042 3154 4109 gratia
3185 4051 3391 4108 tempus
3416 4055 3522 4107 quo
3552 4040 3832 4092 Heinricns
3862 4054 3965 4091 nux
3997 4037 4089 4090 Ju-

2508 4113 2712 4165 ditham
2769 4113 2955 4170 duxit,
3000 4120 3055 4163 et
3107 4114 3347 4165 narra.i0
3402 4110 3737 4163 liberalionis
3780 4109 4088 4162 Adalhcidae

2509 4184 2661 4251 quasi
2696 4181 3027 4235 authentica.

2581 4251 2690 4321 (1.1)
2726 4251 2964 4319 Exempli
2996 4248 3166 4319 gratia
3220 4250 3271 4321 in
3317 4248 3690 4321 describendis
3735 4248 4088 4321 seditionibus

2509 4318 2746 4401 lleinrici
2774 4318 2954 4383 ducis,
3000 4334 3158 4388 quem
3208 4318 3492 4387 Gerbergae
3521 4328 3729 4386 patrem
3773 4318 3936 4371 fuisse
3979 4333 4091 4370 tne-

2512 4406 2752 4445 llllllerlS.

2578 4461 2689 4531 (15)
2726 4459 2852 4515 Vide
2899 4475 2951 4513 η.
2988 4459 3081 4519 11;
3120 4459 3236 4531 ideo
3266 4458 3453 4531 eodem
3489 4466 3726 4531 tempore
3747 4472 3867 4531 quo
3897 4456 4087 4509 Widu-

2432 4506 2483 4565 D
2512 4506 2703 4583 tanta
2734 4506 2967 4598 ρῖςίδτέηι
2997 4506 3805 4598 optas":"aesarstsaar.

2584 4602 2693 4669 (16)
2718 4593 2878 4654 Certe
2908 4593 3085 4669 priore
3107 4593 3478 4664 carntinejam
3514 4596 3787 4654 absoluto;
3824 4610 3943 4648 nam
3969 4593 4091 4669 funi-

2513 4664 2783 4724 dationem
2832 4664 3407 4724 Gandershcimensem
3450 4682 3554 4719 non
3605 4675 3729 4718 ante
3758 4680 3955 4716 annum
3987 4664 4091 4719 968

2514 4741 2803 4809 inemptam
2833 4753 2979 4801 esse,
3014 4738 3212 4791 mentio
3240 4753 3288 4809 v.
3323 4736 3389 4789 79
3428 4735 3495 4790 de
3546 4735 3759 4809 taoqi‘s
3796 4734 4093 4809 l_l__coronao

2515 4804 2672 4864 tioac'
2692 4812 2925 4862 llomana
2956 4810 3146 4877 injecta
3176 4808 3387 4876 probat,
3419 4813 3473 4859 cl
3498 4822 3546 4859 v.
3570 4805 3658 4869 8|,
3686 4804 3775 4868 8’2,
3804 4804 3997 4859 librum
4028 4806 4095 4857 de

2516 4879 2668 4932 laude
2696 4879 2949 4932 Ottonntn
2983 4886 3263 4931 memorat.

2586 4948 2698 5017 (17)
2730 4948 3058 5002 Trithemius
3103 4962 3322 5001 carmen
3375 4947 3478 5000 hoc
3524 4961 3626 5017 non
3678 4945 3829 5005 vidit.
3888 4946 4094 5015 reliqua

2516 5015 2843 5073 llrotsuithze
2869 5033 3055 5086 opera,
3081 5027 3139 5070 ut
3184 5018 3236 5070 in
3269 5017 3451 5070 codice
3497 5016 3553 5069 S.
3588 5015 3950 5086 Emmeramni
3980 5017 4095 5083 jam

2517 5090 2820 5142 Monacensi
2880 5085 3144 5156 hodieque
3210 5094 3451 5146 exstant,
3513 5087 3563 5138 in
3614 5086 3813 5156 Chron.
3861 5085 4095 5156 illirsau-

2512 5159 2679 5226 giensi
2716 5168 3023 5219 enumerat;
3058 5154 3122 5211 'al
3167 5172 3285 5224 quae
3335 5156 3386 5209 in
3438 5156 3541 5208 fine
3604 5154 3809 5224 profert
3852 5155 4096 5226 Diverso-

2512 5222 2627 5281 l‘um
2654 5245 2853 5297 quoque
2886 5222 3252 5280 carminum‘ct
3288 5222 3720 5297 epigrammatum
3752 5226 3842 5297 lib.
3879 5240 3891 5276 ι
3920 5264 3933 5297 .
3971 5222 4099 5291 Epi-

2510 5300 2669 5351 stolas
2694 5300 2851 5351 etiam
2883 5299 3135 5368 quasdam
3172 5296 3616 5368 nouineleganles
3635 5334 3647 5355 ,
3678 5309 3781 5345 non
3806 5296 3879 5368 de
3908 5296 4103 5360 deper-

2513 5370 2638 5454 diltis
2660 5370 2771 5454 jam
2805 5363 3096 5454 opusculis,
3136 5367 3227 5418 sed
3355 5363 3702 5454 carminibus,
3732 5365 4099 5454 epigranuna-

2516 5440 2569 5454 ,ιι
2662 5433 2673 5435 ⁷
2734 5447 2744 5454 .
2842 5433 2857 5449 ἶ
2897 5448 2907 5454 .
2954 5437 3005 5454 I',
3057 5450 3115 5453 _.-
3142 5452 3147 5453 γ
3195 5450 3240 5453 -ᾼ
3272 5436 3418 5454 13-..-.-
3470 5433 3717 5454 «12-λ..-..-ν2.
3754 5433 4023 5454 2--ιλ.112..--.
4054 5435 4092 5454 Ι-
