4482 5548
884 364 1020 424 “55

1765 376 2231 438 ΗΒΟΤΒΠΙΤΙΙᾸΞ
2274 382 2596 440 MONIAL‘IS
2644 387 3330 453 GANDERSIIEIMENSIS

4004 408 4135 467 H55

946 479 1013 549 ᾖ)
1046 485 1222 542 Editio
1250 486 1414 543 Celtis
1446 488 1497 542 in
1530 487 1794 558 Opcribns
1836 493 2127 548 llrotsuitte
2156 495 2467 553 Norimber-
2496 508 2545 563 Α
2573 506 2925 573 scriptoribus
2950 509 3305 576 Germanicis,
3357 521 3484 566 tom.
3533 513 3597 578 ll,
3645 530 3696 585 p.
3733 518 3832 574 709
3862 536 4009 590 sqq.,
4041 525 4133 577 sed

876 588 966 633 (tne
995 576 1047 629 in
1071 575 1196 631 folio
1222 592 1312 631 an.
1344 578 1472 632 l50l
1506 581 1724 648 prodiit.
1757 582 1958 635 Textus
1981 584 2161 639 multis
2194 586 2245 639 in
2275 587 2406 641 locis
2435 604 2465 642 a

884 665 1071 720 codice
1095 666 1251 721 unico
1274 666 1521 729 discedit,
1557 670 1751 737 partim
1776 686 1962 725 errore
1992 672 2233 734 editoris,
2264 676 2463 743 partim

882 755 973 809 ubi
1005 770 1123 825 qua:
1169 756 1363 810 vitiose
1420 756 1524 827 legi
1580 758 1902 813 videbantur
1954 764 2286 815 emendanda
2346 779 2463 818 esse

884 843 1116 897 censuit.
1142 842 1254 909 Qua
1280 844 1498 912 quidem
1533 846 1583 899 in
1615 862 1673 900 re
1696 847 1837 901 haud
1870 847 2033 901 dubie
2079 864 2460 918 nonnunquam

882 932 1022 986 bene
1044 932 1108 987 de
1138 931 1456 988 Hrotsuitha
1490 937 1705 1001 piernit,
1738 946 1791 991 ct
1814 947 1962 991 certe
2016 939 2251 1008 reliquos
2275 956 2463 997 omnes

881 1022 1117 1077 editores
1153 1024 1377 1079 multum
1423 1026 1716 1091 antecellit,
1759 1014 2143 1098 nonnunquam
2176 1046 2302 1085 vero
2347 1034 2463 1089 sine

872 1110 1020 1179 justa
1049 1128 1212 1169 causa
1251 1124 1456 1170 textura
1498 1128 1591 1171 aut
1616 1133 1740 1173 vere
1791 1119 1991 1174 bonum
2040 1132 2134 1175 aut
2162 1124 2250 1192 qui
2283 1124 2461 1177 saltim

878 1202 1097 1257 tolerari
1134 1212 1316 1273 posset.
1341 1207 1568 1261 arbitrio
1598 1222 1696 1263 suo
1746 1209 2052 1265 immutavit
2083 1212 2165 1266 vel
2190 1214 2463 1282 negligen-

877 1303 963 1349 ter
988 1296 1219 1366 exprimt
1276 1301 1552 1368 permisit;
1585 1310 1639 1356 et
1676 1305 2010 1371 argumentis
2041 1307 2275 1374 capitum
2319 1308 2460 1362 haud

872 1382 1013 1438 bene
1041 1385 1321 1453 perpensis
1346 1396 1400 1442 et
1426 1390 1575 1457 operi
1609 1390 1852 1453 intrusis,
1878 1401 1938 1446 ut
1981 1393 2047 1447 de
2078 1394 2180 1449 ﬁde
2213 1395 2460 1451 llrolsui-

874 1473 1004 1539 thze,
1029 1475 1155 1529 dum
1182 1485 1370 1532 contra
1399 1479 1634 1533 historia:
1656 1481 1936 1535 veritatem
1964 1485 2246 1551 scripsisse
2269 1502 2455 1541 cense-

874 1567 1118 1630 sebatur,
1146 1568 1246 1622 viri
1287 1570 1430 1625 docti
1486 1571 1815 1636 dubitarent,
1859 1573 2053 1628 effecit.
2089 1576 2217 1641 ane
2248 1578 2455 1633 macula

873 1656 921 1711 ei
951 1672 1190 1725 inspersa
1215 1669 1397 1714 nostra
1438 1662 1651 1716 demum
1676 1663 1912 1717 editione
1938 1666 2222 1721 delebitnr.

944 1748 1110 1803 Celtis
1138 1751 1304 1805 editio
1332 1768 1361 1806 a
1404 1753 1556 1809 Justo
1606 1756 1852 1811 Reubero
1890 1760 2080 1827 paucis
2112 1760 2163 1812 in
2210 1760 2341 1814 locis
2372 1777 2455 1817 se-

2571 601 2720 647 textu
2753 596 2834 647 vel
2866 597 3036 665 magis
3060 610 3334 667 corrupto,
3365 601 3566 657 inserta
3599 614 3697 659 cst.
3728 606 3954 663 Textum
4007 610 4137 665 Mei-

2566 685 2878 739 bomiannm
2905 690 3154 756 repetivit
3182 690 3366 745 lleinr.
3402 693 3605 749 Lconh.
3643 696 4035 756 Schurzlleisch
4082 706 4133 759 in

2565 777 2746 830 editio.
2774 793 2803 832 e
2829 778 3059 847 Opernm
3094 782 3441 847 llrotsuithte,
3472 801 3525 854 p.
3561 788 3658 841 175
3688 804 3829 859 sqq.,
3860 807 3949 845 an.
3976 793 4132 859 1707,

2565 866 2944 923 dissertatione
2994 871 3057 925 de
3105 874 3324 939 poetrize
3358 887 3573 930 'nostrm
3619 880 3725 931 vita
3781 888 3835 933 et
3882 882 4135 950 operibus

2561 957 2857 1024 prcemissa,
2883 960 3199 1031 adiectoque
3232 965 3408 1019 indice
3458 965 3786 1034 Latinitatis,
3814 972 3906 1026 sed
3938 972 4136 1027 Meibo—

2562 1047 2654 1099 mii
2688 1046 2967 1104 lectionem
3017 1054 3252 1108 adhibita
3305 1056 3539 1112 editione
3584 1062 3823 1130 principe
3852 1064 4137 1134 aliquoties

2562 1142 2815 1202 correxit,
2851 1151 2903 1194 et
2932 1142 3169 1212 quinque
3215 1146 3267 1198 in
3296 1146 3428 1201 locis
3458 1148 3568 1218 (50)
3598 1167 3625 1203 a
3658 1153 3926 1220 prioribus
3965 1157 4136 1211 edito-

2561 1232 2709 1286 ribus
2741 1236 3016 1298 recedens,
3056 1253 3236 1291 veram
3266 1240 3465 1295 codicis
3510 1242 3792 1299 lcetionem
3824 1248 4005 1313 habet,
4038 1266 4132 1319 pe-

2563 1323 2693 1375 tenti
2740 1324 2837 1376 sibi
2878 1324 3159 1379 fortassea
3208 1331 3494 1385 carnobitis
3523 1334 3693 1386 sancti
3745 1334 4125 1391 Emmerammi

2563 1415 2956 1467 transniissam.
3022 1416 3239 1471 Sextam
3316 1420 3530 1474 demum
3591 1423 3880 1478 editionem
3934 1426 4131 1497 Georg.

2558 1500 2687 1553 Chr.
2721 1500 2945 1558 Joannis
2990 1522 3078 1559 an.
3122 1508 3257 1560 ’1726
3291 1510 3340 1561 in
3397 1510 3566 1564 altera
3619 1514 3854 1568 editione
3902 1514 4133 1570 Reuberi

2559 1590 2660 1645 SS.
2693 1592 2875 1647 Germ.
2907 1612 2970 1650 ex
2997 1596 3347 1654 lllcibomiana
3379 1612 3431 1655 et
3457 1602 3974 1661 Schurzﬂeischiana
3999 1623 4131 1663 con-

2557 1682 2722 1745 ﬂavit,
2754 1694 2808 1738 et
2852 1688 3017 1741 semel
3060 1703 3241 1742 veram
3300 1691 3583 1747 lectionem
3614 1696 3681 1748 ab
3711 1696 4008 1752 editoribus
4046 1714 4135 1754 ne-

2556 1772 2783 1842 glectam
2811 1776 3121 1843 conjectura
3145 1790 3423 1834 assecutus
3454 1792 3555 1837 est.

872 1838 1107 1893 cundum
1143 1842 1356 1910 regulas
1400 1848 1767 1912 grammatica:
1799 1839 2113 1904 notissimas
2142 1852 2447 1915 emendata,
2481 1841 2526 1899 B
2626 1862 2754 1927 Qum
2784 1879 2904 1917 cum
2936 1865 3006 1918 ita
3040 1881 3097 1919 se
3130 1868 3383 1932 habeant,
3414 1878 3616 1925 textum
3644 1874 3709 1927 ad
3745 1875 3899 1930 [idem
3929 1878 4133 1932 codicis

869 1944 958 1981 an.
984 1929 1123 1983 1584
1150 1931 1202 1983 in
1231 1930 1330 1986 SS.
1355 1932 1694 1989 Germanicis
1722 1939 1945 2005 repetita
1974 1949 2073 2002 est,
2106 1955 2192 1992 an.
2221 1940 2347 1993 l62l
2382 1942 2451 1996 ab

866 2019 1121 2076 lleinrico
1148 2022 1434 2080 Meibomio
1458 2043 1561 2080 una
1595 2044 1715 2081 cum
1738 2030 2064 2086 Widukindo
2097 2033 2147 2085 in
2182 2032 2295 2093 fol..
2329 2033 2449 2087 Vita

865 2110 1297 2166 sanctimonialis
1348 2122 1402 2167 et
1448 2117 1884 2173 adnotationibus
1928 2121 2223 2186 historicis,
2255 2124 2448 2190 quibus

863 2196 1098 2253 lectores
1126 2203 1295 2255 nostri
1344 2206 1547 2272 absque
1570 2206 1673 2259 ulla
1712 2207 1923 2275 jactura
1964 2226 2153 2265 carere
2204 2225 2447 2282 possunt,

864 2296 1048 2352 aucta,
1078 2287 1170 2343 sed
1197 2298 1343 2344 textu
1367 2292 1652 2361 aliquoties
1674 2311 1955 2365 perperam
1988 2308 2195 2354 mutato
2215 2303 2447 2370 prodiit;

864 2390 1058 2447 quarta
1086 2384 1205 2439 vice
1226 2400 1313 2439 an.
1342 2386 1477 2441 1683
1509 2388 1576 2443 ab
1606 2389 1861 2445 lleinrico
1911 2391 2198 2449 Meibomio
2234 2395 2452 2464 juniore

935 2493 1047 2575 ςᾷδ)
1076 2494 1130 2547 lu
1159 2498 1458 2575 prmfat._ad
1487 2500 1763 2575 Oddonem
1787 2504 1825 2563 l.
1845 2519 1904 2575 δ’,
1928 2504 2033 2575 27)
2066 2506 2116 2575 in
2150 2507 2356 2575 praefat.
2382 2508 2451 2563 ad

866 2562 1141 2619 Oddonem
1160 2562 1239 2630 ’u,
1272 2582 1319 2619 ν.
1361 2568 1448 2633 12,
1477 2580 1531 2624 et
1562 2562 1821 2626 versibus
1844 2572 1967 2638 δίῃ,
1991 2562 2117 2639 454,
2148 2562 2271 2630 '752.

2556 1950 2698 2003 unici
2735 1952 2963 2011 restitui,
2992 1962 3046 2005 et
3102 1956 3310 2009 nonnisi
3354 1957 3498 2011 locos
3546 1974 3730 2029 aperte
3761 1975 4042 2033 corruptos
4065 1982 4133 2020 ex

2553 2037 2717 2091 Celtis
2746 2041 3051 2107 conjectura
3067 2053 3159 2097 aut
3178 2055 3361 2099 nostra
3383 2052 3746 2106 emendandos
3761 2055 3966 2122 suscepi
3994 2055 4127 2121 (57).

2554 2128 2825 2183 Divisione
2876 2132 3040 2199 igitur
3086 2135 3323 2203 capitum
3370 2140 3581 2205 qualem
3637 2142 3803 2195 codex
3843 2144 4134 2197 exhibebat

2560 2218 2831 2287 adoptata.
2859 2236 2956 2288 pro
2983 2222 3212 2277 rubricis
3243 2242 3273 2279 a
3318 2228 3469 2282 Celle
3502 2232 3665 2284 textui
3717 2233 3937 2287 iulrusis
3964 2245 4017 2288 et
4047 2250 4132 2289 er-

2556 2308 2698 2361 roris
2723 2306 2893 2376 plenis
2916 2324 3181 2365 annorum
3210 2330 3463 2371 numeros
3489 2320 3731 2389 ascripsi,
3759 2332 3812 2375 et
3844 2323 3917 2375 ita
3947 2324 4133 2377 melio—

2557 2412 2669 2452 rem
2695 2397 2806 2465 jam
2831 2401 3010 2469 aperis
3033 2404 3321 2459 editionem
3354 2422 3613 2476 propono.

2630 2511 2740 2591 (Q7)
2774 2512 3095 2583 Dipbthongi
3142 2532 3187 2568 az
3216 2525 3267 2569 et
3298 2534 3361 2579 cr,
3421 2520 3471 2573 in
3520 2522 3703 2576 codice
3748 2537 3968 2591 perraro
3996 2502 4128 2577 sim;-

2558 2578 2682 2649 plici
2706 2578 2732 2634 ε
2752 2578 3384 2651 θχρτεξεω,’ςοιιδι;ιιιιὸιτ
3416 2592 3677 2645 restitutio
3701 2578 3847 2646 sdnt.

1199 2910 1599 3008 CABMEN
1656 2912 1783 3007 DE
1859 2910 2421 3011 PRIMOBDIIS
2495 2913 2921 3015 C(ENOBII
2996 2920 3727 3024 GARDERSEIMES
3772 2929 3842 3025 S.

2335 3128 2690 3143 ῃ

923 3228 1062 3283 Ecce
1091 3242 1223 3283 mea:
1252 3228 1473 3298 supplex
1501 3232 1513 3258 ¹
1549 3228 1769 3283 humilis
1791 3230 2006 3285 devotio
2035 3232 2231 3287 mentis

851 3320 1065 3385 Cliscit,
1104 3320 1273 3375 felicis
1304 3321 1599 3389 primordia
1628 3320 2120 3377 Gandeshemensis

846 3409 1094 3465 Pandere
1117 3411 1373 3475 cmuobii,
1397 3412 1540 3479 quod
1567 3426 1697 3464 cura
1732 3426 1835 3464 non
1862 3412 2132 3481 pigritaua

849 3500 1215 3555 Construxerc
1239 3502 1402 3555 duces
1431 3502 1705 3554 Saxonum
1736 3500 1858 3569 jure
1883 3510 2151 3569 potentes,

846 3590 1130 3646 Liudulfus
1161 3593 1181 3621 ²
1209 3607 1453 3661 magnus,
1485 3591 1664 3646 clarus
1691 3605 1903 3661 quoque
1927 3591 2066 3647 lilins
2089 3591 2205 3659 ejus

844 3683 1020 3750 Oddo,
1052 3684 1142 3753 qui
1172 3693 1407 3753 coeptum
1436 3683 1667 3752 perfecit
1697 3698 1831 3751 opus
1861 3694 2240 3738 memoratum.

2469 3245 2513 3307 ρ
2545 3232 2885 3301 Principibus
2909 3234 2967 3288 tit
2993 3250 3091 3305 par
3122 3237 3164 3301 ⁸,
3202 3237 3425 3293 ducibus
3447 3240 3539 3293 Sed
3565 3255 3663 3295 nec
3690 3241 3788 3295 fuit
3819 3244 4025 3312 impar;

2545 3322 2756 3391 Quique
2784 3325 2803 3354 °
2827 3340 2953 3378 suos
2984 3341 3172 3381 omnes
3203 3328 3328 3382 vicit
3353 3331 3557 3396 pietate
3590 3342 3863 3399 parentes,

2543 3411 2657 3467 Non
2688 3416 2865 3469 minus
2888 3417 3112 3487 insignis
3142 3434 3335 3489 pompa
3366 3424 3616 3477 vincebat
3646 3424 3884 3479 honoris.

2542 3504 2638 3557 Cui
2670 3504 2863 3573 coniux
2896 3508 2936 3537 ¹⁰
2968 3525 3097 3577 ergo
3132 3509 3305 3564 fuerat
3336 3515 3645 3580 puenobilis
3674 3515 3809 3580 Oda,

2540 3595 2694 3649 Edita
2720 3596 3050 3653 Francorum
3083 3601 3226 3655 clara
3251 3606 3314 3655 de
3336 3606 3503 3672 stirpe
3541 3617 3837 3675 poienttun,

2539 3684 2672 3739 Filia
2709 3687 2956 3757 Billuugi,
2987 3690 3263 3758 cujusdam
3290 3696 3548 3765 principis
3578 3697 3726 3761 almi,

2536 3778 2713 3847 Atque
2739 3779 2889 3834 honre
2918 3780 3072 3835 faunc
3095 3800 3371 3853 generosa:
3398 3789 3608 3843 scilicet
3636 3789 3787 3844 Aidzc
3814 3792 3875 3844 ¹¹.

2536 3871 2662 3926 llmc
2691 3874 2854 3942 igitur
2881 3874 3072 3928 crebro
3105 3880 3353 3943 precibus
3378 3892 3727 3937 consueverat
3759 3884 3895 3937 jEda

2538 3963 2607 4019 Se
2631 3974 2905 4035 totamque
2933 3983 3082 4022 suam
3108 3970 3331 4027 Domino
3356 3976 3695 4032 committere
3718 3978 3877 4031 vitam
3900 3997 3913 4044 ;

2537 4052 2744 4123 Smpius
2766 4064 2931 4124 atque.
2956 4059 3057 4128 piis
3086 4060 3339 4116 insistens
3372 4064 3551 4118 sedula
3581 4065 3759 4131 factis,

2534 4142 2857 4210 Promeruit,
2889 4147 3025 4202 bene
3048 4150 3329 4218 promissis
3351 4154 3539 4208 edocta
3565 4159 3834 4225 supernis,

2535 4234 2778 4299 Discere,
2818 4237 3049 4306 baptista
3084 4240 3284 4297 Christi
3319 4244 3586 4300 referente
3608 4248 3781 4311 beato,

2535 4328 2685 4392 Quod
2717 4345 2812 4383 sna
2838 4335 3125 4401 progenies
3145 4335 3305 4390 seclis
3337 4338 3657 4406 quandoun
3680 4340 3873 4394 futuris

2534 4417 2857 4475 l’ossessura
2886 4424 2927 4453 ¹¹
2952 4422 3246 4492 foretjnris
3270 4429 3431 4483 decus
3461 4431 3774 4499 imperialis.

2606 4508 2745 4579 Ergo
2775 4518 3067 4565 norturnas
3097 4515 3363 4583 quondam
3394 4516 3675 4573 scindente
3704 4520 3955 4574 tenebras

2453 4581 2506 4640 Β
2533 4596 2740 4650 Aurora
2774 4600 2908 4654 lucis
2938 4601 3218 4669 splendore
3242 4620 3352 4659 sua:
3388 4607 3679 4674 rutilantis,

2526 4685 2653 4739 Haec
2681 4698 2949 4755 prostrata
2981 4706 3188 4746 sacram
3224 4693 3385 4749 solito
3408 4695 3578 4763 jacuit
3606 4712 3763 4753 secus
3784 4713 3933 4753 aram
3953 4740 3969 4767 ,

2527 4775 2809 4831 Sacratam
2839 4782 2940 4832 sub
2964 4782 3206 4851 baptista:
3233 4782 3496 4839 Johannis
3522 4786 3746 4852 honore,

2525 4866 2690 4921 Oratu
2721 4869 2981 4939 pulsando
3010 4873 3121 4943 jugi
3155 4876 3449 4942 penetralia
3471 4877 3616 4932 caeli.

2526 4959 2769 5029 Cumque
2800 4961 2942 5029 piam
2977 4964 3166 5018 studiis
3199 4975 3432 5020 mentem
3463 4966 3672 5022 laxaret
3704 4969 3755 5023 in
3780 4950 3919 5035 illis,

2538 5052 2683 5105 Vidit
2712 5067 2875 5121 prona
2910 5054 3073 5122 pedes
3100 5056 3334 5111 hominis
3356 5098 3370 5121 ,
3402 5059 3623 5128 propius
3648 5060 3749 5115 sibi
3780 5064 4000 5117 stantis.

2532 5144 2610 5196 Ac
2643 5154 2910 5198 commota
2948 5162 3135 5215 parum
3156 5189 3169 5211 ,
3206 5149 3454 5204 volvebat
3484 5160 3702 5220 pectore
3732 5154 3996 5221 multum,

2543 5232 2678 5300 Quis
2709 5233 2848 5289 foret
2883 5236 3000 5294 ille.
3035 5254 3187 5293 suum
3218 5241 3308 5310 qui
3341 5244 3664 5298 conturbare
3689 5254 3958 5299 secretum

2607 5326 2759 5380 Vers.
2802 5326 2872 5381 40

916 3836 1061 3893 Ordo
1084 3851 1225 3890 nunc
1248 3850 1426 3891 rerum
1450 3836 1691 3905 deposcit
1716 3835 1929 3891 debitus
1951 3836 2165 3899 harum.

845 3927 913 3983 Ut
952 3929 1102 3997 prius
1132 3926 1355 3981 illustris
1382 3928 1713 3981 constructio
1743 3927 2237 3983 Gamleshcmensis

844 4020 987 4089 Apto
1018 4017 1251 4073 camobii
1278 4021 1554 4071 recinatur
1580 4019 1821 4071 carmine
1844 4018 2013 4071 nostri
2043 4035 2057 4082 ;

846 4109 999 4174 Quod
1035 4123 1158 4160 nam
1198 4107 1570 4161 construxisse
1598 4107 1786 4160 ducem
1820 4116 2133 4159 reverenter
2160 4110 2391 4160 curulem

842 4198 1070 4252 Constat.
1096 4196 1368 4250 Saxonum
1402 4210 1561 4264 quem
1594 4196 1815 4265 pratdixi
1848 4197 1886 4256 ³,
1920 4196 2252 4263 Liudulfum,

842 4290 942 4343 llic
974 4288 1346 4358 prsenobilium
1374 4287 1396 4318 δ
1434 4296 1594 4342 natus
1626 4288 1693 4341 de
1717 4288 1886 4355 stirpe
1913 4298 2226 4356 parentum,

848 4380 1017 4435 Ortus
1045 4380 1243 4448 quique
1279 4379 1359 4432 sui
1390 4380 1721 4447 respondens
1755 4378 2047 4441 nobilitati,

845 4472 1090 4527 Moribus
1117 4470 1349 4540 egregiis
1392 4486 1600 4539 usuque
1638 4486 1747 4524 sua:
1779 4470 2069 4538 probitatis

838 4564 986 4619 lnler
1017 4562 1262 4617 Saxones
1288 4563 1457 4617 crevit
1486 4561 1772 4615 laudabilis
1803 4578 2015 4617 omnes.

838 4653 1083 4721 Namque
1113 4650 1212 4705 fuit
1244 4660 1517 4715 strenuus,
1550 4650 1720 4704 forma
1755 4652 2090 4721 nimiumque
2118 4652 2369 4718 decorus,

838 4745 1085 4801 Prudens
1116 4744 1167 4797 in
1200 4743 1397 4808 verbis,
1432 4743 1481 4796 in
1517 4742 1725 4796 cunctis
1754 4752 1948 4797 cautus
1977 4745 2222 4811 agendis,

836 4836 1017 4903 Atque
1048 4834 1127 4887 sui
1159 4832 1372 4903 generis
1399 4832 1545 4887 solus
1576 4848 1701 4898 spes
1730 4841 1785 4885 et
1812 4834 1977 4887 decus
2004 4836 2199 4889 omnis.

838 4926 978 4980 llinc
1010 4942 1133 4979 nam
1164 4926 1497 4980 Francorum
1529 4928 1709 4995 magni
1744 4926 1885 4995 regis
1914 4926 2211 4983 llludowici
2244 4931 2263 4960 ⁸

836 5017 1043 5071 Militia:
1072 5018 1261 5085 primis
1290 5016 1309 5045 ⁶
1337 5017 1641 5085 adscriplns
1666 5031 1806 5084 pene
1835 5018 1933 5071 sub
1960 5021 2137 5085 annis,

836 5106 904 5161 Et
935 5106 1052 5175 ipso
1093 5106 1250 5176 digne
1274 5120 1485 5160 summo
1508 5104 1753 5160 sublatus
1778 5107 2005 5173 honore,

837 5196 1026 5251 Gentis
1056 5196 1330 5252 Saxonum
1364 5212 1489 5250 mox
1520 5197 1757 5265 suscepit
1785 5199 2135 5266 comitatum;

834 5285 913 5342 Ac
942 5287 1050 5342 cito
1074 5287 1291 5354 majoris
1310 5292 1332 5325 "
1355 5287 1584 5342 donatus
1630 5287 2029 5356 munerejuiis,

919 5378 1069 5435 Vers.
1113 5379 1200 5431 l7.

2172 5472 2404 5529 νΑΙῖΙέΕ
2466 5478 2869 5535 LECTIONES.
