4482 5548
840 347 977 400 1159

841 458 1023 515 Utitur
1051 458 1094 489 ³⁷
1127 458 1212 511 his
1241 460 1419 512 verbis
1452 468 1559 513 tota
1589 462 1868 515 dulcedine
1897 464 2080 517 mixtis
2108 482 2120 515 :

846 566 863 599 ι
895 545 1081 601 inclite
1109 561 1275 615 papa,
1304 548 1411 601 tuis
1438 563 1506 603 ne
1530 549 1606 603 sis
1638 550 1803 605 durus
1832 553 2128 622 peregrinis
2149 593 2164 617 ,

838 636 941 704 Qui
968 637 1034 691 de
1064 637 1371 708 longinquis
1405 648 1670 694 terrarum
1698 644 1941 697 venimus
1967 644 2077 697 oris

838 725 1155 781 Muneribus
1182 726 1352 782 nostri
1382 726 1673 785 famulatus
1703 740 1754 784 te
1784 732 2053 785 venerari.

837 817 1076 874 Nitimur
1100 819 1343 874 ardentis
1373 829 1484 874 toto
1514 822 1797 877 conamine
1825 822 2023 876 mentis

836 908 1085 965 Condere
1111 909 1417 964 coenobium
1448 910 1659 965 Domini
1691 913 1791 966 sub
1816 913 2020 966 honore
2048 914 2368 967 sacrandum
2400 929 2413 979 ;

839 998 995 1054 Unde
1021 998 1237 1069 quidem
1266 998 1441 1053 visum
1472 1000 1625 1055 nobis
1652 1008 1735 1055 est
1765 1003 1999 1057 maxime
2023 1002 2231 1072 justum

837 1091 882 1146 A
914 1101 968 1146 te
995 1091 1210 1146 consilii
1237 1091 1478 1147 solamen
1506 1107 1747 1161 quaerere
1774 1093 1907 1147 certi

839 1181 909 1236 Et
938 1181 1174 1237 studium
1206 1182 1377 1236 nostri
1411 1181 1505 1236 tibi
1538 1183 1639 1236 rite
1670 1183 1941 1251 precando
1967 1182 2123 1238 fateri
2154 1225 2169 1247 ,

846 1272 950 1338 Qui
982 1282 1148 1342 caput
1173 1270 1415 1327 ecclesia:
1443 1281 1555 1327 toto
1580 1272 1875 1329 dominaris
1903 1276 1955 1329 in
1985 1277 2151 1341 orbe;

839 1364 991 1430 Quo,
1021 1364 1069 1418 si
1100 1363 1239 1419 forte
1271 1363 1366 1417 tibi
1398 1362 1613 1433 placeat
1641 1364 1857 1418 devotio
1886 1366 2056 1420 nostri
2083 1405 2099 1431 ,

840 1452 1117 1507 Auxilium
1152 1452 1425 1523 praebente
1455 1460 1544 1505 tua
1574 1450 1775 1520 pietate
1798 1462 2021 1522 paterna
2050 1495 2065 1519 ,

846 1545 1003 1612 Quod
1028 1545 1171 1600 votis
1199 1544 1437 1614 gerimus
1457 1584 1471 1609 ,
1504 1544 1660 1598 factis
1688 1543 1827 1598 bene
1853 1546 2219 1614 perficiamus.

841 1636 924 1690 Ac
952 1644 1010 1689 tu
1042 1635 1088 1666 ³⁸
1111 1665 1183 1675 -
1206 1635 1495 1690 consilium
1526 1634 1687 1688 nimis
1719 1636 1910 1690 merito
1940 1634 2244 1706 ﬂagitamus
2266 1665 2334 1675 ——-

842 1724 1120 1793 Susceptis
1148 1725 1303 1778 donis
1329 1724 1577 1778 clementi
1606 1733 1824 1793 pectore
1852 1727 2076 1790 nostris,

841 1812 1059 1867 Scilicet
1089 1823 1143 1866 et
1178 1812 1319 1881 regis
1349 1810 1653 1880 compulsus
1683 1826 1868 1867 amore
1898 1814 2170 1882 perennis,

840 1906 1043 1961 Praesta
1072 1916 1385 1961 sanctorum
1418 1905 1572 1961 nobis
1603 1921 1759 1960 sacra
1787 1906 2035 1976 pignora,
2068 1919 2299 1975 quorum

840 1998 1031 2051 Omnis
1060 1996 1291 2050 cmuobii
1321 1996 1653 2051 constructio
1684 1997 1857 2066 possit
1889 1997 2081 2051 honori

840 2092 979 2156 Apte
1013 2089 1236 2158 signari,
1266 2089 1438 2143 sacris
1465 2090 1776 2159 meritisque
1806 2090 1849 2120 "
1879 2090 2034 2143 tueri.

842 2179 1021 2248 thue
1051 2181 1121 2234 sit
1150 2181 1353 2248 absque
1385 2180 1515 2251 jugo
1546 2194 1728 2249 regum
1760 2195 1856 2249 per
1881 2180 2025 2235 secla
2057 2189 2353 2249 potentum.

841 2267 955 2323 Nec
983 2279 1319 2324 terrenorum
1353 2271 1591 2339 patiatur
1614 2270 1720 2323 vim
1746 2271 2110 2335 dominorum,

843 2360 959 2415 lloc
986 2361 1213 2415 rectoris
1239 2360 1517 2429 apostolici
1545 2360 1717 2414 solum
1745 2361 1935 2416 ditioni

844 2451 1155 2515 Tradimus,
1178 2452 1244 2505 ad
1266 2449 1657 2506 defendendum
1681 2451 1989 2521 pariterque
2018 2452 2307 2520 regendum
2327 2452 2390 2503 ⁸ο.
2406 2470 2424 2502 ι

847 2540 974 2595 lizec
1001 2541 1127 2595 dux.
1160 2540 1226 2594 Et
1251 2539 1294 2571 ⁶¹
1325 2555 1565 2594 summus
1595 2540 1787 2609 praesul
1819 2540 1898 2594 sic
1926 2541 2147 2609 Sergius
2170 2554 2327 2594 orsus

846 2632 1023 2699 lnquit
1052 2648 1064 2683 :
1100 2650 1118 2681 ι
1152 2630 1227 2683 Te
1258 2628 1373 2682 miti
1401 2628 1730 2698 complector
1753 2639 1990 2697 pectore,
2020 2628 2115 2691 fili,

846 2722 1274 2789 Consortemque
1303 2731 1447 2774 tuam
1473 2720 1677 2789 pariter
1702 2718 2029 2790 complector
2055 2716 2361 2784 amandarat,

847 2815 1024 2885 atque
1052 2811 1155 2879 piis
1182 2809 1372 2864 studiis
1399 2810 1639 2879 gaudens
1667 2808 1979 2878 congauch
2005 2807 2221 2871 vestris,

847 2903 959 2957 Nec
986 2903 1137 2957 vobis
1167 2900 1328 2955 credo
1356 2898 1438 2954 fas
1473 2913 1591 2955 esse
1618 2900 1662 2931 δ’
1702 2914 1895 2970 negare
1920 2900 2109 2969 petita.

847 2991 949 3046 llic
976 2992 1080 3045 duo
1107 2998 1342 3045 rectores
1370 2988 1585 3044 fuerant
1609 2988 1895 3058 aliquando
1921 2996 2189 3056 potentes,

850 3083 1053 3137 Praisul
1076 3081 1399 3136 Anastasius
1425 3080 1574 3135 sedis
1600 3080 1975 3136 sanctissimus
2007 3077 2185 3146 hujus.

849 3175 919 3227 Et
947 3172 1338 3242 coapostolicus
1364 3186 1517 3226 sacer
1545 3170 1889 3226 innocentius
1914 3168 2062 3236 ejus;

850 3262 952 3329 Qui
981 3271 1099 3333 post
1123 3270 1395 3330 pastorem
1422 3259 1639 3314 Petrum
1668 3258 2001 3328 Paulumque
2030 3258 2348 3327 magistrum

851 3353 1109 3408 Ecclesia:
1141 3352 1353 3407 meritis
1390 3350 1632 3406 celebres
1662 3348 1861 3404 fulsere
1890 3348 2186 3418 supremis;

853 3446 1093 3511 Quorum
1129 3454 1239 3497 tam
1268 3457 1461 3513 magna
1492 3449 1775 3496 servantur
1803 3455 2030 3509 corpora
2062 3452 2193 3493 cura

850 3539 1087 3589 Actenus
1112 3548 1143 3587 a
1170 3532 1379 3587 cunctis
1409 3532 1567 3601 hujus
1598 3531 1896 3585 rectoribus
1924 3530 2093 3593 urbis,

853 3626 928 3682 Ut
958 3641 1056 3681 nec
1080 3623 1399 3695 particulam
1430 3623 1717 3693 quisquam
1748 3622 2078 3676 subtraxerit
2108 3635 2366 3691 unquam,

853 3716 1019 3770 Pleno
1046 3713 1410 3769 membrorum
1439 3726 1664 3766 numero
1692 3722 2005 3766 remanente
2034 3724 2331 3765 sacrorum.

855 3809 961 3864 Sed
985 3807 1112 3878 quia
1136 3807 1258 3876 jure
1288 3806 1390 3876 piis
1418 3807 1715 3863 concedere
1743 3805 1910 3861 debeo
1941 3806 2078 3860 votis
2104 3805 2170 3871 “,

853 3902 1148 3955 Amborum
1176 3898 1290 3969 (41)
1316 3899 1465 3953 vobis
1490 3897 1698 3953 donabo
1724 3899 1945 3966 pignora
1972 3897 2161 3969 gratis,

854 3991 1184 4061 Corporibus
1210 3989 1381 4044 sacris
1405 3989 1613 4044 abscisa
1642 3988 1687 4019 “
1716 3996 1963 4056 patenter
1994 3988 2061 4042 ab
2098 3986 2257 4056 ipsis;

858 4085 913 4137 Si
946 4090 1283 4137 sacramento
1311 4079 1645 4134 confirmatis
1671 4078 1799 4132 mihi
1831 4077 1996 4143 facto,

858 4176 981 4229 "£0
1012 4174 1062 4227 in
1093 4171 1328 4227 cmnobii
1357 4171 1602 4225 venerari
1629 4168 1739 4238 jam
1772 4169 2056 4224 memorati

855 4265 989 4321 Fine
1017 4276 1172 4320 tenus
1204 4262 1401 4333 templo
1427 4262 1595 4316 vestri
1628 4262 1924 4315 munimine
1949 4260 1994 4292 "
2020 4260 2184 4323 facto,

855 4358 1027 4413 Nocte
1054 4357 1249 4426 dieque
1282 4355 1456 4410 sacris
1482 4354 1590 4407 illic
1624 4352 2002 4407 resonantibus
2031 4350 2271 4421 hymnis,

855 4446 1073 4501 Necnon
1098 4460 1327 4501 accenso
1352 4443 1614 4515 praeclaro
1644 4442 1846 4497 lumine
1872 4456 2106 4510 semper.

854 4538 971 4592 Hoc
1000 4546 1055 4592 et
1081 4534 1358 4605 apostolici
1381 4535 1543 4605 juris,
1571 4534 1708 4588 sicut
1734 4540 1786 4587 et
1814 4532 2066 4601 petiistis,

854 4626 1171 4683 Cmnobium
1202 4625 1375 4680 nostri
1404 4624 1749 4692 designamus
1779 4622 1990 4685 ditioni,

858 4719 929 4775 Ut
954 4719 998 4750 “
1029 4727 1370 4773 terrenarum
1405 4715 1476 4770 sit
1500 4728 1749 4769 securum
1776 4712 2137 4766 dominorum.
2169 4730 2189 4762 ι

856 4809 954 4863 llis
979 4809 1084 4862 dux
1120 4807 1407 4878 promissis
1434 4806 1645 4860 laetatus
1674 4803 1854 4866 corde,
1887 4801 2140 4857 verendis

858 4899 1124 4954 Mandatis
1151 4914 1211 4954 se
1245 4896 1516 4970 pontiﬁcis
1544 4897 1738 4953 summi
1769 4897 1884 4951 fore
1913 4893 2085 4950 sacris

932 4990 1089 5048 \‘ers.
1131 4990 1256 5047 182.

1648 347 2112 403 llﬂOTSL'lelAZ
2151 348 2471 405 MONIALIS
2508 339 3198 407 CANDERSHEIMENSIS

3931 352 4071 410 1140

2433 470 2479 525 Α
2513 465 2630 520 Mox
2661 482 3042 537 responsurum
3079 467 3255 532 factis,
3288 467 3481 536 inquit,
3509 466 3788 530 studiosis,

2513 554 2611 620 Qui
2640 555 2777 611 foret
2804 557 3031 610 ecclesia
3061 557 3254 626 dignus
3284 572 3405 610 mox
3435 556 3769 610 aedificanda.

2517 645 2586 700 Ut
2615 645 2721 699 fert
2750 646 3038 700 multorum
3068 646 3331 700 sententia
3358 660 3485 699 vere
3511 645 3556 675 ⁵⁷
3589 645 3873 707 scientum,

2515 736 2764 790 Proxima
2791 737 3039 791 emnobio
3066 734 3238 790 fuerat
3267 746 3394 790 tunc
3424 734 3632 799 silvula,
3664 735 3839 789 cinctu
3866 734 3915 765 “

2517 825 2754 880 Collibus
2783 826 3071 889 umbrosis,
3099 828 3295 895 quibus
3323 834 3378 879 et
3408 841 3505 879 nos
3530 824 3796 890 cingimur
3822 823 3984 891 ipsis;

2517 918 2733 974 Necnon
2764 922 2815 972 in
2844 918 2974 973 silva
3006 919 3181 971 fuerat
3208 919 3308 971 sita
3339 916 3557 985 parvula
3589 916 3732 977 villa,

2518 1009 2573 1063 In
2610 1026 2713 1079 qua
2748 1008 2975 1063 Liudulfi
3006 1009 3146 1063 soliti
3176 1008 3446 1064 stabulare
3477 1006 3717 1068 subulci,

2518 1100 2662 1154 intra
2692 1110 2843 1170 septa
2879 1100 2978 1154 viri
3010 1100 3291 1167 cujusdam
3330 1098 3467 1151 lassa
3503 1096 3669 1165 quieti

2519 1188 2759 1260 Corpora
2784 1191 3064 1245 nocturnis
3088 1205 3183 1244 sua
3212 1202 3560 1257 composuere
3586 1186 3685 1240 sub
3714 1183 3881 1246 boris,

2517 1282 2655 1335 Dum
2683 1282 2783 1336 sibi
2812 1282 3132 1336 commissos
3162 1281 3429 1336 debebant
3459 1295 3677 1350 pascere
3704 1293 3916 1345 porcos.

2521 1373 2619 1428 llic
2646 1374 2939 1442 quondam,
2977 1389 3097 1428 cum
3124 1383 3435 1428 sanctorum
3468 1369 3771 1426 venerabile
3801 1369 3992 1422 festum

2521 1463 2675 1518 Esset
2704 1474 3022 1519 cunctorum
3053 1480 3176 1518 mox
3211 1473 3332 1533 post
3362 1464 3579 1517 bidumn
3614 1458 4016 1519 celebrandum,

2523 1553 2634 1608 Sub
2662 1555 2835 1608 noctis
2858 1554 3033 1609 claras
3064 1554 3301 1608 tenebris
3326 1554 3518 1606 ardere
3554 1552 3798 1605 lucernas

2522 1643 2578 1697 In
2609 1644 2739 1698 silva
2770 1643 2966 1698 multas
2994 1645 3092 1713 ipsi
3124 1644 3306 1697 videre
3332 1642 3553 1697 subulci.

2526 1732 2621 1786 His
2648 1732 2799 1794 visis,
2825 1733 3005 1786 cuncti
3047 1733 3381 1787 mirabantur
3406 1730 3713 1798 stupefacti,

2454 1802 2499 1860 Β
2528 1820 2666 1886 Quid
2696 1836 2832 1875 nova
2861 1822 3190 1887 splendentis
3218 1822 3378 1877 vellet
3403 1821 3501 1874 sibi
3533 1820 3668 1872 visio
3696 1818 3851 1881 lucis,

2528 1907 2664 1963 Miro
2694 1916 2987 1962 nocturnas
3014 1910 3267 1964 scindens
3300 1906 3585 1975 splendore
3616 1904 3899 1965 tenebras;

2530 1998 2747 2067 Hocque
2782 1999 2972 2054 domus
3000 2001 3139 2068 patri
3171 2006 3525 2052 narraverunt
3554 1993 3870 2052 tremefacti,

2531 2089 2961 2144 Demonstrando
2995 2090 3190 2149 locum.
3226 2105 3385 2159 quem
3418 2089 3505 2142 lux
3533 2086 3842 2157 perfuderat
3866 2084 4053 2153 ipsum.

2529 2179 2630 2244 Qui
2660 2181 2778 2234 visu
2811 2180 2954 2235 clare
2980 2180 3025 2211 δ’
3056 2181 3279 2248 cupiens
3301 2179 3481 2231 audita
3518 2178 3769 2245 probare,

2534 2271 2696 2325 Extra
2730 2280 2870 2325 tecta
2901 2271 3091 2325 domus
3121 2271 3225 2325 illis
3254 2270 3506 2324 habitans
3534 2268 3790 2323 sociatus.

2531 2360 2836 2414 lnsomnem
2869 2359 3033 2429 coepit
3070 2367 3280 2412 noctem
3313 2371 3532 2412 servare
3562 2364 3895 2423 sequentem,

2534 2448 2649 2503 Non
2678 2450 2725 2481 ⁸ο
2751 2449 3006 2503 claudens
3034 2448 3221 2501 oculos
3248 2462 3438 2501 somno
3466 2447 3725 2500 suadente
3756 2452 4029 2515 gravatos,

2535 2540 2713 2594 Donec
2740 2554 3028 2594 succensas
3053 2553 3243 2591 rursus
3274 2537 3495 2590 rutilare
3518 2537 3766 2589 lucernas

2536 2631 2709 2684 Aucto
2736 2629 3017 2684 vincentes
3046 2643 3271 2683 numero
3298 2627 3481 2681 videre
3518 2626 3747 2695 priores,

2536 2721 2655 2789 ipso
2684 2721 2881 2790 quippe
2908 2719 3046 2783 loco,
3080 2719 3172 2773 sed
3199 2719 3377 2787 prisco
3401 2732 3561 2786 quam
3588 2716 3738 2785 prius
3766 2715 3809 2745 "
3842 2714 4008 2772 liora;

2537 2812 2746 2867 Ominis
2778 2813 2879 2866 hoc
2907 2812 3118 2881 signum
3155 2809 3328 2864 felicis
3356 2822 3586 2875 namque
3618 2820 3866 2860 serenum

2544 2902 2611 2956 Ut
2639 2901 2873 2956 thbus
2898 2900 3076 2954 radios
3104 2899 3390 2968 spargebat
3416 2898 3482 2950 ab
3507 2895 3707 2949 mthcre
3733 2893 3958 2960 primos,

2540 2996 2624 3049 Fit
2657 3004 2863 3057 notum,
2896 2992 3037 3047 fama
3065 2991 3275 3045 cunctis
3302 2989 3560 3057 prodente
3584 2985 3839 3051 jocnmla.

2541 3085 2649 3139 Nec
2682 3084 2903 3139 latuisse
2933 3084 3120 3136 ducem
3148 3080 3365 3150 dignum
3395 3078 3564 3148 potuit
3590 3071 3916 3134 Liudulfun,

2540 3181 2712 3233 Aures
2738 3178 2831 3231 sed
2862 3176 3023 3230 citius
3050 3174 3193 3227 dicto
3218 3173 3527 3242 pulsaverat
3561 3168 3697 3237 ejus.

2541 3270 2764 3339 Ipseque
2794 3275 3007 3320 sacrata
3035 3263 3155 3318 festi
3184 3277 3306 3316 mox
3340 3271 3497 3315 nocte
3529 3258 3693 3311 futuri

2539 3360 2849 3415 Observans
2876 3365 3052 3420 caute,
3080 3356 3124 3411 si
3151 3355 3436 3423 quicquam
3469 3361 3652 3420 postea
3681 3349 3785 3403 tale

2539 3450 2762 3505 Ccnlitus
2788 3447 2992 3501 ostensi
3028 3450 3355 3499 monstraret
3378 3442 3423 3472 "
3453 3440 3589 3494 visio
3614 3438 3773 3506 signi,

2540 3538 2673 3593 Cum
2706 3536 2886 3591 multis
2912 3536 3102 3590 silvam
3131 3546 3333 3602 pernox
3359 3536 3717 3598 conspexerat
3748 3527 3938 3593 ipsam.

2541 3628 2651 3685 Nec
2680 3642 2855 3691 IOI‘S,
2886 3641 3008 3681 cum
3039 3622 3231 3678 nebula
3260 3631 3433 3676 terras
3464 3634 3569 3673 nox
3603 3625 3807 3671 texerat
3837 3624 3979 3677 atra,

2542 3721 2789 3789 Undique
2816 3716 3079 3773 silvestris
3110 3730 3204 3783 per
3226 3728 3415 3784 gyrum
3442 3710 3674 3779 denique
3699 3706 3873 3767 vallis,

2540 3811 2596 3865 in
2621 3824 2727 3878 quo
2753 3806 3079 3863 fundandum
3108 3803 3284 3857 fuerat
3314 3798 3603 3871 praenobile
3631 3795 3910 3865 templum,

2542 3900 2742 3955 Ordine
2771 3897 3032 3967 disposito
3059 3902 3354 3949 cernuntur
3386 3889 3581 3944 lumina
3610 3886 3793 3955 plura;

2542 3993 2670 4058 Qua:
2703 3989 2862 4045 simul
2897 3988 3153 4045 arboreas
3179 3983 3399 4038 umbras
3426 3980 3705 4046 noctisque
3734 3975 3986 4030 tenebras

2543 4083 2697 4137 Clare
2726 4079 2973 4150 pollentis
2997 4064 3316 4132 scindebant
3342 4072 3461 4124 luce
3487 4068 3697 4123 nitoris.

2544 4175 2681 4229 llinc
2711 4172 2867 4227 simul
2895 4178 3135 4224 astantes
3164 4165 3389 4221 Domino
3418 4161 3628 4215 laudem
3666 4155 3983 4215 referentes,

2543 4264 2744 4317 Omnes
2772 4274 2890 4314 esse
2917 4258 3091 4312 locum
3119 4253 3405 4309 firmabant
3436 4244 3878 4303 sanctificandum

2545 4351 2673 4421 Ejus
2701 4348 2767 4403 ad
2796 4346 3134 4415 obsequium,
3166 4343 3258 4412 qui
3292 4342 3407 4395 luce
3438 4338 3740 4407 repleverat
3767 4332 3935 4387 illum.

2544 4443 2613 4494 At
2638 4440 2744 4493 dux
2776 4437 2982 4494 cmlesti
3018 4450 3122 4490 non
3154 4435 3394 4503 ingratus
3417 4427 3626 4499 pietati,

2544 4529 2842 4584 Arboribus
2871 4541 2993 4580 mox
3024 4523 3248 4578 succisis
3291 4520 3565 4589 spinisque
3600 4512 3837 4583 rejectis,

2540 4619 2927 4684 Consensuque
2959 4630 3068 4669 suae
3098 4613 3306 4667 dilectae
3338 4606 3582 4675 conjugis
3613 4604 3760 4664 Odm,

2541 4709 2773 4769 Omnino
2802 4705 2994 4759 vallem
3026 4700 3271 4757 niundari
3301 4697 3464 4767 jussit
3488 4693 3744 4755 eandem;

2542 4799 2967 4865 Silvestremque
2997 4795 3172 4848 locum
3201 4788 3403 4845 Faunis
3434 4783 3796 4851 monstrisque
3826 4779 4092 4851 repletum

2545 4888 2697 4945 Fecit
2726 4887 3039 4941 mundatum
3067 4882 3264 4940 divinis
3294 4878 3539 4934 laudibus
3568 4882 3769 4945 aptum.

2618 4976 2772 5033 Vers.
2813 4975 2938 5032 252.

2182 5114 2271 5169 VA
2280 5112 2416 5169 ΚΙᾸΞ
2457 5109 2853 5167 LECTIONES.

918 5247 975 5279 -"
1012 5245 1087 5299 ita
1116 5241 1299 5297 Leibn.
1339 5238 1651 5293 emendavit.
1689 5234 1883 5307 Utique
1912 5234 1964 5287 1.
1998 5232 2067 5308 Ut
2096 5230 2262 5308 igitur
2295 5229 2377 5308 11).

2475 5226 2520 5257 sa
2552 5226 2624 5278 ita
2662 5226 2712 5278 1.
2748 5223 2831 5308 1)».
2875 5220 3161 5308 ιείὺηξιὶιιε
3192 5218 3469 5308 ἱι’ρεξρμιίηι
3500 5211 3746 5308 prqpquit
3782 5210 3824 5264 Α
3868 5217 3927 5308 te,
3956 5206 4131 5308 cons‘i.

3541 5275 3745 5308 Αὲίηίοέλ
3797 5280 4044 5308 ...πλη-,οι
