4482 5548
400 377 535 433 ῖιιι

1209 375 1487 429 CARMEN
1530 376 1617 428 DE
1658 375 1983 429 PRIMORD.
2028 374 2308 430 CLENOB.
2350 371 2853 428 GANDERSIIEIM.

3505 360 3637 417 1142

397 491 557 554 llinc,
585 504 717 558 quos
744 489 913 558 poscit
943 503 1094 557 opus,
1131 490 1279 556 prius
1306 490 1589 557 aequirens
1619 492 1662 520 ⁸³
1689 491 1786 543 sibi
1819 504 1965 541 snm-
1998 494 2040 547 Α
2073 490 2262 543 Omnia
2293 490 2567 543 materiam
2601 496 2818 555 possent
2848 495 3074 537 traxmse
3103 483 3386 549 petrinatn.

1730 576 1894 647 [ptus,

396 670 649 726 Protinus
678 671 917 725 ecclesiae
944 672 1245 725 construxit
1278 670 1471 723 incenia
1501 669 1735 736 pulchra:
1760 668 1823 732 ",

395 758 525 825 Qua:
555 758 804 827 splendor
841 758 973 813 lueis
1004 758 1614 826 designavitrutilantis.

396 847 506 903 llac
534 848 695 915 igitur
719 863 875 902 eausa
912 848 1085 903 fuerat
1110 850 1153 880 ⁵⁸
1182 848 1293 917 jam
1320 862 1492 917 empta
1523 850 1756 903 secundo

393 937 632 991 Cteuobii
663 939 761 993 sub
799 940 1001 993 honore
1033 939 1126 993 Dei
1152 941 1482 994 constructio
1511 940 1675 992 nostri

392 1026 597 1080 lnterca
629 1026 830 1096 lapides
855 1038 1139 1084 structura:
1165 1029 1543 1082 convenientes

393 1115 505 1168 Non
540 1127 758 1184 pozuerc
788 1119 922 1173 locis
952 1119 1188 1172 nancisci
1217 1134 1435 1188 prorsus
1465 1120 1514 1171 in
1550 1119 1679 1180 illis;

394 1204 542 1259 Unde
580 1222 785 1260 moram
815 1208 995 1276 templi
1030 1210 1229 1276 patitur
1254 1208 1512 1277 pcrleetio
1537 1210 1717 1275 empti.

389 1295 675 1349 Abbaiissa
703 1298 793 1351 sed
823 1315 851 1351 a
880 1300 1105 1353 Domino
1134 1315 1358 1368 sperans
1389 1300 1721 1353 llathumoda

386 1383 681 1452 lmpetrarc
714 1387 815 1441 [ide
844 1388 1095 1441 credente
1124 1404 1181 1443 se
1210 1388 1253 1419 ⁸⁶
1277 1390 1455 1443 omnia
1486 1404 1664 1456 posse,

385 1473 690 1545 Frangebat
717 1493 833 1532 sese
867 1480 1031 1535 nimio
1061 1496 1294 1549 persmpc
1320 1480 1522 1542 labore,

388 1564 554 1620 Nocte
580 1567 771 1635 dieque
802 1569 909 1622 Deo
941 1570 1109 1623 sacris
1144 1570 1335 1623 studiis
1373 1568 1710 1631 famulando;

385 1654 451 1707 Et
482 1656 841 1719 subjectarum
874 1659 1056 1712 multis
1083 1660 1155 1712 illi
1187 1661 1423 1725 sociatis,

384 1744 607 1798 Ctelitus
634 1747 814 1801 auxilii
846 1749 1001 1816 petiit
1029 1749 1288 1803 solamina
1327 1750 1479 1814 ferri,

384 1830 461 1885 Nc
492 1849 593 1886 non
625 1834 919 1903 perfectum
951 1833 1256 1893 remaneret
1286 1856 1416 1908 opus
1442 1841 1576 1897 bene
1611 1852 1867 1913 emptum.

384 1922 490 1977 Nec
519 1941 690 1989 mora,
719 1926 993 1982 cmlestem
1024 1944 1184 1997 quam
1213 1931 1483 1998 quzcrebat
1511 1933 1763 1998 pietatem

384 2014 565 2068 Sensit
602 2016 791 2071 adesse
818 2019 860 2049 ⁸⁷
902 2021 1013 2073 suis
1048 2021 1185 2075 votis
1214 2031 1515 2090 promptam
1551 2023 1595 2053 ⁵⁸
1625 2025 1885 2077 misereri.

382 2101 513 2156 Nam
540 2104 833 2174 jejunamlo
862 2110 1030 2163 sacris
1060 2112 1410 2179 precibusque
1439 2114 1678 2167 voeanth

380 2198 513 2253 Cum
546 2213 811 2269 prostrata
842 2206 927 2258 die
957 2207 1187 2275 quadam
1212 2206 1383 2273 jaeuit
1410 2224 1566 2263 secus
1596 2225 1768 2273 aram,

383 2289 541 2342 Vocis
572 2304 860 2346 mansueta:
890 2294 934 2325 ⁵³
966 2296 1183 2350 monitis
1210 2298 1359 2350 exire
1387 2296 1610 2363 jubetur

379 2376 556 2445 Atque
595 2380 745 2447 sequi
786 2382 1079 2444 volucrem,
1116 2399 1276 2451 quam
1319 2384 1361 2414 ⁶⁰
1398 2384 1509 2453 jam
1547 2402 1829 2456 progressa
1870 2403 1955 2442 sc-

1651 2476 1885 2547 [dentem

379 2554 637 2611 Ccrneret
667 2558 719 2612 in
752 2560 865 2613 saxi
894 2560 1168 2628 cujusdam
1202 2564 1401 2617 vertice
1441 2566 1638 2635 magni.

381 2647 605 2717 Ipsaque
631 2653 993 2720 complectens
1025 2655 1206 2711 animo
1242 2668 1503 2726 przrcepta
1537 2670 1745 2726 parato,

382 2744 688 2812 Egreditur,
719 2746 878 2799 dictis
908 2747 1135 2801 credens
1163 2762 1229 2801 ex
1261 2750 1423 2803 corde
1456 2750 1730 2819 iubentis;

378 2834 456 2889 Ac
490 2836 832 2889 ecmentariis
862 2852 1044 2891 secum
1073 2839 1301 2905 sumptis
1324 2840 1459 2893 bene
1488 2842 1672 2909 gnaris

380 2922 627 2977 Perrexit
658 2925 819 2979 citius
842 2942 948 2995 quo
977 2927 1129 2981 duxit
1156 2927 1390 2995 Spiritus
1418 2929 1613 2991 almus,

376 3013 559 3066 Donec
584 3014 647 3067 ad
683 3026 917 3083 coeptum
947 3016 987 3047 ⁶¹
1017 3018 1257 3085 perrexit
1287 3017 1463 3071 nobile
1497 3018 1769 3087 templum.

377 3101 489 3155 lllic
518 3104 857 3157 candidulam
886 3104 1019 3158 vidit
1050 3106 1286 3159 residere
1311 3106 1613 3159 columbam

375 3190 433 3243 ln
463 3192 722 3260 designati
753 3193 795 3223 ⁸³
825 3194 1079 3260 prmeclsu
1108 3194 1309 3248 vertice
1334 3195 1482 3259 saxi;

377 3282 506 3347 Qua:
532 3298 654 3335 mox
682 3284 936 3351 expansis
966 3284 1197 3338 volitans
1232 3294 1583 3350 prsecesscrat
1612 3286 1733 3347 alis,

378 3371 664 3439 Temperat
693 3384 852 3440 atque
878 3388 1031 3426 suum
1064 3388 1167 3426 non
1198 3383 1352 3427 sueto
1376 3388 1525 3427 more
1556 3375 1787 3428 volatum

374 3458 563 3513 Posset
591 3470 643 3513 ut
674 3461 925 3515 "aereos
949 3461 992 3491 ⁶³
1015 3462 1221 3516 directo
1252 3462 1467 3517 tramite
1497 3462 1673 3517 sulcos

374 3549 508 3603 Cum
540 3550 701 3605 sociis
732 3550 1027 3621 gradiendo
1059 3551 1208 3620 sequi
1235 3552 1549 3622 virguncula
1583 3552 1803 3607 Christi.

373 3638 614 3707 Cumque
638 3640 887 3693 columba
917 3639 1091 3694 locum
1125 3643 1356 3696 volitans
1383 3644 1617 3697 venisset
1648 3646 1713 3698 ad
1747 3645 1913 3706 illum,

373 3728 715 3793 Quem-nune
748 3747 852 3784 non
880 3731 1117 3785 sterilem
1149 3732 1358 3802 magnis
1387 3732 1588 3786 scimus
1616 3733 1728 3787 fore
1762 3735 1946 3802 petris,

371 3817 715 3873 Descendens
747 3830 947 3872 terram
978 3830 1156 3875 rostro
1181 3830 1524 3890 percusserat
1556 3822 1699 3875 illam
1720 3862 1734 3887 ,

372 3909 486 3962 Sub
509 3908 660 3976 cujus
688 3909 893 3979 lapides
918 3910 1189 3965 latuerunt
1217 3928 1410 3981 aggere
1439 3913 1639 3980 plures.

369 3997 489 4062 Quo
513 4006 659 4051 ecrta
691 3998 735 4028 “
776 3999 889 4053 viso
914 3999 1114 4053 Christi
1143 4001 1454 4075 dignissima
1484 4001 1633 4071 virgo

369 4088 678 4142 Emundarc
707 4089 885 4143 locum
917 4092 1092 4146 socios
1123 4103 1452 4161 praeceperat
1488 4094 1659 4162 ipsum
1684 4136 1699 4156 ,

367 4176 708 4247 Tellurisquc
732 4195 951 4247 gravem
981 4179 1233 4235 fodiendo
1258 4182 1504 4237 scindere
1540 4184 1733 4237 molem
1772 4185 1837 4237 “.

367 4267 486 4332 Quo
511 4266 675 4332 facto,
707 4277 997 4336 praestante
1024 4270 1109 4338 pia
1141 4270 1378 4325 bonitate
1407 4287 1661 4340 superna,

369 4356 536 4425 Copia
571 4374 885 4424 magnarum
920 4371 1256 4417 monstratur
1281 4364 1445 4418 multa
1473 4373 1743 4432 petrarum
1776 4383 1789 4427 ;

373 4443 527 4499 [Inde
558 4449 871 4501 monasterii
902 4465 1022 4503 cum
1056 4451 1253 4519 templo
1282 4452 1478 4505 mcenia
1508 4455 1670 4523 coepti
1734 4461 1745 4469 ’

446 4535 593 4589 Vors.
636 4538 758 4591 ς275.

2071 580 2205 634 llinc
2235 581 2402 649 magis
2427 590 2589 646 atque
2626 580 2794 647 magis
2825 586 2934 629 toto
2957 575 3236 627 romunine
3268 574 3459 626 mentis

2068 670 2321 723 Factores
2348 668 2551 735 templi,
2586 666 2790 720 Domini
2831 666 2928 717 sub
2964 666 3165 717 honore
3187 662 3453 724 saerandi,

2068 760 2341 813 lnstabaut
2367 758 2515 826 operi
2538 771 2660 809 mox
2688 764 2842 809 noete
2866 753 3059 822 dieque
3091 753 3309 805 recenti.

2138 846 2243 900 Sed
2274 847 2379 899 dux
2407 844 2707 907 Liudulfus,
2742 844 2944 913 primus
2977 842 3067 909 qui
3104 841 3350 894 conditor
3385 840 3498 907 ejus

2067 937 2258 991 Extitit
2285 947 2339 990 et
2368 952 2498 990 cura
2534 934 2684 1003 cujus
2714 934 2980 1003 processit
3009 934 3159 999 origo

2066 1028 2253 1082 Omnis
2282 1036 2564 1081 structum
2591 1025 2840 1096 precibus
2870 1024 3214 1093 poscentibus
3241 1021 3367 1077 Odm
3388 1062 3404 1088 ,

2068 1120 2209 1174 Proh
2234 1120 2414 1174 dolor!
2449 1120 2512 1171 ad
2538 1133 2805 1171 sumntum
2830 1132 2934 1171 non
2961 1116 3114 1169 duxit
3137 1130 3271 1184 opus
3300 1115 3595 1169 studiosum
3623 1134 3628 1141 ν

2068 1209 2171 1262 Sed
2199 1208 2454 1262 naturalis
2480 1223 2618 1261 smva
2653 1214 2826 1261 tactus
2849 1219 2981 1261 nece
3016 1204 3201 1257 mortis

2066 1300 2287 1370 Cogitur
2317 1310 2441 1352 ante
2465 1314 2619 1352 suum
2660 1297 2847 1351 factori
2882 1296 3109 1350 reddere
3133 1294 3315 1347 ﬂatum
3350 1296 3457 1359 (nu.
3484 1291 3633 1351 866i,

2066 1396 2235 1461 Quam
2267 1393 2503 1463 perfecta
2530 1394 2717 1446 domus
2749 1391 2961 1445 Domini
3000 1390 3138 1442 foret
3167 1388 3347 1441 inclita
3377 1398 3629 1453 prorsus;

2065 1484 2452 1552 Commisitque
2483 1499 2591 1536 sua:
2620 1498 2759 1536 carm
2787 1482 3066 1536 moriendo
3096 1478 3326 1539 relictze,

2064 1576 2238 1641 Atque
2267 1572 2374 1627 suis
2406 1573 2565 1633 natis,
2596 1571 2819 1624 ducibus
2849 1586 3010 1639 supra
3046 1566 3389 1628 memoratis,

2065 1662 2252 1715 Totius
2285 1660 2487 1714 infandi
2519 1661 2560 1692 ⁶⁷
2593 1659 2800 1727 pondus
2828 1674 3118 1726 curamque
3144 1654 3366 1717 laboris,

2065 1754 2308 1808 Exoraus
2331 1753 2466 1806 votis
2494 1761 2552 1805 ut
2579 1752 2911 1819 complerent
2932 1749 3183 1804 studiosis

1988 1826 2034 1885 Β
2063 1843 2287 1897 Omnem
2320 1842 2551 1897 emnobii
2584 1850 2910 1895 structuram
2940 1839 3269 1909 perficiendi.

2062 1932 2223 1998 Cujus
2249 1930 2303 1984 in
2337 1931 2558 1998 antiquo
2587 1945 2785 1998 corpus
2816 1928 3118 1982 venerabile
3156 1928 3354 1996 templo

2064 2020 2212 2074 'l‘uue
2242 2019 2447 2088 gremio
2484 2027 2643 2071 terrm
2673 2017 3103 2071 commendatum
3140 2015 3237 2067 fuit
3262 2024 3418 2084 apte;

2063 2111 2193 2165 Ossa
2220 2112 2311 2164 sed
2343 2125 2605 2163 annorum
2633 2117 2751 2178 post
2784 2108 3042 2162 decursus
3069 2106 3368 2173 aliquorum

2064 2200 2199 2253 Sunt
2231 2201 2330 2254 hac
2358 2200 2403 2231 “
2436 2202 2488 2254 in
2519 2199 2749 2254 ecclesia
2788 2198 3044 2252 translata
3081 2195 3300 2248 locanda
3332 2192 3559 2246 novella.

2064 2293 2263 2345 Forsan
2289 2293 2353 2346 ad
2383 2293 2485 2346 hoc
2507 2291 2550 2323 ⁸³
2583 2290 2730 2345 illum
2765 2288 2965 2343 mundo
2994 2286 3132 2340 Deus
3162 2282 3376 2337 abstulit
3405 2283 3542 2345 isto,

2064 2386 2197 2437 Dum
2230 2385 2317 2438 vix
2344 2384 2391 2415 ⁷ο
2419 2384 2592 2437 artatis
2623 2384 2801 2436 l'chres
2826 2381 2868 2413 ⁷¹
2903 2380 3073 2447 tetigit
3103 2376 3421 2439 mediocres,

2059 2472 2287 2527 lllustris
2320 2474 2529 2526 domum
2561 2481 2680 2539 post
2704 2471 2815 2524 hazc
2843 2476 2899 2521 ut
2934 2466 3143 2535 plenius
3170 2464 3295 2518 Odaa

2062 2561 2212 2615 Mens
2241 2561 2444 2613 intenta
2467 2561 2513 2590 τ’
2544 2560 2671 2623 Deo,
2701 2566 2883 2627 posset
2914 2565 3146 2610 tractare
3173 2568 3401 2623 superna
3426 2592 3440 2614 ,

2060 2652 2263 2720 Expers
2289 2648 2522 2703 carnalis
2551 2649 2711 2701 totius
2738 2661 2959 2717 prorsus
2987 2646 3204 2698 amoris.

2060 2738 2168 2793 Nec
2197 2749 2373 2793 tamen
2400 2738 2584 2792 auxilii
2614 2736 2852 2792 solamen
2882 2737 3111 2805 denegat
3140 2735 3211 2787 illi
3237 2776 3250 2798 ,

2062 2830 2164 2885 Sed
2200 2831 2490 2899 prmstabat
2512 2846 2666 2898 opem
2700 2829 2855 2883 solita
2882 2830 3082 2898 pietate
3112 2838 3380 2881 recentem
3401 2867 3415 2889 ,

2059 2921 2172 2986 Qua
2200 2920 2247 2951 ⁷³
2278 2918 2490 2973 ευΠὶιΙιςι
2520 2934 2644 2972 suas
2670 2927 2851 2988 posset
2878 2918 3139 2971 ditescere
3163 2932 3371 2969 nonnas

2058 3009 2320 3064 Omnibus
2348 3010 2431 3063 his
2458 3008 2640 3073 rebus,
2671 3019 2857 3061 noster
2878 3008 3311 3075 quibus.indiget
3336 3023 3482 3060 usus.

2058 3101 2198 3171 Ergo
2227 3101 2306 3155 sui
2334 3110 2533 3162 natam,
2562 3099 2863 3169 Liutgarda:
2892 3098 2937 3129 ⁷³
2960 3099 3175 3151 nomine
3203 3098 3421 3160 dictam,

1980 3164 2024 3223 Ε
2056 3190 2195 3244 Nutu
2226 3190 2505 3244 clementis
2538 3191 2677 3260 regis
2711 3198 3001 3259 prmstante
3033 3189 3306 3257 perennis,

2055 3282 2227 3351 Elegit
2254 3282 2432 3335 clarus
2466 3281 2794 3335 Francorum
2821 3297 2910 3335 rex
2938 3280 3253 3334 Ludowicus

2053 3374 2220 3442 Regni
2249 3384 2553 3427 consortem
2585 3374 2797 3427 sibimet
2833 3373 3141 3440 sociamque
3166 3373 3210 3403 ⁷⁸
3241 3386 3552 3440 perennem,

2053 3463 2219 3517 Filius
2252 3465 2392 3518 illius
2425 3464 2558 3534 (ιὲ),
2588 3462 2740 3530 cujus
2771 3463 2910 3517 dono
2934 3463 3212 3517 Lindulfus

2053 3552 2303 3622 Suscepit
2331 3554 2563 3623 primum
2593 3553 2823 3623 propria:
2851 3555 3025 3622 gentis
3053 3554 3404 3607 dominatum.

2052 3641 2180 3708 Quae
2211 3643 2391 3712 regina
2427 3644 2640 3710 quidem
2672 3642 2824 3696 nobis
2852 3645 2917 3696 ad
2949 3644 3359 3711 prosperitatem

2052 3732 2234 3795 Facta,
2259 3747 2368 3787 sua:
2392 3734 2607 3803 dignum
2638 3743 2838 3786 sancta:
2874 3734 3030 3786 matri
3063 3733 3389 3786 famulatum

2052 3825 2295 3885 Praestat,
2325 3839 2481 3892 opem
2511 3825 2557 3854 ⁷⁸
2588 3826 2728 3895 regis
2770 3825 3034 3894 pra-hens,
3063 3824 3265 3894 proprii
3298 3825 3551 3886 senioris,

2052 3914 2323 3982 Multaque
2349 3916 2393 3945 ⁷⁷
2422 3914 2669 3968 emnobio
2693 3914 2940 3983 promisit
2978 3914 3257 3968 commoda
3285 3923 3469 3967 nostro
3498 3915 3564 3965 ".

2122 4004 2329 4058 Interea
2357 4002 2555 4057 Christi
2588 4002 2736 4071 virgo
2765 4000 2889 4054 felix
2920 4002 3283 4065 llathumoda,

2049 4096 2181 4150 Cum
2212 4096 2387 4162 gregis
2414 4095 2655 4147 undenos
2683 4108 2866 4146 curam
2899 4093 2977 4146 bis
3006 4103 3239 4161 gesserat
3262 4108 3430 4147 annos
3451 4134 3464 4155 .

2048 4186 2213 4241 Ocius
2235 4185 2285 4236 in
2304 4182 2520 4237 Christo
2543 4182 2779 4235 moriens
2804 4181 3054 4234 transivit
3076 4181 3141 4235 ad
3166 4189 3309 4234 astra
3332 4182 3442 4251 (an.
3468 4181 3614 4249 874),

2047 4276 2333 4343 Gerbc'rgte
2365 4280 2606 4326 tenerum
2634 4271 2901 4325 commisit
2933 4270 3072 4323 ovile
3105 4272 3414 4340 regendum.

2050 4367 2175 4421 llaec
2203 4366 2294 4419 fuit
2332 4364 2522 4418 illustri
2558 4363 2771 4415 cuidam
2800 4362 3131 4428 nimimnque
3165 4362 3366 4428 potenti

1968 4489 2021 4549 Β
2050 4455 2378 4523 Desponsata
2407 4453 2541 4517 viro,
2575 4451 2888 4505 Bernhardo
2923 4451 2967 4480 7°
3000 4450 3214 4501 nomine
3240 4447 3418 4509 dicto;

2126 4546 2281 4600 Vers.
2324 4544 2447 4598 520.

1638 4656 1724 4708 VA
1736 4656 1870 4709 ΠΙᾸΞ
1906 4658 2299 4712 LECTIONES.

1638 4658 1870 4709 VARIJE
1906 4658 2299 4713 LECTIONES.
2732 4709 2747 4716 -

435 4715 481 4746 ⁸³
506 4716 794 4796 adquirens
822 4721 873 4773 4.
950 4723 1223 4796 "pulcre.
1260 4725 1861 4796 Desiderautnriversus
1886 4728 2139 4782 deliciuut
2172 4730 2275 4781 duo
2305 4729 2543 4781 carmina
2576 4729 2623 4781 l.
2662 4730 2739 4782 lb.
2772 4727 2922 4790 Quod
2954 4728 3006 4779 ὖ.
3049 4726 3111 4777 dc
3148 4722 3352 4796 duobus
3387 4722 3611 4775 versibus

366 4788 580 4864 accepit,
607 4788 811 4864 addens
844 4788 1122 4864 sensui'nil
1152 4795 1323 4847 deesse
1357 4793 1410 4847 4.
1436 4795 1581 4864 addit
1607 4808 1623 4844 :
1650 4795 1704 4846 In
1732 4798 2094 4864 manuscripto
2122 4797 2411 4862 autiquiori
2440 4799 2543 4852 duo
2568 4813 2755 4851 versus
2786 4788 2962 4849 minus
3001 4805 3141 4848 recte
3172 4792 3355 4864 scripti
3381 4800 3610 4864 exstant.

368 4854 490 4929 ideo
514 4854 811 4929 cancellati.
844 4858 976 4929 Hinc
996 4875 1148 4915 error
1175 4873 1342 4916 ortus.
1369 4862 1585 4915 —Ccrle
1613 4864 1740 4915 nihil
1769 4864 1941 4917 deesse
1978 4854 2195 4918 videtur.
2257 4854 2307 4897 ’⁸³
2336 4868 2470 4918 deest
2512 4869 2554 4919 l.
2591 4868 2734 4921 adest
2766 4868 2849 4919 ιιι.
2891 4865 3007 4917 nisu
3052 4854 3363 4929 conﬁcit-5.
3436 4860 3479 4929 ‘7‘
3514 4875 3611 4911 v0.3

368 4923 507 4975 deest
542 4925 588 4975 l.
626 4926 705 4976 Η).
736 4938 875 4978 extat
906 4928 959 4981 ‘2.
1040 4930 1082 4959 ³⁷
1112 4931 1183 4983 ila
1222 4931 1274 4983 ‘2.
1306 4938 1371 4985 ad
1404 4948 1520 4987 sese
1553 4932 1596 4983 l.
1632 4933 1712 4984 ib.

369 5006 526 5045 secus
565 5009 710 5046 aram
760 4998 807 5048 l.
841 4997 919 5048 ib.
951 5015 982 5049 a
1023 4997 1277 5051 Lcibuitio
1305 5016 1590 5054 correctura
1622 5012 1674 5053 ut
1706 5003 1758 5054 in
1789 4997 1950 5056 textu.

1444 5070 1486 5100 ⁸³
1517 5069 1681 5123 l’ossc
1710 5079 1830 5122 tunc
1860 5072 1907 5121 l.
1942 5074 2018 5125 ιδ.

1841 5138 1885 5169 ⁸⁸
1918 5140 2094 5195 Primo
2123 5142 2194 5193 ita
2230 5144 2445 5195 eandem
2469 5145 2778 5197 sententiam
2807 5139 3060 5196 extulerat
3100 5146 3248 5202 poeta
3276 5149 3292 5186 :
3332 5136 3399 5189 Et
3428 5136 3623 5191 molem

625 5062 654 5077 η

366 5057 411 5088 υ
441 5062 511 5135 ita
540 5062 594 5135 ε.
623 5062 675 5135 5.
713 5063 845 5135 Inde,
873 5068 1063 5135 signati
1105 5069 1155 5121 1.
1191 5069 1271 5121 th.
1312 5070 1365 5122 4.

348 5131 456 5181 .serl
487 5132 553 5182 ad
586 5134 733 5201 virgo
766 5131 1090 5201 referendum
1114 5148 1207 5197 est,
1238 5149 1399 5191 metro
1427 5139 1540 5192 licet
1570 5139 1745 5191 invito.

353 5204 524 5252 'terne
571 5200 1024 5258 circumfudiendo
1077 5222 1275 5261 secare.

367 5266 419 5368 ξ.
456 5269 559 5368 illi.“
610 5271 653 5368 7‘:
676 5286 738 5368 an
762 5288 818 5368 χι.
852 5273 899 5325 l.
935 5342 980 5368 η
1002 5274 1051 5368 ⁷),
1074 5277 1323 5362 “OEL-3...:
1362 5278 1650 5332 mediocris
1676 5276 1905 5368 δορις).

1792 4933 1837 4963 ⁵⁸
1870 4946 2174 5002 promptum
2212 4936 2290 4990 ib.

1359 5208 1401 5238 ⁸⁷
1434 5210 1653 5283 infantis
1692 5208 1735 5260 1.
1768 5207 2117 5283 ib._ingenlis
2154 5213 2294 5283 conj.
2329 5213 2381 5265 5.
2417 5214 2602 5283 recepit
2634 5213 2666 5265 4
2717 5213 2758 5283 (δέ
2792 5210 2935 5283 ibi
3017 5210 3058 5283 ξ’
3082 5210 3153 5260 ita
3170 5207 3323 5283 conj.

1972 5275 2553 5368 ~‘7’an31‘I'inlentata
2589 5283 2660 5368 Ι..
2716 5282 2760 5363 ⁷⁸³
2793 5281 2974 5368 tibi".
3008 5277 3213 5368 Qum-1.
3289 5275 3622 5368 “.ltttgalrda:

2372 4935 2416 4965 ⁵³
2448 4936 2737 5007 dulcisonae
2761 4937 2818 5007 f2.
2846 4933 3014 5007 V.__m_.
3050 4928 3151 4985 dic
3176 4931 3406 4997 quad::m
3446 4928 3617 5007 jacu_it

2054 5004 2096 5033 ⁶⁰
2128 5006 2199 5056 ita
2248 5007 2294 5057 1.
2338 5020 2496 5072 quem
2534 5006 2615 5058 ib.
2662 5005 2711 5058 5.
2747 5005 2798 5057 4.
2900 5003 2941 5032 ⁶¹
2988 5003 3297 5072 ἰιιςωριψιι-
3323 4996 3534 5072 corrigit

2098 5074 2138 5103 ⁸³
2171 5061 2432 5127 :etheréos
2458 5074 2510 5126 4.
2543 5076 2681 5127 deest
2712 5076 2790 5128 ιι).
2857 5072 2901 5103 τ’
2928 5081 3075 5123 certo
3106 5061 3245 5135 c'ouj.
3270 5061 3533 5138 3.;eceiit
3559 5061 3616 5119 4.

3017 5210 3058 5241 ⁶⁹
3082 5210 3153 5260 ita
3184 5204 3321 5271 conj.
3449 5207 3621 5259 adhuc
