4482 5548
869 402 1012 458 1145

868 516 977 570 Sed
999 529 1119 571 sese
1150 514 1369 573 Christo
1392 517 1532 576 clam
1558 534 1977 578 consecraverat
2000 526 2116 594 ipsa

867 606 1089 661 Caelesti
1113 620 1239 663 vere
1266 606 1314 639 '°
1346 624 1546 678 sponso
1572 612 1840 669 velamine
1870 631 2027 670 sacro
2048 656 2063 681 ,

867 695 1103 751 Omnino
1127 711 1385 766 sponsum
1408 713 1669 768 spernens
1695 703 1876 758 animo
1904 707 2245 761 moriturum.

869 783 982 840 Nec
1007 794 1185 841 tamen
1210 790 1502 861 extemplo,
1534 807 1631 862 pro
1657 794 1921 850 seditione
1953 799 2189 852 cavenda
2215 837 2229 861 ,

865 878 1016 931 Auro
1039 876 1311 948 fulgentes
1338 883 1510 951 potuit
1539 884 1808 953 deponere
1841 899 2020 943 vcstcs
2040 928 2056 954 ,

864 965 1115 1020 induitur
1142 968 1303 1023 solito
1340 971 1434 1025 sed
1470 972 1667 1027 vestitu
1694 976 1952 1044 pretioso.

868 1054 1076 1113 interea
1102 1060 1269 1125 venit,
1301 1076 1462 1130 quem
1495 1079 1691 1133 sponsa
1720 1066 1814 1121 Dei
1848 1069 2181 1143 reprobavit.

868 1147 956 1204 Uti
989 1150 1274 1221 colloquiis
1307 1152 1425 1222 ejus
1447 1170 1695 1224 quaerens
1718 1158 2036 1216 manifestis.

864 1239 1086 1295 Audivit
1107 1256 1258 1309 vero,
1289 1253 1472 1299 votum
1498 1246 1624 1315 quia
1658 1245 1849 1303 fecerit
1872 1249 2007 1318 ipsa,

862 1329 1014 1385 Velle
1043 1332 1341 1401 puellarem
1366 1344 1514 1391 caste
1541 1352 1759 1392 servare
1780 1340 2062 1408 pudorem.

864 1421 995 1487 Quae
1032 1438 1152 1477 cum
1188 1426 1427 1481 tardaret
1453 1426 1560 1481 cito
1590 1443 1688 1483 nec
1714 1430 2005 1497 procedere
2034 1431 2211 1495 vellet,

864 1509 1021 1576 Quod
1051 1513 1202 1581 prius
1232 1516 1497 1582 audierat,
1527 1533 1717 1572 verum
1756 1518 1870 1573 fore
1896 1520 2050 1573 valde
2079 1522 2334 1587 timebat;

857 1599 1261 1671 Impatiensque
1277 1619 1441 1660 morae
1461 1608 1714 1661 domnam
1729 1608 1771 1639 ⁸¹
1796 1610 2046 1676 precibus
2060 1612 2235 1677 placat
2249 1610 2438 1679 Odam,

856 1690 1045 1746 Donec
1068 1692 1182 1760 ipsa
1214 1709 1368 1748 suam
1393 1696 1555 1765 jussit
1582 1699 1877 1766 procedere
1906 1710 2085 1754 natam
2111 1741 2127 1766 ,

857 1780 1117 1835 Ornatam
1150 1783 1376 1852 pulchre
1400 1786 1549 1840 cultu
1581 1789 1748 1843 vestis
1778 1791 2049 1859 pretiosae,

859 1870 1076 1927 Necnon
1108 1876 1397 1943 gemmatis
1426 1886 1746 1947 sponsarum
1778 1896 1929 1935 more
1958 1883 2204 1938 metallis.

852 1962 958 2015 Ast
984 1964 1072 2017 ubi
1108 1963 1453 2021 Bernhardus
1477 1968 1628 2031 vidit,
1667 1984 1829 2037 quam
1859 1971 2206 2037 desideravit,

856 2051 959 2106 llis
984 2054 1162 2108 verbis
1190 2071 1373 2110 caram
1403 2059 1617 2112 causari
1644 2058 1816 2113 fertur
1846 2062 2074 2115 amicam
2110 2080 2122 2115 :

863 2162 882 2193 ι
919 2142 1036 2198 Non
1064 2160 1187 2200 raro
1212 2146 1396 2211 didici,
1424 2147 1565 2200 fama
1603 2150 1930 2217 procedente
1959 2153 2178 2207 sinist-ra
2198 2194 2213 2218 ,

857 2232 1013 2299 Quod
1040 2245 1095 2287 tu
1117 2235 1162 2265 ⁸²
1196 2235 1387 2290 nitaris
1409 2237 1454 2267 ⁸³
1486 2246 1733 2291 nostrum
1772 2240 2108 2310 disrumpere
2134 2253 2351 2310 pactum

854 2322 924 2377 Et
958 2324 1082 2378 fidei
1110 2325 1286 2380 [tedas
1309 2331 1637 2384 servandum
1663 2332 1868 2387 solvere
1893 2350 2130 2402 prorsus.

856 2413 928 2466 At
952 2430 1100 2469 nunc
1130 2417 1196 2470 ad
1224 2416 1421 2473 bellum
1448 2421 1609 2475 citius
1640 2437 1931 2491 properare
1967 2425 2207 2479 futurum

856 2501 1135 2573 Praecepto
1160 2506 1303 2577 regis
1329 2524 1512 2579 cogor,
1542 2512 1709 2565 nostri
1735 2514 1982 2569 senioris.

858 2594 997 2647 lline
1034 2604 1247 2665 tempus
1277 2602 1421 2665 quod
1461 2618 1605 2656 nunc
1625 2603 1670 2633 “
1698 2620 1802 2658 non
1838 2615 1924 2659 est
1952 2607 2053 2661 hoc
2090 2608 2435 2677 discutiendi,

853 2688 914 2740 Si
953 2690 1172 2742 redeam
1199 2701 1347 2745 certe
1382 2707 1590 2762 sospes.
1627 2697 1923 2753 comitante
1949 2699 2154 2764 salute,

854 2777 1005 2831 Scito
1037 2779 1222 2847 procui
1251 2781 1432 2847 dubio,
1460 2787 1602 2853 quod
1630 2796 1680 2839 te
1710 2787 1956 2843 mihimet
1987 2791 2206 2845 sociabo
2244 2830 2253 2840 .

851 2870 1032 2938 Atque
1062 2873 1137 2925 tui
1175 2884 1359 2929 votum
1390 2877 1603 2944 penitus
1642 2882 1999 2947 pessumdabo
2023 2898 2237 2936 vanum.
2270 2902 2288 2935 ι

853 2958 1098 3024 Dixerat,
1124 2972 1177 3015 ct
1204 2963 1396 3018 dextra
1416 3005 1430 3028 ,
1462 2978 1739 3035 permotus
1765 2980 1963 3031 mente,
1994 2970 2166 3025 levata
2190 3012 2204 3037 ,

852 3046 1011 3103 Jurat
1038 3066 1136 3119 per
1158 3053 1417 3123 gladium,
1446 3073 1542 3126 per
1566 3060 1910 3114 candidulum
1934 3076 2147 3132 quoque
2173 3064 2365 3121 collum
2384 3104 2397 3129 ,

852 3136 1019 3191 Juxta
1048 3154 1206 3208 posse
1234 3159 1315 3198 SUI
1348 3144 1506 3200 factis
1537 3150 1792 3217 praedicta
1825 3152 2039 3219 repleri.

850 3228 1212 3297 Respondeas
1233 3248 1362 3305 ergo
1384 3235 1625 3307 Gerberg
1660 3240 1737 3293 ait
1759 3255 1854 3295 ore
1881 3242 2126 3297 modesto
2153 3261 2168 3296 :

856 3338 875 3365 τ
909 3316 1127 3375 Christo
1158 3338 1244 3376 me
1276 3332 1441 3378 totam
1474 3328 1755 3381 committo
1784 3345 1959 3383 meam
1995 3346 2211 3399 quoque
2250 3332 2437 3399 vitam,

856 3407 1036 3477 thue
1066 3411 1161 3467 fiat
1189 3416 1255 3469 dc
1283 3414 1536 3483 mejuxta
1566 3416 1801 3482 Domini,
1844 3436 1993 3490 rogo,
2028 3422 2183 3476 velle.
2218 3441 2236 3473 ι

852 3496 951 3553 llis
976 3501 1049 3556 ita
1084 3504 1366 3573 colloquiis
1396 3516 1583 3561 mutuo
1606 3523 1854 3564 sermone
1884 3513 2149 3579 peractis,

849 3589 1138 3649 Bernhard
1169 3595 1214 3628 ⁸³
1257 3611 1379 3651 mox
1410 3596 1561 3663 abiit,
1590 3614 1824 3667 casuque
1855 3616 1952 3654 suo
1980 3601 2089 3657 cito
2112 3602 2310 3666 sensit,

851 3682 940 3736 Nil
968 3693 1154 3738 contra
1180 3686 1463 3741 Dominum
1487 3704 1884 3758 quemcumque
1908 3692 2088 3746 valere
2109 3694 2434 3761 superbum;

850 3770 919 3824 Et
941 3776 1065 3839 quia
1097 3772 1380 3842 plusjnsto
1408 3776 1631 3846 deliquit
1654 3778 1835 3831 inania
1865 3778 2048 3845 fando,

850 3859 1069 3914 Decidit
1096 3861 1147 3914 in
1173 3861 1317 3917 bello
1342 3864 1517 3920 victus
1538 3866 1740 3920 virtute
1771 3884 2021 3937 superna.

848 3948 929 4003 Ac
952 3949 1155 4006 Christi
1180 3954 1332 4021 virgo
1359 3956 1539 4024 sponsi
1565 3957 1800 4012 caelestis
1823 3960 1992 4012 amori

849 4038 923 4092 Se
954 4054 1076 4094 mox
1107 4040 1405 4109 conjunxit,
1436 4060 1596 4112 quem
1620 4058 1769 4100 caste
1796 4062 2009 4117 semper
2034 4049 2257 4101 amavit.

924 4129 1092 4199 Cujus
1127 4132 1393 4200 primatus
1420 4144 1591 4200 sexto,
1626 4135 1680 4188 ni
1708 4136 1886 4201 fallor,
1915 4138 1967 4189 in
1998 4153 2140 4191 anno
2168 4145 2277 4203 (an.
2311 4136 2436 4205 S80)

847 4222 996 4276 Drun
1029 4224 1136 4278 dux
1158 4265 1173 4289 ,
1205 4226 1494 4281 ecclesiam
1523 4238 1808 4299 promptus
1846 4230 2136 4287 defendere
2166 4242 2432 4297 sanctam,

846 4310 1073 4367 Incursu
1097 4313 1164 4368 de
1190 4330 1453 4370 saevorum
1478 4318 1611 4371 satis
1639 4318 1998 4388 Ungariorum
2036 4320 2148 4389 (45)

846 4400 995 4456 Proh
1027 4405 1216 4459 dolor!
1244 4421 1307 4459 ex
1342 4407 1474 4475 ipsis
1500 4407 1711 4462 Domini
1740 4410 1920 4478 pravis
1951 4410 2188 4466 inimicis

846 4491 1143 4559 Occiditur,
1184 4493 1326 4550 binis
1360 4511 1483 4550 cum
1517 4497 1837 4564 praesidibus
1874 4499 2217 4563 venerandis,

847 4578 1111 4636 Omnibus
1136 4592 1297 4652 atque
1327 4585 1459 4640 viris
1488 4586 1718 4654 propriae
1741 4588 1948 4656 pariter
1973 4589 2215 4657 legionis.

846 4670 965 4738 Quo
994 4688 1119 4727 mox
1147 4675 1349 4739 occiso,
1377 4675 1561 4743 junior
1585 4676 1755 4731 frater
1781 4693 1908 4732 suns
1938 4679 1982 4710 ⁸⁸
2017 4679 2167 4735 Oddo

845 4761 963 4817 Dux
996 4762 1168 4819 factus
1190 4764 1370 4835 p0puli
1397 4765 1539 4820 dono
1562 4767 1705 4834 regis
1735 4766 2057 4836 llludowici,

846 4852 1148 4921 Respondit
1168 4856 1326 4911 factis
1355 4864 1555 4911 sanctae
1585 4864 1708 4911 voto
1736 4858 2046 4927 genetricis,

920 4941 1077 4998 Vers.
1113 4942 1237 4998 569.

1725 409 2194 468 IIROTSUITlUE
2238 414 2561 471 MONIALIS
2597 417 3290 475 GANDERSHEIMENSIS

3987 412 4124 477 tiu

2474 537 2523 591 Λ
2552 530 2627 582 Ac
2662 532 2838 583 studio
2859 531 3018 584 simili
3049 533 3383 587 concordans
3410 532 3600 587 nititur
3626 531 3702 585 illi

2549 619 2792 674 Cultibus
2814 621 3094 676 ecclesiam
3123 621 3301 692 dignis
3325 637 3519 677 ornare
3546 622 3830 689 novellam,

2548 709 2675 775 Qua:
2711 720 2829 779 post
2862 712 2976 765 lizcc
2999 726 3139 765 anno
3162 711 3336 765 fuerat
3364 713 3624 766 sacranda
3656 711 3911 767 secundo.

2549 799 2740 853 Minoia
2767 802 2996 855 cuznobii
3021 800 3244 870 perfecit
3272 802 3314 833 ⁸⁷
3342 802 3520 856 omnia
3548 803 3740 866 nostri,

2547 892 2835 944 Commoda
2862 893 3126 945 mansuris
3149 893 3256 945 illic
3283 907 3377 961 per
3400 892 3542 947 secla
3572 893 3781 962 puellis.

2618 980 2710 1034 llis
2736 983 2870 1036 bene
2906 982 3176 1051 perfectis,
3207 984 3357 1052 juxta
3390 992 3655 1052 prazcepta
3682 984 3922 1052 parentis

2546 1072 2769 1141 Eligitur
2798 1072 2907 1139 (an.
2938 1073 3063 1139 88!,
3092 1071 3226 1126 Nov.
3258 1073 3330 1138 l),
3361 1073 3555 1127 domna
3578 1073 3623 1105 “
3648 1084 3903 1143 poscente
3941 1074 4124 1129 videli-

3778 1165 3885 1239 [cet
3920 1166 4053 1232 Oda,

2544 1251 2662 1321 Ipsa
2704 1253 2817 1307 dies
2857 1254 3053 1323 templo
3090 1255 3351 1325 condigne
3388 1256 3803 1322 sanctificando,

2543 1341 2600 1394 ln
2634 1341 2785 1409 cujus
2814 1344 2987 1397 noctis
3016 1344 3192 1398 medio
3215 1361 3377 1413 quam
3407 1347 3649 1415 pluribus
3674 1348 3764 1401 illo
3793 1348 3840 1380 ⁸⁹

2546 1432 2728 1487 Tertio
2752 1436 3055 1505 conspicuae
3084 1438 3352 1505 quondam
3382 1438 3578 1494 fulsere
3615 1440 3867 1506 lucerncc,

2544 1523 2611 1577 Et
2636 1526 2777 1592 quod
2804 1526 2848 1556 ⁹⁰
2878 1534 3193 1580 cunctorum
3216 1528 3419 1596 pariter
3450 1531 3759 1585 venerabile
3788 1530 3983 1586 festum

2545 1614 2867 1669 Sanctorum
2896 1618 3034 1671 vasti
3063 1618 3105 1648 θ’
3131 1618 3304 1672 fuerat
3334 1635 3430 1688 per
3460 1621 3674 1674 climata
3704 1622 3908 1685 mundi,

2542 1704 2814 1774 Principio
2841 1707 3042 1761 mensis
3077 1709 3461 1765 celebrandum
3493 1713 3595 1765 rite
3624 1711 3960 1767 Novembris.

2545 1794 2658 1849 llac
2694 1795 2837 1850 fama
2877 1797 3059 1865 templi
3092 1799 3292 1867 passim
3322 1810 3609 1854 resonante
3639 1802 3681 1831 ⁹²
3714 1802 3981 1868 sacrandi,

2468 1866 2519 1926 Β
2548 1882 2793 1953 Undique
2816 1866 3238 1955 permultzemox
3262 1887 3569 1943 conﬂuxere
3593 1900 3843 1956 catervae,

2545 1974 2802 2043 Optantes
2830 1977 2933 2030 diei
2964 1988 3257 2046 prazsentes
3287 1993 3406 2032 esse
3435 1980 3654 2033 celebri.

2545 2062 2761 2118 Scilicet
2789 2080 2998 2119 aurorae
3029 2067 3201 2134 primo
3230 2068 3461 2121 candore
3493 2069 3747 2133 micante,

2543 2152 2729 2208 Omnis
2762 2162 3068 2209 nostrarum
3098 2157 3363 2210 collectim
3399 2157 3443 2188 9°
3476 2158 3628 2211 turba
3659 2173 3928 2222 sororum,

2545 2240 2822 2310 Susceptis
2848 2252 3197 2311 patronorum
3238 2245 3557 2314 gratulando
3584 2246 3793 2314 piornm

2543 2330 2871 2400 Corporibus
2905 2332 3095 2397 sacris,
3133 2332 3307 2402 pergit
3340 2334 3711 2387 resonantibus
3734 2335 3945 2403 hymnis

2540 2421 2621 2474 Ad
2648 2420 2761 2475 loca
2793 2422 3023 2475 coenobii
3055 2436 3263 2477 sunnno
3285 2424 3568 2477 conamine
3596 2426 3805 2478 structi.

2543 2506 2691 2561 Tunc
2724 2508 2937 2563 tandem
2963 2509 3170 2563 cunctis
3190 2510 3253 2561 ad
3280 2510 3479 2563 cultum
3512 2511 3612 2564 rite
3640 2512 3843 2579 paratis

2542 2599 2709 2665 Festi,
2736 2599 3081 2654 Wichbertus
3110 2598 3303 2667 prtcsul
3333 2599 3443 2668 (41)
3475 2600 3683 2653 Domini
3712 2600 4025 2655 benedictus

2542 2691 2764 2744 Dedicat
2795 2690 2896 2743 hoc
2934 2688 3189 2757 templum
3223 2688 3432 2742 Domini
3476 2689 3575 2743 sub
3620 2689 3822 2743 honore
3870 2689 4130 2744 decorum

2542 2781 2802 2837 Cantibus
2830 2779 2894 2833 ad
2925 2780 3137 2833 laudem
3166 2780 3369 2832 sanctis
3399 2794 3493 2848 per
3523 2778 3665 2831 secla
3694 2793 4007 2847 perennem,

2544 2871 2779 2937 Quorum
2808 2885 2949 2923 nunc
2980 2869 3172 2923 festum
3204 2869 3365 2939 digne
3398 2868 3574 2922 fuerat
3598 2868 3995 2923 celebrandum.

2544 2962 2656 3016 Hoc
2681 2963 2726 2997 ⁸⁸
2750 2978 2871 3015 nam
2897 2961 3036 3015 facta
3068 2960 3169 3014 fuit
3196 2961 3323 3014 clari
3356 2961 3589 3015 sacratio
3618 2959 3817 3028 templi,

2543 3054 2770 3108 Centum
2799 3052 3065 3106 mansuris
3094 3061 3215 3106 octo
3250 3052 3458 3105 vicibus
3498 3050 3752 3104 revolutis

2544 3142 2766 3197 Octonis
2794 3142 2967 3204 denis,
3002 3157 3106 3195 uno
3134 3141 3336 3209 pariter
3360 3148 3698 3208 superaucto,

2465 3208 2509 3270 Ο
2542 3231 2830 3300 Postquam
2870 3232 3019 3298 virgo
3047 3208 3301 3300 puellaris
3332 3231 3446 3284 sine
3476 3228 3632 3282 sorde
3658 3227 3876 3295 pudoris

2542 3320 2820 3374 Seclorum
2850 3335 3028 3389 regem
3069 3319 3277 3388 peperit
3315 3319 3696 3388 propriumque
3731 3318 3775 3347 π
3820 3323 4128 3385 parentem.

2542 3411 2692 3466 Tunc
2723 3426 2932 3481 erepere
2955 3411 3084 3465 locis
3109 3411 3337 3479 primum
3365 3411 3699 3465 silvestribus
3728 3408 3831 3464 illis

2540 3503 2790 3559 Carmina
2824 3503 3016 3556 divinae
3038 3502 3209 3557 laudis
3240 3502 3381 3556 clare
3414 3518 3688 3557 resonare.

2540 3593 2675 3647 Exin
2700 3594 2743 3628 9°
2769 3604 2819 3649 et
2850 3594 2992 3649 illius
3019 3595 3189 3648 nostri
3221 3594 3468 3648 collectio
3488 3603 3663 3647 coetus

2539 3683 2650 3737 Illic
2682 3684 2978 3753 permansit
3008 3685 3234 3738 Domino
3256 3683 3461 3754 jugiter
3486 3684 3813 3739 famulando.

2539 3774 2603 3826 Et
2634 3774 2758 3828 iicet
2787 3774 3057 3827 abbatissa
3088 3788 3304 3843 gregem
3332 3772 3605 3841 Gerberga
3637 3780 3907 3826 recentem

2540 3864 2708 3919 Caute
2730 3874 2973 3918 servaret
2995 3865 3039 3897 ⁹⁷
3063 3865 3269 3918 crebris
3296 3864 3619 3932 monitisque
3641 3862 3859 3916 doceret
3888 3862 3956 3925 “,

2538 3956 2874 4011 Conservare
2901 3971 3011 4009 suae
3038 3955 3250 4009 fuerant
3272 3955 3317 3987 ⁹⁹
3348 3970 3466 4024 qua:
3488 3970 3722 4024 congrua
3750 3954 3873 4005 vita:

2536 4048 2735 4103 Contra
2765 4048 3096 4125 propositum
3130 4062 3228 4101 nec
3259 4047 3385 4115 quid
3421 4055 3636 4115 patrare
3657 4044 3965 4114 profanum,

2538 4137 2743 4191 Domna
2783 4147 2961 4190 tamen
2988 4137 3358 4190 conversando
3387 4134 3454 4164 ¹⁰⁰
3486 4132 3804 4189 venerabilis
3827 4130 3943 4186 Oda

2535 4225 2679 4280 Intra
2706 4224 2939 4278 claustra
2971 4223 3283 4277 monasterii
3312 4238 3439 4277 cura
3464 4222 3707 4292 vigilanti

2441 4361 2448 4369 .
2538 4312 2822 4367 Scrutatur
2847 4310 3250 4379 conjunctarum
3276 4325 3510 4380 persaepe
3532 4325 3779 4364 sororum

2534 4404 2703 4458 Actus
2731 4411 2785 4456 et
2814 4400 3071 4466 studium,
3102 4415 3297 4465 mores,
3330 4401 3453 4454 vita:
3477 4415 3689 4469 quoque
3716 4413 3958 4462 cursum,

2538 4494 2615 4548 Ne
2642 4493 2759 4555 vel,
2791 4502 3094 4561 contempta
3124 4493 3189 4523 ¹⁰¹
3216 4490 3477 4558 majorum
3504 4492 3619 4561 lege
3646 4490 3936 4561 sequenda,

2538 4584 2730 4639 Vivere
2758 4582 2870 4649 lege
2898 4596 2995 4635 sua
3023 4582 3247 4649 reprobe
3276 4581 3342 4610 ¹⁰²
3372 4588 3722 4648 prmsumeret
3755 4578 3883 4642 ulla,

2536 4674 2633 4729 Vel
2669 4675 2814 4729 locus
2838 4673 3008 4728 illiciti
3034 4673 3169 4726 foret
3193 4672 3351 4726 ullius
3377 4672 3443 4703 ¹⁰³
3468 4671 3779 4739 peragendi,

2539 4763 2900 4832 Exemploque
2929 4778 3027 4818 suo
3060 4761 3495 4831 praemonstravit
3526 4760 3591 4791 ¹⁰⁶
3620 4759 3881 4813 facienda.

2538 4841 2605 4909 Et
2637 4872 2733 4909 ceu
2762 4855 3039 4925 prudentis
3066 4854 3133 4885 ¹⁰⁸
3154 4853 3324 4908 dulcis
3355 4851 3570 4907 dilectio
3592 4850 3781 4905 matris
3836 4904 3877 4927 ᾧ

2612 4948 2768 5002 Vers.
2808 4946 2910 5001 417

2127 5085 2359 5141 VARUE
2397 5082 2796 5139 LECTIONES.

916 5197 973 5277 ⁸ο·
996 5198 1067 5281 ξένα
1182 5197 1401 5281 Caelesti
1444 5199 1556 5281 fera
1574 5201 1640 5281 _lA.
1670 5202 1749 5281 If.
1894 5200 2163 5281 dominam
2190 5200 2357 5281 ιλιι.

848 5268 991 5335 conj.
1016 5268 1068 5319 5.
1099 5268 1170 5348 β..
1237 5269 1281 5299 ⁸⁵
1308 5270 1585 5349 Bei'nhrad
1609 5271 1663 5323 2.
1695 5273 1747 5324 5.
1825 5272 1933 5351 "_i.
1965 5286 2009 5323 s.
2045 5270 2084 5320 l'.
2120 5270 2168 5322 1.

845 5335 932 5388 ib.
1009 5336 1053 5367 ⁸³
1099 5337 1206 5389 Illic
1233 5355 1369 5390 com.
1405 5340 1456 5390 5.
1534 5340 1582 5370 9"
1608 5343 1682 5390 ita
1710 5342 1761 5390 5.
1791 5341 1921 5390 nutd
1946 5340 1996 5390 1.
2024 5339 2108 5390 1b.

2463 5198 2507 5229 ⁸³
2545 5206 2595 5251 te
2626 5196 2681 5272 1.
2710 5198 2793 5272 l_b.
2870 5196 2929 5272 εξ-
2957 5196 3137 5272 uitans
3182 5196 3265 5249 ib.
3330 5192 3385 5272 _“
3423 5191 3621 5272 quodni
3652 5180 4121 5272 {Illbnquoniam

2251 5270 2294 5301 ⁸⁷
2326 5286 2377 5337 p.
2406 5276 2461 5321 et
2487 5284 2537 5323 0.
2564 5268 2703 5335 conj.
2728 5266 2779 5320 5.
2810 5282 2873 5318 ea:
2900 5266 2954 5317 ‘2.
3027 5265 3071 5295 ⁸⁸
3098 5266 3172 5316 ita
3202 5266 3405 5332 corrigo
3423 5260 3453 5328 ξ
3468 5262 3539 5330 cf.
3584 5279 3630 5315 ι’.
3656 5260 3782 5315 «HO.
3810 5260 4026 5313 domina

2182 5339 2223 5370 ⁹¹
2252 5339 2373 5390 fasti
2412 5339 2461 5389 1.
2530 5338 2574 5367 ⁸⁸
2605 5344 2848 5389 resonale
2880 5339 2925 5388 1.
2958 5334 3041 5387 ib.
3114 5333 3159 5364 ⁹³
3179 5334 3254 5385 ita
3281 5334 3333 5387 5.
3368 5333 3648 5387 collectum
3673 5332 3723 5383 1.
3755 5330 3837 5381 ib.
3915 5328 3960 5358 "
3994 5330 4117 5381 σαι.

2530 5338 2574 5367 ⁸⁸
2605 5328 2848 5389 ι’έδοιιειῑθ
2880 5339 2925 5388 1.
2958 5334 3041 5387 ib.
3114 5333 3254 5385 “ita
3281 5328 3648 5387 5.'colle‘ctum
3673 5332 3723 5383 1.
3755 5330 3837 5381 11).
3915 5328 3960 5358 ’⁸
3994 5329 4117 5381 scil.
