4482 5548
357 389 501 444 1145

350 502 505 556 Nune
534 509 741 556 terrore
772 514 898 555 suas
929 501 1177 569 prohibet
1202 503 1515 572 delinquere
1545 512 1715 565 natas,

351 591 506 648 Nunc
531 593 691 647 etiam
722 593 938 647 monitis
964 592 1101 646 bona
1135 593 1266 647 velle
1291 594 1478 648 suadet
1507 595 1716 658 amicis,

355 684 447 738 Sic
480 683 594 738 ltmc
620 694 806 737 sancta
837 698 963 737 suas
988 698 1143 738 caras
1170 685 1422 739 instruxit
1450 685 1712 751 alumnas,

355 772 510 829 Nune
531 772 901 827 dominatricis
927 774 1230 829 mandando
1244 789 1366 842 jure
1395 776 1648 844 potentis,

357 860 510 916 Nunc
533 862 695 916 etiam
724 864 908 917 matris
940 863 1220 917 mulcendo
1244 880 1392 919 more
1416 867 1615 930 suavis,

356 951 474 1018 Quo
505 952 573 983 ⁸⁸⁸
598 953 706 1006 vita
735 953 893 1008 simili
924 962 1130 1007 cunctae
1159 953 1223 986 ¹⁰⁷
1252 954 1608 1011 communiter
1629 957 1717 1009 uni

356 1042 638 1097 Servirent
660 1044 794 1113 regi,
813 1042 1045 1111 jubilant
1071 1044 1153 1097 cui
1182 1044 1358 1098 sidera
1382 1046 1525 1100 εαξη.

354 1130 619 1186 Praeterea
648 1147 783 1201 quas
810 1142 1067 1188 maternae
1098 1134 1310 1203 pietatis
1332 1149 1515 1189 amore

353 1219 591 1274 Nutrivit
612 1236 756 1285 vere,
782 1237 977 1289 magno
1002 1232 1292 1277 veneratur
1312 1225 1534 1288 honore,

358 1308 462 1364 llas
489 1310 634 1379 ipsas
653 1312 938 1367 vocitando
959 1329 1085 1368 suas
1115 1315 1413 1383 saepissime
1439 1316 1682 1371 domnas.

354 1400 489 1457 Nam
518 1405 733 1473 quoties
760 1416 948 1473 neptes
978 1406 1045 1437 ¹⁹⁸
1071 1406 1187 1474 ejus
1219 1422 1579 1476 proceresque
1605 1416 1846 1477 nepotes,

354 1493 499 1559 Quos
520 1494 882 1563 prepollentis
911 1495 1076 1551 decus
1100 1497 1394 1553 extollebat
1422 1499 1664 1564 honoris,

353 1581 481 1650 Ejus
501 1583 567 1637 ad
590 1583 912 1651 implendum
937 1596 1305 1640 convenerunt
1326 1588 1665 1653 famulatum,

352 1669 639 1728 Certantes
662 1674 818 1727 donis
838 1673 985 1728 illam
1018 1677 1221 1730 donare
1251 1679 1513 1741 coruscis,

352 1762 518 1831 Regis
545 1770 604 1817 ut
630 1764 889 1819 illustrem
917 1780 1131 1819 socrum
1162 1768 1543 1838 propriamque
1567 1779 1868 1839 parentem,

351 1855 476 1911 Illos
502 1870 625 1910 mox
656 1856 833 1911 verbis
857 1855 1009 1910 affari
1038 1858 1234 1911 dicitur
1258 1858 1375 1913 istis
1405 1876 1417 1912 :

359 1964 377 1996 ι
410 1945 677 1999 Exortans
712 1960 905 1999 moneo
932 1960 1043 2007 vos,
1081 1961 1114 2001 o
1146 1962 1263 2000 mea
1295 1948 1516 2017 pignora
1556 1966 1705 2016 cara,

354 2035 425 2091 Ut
460 2038 744 2090 maturetis
768 2037 1051 2105 condignis
1073 2038 1315 2106 primulte
1345 2040 1411 2071 ²⁰⁹
1445 2042 1640 2097 vestris

353 2123 667 2179 Muneribus
689 2135 903 2181 nostras
926 2127 1075 2196 large
1097 2129 1360 2183 ditescere
1389 2130 1637 2196 domnas,

354 2211 453 2265 Hie
475 2216 678 2268 servire
696 2215 799 2283 piis
821 2214 1016 2269 debent
1039 2231 1157 2285 qua:
1178 2216 1362 2271 sedulo
1384 2219 1587 2274 nostris

351 2300 625 2366 Patronis,
649 2319 877 2372 quorum
903 2304 1134 2369 meritis,
1159 2308 1409 2375 precibus
1432 2325 1648 2381 quoque
1668 2313 1840 2367 sacris

355 2388 649 2445 Successus
672 2392 825 2446 nobis
845 2401 1042 2462 aptatae
1060 2398 1433 2465 prosperitatis

353 2479 573 2535 Necnon
602 2483 799 2551 regalis
829 2484 992 2538 decus
1019 2487 1306 2542 accedebat
1337 2490 1581 2546 honoris.
1611 2512 1632 2545 ι

355 2570 469 2627 Hac
501 2574 709 2628 ratione
734 2590 886 2629 suam
919 2576 1143 2646 stirpem
1171 2590 1513 2648 persuaserat
1539 2597 1754 2639 omnem

354 2664 494 2733 Erga
521 2666 753 2719 ctenobii
781 2666 983 2721 cultum
1006 2669 1094 2737 pie
1124 2670 1425 2725 sollicitari.

356 2753 425 2809 Et
454 2755 594 2819 loca,
626 2771 745 2825 quae
772 2760 954 2827 generi
992 2760 1130 2814 dono
1158 2762 1301 2831 regis
1324 2762 1621 2820 Hludowici

356 2846 684 2901 Possessura
714 2850 929 2917 quidem
960 2852 1235 2918 proprium
1257 2854 1493 2921 suscepit
1520 2855 1574 2909 in
1599 2870 1777 2923 usum,

357 2935 715 2991 Permittente
743 2952 837 2991 sua
866 2939 1071 3006 pariter
1094 2940 1296 3008 pietate
1315 2942 1567 3011 benigna,

359 3024 615 3078 Ecclesia
646 3026 780 3079 tradi
808 3026 1040 3081 faciebat
1059 3027 1544 3086 Gaudeshemensi.

360 3112 470 3168 Nec
502 3130 596 3169 rex
623 3115 735 3184 ipse
759 3116 933 3171 locum
961 3118 1271 3174 sublimavit
1300 3121 1476 3176 minus
1503 3122 1674 3188 illum,

360 3203 679 3275 Liudgardls
704 3207 789 3274 pia
820 3209 1017 3275 regina:
1043 3210 1282 3264 bonitate
1307 3221 1597 3281 precante;

363 3292 470 3347 Sed
511 3296 725 3349 tradens
756 3296 828 3349 illi
864 3298 928 3327 “°
956 3298 1182 3367 largitur
1204 3301 1399 3367 prandia
1434 3303 1601 3356 multa
1632 3304 1745 3374 (45)

360 3382 419 3436 ln
445 3384 534 3453 jus
553 3384 861 3457 Gcrbergae,
887 3396 1085 3442 nostrae
1108 3390 1353 3444 rcctricis
1382 3393 1641 3455 amandas,

360 3476 536 3544 Ipsius
559 3477 780 3532 illustris
803 3479 999 3548 regina:
1021 3496 1255 3549 namque
1280 3485 1501 3537 sororis.

362 3568 533 3632 Quem
566 3567 630 3597 m
664 3568 772 3635 (46)
804 3583 895 3622 rex
923 3569 1202 3633 Arnulfus,
1225 3586 1503 3626 successor
1532 3574 1739 3631 scilicet
1769 3575 1944 3647 hujus,

362 3656 595 3711 Posthac
618 3670 714 3726 per
742 3658 998 3725 scriptum
1029 3659 1190 3729 regali
1213 3660 1336 3727 jure
1359 3670 1619 3718 statutum

363 3733 591 3810 Firmat,
628 3747 823 3801 vinetis
846 3746 961 3813 ejus
987 3748 1127 3804 dono
1157 3752 1524 3818 superauctis;

362 3840 444 3892 Ac
478 3838 556 3892 sic
587 3838 837 3892 cenobio
859 3839 1153 3893 succedunt
1173 3856 1431 3910 pr05pera
1454 3843 1626 3912 plura,

366 3927 713 3981 Summorum
745 3929 953 3982 meritis
976 3930 1430 3988 intercedentibus
1450 3936 1607 3990 almis

362 4017 706 4082 Pontificum,
740 4033 965 4086 quorum
996 4029 1209 4074 constat
1238 4022 1336 4076 sub
1362 4024 1567 4079 honore
1596 4027 1853 4082 dicatum.

366 4109 475 4164 Sed
498 4125 564 4164 ne
590 4110 707 4179 plus
721 4109 870 4177 justo
896 4110 1111 4179 fragiles
1130 4112 1384 4167 extollere
1406 4126 1616 4170 mentes

366 4200 632 4255 Suaderet
658 4200 778 4255 talis
804 4200 870 4232 “’
890 4216 1171 4255 successus
1189 4204 1580 4270 prosperitatis.

367 4291 543 4360 thue
564 4293 883 4362 probaretur
904 4291 1030 4345 felix
1053 4294 1221 4349 nostri
1244 4295 1592 4362 dominatrix,

364 4382 506 4437 Vere
526 4379 714 4449 judicii
745 4381 975 4437 salubris
1004 4397 1231 4437 censura
1258 4386 1478 4453 superni

363 4472 650 4542 Perplures
672 4474 865 4527 horum
889 4474 1089 4527 mundo
1116 4476 1460 4529 subtraxerat
1484 4478 1609 4541 isto,

366 4563 606 4631 Quorum
626 4563 929 4618 coenobium
963 4562 1135 4618 fuerat
1165 4565 1426 4620 solamine
1456 4566 1669 4623 fultum.

437 4653 578 4723 Ergo
608 4667 732 4722 rege
758 4653 845 4721 pio
866 4651 980 4720 jam
1012 4652 1263 4708 defuncto
1285 4654 1600 4711 Hludowico
1622 4658 1713 4724 ³η,

366 4744 469 4810 Qui
501 4759 686 4815 regum
720 4743 788 4775 ¹¹⁸
809 4745 1011 4813 primus
1036 4754 1248 4801 nostros
1270 4749 1513 4804 tradebat
1541 4749 1593 4803 in
1624 4766 1751 4806 usus

366 4833 557 4903 Regali
584 4834 735 4903 prius
759 4835 1021 4904 obsequio
1040 4834 1157 4891 loca
1186 4836 1366 4892 debita
1395 4838 1583 4905 multa,

443 4924 595 4981 Vers.
630 4925 756 4982 466.

1175 390 1454 446 CARMEN
1495 389 1583 444 DE
1620 387 1949 444 PRIMORD.
1989 387 2269 445 C(ENOB.
2310 390 2820 451 GANDERSHEIM.

3471 393 3611 449 1146

1963 503 2011 560 Α
2040 499 2256 558 Necnon
2284 506 2671 577 cbyrograpliis
2696 508 2811 575 ejus
2830 509 2929 564 sub
2956 508 3172 564 nomine
3199 484 3413 577 scriptis

2036 592 2164 646 Jura
2193 597 2503 651 monasterii
2530 597 2837 653 firmaverat
2865 601 3045 653 omnia
3076 598 3241 655 nostri
3272 600 3414 669 (47);

2036 678 2165 749 Ejus
2191 691 2309 749 post
2341 698 2513 737 annos
2538 686 2806 741 discessus
2834 688 3064 756 denique
3086 703 3282 756 paucos

2036 771 2355 842 Liutlgardis
2387 776 2586 845 regina,
2614 778 2695 831 sui
2720 779 3030 848 dignissima
3058 781 3207 850 regni

2036 863 2292 930 Cuusors,
2320 874 2587 921 tantorum
2611 883 2728 936 qua:
2757 870 2911 923 nobis
2940 886 3101 925 causa
3134 872 3397 923 bonorum

2037 953 2247 1017 Extitit,
2270 967 2303 1007 e
2324 954 2389 986 “'
2414 957 2613 1010 mundo
2635 957 2882 1012 discessit
2901 960 3030 1028 prob
3054 959 3233 1013 dolor!
3259 960 3364 1013 isto

2039 1042 2153 1095 Non
2175 1043 2291 1097 sine
2314 1054 2618 1099 nostrarum
2642 1062 2833 1116 magno
2856 1064 3033 1103 rerum
3056 1049 3399 1104 detrimento.

2038 1133 2264 1186 Cuinam
2292 1135 2586 1189 consimilis
2612 1139 2869 1193 successit
2891 1153 3053 1192 causa
3078 1138 3296 1200 doloris,

2039 1222 2322 1275 Abbatissa
2352 1222 2507 1277 bonis
2535 1224 2776 1294 Gcrberg
2807 1227 2932 1296 quia
2970 1228 3147 1281 dedita
3179 1228 3357 1291 curis,

2041 1312 2171 1379 Quae
2201 1314 2581 1383 praedictorum
2607 1315 2820 1371 suffulta
2853 1318 3130 1387 juvantine
3160 1333 3366 1387 regum,

2042 1401 2260 1457 Necnon
2293 1404 2491 1472 regina:
2520 1421 2777 1475 germano
2809 1406 3010 1461 foedere
3033 1406 3233 1475 junctae
3263 1406 3330 1437 “'

2041 1494 2358 1551 Ctnnobium
2389 1496 2545 1551 donis
2568 1497 2784 1551 ornavit
2809 1512 2949 1566 saepe
2975 1499 3217 1552 coruscis
3246 1537 3261 1562 ,

2046 1584 2243 1642 Usibus
2272 1594 2326 1641 et
2354 1597 2618 1655 quaestum
2653 1589 2854 1643 nostris
2883 1590 3250 1658 superaddidit
3272 1590 3506 1659 amplum
3529 1631 3545 1656 ,

2043 1675 2339 1747 Postquam
2362 1679 2445 1732 bis
2477 1678 2646 1733 denos
2677 1679 2834 1733 binos
2862 1696 3078 1748 quoque
3108 1680 3322 1747 pra-fuit
3351 1696 3545 1742 annos.

2043 1767 2230 1823 Officio
2269 1769 2389 1823 vice
2420 1770 2662 1823 rcctricis
2689 1770 2974 1838 perfuncta
3010 1770 3235 1838 prioris,

1969 1832 2014 1891 Β
2044 1858 2296 1927 Deposito
2328 1859 2394 1889 ¹¹⁷
2429 1857 2635 1927 fragilis
2668 1858 2876 1912 mortali
2908 1860 3143 1926 pondere
3167 1859 3369 1922 carnis,

2039 1945 2257 1998 Factori
2273 1943 2454 1999 flatum
2474 1946 2732 2000 reddebat
2751 1947 2817 1997 ab
2839 1946 3006 1999 :ntbre
3023 1955 3296 2015 receptum
3318 1927 3579 2015 (an7896)
3599 1962 3612 2008 ;

2040 2035 2415 2105 Orbatumque
2447 2035 2528 2090 sui
2568 2036 2773 2089 dimisit
2799 2036 2939 2090 ovile
2962 2035 3133 2089 sorori

2041 2123 2331 2179 Christinae
2363 2125 2767 2194 procurandum
2800 2133 3093 2192 sancteque
3128 2125 3403 2179 tuendum.

2111 2213 2242 2279 Quae
2264 2214 2608 2283 przefatarum
2639 2228 2821 2268 mores
2844 2214 3097 2267 scctando
3124 2228 3369 2267 sororum

2039 2301 2216 2371 Atque
2250 2302 2331 2356 sui
2365 2302 2533 2356 vitam
2560 2303 2698 2357 bene
2729 2303 3151 2371 praemeditando
3182 2303 3470 2372 gerendam

2040 2391 2148 2445 illis
2175 2392 2234 2444 lit
2264 2390 2457 2445 similis
2485 2406 2694 2461 magna:
2726 2391 2901 2445 forma
2929 2392 3239 2460 probitatis,

2042 2483 2175 2548 Quis
2206 2484 2272 2515 ⁸³⁸
2302 2483 2405 2537 fuit
2431 2483 2652 2551 mqualis
2676 2495 2932 2553 provectu
2963 2485 3029 2514 ¹¹⁹
3057 2483 3375 2537 nobilitatis.

2043 2572 2220 2627 Mater
2248 2580 2301 2626 et
2332 2572 2497 2636 illius,
2525 2574 2772 2627 stabilem
2812 2587 3156 2641 corrumpere
3185 2570 3338 2639 cujus

2042 2660 2275 2716 Mentem
2302 2662 2569 2715 nullarum
2600 2662 2774 2731 potuit
2807 2662 3029 2714 mutatio
3060 2676 3259 2723 rerum,

2044 2752 2160 2817 Quo
2187 2752 2363 2806 minus
2390 2752 2646 2820 obsequio
2676 2751 2883 2805 Domini
2908 2752 3059 2805 fieret
3084 2750 3321 2804 studiosa
3342 2790 3357 2816 ,

2044 2844 2311 2899 Provocat
2337 2844 2596 2913 exemplis
2624 2844 2803 2907 illam,
2832 2843 3051 2897 monitis
3080 2857 3291 2911 quoque
3318 2840 3542 2904 ordiris,

2046 2933 2116 2988 Ut
2144 2949 2263 2988 sese
2293 2949 2507 3002 semper
2537 2933 2983 3002 circumspiciens
3010 2932 3281 3001 sapienter
3305 2932 3394 2996 "°,

2044 3023 2407 3078 Commissum
2442 3032 2602 3077 caute
2630 3022 2850 3076 sibimet.
2878 3029 3122 3075 servaret
3153 3022 3316 3083 ovile,

2046 3112 2263 3167 Necnon
2294 3112 2556 3167 factorum
2584 3114 2735 3183 juxta
2762 3112 3013 3166 meritum
3042 3112 3107 3143 ⁸³⁸
3140 3112 3412 3164 variorum

2049 3202 2201 3257 Nunc
2231 3202 2317 3271 pie
2345 3202 2614 3271 subjectas
2644 3202 2863 3255 monitis
2890 3202 3147 3255 mulceret
3186 3201 3396 3265 amicis,

2047 3295 2203 3349 Nunc
2226 3296 2388 3351 etiam
2417 3296 2597 3350 verbis
2618 3295 2765 3365 juste
2795 3305 3023 3349 terreret
3048 3295 3278 3358 acerbis,

2048 3385 2125 3440 Ne
2154 3402 2314 3455 quem
2346 3386 2513 3439 divini
2542 3387 2705 3440 ritum
2730 3386 2904 3440 cultus
2936 3386 3122 3439 violari

2048 3478 2091 3531 Τ
2095 3493 2292 3546 orpens
2323 3477 2547 3532 affectus
2572 3478 2750 3532 cordis
2773 3478 3116 3546 permitteret
3138 3475 3275 3544 ejus.

2048 3569 2274 3636 Ipsaque
2295 3566 2493 3620 domna
2522 3568 2605 3621 sui
2633 3568 2808 3621 studio
2835 3566 3120 3621 laudabilis
3152 3565 3263 3621 Otla
3284 3606 3299 3630 ,

2048 3658 2180 3723 Qua:
2213 3657 2375 3711 claris
2404 3656 2691 3725 splendens
2720 3657 2885 3711 radiis
2911 3658 3062 3710 mirae
3092 3658 3344 3711 bonitatis
3367 3696 3381 3719 ,

2049 3746 2146 3799 Sat
2175 3746 2364 3800 dilecta
2394 3745 2501 3799 Deo
2527 3744 2724 3810 fuerat,
2755 3745 2985 3799 celebris
3014 3761 3227 3814 quoque
3254 3745 3472 3808 mundo,

2051 3834 2276 3903 Semper
2310 3844 2566 3888 materna:
2592 3835 2750 3889 solito
2778 3836 2995 3904 pietatis
3024 3850 3211 3889 amore

2050 3928 2178 3994 Ejus
2208 3928 2472 3996 adoptivis
2497 3926 2702 3981 studuit
2723 3928 3045 3996 conquirere
3073 3928 3239 3989 natis,

2049 4020 2315 4089 Quicquid
2348 4035 2647 4075 nonnarum
2678 4020 2968 4089 deposcere
3000 4019 3232 4072 sciverat
3262 4033 3416 4072 usum
3445 4035 3460 4081 ;

2048 4108 2391 4175 Oddonisque
2422 4109 2487 4139 ¹¹¹
2510 4108 2660 4162 ducis
2691 4108 2822 4162 clari
2853 4109 3065 4161 devotio
3088 4107 3308 4175 grandis

2048 4199 2442 4253 Contcordando
2471 4214 2581 4253 sua:
2604 4198 2744 4253 votis
2776 4197 2843 4228 ¹¹³
2868 4212 3009 4250 cara:
3035 4196 3334 4265 genitricis,

2049 4291 2271 4345 Auxilio
2298 4306 2504 4359 regum,
2536 4291 2733 4359 quibus
2767 4287 3013 4342 exhibuit
3042 4287 3382 4350 famulatum,

2050 4381 2228 4448 Ipsum
2256 4380 2558 4449 virgineum
2584 4388 2784 4433 coetum
2811 4377 2878 4407 ¹²⁵
2906 4376 3105 4431 Christi
3138 4375 3460 4429 famularum

1968 4479 2021 4537 ι)
2048 4470 2206 4524 Fovit
2236 4468 2556 4532 clementer,
2589 4480 2798 4521 necnon
2828 4465 3076 4533 provexit
3102 4473 3364 4518 amanter.

2053 4561 2163 4616 Nec
2191 4560 2421 4631 propria:
2445 4558 2569 4613 vitae
2594 4554 2841 4624 compelli
2871 4554 3047 4624 quivit
3075 4568 3281 4617 amore,

2055 4658 2128 4713 Ut
2151 4656 2234 4711 vel
2266 4671 2357 4711 eas
2381 4656 2579 4708 damno
2603 4649 2844 4705 lmdendo
2872 4655 3120 4718 tangeret
3141 4647 3271 4712 ullo,

2054 4748 2152 4802 νει
2186 4747 2367 4800 minus
2397 4743 2665 4815 impleret,
2688 4756 2807 4809 qua:
2829 4748 3002 4793 mater
3031 4737 3191 4808 digna
3214 4735 3445 4805 iuberet.

2055 4842 2133 4895 Ac
2159 4839 2240 4894 sic
2270 4850 2542 4891 concessa:
2568 4832 2784 4888 sibimet
2812 4845 2908 4900 per
2937 4838 3174 4900 tempora
3201 4828 3328 4883 vita:

2121 4933 2274 4988 Vers.
2312 4930 2438 4985 515.

1714 5044 1950 5104 VARUS
1985 5045 2392 5108 LECTIONES.

445 5154 512 5186 '°‘
544 5153 695 5221 Quod
725 5156 809 5210 lb.
905 5159 970 5190 ιον
1003 5160 1077 5211 ita
1117 5158 1254 5221 conj.
1292 5157 1345 5209 5.
1380 5166 1574 5213 cuncta
1623 5159 1674 5212 1.
1724 5160 1808 5214 1ιι.

369 5239 506 5278 corr.
540 5226 593 5278 '5.
671 5224 735 5255 ¹¹¹
764 5225 891 5292 Qua:
920 5229 1060 5326 corij.
1089 5228 1140 5280 5.
1170 5227 1264 5280 Cui
1292 5225 1345 5279 4.

373 5293 395 5326 4
468 5293 685 5326 nam.
716 5295 765 5326 :..
798 5298 858 5326 ιι.
956 5298 993 5326 ιι
1050 5298 1224 5326 :....,....
1262 5294 1283 5326 ι

373 5293 424 5367 1.
462 5293 691 5367 Exstitit
715 5295 767 5348 in
798 5298 878 5367 lib.
956 5293 1024 5367 “f
1043 5298 1225 5367 juncta
1256 5294 1309 5348 4.

368 5361 418 5413 1.
454 5363 514 5415 lb
548 5361 789 5429 profectu
819 5366 873 5420 5.

368 5428 448 5481 lb.
529 5428 600 5462 ηδ
628 5442 835 5490 castum
864 5437 913 5493 1.

1907 5165 1981 5237 ’σε
2017 5166 2195 5237 neptis
2222 5164 2334 5237 με
2366 5160 2419 5237 ιτ

1428 5229 1492 5259 ¹¹²
1529 5228 1766 5283 Suadent
1799 5232 1930 5287 tales
1963 5236 2051 5291 ib.
2088 5228 2144 5291 4.

1393 5298 1461 5329 ¹¹⁷
1494 5298 1743 5366 Deposita
1774 5300 1825 5352 1.
1858 5302 1941 5356 Ib.
1970 5305 2027 5360 4.

960 5366 1026 5397 "°
1050 5366 1347 5436 sapientem
1387 5366 1438 5420 1.
1474 5368 1558 5421 lb.
1589 5368 1643 5422 5.
1667 5367 1721 5421 4.
1762 5396 1778 5438 ε
1818 5370 1885 5401 ¹⁹¹
1914 5388 2157 5435 mentem
2186 5366 2355 5428 1554-

2516 5156 2581 5190 ‘”
2604 5153 2833 5225 primum
2865 5151 2947 5205 ίδι
2982 5149 3036 5203 ι·
3083 5144 3298 5225 -.¹¹⁰.ί¹¹ῖ
3330 5142 3635 5225 !:_’.‘.’-..il'°

2219 5214 2287 5264 “3
2316 5214 2620 5299 Ludovvicoi
2646 5223 2697 5299 l_.
2719 5292 2733 5299 _
2760 5222 2831 5299 “ﬁ
2848 5218 3161 5299 regemdb'.
3203 5216 3257 5268 4.
3276 5215 3408 5299 ΜΨ
3436 5214 3637 5299 ῌξὶλίξις

2979 5288 3095 5344 ueis
3124 5285 3179 5338 4.
3276 5283 3341 5315 ³⁸⁸
3383 5289 3637 5351 provecta

2108 5305 2177 5338 ¹ι⁸
2208 5305 2282 5356 ita
2322 5298 2461 5368 conj.
2493 5297 2547 5349 5.
2576 5292 2677 5361 Qui
2712 5292 2765 5346 1.
2811 5292 2894 5343 ib.
2927 5292 3095 5355 Queis
3124 5292 3179 5338 4.
3207 5355 3218 5366 .
3276 5292 3341 5315 η’
3383 5292 3609 5361 provect;

2108 5391 2155 5407 ...
2186 5375 2252 5407 ιι,
2285 5355 2336 5407 ’.ι
2438 5368 2505 5400 m
2535 5362 2858 5407 ntlmiisnue
2882 5360 2933 5407 1.
2961 5359 3018 5407 2.
3100 5354 3167 5387 ³⁸³
3201 5362 3277 5407 ita
3312 5352 3368 5406 5.
3406 5365 3556 5407 voms
3586 5350 3609 5402 1

2438 5368 2505 5400 ¹¹¹
2535 5359 2858 5432 Ottonisque
2882 5360 2933 5413 1.
2961 5359 3018 5413 2.
