4482 5548
853 425 994 499 ιιδι,

852 537 957 604 Ipsi
983 538 1233 592 dicebant
1262 539 1416 604 mihi,
1454 542 1544 612 qui
1569 544 1854 597 scribenda
1885 544 2147 598 ferebant.

856 627 993 682 Hinc
1021 629 1318 696 augustalis
1346 634 1518 699 pietas
1547 649 1651 687 non
1686 644 1923 702 spernat,
1964 634 2184 688 honoris

856 716 1008 781 Quod
1031 719 1255 787 simplex
1282 722 1499 777 humilis
1534 726 1697 793 gessit
1727 726 1944 781 devotio
1976 729 2192 783 mentis.

855 812 1067 864 Etcum
1095 821 1145 864 te
1174 811 1293 865 libri
1329 813 1608 869 laudantes
1636 832 1870 886 congrue
1898 818 2047 871 multi

855 896 987 953 Post
1042 900 1156 955 haec
1203 902 1513 957 scribantur
1575 904 1641 935 ¹⁸³
1691 908 1990 974 meritoque
2042 907 2256 976 placere
2317 922 2442 976 pro-

2156 997 2364 1049 bentur.

2156 997 2251 1049 ben

860 1078 1063 1136 Ordine
1087 1092 1393 1152 postremus
1420 1099 1524 1138 non
1566 1086 1636 1139 sit
1666 1094 1842 1141 tamen
1872 1086 1973 1140 iste
2002 995 2216 1141 libel[lus
2236 1126 2251 1151 ,

1708 430 2175 487 llltUTSUlTIIAS
2215 432 2536 487 MONIALIS
2575 432 3264 495 GANDERSHEIMENSIS
3976 443 4111 497 “52

2461 552 2509 608 Α
2538 548 2707 614 Quem
2733 552 2881 620 prius
2906 552 3154 621 exemplo
3179 561 3390 608 constat
3418 553 3680 621 scriptum
3700 552 3815 609 fore
3838 552 4005 608 nullo.

2545 641 2607 694 Et
2639 642 2764 694 licet
2790 642 2996 710 imperii
3024 653 3207 697 teneas
3228 644 3391 698 decus
3414 644 3691 699 Octaviani
3715 687 3730 711 ,

2541 730 2656 785 Non
2686 731 2993 801 dedigueris
3017 734 3241 787 vocitari
3272 733 3487 789 nomine
3512 736 3655 804 regis
3674 774 3691 799 ,

2546 823 2723 875 Donec
2752 824 3052 891 perscripto
3080 824 3200 877 vita:
3230 824 3426 893 regalis
3455 826 3688 889 honore,

2544 911 2743 965 Ordine
2774 912 2982 981 digesto
3006 927 3213 967 necnon
3245 928 3493 967 sermone
3533 914 3728 968 decoro

2547 1002 2769 1057 Dicatur
2793 1005 2988 1075 sceptri
3020 1004 3183 1059 decus
3224 1004 3503 1075 imperiale
3526 1005 3765 1061 secundi.

1633 1361 1765 1437 AD
1828 1362 2327 1439 ODDONEM
2414 1362 2489 1440 II
2578 1362 3351 1440 IMPERATOREM.‘

934 1550 1088 1609 Oddo
1112 1551 1340 1605 Romani
1371 1553 1693 1622 prmfulgens
1718 1558 1985 1624 gemmula
2017 1560 2165 1625 regni
2191 1598 2206 1623 ,

865 1644 1105 1699 0ddonis
1135 1645 1233 1699 flos
1256 1646 1465 1715 augusti
1500 1647 1784 1714 splendens
1812 1652 2102 1704 venerandi
2129 1690 2143 1712 ,

865 1736 962 1789 Cui
991 1752 1079 1790 rex
1115 1737 1460 1802 altithrouus,
1499 1754 1693 1809 perpes
1722 1756 1937 1811 quoque
1981 1742 2121 1795 lilius
2146 1741 2261 1809 ejus
2286 1781 2301 1805 ,

864 1826 1121 1882 Praestitit
1147 1830 1427 1896 imperium
1461 1830 1666 1898 pollens
1696 1832 1747 1885 in
1780 1834 1983 1887 vertice
2011 1850 2189 1887 rerum
2227 1850 2257 1884 :i

867 1917 1039 1971 Vilem
1068 1935 1134 1972 ne
1170 1935 1396 1988 spernas
1419 1921 1538 1974 vilis
1568 1930 1772 1975 textum
1802 1923 2051 1976 monialis
2077 1965 2091 1989 ,

867 2007 1035 2073 Quem
1070 2010 1405 2077 praesentari,
1446 2012 1488 2065 si
1521 2011 1757 2082 digneris
1788 2014 2096 2078 reminisci,

868 2098 985 2164 ipse
1015 2100 1089 2153 tui
1121 2100 1281 2153 claris
1307 2102 1517 2169 jussisti
1546 2119 1716 2170 nuper
1746 2104 1930 2158 ocellis
1953 2145 1967 2167 ,

867 2187 936 2240 Et
984 2205 1104 2242 cum
1140 2192 1434 2258 perspicias
1462 2192 1686 2246 maculis
1710 2193 2026 2247 sordescere
2048 2194 2254 2247 crebris

868 2280 949 2332 Ad
973 2280 1203 2335 celerem
1244 2283 1308 2313 "9
1335 2292 1482 2336 tanto
1505 2286 1714 2337 veniam
1740 2300 1860 2338 mox
1891 2286 2117 2353 pronior
2144 2294 2283 2338 esto.

870 2369 927 2423 lu
962 2374 1332 2437 monstrando,
1366 2375 1471 2427 tuis
1495 2383 1755 2443 quantum
1779 2376 1897 2445 plus
1920 2391 2084 2445 pareo
2102 2375 2268 2444 jussis
2296 2415 2310 2439 ,

873 2457 929 2511 Si
980 2461 1047 2513 tis
1086 2462 1150 2491 ¹⁶⁰
1184 2473 1450 2530 pra-cepto
1480 2478 1583 2516 non
1613 2479 1836 2533 urgerer
1859 2467 2178 2526 metuendo,

874 2546 988 2601 Non
1015 2547 1153 2601 foret
1185 2549 1290 2602 ullo
1317 2551 1378 2581 ¹⁶¹
1412 2552 1572 2606 modo
1604 2553 1853 2607 mihimet
1880 2553 2072 2608 fiducia
2108 2563 2285 2620 tanta,

874 2634 948 2691 Ut
970 2636 1062 2688 tibi
1088 2638 1369 2705 praesentis
1407 2642 1757 2694 scrutandum
1780 2644 2105 2698 rusticitatis

872 2724 1142 2778 Auderem
1176 2728 1243 2764 ι⁶²
1275 2728 1407 2781 satis
1442 2730 1694 2796 exiguum
1726 2730 1980 2798 praeferre
1998 2732 2079 2775 ε⁸⁶³
2113 2733 2350 2787 libellum
2377 2750 2392 2799 ;

877 2814 976 2881 Qui
1009 2825 1298 2884 praestante
1329 2817 1437 2871 Deo
1468 2820 1605 2887 patri
1633 2818 1950 2886 subjunetus
1978 2822 2030 2875 in
2064 2822 2208 2887 aula,

876 2905 1051 2974 Ipsius
1080 2916 1133 2958 ct
1166 2908 1385 2960 monitis
1428 2908 1496 2938 ‘°"
1526 2920 1807 2978 promptus
1836 2926 2025 2977 parere
2058 2914 2317 2981 paternis,

878 2995 985 3049 Par
1014 2997 1179 3050 decus
1212 2998 1423 3065 imperii
1455 3000 1656 3051 retines
1686 3001 2030 3053 concorditer
2067 3002 2251 3071 ampli,

879 3084 1218 3151 Conpnrtans
1248 3087 1433 3140 dextra
1466 3099 1737 3157 sceptrum
1773 3090 1951 3156 regale
1984 3090 2198 3144 tenella.
2230 3098 2239 3103 ’

883 3173 989 3227 Sed
1018 3177 1141 3244 quia
1171 3186 1219 3231 te
1248 3179 1467 3232 memini
1494 3178 1795 3235 sublimiter
1820 3181 2112 3235 assitnilari

2552 1560 2688 1615 Nato
2718 1561 2910 1617 famosi
2942 1563 3083 1632 regis
3113 1562 3281 1616 David
3317 1560 3619 1624 Salomoni,

2551 1652 2650 1718 Qui
2685 1654 2926 1722 genitore
2957 1668 3052 1707 suo
3080 1660 3346 1721 prmsente
3370 1650 3703 1720 jubenteque
3731 1660 3920 1706 sancto

2555 1742 2749 1811 Optata
2781 1756 3003 1811 regnum
3036 1743 3274 1810 suscepit
3301 1755 3430 1809 pace
3458 1750 3765 1808 paternum,

2482 1840 2527 1898 Β
2557 1833 2727 1900 Ipsius
2750 1832 2995 1900 exemplo
3026 1841 3075 1884 te
3103 1838 3414 1885 contentum
3444 1829 3558 1883 fore
3586 1843 3774 1899 spero;

2555 1925 2657 1989 Qui
2684 1938 2806 1977 cum
2837 1922 3110 1991 regnando
3140 1922 3397 1975 resideret
3430 1920 3484 1974 in
3515 1936 3641 1976 arce
3668 1921 3917 1989 superba,

2555 2013 2855 2067 Prudenter
2885 2012 3059 2082 legum
3090 2012 3328 2066 condens
3359 2011 3573 2065 decreta
3614 2026 3891 2065 sacrarum

2555 2104 2631 2157 Ac
2665 2115 2954 2171 penetrans
2982 2102 3161 2155 animo
3189 2116 3368 2156 rerum
3396 2111 3604 2156 secreta
3633 2100 3921 2170 profundo,

2556 2194 2706 2249 Nune
2738 2195 2867 2249 libet
2891 2204 2944 2247 et
2972 2193 3207 2247 minimis
3235 2202 3468 2247 mentem
3500 2193 3683 2247 laxare
3711 2190 3992 2253 rimandis,

2558 2283 2664 2339 Sed
2698 2299 2796 2337 nec
2824 2282 3132 2337 conﬂictum
3170 2281 3378 2335 fastidit
3408 2282 3510 2335 rite
3538 2282 3765 2335 duarum

2559 2375 2779 2430 Solvere
2804 2376 2980 2444 juditii
3018 2375 3181 2429 celeri
3212 2374 3523 2428 discrimine
3555 2373 3711 2435 recti,

2559 2466 2769 2521 Prolem
2799 2465 3007 2520 restitui
3040 2480 3179 2518 verre
3208 2465 3472 2517 mandans
3510 2461 3777 2533 genitrici.

2562 2559 2699 2613 liiuc
2721 2558 2943 2628 supplex
2969 2566 3022 2612 te
3048 2572 3210 2626 posco
3240 2557 3455 2625 quidem
3489 2564 3730 2608 nostrum
3762 2551 4149 2612 Salomonem;

2561 2649 2626 2703 Et
2660 2648 2785 2702 licet
2812 2646 3021 2716 imperii
3053 2647 3289 2700 tenearis
3318 2644 3645 2699 sollicitandi

2561 2738 2727 2802 Cura,
2756 2736 2993 2805 digneris
3026 2747 3204 2788 tamen
3248 2744 3303 2787 et
3330 2736 3565 2802 propria:
3591 2730 3839 2785 monialis

2562 2825 2819 2881 Lndendo
2852 2824 2918 2855 ¹⁶³
2957 2823 3150 2877 seriem
3184 2837 3324 2875 nunc
3353 2822 3595 2875 lectitare
3623 2828 3917 2881 recentem,

2565 2914 2683 2978 Quo
2713 2913 2851 2966 male
2880 2912 3193 2980 compositis
3220 2911 3400 2964 verbis
3430 2926 3552 2964 mox
3582 2910 3795 2964 decidat
3823 2909 4003 2964 omnis

2565 3004 2881 3065 Rusticitas,
2908 3003 3019 3055 oris
3045 3002 3376 3056 detractibus
3407 3000 3698 3070 imperialis
3730 3000 3839 3071 (49)

2568 3090 2813 3144 Nominis
2844 3098 2897 3144 et
2927 3090 3078 3143 titulo
3108 3090 3316 3159 signata
3349 3091 3423 3143 tui
3457 3088 3767 3144 venerando

2497 3172 2544 3234 C
2574 3180 2868 3249 Despectus
2898 3179 3062 3234 nimia
3090 3181 3264 3234 meriti
3298 3186 3548 3233 tueantur
3577 3179 3645 3234 ab
3672 3192 3827 3233 aura.

1832 3461 2380 3575 INCIPIT
2467 3460 3149 3575 HISTORIA
3185 3528 3191 3535 ~

957 3709 1248 3781 Postquam
1278 3724 1372 3763 rex
1401 3724 1603 3779 regum,
1635 3707 1729 3776 qui
1757 3707 1904 3761 solus
1935 3716 2124 3774 regnat
2153 3707 2204 3759 in
2238 3721 2410 3761 aevum

887 3801 991 3854 Per
1018 3816 1074 3855 se
1102 3808 1415 3853 cunctorum
1450 3807 1817 3852 transmutans
1848 3806 2087 3865 tempora
2119 3811 2325 3865 regum,

886 3889 1056 3945 Jussit
1105 3890 1434 3944 Francorum
1485 3888 1766 3943 transferri
1816 3888 1993 3942 nobile
2042 3902 2267 3955 regnum

888 3981 969 4033 Ad
1014 3981 1215 4035 claram
1252 3990 1464 4049 gentem
1510 3980 1784 4034 Saxonum
1828 3980 1895 4010 ¹⁶⁶
1937 3979 2228 4050 (an.919i,
2273 3994 2469 4033 nomen

2160 4069 2468 4140 [habentem

888 4162 933 4214 A
981 4174 1111 4214 saxo
1161 4176 1258 4229 per
1307 4160 1568 4214 duriefam
1619 4161 1815 4214 mentis
1863 4161 2000 4214 bene
2051 4161 2282 4221 firmam,

888 4251 1058 4304 Filius
1088 4251 1325 4305 0ddonis
1356 4252 1535 4320 magni
1568 4251 1721 4304 ducis
1745 4260 1801 4304 et
1833 4250 2142 4312 venerandi,

891 4340 1109 4394 Scilicet
1131 4340 1417 4405 Henricus,
1444 4342 1680 4409 suscepit
1708 4342 1849 4407 regia
1878 4342 2085 4409 primus
2260 4338 2468 4411 [renda.

889 4430 1090 4484 Fausto
1132 4430 1194 4461 ¹⁶⁷
1233 4446 1331 4499 pro
1360 4431 1558 4500 populo
1606 4430 1673 4461 ¹⁶⁸
1723 4431 2090 4485 moderamine
2137 4440 2349 4498 sceptra
2382 4444 2473 4499 ge-

963 4520 1061 4573 Hie
1092 4521 1299 4589 pollens
1328 4530 1542 4589 quanta:
1569 4520 1746 4575 fuerat
1773 4521 2032 4575 bonitatis
2060 4522 2287 4584 honore,

890 4609 959 4662 Et
984 4620 1184 4676 quanta
1216 4609 1441 4677 populos
1472 4610 1612 4663 rexit
1639 4610 1841 4677 pietate
1866 4610 2142 4675 subactus,

891 4697 1134 4763 Qualiter
1161 4708 1213 4751 et
1244 4712 1397 4767 reges
1426 4698 1631 4751 meritis
1670 4708 1797 4753 tunc
1825 4701 2079 4768 temporis
2108 4714 2296 4755 omnes

890 4786 1185 4841 Prteminet
1213 4787 1449 4850 eximiis,
1482 4785 1695 4841 excedit
1732 4788 1962 4856 denique
1994 4789 2118 4843 vilis

892 4873 1066 4943 Hujus
1096 4876 1381 4930 carminuli
1411 4885 1614 4931 textum
1648 4878 1873 4931 nimium
1902 4879 2111 4932 viciosi.

2574 3705 2750 3774 Equa
2778 3705 2911 3759 satis
2933 3704 3142 3759 meritis
3170 3702 3401 3758 reddens
3427 3716 3641 3773 quoque
3670 3703 3888 3773 pramia
3918 3704 4157 3760 eunetis.

2572 3795 2707 3850 Huic
2738 3812 2830 3850 rex
2863 3796 3121 3864 pacificus
3151 3796 3373 3850 dederat
3404 3795 3469 3849 de
3506 3795 3685 3851 sidere
3716 3797 3781 3828 η’
3807 3796 4063 3852 Christus

2572 3884 2702 3953 Ejus
2733 3886 2948 3939 civilem
2977 3887 3100 3940 vitae
3128 3901 3225 3955 per
3255 3896 3494 3955 tempora
3522 3900 3743 3954 pacem;

2572 3974 2763 4031 Omine
2790 3978 2930 4031 felici
2965 3978 3141 4031 tenuit
3171 3992 3384 4045 quoque
3412 3977 3645 4031 culmina
3675 3977 3847 4047 regni,

2574 4065 2636 4119 Ni
2668 4065 2844 4129 fallor,
2875 4067 3040 4123 denos
3060 4056 3299 4120 Iabcntis
3326 4066 3583 4136 temporis
3611 4080 3783 4121 annos

2574 4153 2792 4206 Necnon
2818 4154 2900 4207 bis
2931 4162 3113 4207 ternos
3142 4154 3365 4207 multum
3396 4153 3830 4218 feliciter.actos,

2574 4242 2952 4311 Conregnantc
2982 4260 3077 4298 sua
3110 4242 3364 4297 Mathilda
3394 4243 3621 4314 conjuge
3649 4244 3818 4308 clara,

2575 4335 2671 4389 Cui
2706 4334 2773 4364 ¹⁷⁰
2798 4350 2941 4387 nunc
2973 4335 3024 4386 in
3056 4348 3221 4403 regno
3250 4348 3355 4387 non
3384 4334 3821 4403 compensabitur
3849 4332 3980 4397 ulla,

2576 4424 2705 4491 Quae
2736 4435 2917 4493 posset
2946 4425 3153 4479 meritis
3186 4425 3333 4478 illam
3361 4440 3619 4494 superare
3650 4426 3937 4494 supremis.

2648 4513 2811 4569 Trina
2840 4516 3037 4584 quibus
3076 4515 3257 4569 Deitas
3286 4516 3506 4569 dederat
3534 4524 3645 4571 tres
3672 4516 3905 4585 denique
3934 4522 4120 4581 natos,

2576 4602 2695 4657 Jam
2730 4613 2883 4666 tunc,
2916 4603 3058 4658 felici
3088 4604 3422 4673 disponendo
3450 4605 3536 4674 pie
3562 4604 3731 4674 genti,

2578 4694 2655 4750 Nc
2685 4704 2807 4764 post
2834 4695 3050 4750 llenrici
3079 4706 3326 4760 mortem,
3354 4697 3494 4765 regis
3519 4694 3834 4759 venerandi,

2578 4785 2866 4853 imperium
2899 4786 3049 4855 regni
3079 4786 3217 4839 male
3245 4786 3581 4856 surriperent
3602 4784 3881 4849 scelerosi,

2580 4874 2642 4928 Hi
2672 4877 2767 4930 sed
2797 4876 2990 4945 regalis
3018 4876 3127 4930 nati
3153 4877 3218 4931 de
3252 4877 3493 4947 germine
3519 4875 3706 4945 stirpis

892 4964 1030 5018 Nam
1060 4964 1161 5019 fuit
1190 4965 1415 5019 immitis
1447 4966 1689 5033 reprobis
1714 5007 1728 5028 ,
1780 4967 2004 5021 blandus
2039 4983 2254 5037 quoque
2290 4968 2471 5037 iustis,
2501 4978 2549 5037 ι)
2578 4967 2866 5021 ﬂexissent
2896 4982 3117 5036 regnum
3151 4968 3409 5023 concordi
3446 4980 3578 5036 pace
3603 4974 3883 5035 paternum
3906 5005 3921 5027 ,

897 5054 1123 5110 Summo
1152 5069 1481 5111 conservans
1512 5057 1688 5111 studio
1716 5057 1903 5128 legalia
1927 5057 2072 5125 jura,

972 5144 1124 5202 Vers.
1165 5146 1253 5202 15.

2578 5056 2833 5123 Quamvis
2862 5057 3150 5112 dissimiles
3184 5058 3267 5113 bis
3309 5066 3654 5113 servarentur
3685 5058 3937 5119 honores,

2654 5148 2813 5201 Vcrs.
2859 5149 2948 5202 5|.

2169 5261 2253 5316 VA
2264 5261 2400 5317 BIJE
2434 5262 2837 5319 LECTIONES.

970 5364 1041 5399 ⁸⁸⁸
1082 5365 1156 5421 ita
1180 5369 1231 5422 1.
1263 5378 1312 5421 et
1341 5367 1749 5424 Schurzﬂeisch.

1829 5372 1895 5403 ¹⁵⁹
1924 5371 2183 5424 scelerem
2226 5387 2362 5424 corr.
2414 5373 2643 5424 celerem
2676 5374 2724 5424 1.

2818 5374 2882 5405 ¹⁶⁰
2929 5375 2965 5424 ἰ.
2998 5390 3041 5424 e.
3074 5374 3171 5424 tui.
3254 5376 3317 5405 ¹⁶¹
3372 5378 3445 5424 ila
3478 5378 3498 5424 1
3536 5384 3591 5424 et
3618 5374 3874 5424 Schurzﬂ.
3950 5371 4021 5403 ¹⁶¹
4049 5371 4170 5423 Au-
