4482 5548
330 396 461 452 1155

327 507 475 561 Binis
501 505 743 575 regnanti
770 504 1022 571 subjectis
1047 502 1255 557 scilicet
1284 502 1397 554 uni.

398 599 542 652 Inter
570 613 704 667 quos
733 599 937 665 prinms
969 596 1112 648 fulsit
1138 610 1236 649 ceu
1265 593 1454 647 lucifer
1479 601 1627 645 ortus

328 690 499 752 Ozldo,
530 689 735 741 micans
761 688 925 740 radiis
954 686 1175 739 nimium
1200 685 1358 738 clara:
1389 682 1666 744 bonitatis,

326 779 513 834 Gratia
539 794 697 847 quem
729 778 870 845 regis
897 777 1052 830 solita
1084 776 1280 843 pietate
1312 774 1564 842 perennis

331 870 613 923 Rectorem
646 870 785 938 plebi
817 868 1062 938 prazvidit
1088 868 1191 919 rite
1224 866 1257 918 ft
1282 866 1386 919 leli.

331 959 429 1013 llic
459 969 614 1012 :etate
644 960 789 1027 prior
821 958 1015 1021 fuerat,
1056 957 1263 1010 meritis
1290 970 1502 1025 quoque
1531 954 1724 1021 major,

331 1049 610 1121 Congruus
638 1061 693 1104 et
719 1052 947 1119 sceptris
976 1048 1228 1103 defuncto
1254 1057 1406 1116 patre
1436 1048 1706 1115 gerendis.

332 1138 446 1192 Non
474 1154 607 1205 opus
632 1149 732 1203 est,
762 1141 941 1192 verbis
970 1137 1084 1204 ejus
1116 1152 1381 1191 summam
1413 1136 1697 1206 probitatis

332 1229 545 1291 Dicere,
572 1230 654 1282 vel
686 1230 834 1299 pueri
867 1230 1115 1283 meritum
1148 1228 1411 1281 laudabile
1440 1238 1594 1289 tanti,

329 1317 425 1372 Cui
455 1318 699 1373 Christus
733 1320 889 1372 talem
924 1320 1033 1388 jam
1076 1334 1218 1371 nunc
1253 1318 1491 1387 augescit
1521 1319 1581 1347 ¹⁷¹
1618 1318 1900 1381 honorem,

330 1408 574 1462 Possidet
600 1418 657 1462 ut
693 1409 916 1461 Romam
949 1408 1164 1477 pollenti
1191 1408 1313 1475 jure
1342 1408 1649 1473 superbam,

330 1498 461 1563 Qua:
509 1513 722 1567 semper
773 1499 980 1551 stabilis
1014 1513 1281 1551 sumnmm
1332 1498 1504 1551 fuerat
1550 1496 1901 1564 eaputorhis,

331 1586 557 1641 Edomat
587 1598 639 1641 et
667 1597 877 1655 gentes,
907 1588 1120 1642 Christo
1151 1587 1379 1651 favente,
1412 1578 1639 1648 feroces,

331 1678 459 1744 Quze
484 1679 635 1746 prius
660 1679 941 1733 ecclesiam
973 1679 1243 1731 laniabant
1269 1692 1409 1745 smpe
1448 1687 1732 1730 sacratam.

330 1766 458 1822 l’ost
487 1770 628 1821 hunc
660 1768 922 1821 llenricus
948 1770 1124 1822 fuerat
1153 1767 1381 1823 feliciter
1409 1778 1585 1832 ortus,

331 1858 674 1927 lnpositoque
704 1859 873 1925 patris
904 1858 1142 1911 famosus
1172 1860 1391 1912 nomine
1422 1859 1583 1927 regis,

331 1945 559 1999 Provida
588 1961 747 2014 quem
777 1946 977 1999 domini
1009 1948 1212 2014 pariter
1241 1948 1501 2014 sapientia
1532 1947 1731 2000 Christi

333 2037 592 2105 Dignatur
622 2038 734 2105 (50)
775 2052 989 2092 servare
1019 2041 1207 2092 ducem
1237 2039 1431 2107 pepulo
1462 2040 1597 2093 bene
1626 2039 1843 2103 fortem,

332 2125 559 2195 Belliger
588 2136 645 2178 ut
671 2126 850 2190 fortis,
876 2127 1000 2180 belli
1031 2128 1377 2181 doctissimus
1400 2128 1553 2191 artis,

332 2215 567 2270 Fortiter
591 2218 872 2272 ecclesiam
905 2221 1255 2287 praemuniret
1282 2221 1672 2283 venerandam,

331 2305 439 2361 Ceu
474 2324 658 2362 murus
680 2310 873 2376 jaculis
899 2312 1120 2366 obstans
1148 2310 1478 2366 fortissimus
1505 2312 1696 2366 hostis.

334 2396 463 2451 Pcst
490 2399 631 2451 hunc
659 2399 899 2453 ecclesiae
931 2410 1115 2466 pastor
1150 2400 1293 2453 Brnn
1332 2403 1571 2456 nascitur
1594 2402 1766 2466 almre,

332 2486 517 2539 Gratia
548 2487 819 2555 pontiﬁcis
847 2503 1005 2557 quem
1045 2491 1199 2543 duxit
1223 2505 1432 2543 summa
1462 2491 1716 2557 perennis

334 2576 560 2646 Dignum
592 2579 840 2633 catholici
872 2594 1056 2633 curam
1093 2588 1305 2648 gestare
1332 2580 1558 2649 popelli;

334 2669 471 2723 llinc
496 2686 709 2740 quoque
737 2673 916 2726 divino
944 2683 1071 2725 nutu
1100 2673 1267 2740 patris
1304 2676 1389 2741 pia
1422 2689 1552 2728 cura

334 2760 509 2829 Ipsum
541 2763 605 2792 ¹⁷²
636 2764 856 2816 servitio
884 2762 1083 2817 Christi
1116 2764 1245 2819 fecit
1278 2766 1491 2835 religari
1525 2768 1615 2833 ¹⁷³,

334 2849 678 2903 Abstraetum
712 2852 913 2919 gremio
938 2867 1078 2906 carie
1110 2853 1335 2907 nutricis
1363 2857 1615 2919 amando,

341 2937 409 2991 Ut
445 2940 591 3008 regni
630 2942 837 3009 pompis
868 2952 1046 3010 posset
1074 2953 1324 2998 constare
1354 2945 1557 2999 relictis

338 3026 490 3081 Miles
518 3029 783 3097 stelligera
816 3046 1029 3100 semper
1059 3035 1332 3102 regnantis
1364 3034 1415 3086 in
1448 3035 1588 3088 aula.

336 3118 408 3171 At
436 3118 704 3180 Christus,
738 3119 913 3174 Patris
940 3123 1202 3190 sapientia
1232 3137 1356 3177 vera
1390 3126 1661 3194 perennis,

340 3208 592 3263 Tironem
623 3210 911 3266 refovendo
937 3229 1090 3267 suum
1122 3214 1438 3270 clementius
1468 3218 1627 3271 istum

337 3297 442 3367 Ipsi
473 3301 609 3353 dona
642 3302 785 3354 dedit
816 3311 975 3357 tantm
1010 3305 1263 3372 pra-clara
1294 3308 1513 3377 sophia),

341 3388 493 3454 Quod
522 3407 627 3443 non
657 3404 739 3445 est
773 3394 882 3461 (51)
919 3395 1005 3446 illo
1032 3397 1248 3464 penitus
1276 3399 1571 3466 sapientior
1600 3400 1739 3455 ullus

339 3479 485 3534 lnter
516 3484 770 3537 mortales
800 3484 997 3555 fragilis
1026 3487 1205 3540 mundi
1238 3490 1526 3557 sapientes.

416 3570 511 3626 llis
543 3574 702 3643 igitur
731 3577 909 3643 pueris
939 3578 1103 3647 regali
1135 3593 1283 3631 more
1314 3581 1554 3646 nutritis,

343 3662 584 3731 Ipsorum
613 3667 751 3734 patri
781 3668 984 3721 famoso
1019 3670 1253 3738 denique
1285 3672 1395 3739 regi

345 3752 577 3830 Henrico
602 3756 821 3823 placuit,
854 3758 1012 3814 factis
1043 3763 1182 3828 quod
1222 3763 1322 3816 rite
1362 3763 1605 3831 replevit,

348 3842 439 3905 Ut,
470 3846 592 3899 vitte
620 3847 821 3901 calidas
850 3866 1036 3919 sospes
1075 3854 1197 3906 dum
1230 3864 1475 3923 carperet
1510 3871 1693 3921 auras,

346 3932 461 4002 Ipse
488 3951 585 3989 suo
613 3938 965 4006 primogenito
996 3943 1213 4011 regique
1247 3943 1425 3996 futuro

346 4023 553 4079 Oddoni
582 4027 795 4097 dignam
829 4030 939 4098 jam
974 4032 1309 4101 ilisponsaret
1350 4035 1603 4097 amicam,

348 4114 479 4181 Qum
508 4119 737 4186 propri-.0
766 4122 901 4188 proli
932 4123 1090 4191 digne
1118 4136 1296 4192 posset
1325 4127 1520 4179 sociari
1560 4130 1671 4195 (an.
1699 4127 1846 4199 929).

349 4205 504 4263 llanc
533 4225 635 4262 non
665 4213 715 4263 in
748 4216 963 4282 proprio
991 4216 1059 4245 ""
1084 4218 1252 4270 voluit
1280 4220 1597 4288 conquirere
1625 4235 1813 4289 regno,

349 4295 523 4350 Trans
552 4314 699 4352 mare
728 4301 933 4371 legatos
962 4305 1055 4358 sed
1088 4307 1386 4360 transmisit
1417 4308 1550 4361 bene
1579 4319 1764 4363 cautos

349 4383 539 4439 Gentis
567 4388 631 4441 ad
664 4388 950 4457 Anglorum
982 4401 1178 4445 terram
1207 4404 1288 4446 sat
1320 4395 1650 4459 deliciosam,

350 4472 711 4540 Dcmandans,
746 4488 801 4531 ut
827 4481 1082 4534 continuo
1108 4498 1227 4535 cum
1268 4500 1491 4537 innuero
1522 4485 1586 4515 ¹⁷⁵
1619 4487 1782 4541 misso

355 4561 628 4618 Edwardi
664 4568 804 4636 regis
835 4579 1013 4622 natam
1044 4580 1287 4638 peterent
1314 4573 1616 4636 Eadithatn,

351 4652 482 4718 Qua:
512 4664 665 4723 patre
688 4657 799 4726 (52)
836 4658 1086 4714 defuncto
1108 4661 1221 4727 jam
1251 4671 1376 4716 tunc
1405 4665 1677 4719 residebat
1705 4670 1758 4721 in
1784 4670 1925 4734 aula,

351 4746 545 4803 Fratre
575 4751 686 4821 (55)
726 4766 825 4807 suo
864 4757 1013 4823 regni
1062 4765 1329 4825 sceptrum
1369 4767 1615 4827 gestante
1650 4764 1892 4829 paterni;

352 4838 521 4907 Quem
560 4843 769 4911 peperit
806 4844 915 4915 regi
940 4860 1162 4902 consors
1190 4863 1293 4900 non
1322 4848 1500 4903 inclita
1530 4853 1699 4920 regni,

428 4929 580 4985 Vers.
619 4932 706 4987 80.

1381 386 1659 442 CARMEN
1700 386 1787 439 DE
1821 385 2064 440 GESTIS
2101 384 2395 440 OTTONIS
2435 385 2472 438 l.

3434 393 3572 447 1151

1918 504 1964 561 Α
1996 497 2155 550 lstins
2180 512 2406 565 egregia:
2442 497 2671 567 genitrix
2703 495 2998 553 clarissima
3026 502 3253 564 domum,

1999 588 2177 640 Altera
2211 588 2302 639 sed
2335 587 2549 655 generis
2574 587 2768 641 mulier
2796 590 2862 619 ⁸⁷⁸
2884 593 3014 643 satis
3042 591 3310 647 inferioris
3345 594 3477 664 (51).

2058 673 2182 728 Πιῐέίξ
2210 690 2330 727 nam
2362 676 2639 729 versiculis
2668 678 2845 745 proles
2875 694 3035 747 quam
3064 683 3309 750 scriptito
3338 686 3500 753 regis,

2000 767 2141 827 llmc,
2180 768 2415 835 inquam,
2450 765 2588 819 fama
2614 770 2821 822 cunctis
2852 770 3025 824 fuerat
3055 772 3189 827 bene
3218 784 3372 836 nota;

2001 856 2286 911 Nobilitate
2311 868 2519 926 potens,
2549 859 2738 926 primis
2769 862 2977 915 meritis
3001 878 3214 931 quoque
3242 864 3471 932 pollens,

2000 946 2152 999 Edita
2188 964 2501 1017 magnorum
2533 965 2743 1002 summo
2770 953 2835 1004 de
2864 954 3105 1020 germine
3132 969 3333 1023 regum.

2000 1037 2163 1104 (anus
2192 1040 2448 1107 prmclaro
2478 1038 2644 1093 facies
2672 1042 2907 1095 candore
2938 1056 3147 1109 serena,

2002 1128 2215 1196 llegalis
2240 1128 2423 1183 fortine
2448 1133 2585 1186 miro
2609 1132 2863 1187 rntilabat
2898 1134 3133 1199 honore;

2002 1218 2226 1287 Ipsaque
2255 1220 2503 1289 perfectae
2535 1222 2697 1276 radiis
2725 1223 2931 1293 fulgens
2966 1227 3242 1293 bonitatis,

2004 1308 2058 1361 ln
2092 1311 2261 1378 patria
2294 1312 2413 1364 talis
2446 1314 2639 1365 tncruit
2668 1315 2932 1381 prmconia
2962 1316 3151 1380 laudis,

2007 1401 2076 1453 l,‘t
2118 1403 2229 1455 fore
2258 1402 2461 1470 judicio
2493 1403 2661 1471 plebis
2689 1406 2997 1460 decernitur
3021 1409 3197 1462 omnis

2005 1493 2215 1562 Optima
2247 1506 2589 1558 cunctarum,
2616 1512 2733 1565 qua:
2764 1508 2887 1553 tunc
2917 1498 3149 1565 fuerant,
3182 1500 3485 1555 mulierum.

2007 1584 2115 1638 Nec
2147 1586 2339 1638 mirmn
2371 1588 2575 1640 meritis
2599 1590 2643 1642 si
2684 1589 2892 1643 lucebat
2920 1591 3055 1643 bene
3085 1592 3293 1659 primis,

2008 1678 2241 1731 Gernicn
2276 1688 2585 1731 sanctorum
2617 1695 2775 1747 quam
2801 1682 3129 1750 producebat
3155 1697 3406 1746 avorum;

2013 1767 2161 1820 llanc
2191 1770 2405 1821 tradunt
2432 1786 2563 1839 ergo
2593 1778 2769 1822 natam
2798 1771 2862 1823 de
2889 1772 3055 1839 stirpe
3079 1771 3235 1825 beata

1937 1834 1986 1893 Β
2014 1857 2245 1910 Oswaldi
2282 1860 2440 1927 regis,
2475 1860 2683 1913 laudem
2711 1860 2862 1928 cujus
2891 1861 3035 1914 cauit
3065 1861 3233 1923 orbis,

2015 1950 2084 2001 Se
2111 1950 2233 2015 quia
2265 1950 2574 2002 subdiderat
2607 1950 2763 2002 morti
2796 1965 2891 2018 pro
2915 1951 3131 2003 nomine
3160 1949 3358 2004 Christi
3393 1951 3521 2019 (ὃὸ).

2082 2038 2150 2090 At
2178 2036 2317 2107 regis
2350 2037 2517 2090 nostri
2550 2038 2830 2091 venientes
2858 2040 3087 2106 denique
3124 2040 3273 2092 missi

2013 2126 2090 2177 Ad
2121 2125 2340 2177 fratrem
2381 2124 2590 2176 domum
2612 2123 2725 2190 jam
2756 2134 2881 2179 tunc
2912 2127 3197 2179 residentis
3229 2128 3279 2179 in
3308 2140 3453 2191 arce,

2010 2216 2085 2268 llli
2118 2214 2412 2274 nudabant,
2445 2227 2797 2280 quaecumque
2821 2222 3027 2266 secreta
3059 2214 3319 2267 ferebant.

2010 2304 2139 2368 Quae
2175 2303 2274 2355 sibi
2308 2312 2551 2369 percerte
2586 2312 2859 2371 comperta
2887 2304 3019 2357 satis
3048 2304 3319 2371 placuere,

2011 2394 2239 2460 Moxque
2269 2407 2377 2444 sure
2406 2391 2546 2444 dulci
2572 2390 2829 2444 narrabat
2859 2406 2988 2446 voce
3020 2394 3215 2456 sorori,

2010 2486 2281 2537 Exortans
2310 2483 2453 2534 illam
2489 2482 2599 2550 regi
2629 2496 2819 2550 parere
2848 2480 2985 2535 fideli
3004 2521 3018 2545 ,

2011 2574 2156 2626 Illam
2186 2573 2277 2641 qui
2313 2572 2545 2640 proprizc
2574 2571 2709 2639 proli
2740 2572 2904 2625 voluit
2943 2574 3157 2627 sociari.

2011 2663 2253 2729 Cuntquc
2278 2676 2387 2714 sua:
2416 2661 2635 2714 monitis
2670 2662 2835 2715 menti
2869 2661 3155 2717 instillaret
3178 2663 3366 2718 amicis

2013 2755 2251 2809 Oddonis
2278 2756 2510 2820 dulcem,
2543 2756 2692 2825 pueri
2726 2756 2940 2823 regalis,
2972 2772 3238 2820 amorem,

2014 2846 2241 2914 Collegit
2268 2846 2579 2900 innumeras
2610 2861 2824 2899 summo
2851 2849 3134 2901 conamine
3165 2864 3345 2918 gazas.

2015 2936 2115 2988 Ast
2145 2935 2231 2988 ubi
2262 2935 2472 2989 collccd
2503 2937 2679 2989 visum
2708 2935 2888 2989 fuerat
2915 2939 3047 2991 satis
3076 2939 3196 3006 ipsi,

2016 3026 2335 3083 Prmdictam
2363 3029 2525 3083 sociis
2556 3029 2805 3083 domnam
2833 3030 3216 3085 comitantibus
3238 3033 3380 3101 aptis

2021 3119 2195 3173 Trans
2226 3134 2375 3173 mare
2401 3130 2648 3189 percerte
2679 3135 2892 3173 summo
2927 3120 3125 3173 direxit
3156 3122 3361 3175 honore

1944 3181 1989 3243 C
2021 3214 2346 3267 Condenans
2382 3214 2455 3266 illi
2488 3229 2650 3283 gazas
2677 3214 2900 3266 nimium
2931 3214 3221 3281 preciosas.

2016 3306 2234 3359 Necnon
2265 3318 2573 3374 germanam
2601 3319 2781 3358 secum
2812 3305 3108 3358 transmisit
3135 3305 3357 3359 Adivam
3389 3304 3524 3375 (56),

2018 3396 2146 3461 Quae
2187 3393 2288 3447 fuit
2314 3395 2486 3448 :etatis
2518 3395 2693 3448 meriti
2721 3395 3031 3463 pariterque
3065 3395 3307 3457 minoris,

2019 3490 2137 3551 Quo
2168 3486 2246 3539 sic
2277 3486 2535 3554 majorem
2568 3500 2793 3552 prorsus
2820 3486 3093 3540 conferret
3124 3488 3388 3540 honorem

2019 3576 2251 3639 Oddoni,
2286 3584 2411 3628 nato
2438 3574 2628 3628 famosi
2668 3575 2811 3644 regis
2838 3576 3088 3637 amando,

2021 3669 2247 3739 Egregie
2277 3669 2430 3722 binas
2458 3667 2644 3735 stirpis
2672 3669 2933 3723 mittendo
2963 3669 3185 3737 puellas,

2021 3759 2091 3813 Ut
2122 3760 2220 3813 sibi
2252 3774 2411 3827 quam
2443 3758 2600 3812 vellet
2628 3774 2880 3827 sponsam
2912 3760 3060 3814 licito
3087 3761 3319 3814 sociaret

2022 3851 2253 3918 Aspectu
2284 3850 2457 3918 primo
2484 3849 2575 3904 sed
2608 3865 2727 3903 mox
2759 3850 2917 3904 Eadit
2946 3853 3274 3915 veneranda,

2022 3939 2146 3994 Jnrc
2177 3940 2395 4008 placens
2425 3943 2636 3995 cunctis
2664 3941 2848 3996 habitu
2885 3943 2948 3971 ¹⁷⁷
2984 3959 3207 3998 sunzmre
3235 3944 3514 4010 bonitatis,

2021 4027 2205 4097 Regali
2238 4038 2365 4083 nato
2390 4040 2644 4084 censetur
2668 4047 2904 4101 congrue
2933 4033 3115 4101 digna.

2023 4116 2147 4172 lltec
2172 4118 2244 4171 illi
2273 4119 2482 4173 dulcem
2508 4120 2718 4188 peperit
2740 4120 3042 4175 clarissima
3076 4122 3281 4191 prolem

2025 4206 2250 4261 Nomine
2276 4206 2603 4274 Lindulfutn,
2638 4210 2797 4263 tantis
2831 4212 3161 4279 genitoribus
3186 4222 3394 4282 aptum,

2024 4297 2194 4362 Quem
2220 4299 2447 4367 pepulus
2473 4300 2669 4353 merito
2695 4300 2884 4353 dilexit
2911 4316 3095 4355 amore
3128 4303 3343 4368 tcuello,

2027 4390 2303 4459 Exoptans
2333 4390 2638 4459 prolongari
2672 4392 2833 4444 vitam
2866 4394 2999 4446 satis
3022 4393 3141 4460 ipsi.

2106 4480 2270 4535 llistis
2303 4482 2379 4535 sic
2402 4482 2618 4543 habitis,
2649 4482 2883 4537 instabat
2911 4484 3141 4553 denique
3176 4486 3297 4539 finis

2033 4572 2245 4626 llenrici
2274 4573 2436 4641 regis,
2472 4571 2624 4640 cujus
2652 4583 2880 4628 mortem
2913 4575 3082 4644 gemit
3107 4578 3287 4629 onmis

2030 4664 2173 4718 lllins
2210 4665 2439 4732 imperio
2463 4665 2692 4734 populus
2715 4666 2933 4735 jurique
2960 4669 3237 4722 subactus.

2032 4756 2148 4821 Quo
2171 4772 2293 4809 nam
2321 4755 2575 4810 defuncto
2605 4756 2716 4827 (an.
2749 4756 2899 4828 956),
2936 4772 3157 4827 regnum
3185 4772 3501 4829 susceperat

2032 4845 2284 4913 Ejusdem
2317 4846 2708 4916 pritnogenitus
2736 4848 2877 4918 regis
2900 4849 3260 4914 venerandus,
3409 4849 3614 4921 [0Jdo,

2107 4936 2267 4991 Vers.
2310 4936 2431 4991 129.

1602 5079 1693 5133 VA
1704 5079 1835 5134 llle
1870 5076 2270 5133 LECTIONES.

428 5164 491 5194 ¹⁷¹
522 5164 760 5233 augessit
788 5166 835 5218 1.

356 5242 479 5295 tuo;
510 5249 797 5289 connnune
821 5236 843 5288 1
903 5238 1198 5294 tardamine
1225 5240 1276 5291 2.

912 5167 978 5198 ¹⁷²
1006 5165 1174 5241 Mcib.
1216 5170 1381 5241 versui
1422 5172 1542 5223 huic
1576 5171 2187 5241 sequentem,prrrmittit.

1356 5239 1423 5270 ¹⁷⁶
1452 5239 1693 5297 11111181⁸1
1776 5244 1838 5274 ¹⁷⁷
1874 5239 2084 5297 habitus
2115 5241 2163 5293 1.

2277 5168 2662 5239 "'religalil.
2759 5173 2826 5204 m
2857 5172 3077 5241 propria
3115 5170 3167 5223 t.
3273 5170 3337 5200 ιη
3368 5170 3439 5221 ita
3471 5166 3628 5222 resti-

1874 5348 2101 5408 NOTaE.

571 5441 627 5522 ld
658 5450 741 5522 cst
766 5445 978 5522 dignata
1006 5454 1104 5522 est.

2258 5444 2623 5522 @tlielstano.
