4482 5548
871 428 1008 479 Ηὸῗὶ

868 540 933 593 Et
961 546 1082 591 voto
1105 537 1282 592 eunt-ti
1309 536 1420 604 jam
1449 537 1807 603 respondente
1841 534 2056 603 popelli,

869 629 1139 698 Unguitur
1168 628 1219 680 in
1259 643 1459 695 regem,
1493 627 1709 680 Christo
1741 634 2048 694 przcstame,
2084 629 2375 691 potentem.

867 720 966 775 Cui
997 736 1090 774 rex
1125 718 1366 790 gratiolm
1391 717 1510 773 οωιί
1544 716 1857 771 munuscula
1892 724 2055 767 tantae

868 809 1124 872 Contulit,
1155 817 1214 861 ut
1240 807 1400 876 digne
1428 807 1638 861 cunctis
1664 804 2048 859 celeberrimus
2079 802 2193 870 ipse

866 900 1154 954 Gestorum
1180 914 1333 969 rcges
1359 898 1498 952 fama
1530 896 1860 967 praecelleret
1886 908 2095 958 omnes,

867 990 1114 1045 Oceanus
1142 991 1324 1045 reﬂuis
1354 1005 1489 1059 quos
1518 988 1628 1056 jam
1664 985 1989 1043 circumﬂuit
2022 984 2201 1037 undis.

866 1081 1089 1149 lnsuper
1116 1095 1147 1134 e
1174 1080 1334 1133 tantis
1362 1081 1532 1148 ipsum
1562 1094 1717 1133 sacra
1752 1078 1938 1131 dextra
1966 1074 2199 1143 potentis

867 1168 1109 1238 Protegit
1135 1169 1343 1222 insidiis
1372 1167 1579 1221 occulta
1614 1167 1799 1220 fraude
1826 1165 2049 1234 paratis,

869 1258 936 1311 Et
967 1268 1073 1312 tam
1109 1258 1408 1327 magnificis
1439 1267 1597 1311 ornat
1626 1270 1863 1325 persa'pe
1892 1252 2200 1321 triumphis.

869 1351 941 1405 Ut
964 1351 1179 1413 credas,
1210 1365 1386 1419 regem
1417 1350 1580 1403 David
1611 1363 1834 1417 regnare
1858 1347 2089 1409 fidelem,

868 1439 985 1494 Jam
1018 1456 1161 1493 nunc
1201 1439 1438 1508 antiquis
1470 1438 1761 1507 fulgentem
1796 1439 1897 1490 rite
1929 1435 2232 1502 triumphis.

870 1528 978 1584 Nec
1006 1529 1177 1583 solum
1206 1541 1392 1599 gentes
1417 1527 1584 1580 frenis
1612 1527 1855 1581 moderat
1885 1525 2163 1585 bonitatis,

870 1620 999 1687 Qum
1024 1622 1173 1690 prius
1206 1620 1429 1686 imperio
1457 1618 1626 1686 patris
1655 1618 1914 1671 dederant
1943 1629 2037 1667 sua
2069 1614 2224 1675 colla,

871 1709 975 1761 Sed
1004 1709 1173 1763 multo
1204 1708 1381 1776 plures
1410 1717 1557 1760 certe
1586 1706 1686 1760 sibi
1717 1705 1949 1758 vindicat
1980 1705 2113 1771 ipse,

872 1799 1121 1854 Sutidens
1152 1798 1381 1867 gentiles
1410 1796 1607 1850 Christi
1639 1796 1812 1849 servis
1840 1794 2091 1853 ditioncs,

870 1890 986 1955 Quo
1013 1904 1114 1957 pax
1150 1888 1391 1942 ccclesite
1421 1885 1572 1940 fieret
1601 1885 1666 1917 ¹⁷³
1694 1884 1928 1938 stabilita
1958 1893 2205 1935 saeratae.
2256 1872 2259 1873 ⁷

868 1982 949 2035 Ad
981 1980 1181 2034 bellum
1215 1987 1361 2033 certe
1390 1978 1600 2046 quoties
1631 1982 1973 2044 processerat
2000 1974 2132 2041 ipse,

872 2070 985 2123 Non
1016 2069 1115 2122 fuit
1146 2069 1210 2099 "9
1239 2067 1487 2136 papulus,
1527 2064 1775 2133 quamvis
1802 2064 2000 2116 virtute
2024 2060 2308 2129 superbus,

874 2160 1089 2214 laedere
1116 2160 1205 2228 qui
1237 2167 1421 2228 posset
1448 2157 1530 2211 vel
1562 2169 1888 2226 exsuperare
1913 2152 2117 2206 valeret

871 2250 1047 2317 Ipsum
1076 2248 1312 2302 cmlestis
1340 2246 1530 2299 fultum
1570 2245 1834 2299 solamine
1864 2244 2037 2313 regis;

872 2339 1000 2406 lijns
1021 2352 1121 2391 nec
1152 2336 1317 2390 cessit
1342 2335 1461 2389 telis
1484 2334 1754 2388 exercitus
1785 2332 1927 2395 ullis,

872 2428 935 2482 Ni
968 2444 1061 2483 sua
1090 2428 1395 2497 spernendo
1418 2426 1597 2480 forsan
1628 2426 1824 2495 regalia
1847 2424 1997 2492 jussa

871 2517 982 2570 illic
1013 2525 1296 2585 pugnaret,
1329 2530 1435 2584 quo
1473 2530 1565 2568 rex
1598 2515 1737 2567 idem
1764 2515 2098 2582 prohiberet.

945 2608 1012 2661 At
1039 2608 1146 2661 dux
1178 2606 1457 2667 Henricus,
1497 2606 1663 2660 frater
1694 2608 1835 2675 regis
1862 2607 2221 2665 venerandus,

872 2700 1131 2767 Princeps
1158 2700 1209 2752 in
1240 2714 1405 2769 regno
1434 2698 1607 2753 fuerat
1640 2708 1765 2753 tunc
1795 2714 1985 2765 nempe
2010 2698 2194 2765 quieto

873 2792 1002 2846 Post
1034 2807 1234 2861 regem,
1260 2791 1398 2860 plebi
1429 2791 1623 2843 merito
1647 2790 1972 2844 venerabilis
1994 2788 2137 2841 omni
2161 2804 2175 2849 ;

875 2881 975 2947 Qui
1004 2882 1104 2935 sibi
1143 2881 1407 2949 condigne
1437 2879 1591 2949 legali
1619 2880 1799 2949 jnnxit
1828 2894 2011 2934 amore

874 2972 1079 3026 Amulli
1122 2978 1452 3038 natam.(an.
1488 2973 1633 3040 938),
1672 2972 1825 3025 ducis
1860 2970 2085 3040 egregii,
2119 2984 2458 3039 generosam,

875 3063 1102 3116 Nomine
1132 3061 1416 3125 Judittam,
1454 3062 1631 3115 vultus
1660 3062 1946 3129 splendore
1976 3075 2259 3114 coruscam

875 3154 955 3207 Ac
987 3151 1192 3221 fulgore
1224 3154 1395 3221 magis
1422 3160 1630 3205 cunct:e
1656 3150 1879 3204 nitidam
1906 3149 2185 3203 bonitatis.

878 3242 973 3297 llis
996 3244 1065 3296 ita
1099 3243 1342 3307 digestis,
1375 3242 1677 3310 fueratan
1709 3242 1944 3309 undique
1974 3239 2176 3292 nostris

877 3335 956 3387 Ad
987 3342 1193 3401 tempus
1222 3334 1490 3387 modicum
1516 3333 1777 3401 libitoquc
1806 3334 1985 3384 minus
2011 3329 2326 3398 populorum

877 3424 1148 3479 Bellorum
1186 3435 1334 3478 certe
1365 3438 1507 3477 smvo
1540 3424 1795 3491 clangore
1836 3429 2066 3473 tacente.

950 3513 994 3568 Ο
1024 3530 1185 3583 quam
1215 3512 1560 3582 tranquillum
1596 3515 1778 3566 ridens
1807 3512 2097 3564 deduceret
2125 3526 2295 3563 :evuai

879 3603 1174 3657 Fortunata
1201 3604 1334 3658 satis
1362 3612 1560 3657 nostra:
1592 3616 1676 3654 res
1704 3600 1913 3669 publica
1943 3601 2139 3669 gentis,

880 3695 1010 3760 Qua:
1041 3695 1200 3748 nimis
1225 3695 1451 3764 imperio
1484 3694 1626 3762 regis
1651 3693 1855 3763 regitur
1886 3693 2177 3760 sapientis,

882 3788 937 3840 Si
972 3801 1076 3840 non
1101 3787 1305 3854 antiqui
1342 3785 1479 3839 mala
1504 3786 1771 3839 calliditas
1812 3786 2014 3839 inimici

882 3876 1147 3931 Turbaret
1174 3885 1417 3930 nostrum
1443 3886 1650 3930 secreta
1675 3875 1862 3929 fraude
1892 3878 2174 3931 serenum!

881 3969 1123 4038 Denique
1159 3968 1385 4021 devictis
1412 3968 1745 4036 aligenorum
1773 3967 1840 3999 ¹⁸⁰
1867 3967 2003 4020 bene
2036 3967 2176 4031 telis,

881 4062 1137 4115 Exoritur
1167 4060 1365 4114 nostris
1392 4059 1569 4113 subito
1597 4059 1862 4113 discordia
1897 4058 2072 4119 fortis,

882 4156 1121 4209 Lmscrat
1148 4164 1203 4207 et
1224 4155 1431 4221 plebem
1465 4150 1661 4204 bellum
1693 4150 1850 4203 civile
1888 4150 2098 4202 tidelem

885 4248 1011 4300 l’lus
1040 4261 1200 4314 quam
1225 4244 1487 4298 bellorum
1513 4250 1785 4294 structura
1820 4240 2073 4307 frequens
2095 4240 2392 4292 variorum.

888 4338 1052 4405 llujus
1072 4350 1235 4390 causa
1263 4333 1385 4387 mali
1417 4334 1593 4387 fuerat
1620 4346 1723 4384 non
1753 4345 1915 4398 parva
1946 4329 2160 4384 dolendi

886 4427 1126 4495 Denique
1156 4424 1437 4477 conﬂictus
1463 4421 1799 4489 quorundam
1831 4436 1934 4474 non
1964 4420 2297 4479 moderatus,

887 4519 962 4571 Ex
993 4518 1186 4586 quibus
1211 4514 1441 4567 lleurico
1471 4512 1711 4580 quaedam
1738 4525 1862 4579 pars
1890 4520 2065 4563 mente
2091 4510 2322 4577 benigna

886 4606 1109 4661 Devovit
1141 4604 1281 4669 regis
1312 4601 1463 4655 fratri
1498 4601 1558 4632 ¹⁸¹
1584 4600 1672 4668 jus
1701 4600 2058 4661 vernulitatis,

885 4700 1017 4753 Pars
1045 4696 1361 4750 Evurltardo
1388 4693 1569 4749 comiti
1599 4694 1833 4747 studium
1866 4691 2176 4745 famulanut.

887 4792 957 4843 At
986 4803 1107 4843 cum
1139 4788 1369 4857 quisque
1395 4787 1477 4841 sui
1506 4794 1711 4856 peteret
1738 4785 1999 4837 solamina
2035 4783 2239 4845 domui,

888 4882 1026 4936 lline
1052 4881 1267 4953 gravior
1292 4878 1525 4933 dominis
1555 4877 1823 4931 discordia
1865 4876 2107 4928 nascitur
2136 4876 2281 4943 ipsis.

889 4973 1128 5026 Tandem
1157 4979 1401 5041 perccrte
1432 4967 1681 5022 conﬂictu
1712 4968 2106 5037 progrediente,

890 5065 1187 5119 Przedictus
1218 5077 1417 5131 praeses
1448 5060 1587 5115 male
1609 5060 1862 5113 collectus
1897 5059 2132 5128 legiones

892 5158 1010 5212 Mox
1044 5158 1107 5210 ad
1136 5156 1414 5209 castellum
1443 5151 1683 5204 Baduliki
1716 5150 1824 5220 (37)
1855 5152 2173 5220 capiendmn

965 5248 1120 5301 Vers.
1162 5246 1251 5299 lSl
1268 5282 1281 5295 .

1724 420 2191 480 llROTSUITiIAI
2235 418 2556 472 MONlAIJS
2597 417 3295 472 CANDERSIIEIMENSIS

3978 420 4115 476 1156

2468 536 2515 592 Λ
2544 531 2618 583 Ev
2647 529 2920 596 inproviso
2944 529 3163 582 mittens
3186 529 3284 583 sub
3314 538 3468 583 nocte
3497 528 3710 599 nigella.

2552 622 2711 673 Duxit
2733 621 3000 687 captivum
3038 619 3258 674 fratrem
3288 621 3428 689 regis
3458 637 3801 690 generosum,

2550 709 2864 773 Ilenricum,
2894 710 3084 763 vinclis
3114 710 3321 780 palmas
3350 713 3662 778 stringendo
3694 714 3935 768 cruentis

2549 800 2677 869 Ejus
2704 799 3030 863 eandidolas,
3062 802 3394 855 ornamentis
3424 803 3593 872 magis
3620 813 3804 872 aptas;

2548 889 2722 957 Atque
2752 903 2877 942 snas
2906 903 3067 957 gazas
3096 889 3410 957 disperdcns
3436 889 3813 946 innumerosas
3839 891 3907 924 ¹⁸²

2550 980 2630 1032 Ad
2662 994 2755 1032 sua
2790 994 2911 1033 mox
2942 978 3145 1048 prolem
3180 996 3362 1035 secum
3393 981 3613 1035 deduxit
3639 983 3890 1047 herilem,

2552 1067 2735 1123 Utitur
2761 1080 2819 1122 ut
2845 1071 2992 1124 socio
3021 1072 3225 1141 proprii
3251 1072 3452 1127 domini
3493 1088 3707 1144 quoque
3735 1087 3884 1130 nato.

2552 1160 2668 1227 Quo
2694 1177 2784 1216 rex
2823 1172 3120 1232 comperto,
3159 1178 3397 1219 maerens
3441 1167 3543 1219 sub
3565 1168 3724 1221 corde
3753 1177 3982 1232 secreto,

2554 1252 2777 1306 Deﬂevit
2800 1254 2971 1309 tristis
3002 1256 3225 1308 nimium
3255 1257 3561 1312 miserabile
3590 1258 3824 1323 factum;

2560 1340 2655 1395 Vix
2682 1358 2895 1412 quoque
2921 1346 3161 1413 germani
3198 1348 3450 1401 damnum
3482 1349 3697 1416 paeiens
3727 1366 3888 1416 grave
3918 1352 4055 1415 cari,

2554 1431 2742 1487 Nobile
2772 1449 2895 1487 mox
2921 1435 3149 1489 Abraha:
3177 1436 3373 1489 factum
3402 1437 3642 1506 sequitur
3674 1440 4022 1507 patriarclim,

2556 1521 2708 1588 Quod
2737 1524 2999 1579 miserans
3030 1526 3137 1595 egit
3166 1526 3291 1578 dum
3323 1524 3458 1579 Loth
3486 1541 3553 1581 ex
3584 1527 3735 1582 hoste
3767 1529 4023 1593 redemit;

2556 1614 2920 1683 Militibusque
2950 1617 3060 1669 suis
3093 1632 3304 1670 summo
3330 1619 3612 1672 conamine
3636 1619 3813 1683 lcetis,

2557 1703 2773 1759 Necnon
2804 1706 3067 1760 inmodica
3095 1716 3204 1760 tota
3236 1708 3302 1761 de
3332 1717 3490 1777 gente
3517 1717 3758 1773 caterva,

2556 1794 2755 1863 Pompa
2786 1796 2947 1864 regali
2980 1798 3153 1867 pergit
3182 1797 3441 1851 solamina
3469 1797 3623 1851 fratri

2482 1872 2527 1930 Β
2558 1883 2746 1948 Ferre,
2788 1886 2885 1939 sub
2914 1886 3112 1953 ingenti
3140 1888 3319 1941 cordis
3349 1888 3628 1958 languore,
3659 1890 3841 1944 dolore
3881 1891 3967 1941 "3.

2558 1973 2667 2029 Nec
2698 1990 2869 2039 mora,
2908 1990 3066 2044 quem
3094 1977 3242 2030 venit
3271 1975 3490 2030 fratrem
3528 1977 3789 2042 refovere,
3821 1978 4067 2041 redemit,

2557 2066 2821 2119 Auctores
2860 2066 2993 2118 tanti
3021 2067 3543 2136 condempnavitque
3572 2067 3750 2136 piacli,

2561 2155 2907 2225 Suspendcns
2932 2157 3193 2226 quosdam
3240 2156 3381 2227 ligno
3414 2160 3660 2226 reprobis
3694 2169 3960 2227 reparato,

2559 2246 2829 2311 Quosdam
2858 2248 2923 2300 de
2954 2248 3125 2316 patria
3157 2248 3415 2301 mandans
3448 2250 3725 2305 discedere
3755 2266 3902 2303 cara.

2623 2337 2746 2405 (An.
2775 2337 2925 2407 939.)
2944 2337 3036 2392 llis
3060 2339 3195 2392 bene
3213 2340 3485 2407 dispositis
3506 2342 3646 2409 regis
3665 2340 3813 2406 jussu
3852 2320 4137 2409 sapientis,

2558 2428 2785 2483 Protulit
2808 2431 3013 2498 antiqui
3044 2447 3256 2505 rursum
3284 2432 3421 2485 mala
3446 2430 3594 2485 fraus
3622 2433 3823 2485 inimici

2560 2518 2841 2572 Inventum
2873 2520 3097 2574 sceleris
3125 2520 3298 2588 primo
3329 2536 3483 2589 mage
3512 2522 3793 2575 deterim'is
3820 2524 3904 2585 ηδ,

2561 2608 2783 2663 Cuncﬁs
2815 2611 3145 2665 horrendum
3192 2610 3350 2665 seclis
3378 2612 3444 2643 ⁸⁸⁵
3476 2613 3776 2680 meritoque
3800 2614 4139 2683 stupendum.

2563 2702 2801 2769 Denique
2829 2703 3119 2771 praedictus
3141 2712 3422 2771 postquam
3452 2703 3666 2756 rediens
3696 2704 4039 2756 Evnrltardns

2562 2792 2770 2846 Prmses
2814 2793 2882 2846 ab
2927 2793 3111 2858 exilio,
3155 2793 3383 2862 patriam
3434 2794 3709 2848 remeabat
3743 2794 3807 2824 '“
3834 2797 4140 2858 amandam,

2564 2883 2676 2937 lIoc
2704 2883 2804 2937 sibi
2838 2884 3071 2953 graciola
3106 2886 3251 2953 regis
3273 2896 3564 2953 prrcstante
3599 2886 3846 2956 benigna,

2563 2974 2873 3029 Cislberhto
2901 2977 3083 3029 comiti
3113 2976 3305 3030 vinclis
3332 2977 3567 3030 sociatus
3594 2978 3815 3039 amoris,

2563 3062 2856 3116 Consilium
2886 3064 3129 3126 dederat,
3159 3065 3300 3132 quod
3348 3080 3450 3118 non
3485 3066 3579 3118 tibi
3611 3065 3827 3119 Christe
3862 3066 4142 3134 placebat!

2516 3207 2532 3224 ,
2568 3154 2639 3208 Ut
2667 3154 2925 3223 caperent
2953 3153 3157 3222 justum
3190 3170 3366 3224 regem
3404 3155 3612 3209 Domini
3641 3156 4001 3216 benedictum,

2519 3249 2533 3265 ‘
2566 3243 2632 3296 Et
2658 3244 2799 3312 quod
2832 3244 2968 3312 plus,
2996 3244 3142 3313 justo
3173 3258 3276 3297 non
3301 3242 3502 3310 justam
3535 3245 3639 3298 vim
3668 3244 3933 3307 faciendo,

2562 3334 2712 3386 lllnm
2738 3349 2860 3387 mox
2890 3334 3109 3403 proprio
3139 3334 3481 3403 deprivarent
3512 3334 3647 3388 male
3677 3350 3859 3404 regno.

2563 3424 2677 3479 lioc
2707 3439 2922 3494 quoque
2952 3424 3235 3477 consilimn
3264 3439 3515 3493 perversa
3551 3433 3729 3478 mente
3762 3436 4035 3494 repertum

2566 3514 2800 3569 llenrico
2834 3517 2977 3585 regis
3005 3514 3158 3568 fratri
3196 3530 3416 3569 suasere
3449 3514 3648 3576 fideles,

2568 3608 2861 3663 Mulcentcs
2892 3607 3115 3660 nimium
3144 3607 3326 3660 verbis
3356 3606 3529 3675 ipsum
3558 3606 3697 3661 male
3731 3606 3967 3670 blandis,

2566 3698 2683 3764 Quo
2711 3698 2861 3766 prius
2898 3697 3101 3751 illatum
3133 3696 3426 3765 nolletjam
3467 3699 3691 3752 reddere
3718 3698 3970 3753 damnum
3991 3739 4005 3761 ,

2565 3792 2804 3859 Ipsorum
2840 3790 2978 3843 votis
3006 3790 3099 3843 sed
3123 3788 3238 3857 plus
3264 3789 3502 3857 parendo
3526 3789 3793 3853 nefandis,

2567 3880 2879 3948 Susciperet
2906 3894 3150 3948 regnum,
3183 3879 3405 3947 depulso
3432 3881 3623 3943 fratre,
3652 3881 3967 3948 regendum.

2567 3969 2668 4034 Qui
2696 3968 2835 4023 male
2864 3966 3117 4021 blanditis
3149 3968 3360 4021 tandem
3388 3970 3566 4023 victus
3591 3970 3845 4035 suadelis,

2567 4059 2673 4114 Pro
2701 4058 2884 4112 dolor!
2919 4059 3156 4129 ipsorum
3185 4075 3242 4113 se
3266 4060 3515 4128 promisit
3538 4060 3652 4115 fore
3676 4071 3983 4130 promptum

2570 4149 2740 4212 Votis,
2769 4162 2831 4200 ae
2861 4147 3029 4200 firmis
3056 4148 3157 4201 hoc
3181 4147 3596 4202 conﬂrmaverat
3620 4151 3792 4211 orsis;

2570 4239 2674 4293 Sed
2702 4254 2860 4307 Spero
2882 4247 3049 4303 certe,
3082 4253 3184 4291 non
3214 4252 3271 4292 se
3298 4239 3376 4292 sic
3404 4239 3563 4292 corde
3588 4249 3792 4301 tenere,

2568 4328 2677 4382 illis
2706 4342 3025 4382 consensum
3054 4327 3147 4381 sed
3174 4327 3224 4379 vi
3260 4327 3503 4396 praebere
3539 4335 3807 4381 eoactum.

2570 4418 2671 4484 Qui
2704 4420 2842 4472 male
2866 4432 3096 4487 namque
3123 4417 3234 4485 spei
3263 4432 3446 4471 vacuae
3478 4417 3736 4471 solamine
3767 4416 3932 4486 capti,

2573 4510 2875 4577 Sperabant
2900 4523 3077 4577 regem
3109 4506 3332 4577 populos
3368 4508 3496 4561 olim
3530 4508 3893 4563 dominantem

2574 4602 2811 4669 Ipsorum
2845 4598 3016 4669 fragili
3058 4599 3217 4652 citius
3243 4596 3725 4668 subjungerejuri;

2574 4690 2679 4745 Sed
2702 4705 2795 4744 rex
2827 4690 2893 4743 de
2923 4688 3096 4753 caelis,
3121 4687 3290 4756 judex
3312 4690 3652 4759 aequissimus
3676 4689 3845 4753 orbis,

2572 4784 2901 4853 Cunctorum
2929 4780 3077 4835 solus
3105 4781 3197 4850 qui
3226 4782 3503 4852 cognoscit
3524 4782 3791 4851 cogitatus

2574 4874 2832 4941 Vanaque
2860 4871 2923 4904 ⁸⁸⁷
2959 4872 3201 4927 mortalis
3225 4873 3363 4942 potis
3390 4880 3473 4927 est
3498 4873 3806 4941 disperdere
3834 4874 4041 4939 cordis,

2574 4964 2946 5017 Commentum
2973 4964 3105 5017 tanti
3133 4963 3353 5018 sceleris
3377 4964 3576 5018 virtute
3604 4963 3837 5032 potentis

2578 5058 2791 5113 Dextra:
2820 5058 3107 5128 confregit,
3139 5072 3245 5125 qua
3274 5066 3464 5113 cuncta
3502 5066 3684 5112 creata
3713 5057 3953 5120 creavit;

2581 5150 2797 5205 Scilicet
2824 5150 3043 5203 insidias
3069 5148 3273 5203 cliristo
3296 5147 3507 5202 Domini
3538 5147 3607 5181 ¹⁸⁸
3642 5157 3924 5219 reparatas

2656 5243 2804 5297 Vct‘S.
2836 5240 2963 5293 9.55.

2144 5348 2379 5403 VARIAE
2416 5349 2816 5407 LECTIONES.

989 5472 1032 5502 ⁷⁸
1075 5470 1201 5520 fiere
1227 5470 1276 5520 1.
1354 5466 1421 5499 ¹⁷⁹
1446 5465 1631 5520 Nullus
1655 5474 1770 5519 erat
1796 5462 1850 5515 ξ’..
1940 5462 2006 5491 ’⁸³
2034 5462 2395 5520 alienigenum
2418 5461 2471 5514 ‘2.

2562 5460 2624 5494 ¹⁸¹
2654 5462 2727 5513 ita
2753 5461 2806 5514 2.
2842 5461 2951 5520 regi
2984 5458 3165 5514 fratris
3188 5459 3236 5512 l.

3336 5461 3400 5491 ¹⁸²
3433 5460 3804 5513 iunumeroses
3830 5456 3881 5510 l.
3957 5456 4026 5489 ³⁸³
4058 5457 4155 5512 do-
