  <div class='ocr_page' id='page_1' title='image "/cluster/home/n/w/nwhite01/storage/ocr_20150623/137/hvd.32044021286828/582.png"; bbox 0 0 4482 5548; ppageno 0'>
   <div class='ocr_carea' id='block_1_1' title="bbox 367 348 517 410">
    <p class='ocr_par' dir='ltr' id='par_1_1' title="bbox 367 348 517 410">
     <span class='ocr_line' id='line_1_1' title="bbox 367 348 517 410; baseline 0.013 -4"><span class='ocrx_word' id='word_1_1' title='bbox 367 348 517 410; x_wconf 75' lang='grc'><strong>’4157</strong></span> 
     </span>
    </p>
   </div>
   <div class='ocr_carea' id='block_1_2' title="bbox 380 462 1617 531">
    <p class='ocr_par' dir='ltr' id='par_1_2' title="bbox 380 462 1617 531">
     <span class='ocr_line' id='line_1_2' title="bbox 380 462 1617 531; baseline -0.004 -14"><span class='ocrx_word' id='word_1_2' title='bbox 380 464 549 517; x_wconf 66' lang='lat' dir='ltr'><strong>Vertit</strong></span> <span class='ocrx_word' id='word_1_3' title='bbox 584 463 637 517; x_wconf 91' lang='lat' dir='ltr'><strong>in</strong></span> <span class='ocrx_word' id='word_1_4' title='bbox 668 471 913 517; x_wconf 90' lang='lat' dir='ltr'><strong>auctores</strong></span> <span class='ocrx_word' id='word_1_5' title='bbox 943 463 1071 515; x_wconf 87' lang='lat' dir='ltr'><strong>tanti</strong></span> <span class='ocrx_word' id='word_1_6' title='bbox 1104 462 1401 531; x_wconf 69' lang='lat' dir='ltr'><strong>meritoque</strong></span> <span class='ocrx_word' id='word_1_7' title='bbox 1429 463 1617 530; x_wconf 84' lang='lat' dir='ltr'><strong>piacli;</strong></span> 
     </span>
    </p>
   </div>
   <div class='ocr_carea' id='block_1_3' title="bbox 379 554 1754 622">
    <p class='ocr_par' dir='ltr' id='par_1_3' title="bbox 379 554 1754 622">
     <span class='ocr_line' id='line_1_3' title="bbox 379 554 1754 622; baseline 0.001 -17"><span class='ocrx_word' id='word_1_8' title='bbox 379 555 587 621; x_wconf 85' lang='lat' dir='ltr'><strong>Quique</strong></span> <span class='ocrx_word' id='word_1_9' title='bbox 611 570 707 607; x_wconf 91' lang='lat' dir='ltr'><strong>suo</strong></span> <span class='ocrx_word' id='word_1_10' title='bbox 732 554 951 620; x_wconf 75' lang='lat' dir='ltr'><strong>laqueos</strong></span> <span class='ocrx_word' id='word_1_11' title='bbox 981 554 1195 607; x_wconf 88' lang='lat' dir='ltr'><strong>domino</strong></span> <span class='ocrx_word' id='word_1_12' title='bbox 1224 555 1441 606; x_wconf 90' lang='lat' dir='ltr'><strong>tendere</strong></span> <span class='ocrx_word' id='word_1_13' title='bbox 1471 554 1754 622; x_wconf 84' lang='lat' dir='ltr'><strong>malignos,</strong></span> 
     </span>
    </p>
   </div>
   <div class='ocr_carea' id='block_1_4' title="bbox 376 642 1473 711">
    <p class='ocr_par' dir='ltr' id='par_1_4' title="bbox 376 642 1473 711">
     <span class='ocr_line' id='line_1_4' title="bbox 376 642 1473 711; baseline -0.002 -16"><span class='ocrx_word' id='word_1_14' title='bbox 376 642 458 695; x_wconf 71' lang='lat' dir='ltr'><strong>Ex</strong></span> <span class='ocrx_word' id='word_1_15' title='bbox 491 643 621 709; x_wconf 89' lang='lat' dir='ltr'><strong>ipsis</strong></span> <span class='ocrx_word' id='word_1_16' title='bbox 652 642 747 711; x_wconf 86' lang='lat' dir='ltr'><strong>ipsi</strong></span> <span class='ocrx_word' id='word_1_17' title='bbox 781 643 1009 710; x_wconf 90' lang='lat' dir='ltr'><strong>primum</strong></span> <span class='ocrx_word' id='word_1_18' title='bbox 1038 651 1161 694; x_wconf 88' lang='lat' dir='ltr'><strong>sunt</strong></span> <span class='ocrx_word' id='word_1_19' title='bbox 1186 642 1473 709; x_wconf 89' lang='lat' dir='ltr'><strong>illaqueati.</strong></span> 
     </span>
    </p>
   </div>
   <div class='ocr_carea' id='block_1_5' title="bbox 452 731 1845 801">
    <p class='ocr_par' dir='ltr' id='par_1_5' title="bbox 452 731 1845 801">
     <span class='ocr_line' id='line_1_5' title="bbox 452 731 1845 801; baseline 0 -17"><span class='ocrx_word' id='word_1_20' title='bbox 452 732 564 784; x_wconf 67' lang='lat' dir='ltr'><strong>t‘v&#39;on</strong></span> <span class='ocrx_word' id='word_1_21' title='bbox 600 747 683 785; x_wconf 91' lang='lat' dir='ltr'><strong>me</strong></span> <span class='ocrx_word' id='word_1_22' title='bbox 704 732 825 801; x_wconf 86' lang='lat' dir='ltr'><strong>plus</strong></span> <span class='ocrx_word' id='word_1_23' title='bbox 852 732 997 786; x_wconf 85' lang='lat' dir='ltr'><strong>licito</strong></span> <span class='ocrx_word' id='word_1_24' title='bbox 1022 742 1181 784; x_wconf 74' lang='lat' dir='ltr'><strong>tantze</strong></span> <span class='ocrx_word' id='word_1_25' title='bbox 1211 733 1409 800; x_wconf 60' lang='lat' dir='ltr'><strong>sophiae</strong></span> <span class='ocrx_word' id='word_1_26' title='bbox 1450 732 1561 785; x_wconf 90' lang='lat' dir='ltr'><strong>fore</strong></span> <span class='ocrx_word' id='word_1_27' title='bbox 1594 732 1659 762; x_wconf 72' lang='grc'><strong>⁸⁸⁸</strong></span> <span class='ocrx_word' id='word_1_28' title='bbox 1679 731 1845 798; x_wconf 88' lang='lat' dir='ltr'><strong>jacto,</strong></span> 
     </span>
    </p>
   </div>
   <div class='ocr_carea' id='block_1_6' title="bbox 378 819 1632 890">
    <p class='ocr_par' dir='ltr' id='par_1_6' title="bbox 378 819 1632 890">
     <span class='ocr_line' id='line_1_6' title="bbox 378 819 1632 890; baseline -0.001 -16"><span class='ocrx_word' id='word_1_29' title='bbox 378 819 449 874; x_wconf 83' lang='lat' dir='ltr'><strong>Ut</strong></span> <span class='ocrx_word' id='word_1_30' title='bbox 475 835 688 889; x_wconf 83' lang='lat' dir='ltr'><strong>sperem</strong></span> <span class='ocrx_word' id='word_1_31' title='bbox 717 820 871 890; x_wconf 88' lang='lat' dir='ltr'><strong>plene</strong></span> <span class='ocrx_word' id='word_1_32' title='bbox 905 822 1083 874; x_wconf 78' lang='lat' dir='ltr'><strong>verbis</strong></span> <span class='ocrx_word' id='word_1_33' title='bbox 1114 822 1326 875; x_wconf 85' lang='lat' dir='ltr'><strong>edicere</strong></span> <span class='ocrx_word' id='word_1_34' title='bbox 1358 822 1424 853; x_wconf 81' lang='lat'><strong>&quot;°</strong></span> <span class='ocrx_word' id='word_1_35' title='bbox 1455 836 1632 889; x_wconf 89' lang='lat' dir='ltr'><strong>posse,</strong></span> 
     </span>
    </p>
   </div>
   <div class='ocr_carea' id='block_1_7' title="bbox 377 911 1631 980">
    <p class='ocr_par' dir='ltr' id='par_1_7' title="bbox 377 911 1631 980">
     <span class='ocr_line' id='line_1_7' title="bbox 377 911 1631 980; baseline 0.001 -17"><span class='ocrx_word' id='word_1_36' title='bbox 377 913 585 977; x_wconf 87' lang='lat' dir='ltr'><strong>Quanta</strong></span> <span class='ocrx_word' id='word_1_37' title='bbox 616 914 864 980; x_wconf 72' lang='lat' dir='ltr'><strong>graciolte</strong></span> <span class='ocrx_word' id='word_1_38' title='bbox 887 911 1131 966; x_wconf 83' lang='lat' dir='ltr'><strong>Christus</strong></span> <span class='ocrx_word' id='word_1_39' title='bbox 1156 913 1354 965; x_wconf 87' lang='lat' dir='ltr'><strong>virtute</strong></span> <span class='ocrx_word' id='word_1_40' title='bbox 1384 927 1631 980; x_wconf 68' lang='lat' dir='ltr'><strong>supernre</strong></span> 
     </span>
    </p>
   </div>
   <div class='ocr_carea' id='block_1_8' title="bbox 377 999 1701 1068">
    <p class='ocr_par' dir='ltr' id='par_1_8' title="bbox 377 999 1701 1068">
     <span class='ocr_line' id='line_1_8' title="bbox 377 999 1701 1068; baseline 0.001 -18"><span class='ocrx_word' id='word_1_41' title='bbox 377 999 584 1067; x_wconf 73' lang='lat' dir='ltr'><strong>Schius</strong></span> <span class='ocrx_word' id='word_1_42' title='bbox 608 1000 746 1053; x_wconf 89' lang='lat' dir='ltr'><strong>hunc</strong></span> <span class='ocrx_word' id='word_1_43' title='bbox 778 1000 948 1068; x_wconf 89' lang='lat' dir='ltr'><strong>ipsum</strong></span> <span class='ocrx_word' id='word_1_44' title='bbox 977 1016 1150 1068; x_wconf 84' lang='lat' dir='ltr'><strong>regem</strong></span> <span class='ocrx_word' id='word_1_45' title='bbox 1182 1000 1338 1067; x_wconf 83' lang='lat' dir='ltr'><strong>digne</strong></span> <span class='ocrx_word' id='word_1_46' title='bbox 1364 1000 1701 1053; x_wconf 69' lang='lat' dir='ltr'><strong>benedictum</strong></span> 
     </span>
    </p>
   </div>
   <div class='ocr_carea' id='block_1_9' title="bbox 374 1087 1696 1156">
    <p class='ocr_par' dir='ltr' id='par_1_9' title="bbox 374 1087 1696 1156">
     <span class='ocr_line' id='line_1_9' title="bbox 374 1087 1696 1156; baseline 0.002 -17"><span class='ocrx_word' id='word_1_47' title='bbox 374 1087 522 1140; x_wconf 81' lang='lat' dir='ltr'><strong>Fecit</strong></span> <span class='ocrx_word' id='word_1_48' title='bbox 554 1087 875 1156; x_wconf 92' lang='lat' dir='ltr'><strong>multiplices</strong></span> <span class='ocrx_word' id='word_1_49' title='bbox 904 1088 1107 1141; x_wconf 86' lang='lat' dir='ltr'><strong>salvum</strong></span> <span class='ocrx_word' id='word_1_50' title='bbox 1134 1102 1451 1155; x_wconf 90' lang='lat' dir='ltr'><strong>percurrere</strong></span> <span class='ocrx_word' id='word_1_51' title='bbox 1480 1087 1696 1141; x_wconf 86' lang='lat' dir='ltr'><strong>frandes</strong></span> 
     </span>
    </p>
   </div>
   <div class='ocr_carea' id='block_1_10' title="bbox 373 1176 1501 1247">
    <p class='ocr_par' dir='ltr' id='par_1_10' title="bbox 373 1176 1501 1247">
     <span class='ocr_line' id='line_1_10' title="bbox 373 1176 1501 1247; baseline 0.002 -19"><span class='ocrx_word' id='word_1_52' title='bbox 373 1176 590 1228; x_wconf 62' lang='lat' dir='ltr'><strong>Necnon</strong></span> <span class='ocrx_word' id='word_1_53' title='bbox 622 1178 841 1230; x_wconf 78' lang='lat' dir='ltr'><strong>insidias</strong></span> <span class='ocrx_word' id='word_1_54' title='bbox 868 1178 1047 1230; x_wconf 88' lang='lat' dir='ltr'><strong>hostili</strong></span> <span class='ocrx_word' id='word_1_55' title='bbox 1080 1188 1233 1245; x_wconf 87' lang='lat' dir='ltr'><strong>parte</strong></span> <span class='ocrx_word' id='word_1_56' title='bbox 1260 1188 1501 1247; x_wconf 88' lang='lat' dir='ltr'><strong>paratas;</strong></span> 
     </span>
    </p>
   </div>
   <div class='ocr_carea' id='block_1_11' title="bbox 372 1265 1631 1336">
    <p class='ocr_par' dir='ltr' id='par_1_11' title="bbox 372 1265 1631 1336">
     <span class='ocr_line' id='line_1_11' title="bbox 372 1265 1631 1336; baseline 0.002 -17"><span class='ocrx_word' id='word_1_57' title='bbox 372 1265 476 1319; x_wconf 89' lang='lat' dir='ltr'><strong>Sed</strong></span> <span class='ocrx_word' id='word_1_58' title='bbox 507 1282 602 1320; x_wconf 87' lang='lat' dir='ltr'><strong>nec</strong></span> <span class='ocrx_word' id='word_1_59' title='bbox 634 1268 733 1321; x_wconf 91' lang='lat' dir='ltr'><strong>hoc</strong></span> <span class='ocrx_word' id='word_1_60' title='bbox 761 1267 963 1336; x_wconf 81' lang='lat' dir='ltr'><strong>fragilis</strong></span> <span class='ocrx_word' id='word_1_61' title='bbox 992 1268 1072 1320; x_wconf 91' lang='lat' dir='ltr'><strong>fas</strong></span> <span class='ocrx_word' id='word_1_62' title='bbox 1095 1282 1213 1321; x_wconf 89' lang='lat' dir='ltr'><strong>esse</strong></span> <span class='ocrx_word' id='word_1_63' title='bbox 1241 1284 1363 1321; x_wconf 88' lang='lat' dir='ltr'><strong>reor</strong></span> <span class='ocrx_word' id='word_1_64' title='bbox 1392 1270 1631 1322; x_wconf 82' lang='lat' dir='ltr'><strong>mulieris</strong></span> 
     </span>
    </p>
   </div>
   <div class='ocr_carea' id='block_1_12' title="bbox 370 1346 1447 1426">
    <p class='ocr_par' dir='ltr' id='par_1_12' title="bbox 370 1346 1447 1426">
     <span class='ocr_line' id='line_1_12' title="bbox 370 1346 1447 1426; baseline 0.003 -19"><span class='ocrx_word' id='word_1_65' title='bbox 370 1355 515 1408; x_wconf 88' lang='lat' dir='ltr'><strong>Inter</strong></span> <span class='ocrx_word' id='word_1_66' title='bbox 543 1358 771 1410; x_wconf 73' lang='lat' dir='ltr'><strong>cmnobii</strong></span> <span class='ocrx_word' id='word_1_67' title='bbox 805 1359 991 1424; x_wconf 69' lang='lat' dir='ltr'><strong>positze</strong></span> <span class='ocrx_word' id='word_1_68' title='bbox 1019 1370 1223 1412; x_wconf 87' lang='lat' dir='ltr'><strong>secreta</strong></span> <span class='ocrx_word' id='word_1_69' title='bbox 1256 1346 1447 1426; x_wconf 84' lang='lat' dir='ltr'><strong>quieti,</strong></span> 
     </span>
    </p>
   </div>
   <div class='ocr_carea' id='block_1_13' title="bbox 370 1441 1764 1515">
    <p class='ocr_par' dir='ltr' id='par_1_13' title="bbox 370 1441 1764 1515">
     <span class='ocr_line' id='line_1_13' title="bbox 370 1441 1764 1515; baseline 0.003 -20"><span class='ocrx_word' id='word_1_70' title='bbox 370 1441 437 1495; x_wconf 87' lang='lat' dir='ltr'><strong>Ut</strong></span> <span class='ocrx_word' id='word_1_71' title='bbox 468 1442 662 1496; x_wconf 87' lang='lat' dir='ltr'><strong>bellum</strong></span> <span class='ocrx_word' id='word_1_72' title='bbox 700 1444 885 1503; x_wconf 88' lang='lat' dir='ltr'><strong>dictet,</strong></span> <span class='ocrx_word' id='word_1_73' title='bbox 916 1446 1055 1512; x_wconf 86' lang='lat' dir='ltr'><strong>quod</strong></span> <span class='ocrx_word' id='word_1_74' title='bbox 1089 1462 1192 1498; x_wconf 91' lang='lat' dir='ltr'><strong>non</strong></span> <span class='ocrx_word' id='word_1_75' title='bbox 1228 1460 1551 1515; x_wconf 82' lang='lat' dir='ltr'><strong>cognoscere</strong></span> <span class='ocrx_word' id='word_1_76' title='bbox 1581 1447 1764 1500; x_wconf 84' lang='lat' dir='ltr'><strong>debet:</strong></span> 
     </span>
    </p>
   </div>
   <div class='ocr_carea' id='block_1_14' title="bbox 368 1533 1731 1603">
    <p class='ocr_par' dir='ltr' id='par_1_14' title="bbox 368 1533 1731 1603">
     <span class='ocr_line' id='line_1_14' title="bbox 368 1533 1731 1603; baseline 0.004 -17"><span class='ocrx_word' id='word_1_77' title='bbox 368 1533 491 1588; x_wconf 70' lang='lat' dir='ltr'><strong>&quot;me</strong></span> <span class='ocrx_word' id='word_1_78' title='bbox 523 1534 885 1603; x_wconf 79' lang='lat' dir='ltr'><strong>perfectorem</strong></span> <span class='ocrx_word' id='word_1_79' title='bbox 916 1546 1041 1590; x_wconf 87' lang='lat' dir='ltr'><strong>sunt</strong></span> <span class='ocrx_word' id='word_1_80' title='bbox 1070 1539 1434 1591; x_wconf 87' lang='lat' dir='ltr'><strong>conservanda</strong></span> <span class='ocrx_word' id='word_1_81' title='bbox 1471 1542 1731 1592; x_wconf 89' lang='lat' dir='ltr'><strong>virorum.</strong></span> 
     </span>
    </p>
   </div>
   <div class='ocr_carea' id='block_1_15' title="bbox 364 1623 1839 1695">
    <p class='ocr_par' dir='ltr' id='par_1_15' title="bbox 364 1623 1839 1695">
     <span class='ocr_line' id='line_1_15' title="bbox 364 1623 1839 1695; baseline 0.001 -18"><span class='ocrx_word' id='word_1_82' title='bbox 364 1623 696 1692; x_wconf 88' lang='lat' dir='ltr'><strong>Principium</strong></span> <span class='ocrx_word' id='word_1_83' title='bbox 725 1624 865 1692; x_wconf 90' lang='lat' dir='ltr'><strong>quod</strong></span> <span class='ocrx_word' id='word_1_84' title='bbox 893 1630 1211 1679; x_wconf 87' lang='lat' dir='ltr'><strong>cnnetoruni</strong></span> <span class='ocrx_word' id='word_1_85' title='bbox 1246 1627 1365 1679; x_wconf 87' lang='lat' dir='ltr'><strong>finis</strong></span> <span class='ocrx_word' id='word_1_86' title='bbox 1394 1643 1607 1695; x_wconf 91' lang='lat' dir='ltr'><strong>quoque</strong></span> <span class='ocrx_word' id='word_1_87' title='bbox 1637 1643 1839 1695; x_wconf 66' lang='lat' dir='ltr'><strong>regina,</strong></span> 
     </span>
    </p>
   </div>
   <div class='ocr_carea' id='block_1_16' title="bbox 364 1712 1683 1785">
    <p class='ocr_par' dir='ltr' id='par_1_16' title="bbox 364 1712 1683 1785">
     <span class='ocr_line' id='line_1_16' title="bbox 364 1712 1683 1785; baseline 0.003 -19"><span class='ocrx_word' id='word_1_88' title='bbox 364 1712 478 1767; x_wconf 79' lang='lat' dir='ltr'><strong>Hoc</strong></span> <span class='ocrx_word' id='word_1_89' title='bbox 518 1714 637 1766; x_wconf 88' lang='lat' dir='ltr'><strong>dico</strong></span> <span class='ocrx_word' id='word_1_90' title='bbox 664 1714 855 1775; x_wconf 86' lang='lat' dir='ltr'><strong>solum.</strong></span> <span class='ocrx_word' id='word_1_91' title='bbox 886 1726 1030 1769; x_wconf 90' lang='lat' dir='ltr'><strong>recte</strong></span> <span class='ocrx_word' id='word_1_92' title='bbox 1058 1719 1196 1784; x_wconf 87' lang='lat' dir='ltr'><strong>quod</strong></span> <span class='ocrx_word' id='word_1_93' title='bbox 1232 1718 1412 1771; x_wconf 89' lang='lat' dir='ltr'><strong>dicere</strong></span> <span class='ocrx_word' id='word_1_94' title='bbox 1446 1733 1683 1785; x_wconf 88' lang='lat' dir='ltr'><strong>possum.</strong></span> 
     </span>
    </p>
   </div>
   <div class='ocr_carea' id='block_1_17' title="bbox 365 1805 1694 1876">
    <p class='ocr_par' dir='ltr' id='par_1_17' title="bbox 365 1805 1694 1876">
     <span class='ocr_line' id='line_1_17' title="bbox 365 1805 1694 1876; baseline 0.003 -19"><span class='ocrx_word' id='word_1_95' title='bbox 365 1805 559 1859; x_wconf 84' lang='lat' dir='ltr'><strong>Sudori</strong></span> <span class='ocrx_word' id='word_1_96' title='bbox 598 1806 718 1873; x_wconf 86' lang='lat' dir='ltr'><strong>quis</strong></span> <span class='ocrx_word' id='word_1_97' title='bbox 750 1807 813 1843; x_wconf 76' lang='grc' dir='ltr'><strong>ι⁹¹</strong></span> <span class='ocrx_word' id='word_1_98' title='bbox 841 1821 998 1875; x_wconf 86' lang='lat' dir='ltr'><strong>posse</strong></span> <span class='ocrx_word' id='word_1_99' title='bbox 1029 1809 1174 1861; x_wconf 81' lang='lat' dir='ltr'><strong>dedit</strong></span> <span class='ocrx_word' id='word_1_100' title='bbox 1207 1810 1467 1876; x_wconf 88' lang='lat' dir='ltr'><strong>sapientia</strong></span> <span class='ocrx_word' id='word_1_101' title='bbox 1500 1810 1694 1861; x_wconf 83' lang='lat' dir='ltr'><strong>mentis</strong></span> 
     </span>
    </p>
   </div>
   <div class='ocr_carea' id='block_1_18' title="bbox 361 1893 1661 1964">
    <p class='ocr_par' dir='ltr' id='par_1_18' title="bbox 361 1893 1661 1964">
     <span class='ocr_line' id='line_1_18' title="bbox 361 1893 1661 1964; baseline 0.002 -17"><span class='ocrx_word' id='word_1_102' title='bbox 361 1893 553 1947; x_wconf 73' lang='lat' dir='ltr'><strong>Omzzia</strong></span> <span class='ocrx_word' id='word_1_103' title='bbox 586 1896 899 1963; x_wconf 83' lang='lat' dir='ltr'><strong>compositis</strong></span> <span class='ocrx_word' id='word_1_104' title='bbox 926 1897 1197 1964; x_wconf 86' lang='lat' dir='ltr'><strong>sapienter</strong></span> <span class='ocrx_word' id='word_1_105' title='bbox 1231 1898 1413 1951; x_wconf 79' lang='lat' dir='ltr'><strong>dicere</strong></span> <span class='ocrx_word' id='word_1_106' title='bbox 1443 1899 1661 1951; x_wconf 88' lang='lat' dir='ltr'><strong>verbis?</strong></span> 
     </span>
    </p>
   </div>
   <div class='ocr_carea' id='block_1_19' title="bbox 363 1983 1604 2054">
    <p class='ocr_par' dir='ltr' id='par_1_19' title="bbox 363 1983 1604 2054">
     <span class='ocr_line' id='line_1_19' title="bbox 363 1983 1604 2054; baseline 0.005 -20"><span class='ocrx_word' id='word_1_107' title='bbox 363 1983 462 2048; x_wconf 84' lang='lat' dir='ltr'><strong>Qui</strong></span> <span class='ocrx_word' id='word_1_108' title='bbox 501 1984 647 2037; x_wconf 84' lang='lat' dir='ltr'><strong>Solus</strong></span> <span class='ocrx_word' id='word_1_109' title='bbox 670 1999 885 2051; x_wconf 88' lang='lat' dir='ltr'><strong>semper</strong></span> <span class='ocrx_word' id='word_1_110' title='bbox 911 1983 1038 2038; x_wconf 86' lang='lat' dir='ltr'><strong>fecit</strong></span> <span class='ocrx_word' id='word_1_111' title='bbox 1064 1986 1304 2039; x_wconf 89' lang='lat' dir='ltr'><strong>miranda</strong></span> <span class='ocrx_word' id='word_1_112' title='bbox 1341 1997 1604 2054; x_wconf 88' lang='lat' dir='ltr'><strong>potenter.</strong></span> 
     </span>
    </p>
   </div>
   <div class='ocr_carea' id='block_1_20' title="bbox 361 2074 1727 2144">
    <p class='ocr_par' dir='ltr' id='par_1_20' title="bbox 361 2074 1727 2144">
     <span class='ocr_line' id='line_1_20' title="bbox 361 2074 1727 2144; baseline 0.005 -20"><span class='ocrx_word' id='word_1_113' title='bbox 361 2074 571 2140; x_wconf 83' lang='lat' dir='ltr'><strong>Quique</strong></span> <span class='ocrx_word' id='word_1_114' title='bbox 604 2074 766 2127; x_wconf 90' lang='lat' dir='ltr'><strong>David</strong></span> <span class='ocrx_word' id='word_1_115' title='bbox 802 2090 980 2144; x_wconf 81' lang='lat' dir='ltr'><strong>regem</strong></span> <span class='ocrx_word' id='word_1_116' title='bbox 1017 2077 1173 2128; x_wconf 92' lang='lat' dir='ltr'><strong>toties</strong></span> <span class='ocrx_word' id='word_1_117' title='bbox 1201 2077 1265 2130; x_wconf 91' lang='lat' dir='ltr'><strong>de</strong></span> <span class='ocrx_word' id='word_1_118' title='bbox 1298 2078 1486 2131; x_wconf 88' lang='lat' dir='ltr'><strong>fraude</strong></span> <span class='ocrx_word' id='word_1_119' title='bbox 1520 2077 1727 2131; x_wconf 84' lang='lat' dir='ltr'><strong>fidelem</strong></span> 
     </span>
    </p>
   </div>
   <div class='ocr_carea' id='block_1_21' title="bbox 361 2163 1608 2235">
    <p class='ocr_par' dir='ltr' id='par_1_21' title="bbox 361 2163 1608 2235">
     <span class='ocr_line' id='line_1_21' title="bbox 361 2163 1608 2235; baseline 0.001 -19"><span class='ocrx_word' id='word_1_120' title='bbox 361 2164 609 2231; x_wconf 79' lang='lat' dir='ltr'><strong>Eripiens</strong></span> <span class='ocrx_word' id='word_1_121' title='bbox 635 2163 805 2225; x_wconf 85' lang='lat' dir='ltr'><strong>Sauli.</strong></span> <span class='ocrx_word' id='word_1_122' title='bbox 835 2174 1104 2232; x_wconf 83' lang='lat' dir='ltr'><strong>sceptrum</strong></span> <span class='ocrx_word' id='word_1_123' title='bbox 1132 2166 1278 2233; x_wconf 86' lang='lat' dir='ltr'><strong>regni</strong></span> <span class='ocrx_word' id='word_1_124' title='bbox 1308 2166 1455 2219; x_wconf 91' lang='lat' dir='ltr'><strong>dedit</strong></span> <span class='ocrx_word' id='word_1_125' title='bbox 1488 2168 1608 2235; x_wconf 85' lang='lat' dir='ltr'><strong>ipsi.</strong></span> 
     </span>
    </p>
   </div>
   <div class='ocr_carea' id='block_1_22' title="bbox 360 2253 1867 2327">
    <p class='ocr_par' dir='ltr' id='par_1_22' title="bbox 360 2253 1867 2327">
     <span class='ocr_line' id='line_1_22' title="bbox 360 2253 1867 2327; baseline 0.005 -23"><span class='ocrx_word' id='word_1_126' title='bbox 360 2253 512 2306; x_wconf 88' lang='lat' dir='ltr'><strong>Ilnne</strong></span> <span class='ocrx_word' id='word_1_127' title='bbox 543 2256 743 2322; x_wconf 89' lang='lat' dir='ltr'><strong>pariter</strong></span> <span class='ocrx_word' id='word_1_128' title='bbox 776 2271 951 2325; x_wconf 82' lang='lat' dir='ltr'><strong>regem</strong></span> <span class='ocrx_word' id='word_1_129' title='bbox 985 2257 1093 2324; x_wconf 79' lang='lat'><strong>(58)</strong></span> <span class='ocrx_word' id='word_1_130' title='bbox 1130 2256 1293 2310; x_wconf 89' lang='lat' dir='ltr'><strong>David</strong></span> <span class='ocrx_word' id='word_1_131' title='bbox 1326 2259 1523 2325; x_wconf 88' lang='lat' dir='ltr'><strong>pietate</strong></span> <span class='ocrx_word' id='word_1_132' title='bbox 1556 2269 1867 2327; x_wconf 85' lang='lat' dir='ltr'><strong>sequentem</strong></span> 
     </span>
    </p>
   </div>
   <div class='ocr_carea' id='block_1_23' title="bbox 359 2340 1487 2415">
    <p class='ocr_par' dir='ltr' id='par_1_23' title="bbox 359 2340 1487 2415">
     <span class='ocr_line' id='line_1_23' title="bbox 359 2340 1487 2415; baseline 0.007 -23"><span class='ocrx_word' id='word_1_133' title='bbox 359 2340 605 2395; x_wconf 75' lang='lat' dir='ltr'><strong>Protexit</strong></span> <span class='ocrx_word' id='word_1_134' title='bbox 635 2344 700 2396; x_wconf 89' lang='lat' dir='ltr'><strong>de</strong></span> <span class='ocrx_word' id='word_1_135' title='bbox 726 2344 956 2396; x_wconf 90' lang='lat' dir='ltr'><strong>milleuis</strong></span> <span class='ocrx_word' id='word_1_136' title='bbox 982 2360 1217 2414; x_wconf 65' lang='lat' dir='ltr'><strong>persa&#39;pe</strong></span> <span class='ocrx_word' id='word_1_137' title='bbox 1250 2347 1487 2415; x_wconf 88' lang='lat' dir='ltr'><strong>periclis.</strong></span> 
     </span>
    </p>
   </div>
   <div class='ocr_carea' id='block_1_24' title="bbox 358 2429 1685 2504">
    <p class='ocr_par' dir='ltr' id='par_1_24' title="bbox 358 2429 1685 2504">
     <span class='ocr_line' id='line_1_24' title="bbox 358 2429 1685 2504; baseline 0.005 -21"><span class='ocrx_word' id='word_1_138' title='bbox 358 2429 599 2500; x_wconf 75' lang='lat' dir='ltr'><strong>Denique</strong></span> <span class='ocrx_word' id='word_1_139' title='bbox 626 2449 747 2487; x_wconf 90' lang='lat' dir='ltr'><strong>cum</strong></span> <span class='ocrx_word' id='word_1_140' title='bbox 778 2433 942 2497; x_wconf 77' lang='lat' dir='ltr'><strong>solus.</strong></span> <span class='ocrx_word' id='word_1_141' title='bbox 974 2450 1243 2503; x_wconf 90' lang='lat' dir='ltr'><strong>perpauco</strong></span> <span class='ocrx_word' id='word_1_142' title='bbox 1272 2435 1441 2487; x_wconf 91' lang='lat' dir='ltr'><strong>milite</strong></span> <span class='ocrx_word' id='word_1_143' title='bbox 1480 2446 1685 2504; x_wconf 87' lang='lat' dir='ltr'><strong>scptns,</strong></span> 
     </span>
    </p>
   </div>
   <div class='ocr_carea' id='block_1_25' title="bbox 356 2519 1793 2593">
    <p class='ocr_par' dir='ltr' id='par_1_25' title="bbox 356 2519 1793 2593">
     <span class='ocr_line' id='line_1_25' title="bbox 356 2519 1793 2593; baseline -0.001 -20"><span class='ocrx_word' id='word_1_144' title='bbox 356 2519 514 2573; x_wconf 79' lang='lat' dir='ltr'><strong>Esset</strong></span> <span class='ocrx_word' id='word_1_145' title='bbox 545 2522 611 2574; x_wconf 87' lang='lat' dir='ltr'><strong>ab</strong></span> <span class='ocrx_word' id='word_1_146' title='bbox 640 2522 881 2574; x_wconf 80' lang='lat' dir='ltr'><strong>adversis</strong></span> <span class='ocrx_word' id='word_1_147' title='bbox 909 2524 1274 2575; x_wconf 82' lang='lat' dir='ltr'><strong>circnnnlatus</strong></span> <span class='ocrx_word' id='word_1_148' title='bbox 1316 2526 1549 2593; x_wconf 88' lang='lat' dir='ltr'><strong>undique</strong></span> <span class='ocrx_word' id='word_1_149' title='bbox 1583 2526 1793 2585; x_wconf 59' lang='lat' dir='ltr'><strong>turmis.</strong></span> 
     </span>
    </p>
   </div>
   <div class='ocr_carea' id='block_1_26' title="bbox 355 2609 1832 2682">
    <p class='ocr_par' dir='ltr' id='par_1_26' title="bbox 355 2609 1832 2682">
     <span class='ocr_line' id='line_1_26' title="bbox 355 2609 1832 2682; baseline 0.005 -21"><span class='ocrx_word' id='word_1_150' title='bbox 355 2609 579 2681; x_wconf 84' lang='lat' dir='ltr'><strong>Insuper</strong></span> <span class='ocrx_word' id='word_1_151' title='bbox 608 2622 770 2681; x_wconf 84' lang='lat' dir='ltr'><strong>atque</strong></span> <span class='ocrx_word' id='word_1_152' title='bbox 800 2612 977 2679; x_wconf 79' lang='lat' dir='ltr'><strong>fugam</strong></span> <span class='ocrx_word' id='word_1_153' title='bbox 1009 2615 1237 2681; x_wconf 83' lang='lat' dir='ltr'><strong>propriae</strong></span> <span class='ocrx_word' id='word_1_154' title='bbox 1264 2616 1431 2682; x_wconf 84' lang='lat' dir='ltr'><strong>partis</strong></span> <span class='ocrx_word' id='word_1_155' title='bbox 1470 2614 1605 2668; x_wconf 91' lang='lat' dir='ltr'><strong>male</strong></span> <span class='ocrx_word' id='word_1_156' title='bbox 1637 2615 1832 2668; x_wconf 83' lang='lat' dir='ltr'><strong>factam</strong></span> 
     </span>
    </p>
   </div>
   <div class='ocr_carea' id='block_1_27' title="bbox 356 2699 1660 2772">
    <p class='ocr_par' dir='ltr' id='par_1_27' title="bbox 356 2699 1660 2772">
     <span class='ocr_line' id='line_1_27' title="bbox 356 2699 1660 2772; baseline 0.003 -20"><span class='ocrx_word' id='word_1_157' title='bbox 356 2699 585 2754; x_wconf 81' lang='lat' dir='ltr'><strong>Pectore</strong></span> <span class='ocrx_word' id='word_1_158' title='bbox 617 2704 861 2754; x_wconf 64' lang='lat' dir='ltr'><strong>mearenti</strong></span> <span class='ocrx_word' id='word_1_159' title='bbox 890 2702 1054 2754; x_wconf 86' lang='lat' dir='ltr'><strong>ferret</strong></span> <span class='ocrx_word' id='word_1_160' title='bbox 1080 2704 1410 2772; x_wconf 89' lang='lat' dir='ltr'><strong>nimiumque</strong></span> <span class='ocrx_word' id='word_1_161' title='bbox 1441 2705 1660 2769; x_wconf 57' lang='lat' dir='ltr'><strong>dolenti,</strong></span> 
     </span>
    </p>
   </div>
   <div class='ocr_carea' id='block_1_28' title="bbox 354 2789 1655 2862">
    <p class='ocr_par' dir='ltr' id='par_1_28' title="bbox 354 2789 1655 2862">
     <span class='ocr_line' id='line_1_28' title="bbox 354 2789 1655 2862; baseline 0.005 -21"><span class='ocrx_word' id='word_1_162' title='bbox 354 2789 592 2843; x_wconf 87' lang='lat' dir='ltr'><strong>Credere</strong></span> <span class='ocrx_word' id='word_1_163' title='bbox 621 2805 717 2844; x_wconf 90' lang='lat' dir='ltr'><strong>nec</strong></span> <span class='ocrx_word' id='word_1_164' title='bbox 748 2792 934 2858; x_wconf 86' lang='lat' dir='ltr'><strong>paucis</strong></span> <span class='ocrx_word' id='word_1_165' title='bbox 971 2807 1086 2845; x_wconf 88' lang='lat' dir='ltr'><strong>sese</strong></span> <span class='ocrx_word' id='word_1_166' title='bbox 1116 2803 1466 2861; x_wconf 48' lang='lat' dir='ltr'><strong>praesumeret</strong></span> <span class='ocrx_word' id='word_1_167' title='bbox 1504 2795 1655 2862; x_wconf 88' lang='lat' dir='ltr'><strong>ipsis,</strong></span> 
     </span>
    </p>
   </div>
   <div class='ocr_carea' id='block_1_29' title="bbox 351 2879 1614 2954">
    <p class='ocr_par' dir='ltr' id='par_1_29' title="bbox 351 2879 1614 2954">
     <span class='ocr_line' id='line_1_29' title="bbox 351 2879 1614 2954; baseline 0.006 -23"><span class='ocrx_word' id='word_1_168' title='bbox 351 2879 507 2933; x_wconf 89' lang='lat' dir='ltr'><strong>Illum</strong></span> <span class='ocrx_word' id='word_1_169' title='bbox 540 2883 627 2949; x_wconf 89' lang='lat' dir='ltr'><strong>qui</strong></span> <span class='ocrx_word' id='word_1_170' title='bbox 659 2882 881 2951; x_wconf 87' lang='lat' dir='ltr'><strong>reliquis</strong></span> <span class='ocrx_word' id='word_1_171' title='bbox 909 2898 1015 2936; x_wconf 90' lang='lat' dir='ltr'><strong>non</strong></span> <span class='ocrx_word' id='word_1_172' title='bbox 1056 2886 1339 2939; x_wconf 89' lang='lat' dir='ltr'><strong>deseruere</strong></span> <span class='ocrx_word' id='word_1_173' title='bbox 1370 2886 1614 2954; x_wconf 84' lang='lat' dir='ltr'><strong>relapsis.</strong></span> 
     </span>
    </p>
   </div>
   <div class='ocr_carea' id='block_1_30' title="bbox 354 2971 1794 3043">
    <p class='ocr_par' dir='ltr' id='par_1_30' title="bbox 354 2971 1794 3043">
     <span class='ocr_line' id='line_1_30' title="bbox 354 2971 1794 3043; baseline 0.005 -20"><span class='ocrx_word' id='word_1_174' title='bbox 354 2971 465 3025; x_wconf 84' lang='lat' dir='ltr'><strong>Sed</strong></span> <span class='ocrx_word' id='word_1_175' title='bbox 494 2982 640 3025; x_wconf 84' lang='lat' dir='ltr'><strong>ratus</strong></span> <span class='ocrx_word' id='word_1_176' title='bbox 676 2982 903 3035; x_wconf 87' lang='lat' dir='ltr'><strong>tantum,</strong></span> <span class='ocrx_word' id='word_1_177' title='bbox 938 2990 994 3027; x_wconf 90' lang='lat' dir='ltr'><strong>se</strong></span> <span class='ocrx_word' id='word_1_178' title='bbox 1021 2990 1139 3026; x_wconf 81' lang='lat' dir='ltr'><strong>mox</strong></span> <span class='ocrx_word' id='word_1_179' title='bbox 1172 2975 1405 3043; x_wconf 78' lang='lat' dir='ltr'><strong>graviter</strong></span> <span class='ocrx_word' id='word_1_180' title='bbox 1433 2976 1753 3030; x_wconf 51' lang='lat' dir='ltr'><strong>moriturus}:</strong></span> <span class='ocrx_word' id='word_1_181' title='bbox 1782 2997 1794 3030; x_wconf 88' lang='lat'><strong>:</strong></span> 
     </span>
    </p>
   </div>
   <div class='ocr_carea' id='block_1_31' title="bbox 350 3061 1402 3133">
    <p class='ocr_par' dir='ltr' id='par_1_31' title="bbox 350 3061 1402 3133">
     <span class='ocr_line' id='line_1_31' title="bbox 350 3061 1402 3133; baseline 0.004 -20"><span class='ocrx_word' id='word_1_182' title='bbox 350 3061 508 3114; x_wconf 84' lang='lat' dir='ltr'><strong>Otius</strong></span> <span class='ocrx_word' id='word_1_183' title='bbox 535 3062 715 3115; x_wconf 73' lang='lat' dir='ltr'><strong>auxilii</strong></span> <span class='ocrx_word' id='word_1_184' title='bbox 751 3062 915 3115; x_wconf 88' lang='lat' dir='ltr'><strong>fultus</strong></span> <span class='ocrx_word' id='word_1_185' title='bbox 942 3065 1139 3117; x_wconf 88' lang='lat' dir='ltr'><strong>virtute</strong></span> <span class='ocrx_word' id='word_1_186' title='bbox 1167 3066 1402 3133; x_wconf 84' lang='lat' dir='ltr'><strong>superni,</strong></span> 
     </span>
    </p>
   </div>
   <div class='ocr_carea' id='block_1_32' title="bbox 352 3151 1554 3223">
    <p class='ocr_par' dir='ltr' id='par_1_32' title="bbox 352 3151 1554 3223">
     <span class='ocr_line' id='line_1_32' title="bbox 352 3151 1554 3223; baseline 0.007 -20"><span class='ocrx_word' id='word_1_187' title='bbox 352 3151 585 3203; x_wconf 78' lang='lat' dir='ltr'><strong>Idiratnr</strong></span> <span class='ocrx_word' id='word_1_188' title='bbox 616 3154 783 3207; x_wconf 68' lang='lat' dir='ltr'><strong>lnrbre</strong></span> <span class='ocrx_word' id='word_1_189' title='bbox 807 3168 863 3206; x_wconf 90' lang='lat' dir='ltr'><strong>se</strong></span> <span class='ocrx_word' id='word_1_190' title='bbox 888 3152 999 3218; x_wconf 87' lang='lat' dir='ltr'><strong>jam</strong></span> <span class='ocrx_word' id='word_1_191' title='bbox 1033 3170 1289 3223; x_wconf 83' lang='lat' dir='ltr'><strong>superare</strong></span> <span class='ocrx_word' id='word_1_192' title='bbox 1316 3168 1554 3211; x_wconf 64' lang='lat' dir='ltr'><strong>cruenta:</strong></span> 
     </span>
    </p>
   </div>
   <div class='ocr_carea' id='block_1_33' title="bbox 352 3240 1687 3309">
    <p class='ocr_par' dir='ltr' id='par_1_33' title="bbox 352 3240 1687 3309">
     <span class='ocr_line' id='line_1_33' title="bbox 352 3240 1687 3309; baseline 0.006 -16"><span class='ocrx_word' id='word_1_193' title='bbox 352 3240 562 3293; x_wconf 87' lang='lat' dir='ltr'><strong>Tantas</strong></span> <span class='ocrx_word' id='word_1_194' title='bbox 593 3241 796 3309; x_wconf 83' lang='lat' dir='ltr'><strong>absque</strong></span> <span class='ocrx_word' id='word_1_195' title='bbox 829 3259 937 3295; x_wconf 76' lang='lat' dir='ltr'><strong>sine</strong></span> <span class='ocrx_word' id='word_1_196' title='bbox 963 3242 1176 3296; x_wconf 81' lang='lat' dir='ltr'><strong>fraudes</strong></span> <span class='ocrx_word' id='word_1_197' title='bbox 1208 3247 1519 3300; x_wconf 89' lang='lat' dir='ltr'><strong>discrimine</strong></span> <span class='ocrx_word' id='word_1_198' title='bbox 1548 3249 1687 3301; x_wconf 73' lang='lat' dir='ltr'><strong>vine.</strong></span> 
     </span>
    </p>
   </div>
   <div class='ocr_carea' id='block_1_34' title="bbox 348 3331 1620 3401">
    <p class='ocr_par' dir='ltr' id='par_1_34' title="bbox 348 3331 1620 3401">
     <span class='ocr_line' id='line_1_34' title="bbox 348 3331 1620 3401; baseline 0.006 -20"><span class='ocrx_word' id='word_1_199' title='bbox 348 3332 425 3382; x_wconf 82' lang='lat' dir='ltr'><strong>At</strong></span> <span class='ocrx_word' id='word_1_200' title='bbox 452 3331 498 3383; x_wconf 88' lang='lat' dir='ltr'><strong>si</strong></span> <span class='ocrx_word' id='word_1_201' title='bbox 532 3331 671 3384; x_wconf 90' lang='lat' dir='ltr'><strong>forte</strong></span> <span class='ocrx_word' id='word_1_202' title='bbox 701 3348 849 3392; x_wconf 87' lang='lat' dir='ltr'><strong>suos,</strong></span> <span class='ocrx_word' id='word_1_203' title='bbox 876 3348 1049 3399; x_wconf 79' lang='lat' dir='ltr'><strong>pugna</strong></span> <span class='ocrx_word' id='word_1_204' title='bbox 1078 3346 1350 3388; x_wconf 88' lang='lat' dir='ltr'><strong>crescente</strong></span> <span class='ocrx_word' id='word_1_205' title='bbox 1379 3336 1620 3401; x_wconf 86' lang='lat' dir='ltr'><strong>sinistra,</strong></span> 
     </span>
    </p>
   </div>
   <div class='ocr_carea' id='block_1_35' title="bbox 348 3420 1415 3487">
    <p class='ocr_par' dir='ltr' id='par_1_35' title="bbox 348 3420 1415 3487">
     <span class='ocr_line' id='line_1_35' title="bbox 348 3420 1415 3487; baseline 0.006 -15"><span class='ocrx_word' id='word_1_206' title='bbox 348 3420 573 3472; x_wconf 82' lang='lat' dir='ltr'><strong>Andivit</strong></span> <span class='ocrx_word' id='word_1_207' title='bbox 598 3421 773 3473; x_wconf 83' lang='lat' dir='ltr'><strong>socios</strong></span> <span class='ocrx_word' id='word_1_208' title='bbox 806 3421 961 3473; x_wconf 81' lang='lat' dir='ltr'><strong>laetali</strong></span> <span class='ocrx_word' id='word_1_209' title='bbox 989 3423 1209 3475; x_wconf 88' lang='lat' dir='ltr'><strong>vulnere</strong></span> <span class='ocrx_word' id='word_1_210' title='bbox 1241 3424 1415 3487; x_wconf 67' lang='lat' dir='ltr'><strong>laesos,</strong></span> 
     </span>
    </p>
   </div>
   <div class='ocr_carea' id='block_1_36' title="bbox 348 3506 1622 3577">
    <p class='ocr_par' dir='ltr' id='par_1_36' title="bbox 348 3506 1622 3577">
     <span class='ocr_line' id='line_1_36' title="bbox 348 3506 1622 3577; baseline 0.006 -18"><span class='ocrx_word' id='word_1_211' title='bbox 348 3506 606 3560; x_wconf 67' lang='lat' dir='ltr'><strong>Przedicti</strong></span> <span class='ocrx_word' id='word_1_212' title='bbox 638 3509 774 3577; x_wconf 74' lang='lat' dir='ltr'><strong>regis</strong></span> <span class='ocrx_word' id='word_1_213' title='bbox 801 3508 1090 3562; x_wconf 88' lang='lat' dir='ltr'><strong>lacrimans</strong></span> <span class='ocrx_word' id='word_1_214' title='bbox 1121 3527 1240 3563; x_wconf 79' lang='lat' dir='ltr'><strong>mox</strong></span> <span class='ocrx_word' id='word_1_215' title='bbox 1270 3512 1439 3565; x_wconf 89' lang='lat' dir='ltr'><strong>utitur</strong></span> <span class='ocrx_word' id='word_1_216' title='bbox 1464 3515 1622 3574; x_wconf 83' lang='lat' dir='ltr'><strong>orsis.</strong></span> 
     </span>
    </p>
   </div>
   <div class='ocr_carea' id='block_1_37' title="bbox 349 3596 1709 3667">
    <p class='ocr_par' dir='ltr' id='par_1_37' title="bbox 349 3596 1709 3667">
     <span class='ocr_line' id='line_1_37' title="bbox 349 3596 1709 3667; baseline 0.008 -21"><span class='ocrx_word' id='word_1_217' title='bbox 349 3596 487 3660; x_wconf 74' lang='lat' dir='ltr'><strong>Quze</strong></span> <span class='ocrx_word' id='word_1_218' title='bbox 519 3610 752 3649; x_wconf 69' lang='lat' dir='ltr'><strong>maerens</strong></span> <span class='ocrx_word' id='word_1_219' title='bbox 787 3597 939 3656; x_wconf 79' lang='lat' dir='ltr'><strong>dixit.</strong></span> <span class='ocrx_word' id='word_1_220' title='bbox 977 3598 1115 3650; x_wconf 89' lang='lat' dir='ltr'><strong>tristi</strong></span> <span class='ocrx_word' id='word_1_221' title='bbox 1142 3615 1263 3651; x_wconf 88' lang='lat' dir='ltr'><strong>cum</strong></span> <span class='ocrx_word' id='word_1_222' title='bbox 1294 3610 1511 3667; x_wconf 89' lang='lat' dir='ltr'><strong>pectore</strong></span> <span class='ocrx_word' id='word_1_223' title='bbox 1542 3606 1709 3658; x_wconf 80' lang='lat' dir='ltr'><strong>sensit</strong></span> 
     </span>
    </p>
   </div>
   <div class='ocr_carea' id='block_1_38' title="bbox 347 3691 1654 3763">
    <p class='ocr_par' dir='ltr' id='par_1_38' title="bbox 347 3691 1654 3763">
     <span class='ocr_line' id='line_1_38' title="bbox 347 3691 1654 3763; baseline 0.003 -18"><span class='ocrx_word' id='word_1_224' title='bbox 347 3691 555 3755; x_wconf 80' lang='lat' dir='ltr'><strong>Ictibus</strong></span> <span class='ocrx_word' id='word_1_225' title='bbox 590 3692 814 3761; x_wconf 85' lang='lat' dir='ltr'><strong>angelici</strong></span> <span class='ocrx_word' id='word_1_226' title='bbox 846 3692 1097 3760; x_wconf 89' lang='lat' dir='ltr'><strong>populum</strong></span> <span class='ocrx_word' id='word_1_227' title='bbox 1133 3694 1291 3762; x_wconf 87' lang='lat' dir='ltr'><strong>gladii</strong></span> <span class='ocrx_word' id='word_1_228' title='bbox 1320 3697 1654 3763; x_wconf 87' lang='lat' dir='ltr'><strong>periturum:</strong></span> 
     </span>
    </p>
   </div>
   <div class='ocr_carea' id='block_1_39' title="bbox 355 3782 1829 3857">
    <p class='ocr_par' dir='ltr' id='par_1_39' title="bbox 355 3782 1829 3857">
     <span class='ocr_line' id='line_1_39' title="bbox 355 3782 1829 3857; baseline 0.004 -26"><span class='ocrx_word' id='word_1_229' title='bbox 355 3799 373 3831; x_wconf 72' lang='grc' dir='ltr'><strong>ι</strong></span> <span class='ocrx_word' id='word_1_230' title='bbox 409 3782 514 3843; x_wconf 84' lang='grc' dir='ltr'><strong>Εη,</strong></span> <span class='ocrx_word' id='word_1_231' title='bbox 548 3783 635 3849; x_wconf 80' lang='lat' dir='ltr'><strong>qui</strong></span> <span class='ocrx_word' id='word_1_232' title='bbox 670 3783 910 3849; x_wconf 85' lang='lat' dir='ltr'><strong>peccavi,</strong></span> <span class='ocrx_word' id='word_1_233' title='bbox 946 3783 1100 3845; x_wconf 80' lang='lat' dir='ltr'><strong>divit.</strong></span> <span class='ocrx_word' id='word_1_234' title='bbox 1130 3783 1444 3854; x_wconf 88' lang='lat' dir='ltr'><strong>facinusque</strong></span> <span class='ocrx_word' id='word_1_235' title='bbox 1477 3789 1653 3856; x_wconf 86' lang='lat' dir='ltr'><strong>peregi</strong></span> <span class='ocrx_word' id='word_1_236' title='bbox 1699 3788 1829 3857; x_wconf 65' lang='lat' dir='ltr'><strong>(an),</strong></span> 
     </span>
    </p>
   </div>
   <div class='ocr_carea' id='block_1_40' title="bbox 349 3869 1754 3943">
    <p class='ocr_par' dir='ltr' id='par_1_40' title="bbox 349 3869 1754 3943">
     <span class='ocr_line' id='line_1_40' title="bbox 349 3869 1754 3943; baseline 0.005 -21"><span class='ocrx_word' id='word_1_237' title='bbox 349 3869 497 3923; x_wconf 86' lang='lat' dir='ltr'><strong>Ilinc</strong></span> <span class='ocrx_word' id='word_1_238' title='bbox 521 3884 619 3936; x_wconf 80' lang='lat' dir='ltr'><strong>ego</strong></span> <span class='ocrx_word' id='word_1_239' title='bbox 650 3871 897 3924; x_wconf 71' lang='lat' dir='ltr'><strong>vindicta:</strong></span> <span class='ocrx_word' id='word_1_240' title='bbox 927 3871 1119 3940; x_wconf 82' lang='lat' dir='ltr'><strong>dignus</strong></span> <span class='ocrx_word' id='word_1_241' title='bbox 1154 3888 1271 3925; x_wconf 91' lang='lat' dir='ltr'><strong>sum</strong></span> <span class='ocrx_word' id='word_1_242' title='bbox 1303 3875 1534 3943; x_wconf 88' lang='lat' dir='ltr'><strong>denique</strong></span> <span class='ocrx_word' id='word_1_243' title='bbox 1563 3880 1754 3930; x_wconf 58' lang='lat' dir='ltr'><strong>tante!</strong></span> 
     </span>
    </p>
   </div>
   <div class='ocr_carea' id='block_1_41' title="bbox 351 3956 1699 4028">
    <p class='ocr_par' dir='ltr' id='par_1_41' title="bbox 351 3956 1699 4028">
     <span class='ocr_line' id='line_1_41' title="bbox 351 3956 1699 4028; baseline 0.007 -19"><span class='ocrx_word' id='word_1_244' title='bbox 351 3957 419 4010; x_wconf 83' lang='lat' dir='ltr'><strong>lli</strong></span> <span class='ocrx_word' id='word_1_245' title='bbox 452 3958 579 4026; x_wconf 80' lang='lat' dir='ltr'><strong>quid</strong></span> <span class='ocrx_word' id='word_1_246' title='bbox 610 3956 853 4012; x_wconf 81' lang='lat' dir='ltr'><strong>fecerunt</strong></span> <span class='ocrx_word' id='word_1_247' title='bbox 878 3960 1132 4013; x_wconf 85' lang='lat' dir='ltr'><strong>damnum</strong></span> <span class='ocrx_word' id='word_1_248' title='bbox 1161 3963 1249 4028; x_wconf 87' lang='lat' dir='ltr'><strong>qui</strong></span> <span class='ocrx_word' id='word_1_249' title='bbox 1291 3963 1396 4016; x_wconf 89' lang='lat' dir='ltr'><strong>tale</strong></span> <span class='ocrx_word' id='word_1_250' title='bbox 1429 3964 1699 4018; x_wconf 85' lang='lat' dir='ltr'><strong>tulerunt?</strong></span> 
     </span>
    </p>
   </div>
   <div class='ocr_carea' id='block_1_42' title="bbox 345 4047 1937 4127">
    <p class='ocr_par' dir='ltr' id='par_1_42' title="bbox 345 4047 1937 4127">
     <span class='ocr_line' id='line_1_42' title="bbox 345 4047 1937 4127; baseline 0.006 -28"><span class='ocrx_word' id='word_1_251' title='bbox 345 4047 473 4099; x_wconf 76' lang='lat' dir='ltr'><strong>.Iain</strong></span> <span class='ocrx_word' id='word_1_252' title='bbox 501 4063 657 4105; x_wconf 81' lang='lat' dir='ltr'><strong>lltlItC.</strong></span> <span class='ocrx_word' id='word_1_253' title='bbox 688 4048 923 4111; x_wconf 85' lang='lat' dir='ltr'><strong>Christe,</strong></span> <span class='ocrx_word' id='word_1_254' title='bbox 953 4051 1056 4101; x_wconf 87' lang='lat' dir='ltr'><strong>tuis</strong></span> <span class='ocrx_word' id='word_1_255' title='bbox 1080 4067 1304 4118; x_wconf 84' lang='lat' dir='ltr'><strong>parcens</strong></span> <span class='ocrx_word' id='word_1_256' title='bbox 1338 4054 1596 4108; x_wconf 88' lang='lat' dir='ltr'><strong>miserere</strong></span> <span class='ocrx_word' id='word_1_257' title='bbox 1628 4058 1937 4127; x_wconf 63' lang='lat' dir='ltr'><strong>redemptis,</strong></span> 
     </span>
    </p>
   </div>
   <div class='ocr_carea' id='block_1_43' title="bbox 348 4138 1696 4209">
    <p class='ocr_par' dir='ltr' id='par_1_43' title="bbox 348 4138 1696 4209">
     <span class='ocr_line' id='line_1_43' title="bbox 348 4138 1696 4209; baseline 0.005 -20"><span class='ocrx_word' id='word_1_258' title='bbox 348 4138 431 4190; x_wconf 72' lang='lat' dir='ltr'><strong>Ne</strong></span> <span class='ocrx_word' id='word_1_259' title='bbox 464 4148 675 4205; x_wconf 89' lang='lat' dir='ltr'><strong>premat</strong></span> <span class='ocrx_word' id='word_1_260' title='bbox 710 4140 947 4193; x_wconf 90' lang='lat' dir='ltr'><strong>insontes</strong></span> <span class='ocrx_word' id='word_1_261' title='bbox 968 4140 1114 4208; x_wconf 91' lang='lat' dir='ltr'><strong>justo</strong></span> <span class='ocrx_word' id='word_1_262' title='bbox 1142 4142 1260 4209; x_wconf 89' lang='lat' dir='ltr'><strong>plus</strong></span> <span class='ocrx_word' id='word_1_263' title='bbox 1285 4144 1365 4196; x_wconf 87' lang='lat' dir='ltr'><strong>vis</strong></span> <span class='ocrx_word' id='word_1_264' title='bbox 1397 4144 1649 4199; x_wconf 83' lang='lat' dir='ltr'><strong>inimica!</strong></span> <span class='ocrx_word' id='word_1_265' title='bbox 1680 4166 1696 4196; x_wconf 74' lang='grc' dir='ltr'><strong>ι</strong></span> 
     </span>
    </p>
   </div>
   <div class='ocr_carea' id='block_1_44' title="bbox 349 4228 1731 4302">
    <p class='ocr_par' dir='ltr' id='par_1_44' title="bbox 349 4228 1731 4302">
     <span class='ocr_line' id='line_1_44' title="bbox 349 4228 1731 4302; baseline 0.007 -22"><span class='ocrx_word' id='word_1_266' title='bbox 349 4228 465 4281; x_wconf 88' lang='lat' dir='ltr'><strong>llas</strong></span> <span class='ocrx_word' id='word_1_267' title='bbox 494 4229 654 4296; x_wconf 90' lang='lat' dir='ltr'><strong>igitur</strong></span> <span class='ocrx_word' id='word_1_268' title='bbox 688 4230 937 4296; x_wconf 90' lang='lat' dir='ltr'><strong>precnlas</strong></span> <span class='ocrx_word' id='word_1_269' title='bbox 967 4229 1233 4283; x_wconf 85' lang='lat' dir='ltr'><strong>miserans</strong></span> <span class='ocrx_word' id='word_1_270' title='bbox 1262 4231 1440 4285; x_wconf 89' lang='lat' dir='ltr'><strong>divina</strong></span> <span class='ocrx_word' id='word_1_271' title='bbox 1472 4244 1731 4302; x_wconf 86' lang='lat' dir='ltr'><strong>potestas.</strong></span> 
     </span>
    </p>
   </div>
   <div class='ocr_carea' id='block_1_45' title="bbox 352 4317 1513 4387">
    <p class='ocr_par' dir='ltr' id='par_1_45' title="bbox 352 4317 1513 4387">
     <span class='ocr_line' id='line_1_45' title="bbox 352 4317 1513 4387; baseline 0.003 -17"><span class='ocrx_word' id='word_1_272' title='bbox 352 4317 614 4371; x_wconf 78' lang='lat' dir='ltr'><strong>Parcebal</strong></span> <span class='ocrx_word' id='word_1_273' title='bbox 651 4320 791 4386; x_wconf 81' lang='lat' dir='ltr'><strong>regis</strong></span> <span class='ocrx_word' id='word_1_274' title='bbox 819 4318 974 4371; x_wconf 88' lang='lat' dir='ltr'><strong>solita</strong></span> <span class='ocrx_word' id='word_1_275' title='bbox 1008 4320 1205 4387; x_wconf 88' lang='lat' dir='ltr'><strong>pietate</strong></span> <span class='ocrx_word' id='word_1_276' title='bbox 1229 4322 1513 4387; x_wconf 77' lang='lat' dir='ltr'><strong>ministris,</strong></span> 
     </span>
    </p>
   </div>
   <div class='ocr_carea' id='block_1_46' title="bbox 348 4407 1825 4483">
    <p class='ocr_par' dir='ltr' id='par_1_46' title="bbox 348 4407 1825 4483">
     <span class='ocr_line' id='line_1_46' title="bbox 348 4407 1825 4483; baseline 0.007 -24"><span class='ocrx_word' id='word_1_277' title='bbox 348 4407 420 4461; x_wconf 83' lang='lat' dir='ltr'><strong>Et</strong></span> <span class='ocrx_word' id='word_1_278' title='bbox 454 4408 600 4461; x_wconf 90' lang='lat' dir='ltr'><strong>dedit</strong></span> <span class='ocrx_word' id='word_1_279' title='bbox 630 4417 870 4475; x_wconf 90' lang='lat' dir='ltr'><strong>optatum</strong></span> <span class='ocrx_word' id='word_1_280' title='bbox 902 4408 1167 4462; x_wconf 85' lang='lat' dir='ltr'><strong>miserans</strong></span> <span class='ocrx_word' id='word_1_281' title='bbox 1191 4424 1256 4463; x_wconf 77' lang='lat' dir='ltr'><strong>ex</strong></span> <span class='ocrx_word' id='word_1_282' title='bbox 1294 4410 1446 4466; x_wconf 87' lang='lat' dir='ltr'><strong>hoste</strong></span> <span class='ocrx_word' id='word_1_283' title='bbox 1477 4414 1825 4483; x_wconf 77' lang='lat' dir='ltr'><strong>triumphum.</strong></span> 
     </span>
    </p>
   </div>
   <div class='ocr_carea' id='block_1_47' title="bbox 348 4496 1630 4571">
    <p class='ocr_par' dir='ltr' id='par_1_47' title="bbox 348 4496 1630 4571">
     <span class='ocr_line' id='line_1_47' title="bbox 348 4496 1630 4571; baseline 0.005 -21"><span class='ocrx_word' id='word_1_284' title='bbox 348 4496 510 4551; x_wconf 86' lang='lat' dir='ltr'><strong>Justo</strong></span> <span class='ocrx_word' id='word_1_285' title='bbox 538 4498 824 4565; x_wconf 70' lang='lat' dir='ltr'><strong>praedictos</strong></span> <span class='ocrx_word' id='word_1_286' title='bbox 849 4499 1077 4553; x_wconf 86' lang='lat' dir='ltr'><strong>comites</strong></span> <span class='ocrx_word' id='word_1_287' title='bbox 1100 4501 1347 4554; x_wconf 75' lang='lat' dir='ltr'><strong>exaruiue</strong></span> <span class='ocrx_word' id='word_1_288' title='bbox 1378 4503 1630 4571; x_wconf 91' lang='lat' dir='ltr'><strong>perdeus.</strong></span> 
     </span>
    </p>
   </div>
   <div class='ocr_carea' id='block_1_48' title="bbox 350 4589 1579 4663">
    <p class='ocr_par' dir='ltr' id='par_1_48' title="bbox 350 4589 1579 4663">
     <span class='ocr_line' id='line_1_48' title="bbox 350 4589 1579 4663; baseline 0.007 -22"><span class='ocrx_word' id='word_1_289' title='bbox 350 4589 477 4657; x_wconf 90' lang='lat' dir='ltr'><strong>Ipso</strong></span> <span class='ocrx_word' id='word_1_290' title='bbox 507 4603 736 4658; x_wconf 90' lang='lat' dir='ltr'><strong>namque</strong></span> <span class='ocrx_word' id='word_1_291' title='bbox 766 4590 871 4655; x_wconf 88' lang='lat' dir='ltr'><strong>die,</strong></span> <span class='ocrx_word' id='word_1_292' title='bbox 896 4606 1002 4658; x_wconf 89' lang='lat' dir='ltr'><strong>quo</strong></span> <span class='ocrx_word' id='word_1_293' title='bbox 1026 4592 1238 4662; x_wconf 89' lang='lat' dir='ltr'><strong>decepti</strong></span> <span class='ocrx_word' id='word_1_294' title='bbox 1271 4609 1435 4648; x_wconf 88' lang='lat' dir='ltr'><strong>vacua</strong></span> <span class='ocrx_word' id='word_1_295' title='bbox 1464 4610 1579 4663; x_wconf 89' lang='lat' dir='ltr'><strong>spe,</strong></span> 
     </span>
    </p>
   </div>
   <div class='ocr_carea' id='block_1_49' title="bbox 350 4682 1659 4753">
    <p class='ocr_par' dir='ltr' id='par_1_49' title="bbox 350 4682 1659 4753">
     <span class='ocr_line' id='line_1_49' title="bbox 350 4682 1659 4753; baseline 0.008 -20"><span class='ocrx_word' id='word_1_296' title='bbox 350 4682 657 4752; x_wconf 82' lang='lat' dir='ltr'><strong>Speravere</strong></span> <span class='ocrx_word' id='word_1_297' title='bbox 685 4685 796 4738; x_wconf 88' lang='lat' dir='ltr'><strong>suis</strong></span> <span class='ocrx_word' id='word_1_298' title='bbox 821 4686 1295 4753; x_wconf 79' lang='lat' dir='ltr'><strong>constringendum</strong></span> <span class='ocrx_word' id='word_1_299' title='bbox 1326 4687 1440 4742; x_wconf 89' lang='lat' dir='ltr'><strong>fore</strong></span> <span class='ocrx_word' id='word_1_300' title='bbox 1468 4689 1659 4744; x_wconf 89' lang='lat' dir='ltr'><strong>vinclis</strong></span> 
     </span>
    </p>
   </div>
   <div class='ocr_carea' id='block_1_50' title="bbox 353 4773 1617 4846">
    <p class='ocr_par' dir='ltr' id='par_1_50' title="bbox 353 4773 1617 4846">
     <span class='ocr_line' id='line_1_50' title="bbox 353 4773 1617 4846; baseline 0.005 -21"><span class='ocrx_word' id='word_1_301' title='bbox 353 4773 583 4843; x_wconf 77' lang='lat' dir='ltr'><strong>Regem,</strong></span> <span class='ocrx_word' id='word_1_302' title='bbox 616 4774 705 4842; x_wconf 92' lang='lat' dir='ltr'><strong>qui</strong></span> <span class='ocrx_word' id='word_1_303' title='bbox 736 4775 929 4829; x_wconf 91' lang='lat' dir='ltr'><strong>merito</strong></span> <span class='ocrx_word' id='word_1_304' title='bbox 958 4775 1128 4828; x_wconf 88' lang='lat' dir='ltr'><strong>tenuit</strong></span> <span class='ocrx_word' id='word_1_305' title='bbox 1158 4776 1354 4845; x_wconf 88' lang='lat' dir='ltr'><strong>regalia</strong></span> <span class='ocrx_word' id='word_1_306' title='bbox 1385 4787 1617 4846; x_wconf 91' lang='lat' dir='ltr'><strong>sceptra,</strong></span> 
     </span>
    </p>
   </div>
   <div class='ocr_carea' id='block_1_51' title="bbox 359 4864 1484 4937">
    <p class='ocr_par' dir='ltr' id='par_1_51' title="bbox 359 4864 1484 4937">
     <span class='ocr_line' id='line_1_51' title="bbox 359 4864 1484 4937; baseline 0.006 -22"><span class='ocrx_word' id='word_1_307' title='bbox 359 4864 435 4916; x_wconf 75' lang='lat' dir='ltr'><strong>Ex</strong></span> <span class='ocrx_word' id='word_1_308' title='bbox 464 4865 739 4933; x_wconf 87' lang='lat' dir='ltr'><strong>iupruviso</strong></span> <span class='ocrx_word' id='word_1_309' title='bbox 771 4882 971 4935; x_wconf 73' lang='lat' dir='ltr'><strong>prmses</strong></span> <span class='ocrx_word' id='word_1_310' title='bbox 994 4878 1317 4937; x_wconf 90' lang='lat' dir='ltr'><strong>proruperat</strong></span> <span class='ocrx_word' id='word_1_311' title='bbox 1350 4870 1484 4933; x_wconf 89' lang='lat' dir='ltr'><strong>Udo,</strong></span> 
     </span>
    </p>
   </div>
   <div class='ocr_carea' id='block_1_52' title="bbox 357 4955 1724 5031">
    <p class='ocr_par' dir='ltr' id='par_1_52' title="bbox 357 4955 1724 5031">
     <span class='ocr_line' id='line_1_52' title="bbox 357 4955 1724 5031; baseline 0.01 -25"><span class='ocrx_word' id='word_1_312' title='bbox 357 4955 687 5011; x_wconf 82' lang='lat' dir='ltr'><strong>Adducendo</strong></span> <span class='ocrx_word' id='word_1_313' title='bbox 730 4960 945 5026; x_wconf 89' lang='lat' dir='ltr'><strong>quidem</strong></span> <span class='ocrx_word' id='word_1_314' title='bbox 976 4958 1193 5011; x_wconf 87' lang='lat' dir='ltr'><strong>multam</strong></span> <span class='ocrx_word' id='word_1_315' title='bbox 1223 4975 1404 5014; x_wconf 89' lang='lat' dir='ltr'><strong>secum</strong></span> <span class='ocrx_word' id='word_1_316' title='bbox 1434 4962 1724 5031; x_wconf 85' lang='lat' dir='ltr'><strong>legionem,</strong></span> 
     </span>
    </p>
   </div>
   <div class='ocr_carea' id='block_1_53' title="bbox 355 5044 1618 5107">
    <p class='ocr_par' dir='ltr' id='par_1_53' title="bbox 355 5044 1618 5107">
     <span class='ocr_line' id='line_1_53' title="bbox 355 5044 1618 5107; baseline 0.007 -10"><span class='ocrx_word' id='word_1_317' title='bbox 355 5044 435 5097; x_wconf 81' lang='lat' dir='ltr'><strong>Ac</strong></span> <span class='ocrx_word' id='word_1_318' title='bbox 463 5047 625 5098; x_wconf 90' lang='lat' dir='ltr'><strong>subiit</strong></span> <span class='ocrx_word' id='word_1_319' title='bbox 656 5048 887 5103; x_wconf 88' lang='lat' dir='ltr'><strong>validum</strong></span> <span class='ocrx_word' id='word_1_320' title='bbox 922 5047 1044 5101; x_wconf 86' lang='lat' dir='ltr'><strong>forti</strong></span> <span class='ocrx_word' id='word_1_321' title='bbox 1075 5048 1366 5104; x_wconf 87' lang='lat' dir='ltr'><strong>luctamine</strong></span> <span class='ocrx_word' id='word_1_322' title='bbox 1400 5051 1618 5107; x_wconf 87' lang='lat' dir='ltr'><strong>bellum.</strong></span> 
     </span>
    </p>
   </div>
   <div class='ocr_carea' id='block_1_54' title="bbox 433 5135 749 5193">
    <p class='ocr_par' dir='ltr' id='par_1_54' title="bbox 433 5135 749 5193">
     <span class='ocr_line' id='line_1_54' title="bbox 433 5135 749 5193; baseline 0.019 -6"><span class='ocrx_word' id='word_1_323' title='bbox 433 5135 587 5190; x_wconf 65' lang='lat' dir='ltr'><strong>\‘ers.</strong></span> <span class='ocrx_word' id='word_1_324' title='bbox 626 5136 749 5193; x_wconf 71' lang='lat'><strong>285.</strong></span> 
     </span>
    </p>
   </div>
   <div class='ocr_carea' id='block_1_55' title="bbox 1472 345 2569 407">
    <p class='ocr_par' dir='ltr' id='par_1_55' title="bbox 1472 345 2569 407">
     <span class='ocr_line' id='line_1_55' title="bbox 1472 345 2569 407; baseline -0.009 0"><span class='ocrx_word' id='word_1_325' title='bbox 1472 351 1751 407; x_wconf 67' lang='lat' dir='ltr'><strong>CARIIEN</strong></span> <span class='ocrx_word' id='word_1_326' title='bbox 1789 349 1875 403; x_wconf 82' lang='lat' dir='ltr'><strong>DF.</strong></span> <span class='ocrx_word' id='word_1_327' title='bbox 1913 345 2153 402; x_wconf 81' lang='lat' dir='ltr'><strong>GESTIS</strong></span> <span class='ocrx_word' id='word_1_328' title='bbox 2189 345 2481 401; x_wconf 72' lang='lat' dir='ltr'><strong>OTTONIS</strong></span> <span class='ocrx_word' id='word_1_329' title='bbox 2532 346 2569 399; x_wconf 91' lang='lat' dir='ltr'><strong>l.</strong></span> 
     </span>
    </p>
   </div>
   <div class='ocr_carea' id='block_1_56' title="bbox 1981 453 3479 525">
    <p class='ocr_par' dir='ltr' id='par_1_56' title="bbox 1981 453 3479 525">
     <span class='ocr_line' id='line_1_56' title="bbox 1981 453 3479 525; baseline 0.005 -20"><span class='ocrx_word' id='word_1_330' title='bbox 1981 465 2025 520; x_wconf 80' lang='grc' dir='ltr'><strong>Λ</strong></span> <span class='ocrx_word' id='word_1_331' title='bbox 2058 453 2164 507; x_wconf 66' lang='lat' dir='ltr'><strong>Nec</strong></span> <span class='ocrx_word' id='word_1_332' title='bbox 2199 469 2368 516; x_wconf 89' lang='lat' dir='ltr'><strong>mora.</strong></span> <span class='ocrx_word' id='word_1_333' title='bbox 2399 469 2684 523; x_wconf 85' lang='lat' dir='ltr'><strong>percussus</strong></span> <span class='ocrx_word' id='word_1_334' title='bbox 2715 454 2870 523; x_wconf 85' lang='lat' dir='ltr'><strong>periit</strong></span> <span class='ocrx_word' id='word_1_335' title='bbox 2895 455 3085 525; x_wconf 84' lang='lat' dir='ltr'><strong>gladiis</strong></span> <span class='ocrx_word' id='word_1_336' title='bbox 3115 457 3479 518; x_wconf 84' lang='lat' dir='ltr'><strong>Evurbardus.</strong></span> 
     </span>
    </p>
   </div>
   <div class='ocr_carea' id='block_1_57' title="bbox 3494 352 3629 407">
    <p class='ocr_par' dir='ltr' id='par_1_57' title="bbox 3494 352 3629 407">
     <span class='ocr_line' id='line_1_57' title="bbox 3494 352 3629 407; baseline 0 -2"><span class='ocrx_word' id='word_1_337' title='bbox 3494 352 3629 407; x_wconf 78' lang='lat'><strong>“58</strong></span> 
     </span>
    </p>
   </div>
   <div class='ocr_carea' id='block_1_58' title="bbox 2056 544 3551 619">
    <p class='ocr_par' dir='ltr' id='par_1_58' title="bbox 2056 544 3551 619">
     <span class='ocr_line' id='line_1_58' title="bbox 2056 544 3551 619; baseline 0.006 -22"><span class='ocrx_word' id='word_1_338' title='bbox 2056 544 2395 598; x_wconf 82' lang='lat' dir='ltr'><strong>Gislberhtns</strong></span> <span class='ocrx_word' id='word_1_339' title='bbox 2418 546 2574 597; x_wconf 72' lang='lat' dir='ltr'><strong>szevis</strong></span> <span class='ocrx_word' id='word_1_340' title='bbox 2612 545 2817 614; x_wconf 78' lang='lat' dir='ltr'><strong>fugiens</strong></span> <span class='ocrx_word' id='word_1_341' title='bbox 2852 562 3063 617; x_wconf 81' lang='lat' dir='ltr'><strong>quoque</strong></span> <span class='ocrx_word' id='word_1_342' title='bbox 3091 551 3346 619; x_wconf 84' lang='lat' dir='ltr'><strong>mergitur</strong></span> <span class='ocrx_word' id='word_1_343' title='bbox 3376 553 3551 606; x_wconf 81' lang='lat' dir='ltr'><strong>undis.</strong></span> 
     </span>
    </p>
   </div>
   <div class='ocr_carea' id='block_1_59' title="bbox 2052 634 3199 699">
    <p class='ocr_par' dir='ltr' id='par_1_59' title="bbox 2052 634 3199 699">
     <span class='ocr_line' id='line_1_59' title="bbox 2052 634 3199 699; baseline 0.007 -15"><span class='ocrx_word' id='word_1_344' title='bbox 2052 635 2121 685; x_wconf 83' lang='lat' dir='ltr'><strong>At</strong></span> <span class='ocrx_word' id='word_1_345' title='bbox 2152 649 2242 685; x_wconf 79' lang='lat' dir='ltr'><strong>rex</strong></span> <span class='ocrx_word' id='word_1_346' title='bbox 2272 636 2469 687; x_wconf 89' lang='lat' dir='ltr'><strong>interea</strong></span> <span class='ocrx_word' id='word_1_347' title='bbox 2506 637 2676 689; x_wconf 87' lang='lat' dir='ltr'><strong>nescit</strong></span> <span class='ocrx_word' id='word_1_348' title='bbox 2703 634 2811 689; x_wconf 89' lang='lat' dir='ltr'><strong>tam</strong></span> <span class='ocrx_word' id='word_1_349' title='bbox 2841 636 2998 690; x_wconf 90' lang='lat' dir='ltr'><strong>fortia</strong></span> <span class='ocrx_word' id='word_1_350' title='bbox 3036 640 3199 699; x_wconf 86' lang='lat' dir='ltr'><strong>bella,</strong></span> 
     </span>
    </p>
   </div>
   <div class='ocr_carea' id='block_1_60' title="bbox 2053 721 3341 794">
    <p class='ocr_par' dir='ltr' id='par_1_60' title="bbox 2053 721 3341 794">
     <span class='ocr_line' id='line_1_60' title="bbox 2053 721 3341 794; baseline 0.009 -22"><span class='ocrx_word' id='word_1_351' title='bbox 2053 721 2257 775; x_wconf 86' lang='lat' dir='ltr'><strong>Averso</strong></span> <span class='ocrx_word' id='word_1_352' title='bbox 2282 723 2465 791; x_wconf 87' lang='lat' dir='ltr'><strong>quidni</strong></span> <span class='ocrx_word' id='word_1_353' title='bbox 2497 725 2607 792; x_wconf 83' lang='lat'><strong>(60)</strong></span> <span class='ocrx_word' id='word_1_354' title='bbox 2636 725 2877 779; x_wconf 87' lang='lat' dir='ltr'><strong>residens</strong></span> <span class='ocrx_word' id='word_1_355' title='bbox 2904 726 2954 779; x_wconf 89' lang='lat' dir='ltr'><strong>in</strong></span> <span class='ocrx_word' id='word_1_356' title='bbox 2986 727 3161 782; x_wconf 86' lang='lat' dir='ltr'><strong>littore</strong></span> <span class='ocrx_word' id='word_1_357' title='bbox 3188 730 3341 794; x_wconf 79' lang='lat' dir='ltr'><strong>Reni,</strong></span> 
     </span>
    </p>
   </div>
   <div class='ocr_carea' id='block_1_61' title="bbox 2053 808 3191 882">
    <p class='ocr_par' dir='ltr' id='par_1_61' title="bbox 2053 808 3191 882">
     <span class='ocr_line' id='line_1_61' title="bbox 2053 808 3191 882; baseline 0.009 -21"><span class='ocrx_word' id='word_1_358' title='bbox 2053 808 2161 862; x_wconf 71' lang='lat' dir='ltr'><strong>Nec</strong></span> <span class='ocrx_word' id='word_1_359' title='bbox 2192 819 2316 864; x_wconf 92' lang='lat' dir='ltr'><strong>tunc</strong></span> <span class='ocrx_word' id='word_1_360' title='bbox 2347 813 2528 866; x_wconf 80' lang='lat' dir='ltr'><strong>auxilii</strong></span> <span class='ocrx_word' id='word_1_361' title='bbox 2565 814 2721 868; x_wconf 84' lang='lat' dir='ltr'><strong>scivit</strong></span> <span class='ocrx_word' id='word_1_362' title='bbox 2747 816 3007 869; x_wconf 88' lang='lat' dir='ltr'><strong>solamina</strong></span> <span class='ocrx_word' id='word_1_363' title='bbox 3038 820 3191 882; x_wconf 90' lang='lat' dir='ltr'><strong>tanti,</strong></span> 
     </span>
    </p>
   </div>
   <div class='ocr_carea' id='block_1_62' title="bbox 2051 900 3371 969">
    <p class='ocr_par' dir='ltr' id='par_1_62' title="bbox 2051 900 3371 969">
     <span class='ocr_line' id='line_1_62' title="bbox 2051 900 3371 969; baseline 0.012 -16"><span class='ocrx_word' id='word_1_364' title='bbox 2051 900 2188 963; x_wconf 82' lang='lat' dir='ltr'><strong>.Iain.</strong></span> <span class='ocrx_word' id='word_1_365' title='bbox 2215 904 2507 959; x_wconf 90' lang='lat' dir='ltr'><strong>miserante</strong></span> <span class='ocrx_word' id='word_1_366' title='bbox 2538 906 2663 969; x_wconf 86' lang='lat' dir='ltr'><strong>[)co,</strong></span> <span class='ocrx_word' id='word_1_367' title='bbox 2696 909 2872 962; x_wconf 90' lang='lat' dir='ltr'><strong>subito</strong></span> <span class='ocrx_word' id='word_1_368' title='bbox 2902 925 3029 965; x_wconf 90' lang='lat' dir='ltr'><strong>casu</strong></span> <span class='ocrx_word' id='word_1_369' title='bbox 3057 914 3155 965; x_wconf 91' lang='lat' dir='ltr'><strong>sibi</strong></span> <span class='ocrx_word' id='word_1_370' title='bbox 3189 915 3371 969; x_wconf 90' lang='lat' dir='ltr'><strong>missa.</strong></span> 
     </span>
    </p>
   </div>
   <div class='ocr_carea' id='block_1_63' title="bbox 2053 991 3421 1067">
    <p class='ocr_par' dir='ltr' id='par_1_63' title="bbox 2053 991 3421 1067">
     <span class='ocr_line' id='line_1_63' title="bbox 2053 991 3421 1067; baseline 0.012 -25"><span class='ocrx_word' id='word_1_371' title='bbox 2053 991 2291 1059; x_wconf 77' lang='lat' dir='ltr'><strong>Denique</strong></span> <span class='ocrx_word' id='word_1_372' title='bbox 2320 994 2446 1048; x_wconf 90' lang='lat' dir='ltr'><strong>dum</strong></span> <span class='ocrx_word' id='word_1_373' title='bbox 2483 1012 2672 1067; x_wconf 74' lang='lat' dir='ltr'><strong>pugnze</strong></span> <span class='ocrx_word' id='word_1_374' title='bbox 2705 1002 2874 1054; x_wconf 88' lang='lat' dir='ltr'><strong>sensit</strong></span> <span class='ocrx_word' id='word_1_375' title='bbox 2913 1003 3225 1057; x_wconf 90' lang='lat' dir='ltr'><strong>discrimina</strong></span> <span class='ocrx_word' id='word_1_376' title='bbox 3261 1017 3421 1059; x_wconf 69' lang='lat' dir='ltr'><strong>tanta:</strong></span> 
     </span>
    </p>
   </div>
   <div class='ocr_carea' id='block_1_64' title="bbox 2054 1078 3384 1151">
    <p class='ocr_par' dir='ltr' id='par_1_64' title="bbox 2054 1078 3384 1151">
     <span class='ocr_line' id='line_1_64' title="bbox 2054 1078 3384 1151; baseline 0.015 -22"><span class='ocrx_word' id='word_1_377' title='bbox 2054 1078 2188 1131; x_wconf 88' lang='lat' dir='ltr'><strong>llaut</strong></span> <span class='ocrx_word' id='word_1_378' title='bbox 2219 1082 2458 1149; x_wconf 89' lang='lat' dir='ltr'><strong>gaudens</strong></span> <span class='ocrx_word' id='word_1_379' title='bbox 2498 1085 2837 1143; x_wconf 89' lang='lat' dir='ltr'><strong>inimicorum</strong></span> <span class='ocrx_word' id='word_1_380' title='bbox 2865 1090 2929 1145; x_wconf 89' lang='lat' dir='ltr'><strong>de</strong></span> <span class='ocrx_word' id='word_1_381' title='bbox 2955 1101 3125 1146; x_wconf 90' lang='lat' dir='ltr'><strong>morte</strong></span> <span class='ocrx_word' id='word_1_382' title='bbox 3148 1109 3384 1151; x_wconf 89' lang='lat' dir='ltr'><strong>suorum.</strong></span> 
     </span>
    </p>
   </div>
   <div class='ocr_carea' id='block_1_65' title="bbox 2054 1166 3433 1243">
    <p class='ocr_par' dir='ltr' id='par_1_65' title="bbox 2054 1166 3433 1243">
     <span class='ocr_line' id='line_1_65' title="bbox 2054 1166 3433 1243; baseline 0.013 -26"><span class='ocrx_word' id='word_1_383' title='bbox 2054 1166 2156 1219; x_wconf 88' lang='lat' dir='ltr'><strong>Sed</strong></span> <span class='ocrx_word' id='word_1_384' title='bbox 2186 1169 2303 1235; x_wconf 90' lang='lat' dir='ltr'><strong>plus</strong></span> <span class='ocrx_word' id='word_1_385' title='bbox 2336 1179 2601 1226; x_wconf 88' lang='lat' dir='ltr'><strong>tantormn</strong></span> <span class='ocrx_word' id='word_1_386' title='bbox 2636 1192 2869 1231; x_wconf 68' lang='lat' dir='ltr'><strong>moerens</strong></span> <span class='ocrx_word' id='word_1_387' title='bbox 2891 1178 2956 1233; x_wconf 91' lang='lat' dir='ltr'><strong>de</strong></span> <span class='ocrx_word' id='word_1_388' title='bbox 2980 1181 3142 1235; x_wconf 91' lang='lat' dir='ltr'><strong>corde</strong></span> <span class='ocrx_word' id='word_1_389' title='bbox 3175 1184 3433 1243; x_wconf 83' lang='lat' dir='ltr'><strong>virorum.</strong></span> 
     </span>
    </p>
   </div>
   <div class='ocr_carea' id='block_1_66' title="bbox 2053 1254 3621 1340">
    <p class='ocr_par' dir='ltr' id='par_1_66' title="bbox 2053 1254 3621 1340">
     <span class='ocr_line' id='line_1_66' title="bbox 2053 1254 3621 1340; baseline 0.014 -34"><span class='ocrx_word' id='word_1_390' title='bbox 2053 1254 2295 1324; x_wconf 86' lang='lat' dir='ltr'><strong>Snmpsit</strong></span> <span class='ocrx_word' id='word_1_391' title='bbox 2322 1275 2424 1312; x_wconf 92' lang='lat' dir='ltr'><strong>non</strong></span> <span class='ocrx_word' id='word_1_392' title='bbox 2457 1264 2742 1327; x_wconf 89' lang='lat' dir='ltr'><strong>modicum,</strong></span> <span class='ocrx_word' id='word_1_393' title='bbox 2777 1267 2991 1323; x_wconf 87' lang='lat' dir='ltr'><strong>Davidis</strong></span> <span class='ocrx_word' id='word_1_394' title='bbox 3021 1285 3168 1323; x_wconf 88' lang='lat' dir='ltr'><strong>more</strong></span> <span class='ocrx_word' id='word_1_395' title='bbox 3193 1271 3280 1330; x_wconf 78' lang='grc'><strong>³⁸³.</strong></span> <span class='ocrx_word' id='word_1_396' title='bbox 3312 1272 3621 1340; x_wconf 78' lang='lat' dir='ltr'><strong>Iumentum,</strong></span> 
     </span>
    </p>
   </div>
   <div class='ocr_carea' id='block_1_67' title="bbox 2051 1346 3398 1424">
    <p class='ocr_par' dir='ltr' id='par_1_67' title="bbox 2051 1346 3398 1424">
     <span class='ocr_line' id='line_1_67' title="bbox 2051 1346 3398 1424; baseline 0.014 -31"><span class='ocrx_word' id='word_1_397' title='bbox 2051 1346 2149 1410; x_wconf 92' lang='lat' dir='ltr'><strong>Qui</strong></span> <span class='ocrx_word' id='word_1_398' title='bbox 2188 1360 2351 1415; x_wconf 87' lang='lat' dir='ltr'><strong>super</strong></span> <span class='ocrx_word' id='word_1_399' title='bbox 2377 1350 2611 1403; x_wconf 91' lang='lat' dir='ltr'><strong>occisum</strong></span> <span class='ocrx_word' id='word_1_400' title='bbox 2642 1352 2811 1407; x_wconf 78' lang='lat' dir='ltr'><strong>dulurt</strong></span> <span class='ocrx_word' id='word_1_401' title='bbox 2841 1370 3017 1423; x_wconf 77' lang='lat' dir='ltr'><strong>regem</strong></span> <span class='ocrx_word' id='word_1_402' title='bbox 3045 1358 3128 1424; x_wconf 91' lang='lat' dir='ltr'><strong>pie</strong></span> <span class='ocrx_word' id='word_1_403' title='bbox 3158 1359 3398 1414; x_wconf 86' lang='lat' dir='ltr'><strong>Saultnu.</strong></span> 
     </span>
    </p>
   </div>
   <div class='ocr_carea' id='block_1_68' title="bbox 2121 1438 3247 1511">
    <p class='ocr_par' dir='ltr' id='par_1_68' title="bbox 2121 1438 3247 1511">
     <span class='ocr_line' id='line_1_68' title="bbox 2121 1438 3247 1511; baseline 0.015 -23"><span class='ocrx_word' id='word_1_404' title='bbox 2121 1438 2215 1489; x_wconf 79' lang='lat' dir='ltr'><strong>Ast</strong></span> <span class='ocrx_word' id='word_1_405' title='bbox 2241 1439 2325 1491; x_wconf 87' lang='lat' dir='ltr'><strong>ubi</strong></span> <span class='ocrx_word' id='word_1_406' title='bbox 2350 1442 2578 1496; x_wconf 85' lang='lat' dir='ltr'><strong>victores</strong></span> <span class='ocrx_word' id='word_1_407' title='bbox 2609 1443 2727 1497; x_wconf 68' lang='lat' dir='ltr'><strong>lretit</strong></span> <span class='ocrx_word' id='word_1_408' title='bbox 2753 1462 2969 1511; x_wconf 87' lang='lat' dir='ltr'><strong>venere,</strong></span> <span class='ocrx_word' id='word_1_409' title='bbox 3001 1451 3247 1505; x_wconf 86' lang='lat' dir='ltr'><strong>videntes</strong></span> 
     </span>
    </p>
   </div>
   <div class='ocr_carea' id='block_1_69' title="bbox 2052 1527 3269 1604">
    <p class='ocr_par' dir='ltr' id='par_1_69' title="bbox 2052 1527 3269 1604">
     <span class='ocr_line' id='line_1_69' title="bbox 2052 1527 3269 1604; baseline 0.015 -26"><span class='ocrx_word' id='word_1_410' title='bbox 2052 1527 2195 1580; x_wconf 88' lang='lat' dir='ltr'><strong>Illius</strong></span> <span class='ocrx_word' id='word_1_411' title='bbox 2225 1530 2353 1584; x_wconf 86' lang='lat' dir='ltr'><strong>fusis</strong></span> <span class='ocrx_word' id='word_1_412' title='bbox 2382 1532 2583 1587; x_wconf 91' lang='lat' dir='ltr'><strong>vultum</strong></span> <span class='ocrx_word' id='word_1_413' title='bbox 2623 1535 2860 1591; x_wconf 88' lang='lat' dir='ltr'><strong>lacrimis</strong></span> <span class='ocrx_word' id='word_1_414' title='bbox 2885 1540 3269 1604; x_wconf 83' lang='lat' dir='ltr'><strong>madefactum.</strong></span> 
     </span>
    </p>
   </div>
   <div class='ocr_carea' id='block_1_70' title="bbox 2052 1618 3339 1704">
    <p class='ocr_par' dir='ltr' id='par_1_70' title="bbox 2052 1618 3339 1704">
     <span class='ocr_line' id='line_1_70' title="bbox 2052 1618 3339 1704; baseline 0.016 -34"><span class='ocrx_word' id='word_1_415' title='bbox 2052 1618 2187 1671; x_wconf 89' lang='lat' dir='ltr'><strong>llaut</strong></span> <span class='ocrx_word' id='word_1_416' title='bbox 2218 1634 2397 1689; x_wconf 87' lang='lat' dir='ltr'><strong>aptum</strong></span> <span class='ocrx_word' id='word_1_417' title='bbox 2435 1633 2580 1679; x_wconf 88' lang='lat' dir='ltr'><strong>tanto</strong></span> <span class='ocrx_word' id='word_1_418' title='bbox 2604 1627 2800 1681; x_wconf 87' lang='lat' dir='ltr'><strong>luctum</strong></span> <span class='ocrx_word' id='word_1_419' title='bbox 2832 1630 3016 1685; x_wconf 77' lang='lat' dir='ltr'><strong>dixere</strong></span> <span class='ocrx_word' id='word_1_420' title='bbox 3050 1634 3339 1704; x_wconf 85' lang='lat' dir='ltr'><strong>triumpho,</strong></span> 
     </span>
    </p>
   </div>
   <div class='ocr_carea' id='block_1_71' title="bbox 2053 1706 3213 1789">
    <p class='ocr_par' dir='ltr' id='par_1_71' title="bbox 2053 1706 3213 1789">
     <span class='ocr_line' id='line_1_71' title="bbox 2053 1706 3213 1789; baseline 0.016 -32"><span class='ocrx_word' id='word_1_421' title='bbox 2053 1706 2155 1759; x_wconf 79' lang='lat' dir='ltr'><strong>Sed</strong></span> <span class='ocrx_word' id='word_1_422' title='bbox 2184 1712 2329 1762; x_wconf 85' lang='lat' dir='ltr'><strong>reddi</strong></span> <span class='ocrx_word' id='word_1_423' title='bbox 2364 1723 2545 1780; x_wconf 83' lang='lat' dir='ltr'><strong>grates</strong></span> <span class='ocrx_word' id='word_1_424' title='bbox 2593 1717 2701 1783; x_wconf 88' lang='lat' dir='ltr'><strong>regi</strong></span> <span class='ocrx_word' id='word_1_425' title='bbox 2740 1719 2934 1773; x_wconf 83' lang='lat' dir='ltr'><strong>debere</strong></span> <span class='ocrx_word' id='word_1_426' title='bbox 2968 1725 3213 1789; x_wconf 88' lang='lat' dir='ltr'><strong>perenni.</strong></span> 
     </span>
    </p>
   </div>
   <div class='ocr_carea' id='block_1_72' title="bbox 2049 1794 3100 1873">
    <p class='ocr_par' dir='ltr' id='par_1_72' title="bbox 2049 1794 3100 1873">
     <span class='ocr_line' id='line_1_72' title="bbox 2049 1794 3100 1873; baseline 0.02 -30"><span class='ocrx_word' id='word_1_427' title='bbox 2049 1794 2145 1860; x_wconf 86' lang='lat' dir='ltr'><strong>Qui</strong></span> <span class='ocrx_word' id='word_1_428' title='bbox 2174 1806 2296 1851; x_wconf 89' lang='lat' dir='ltr'><strong>tunc</strong></span> <span class='ocrx_word' id='word_1_429' title='bbox 2327 1799 2530 1868; x_wconf 82' lang='lat' dir='ltr'><strong>impleri</strong></span> <span class='ocrx_word' id='word_1_430' title='bbox 2570 1803 2694 1858; x_wconf 81' lang='lat' dir='ltr'><strong>fecit</strong></span> <span class='ocrx_word' id='word_1_431' title='bbox 2732 1807 2930 1873; x_wconf 81' lang='lat' dir='ltr'><strong>pietate</strong></span> <span class='ocrx_word' id='word_1_432' title='bbox 2960 1811 3100 1864; x_wconf 79' lang='lat' dir='ltr'><strong>fideli</strong></span> 
     </span>
    </p>
   </div>
   <div class='ocr_carea' id='block_1_73' title="bbox 2048 1890 3437 1971">
    <p class='ocr_par' dir='ltr' id='par_1_73' title="bbox 2048 1890 3437 1971">
     <span class='ocr_line' id='line_1_73' title="bbox 2048 1890 3437 1971; baseline 0.017 -35"><span class='ocrx_word' id='word_1_433' title='bbox 2048 1890 2197 1952; x_wconf 86' lang='lat' dir='ltr'><strong>Quod</strong></span> <span class='ocrx_word' id='word_1_434' title='bbox 2227 1899 2371 1956; x_wconf 89' lang='lat' dir='ltr'><strong>patet</strong></span> <span class='ocrx_word' id='word_1_435' title='bbox 2404 1893 2453 1943; x_wconf 92' lang='lat' dir='ltr'><strong>in</strong></span> <span class='ocrx_word' id='word_1_436' title='bbox 2489 1893 2625 1947; x_wconf 93' lang='lat' dir='ltr'><strong>libro</strong></span> <span class='ocrx_word' id='word_1_437' title='bbox 2653 1900 2795 1966; x_wconf 88' lang='lat' dir='ltr'><strong>regis</strong></span> <span class='ocrx_word' id='word_1_438' title='bbox 2818 1902 3079 1967; x_wconf 86' lang='lat' dir='ltr'><strong>scriptum</strong></span> <span class='ocrx_word' id='word_1_439' title='bbox 3114 1903 3437 1971; x_wconf 87' lang='lat' dir='ltr'><strong>Salomonis.</strong></span> 
     </span>
    </p>
   </div>
   <div class='ocr_carea' id='block_1_74' title="bbox 2048 1977 3242 2047">
    <p class='ocr_par' dir='ltr' id='par_1_74' title="bbox 2048 1977 3242 2047">
     <span class='ocr_line' id='line_1_74' title="bbox 2048 1977 3242 2047; baseline 0.014 -19"><span class='ocrx_word' id='word_1_440' title='bbox 2048 1977 2303 2039; x_wconf 84' lang='lat' dir='ltr'><strong>Dicentis.</strong></span> <span class='ocrx_word' id='word_1_441' title='bbox 2333 1980 2535 2047; x_wconf 89' lang='lat' dir='ltr'><strong>justum</strong></span> <span class='ocrx_word' id='word_1_442' title='bbox 2562 1985 2626 2037; x_wconf 91' lang='lat' dir='ltr'><strong>de</strong></span> <span class='ocrx_word' id='word_1_443' title='bbox 2652 1986 2879 2040; x_wconf 88' lang='lat' dir='ltr'><strong>tristicia</strong></span> <span class='ocrx_word' id='word_1_444' title='bbox 2906 1989 3242 2045; x_wconf 87' lang='lat' dir='ltr'><strong>liberamlnm</strong></span> 
     </span>
    </p>
   </div>
   <div class='ocr_carea' id='block_1_75' title="bbox 2046 2065 3622 2155">
    <p class='ocr_par' dir='ltr' id='par_1_75' title="bbox 2046 2065 3622 2155">
     <span class='ocr_line' id='line_1_75' title="bbox 2046 2065 3622 2155; baseline 0.016 -39"><span class='ocrx_word' id='word_1_445' title='bbox 2046 2065 2263 2119; x_wconf 72' lang='lat' dir='ltr'><strong>Necnon</strong></span> <span class='ocrx_word' id='word_1_446' title='bbox 2303 2067 2556 2134; x_wconf 83' lang='lat' dir='ltr'><strong>injustam</strong></span> <span class='ocrx_word' id='word_1_447' title='bbox 2587 2088 2681 2140; x_wconf 90' lang='lat' dir='ltr'><strong>pro</strong></span> <span class='ocrx_word' id='word_1_448' title='bbox 2726 2072 2872 2140; x_wconf 89' lang='lat' dir='ltr'><strong>justo</strong></span> <span class='ocrx_word' id='word_1_449' title='bbox 2903 2092 3023 2130; x_wconf 77' lang='lat' dir='ltr'><strong>mox</strong></span> <span class='ocrx_word' id='word_1_450' title='bbox 3049 2078 3162 2133; x_wconf 91' lang='lat' dir='ltr'><strong>fore</strong></span> <span class='ocrx_word' id='word_1_451' title='bbox 3222 2083 3452 2138; x_wconf 86' lang='lat' dir='ltr'><strong>dandum</strong></span> <span class='ocrx_word' id='word_1_452' title='bbox 3488 2087 3622 2155; x_wconf 83' lang='lat' dir='ltr'><strong>(Gl).</strong></span> 
     </span>
    </p>
   </div>
   <div class='ocr_carea' id='block_1_76' title="bbox 2049 2152 3253 2227">
    <p class='ocr_par' dir='ltr' id='par_1_76' title="bbox 2049 2152 3253 2227">
     <span class='ocr_line' id='line_1_76' title="bbox 2049 2152 3253 2227; baseline 0.011 -23"><span class='ocrx_word' id='word_1_453' title='bbox 2049 2152 2142 2205; x_wconf 88' lang='lat' dir='ltr'><strong>llis</strong></span> <span class='ocrx_word' id='word_1_454' title='bbox 2180 2166 2413 2208; x_wconf 89' lang='lat' dir='ltr'><strong>mentem</strong></span> <span class='ocrx_word' id='word_1_455' title='bbox 2447 2158 2588 2225; x_wconf 82' lang='lat' dir='ltr'><strong>regis</strong></span> <span class='ocrx_word' id='word_1_456' title='bbox 2620 2160 2973 2219; x_wconf 83' lang='lat' dir='ltr'><strong>demnlcendo</strong></span> <span class='ocrx_word' id='word_1_457' title='bbox 2998 2168 3253 2227; x_wconf 66' lang='lat' dir='ltr'><strong>suadelis.</strong></span> 
     </span>
    </p>
   </div>
   <div class='ocr_carea' id='block_1_77' title="bbox 2049 2242 3344 2324">
    <p class='ocr_par' dir='ltr' id='par_1_77' title="bbox 2049 2242 3344 2324">
     <span class='ocr_line' id='line_1_77' title="bbox 2049 2242 3344 2324; baseline 0.014 -28"><span class='ocrx_word' id='word_1_458' title='bbox 2049 2242 2223 2309; x_wconf 84' lang='lat' dir='ltr'><strong>Ipsum</strong></span> <span class='ocrx_word' id='word_1_459' title='bbox 2265 2246 2543 2299; x_wconf 88' lang='lat' dir='ltr'><strong>tristiciam</strong></span> <span class='ocrx_word' id='word_1_460' title='bbox 2575 2261 2771 2320; x_wconf 87' lang='lat' dir='ltr'><strong>cogunt</strong></span> <span class='ocrx_word' id='word_1_461' title='bbox 2820 2248 3088 2323; x_wconf 82' lang='lat' dir='ltr'><strong>deponere</strong></span> <span class='ocrx_word' id='word_1_462' title='bbox 3120 2267 3344 2324; x_wconf 85' lang='lat' dir='ltr'><strong>lautam,</strong></span> 
     </span>
    </p>
   </div>
   <div class='ocr_carea' id='block_1_78' title="bbox 2050 2332 3175 2415">
    <p class='ocr_par' dir='ltr' id='par_1_78' title="bbox 2050 2332 3175 2415">
     <span class='ocr_line' id='line_1_78' title="bbox 2050 2332 3175 2415; baseline 0.015 -32"><span class='ocrx_word' id='word_1_463' title='bbox 2050 2332 2115 2384; x_wconf 75' lang='lat' dir='ltr'><strong>Et</strong></span> <span class='ocrx_word' id='word_1_464' title='bbox 2144 2334 2275 2386; x_wconf 81' lang='lat' dir='ltr'><strong>&#39;uene</strong></span> <span class='ocrx_word' id='word_1_465' title='bbox 2306 2335 2506 2389; x_wconf 71' lang='lat' dir='ltr'><strong>victrici</strong></span> <span class='ocrx_word' id='word_1_466' title='bbox 2533 2346 2957 2409; x_wconf 87' lang='lat' dir='ltr'><strong>congaudentem</strong></span> <span class='ocrx_word' id='word_1_467' title='bbox 2985 2345 3175 2415; x_wconf 86' lang='lat' dir='ltr'><strong>iegioui</strong></span> 
     </span>
    </p>
   </div>
   <div class='ocr_carea' id='block_1_79' title="bbox 2047 2424 3447 2504">
    <p class='ocr_par' dir='ltr' id='par_1_79' title="bbox 2047 2424 3447 2504">
     <span class='ocr_line' id='line_1_79' title="bbox 2047 2424 3447 2504; baseline 0.016 -29"><span class='ocrx_word' id='word_1_468' title='bbox 2047 2424 2117 2475; x_wconf 79' lang='lat' dir='ltr'><strong>Se</strong></span> <span class='ocrx_word' id='word_1_469' title='bbox 2141 2437 2257 2493; x_wconf 86' lang='lat' dir='ltr'><strong>post</strong></span> <span class='ocrx_word' id='word_1_470' title='bbox 2290 2427 2422 2479; x_wconf 87' lang='lat' dir='ltr'><strong>bella</strong></span> <span class='ocrx_word' id='word_1_471' title='bbox 2464 2431 2575 2482; x_wconf 87' lang='lat' dir='ltr'><strong>suis</strong></span> <span class='ocrx_word' id='word_1_472' title='bbox 2601 2432 2853 2486; x_wconf 89' lang='lat' dir='ltr'><strong>blandum</strong></span> <span class='ocrx_word' id='word_1_473' title='bbox 2888 2440 3126 2504; x_wconf 74' lang='lat' dir='ltr'><strong>przebere</strong></span> <span class='ocrx_word' id='word_1_474' title='bbox 3169 2443 3447 2498; x_wconf 83' lang='lat' dir='ltr'><strong>ministris.</strong></span> 
     </span>
    </p>
   </div>
   <div class='ocr_carea' id='block_1_80' title="bbox 2047 2514 3450 2597">
    <p class='ocr_par' dir='ltr' id='par_1_80' title="bbox 2047 2514 3450 2597">
     <span class='ocr_line' id='line_1_80' title="bbox 2047 2514 3450 2597; baseline 0.016 -34"><span class='ocrx_word' id='word_1_475' title='bbox 2047 2514 2145 2577; x_wconf 85' lang='lat' dir='ltr'><strong>Qui</strong></span> <span class='ocrx_word' id='word_1_476' title='bbox 2170 2530 2290 2567; x_wconf 88' lang='lat' dir='ltr'><strong>nam</strong></span> <span class='ocrx_word' id='word_1_477' title='bbox 2321 2515 2566 2570; x_wconf 66' lang='lat' dir='ltr'><strong>lteliciatn</strong></span> <span class='ocrx_word' id='word_1_478' title='bbox 2592 2521 2737 2573; x_wconf 86' lang='lat' dir='ltr'><strong>vultu</strong></span> <span class='ocrx_word' id='word_1_479' title='bbox 2765 2534 3072 2578; x_wconf 87' lang='lat' dir='ltr'><strong>monstrans</strong></span> <span class='ocrx_word' id='word_1_480' title='bbox 3095 2532 3450 2597; x_wconf 79' lang='lat' dir='ltr'><strong>moderatam.</strong></span> 
     </span>
    </p>
   </div>
   <div class='ocr_carea' id='block_1_81' title="bbox 2047 2605 3428 2679">
    <p class='ocr_par' dir='ltr' id='par_1_81' title="bbox 2047 2605 3428 2679">
     <span class='ocr_line' id='line_1_81' title="bbox 2047 2605 3428 2679; baseline 0.017 -23"><span class='ocrx_word' id='word_1_481' title='bbox 2047 2605 2150 2656; x_wconf 77' lang='lat' dir='ltr'><strong>Sed</strong></span> <span class='ocrx_word' id='word_1_482' title='bbox 2172 2606 2307 2659; x_wconf 87' lang='lat' dir='ltr'><strong>clam</strong></span> <span class='ocrx_word' id='word_1_483' title='bbox 2333 2608 2644 2664; x_wconf 80' lang='lat' dir='ltr'><strong>subtristem</strong></span> <span class='ocrx_word' id='word_1_484' title='bbox 2670 2627 2893 2669; x_wconf 88' lang='lat' dir='ltr'><strong>servans</strong></span> <span class='ocrx_word' id='word_1_485' title='bbox 2923 2617 2973 2670; x_wconf 94' lang='lat' dir='ltr'><strong>in</strong></span> <span class='ocrx_word' id='word_1_486' title='bbox 3003 2622 3165 2675; x_wconf 88' lang='lat' dir='ltr'><strong>corde</strong></span> <span class='ocrx_word' id='word_1_487' title='bbox 3190 2623 3428 2679; x_wconf 86' lang='lat' dir='ltr'><strong>dolorem</strong></span> 
     </span>
    </p>
   </div>
   <div class='ocr_carea' id='block_1_82' title="bbox 2048 2696 3257 2777">
    <p class='ocr_par' dir='ltr' id='par_1_82' title="bbox 2048 2696 3257 2777">
     <span class='ocr_line' id='line_1_82' title="bbox 2048 2696 3257 2777; baseline 0.014 -30"><span class='ocrx_word' id='word_1_488' title='bbox 2048 2696 2321 2751; x_wconf 79' lang='lat' dir='ltr'><strong>Redlehat</strong></span> <span class='ocrx_word' id='word_1_489' title='bbox 2348 2709 2528 2767; x_wconf 90' lang='lat' dir='ltr'><strong>grates</strong></span> <span class='ocrx_word' id='word_1_490' title='bbox 2550 2717 2658 2757; x_wconf 76' lang='grc' dir='ltr'><strong>ιιιιο</strong></span> <span class='ocrx_word' id='word_1_491' title='bbox 2685 2705 2750 2758; x_wconf 91' lang='lat' dir='ltr'><strong>de</strong></span> <span class='ocrx_word' id='word_1_492' title='bbox 2776 2717 2995 2772; x_wconf 84' lang='lat' dir='ltr'><strong>pectore</strong></span> <span class='ocrx_word' id='word_1_493' title='bbox 3020 2710 3257 2777; x_wconf 68' lang='lat' dir='ltr'><strong>Christo.</strong></span> 
     </span>
    </p>
   </div>
   <div class='ocr_carea' id='block_1_83' title="bbox 2046 2786 3461 2867">
    <p class='ocr_par' dir='ltr' id='par_1_83' title="bbox 2046 2786 3461 2867">
     <span class='ocr_line' id='line_1_83' title="bbox 2046 2786 3461 2867; baseline 0.018 -29"><span class='ocrx_word' id='word_1_494' title='bbox 2046 2786 2161 2838; x_wconf 69' lang='lat' dir='ltr'><strong>Non</strong></span> <span class='ocrx_word' id='word_1_495' title='bbox 2204 2788 2427 2842; x_wconf 89' lang='lat' dir='ltr'><strong>dederat</strong></span> <span class='ocrx_word' id='word_1_496' title='bbox 2458 2793 2692 2860; x_wconf 85' lang='lat' dir='ltr'><strong>prepriis</strong></span> <span class='ocrx_word' id='word_1_497' title='bbox 2717 2795 2889 2863; x_wconf 88' lang='lat' dir='ltr'><strong>ipsum</strong></span> <span class='ocrx_word' id='word_1_498' title='bbox 2920 2801 3043 2867; x_wconf 90' lang='lat' dir='ltr'><strong>quia</strong></span> <span class='ocrx_word' id='word_1_499' title='bbox 3072 2811 3198 2857; x_wconf 87' lang='lat' dir='ltr'><strong>tunc</strong></span> <span class='ocrx_word' id='word_1_500' title='bbox 3232 2806 3461 2864; x_wconf 87' lang='lat' dir='ltr'><strong>inimicis</strong></span> 
     </span>
    </p>
   </div>
   <div class='ocr_carea' id='block_1_84' title="bbox 2045 2877 3340 2962">
    <p class='ocr_par' dir='ltr' id='par_1_84' title="bbox 2045 2877 3340 2962">
     <span class='ocr_line' id='line_1_84' title="bbox 2045 2877 3340 2962; baseline 0.015 -32"><span class='ocrx_word' id='word_1_501' title='bbox 2045 2877 2308 2943; x_wconf 74' lang='lat' dir='ltr'><strong>Prmdam,</strong></span> <span class='ocrx_word' id='word_1_502' title='bbox 2344 2883 2436 2935; x_wconf 91' lang='lat' dir='ltr'><strong>sed</strong></span> <span class='ocrx_word' id='word_1_503' title='bbox 2467 2886 2655 2937; x_wconf 84' lang='lat' dir='ltr'><strong>dextra</strong></span> <span class='ocrx_word' id='word_1_504' title='bbox 2679 2890 2912 2955; x_wconf 85' lang='lat' dir='ltr'><strong>protegit</strong></span> <span class='ocrx_word' id='word_1_505' title='bbox 2947 2891 3048 2944; x_wconf 89' lang='lat' dir='ltr'><strong>rite</strong></span> <span class='ocrx_word' id='word_1_506' title='bbox 3086 2908 3340 2962; x_wconf 85' lang='lat' dir='ltr'><strong>superna.</strong></span> 
     </span>
    </p>
   </div>
   <div class='ocr_carea' id='block_1_85' title="bbox 2044 2966 3249 3051">
    <p class='ocr_par' dir='ltr' id='par_1_85' title="bbox 2044 2966 3249 3051">
     <span class='ocr_line' id='line_1_85' title="bbox 2044 2966 3249 3051; baseline 0.016 -33"><span class='ocrx_word' id='word_1_507' title='bbox 2044 2966 2215 3035; x_wconf 88' lang='lat' dir='ltr'><strong>Ipsius</strong></span> <span class='ocrx_word' id='word_1_508' title='bbox 2248 2969 2455 3023; x_wconf 90' lang='lat' dir='ltr'><strong>titulum</strong></span> <span class='ocrx_word' id='word_1_509' title='bbox 2483 2973 2613 3026; x_wconf 91' lang='lat' dir='ltr'><strong>tanti</strong></span> <span class='ocrx_word' id='word_1_510' title='bbox 2644 2974 2959 3045; x_wconf 84' lang='lat' dir='ltr'><strong>clarumque</strong></span> <span class='ocrx_word' id='word_1_511' title='bbox 2993 2982 3249 3051; x_wconf 89' lang='lat' dir='ltr'><strong>triumphi</strong></span> 
     </span>
    </p>
   </div>
   <div class='ocr_carea' id='block_1_86' title="bbox 2048 3056 3323 3138">
    <p class='ocr_par' dir='ltr' id='par_1_86' title="bbox 2048 3056 3323 3138">
     <span class='ocr_line' id='line_1_86' title="bbox 2048 3056 3323 3138; baseline 0.015 -30"><span class='ocrx_word' id='word_1_512' title='bbox 2048 3056 2161 3110; x_wconf 63' lang='lat' dir='ltr'><strong>Non</strong></span> <span class='ocrx_word' id='word_1_513' title='bbox 2192 3059 2314 3120; x_wconf 87' lang='lat' dir='ltr'><strong>sibi,</strong></span> <span class='ocrx_word' id='word_1_514' title='bbox 2338 3062 2429 3113; x_wconf 91' lang='lat' dir='ltr'><strong>sed</strong></span> <span class='ocrx_word' id='word_1_515' title='bbox 2456 3060 2655 3117; x_wconf 84' lang='lat' dir='ltr'><strong>Christi</strong></span> <span class='ocrx_word' id='word_1_516' title='bbox 2685 3067 2987 3135; x_wconf 82' lang='lat' dir='ltr'><strong>uesignavit</strong></span> <span class='ocrx_word' id='word_1_517' title='bbox 3013 3072 3212 3138; x_wconf 75' lang='lat' dir='ltr'><strong>pietale</strong></span> <span class='ocrx_word' id='word_1_518' title='bbox 3239 3076 3323 3126; x_wconf 58' lang='lat'><strong>&quot;&#39;3.</strong></span> 
     </span>
    </p>
   </div>
   <div class='ocr_carea' id='block_1_87' title="bbox 1966 3130 3628 3237">
    <p class='ocr_par' dir='ltr' id='par_1_87' title="bbox 1966 3130 3628 3237">
     <span class='ocr_line' id='line_1_87' title="bbox 1966 3130 3628 3237; baseline 0.019 -42"><span class='ocrx_word' id='word_1_519' title='bbox 1966 3130 2011 3189; x_wconf 68' lang='grc' dir='ltr'>Ο</span> <span class='ocrx_word' id='word_1_520' title='bbox 2092 3147 2211 3215; x_wconf 75' lang='lat' dir='ltr'><strong>(.In.</strong></span> <span class='ocrx_word' id='word_1_521' title='bbox 2230 3148 2323 3201; x_wconf 72' lang='grc'><strong>941</strong></span> <span class='ocrx_word' id='word_1_522' title='bbox 2397 3149 2487 3203; x_wconf 86' lang='lat' dir='ltr'><strong>llis</strong></span> <span class='ocrx_word' id='word_1_523' title='bbox 2502 3154 2571 3205; x_wconf 85' lang='lat' dir='ltr'><strong>ita</strong></span> <span class='ocrx_word' id='word_1_524' title='bbox 2592 3154 2832 3223; x_wconf 73' lang='lat' dir='ltr'><strong>digestis,</strong></span> <span class='ocrx_word' id='word_1_525' title='bbox 2852 3159 3117 3213; x_wconf 87' lang='lat' dir='ltr'><strong>modicum</strong></span> <span class='ocrx_word' id='word_1_526' title='bbox 3136 3170 3346 3233; x_wconf 87' lang='lat' dir='ltr'><strong>tempus</strong></span> <span class='ocrx_word' id='word_1_527' title='bbox 3365 3171 3628 3237; x_wconf 70' lang='lat' dir='ltr'><strong>requievi!</strong></span> 
     </span>
    </p>
   </div>
   <div class='ocr_carea' id='block_1_88' title="bbox 2046 3237 3194 3309">
    <p class='ocr_par' dir='ltr' id='par_1_88' title="bbox 2046 3237 3194 3309">
     <span class='ocr_line' id='line_1_88' title="bbox 2046 3237 3194 3309; baseline 0.013 -21"><span class='ocrx_word' id='word_1_528' title='bbox 2046 3237 2230 3288; x_wconf 74' lang='lat' dir='ltr'><strong>(livilis</strong></span> <span class='ocrx_word' id='word_1_529' title='bbox 2261 3238 2383 3291; x_wconf 86' lang='lat' dir='ltr'><strong>belli</strong></span> <span class='ocrx_word' id='word_1_530' title='bbox 2414 3242 2642 3309; x_wconf 91' lang='lat' dir='ltr'><strong>populus</strong></span> <span class='ocrx_word' id='word_1_531' title='bbox 2682 3244 2973 3300; x_wconf 82' lang='lat' dir='ltr'><strong>luctamine</strong></span> <span class='ocrx_word' id='word_1_532' title='bbox 3006 3250 3194 3303; x_wconf 84' lang='lat' dir='ltr'><strong>laSsns.</strong></span> 
     </span>
    </p>
   </div>
   <div class='ocr_carea' id='block_1_89' title="bbox 2047 3324 3451 3407">
    <p class='ocr_par' dir='ltr' id='par_1_89' title="bbox 2047 3324 3451 3407">
     <span class='ocr_line' id='line_1_89' title="bbox 2047 3324 3451 3407; baseline 0.016 -30"><span class='ocrx_word' id='word_1_533' title='bbox 2047 3324 2152 3378; x_wconf 88' lang='lat' dir='ltr'><strong>Sed</strong></span> <span class='ocrx_word' id='word_1_534' title='bbox 2181 3343 2279 3381; x_wconf 90' lang='lat' dir='ltr'><strong>nec</strong></span> <span class='ocrx_word' id='word_1_535' title='bbox 2310 3330 2386 3383; x_wconf 89' lang='lat' dir='ltr'><strong>sic</strong></span> <span class='ocrx_word' id='word_1_536' title='bbox 2415 3333 2614 3385; x_wconf 90' lang='lat' dir='ltr'><strong>veteris</strong></span> <span class='ocrx_word' id='word_1_537' title='bbox 2641 3332 2799 3387; x_wconf 88' lang='lat' dir='ltr'><strong>linem</strong></span> <span class='ocrx_word' id='word_1_538' title='bbox 2826 3339 3057 3405; x_wconf 85' lang='lat' dir='ltr'><strong>sumpsit</strong></span> <span class='ocrx_word' id='word_1_539' title='bbox 3078 3341 3232 3395; x_wconf 88' lang='lat' dir='ltr'><strong>dolus</strong></span> <span class='ocrx_word' id='word_1_540' title='bbox 3257 3344 3451 3407; x_wconf 82' lang='lat' dir='ltr'><strong>hostis.</strong></span> 
     </span>
    </p>
   </div>
   <div class='ocr_carea' id='block_1_90' title="bbox 2044 3413 3482 3495">
    <p class='ocr_par' dir='ltr' id='par_1_90' title="bbox 2044 3413 3482 3495">
     <span class='ocr_line' id='line_1_90' title="bbox 2044 3413 3482 3495; baseline 0.017 -34"><span class='ocrx_word' id='word_1_541' title='bbox 2044 3413 2144 3478; x_wconf 91' lang='lat' dir='ltr'><strong>Qui</strong></span> <span class='ocrx_word' id='word_1_542' title='bbox 2181 3429 2392 3484; x_wconf 89' lang='lat' dir='ltr'><strong>semper</strong></span> <span class='ocrx_word' id='word_1_543' title='bbox 2420 3416 2634 3485; x_wconf 82' lang='lat' dir='ltr'><strong>fragiles</strong></span> <span class='ocrx_word' id='word_1_544' title='bbox 2668 3431 2889 3489; x_wconf 89' lang='lat' dir='ltr'><strong>temptat</strong></span> <span class='ocrx_word' id='word_1_545' title='bbox 2923 3438 3228 3494; x_wconf 86' lang='lat' dir='ltr'><strong>pervertere</strong></span> <span class='ocrx_word' id='word_1_546' title='bbox 3256 3444 3482 3495; x_wconf 76' lang='lat' dir='ltr'><strong>mentes.</strong></span> 
     </span>
    </p>
   </div>
   <div class='ocr_carea' id='block_1_91' title="bbox 2044 3502 3479 3589">
    <p class='ocr_par' dir='ltr' id='par_1_91' title="bbox 2044 3502 3479 3589">
     <span class='ocr_line' id='line_1_91' title="bbox 2044 3502 3479 3589; baseline 0.016 -34"><span class='ocrx_word' id='word_1_547' title='bbox 2044 3502 2173 3555; x_wconf 75' lang='lat' dir='ltr'><strong>i&#39;ost</strong></span> <span class='ocrx_word' id='word_1_548' title='bbox 2198 3505 2396 3557; x_wconf 88' lang='lat' dir='ltr'><strong>factum</strong></span> <span class='ocrx_word' id='word_1_549' title='bbox 2421 3504 2629 3562; x_wconf 87' lang='lat' dir='ltr'><strong>facinus</strong></span> <span class='ocrx_word' id='word_1_550' title='bbox 2660 3514 2894 3566; x_wconf 88' lang='lat' dir='ltr'><strong>suadens</strong></span> <span class='ocrx_word' id='word_1_551' title='bbox 2922 3518 3282 3583; x_wconf 89' lang='lat' dir='ltr'><strong>superaddere</strong></span> <span class='ocrx_word' id='word_1_552' title='bbox 3309 3524 3479 3589; x_wconf 82' lang='lat' dir='ltr'><strong>pejus.</strong></span> 
     </span>
    </p>
   </div>
   <div class='ocr_carea' id='block_1_92' title="bbox 2046 3592 3359 3673">
    <p class='ocr_par' dir='ltr' id='par_1_92' title="bbox 2046 3592 3359 3673">
     <span class='ocr_line' id='line_1_92' title="bbox 2046 3592 3359 3673; baseline 0.014 -28"><span class='ocrx_word' id='word_1_553' title='bbox 2046 3592 2240 3646; x_wconf 83' lang='lat' dir='ltr'><strong>Fertur</strong></span> <span class='ocrx_word' id='word_1_554' title='bbox 2271 3606 2514 3663; x_wconf 86' lang='lat' dir='ltr'><strong>perccrtc</strong></span> <span class='ocrx_word' id='word_1_555' title='bbox 2542 3602 2879 3666; x_wconf 85' lang='lat' dir='ltr'><strong>quorundam</strong></span> <span class='ocrx_word' id='word_1_556' title='bbox 2909 3616 3128 3673; x_wconf 71' lang='lat' dir='ltr'><strong>pectora</strong></span> <span class='ocrx_word' id='word_1_557' title='bbox 3156 3610 3221 3641; x_wconf 68' lang='lat'><strong>&#39;9&quot;</strong></span> <span class='ocrx_word' id='word_1_558' title='bbox 3254 3612 3359 3665; x_wconf 86' lang='lat' dir='ltr'><strong>bile</strong></span> 
     </span>
    </p>
   </div>
   <div class='ocr_carea' id='block_1_93' title="bbox 2046 3681 3278 3760">
    <p class='ocr_par' dir='ltr' id='par_1_93' title="bbox 2046 3681 3278 3760">
     <span class='ocr_line' id='line_1_93' title="bbox 2046 3681 3278 3760; baseline 0.015 -26"><span class='ocrx_word' id='word_1_559' title='bbox 2046 3681 2220 3736; x_wconf 90' lang='lat' dir='ltr'><strong>Tanto</strong></span> <span class='ocrx_word' id='word_1_560' title='bbox 2243 3684 2481 3752; x_wconf 88' lang='lat' dir='ltr'><strong>pestiferi</strong></span> <span class='ocrx_word' id='word_1_561' title='bbox 2512 3689 2725 3741; x_wconf 85' lang='lat' dir='ltr'><strong>tandem</strong></span> <span class='ocrx_word' id='word_1_562' title='bbox 2757 3705 3039 3758; x_wconf 88' lang='lat' dir='ltr'><strong>penetrare</strong></span> <span class='ocrx_word' id='word_1_563' title='bbox 3070 3701 3278 3760; x_wconf 90' lang='lat' dir='ltr'><strong>veneni.</strong></span> 
     </span>
    </p>
   </div>
   <div class='ocr_carea' id='block_1_94' title="bbox 2051 3772 3158 3849">
    <p class='ocr_par' dir='ltr' id='par_1_94' title="bbox 2051 3772 3158 3849">
     <span class='ocr_line' id='line_1_94' title="bbox 2051 3772 3158 3849; baseline 0.014 -22"><span class='ocrx_word' id='word_1_564' title='bbox 2051 3772 2118 3827; x_wconf 74' lang='lat' dir='ltr'><strong>Ut</strong></span> <span class='ocrx_word' id='word_1_565' title='bbox 2148 3785 2372 3829; x_wconf 88' lang='lat' dir='ltr'><strong>mortem</strong></span> <span class='ocrx_word' id='word_1_566' title='bbox 2412 3778 2519 3846; x_wconf 84' lang='lat' dir='ltr'><strong>regi</strong></span> <span class='ocrx_word' id='word_1_567' title='bbox 2553 3779 2749 3833; x_wconf 89' lang='lat' dir='ltr'><strong>vellent</strong></span> <span class='ocrx_word' id='word_1_568' title='bbox 2772 3782 2971 3838; x_wconf 90' lang='lat' dir='ltr'><strong>inferre</strong></span> <span class='ocrx_word' id='word_1_569' title='bbox 2996 3786 3158 3849; x_wconf 88' lang='lat' dir='ltr'><strong>fideli,</strong></span> 
     </span>
    </p>
   </div>
   <div class='ocr_carea' id='block_1_95' title="bbox 2046 3862 3331 3948">
    <p class='ocr_par' dir='ltr' id='par_1_95' title="bbox 2046 3862 3331 3948">
     <span class='ocr_line' id='line_1_95' title="bbox 2046 3862 3331 3948; baseline 0.016 -33"><span class='ocrx_word' id='word_1_570' title='bbox 2046 3862 2217 3930; x_wconf 89' lang='lat' dir='ltr'><strong>Ipsius</strong></span> <span class='ocrx_word' id='word_1_571' title='bbox 2238 3875 2291 3918; x_wconf 91' lang='lat' dir='ltr'><strong>ct</strong></span> <span class='ocrx_word' id='word_1_572' title='bbox 2319 3867 2538 3919; x_wconf 89' lang='lat' dir='ltr'><strong>l&#39;ratrcm</strong></span> <span class='ocrx_word' id='word_1_573' title='bbox 2565 3870 2757 3937; x_wconf 81' lang='lat' dir='ltr'><strong>populo</strong></span> <span class='ocrx_word' id='word_1_574' title='bbox 2782 3886 3098 3942; x_wconf 77' lang='lat' dir='ltr'><strong>praeponere</strong></span> <span class='ocrx_word' id='word_1_575' title='bbox 3121 3893 3331 3948; x_wconf 84' lang='lat' dir='ltr'><strong>regem;</strong></span> 
     </span>
    </p>
   </div>
   <div class='ocr_carea' id='block_1_96' title="bbox 2046 3952 3627 4039">
    <p class='ocr_par' dir='ltr' id='par_1_96' title="bbox 2046 3952 3627 4039">
     <span class='ocr_line' id='line_1_96' title="bbox 2046 3952 3627 4039; baseline 0.019 -34"><span class='ocrx_word' id='word_1_576' title='bbox 2046 3952 2153 4009; x_wconf 79' lang='lat' dir='ltr'><strong>Nec</strong></span> <span class='ocrx_word' id='word_1_577' title='bbox 2183 3957 2410 4011; x_wconf 86' lang='lat' dir='ltr'><strong>timuere</strong></span> <span class='ocrx_word' id='word_1_578' title='bbox 2441 3959 2582 4011; x_wconf 88' lang='lat' dir='ltr'><strong>diem</strong></span> <span class='ocrx_word' id='word_1_579' title='bbox 2627 3963 2842 4028; x_wconf 73' lang='lat' dir='ltr'><strong>paschze</strong></span> <span class='ocrx_word' id='word_1_580' title='bbox 2872 3965 3061 4033; x_wconf 75' lang='lat' dir='ltr'><strong>(April.</strong></span> <span class='ocrx_word' id='word_1_581' title='bbox 3109 3970 3189 4039; x_wconf 89' lang='lat' dir='ltr'><strong>l8)</strong></span> <span class='ocrx_word' id='word_1_582' title='bbox 3229 3984 3471 4029; x_wconf 78' lang='lat' dir='ltr'><strong>sanctum</strong></span> <span class='ocrx_word' id='word_1_583' title='bbox 3512 3996 3627 4035; x_wconf 82' lang='lat' dir='ltr'><strong>nta-</strong></span> 
     </span>
    </p>
   </div>
   <div class='ocr_carea' id='block_1_97' title="bbox 2048 4044 3215 4127">
    <p class='ocr_par' dir='ltr' id='par_1_97' title="bbox 2048 4044 3215 4127">
     <span class='ocr_line' id='line_1_97' title="bbox 2048 4044 3215 4127; baseline 0.014 -29"><span class='ocrx_word' id='word_1_584' title='bbox 2048 4044 2101 4099; x_wconf 91' lang='lat' dir='ltr'><strong>Si</strong></span> <span class='ocrx_word' id='word_1_585' title='bbox 2134 4058 2314 4115; x_wconf 89' lang='lat' dir='ltr'><strong>posset</strong></span> <span class='ocrx_word' id='word_1_586' title='bbox 2337 4050 2450 4103; x_wconf 83' lang='lat' dir='ltr'><strong>fieri</strong></span> <span class='ocrx_word' id='word_1_587' title='bbox 2482 4051 2598 4104; x_wconf 86' lang='lat' dir='ltr'><strong>fuso</strong></span> <span class='ocrx_word' id='word_1_588' title='bbox 2636 4069 2757 4107; x_wconf 90' lang='lat' dir='ltr'><strong>cum</strong></span> <span class='ocrx_word' id='word_1_589' title='bbox 2783 4058 3043 4125; x_wconf 87' lang='lat' dir='ltr'><strong>sanguine</strong></span> <span class='ocrx_word' id='word_1_590' title='bbox 3063 4060 3215 4127; x_wconf 82' lang='lat' dir='ltr'><strong>justi.</strong></span> 
     </span>
    </p>
   </div>
   <div class='ocr_carea' id='block_1_98' title="bbox 2046 4134 3259 4217">
    <p class='ocr_par' dir='ltr' id='par_1_98' title="bbox 2046 4134 3259 4217">
     <span class='ocr_line' id='line_1_98' title="bbox 2046 4134 3259 4217; baseline 0.014 -29"><span class='ocrx_word' id='word_1_591' title='bbox 2046 4134 2151 4189; x_wconf 90' lang='lat' dir='ltr'><strong>Sed</strong></span> <span class='ocrx_word' id='word_1_592' title='bbox 2181 4151 2285 4189; x_wconf 91' lang='lat' dir='ltr'><strong>non</strong></span> <span class='ocrx_word' id='word_1_593' title='bbox 2318 4142 2591 4194; x_wconf 86' lang='lat' dir='ltr'><strong>consensit</strong></span> <span class='ocrx_word' id='word_1_594' title='bbox 2615 4143 2749 4196; x_wconf 89' lang='lat' dir='ltr'><strong>tanti</strong></span> <span class='ocrx_word' id='word_1_595' title='bbox 2788 4148 3072 4200; x_wconf 89' lang='lat' dir='ltr'><strong>connnissa</strong></span> <span class='ocrx_word' id='word_1_596' title='bbox 3102 4152 3259 4217; x_wconf 76' lang='lat' dir='ltr'><strong>piarli</strong></span> 
     </span>
    </p>
   </div>
   <div class='ocr_carea' id='block_1_99' title="bbox 3324 4067 3551 4137">
    <p class='ocr_par' dir='ltr' id='par_1_99' title="bbox 3324 4067 3551 4137">
     <span class='ocr_line' id='line_1_99' title="bbox 3324 4067 3551 4137; baseline 0.018 -17"><span class='ocrx_word' id='word_1_597' title='bbox 3324 4067 3551 4137; x_wconf 82' lang='lat' dir='ltr'><strong>[enlare,</strong></span> 
     </span>
    </p>
   </div>
   <div class='ocr_carea' id='block_1_100' title="bbox 1992 4226 3339 4300">
    <p class='ocr_par' dir='ltr' id='par_1_100' title="bbox 1992 4226 3339 4300">
     <span class='ocr_line' id='line_1_100' title="bbox 1992 4226 3339 4300; baseline 0.013 -22"><span class='ocrx_word' id='word_1_598' title='bbox 1992 4227 1997 4233; x_wconf 83' lang='grc'><em>’</em></span> <span class='ocrx_word' id='word_1_599' title='bbox 2043 4226 2228 4293; x_wconf 83' lang='lat' dir='ltr'><strong>Agnus</strong></span> <span class='ocrx_word' id='word_1_600' title='bbox 2250 4228 2541 4295; x_wconf 83' lang='lat' dir='ltr'><strong>paschalis,</strong></span> <span class='ocrx_word' id='word_1_601' title='bbox 2573 4231 2663 4299; x_wconf 93' lang='lat' dir='ltr'><strong>qui</strong></span> <span class='ocrx_word' id='word_1_602' title='bbox 2691 4248 2786 4300; x_wconf 86' lang='lat' dir='ltr'><strong>pro</strong></span> <span class='ocrx_word' id='word_1_603' title='bbox 2817 4236 2968 4289; x_wconf 84' lang='lat' dir='ltr'><strong>nobis</strong></span> <span class='ocrx_word' id='word_1_604' title='bbox 3013 4241 3339 4295; x_wconf 66' lang='lat' dir='ltr'><strong>rcditttt&#39;ttslis</strong></span> 
     </span>
    </p>
   </div>
   <div class='ocr_carea' id='block_1_101' title="bbox 2046 4316 3428 4402">
    <p class='ocr_par' dir='ltr' id='par_1_101' title="bbox 2046 4316 3428 4402">
     <span class='ocr_line' id='line_1_101' title="bbox 2046 4316 3428 4402; baseline 0.015 -33"><span class='ocrx_word' id='word_1_605' title='bbox 2046 4316 2115 4370; x_wconf 89' lang='lat' dir='ltr'><strong>Se</strong></span> <span class='ocrx_word' id='word_1_606' title='bbox 2150 4318 2297 4371; x_wconf 83' lang='lat' dir='ltr'><strong>dedit</strong></span> <span class='ocrx_word' id='word_1_607' title='bbox 2324 4319 2550 4374; x_wconf 81' lang='lat' dir='ltr'><strong>electura</strong></span> <span class='ocrx_word' id='word_1_608' title='bbox 2578 4324 2714 4391; x_wconf 88' lang='lat' dir='ltr'><strong>patri</strong></span> <span class='ocrx_word' id='word_1_609' title='bbox 2748 4328 2981 4381; x_wconf 89' lang='lat' dir='ltr'><strong>moriens</strong></span> <span class='ocrx_word' id='word_1_610' title='bbox 3019 4331 3387 4389; x_wconf 83' lang='lat' dir='ltr'><strong>liolocauslnm</strong></span> <span class='ocrx_word' id='word_1_611' title='bbox 3414 4357 3428 4402; x_wconf 83' lang='lat'><strong>;</strong></span> 
     </span>
    </p>
   </div>
   <div class='ocr_carea' id='block_1_102' title="bbox 2046 4407 3333 4490">
    <p class='ocr_par' dir='ltr' id='par_1_102' title="bbox 2046 4407 3333 4490">
     <span class='ocr_line' id='line_1_102' title="bbox 2046 4407 3333 4490; baseline 0.014 -29"><span class='ocrx_word' id='word_1_612' title='bbox 2046 4407 2149 4463; x_wconf 81' lang='lat' dir='ltr'><strong>Sed</strong></span> <span class='ocrx_word' id='word_1_613' title='bbox 2188 4426 2309 4463; x_wconf 75' lang='lat' dir='ltr'><strong>mox</strong></span> <span class='ocrx_word' id='word_1_614' title='bbox 2334 4413 2614 4466; x_wconf 88' lang='lat' dir='ltr'><strong>consilium</strong></span> <span class='ocrx_word' id='word_1_615' title='bbox 2637 4416 2846 4470; x_wconf 86' lang='lat' dir='ltr'><strong>cunctis</strong></span> <span class='ocrx_word' id='word_1_616' title='bbox 2878 4420 3096 4474; x_wconf 86' lang='lat' dir='ltr'><strong>nudavit</strong></span> <span class='ocrx_word' id='word_1_617' title='bbox 3121 4438 3333 4490; x_wconf 87' lang='lat' dir='ltr'><strong>eorum,</strong></span> 
     </span>
    </p>
   </div>
   <div class='ocr_carea' id='block_1_103' title="bbox 2050 4498 3321 4580">
    <p class='ocr_par' dir='ltr' id='par_1_103' title="bbox 2050 4498 3321 4580">
     <span class='ocr_line' id='line_1_103' title="bbox 2050 4498 3321 4580; baseline 0.016 -31"><span class='ocrx_word' id='word_1_618' title='bbox 2050 4498 2114 4550; x_wconf 64' lang='lat' dir='ltr'><strong>lit</strong></span> <span class='ocrx_word' id='word_1_619' title='bbox 2142 4500 2217 4553; x_wconf 90' lang='lat' dir='ltr'><strong>sic</strong></span> <span class='ocrx_word' id='word_1_620' title='bbox 2245 4500 2471 4554; x_wconf 81' lang='lat' dir='ltr'><strong>insontis</strong></span> <span class='ocrx_word' id='word_1_621' title='bbox 2495 4502 2730 4559; x_wconf 80' lang='lat' dir='ltr'><strong>salvatus</strong></span> <span class='ocrx_word' id='word_1_622' title='bbox 2750 4516 2867 4559; x_wconf 89' lang='lat' dir='ltr'><strong>erat</strong></span> <span class='ocrx_word' id='word_1_623' title='bbox 2900 4508 3036 4565; x_wconf 88' lang='lat' dir='ltr'><strong>bene</strong></span> <span class='ocrx_word' id='word_1_624' title='bbox 3059 4516 3279 4580; x_wconf 81' lang='lat' dir='ltr'><strong>sanguis</strong></span> <span class='ocrx_word' id='word_1_625' title='bbox 3308 4533 3321 4579; x_wconf 86' lang='lat'><strong>;</strong></span> 
     </span>
    </p>
   </div>
   <div class='ocr_carea' id='block_1_104' title="bbox 2046 4587 3359 4666">
    <p class='ocr_par' dir='ltr' id='par_1_104' title="bbox 2046 4587 3359 4666">
     <span class='ocr_line' id='line_1_104' title="bbox 2046 4587 3359 4666; baseline 0.014 -28"><span class='ocrx_word' id='word_1_626' title='bbox 2046 4587 2255 4658; x_wconf 89' lang='lat' dir='ltr'><strong>Quique</strong></span> <span class='ocrx_word' id='word_1_627' title='bbox 2288 4590 2363 4643; x_wconf 92' lang='lat' dir='ltr'><strong>rei</strong></span> <span class='ocrx_word' id='word_1_628' title='bbox 2398 4591 2582 4659; x_wconf 87' lang='lat' dir='ltr'><strong>placiti</strong></span> <span class='ocrx_word' id='word_1_629' title='bbox 2613 4592 2677 4623; x_wconf 74' lang='grc'>¹⁹⁸</span> <span class='ocrx_word' id='word_1_630' title='bbox 2705 4602 2829 4647; x_wconf 90' lang='lat' dir='ltr'><strong>sunt</strong></span> <span class='ocrx_word' id='word_1_631' title='bbox 2858 4596 3058 4653; x_wconf 90' lang='lat' dir='ltr'><strong>inventi</strong></span> <span class='ocrx_word' id='word_1_632' title='bbox 3081 4604 3359 4666; x_wconf 88' lang='lat' dir='ltr'><strong>scelerosi.</strong></span> 
     </span>
    </p>
   </div>
   <div class='ocr_carea' id='block_1_105' title="bbox 2046 4680 3403 4752">
    <p class='ocr_par' dir='ltr' id='par_1_105' title="bbox 2046 4680 3403 4752">
     <span class='ocr_line' id='line_1_105' title="bbox 2046 4680 3403 4752; baseline 0.013 -20"><span class='ocrx_word' id='word_1_633' title='bbox 2046 4680 2149 4732; x_wconf 86' lang='lat' dir='ltr'><strong>I&#39;ro</strong></span> <span class='ocrx_word' id='word_1_634' title='bbox 2174 4680 2387 4735; x_wconf 87' lang='lat' dir='ltr'><strong>modulo</strong></span> <span class='ocrx_word' id='word_1_635' title='bbox 2417 4682 2586 4751; x_wconf 67' lang='lat' dir='ltr'><strong>culpa:</strong></span> <span class='ocrx_word' id='word_1_636' title='bbox 2618 4685 2793 4752; x_wconf 75' lang='lat' dir='ltr'><strong>ptenis</strong></span> <span class='ocrx_word' id='word_1_637' title='bbox 2817 4684 3139 4743; x_wconf 89' lang='lat' dir='ltr'><strong>damnantur</strong></span> <span class='ocrx_word' id='word_1_638' title='bbox 3161 4697 3361 4750; x_wconf 87' lang='lat' dir='ltr'><strong>amaris</strong></span> <span class='ocrx_word' id='word_1_639' title='bbox 3390 4716 3403 4750; x_wconf 86' lang='lat'><strong>:</strong></span> 
     </span>
    </p>
   </div>
   <div class='ocr_carea' id='block_1_106' title="bbox 2046 4769 3311 4849">
    <p class='ocr_par' dir='ltr' id='par_1_106' title="bbox 2046 4769 3311 4849">
     <span class='ocr_line' id='line_1_106' title="bbox 2046 4769 3311 4849; baseline 0.013 -30"><span class='ocrx_word' id='word_1_640' title='bbox 2046 4769 2270 4834; x_wconf 78' lang='lat' dir='ltr'><strong>Quidam</strong></span> <span class='ocrx_word' id='word_1_641' title='bbox 2296 4769 2505 4840; x_wconf 89' lang='lat' dir='ltr'><strong>judicio</strong></span> <span class='ocrx_word' id='word_1_642' title='bbox 2534 4774 2720 4844; x_wconf 76' lang='lat' dir='ltr'><strong>quidni</strong></span> <span class='ocrx_word' id='word_1_643' title='bbox 2746 4776 2943 4831; x_wconf 88' lang='lat' dir='ltr'><strong>dantur</strong></span> <span class='ocrx_word' id='word_1_644' title='bbox 2975 4779 3041 4811; x_wconf 79' lang='grc'><strong>¹⁹⁶</strong></span> <span class='ocrx_word' id='word_1_645' title='bbox 3076 4784 3311 4849; x_wconf 85' lang='lat' dir='ltr'><strong>capitali,</strong></span> 
     </span>
    </p>
   </div>
   <div class='ocr_carea' id='block_1_107' title="bbox 2046 4860 3335 4935">
    <p class='ocr_par' dir='ltr' id='par_1_107' title="bbox 2046 4860 3335 4935">
     <span class='ocr_line' id='line_1_107' title="bbox 2046 4860 3335 4935; baseline 0.015 -26"><span class='ocrx_word' id='word_1_646' title='bbox 2046 4860 2271 4924; x_wconf 88' lang='lat' dir='ltr'><strong>Quidam</strong></span> <span class='ocrx_word' id='word_1_647' title='bbox 2298 4864 2361 4914; x_wconf 92' lang='lat' dir='ltr'><strong>de</strong></span> <span class='ocrx_word' id='word_1_648' title='bbox 2393 4864 2567 4930; x_wconf 88' lang='lat' dir='ltr'><strong>patria</strong></span> <span class='ocrx_word' id='word_1_649' title='bbox 2600 4864 2756 4935; x_wconf 89' lang='lat' dir='ltr'><strong>longe</strong></span> <span class='ocrx_word' id='word_1_650' title='bbox 2782 4867 3054 4935; x_wconf 84' lang='lat' dir='ltr'><strong>pelluntur</strong></span> <span class='ocrx_word' id='word_1_651' title='bbox 3084 4875 3335 4927; x_wconf 83' lang='lat' dir='ltr'><strong>amanda.</strong></span> 
     </span>
    </p>
   </div>
   <div class='ocr_carea' id='block_1_108' title="bbox 2116 4951 3421 5033">
    <p class='ocr_par' dir='ltr' id='par_1_108' title="bbox 2116 4951 3421 5033">
     <span class='ocr_line' id='line_1_108' title="bbox 2116 4951 3421 5033; baseline 0.013 -29"><span class='ocrx_word' id='word_1_652' title='bbox 2116 4951 2242 5005; x_wconf 84' lang='lat' dir='ltr'><strong>Post</strong></span> <span class='ocrx_word' id='word_1_653' title='bbox 2275 4953 2389 5007; x_wconf 77' lang='lat' dir='ltr'><strong>Inec</strong></span> <span class='ocrx_word' id='word_1_654' title='bbox 2426 4953 2693 5010; x_wconf 79' lang='lat' dir='ltr'><strong>lIenricns</strong></span> <span class='ocrx_word' id='word_1_655' title='bbox 2724 4956 2891 5012; x_wconf 88' lang='lat' dir='ltr'><strong>frater</strong></span> <span class='ocrx_word' id='word_1_656' title='bbox 2929 4961 3071 5031; x_wconf 86' lang='lat' dir='ltr'><strong>regis</strong></span> <span class='ocrx_word' id='word_1_657' title='bbox 3096 4978 3421 5033; x_wconf 86' lang='lat' dir='ltr'><strong>generosus.</strong></span> 
     </span>
    </p>
   </div>
   <div class='ocr_carea' id='block_1_109' title="bbox 2045 5043 3283 5118">
    <p class='ocr_par' dir='ltr' id='par_1_109' title="bbox 2045 5043 3283 5118">
     <span class='ocr_line' id='line_1_109' title="bbox 2045 5043 3283 5118; baseline 0.01 -19"><span class='ocrx_word' id='word_1_658' title='bbox 2045 5043 2244 5099; x_wconf 89' lang='lat' dir='ltr'><strong>Christi</strong></span> <span class='ocrx_word' id='word_1_659' title='bbox 2276 5046 2501 5113; x_wconf 85' lang='lat' dir='ltr'><strong>gratiola</strong></span> <span class='ocrx_word' id='word_1_660' title='bbox 2532 5058 2705 5103; x_wconf 83' lang='lat' dir='ltr'><strong>tactus</strong></span> <span class='ocrx_word' id='word_1_661' title='bbox 2736 5051 2835 5105; x_wconf 91' lang='lat' dir='ltr'><strong>sub</strong></span> <span class='ocrx_word' id='word_1_662' title='bbox 2860 5053 3024 5107; x_wconf 86' lang='lat' dir='ltr'><strong>corde</strong></span> <span class='ocrx_word' id='word_1_663' title='bbox 3054 5067 3283 5118; x_wconf 87' lang='lat' dir='ltr'><strong>secreto,</strong></span> 
     </span>
    </p>
   </div>
   <div class='ocr_carea' id='block_1_110' title="bbox 2122 5132 2440 5187">
    <p class='ocr_par' dir='ltr' id='par_1_110' title="bbox 2122 5132 2440 5187">
     <span class='ocr_line' id='line_1_110' title="bbox 2122 5132 2440 5187; baseline 0.009 -3"><span class='ocrx_word' id='word_1_664' title='bbox 2122 5132 2275 5187; x_wconf 77' lang='lat' dir='ltr'><strong>Vcrs.</strong></span> <span class='ocrx_word' id='word_1_665' title='bbox 2317 5133 2440 5187; x_wconf 77' lang='lat'><strong>537.</strong></span> 
     </span>
    </p>
   </div>
   <div class='ocr_carea' id='block_1_111' title="bbox 1662 5246 2347 5314">
    <p class='ocr_par' dir='ltr' id='par_1_111' title="bbox 1662 5246 2347 5314">
     <span class='ocr_line' id='line_1_111' title="bbox 1662 5246 2347 5314; baseline -0.015 -7"><span class='ocrx_word' id='word_1_666' title='bbox 1662 5252 1894 5308; x_wconf 60' lang='lat' dir='ltr'><strong>VNIle</strong></span> <span class='ocrx_word' id='word_1_667' title='bbox 1938 5246 2347 5314; x_wconf 64' lang='lat' dir='ltr'><strong>LECTIONES.</strong></span> 
     </span>
    </p>
   </div>
  </div>
