  <div class='ocr_page' id='page_1' title='image "/cluster/home/n/w/nwhite01/storage/ocr_20150623/137/hvd.32044021286828/584.png"; bbox 0 0 4482 5548; ppageno 0'>
   <div class='ocr_carea' id='block_1_1' title="bbox 346 356 473 409">
    <p class='ocr_par' dir='ltr' id='par_1_1' title="bbox 346 356 473 409">
     <span class='ocr_line' id='line_1_1' title="bbox 346 356 473 409; baseline -0.016 0"><span class='ocrx_word' id='word_1_1' title='bbox 346 356 473 409; x_wconf 85' lang='grc'><strong>1161</strong></span> 
     </span>
    </p>
   </div>
   <div class='ocr_carea' id='block_1_2' title="bbox 340 463 1663 532">
    <p class='ocr_par' dir='ltr' id='par_1_2' title="bbox 340 463 1663 532">
     <span class='ocr_line' id='line_1_2' title="bbox 340 463 1663 532; baseline -0.005 -13"><span class='ocrx_word' id='word_1_2' title='bbox 340 464 557 519; x_wconf 65' lang='grc' dir='ltr'><strong>Πιρειω</strong></span> <span class='ocrx_word' id='word_1_3' title='bbox 589 463 780 518; x_wconf 86' lang='lat' dir='ltr'><strong>matris</strong></span> <span class='ocrx_word' id='word_1_4' title='bbox 818 472 1043 518; x_wconf 90' lang='lat' dir='ltr'><strong>mortem</strong></span> <span class='ocrx_word' id='word_1_5' title='bbox 1078 464 1313 532; x_wconf 88' lang='lat' dir='ltr'><strong>graviter</strong></span> <span class='ocrx_word' id='word_1_6' title='bbox 1340 464 1663 532; x_wconf 86' lang='lat' dir='ltr'><strong>pacicntcm,</strong></span> 
     </span>
    </p>
   </div>
   <div class='ocr_carea' id='block_1_3' title="bbox 340 554 1464 623">
    <p class='ocr_par' dir='ltr' id='par_1_3' title="bbox 340 554 1464 623">
     <span class='ocr_line' id='line_1_3' title="bbox 340 554 1464 623; baseline 0 -16"><span class='ocrx_word' id='word_1_7' title='bbox 340 554 544 608; x_wconf 80' lang='lat' dir='ltr'><strong>Alfectu</strong></span> <span class='ocrx_word' id='word_1_8' title='bbox 576 555 749 623; x_wconf 90' lang='lat' dir='ltr'><strong>patrio</strong></span> <span class='ocrx_word' id='word_1_9' title='bbox 773 569 980 608; x_wconf 88' lang='lat' dir='ltr'><strong>necnon</strong></span> <span class='ocrx_word' id='word_1_10' title='bbox 1012 556 1210 622; x_wconf 89' lang='lat' dir='ltr'><strong>pietate</strong></span> <span class='ocrx_word' id='word_1_11' title='bbox 1236 554 1464 623; x_wconf 84' lang='lat' dir='ltr'><strong>benigna</strong></span> 
     </span>
    </p>
   </div>
   <div class='ocr_carea' id='block_1_4' title="bbox 340 643 1591 714">
    <p class='ocr_par' dir='ltr' id='par_1_4' title="bbox 340 643 1591 714">
     <span class='ocr_line' id='line_1_4' title="bbox 340 643 1591 714; baseline 0.003 -20"><span class='ocrx_word' id='word_1_12' title='bbox 340 643 509 714; x_wconf 88' lang='lat' dir='ltr'><strong>Digno</strong></span> <span class='ocrx_word' id='word_1_13' title='bbox 536 645 607 675; x_wconf 82' lang='lat'><strong>&#39;&quot;</strong></span> <span class='ocrx_word' id='word_1_14' title='bbox 634 654 879 712; x_wconf 88' lang='lat' dir='ltr'><strong>percerte</strong></span> <span class='ocrx_word' id='word_1_15' title='bbox 898 644 1008 712; x_wconf 86' lang='lat' dir='ltr'><strong>jam</strong></span> <span class='ocrx_word' id='word_1_16' title='bbox 1033 643 1338 697; x_wconf 86' lang='lat' dir='ltr'><strong>sublimavit</strong></span> <span class='ocrx_word' id='word_1_17' title='bbox 1368 645 1591 705; x_wconf 85' lang='lat' dir='ltr'><strong>honore,</strong></span> 
     </span>
    </p>
   </div>
   <div class='ocr_carea' id='block_1_5' title="bbox 342 733 1502 803">
    <p class='ocr_par' dir='ltr' id='par_1_5' title="bbox 342 733 1502 803">
     <span class='ocr_line' id='line_1_5' title="bbox 342 733 1502 803; baseline -0.003 -16"><span class='ocrx_word' id='word_1_18' title='bbox 342 733 583 800; x_wconf 88' lang='lat' dir='ltr'><strong>Snbjecti</strong></span> <span class='ocrx_word' id='word_1_19' title='bbox 613 734 818 788; x_wconf 81' lang='lat' dir='ltr'><strong>faciens</strong></span> <span class='ocrx_word' id='word_1_20' title='bbox 847 734 995 801; x_wconf 90' lang='lat' dir='ltr'><strong>regni</strong></span> <span class='ocrx_word' id='word_1_21' title='bbox 1025 734 1183 803; x_wconf 80' lang='lat' dir='ltr'><strong>digne</strong></span> <span class='ocrx_word' id='word_1_22' title='bbox 1214 733 1502 787; x_wconf 87' lang='lat' dir='ltr'><strong>dominari.</strong></span> 
     </span>
    </p>
   </div>
   <div class='ocr_carea' id='block_1_6' title="bbox 340 820 1730 891">
    <p class='ocr_par' dir='ltr' id='par_1_6' title="bbox 340 820 1730 891">
     <span class='ocr_line' id='line_1_6' title="bbox 340 820 1730 891; baseline 0 -18"><span class='ocrx_word' id='word_1_23' title='bbox 340 820 561 875; x_wconf 82' lang='lat' dir='ltr'><strong>Necnon</strong></span> <span class='ocrx_word' id='word_1_24' title='bbox 600 821 961 891; x_wconf 88' lang='lat' dir='ltr'><strong>Liudgardam</strong></span> <span class='ocrx_word' id='word_1_25' title='bbox 986 820 1145 875; x_wconf 88' lang='lat' dir='ltr'><strong>simili</strong></span> <span class='ocrx_word' id='word_1_26' title='bbox 1175 836 1337 875; x_wconf 90' lang='lat' dir='ltr'><strong>causa</strong></span> <span class='ocrx_word' id='word_1_27' title='bbox 1370 822 1730 874; x_wconf 79' lang='lat' dir='ltr'><strong>venerandam</strong></span> 
     </span>
    </p>
   </div>
   <div class='ocr_carea' id='block_1_7' title="bbox 342 911 1496 982">
    <p class='ocr_par' dir='ltr' id='par_1_7' title="bbox 342 911 1496 982">
     <span class='ocr_line' id='line_1_7' title="bbox 342 911 1496 982; baseline -0.003 -15"><span class='ocrx_word' id='word_1_28' title='bbox 342 911 509 967; x_wconf 88' lang='lat' dir='ltr'><strong>Unica</strong></span> <span class='ocrx_word' id='word_1_29' title='bbox 537 911 751 967; x_wconf 82' lang='lat' dir='ltr'><strong>feminei</strong></span> <span class='ocrx_word' id='word_1_30' title='bbox 782 928 903 981; x_wconf 62' lang='lat' dir='ltr'><strong>qua:</strong></span> <span class='ocrx_word' id='word_1_31' title='bbox 927 926 1049 982; x_wconf 91' lang='lat' dir='ltr'><strong>spes</strong></span> <span class='ocrx_word' id='word_1_32' title='bbox 1079 927 1243 967; x_wconf 84' lang='lat' dir='ltr'><strong>sexus</strong></span> <span class='ocrx_word' id='word_1_33' title='bbox 1265 911 1363 965; x_wconf 69' lang='lat' dir='ltr'><strong>fuit</strong></span> <span class='ocrx_word' id='word_1_34' title='bbox 1391 912 1496 975; x_wconf 93' lang='lat' dir='ltr'><strong>illi,</strong></span> 
     </span>
    </p>
   </div>
   <div class='ocr_carea' id='block_1_8' title="bbox 339 1003 1538 1076">
    <p class='ocr_par' dir='ltr' id='par_1_8' title="bbox 339 1003 1538 1076">
     <span class='ocr_line' id='line_1_8' title="bbox 339 1003 1538 1076; baseline -0.001 -17"><span class='ocrx_word' id='word_1_35' title='bbox 339 1003 587 1059; x_wconf 88' lang='lat' dir='ltr'><strong>Graciola</strong></span> <span class='ocrx_word' id='word_1_36' title='bbox 620 1006 778 1074; x_wconf 88' lang='lat' dir='ltr'><strong>parili</strong></span> <span class='ocrx_word' id='word_1_37' title='bbox 807 1006 993 1071; x_wconf 91' lang='lat' dir='ltr'><strong>coluit,</strong></span> <span class='ocrx_word' id='word_1_38' title='bbox 1029 1006 1292 1076; x_wconf 75' lang='lat' dir='ltr'><strong>provexit,</strong></span> <span class='ocrx_word' id='word_1_39' title='bbox 1320 1005 1538 1059; x_wconf 81' lang='lat' dir='ltr'><strong>amavit.</strong></span> 
     </span>
    </p>
   </div>
   <div class='ocr_carea' id='block_1_9' title="bbox 342 1094 1726 1167">
    <p class='ocr_par' dir='ltr' id='par_1_9' title="bbox 342 1094 1726 1167">
     <span class='ocr_line' id='line_1_9' title="bbox 342 1094 1726 1167; baseline 0.001 -19"><span class='ocrx_word' id='word_1_40' title='bbox 342 1094 493 1151; x_wconf 85' lang='lat' dir='ltr'><strong>Hanc</strong></span> <span class='ocrx_word' id='word_1_41' title='bbox 517 1112 731 1167; x_wconf 84' lang='lat' dir='ltr'><strong>quoque</strong></span> <span class='ocrx_word' id='word_1_42' title='bbox 759 1097 1007 1153; x_wconf 85' lang='lat' dir='ltr'><strong>Conrado</strong></span> <span class='ocrx_word' id='word_1_43' title='bbox 1036 1098 1227 1153; x_wconf 88' lang='lat' dir='ltr'><strong>vinclis</strong></span> <span class='ocrx_word' id='word_1_44' title='bbox 1254 1098 1477 1153; x_wconf 78' lang='lat' dir='ltr'><strong>sociavit</strong></span> <span class='ocrx_word' id='word_1_45' title='bbox 1503 1098 1726 1156; x_wconf 81' lang='lat' dir='ltr'><strong>amoris.</strong></span> 
     </span>
    </p>
   </div>
   <div class='ocr_carea' id='block_1_10' title="bbox 342 1188 1794 1259">
    <p class='ocr_par' dir='ltr' id='par_1_10' title="bbox 342 1188 1794 1259">
     <span class='ocr_line' id='line_1_10' title="bbox 342 1188 1794 1259; baseline -0.001 -19"><span class='ocrx_word' id='word_1_46' title='bbox 342 1188 574 1258; x_wconf 85' lang='lat' dir='ltr'><strong>Egregio</strong></span> <span class='ocrx_word' id='word_1_47' title='bbox 610 1197 941 1259; x_wconf 89' lang='lat' dir='ltr'><strong>strenuoque</strong></span> <span class='ocrx_word' id='word_1_48' title='bbox 979 1190 1126 1254; x_wconf 92' lang='lat' dir='ltr'><strong>duci,</strong></span> <span class='ocrx_word' id='word_1_49' title='bbox 1153 1189 1377 1243; x_wconf 89' lang='lat' dir='ltr'><strong>nimium</strong></span> <span class='ocrx_word' id='word_1_50' title='bbox 1411 1204 1623 1257; x_wconf 88' lang='lat' dir='ltr'><strong>quoque</strong></span> <span class='ocrx_word' id='word_1_51' title='bbox 1651 1188 1794 1251; x_wconf 88' lang='lat' dir='ltr'><strong>forti,</strong></span> 
     </span>
    </p>
   </div>
   <div class='ocr_carea' id='block_1_11' title="bbox 344 1277 1665 1348">
    <p class='ocr_par' dir='ltr' id='par_1_11' title="bbox 344 1277 1665 1348">
     <span class='ocr_line' id='line_1_11' title="bbox 344 1277 1665 1348; baseline -0.001 -18"><span class='ocrx_word' id='word_1_52' title='bbox 344 1277 564 1331; x_wconf 83' lang='lat' dir='ltr'><strong>Munere</strong></span> <span class='ocrx_word' id='word_1_53' title='bbox 594 1279 685 1348; x_wconf 92' lang='lat' dir='ltr'><strong>qui</strong></span> <span class='ocrx_word' id='word_1_54' title='bbox 724 1280 847 1333; x_wconf 87' lang='lat' dir='ltr'><strong>talis</strong></span> <span class='ocrx_word' id='word_1_55' title='bbox 872 1281 1066 1347; x_wconf 86' lang='lat' dir='ltr'><strong>dignus</strong></span> <span class='ocrx_word' id='word_1_56' title='bbox 1100 1280 1384 1334; x_wconf 82' lang='lat' dir='ltr'><strong>constabat</strong></span> <span class='ocrx_word' id='word_1_57' title='bbox 1427 1278 1665 1332; x_wconf 85' lang='lat' dir='ltr'><strong>honoris.</strong></span> 
     </span>
    </p>
   </div>
   <div class='ocr_carea' id='block_1_12' title="bbox 345 1364 1592 1434">
    <p class='ocr_par' dir='ltr' id='par_1_12' title="bbox 345 1364 1592 1434">
     <span class='ocr_line' id='line_1_12' title="bbox 345 1364 1592 1434; baseline 0.001 -15"><span class='ocrx_word' id='word_1_58' title='bbox 345 1364 520 1434; x_wconf 88' lang='lat' dir='ltr'><strong>thue</strong></span> <span class='ocrx_word' id='word_1_59' title='bbox 551 1382 647 1420; x_wconf 91' lang='lat' dir='ltr'><strong>suo</strong></span> <span class='ocrx_word' id='word_1_60' title='bbox 670 1369 823 1421; x_wconf 88' lang='lat' dir='ltr'><strong>subdi</strong></span> <span class='ocrx_word' id='word_1_61' title='bbox 854 1378 981 1421; x_wconf 89' lang='lat' dir='ltr'><strong>nato</strong></span> <span class='ocrx_word' id='word_1_62' title='bbox 1008 1369 1079 1399; x_wconf 68' lang='grc' dir='ltr'><strong>ὀδ</strong></span> <span class='ocrx_word' id='word_1_63' title='bbox 1110 1368 1314 1422; x_wconf 87' lang='lat' dir='ltr'><strong>faceret</strong></span> <span class='ocrx_word' id='word_1_64' title='bbox 1344 1367 1592 1421; x_wconf 87' lang='lat' dir='ltr'><strong>Liudulfo</strong></span> 
     </span>
    </p>
   </div>
   <div class='ocr_carea' id='block_1_13' title="bbox 342 1453 1524 1525">
    <p class='ocr_par' dir='ltr' id='par_1_13' title="bbox 342 1453 1524 1525">
     <span class='ocr_line' id='line_1_13' title="bbox 342 1453 1524 1525; baseline 0.003 -19"><span class='ocrx_word' id='word_1_65' title='bbox 342 1453 565 1507; x_wconf 81' lang='lat' dir='ltr'><strong>Multum</strong></span> <span class='ocrx_word' id='word_1_66' title='bbox 594 1456 802 1510; x_wconf 70' lang='lat' dir='ltr'><strong>devotae</strong></span> <span class='ocrx_word' id='word_1_67' title='bbox 831 1458 1073 1525; x_wconf 88' lang='lat' dir='ltr'><strong>perfecto</strong></span> <span class='ocrx_word' id='word_1_68' title='bbox 1103 1458 1303 1511; x_wconf 90' lang='lat' dir='ltr'><strong>mentis</strong></span> <span class='ocrx_word' id='word_1_69' title='bbox 1340 1472 1524 1510; x_wconf 89' lang='lat' dir='ltr'><strong>amore</strong></span> 
     </span>
    </p>
   </div>
   <div class='ocr_carea' id='block_1_14' title="bbox 342 1544 1693 1615">
    <p class='ocr_par' dir='ltr' id='par_1_14' title="bbox 342 1544 1693 1615">
     <span class='ocr_line' id='line_1_14' title="bbox 342 1544 1693 1615; baseline 0 -18"><span class='ocrx_word' id='word_1_70' title='bbox 342 1544 674 1598; x_wconf 82' lang='lat' dir='ltr'><strong>Francorum</strong></span> <span class='ocrx_word' id='word_1_71' title='bbox 702 1546 875 1614; x_wconf 88' lang='lat' dir='ltr'><strong>gentis</strong></span> <span class='ocrx_word' id='word_1_72' title='bbox 905 1546 1152 1599; x_wconf 87' lang='lat' dir='ltr'><strong>dominos</strong></span> <span class='ocrx_word' id='word_1_73' title='bbox 1178 1546 1481 1615; x_wconf 64' lang='lat' dir='ltr'><strong>praenobilis</strong></span> <span class='ocrx_word' id='word_1_74' title='bbox 1505 1546 1693 1607; x_wconf 82' lang='lat' dir='ltr'><strong>almos,</strong></span> 
     </span>
    </p>
   </div>
   <div class='ocr_carea' id='block_1_15' title="bbox 343 1634 1673 1705">
    <p class='ocr_par' dir='ltr' id='par_1_15' title="bbox 343 1634 1673 1705">
     <span class='ocr_line' id='line_1_15' title="bbox 343 1634 1673 1705; baseline -0.001 -16"><span class='ocrx_word' id='word_1_75' title='bbox 343 1634 560 1690; x_wconf 86' lang='lat' dir='ltr'><strong>Necnon</strong></span> <span class='ocrx_word' id='word_1_76' title='bbox 594 1637 851 1705; x_wconf 80' lang='lat' dir='ltr'><strong>primates</strong></span> <span class='ocrx_word' id='word_1_77' title='bbox 882 1638 1179 1691; x_wconf 89' lang='lat' dir='ltr'><strong>Suevorum</strong></span> <span class='ocrx_word' id='word_1_78' title='bbox 1214 1638 1420 1692; x_wconf 89' lang='lat' dir='ltr'><strong>scilicet</strong></span> <span class='ocrx_word' id='word_1_79' title='bbox 1449 1652 1673 1701; x_wconf 89' lang='lat' dir='ltr'><strong>omnes,</strong></span> 
     </span>
    </p>
   </div>
   <div class='ocr_carea' id='block_1_16' title="bbox 341 1723 1462 1795">
    <p class='ocr_par' dir='ltr' id='par_1_16' title="bbox 341 1723 1462 1795">
     <span class='ocr_line' id='line_1_16' title="bbox 341 1723 1462 1795; baseline 0.003 -18"><span class='ocrx_word' id='word_1_80' title='bbox 341 1723 447 1793; x_wconf 86' lang='lat' dir='ltr'><strong>Ipsi</strong></span> <span class='ocrx_word' id='word_1_81' title='bbox 477 1724 634 1793; x_wconf 80' lang='lat' dir='ltr'><strong>legali</strong></span> <span class='ocrx_word' id='word_1_82' title='bbox 666 1726 1056 1794; x_wconf 72' lang='lat' dir='ltr'><strong>przepulchram</strong></span> <span class='ocrx_word' id='word_1_83' title='bbox 1086 1726 1287 1781; x_wconf 70' lang='lat' dir='ltr'><strong>foedere</strong></span> <span class='ocrx_word' id='word_1_84' title='bbox 1310 1726 1462 1795; x_wconf 88' lang='lat' dir='ltr'><strong>jnngi</strong></span> 
     </span>
    </p>
   </div>
   <div class='ocr_carea' id='block_1_17' title="bbox 344 1813 1612 1885">
    <p class='ocr_par' dir='ltr' id='par_1_17' title="bbox 344 1813 1612 1885">
     <span class='ocr_line' id='line_1_17' title="bbox 344 1813 1612 1885; baseline 0.002 -17"><span class='ocrx_word' id='word_1_85' title='bbox 344 1813 494 1869; x_wconf 88' lang='lat' dir='ltr'><strong>Idam</strong></span> <span class='ocrx_word' id='word_1_86' title='bbox 516 1816 699 1885; x_wconf 87' lang='lat' dir='ltr'><strong>jussit,</strong></span> <span class='ocrx_word' id='word_1_87' title='bbox 728 1816 1043 1870; x_wconf 87' lang='lat' dir='ltr'><strong>Ilerimanni</strong></span> <span class='ocrx_word' id='word_1_88' title='bbox 1075 1826 1259 1871; x_wconf 90' lang='lat' dir='ltr'><strong>natam</strong></span> <span class='ocrx_word' id='word_1_89' title='bbox 1287 1818 1440 1872; x_wconf 89' lang='lat' dir='ltr'><strong>ducis</strong></span> <span class='ocrx_word' id='word_1_90' title='bbox 1465 1818 1612 1877; x_wconf 90' lang='lat' dir='ltr'><strong>almi.</strong></span> 
     </span>
    </p>
   </div>
   <div class='ocr_carea' id='block_1_18' title="bbox 342 1903 1637 1975">
    <p class='ocr_par' dir='ltr' id='par_1_18' title="bbox 342 1903 1637 1975">
     <span class='ocr_line' id='line_1_18' title="bbox 342 1903 1637 1975; baseline 0.002 -19"><span class='ocrx_word' id='word_1_91' title='bbox 342 1904 445 1970; x_wconf 92' lang='lat' dir='ltr'><strong>Qui</strong></span> <span class='ocrx_word' id='word_1_92' title='bbox 484 1903 582 1957; x_wconf 90' lang='lat' dir='ltr'><strong>fuit</strong></span> <span class='ocrx_word' id='word_1_93' title='bbox 611 1905 832 1960; x_wconf 89' lang='lat' dir='ltr'><strong>illustris</strong></span> <span class='ocrx_word' id='word_1_94' title='bbox 858 1907 1107 1975; x_wconf 84' lang='lat' dir='ltr'><strong>princeps</strong></span> <span class='ocrx_word' id='word_1_95' title='bbox 1136 1907 1187 1959; x_wconf 92' lang='lat' dir='ltr'><strong>in</strong></span> <span class='ocrx_word' id='word_1_96' title='bbox 1230 1907 1473 1975; x_wconf 89' lang='lat' dir='ltr'><strong>partibus</strong></span> <span class='ocrx_word' id='word_1_97' title='bbox 1513 1906 1637 1960; x_wconf 91' lang='lat' dir='ltr'><strong>illis.</strong></span> 
     </span>
    </p>
   </div>
   <div class='ocr_carea' id='block_1_19' title="bbox 344 1994 1621 2066">
    <p class='ocr_par' dir='ltr' id='par_1_19' title="bbox 344 1994 1621 2066">
     <span class='ocr_line' id='line_1_19' title="bbox 344 1994 1621 2066; baseline 0 -18"><span class='ocrx_word' id='word_1_98' title='bbox 344 1994 471 2049; x_wconf 77' lang='lat' dir='ltr'><strong>Ilaec</strong></span> <span class='ocrx_word' id='word_1_99' title='bbox 492 2009 703 2064; x_wconf 92' lang='lat' dir='ltr'><strong>quoque</strong></span> <span class='ocrx_word' id='word_1_100' title='bbox 731 1996 925 2066; x_wconf 82' lang='lat' dir='ltr'><strong>regalis</strong></span> <span class='ocrx_word' id='word_1_101' title='bbox 954 1996 1129 2050; x_wconf 80' lang='lat' dir='ltr'><strong>fuerat</strong></span> <span class='ocrx_word' id='word_1_102' title='bbox 1148 1998 1422 2052; x_wconf 89' lang='lat' dir='ltr'><strong>consortia</strong></span> <span class='ocrx_word' id='word_1_103' title='bbox 1454 1998 1621 2065; x_wconf 70' lang='lat' dir='ltr'><strong>prolis</strong></span> 
     </span>
    </p>
   </div>
   <div class='ocr_carea' id='block_1_20' title="bbox 344 2084 1713 2156">
    <p class='ocr_par' dir='ltr' id='par_1_20' title="bbox 344 2084 1713 2156">
     <span class='ocr_line' id='line_1_20' title="bbox 344 2084 1713 2156; baseline 0.001 -17"><span class='ocrx_word' id='word_1_104' title='bbox 344 2084 451 2139; x_wconf 82' lang='lat' dir='ltr'><strong>Pro</strong></span> <span class='ocrx_word' id='word_1_105' title='bbox 476 2085 685 2139; x_wconf 89' lang='lat' dir='ltr'><strong>meritis</strong></span> <span class='ocrx_word' id='word_1_106' title='bbox 714 2087 946 2156; x_wconf 62' lang='lat' dir='ltr'><strong>promite</strong></span> <span class='ocrx_word' id='word_1_107' title='bbox 973 2088 1261 2156; x_wconf 84' lang='lat' dir='ltr'><strong>probitatis</strong></span> <span class='ocrx_word' id='word_1_108' title='bbox 1304 2087 1460 2156; x_wconf 90' lang='lat' dir='ltr'><strong>digna</strong></span> <span class='ocrx_word' id='word_1_109' title='bbox 1513 2086 1713 2146; x_wconf 88' lang='lat' dir='ltr'><strong>subire.</strong></span> 
     </span>
    </p>
   </div>
   <div class='ocr_carea' id='block_1_21' title="bbox 344 2176 1749 2247">
    <p class='ocr_par' dir='ltr' id='par_1_21' title="bbox 344 2176 1749 2247">
     <span class='ocr_line' id='line_1_21' title="bbox 344 2176 1749 2247; baseline -0.003 -18"><span class='ocrx_word' id='word_1_110' title='bbox 344 2176 424 2230; x_wconf 83' lang='lat' dir='ltr'><strong>Ac</strong></span> <span class='ocrx_word' id='word_1_111' title='bbox 450 2176 568 2230; x_wconf 83' lang='lat' dir='ltr'><strong>vice</strong></span> <span class='ocrx_word' id='word_1_112' title='bbox 591 2178 789 2246; x_wconf 65' lang='lat' dir='ltr'><strong>reginae</strong></span> <span class='ocrx_word' id='word_1_113' title='bbox 828 2192 1039 2231; x_wconf 88' lang='lat' dir='ltr'><strong>summo</strong></span> <span class='ocrx_word' id='word_1_114' title='bbox 1070 2187 1357 2231; x_wconf 87' lang='lat' dir='ltr'><strong>veneratur</strong></span> <span class='ocrx_word' id='word_1_115' title='bbox 1382 2177 1495 2247; x_wconf 80' lang='lat'><strong>(63)</strong></span> <span class='ocrx_word' id='word_1_116' title='bbox 1525 2177 1749 2239; x_wconf 73' lang='lat' dir='ltr'><strong>honore,</strong></span> 
     </span>
    </p>
   </div>
   <div class='ocr_carea' id='block_1_22' title="bbox 345 2269 1745 2342">
    <p class='ocr_par' dir='ltr' id='par_1_22' title="bbox 345 2269 1745 2342">
     <span class='ocr_line' id='line_1_22' title="bbox 345 2269 1745 2342; baseline 0.001 -19"><span class='ocrx_word' id='word_1_117' title='bbox 345 2269 492 2341; x_wconf 81' lang='lat' dir='ltr'><strong>Rege</strong></span> <span class='ocrx_word' id='word_1_118' title='bbox 515 2270 741 2339; x_wconf 89' lang='lat' dir='ltr'><strong>jubente</strong></span> <span class='ocrx_word' id='word_1_119' title='bbox 767 2272 984 2342; x_wconf 85' lang='lat' dir='ltr'><strong>quidem</strong></span> <span class='ocrx_word' id='word_1_120' title='bbox 1026 2289 1123 2342; x_wconf 86' lang='lat' dir='ltr'><strong>per</strong></span> <span class='ocrx_word' id='word_1_121' title='bbox 1150 2280 1462 2327; x_wconf 87' lang='lat' dir='ltr'><strong>consuetam</strong></span> <span class='ocrx_word' id='word_1_122' title='bbox 1488 2273 1745 2340; x_wconf 84' lang='lat' dir='ltr'><strong>pietatem</strong></span> 
     </span>
    </p>
   </div>
   <div class='ocr_carea' id='block_1_23' title="bbox 346 2359 1589 2433">
    <p class='ocr_par' dir='ltr' id='par_1_23' title="bbox 346 2359 1589 2433">
     <span class='ocr_line' id='line_1_23' title="bbox 346 2359 1589 2433; baseline 0.003 -21"><span class='ocrx_word' id='word_1_123' title='bbox 346 2359 496 2414; x_wconf 91' lang='lat' dir='ltr'><strong>Illam</strong></span> <span class='ocrx_word' id='word_1_124' title='bbox 536 2376 636 2416; x_wconf 89' lang='lat' dir='ltr'><strong>nec</strong></span> <span class='ocrx_word' id='word_1_125' title='bbox 666 2361 913 2415; x_wconf 83' lang='lat' dir='ltr'><strong>habitare</strong></span> <span class='ocrx_word' id='word_1_126' title='bbox 940 2362 1073 2416; x_wconf 91' lang='lat' dir='ltr'><strong>locis</strong></span> <span class='ocrx_word' id='word_1_127' title='bbox 1104 2362 1269 2417; x_wconf 84' lang='lat' dir='ltr'><strong>voluit</strong></span> <span class='ocrx_word' id='word_1_128' title='bbox 1293 2364 1589 2433; x_wconf 81' lang='lat' dir='ltr'><strong>scgregatis</strong></span> 
     </span>
    </p>
   </div>
   <div class='ocr_carea' id='block_1_24' title="bbox 349 2448 1557 2522">
    <p class='ocr_par' dir='ltr' id='par_1_24' title="bbox 349 2448 1557 2522">
     <span class='ocr_line' id='line_1_24' title="bbox 349 2448 1557 2522; baseline 0.005 -21"><span class='ocrx_word' id='word_1_129' title='bbox 349 2448 463 2503; x_wconf 81' lang='lat' dir='ltr'><strong>Rex</strong></span> <span class='ocrx_word' id='word_1_130' title='bbox 490 2450 654 2516; x_wconf 91' lang='lat' dir='ltr'><strong>idem,</strong></span> <span class='ocrx_word' id='word_1_131' title='bbox 686 2452 798 2505; x_wconf 91' lang='lat' dir='ltr'><strong>nati</strong></span> <span class='ocrx_word' id='word_1_132' title='bbox 828 2451 988 2522; x_wconf 90' lang='lat' dir='ltr'><strong>digne</strong></span> <span class='ocrx_word' id='word_1_133' title='bbox 1017 2467 1307 2507; x_wconf 91' lang='lat' dir='ltr'><strong>succensus</strong></span> <span class='ocrx_word' id='word_1_134' title='bbox 1340 2469 1557 2517; x_wconf 88' lang='lat' dir='ltr'><strong>amore,</strong></span> 
     </span>
    </p>
   </div>
   <div class='ocr_carea' id='block_1_25' title="bbox 354 2538 1773 2613">
    <p class='ocr_par' dir='ltr' id='par_1_25' title="bbox 354 2538 1773 2613">
     <span class='ocr_line' id='line_1_25' title="bbox 354 2538 1773 2613; baseline 0.004 -20"><span class='ocrx_word' id='word_1_135' title='bbox 354 2538 459 2594; x_wconf 89' lang='lat' dir='ltr'><strong>Sed</strong></span> <span class='ocrx_word' id='word_1_136' title='bbox 491 2556 587 2595; x_wconf 88' lang='lat' dir='ltr'><strong>ceu</strong></span> <span class='ocrx_word' id='word_1_137' title='bbox 611 2542 850 2609; x_wconf 79' lang='lat' dir='ltr'><strong>reginam</strong></span> <span class='ocrx_word' id='word_1_138' title='bbox 874 2558 1099 2612; x_wconf 85' lang='lat' dir='ltr'><strong>regnum</strong></span> <span class='ocrx_word' id='word_1_139' title='bbox 1126 2544 1356 2596; x_wconf 90' lang='lat' dir='ltr'><strong>transire</strong></span> <span class='ocrx_word' id='word_1_140' title='bbox 1394 2559 1488 2613; x_wconf 91' lang='lat' dir='ltr'><strong>per</strong></span> <span class='ocrx_word' id='word_1_141' title='bbox 1513 2545 1773 2613; x_wconf 88' lang='lat' dir='ltr'><strong>amplum,</strong></span> 
     </span>
    </p>
   </div>
   <div class='ocr_carea' id='block_1_26' title="bbox 352 2628 1428 2702">
    <p class='ocr_par' dir='ltr' id='par_1_26' title="bbox 352 2628 1428 2702">
     <span class='ocr_line' id='line_1_26' title="bbox 352 2628 1428 2702; baseline 0.006 -21"><span class='ocrx_word' id='word_1_142' title='bbox 352 2628 470 2695; x_wconf 84' lang='lat' dir='ltr'><strong>Quo</strong></span> <span class='ocrx_word' id='word_1_143' title='bbox 508 2630 587 2684; x_wconf 90' lang='lat' dir='ltr'><strong>sic</strong></span> <span class='ocrx_word' id='word_1_144' title='bbox 617 2630 847 2685; x_wconf 85' lang='lat' dir='ltr'><strong>dilectus</strong></span> <span class='ocrx_word' id='word_1_145' title='bbox 876 2632 1271 2686; x_wconf 54' lang='lat' dir='ltr'><strong>sentiret&#39;filius</strong></span> <span class='ocrx_word' id='word_1_146' title='bbox 1310 2633 1428 2702; x_wconf 84' lang='lat' dir='ltr'><strong>ejus</strong></span> 
     </span>
    </p>
   </div>
   <div class='ocr_carea' id='block_1_27' title="bbox 350 2716 1648 2794">
    <p class='ocr_par' dir='ltr' id='par_1_27' title="bbox 350 2716 1648 2794">
     <span class='ocr_line' id='line_1_27' title="bbox 350 2716 1648 2794; baseline 0.006 -24"><span class='ocrx_word' id='word_1_147' title='bbox 350 2716 525 2770; x_wconf 89' lang='lat' dir='ltr'><strong>Dultia</strong></span> <span class='ocrx_word' id='word_1_148' title='bbox 550 2718 800 2786; x_wconf 66' lang='lat' dir='ltr'><strong>graciolm</strong></span> <span class='ocrx_word' id='word_1_149' title='bbox 835 2733 1048 2789; x_wconf 88' lang='lat' dir='ltr'><strong>semper</strong></span> <span class='ocrx_word' id='word_1_150' title='bbox 1077 2722 1391 2776; x_wconf 89' lang='lat' dir='ltr'><strong>munuscula</strong></span> <span class='ocrx_word' id='word_1_151' title='bbox 1419 2740 1648 2794; x_wconf 56' lang='lat' dir='ltr'><strong>magna‘,</strong></span> 
     </span>
    </p>
   </div>
   <div class='ocr_carea' id='block_1_28' title="bbox 351 2804 1552 2879">
    <p class='ocr_par' dir='ltr' id='par_1_28' title="bbox 351 2804 1552 2879">
     <span class='ocr_line' id='line_1_28' title="bbox 351 2804 1552 2879; baseline 0.006 -21"><span class='ocrx_word' id='word_1_152' title='bbox 351 2804 456 2874; x_wconf 91' lang='lat' dir='ltr'><strong>Ipsi</strong></span> <span class='ocrx_word' id='word_1_153' title='bbox 494 2821 615 2860; x_wconf 92' lang='lat' dir='ltr'><strong>cum</strong></span> <span class='ocrx_word' id='word_1_154' title='bbox 640 2822 836 2877; x_wconf 90' lang='lat' dir='ltr'><strong>sponsa</strong></span> <span class='ocrx_word' id='word_1_155' title='bbox 876 2809 1027 2879; x_wconf 81' lang='lat' dir='ltr'><strong>regni</strong></span> <span class='ocrx_word' id='word_1_156' title='bbox 1055 2810 1294 2864; x_wconf 81' lang='lat' dir='ltr'><strong>sociatus</strong></span> <span class='ocrx_word' id='word_1_157' title='bbox 1328 2810 1379 2863; x_wconf 90' lang='lat' dir='ltr'><strong>in</strong></span> <span class='ocrx_word' id='word_1_158' title='bbox 1412 2811 1552 2865; x_wconf 87' lang='lat' dir='ltr'><strong>aula.</strong></span> 
     </span>
    </p>
   </div>
   <div class='ocr_carea' id='block_1_29' title="bbox 350 2895 1527 2967">
    <p class='ocr_par' dir='ltr' id='par_1_29' title="bbox 350 2895 1527 2967">
     <span class='ocr_line' id='line_1_29' title="bbox 350 2895 1527 2967; baseline 0.006 -19"><span class='ocrx_word' id='word_1_159' title='bbox 350 2895 563 2951; x_wconf 88' lang='lat' dir='ltr'><strong>Interea</strong></span> <span class='ocrx_word' id='word_1_160' title='bbox 595 2912 685 2951; x_wconf 72' lang='lat' dir='ltr'><strong>rex</strong></span> <span class='ocrx_word' id='word_1_161' title='bbox 710 2897 929 2952; x_wconf 90' lang='lat' dir='ltr'><strong>Italicus</strong></span> <span class='ocrx_word' id='word_1_162' title='bbox 953 2900 1176 2967; x_wconf 82' lang='lat' dir='ltr'><strong>gravido</strong></span> <span class='ocrx_word' id='word_1_163' title='bbox 1212 2899 1527 2955; x_wconf 82' lang='lat' dir='ltr'><strong>Hlotharius</strong></span> 
     </span>
    </p>
   </div>
   <div class='ocr_carea' id='block_1_30' title="bbox 352 2987 1937 3063">
    <p class='ocr_par' dir='ltr' id='par_1_30' title="bbox 352 2987 1937 3063">
     <span class='ocr_line' id='line_1_30' title="bbox 352 2987 1937 3063; baseline 0.005 -24"><span class='ocrx_word' id='word_1_164' title='bbox 352 2987 588 3042; x_wconf 89' lang='lat' dir='ltr'><strong>Infectus</strong></span> <span class='ocrx_word' id='word_1_165' title='bbox 636 2988 845 3049; x_wconf 83' lang='lat' dir='ltr'><strong>morbo,</strong></span> <span class='ocrx_word' id='word_1_166' title='bbox 882 2991 1080 3043; x_wconf 90' lang='lat' dir='ltr'><strong>mundo</strong></span> <span class='ocrx_word' id='word_1_167' title='bbox 1115 2991 1359 3045; x_wconf 89' lang='lat' dir='ltr'><strong>discessit</strong></span> <span class='ocrx_word' id='word_1_168' title='bbox 1407 2991 1475 3045; x_wconf 92' lang='lat' dir='ltr'><strong>ab</strong></span> <span class='ocrx_word' id='word_1_169' title='bbox 1524 2992 1625 3046; x_wconf 91' lang='lat' dir='ltr'><strong>isto</strong></span> <span class='ocrx_word' id='word_1_170' title='bbox 1677 2994 1804 3063; x_wconf 81' lang='lat' dir='ltr'><strong>(an.</strong></span> <span class='ocrx_word' id='word_1_171' title='bbox 1834 2994 1937 3047; x_wconf 71' lang='lat'><strong>930</strong></span> 
     </span>
    </p>
   </div>
   <div class='ocr_carea' id='block_1_31' title="bbox 351 3075 1934 3153">
    <p class='ocr_par' dir='ltr' id='par_1_31' title="bbox 351 3075 1934 3153">
     <span class='ocr_line' id='line_1_31' title="bbox 351 3075 1934 3153; baseline 0.003 -25"><span class='ocrx_word' id='word_1_172' title='bbox 351 3075 518 3130; x_wconf 75' lang='lat' dir='ltr'><strong>Italia:</strong></span> <span class='ocrx_word' id='word_1_173' title='bbox 534 3091 758 3144; x_wconf 79' lang='lat' dir='ltr'><strong>regnum</strong></span> <span class='ocrx_word' id='word_1_174' title='bbox 781 3077 1029 3146; x_wconf 88' lang='lat' dir='ltr'><strong>linquens</strong></span> <span class='ocrx_word' id='word_1_175' title='bbox 1051 3080 1243 3133; x_wconf 90' lang='lat' dir='ltr'><strong>merito</strong></span> <span class='ocrx_word' id='word_1_176' title='bbox 1260 3080 1595 3134; x_wconf 84' lang='lat' dir='ltr'><strong>retinendum</strong></span> <span class='ocrx_word' id='word_1_177' title='bbox 1641 3080 1800 3153; x_wconf 72' lang='grc' dir='ltr'><strong>[Νου.</strong></span> <span class='ocrx_word' id='word_1_178' title='bbox 1818 3083 1934 3149; x_wconf 70' lang='lat'><strong>22.)</strong></span> 
     </span>
    </p>
   </div>
   <div class='ocr_carea' id='block_1_32' title="bbox 355 3165 1627 3238">
    <p class='ocr_par' dir='ltr' id='par_1_32' title="bbox 355 3165 1627 3238">
     <span class='ocr_line' id='line_1_32' title="bbox 355 3165 1627 3238; baseline 0.002 -18"><span class='ocrx_word' id='word_1_179' title='bbox 355 3165 593 3221; x_wconf 64' lang='lat' dir='ltr'><strong>Summae</strong></span> <span class='ocrx_word' id='word_1_180' title='bbox 621 3169 819 3237; x_wconf 76' lang='lat' dir='ltr'><strong>regina:</strong></span> <span class='ocrx_word' id='word_1_181' title='bbox 847 3169 945 3225; x_wconf 89' lang='lat' dir='ltr'><strong>sibi</strong></span> <span class='ocrx_word' id='word_1_182' title='bbox 975 3185 1136 3238; x_wconf 88' lang='lat' dir='ltr'><strong>quam</strong></span> <span class='ocrx_word' id='word_1_183' title='bbox 1167 3172 1391 3225; x_wconf 80' lang='lat' dir='ltr'><strong>sociavit</strong></span> <span class='ocrx_word' id='word_1_184' title='bbox 1424 3187 1627 3235; x_wconf 85' lang='lat' dir='ltr'><strong>amore,</strong></span> 
     </span>
    </p>
   </div>
   <div class='ocr_carea' id='block_1_33' title="bbox 353 3258 1494 3334">
    <p class='ocr_par' dir='ltr' id='par_1_33' title="bbox 353 3258 1494 3334">
     <span class='ocr_line' id='line_1_33' title="bbox 353 3258 1494 3334; baseline 0.004 -23"><span class='ocrx_word' id='word_1_185' title='bbox 353 3258 519 3329; x_wconf 81' lang='lat' dir='ltr'><strong>Regis</strong></span> <span class='ocrx_word' id='word_1_186' title='bbox 549 3259 783 3315; x_wconf 82' lang='lat' dir='ltr'><strong>Rothulli</strong></span> <span class='ocrx_word' id='word_1_187' title='bbox 813 3260 989 3315; x_wconf 89' lang='lat' dir='ltr'><strong>fuerat</strong></span> <span class='ocrx_word' id='word_1_188' title='bbox 1017 3277 1137 3331; x_wconf 68' lang='lat' dir='ltr'><strong>quae</strong></span> <span class='ocrx_word' id='word_1_189' title='bbox 1159 3261 1268 3315; x_wconf 87' lang='lat' dir='ltr'><strong>tilia</strong></span> <span class='ocrx_word' id='word_1_190' title='bbox 1293 3264 1494 3334; x_wconf 84' lang='lat' dir='ltr'><strong>magni,</strong></span> 
     </span>
    </p>
   </div>
   <div class='ocr_carea' id='block_1_34' title="bbox 351 3349 1684 3426">
    <p class='ocr_par' dir='ltr' id='par_1_34' title="bbox 351 3349 1684 3426">
     <span class='ocr_line' id='line_1_34' title="bbox 351 3349 1684 3426; baseline 0.005 -23"><span class='ocrx_word' id='word_1_191' title='bbox 351 3349 511 3404; x_wconf 88' lang='lat' dir='ltr'><strong>Edita</strong></span> <span class='ocrx_word' id='word_1_192' title='bbox 540 3367 854 3422; x_wconf 88' lang='lat' dir='ltr'><strong>magnorum</strong></span> <span class='ocrx_word' id='word_1_193' title='bbox 886 3353 1043 3422; x_wconf 87' lang='lat' dir='ltr'><strong>longo</strong></span> <span class='ocrx_word' id='word_1_194' title='bbox 1069 3354 1135 3407; x_wconf 91' lang='lat' dir='ltr'><strong>de</strong></span> <span class='ocrx_word' id='word_1_195' title='bbox 1161 3362 1446 3409; x_wconf 87' lang='lat' dir='ltr'><strong>stemmate</strong></span> <span class='ocrx_word' id='word_1_196' title='bbox 1470 3371 1684 3426; x_wconf 83' lang='lat' dir='ltr'><strong>regum;</strong></span> 
     </span>
    </p>
   </div>
   <div class='ocr_carea' id='block_1_35' title="bbox 352 3441 1730 3515">
    <p class='ocr_par' dir='ltr' id='par_1_35' title="bbox 352 3441 1730 3515">
     <span class='ocr_line' id='line_1_35' title="bbox 352 3441 1730 3515; baseline 0.004 -19"><span class='ocrx_word' id='word_1_197' title='bbox 352 3441 454 3496; x_wconf 89' lang='lat' dir='ltr'><strong>Cui</strong></span> <span class='ocrx_word' id='word_1_198' title='bbox 482 3456 676 3496; x_wconf 91' lang='lat' dir='ltr'><strong>nomen</strong></span> <span class='ocrx_word' id='word_1_199' title='bbox 709 3441 913 3495; x_wconf 89' lang='lat' dir='ltr'><strong>clarum</strong></span> <span class='ocrx_word' id='word_1_200' title='bbox 953 3443 1176 3497; x_wconf 87' lang='lat' dir='ltr'><strong>dictavit</strong></span> <span class='ocrx_word' id='word_1_201' title='bbox 1200 3458 1409 3498; x_wconf 88' lang='lat' dir='ltr'><strong>summa</strong></span> <span class='ocrx_word' id='word_1_202' title='bbox 1448 3456 1730 3515; x_wconf 89' lang='lat' dir='ltr'><strong>parentum</strong></span> 
     </span>
    </p>
   </div>
   <div class='ocr_carea' id='block_1_36' title="bbox 352 3531 1758 3602">
    <p class='ocr_par' dir='ltr' id='par_1_36' title="bbox 352 3531 1758 3602">
     <span class='ocr_line' id='line_1_36' title="bbox 352 3531 1758 3602; baseline 0.003 -17"><span class='ocrx_word' id='word_1_203' title='bbox 352 3531 636 3596; x_wconf 85' lang='lat' dir='ltr'><strong>Nobilitas,</strong></span> <span class='ocrx_word' id='word_1_204' title='bbox 662 3531 807 3585; x_wconf 90' lang='lat' dir='ltr'><strong>illam</strong></span> <span class='ocrx_word' id='word_1_205' title='bbox 840 3533 999 3602; x_wconf 89' lang='lat' dir='ltr'><strong>digne</strong></span> <span class='ocrx_word' id='word_1_206' title='bbox 1039 3533 1282 3588; x_wconf 85' lang='lat' dir='ltr'><strong>vocitans</strong></span> <span class='ocrx_word' id='word_1_207' title='bbox 1315 3533 1758 3590; x_wconf 64' lang='lat' dir='ltr'><strong>Ethelheitham.</strong></span> 
     </span>
    </p>
   </div>
   <div class='ocr_carea' id='block_1_37' title="bbox 354 3620 1704 3692">
    <p class='ocr_par' dir='ltr' id='par_1_37' title="bbox 354 3620 1704 3692">
     <span class='ocr_line' id='line_1_37' title="bbox 354 3620 1704 3692; baseline 0.004 -17"><span class='ocrx_word' id='word_1_208' title='bbox 354 3620 483 3675; x_wconf 76' lang='lat' dir='ltr'><strong>Haec</strong></span> <span class='ocrx_word' id='word_1_209' title='bbox 514 3635 726 3690; x_wconf 86' lang='lat' dir='ltr'><strong>quoque</strong></span> <span class='ocrx_word' id='word_1_210' title='bbox 752 3621 949 3690; x_wconf 89' lang='lat' dir='ltr'><strong>regalis</strong></span> <span class='ocrx_word' id='word_1_211' title='bbox 986 3622 1173 3677; x_wconf 60' lang='lat' dir='ltr'><strong>forma:</strong></span> <span class='ocrx_word' id='word_1_212' title='bbox 1197 3624 1457 3692; x_wconf 64' lang='lat' dir='ltr'><strong>praeclara</strong></span> <span class='ocrx_word' id='word_1_213' title='bbox 1491 3627 1704 3689; x_wconf 87' lang='lat' dir='ltr'><strong>decore,</strong></span> 
     </span>
    </p>
   </div>
   <div class='ocr_carea' id='block_1_38' title="bbox 353 3711 1565 3783">
    <p class='ocr_par' dir='ltr' id='par_1_38' title="bbox 353 3711 1565 3783">
     <span class='ocr_line' id='line_1_38' title="bbox 353 3711 1565 3783; baseline 0.006 -20"><span class='ocrx_word' id='word_1_214' title='bbox 353 3711 533 3779; x_wconf 83' lang='lat' dir='ltr'><strong>Atque</strong></span> <span class='ocrx_word' id='word_1_215' title='bbox 555 3726 667 3770; x_wconf 67' lang='lat' dir='ltr'><strong>sua:</strong></span> <span class='ocrx_word' id='word_1_216' title='bbox 693 3712 870 3767; x_wconf 90' lang='lat' dir='ltr'><strong>causis</strong></span> <span class='ocrx_word' id='word_1_217' title='bbox 899 3727 1143 3781; x_wconf 70' lang='lat' dir='ltr'><strong>persona:</strong></span> <span class='ocrx_word' id='word_1_218' title='bbox 1169 3714 1352 3768; x_wconf 89' lang='lat' dir='ltr'><strong>sedula</strong></span> <span class='ocrx_word' id='word_1_219' title='bbox 1391 3714 1565 3783; x_wconf 81' lang='lat' dir='ltr'><strong>dignis</strong></span> 
     </span>
    </p>
   </div>
   <div class='ocr_carea' id='block_1_39' title="bbox 354 3800 1359 3872">
    <p class='ocr_par' dir='ltr' id='par_1_39' title="bbox 354 3800 1359 3872">
     <span class='ocr_line' id='line_1_39' title="bbox 354 3800 1359 3872; baseline 0.002 -17"><span class='ocrx_word' id='word_1_220' title='bbox 354 3800 540 3857; x_wconf 86' lang='lat' dir='ltr'><strong>Factis</strong></span> <span class='ocrx_word' id='word_1_221' title='bbox 570 3801 734 3871; x_wconf 89' lang='lat' dir='ltr'><strong>regali</strong></span> <span class='ocrx_word' id='word_1_222' title='bbox 763 3803 1042 3872; x_wconf 87' lang='lat' dir='ltr'><strong>respondit</strong></span> <span class='ocrx_word' id='word_1_223' title='bbox 1070 3804 1359 3859; x_wconf 89' lang='lat' dir='ltr'><strong>nobilitati.</strong></span> 
     </span>
    </p>
   </div>
   <div class='ocr_carea' id='block_1_40' title="bbox 356 3890 1562 3963">
    <p class='ocr_par' dir='ltr' id='par_1_40' title="bbox 356 3890 1562 3963">
     <span class='ocr_line' id='line_1_40' title="bbox 356 3890 1562 3963; baseline 0.004 -18"><span class='ocrx_word' id='word_1_224' title='bbox 356 3890 581 3945; x_wconf 90' lang='lat' dir='ltr'><strong>Scilicet</strong></span> <span class='ocrx_word' id='word_1_225' title='bbox 619 3892 832 3962; x_wconf 89' lang='lat' dir='ltr'><strong>ingenio</strong></span> <span class='ocrx_word' id='word_1_226' title='bbox 867 3890 1043 3947; x_wconf 87' lang='lat' dir='ltr'><strong>fuerat</strong></span> <span class='ocrx_word' id='word_1_227' title='bbox 1068 3894 1356 3963; x_wconf 68' lang='lat' dir='ltr'><strong>prrelucida</strong></span> <span class='ocrx_word' id='word_1_228' title='bbox 1388 3902 1562 3959; x_wconf 90' lang='lat' dir='ltr'><strong>tanto,</strong></span> 
     </span>
    </p>
   </div>
   <div class='ocr_carea' id='block_1_41' title="bbox 358 3981 1617 4053">
    <p class='ocr_par' dir='ltr' id='par_1_41' title="bbox 358 3981 1617 4053">
     <span class='ocr_line' id='line_1_41' title="bbox 358 3981 1617 4053; baseline 0.002 -16"><span class='ocrx_word' id='word_1_229' title='bbox 358 3981 431 4037; x_wconf 85' lang='lat' dir='ltr'><strong>Ut</strong></span> <span class='ocrx_word' id='word_1_230' title='bbox 460 3990 640 4050; x_wconf 89' lang='lat' dir='ltr'><strong>posset</strong></span> <span class='ocrx_word' id='word_1_231' title='bbox 667 3996 891 4051; x_wconf 91' lang='lat' dir='ltr'><strong>regnum</strong></span> <span class='ocrx_word' id='word_1_232' title='bbox 925 3983 1083 4053; x_wconf 91' lang='lat' dir='ltr'><strong>digne</strong></span> <span class='ocrx_word' id='word_1_233' title='bbox 1110 3984 1317 4039; x_wconf 81' lang='lat' dir='ltr'><strong>rexisse</strong></span> <span class='ocrx_word' id='word_1_234' title='bbox 1350 3985 1617 4047; x_wconf 87' lang='lat' dir='ltr'><strong>relictum,</strong></span> 
     </span>
    </p>
   </div>
   <div class='ocr_carea' id='block_1_42' title="bbox 357 4072 1757 4143">
    <p class='ocr_par' dir='ltr' id='par_1_42' title="bbox 357 4072 1757 4143">
     <span class='ocr_line' id='line_1_42' title="bbox 357 4072 1757 4143; baseline 0.004 -18"><span class='ocrx_word' id='word_1_235' title='bbox 357 4072 416 4126; x_wconf 92' lang='lat' dir='ltr'><strong>Si</strong></span> <span class='ocrx_word' id='word_1_236' title='bbox 449 4088 579 4143; x_wconf 88' lang='lat' dir='ltr'><strong>gens</strong></span> <span class='ocrx_word' id='word_1_237' title='bbox 603 4076 717 4143; x_wconf 90' lang='lat' dir='ltr'><strong>ipsa</strong></span> <span class='ocrx_word' id='word_1_238' title='bbox 744 4074 926 4129; x_wconf 87' lang='lat' dir='ltr'><strong>dolum</strong></span> <span class='ocrx_word' id='word_1_239' title='bbox 954 4089 1075 4128; x_wconf 78' lang='lat' dir='ltr'><strong>mox</strong></span> <span class='ocrx_word' id='word_1_240' title='bbox 1109 4089 1215 4129; x_wconf 91' lang='lat' dir='ltr'><strong>non</strong></span> <span class='ocrx_word' id='word_1_241' title='bbox 1239 4076 1466 4130; x_wconf 88' lang='lat' dir='ltr'><strong>dictaret</strong></span> <span class='ocrx_word' id='word_1_242' title='bbox 1494 4091 1757 4130; x_wconf 89' lang='lat' dir='ltr'><strong>amarum.</strong></span> 
     </span>
    </p>
   </div>
   <div class='ocr_carea' id='block_1_43' title="bbox 356 4164 1699 4233">
    <p class='ocr_par' dir='ltr' id='par_1_43' title="bbox 356 4164 1699 4233">
     <span class='ocr_line' id='line_1_43' title="bbox 356 4164 1699 4233; baseline 0 -15"><span class='ocrx_word' id='word_1_243' title='bbox 356 4164 603 4233; x_wconf 87' lang='lat' dir='ltr'><strong>Denique</strong></span> <span class='ocrx_word' id='word_1_244' title='bbox 632 4164 907 4229; x_wconf 85' lang='lat' dir='ltr'><strong>defuncto,</strong></span> <span class='ocrx_word' id='word_1_245' title='bbox 936 4179 1095 4233; x_wconf 82' lang='lat' dir='ltr'><strong>quem</strong></span> <span class='ocrx_word' id='word_1_246' title='bbox 1122 4165 1369 4233; x_wconf 68' lang='lat' dir='ltr'><strong>prmdixi,</strong></span> <span class='ocrx_word' id='word_1_247' title='bbox 1398 4164 1699 4228; x_wconf 89' lang='lat' dir='ltr'><strong>Hlulhario,</strong></span> 
     </span>
    </p>
   </div>
   <div class='ocr_carea' id='block_1_44' title="bbox 356 4252 1775 4322">
    <p class='ocr_par' dir='ltr' id='par_1_44' title="bbox 356 4252 1775 4322">
     <span class='ocr_line' id='line_1_44' title="bbox 356 4252 1775 4322; baseline 0.001 -16"><span class='ocrx_word' id='word_1_248' title='bbox 356 4252 495 4307; x_wconf 85' lang='lat' dir='ltr'><strong>Pars</strong></span> <span class='ocrx_word' id='word_1_249' title='bbox 518 4254 762 4322; x_wconf 85' lang='lat' dir='ltr'><strong>quaedam</strong></span> <span class='ocrx_word' id='word_1_250' title='bbox 791 4253 965 4322; x_wconf 90' lang='lat' dir='ltr'><strong>plebis</strong></span> <span class='ocrx_word' id='word_1_251' title='bbox 1001 4252 1195 4318; x_wconf 88' lang='lat' dir='ltr'><strong>fuerat,</strong></span> <span class='ocrx_word' id='word_1_252' title='bbox 1230 4268 1348 4322; x_wconf 70' lang='lat' dir='ltr'><strong>qua:</strong></span> <span class='ocrx_word' id='word_1_253' title='bbox 1380 4262 1525 4307; x_wconf 86' lang='lat' dir='ltr'><strong>retro</strong></span> <span class='ocrx_word' id='word_1_254' title='bbox 1563 4254 1775 4308; x_wconf 82' lang='lat' dir='ltr'><strong>rebellis</strong></span> 
     </span>
    </p>
   </div>
   <div class='ocr_carea' id='block_1_45' title="bbox 357 4342 1724 4414">
    <p class='ocr_par' dir='ltr' id='par_1_45' title="bbox 357 4342 1724 4414">
     <span class='ocr_line' id='line_1_45' title="bbox 357 4342 1724 4414; baseline 0.002 -16"><span class='ocrx_word' id='word_1_255' title='bbox 357 4345 645 4412; x_wconf 83' lang='lat' dir='ltr'><strong>Menteque</strong></span> <span class='ocrx_word' id='word_1_256' title='bbox 676 4359 930 4414; x_wconf 88' lang='lat' dir='ltr'><strong>perversa</strong></span> <span class='ocrx_word' id='word_1_257' title='bbox 962 4344 1194 4414; x_wconf 85' lang='lat' dir='ltr'><strong>propriis</strong></span> <span class='ocrx_word' id='word_1_258' title='bbox 1222 4342 1456 4398; x_wconf 92' lang='lat' dir='ltr'><strong>dominis</strong></span> <span class='ocrx_word' id='word_1_259' title='bbox 1487 4343 1724 4401; x_wconf 90' lang='lat' dir='ltr'><strong>inimica.</strong></span> 
     </span>
    </p>
   </div>
   <div class='ocr_carea' id='block_1_46' title="bbox 355 4436 1446 4507">
    <p class='ocr_par' dir='ltr' id='par_1_46' title="bbox 355 4436 1446 4507">
     <span class='ocr_line' id='line_1_46' title="bbox 355 4436 1446 4507; baseline -0.002 -16"><span class='ocrx_word' id='word_1_260' title='bbox 355 4437 616 4491; x_wconf 84' lang='lat' dir='ltr'><strong>Restituit</strong></span> <span class='ocrx_word' id='word_1_261' title='bbox 640 4436 939 4507; x_wconf 88' lang='lat' dir='ltr'><strong>Beringarii</strong></span> <span class='ocrx_word' id='word_1_262' title='bbox 972 4451 1196 4506; x_wconf 85' lang='lat' dir='ltr'><strong>regnum</strong></span> <span class='ocrx_word' id='word_1_263' title='bbox 1223 4436 1410 4490; x_wconf 91' lang='lat' dir='ltr'><strong>ditioni</strong></span> <span class='ocrx_word' id='word_1_264' title='bbox 1433 4477 1446 4501; x_wconf 90' lang='lat'><strong>,</strong></span> 
     </span>
    </p>
   </div>
   <div class='ocr_carea' id='block_1_47' title="bbox 1432 350 2533 409">
    <p class='ocr_par' dir='ltr' id='par_1_47' title="bbox 1432 350 2533 409">
     <span class='ocr_line' id='line_1_47' title="bbox 1432 350 2533 409; baseline -0.005 0"><span class='ocrx_word' id='word_1_265' title='bbox 1432 353 1709 409; x_wconf 72' lang='lat' dir='ltr'><strong>CARMEN</strong></span> <span class='ocrx_word' id='word_1_266' title='bbox 1756 353 1839 405; x_wconf 81' lang='lat' dir='ltr'>DE</span> <span class='ocrx_word' id='word_1_267' title='bbox 1879 350 2123 406; x_wconf 81' lang='lat' dir='ltr'><strong>GESTIS</strong></span> <span class='ocrx_word' id='word_1_268' title='bbox 2159 352 2453 407; x_wconf 72' lang='lat' dir='ltr'><strong>OTTONIS</strong></span> <span class='ocrx_word' id='word_1_269' title='bbox 2497 353 2533 404; x_wconf 90' lang='lat' dir='ltr'><strong>l.</strong></span> 
     </span>
    </p>
   </div>
   <div class='ocr_carea' id='block_1_48' title="bbox 3464 356 3597 409">
    <p class='ocr_par' dir='ltr' id='par_1_48' title="bbox 3464 356 3597 409">
     <span class='ocr_line' id='line_1_48' title="bbox 3464 356 3597 409; baseline 0.008 -3"><span class='ocrx_word' id='word_1_270' title='bbox 3464 356 3597 409; x_wconf 72' lang='grc'><strong>1162</strong></span> 
     </span>
    </p>
   </div>
   <div class='ocr_carea' id='block_1_49' title="bbox 1946 461 3423 531">
    <p class='ocr_par' dir='ltr' id='par_1_49' title="bbox 1946 461 3423 531">
     <span class='ocr_line' id='line_1_49' title="bbox 1946 461 3423 531; baseline 0.003 -19"><span class='ocrx_word' id='word_1_271' title='bbox 1946 467 1989 521; x_wconf 88' lang='grc' dir='ltr'><strong>Λ</strong></span> <span class='ocrx_word' id='word_1_272' title='bbox 2023 461 2179 514; x_wconf 80' lang='lat' dir='ltr'><strong>Fudit</strong></span> <span class='ocrx_word' id='word_1_273' title='bbox 2208 461 2259 513; x_wconf 94' lang='lat' dir='ltr'><strong>in</strong></span> <span class='ocrx_word' id='word_1_274' title='bbox 2293 464 2558 516; x_wconf 86' lang='lat' dir='ltr'><strong>insontem</strong></span> <span class='ocrx_word' id='word_1_275' title='bbox 2592 472 2901 515; x_wconf 88' lang='lat' dir='ltr'><strong>concretmn</strong></span> <span class='ocrx_word' id='word_1_276' title='bbox 2938 464 3131 531; x_wconf 88' lang='lat' dir='ltr'><strong>quippe</strong></span> <span class='ocrx_word' id='word_1_277' title='bbox 3166 466 3423 528; x_wconf 82' lang='lat' dir='ltr'><strong>furorem,</strong></span> 
     </span>
    </p>
   </div>
   <div class='ocr_carea' id='block_1_50' title="bbox 2024 553 3320 622">
    <p class='ocr_par' dir='ltr' id='par_1_50' title="bbox 2024 553 3320 622">
     <span class='ocr_line' id='line_1_50' title="bbox 2024 553 3320 622; baseline 0.003 -17"><span class='ocrx_word' id='word_1_278' title='bbox 2024 554 2281 622; x_wconf 89' lang='lat' dir='ltr'><strong>lnjnstam</strong></span> <span class='ocrx_word' id='word_1_279' title='bbox 2313 555 2417 606; x_wconf 82' lang='lat' dir='ltr'><strong>vim</strong></span> <span class='ocrx_word' id='word_1_280' title='bbox 2464 555 2657 622; x_wconf 74' lang='lat' dir='ltr'><strong>t&#39;eginze</strong></span> <span class='ocrx_word' id='word_1_281' title='bbox 2687 553 2889 608; x_wconf 86' lang='lat' dir='ltr'><strong>faciens</strong></span> <span class='ocrx_word' id='word_1_282' title='bbox 2919 553 3320 618; x_wconf 62' lang='lat' dir='ltr'><strong>ZEthclhcithm,</strong></span> 
     </span>
    </p>
   </div>
   <div class='ocr_carea' id='block_1_51' title="bbox 2024 644 3388 710">
    <p class='ocr_par' dir='ltr' id='par_1_51' title="bbox 2024 644 3388 710">
     <span class='ocr_line' id='line_1_51' title="bbox 2024 644 3388 710; baseline 0.003 -16"><span class='ocrx_word' id='word_1_283' title='bbox 2024 644 2152 709; x_wconf 76' lang='lat' dir='ltr'><strong>Quae</strong></span> <span class='ocrx_word' id='word_1_284' title='bbox 2181 659 2409 710; x_wconf 81' lang='lat' dir='ltr'><strong>regnans</strong></span> <span class='ocrx_word' id='word_1_285' title='bbox 2440 644 2512 697; x_wconf 92' lang='lat' dir='ltr'><strong>illi</strong></span> <span class='ocrx_word' id='word_1_286' title='bbox 2539 644 2795 697; x_wconf 89' lang='lat' dir='ltr'><strong>damnum</strong></span> <span class='ocrx_word' id='word_1_287' title='bbox 2828 660 2931 697; x_wconf 91' lang='lat' dir='ltr'><strong>non</strong></span> <span class='ocrx_word' id='word_1_288' title='bbox 2967 644 3165 698; x_wconf 81' lang='lat' dir='ltr'><strong>fecerat</strong></span> <span class='ocrx_word' id='word_1_289' title='bbox 3202 646 3388 699; x_wconf 89' lang='lat' dir='ltr'><strong>ttllum.</strong></span> 
     </span>
    </p>
   </div>
   <div class='ocr_carea' id='block_1_52' title="bbox 2026 734 3314 806">
    <p class='ocr_par' dir='ltr' id='par_1_52' title="bbox 2026 734 3314 806">
     <span class='ocr_line' id='line_1_52' title="bbox 2026 734 3314 806; baseline 0.002 -19"><span class='ocrx_word' id='word_1_290' title='bbox 2026 734 2133 790; x_wconf 88' lang='lat' dir='ltr'><strong>Nec</strong></span> <span class='ocrx_word' id='word_1_291' title='bbox 2163 736 2335 789; x_wconf 91' lang='lat' dir='ltr'><strong>solum</strong></span> <span class='ocrx_word' id='word_1_292' title='bbox 2366 736 2524 790; x_wconf 76' lang='lat' dir='ltr'><strong>celsa:</strong></span> <span class='ocrx_word' id='word_1_293' title='bbox 2550 736 2739 790; x_wconf 90' lang='lat' dir='ltr'><strong>solium</strong></span> <span class='ocrx_word' id='word_1_294' title='bbox 2773 736 2873 791; x_wconf 89' lang='lat' dir='ltr'><strong>sibi</strong></span> <span class='ocrx_word' id='word_1_295' title='bbox 2902 738 3130 806; x_wconf 88' lang='lat' dir='ltr'><strong>proripit</strong></span> <span class='ocrx_word' id='word_1_296' title='bbox 3160 738 3314 801; x_wconf 67' lang='lat' dir='ltr'><strong>aulm,</strong></span> 
     </span>
    </p>
   </div>
   <div class='ocr_carea' id='block_1_53' title="bbox 2025 825 3250 895">
    <p class='ocr_par' dir='ltr' id='par_1_53' title="bbox 2025 825 3250 895">
     <span class='ocr_line' id='line_1_53' title="bbox 2025 825 3250 895; baseline 0.002 -16"><span class='ocrx_word' id='word_1_297' title='bbox 2025 825 2129 880; x_wconf 90' lang='lat' dir='ltr'><strong>Sed</strong></span> <span class='ocrx_word' id='word_1_298' title='bbox 2156 827 2311 880; x_wconf 88' lang='lat' dir='ltr'><strong>simul</strong></span> <span class='ocrx_word' id='word_1_299' title='bbox 2342 829 2521 880; x_wconf 76' lang='lat' dir='ltr'><strong>aerarii</strong></span> <span class='ocrx_word' id='word_1_300' title='bbox 2551 827 2803 881; x_wconf 88' lang='lat' dir='ltr'><strong>claustris</strong></span> <span class='ocrx_word' id='word_1_301' title='bbox 2830 827 2946 895; x_wconf 85' lang='lat' dir='ltr'><strong>ejus</strong></span> <span class='ocrx_word' id='word_1_302' title='bbox 2977 830 3250 889; x_wconf 89' lang='lat' dir='ltr'><strong>reseratis,</strong></span> 
     </span>
    </p>
   </div>
   <div class='ocr_carea' id='block_1_54' title="bbox 2024 917 3273 987">
    <p class='ocr_par' dir='ltr' id='par_1_54' title="bbox 2024 917 3273 987">
     <span class='ocr_line' id='line_1_54' title="bbox 2024 917 3273 987; baseline -0.001 -16"><span class='ocrx_word' id='word_1_303' title='bbox 2024 917 2192 972; x_wconf 91' lang='lat' dir='ltr'><strong>Omne</strong></span> <span class='ocrx_word' id='word_1_304' title='bbox 2212 918 2355 987; x_wconf 87' lang='lat' dir='ltr'><strong>quod</strong></span> <span class='ocrx_word' id='word_1_305' title='bbox 2387 919 2592 973; x_wconf 84' lang='lat' dir='ltr'><strong>invenit</strong></span> <span class='ocrx_word' id='word_1_306' title='bbox 2621 919 2805 973; x_wconf 78' lang='lat' dir='ltr'><strong>dextra</strong></span> <span class='ocrx_word' id='word_1_307' title='bbox 2834 918 3053 972; x_wconf 88' lang='lat' dir='ltr'><strong>tollebat</strong></span> <span class='ocrx_word' id='word_1_308' title='bbox 3091 933 3273 981; x_wconf 79' lang='lat' dir='ltr'><strong>avara,</strong></span> 
     </span>
    </p>
   </div>
   <div class='ocr_carea' id='block_1_55' title="bbox 2025 1009 3530 1081">
    <p class='ocr_par' dir='ltr' id='par_1_55' title="bbox 2025 1009 3530 1081">
     <span class='ocr_line' id='line_1_55' title="bbox 2025 1009 3530 1081; baseline 0.004 -20"><span class='ocrx_word' id='word_1_309' title='bbox 2025 1009 2229 1061; x_wconf 80' lang='lat' dir='ltr'><strong>Aurum</strong></span> <span class='ocrx_word' id='word_1_310' title='bbox 2262 1023 2383 1062; x_wconf 85' lang='lat' dir='ltr'><strong>cum</strong></span> <span class='ocrx_word' id='word_1_311' title='bbox 2422 1010 2650 1078; x_wconf 87' lang='lat' dir='ltr'><strong>gemmis</strong></span> <span class='ocrx_word' id='word_1_312' title='bbox 2682 1011 2815 1063; x_wconf 81' lang='lat' dir='ltr'><strong>varii</strong></span> <span class='ocrx_word' id='word_1_313' title='bbox 2856 1011 3070 1079; x_wconf 79' lang='lat' dir='ltr'><strong>generis</strong></span> <span class='ocrx_word' id='word_1_314' title='bbox 3107 1026 3319 1079; x_wconf 89' lang='lat' dir='ltr'><strong>quoque</strong></span> <span class='ocrx_word' id='word_1_315' title='bbox 3350 1013 3530 1081; x_wconf 81' lang='lat' dir='ltr'><strong>gazis.</strong></span> 
     </span>
    </p>
   </div>
   <div class='ocr_carea' id='block_1_56' title="bbox 2028 1093 3267 1166">
    <p class='ocr_par' dir='ltr' id='par_1_56' title="bbox 2028 1093 3267 1166">
     <span class='ocr_line' id='line_1_56' title="bbox 2028 1093 3267 1166; baseline 0.006 -20"><span class='ocrx_word' id='word_1_316' title='bbox 2028 1093 2241 1151; x_wconf 87' lang='lat' dir='ltr'><strong>Necnon</strong></span> <span class='ocrx_word' id='word_1_317' title='bbox 2279 1097 2472 1165; x_wconf 88' lang='lat' dir='ltr'><strong>regalis</strong></span> <span class='ocrx_word' id='word_1_318' title='bbox 2500 1107 2700 1152; x_wconf 91' lang='lat' dir='ltr'><strong>scrtum</strong></span> <span class='ocrx_word' id='word_1_319' title='bbox 2730 1100 3020 1166; x_wconf 71' lang='lat' dir='ltr'><strong>prrenobilc</strong></span> <span class='ocrx_word' id='word_1_320' title='bbox 3055 1099 3267 1155; x_wconf 88' lang='lat' dir='ltr'><strong>frontis.</strong></span> 
     </span>
    </p>
   </div>
   <div class='ocr_carea' id='block_1_57' title="bbox 2025 1184 3250 1256">
    <p class='ocr_par' dir='ltr' id='par_1_57' title="bbox 2025 1184 3250 1256">
     <span class='ocr_line' id='line_1_57' title="bbox 2025 1184 3250 1256; baseline 0.005 -19"><span class='ocrx_word' id='word_1_321' title='bbox 2025 1184 2264 1239; x_wconf 87' lang='lat' dir='ltr'><strong>Ornatus</strong></span> <span class='ocrx_word' id='word_1_322' title='bbox 2293 1202 2391 1241; x_wconf 91' lang='lat' dir='ltr'><strong>nec</strong></span> <span class='ocrx_word' id='word_1_323' title='bbox 2414 1188 2729 1256; x_wconf 85' lang='lat' dir='ltr'><strong>particulam</strong></span> <span class='ocrx_word' id='word_1_324' title='bbox 2762 1190 3039 1244; x_wconf 84' lang='lat' dir='ltr'><strong>dimiserat</strong></span> <span class='ocrx_word' id='word_1_325' title='bbox 3069 1190 3250 1255; x_wconf 87' lang='lat' dir='ltr'><strong>ullam,</strong></span> 
     </span>
    </p>
   </div>
   <div class='ocr_carea' id='block_1_58' title="bbox 2028 1273 3371 1350">
    <p class='ocr_par' dir='ltr' id='par_1_58' title="bbox 2028 1273 3371 1350">
     <span class='ocr_line' id='line_1_58' title="bbox 2028 1273 3371 1350; baseline 0.007 -24"><span class='ocrx_word' id='word_1_326' title='bbox 2028 1273 2135 1328; x_wconf 83' lang='lat' dir='ltr'><strong>Nec</strong></span> <span class='ocrx_word' id='word_1_327' title='bbox 2169 1276 2349 1330; x_wconf 81' lang='lat' dir='ltr'><strong>timuit</strong></span> <span class='ocrx_word' id='word_1_328' title='bbox 2376 1280 2609 1347; x_wconf 90' lang='lat' dir='ltr'><strong>propriis</strong></span> <span class='ocrx_word' id='word_1_329' title='bbox 2640 1279 2781 1332; x_wconf 86' lang='lat' dir='ltr'><strong>illam</strong></span> <span class='ocrx_word' id='word_1_330' title='bbox 2822 1281 3053 1350; x_wconf 89' lang='lat' dir='ltr'><strong>spoliare</strong></span> <span class='ocrx_word' id='word_1_331' title='bbox 3088 1283 3371 1346; x_wconf 83' lang='lat' dir='ltr'><strong>ministris,</strong></span> 
     </span>
    </p>
   </div>
   <div class='ocr_carea' id='block_1_59' title="bbox 2025 1366 3323 1441">
    <p class='ocr_par' dir='ltr' id='par_1_59' title="bbox 2025 1366 3323 1441">
     <span class='ocr_line' id='line_1_59' title="bbox 2025 1366 3323 1441; baseline 0.005 -22"><span class='ocrx_word' id='word_1_332' title='bbox 2025 1366 2313 1433; x_wconf 87' lang='lat' dir='ltr'><strong>Obscqniis</strong></span> <span class='ocrx_word' id='word_1_333' title='bbox 2339 1383 2551 1435; x_wconf 88' lang='lat' dir='ltr'><strong>quoque</strong></span> <span class='ocrx_word' id='word_1_334' title='bbox 2583 1372 2829 1437; x_wconf 88' lang='lat' dir='ltr'><strong>personis</strong></span> <span class='ocrx_word' id='word_1_335' title='bbox 2868 1372 3139 1439; x_wconf 85' lang='lat' dir='ltr'><strong>regalibus</strong></span> <span class='ocrx_word' id='word_1_336' title='bbox 3162 1374 3323 1441; x_wconf 88' lang='lat' dir='ltr'><strong>aptis,</strong></span> 
     </span>
    </p>
   </div>
   <div class='ocr_carea' id='block_1_60' title="bbox 2029 1454 3189 1525">
    <p class='ocr_par' dir='ltr' id='par_1_60' title="bbox 2029 1454 3189 1525">
     <span class='ocr_line' id='line_1_60' title="bbox 2029 1454 3189 1525; baseline 0.004 -19"><span class='ocrx_word' id='word_1_337' title='bbox 2029 1454 2323 1524; x_wconf 80' lang='lat' dir='ltr'><strong>chalique</strong></span> <span class='ocrx_word' id='word_1_338' title='bbox 2347 1466 2643 1525; x_wconf 87' lang='lat' dir='ltr'><strong>potentatu,</strong></span> <span class='ocrx_word' id='word_1_339' title='bbox 2671 1459 2980 1513; x_wconf 83' lang='lat' dir='ltr'><strong>miserabile</strong></span> <span class='ocrx_word' id='word_1_340' title='bbox 3008 1461 3154 1513; x_wconf 89' lang='lat' dir='ltr'><strong>dictu</strong></span> <span class='ocrx_word' id='word_1_341' title='bbox 3178 1462 3189 1511; x_wconf 90' lang='lat'>!</span> 
     </span>
    </p>
   </div>
   <div class='ocr_carea' id='block_1_61' title="bbox 2030 1544 3440 1617">
    <p class='ocr_par' dir='ltr' id='par_1_61' title="bbox 2030 1544 3440 1617">
     <span class='ocr_line' id='line_1_61' title="bbox 2030 1544 3440 1617; baseline 0.004 -21"><span class='ocrx_word' id='word_1_342' title='bbox 2030 1544 2307 1597; x_wconf 77' lang='lat' dir='ltr'><strong>Postremo</strong></span> <span class='ocrx_word' id='word_1_343' title='bbox 2330 1562 2543 1615; x_wconf 87' lang='lat' dir='ltr'><strong>quoque</strong></span> <span class='ocrx_word' id='word_1_344' title='bbox 2574 1549 2825 1617; x_wconf 89' lang='lat' dir='ltr'><strong>pergendi</strong></span> <span class='ocrx_word' id='word_1_345' title='bbox 2860 1550 3166 1617; x_wconf 88' lang='lat' dir='ltr'><strong>pariterque</strong></span> <span class='ocrx_word' id='word_1_346' title='bbox 3193 1552 3440 1603; x_wconf 89' lang='lat' dir='ltr'><strong>manendi</strong></span> 
     </span>
    </p>
   </div>
   <div class='ocr_carea' id='block_1_62' title="bbox 2026 1635 3603 1706">
    <p class='ocr_par' dir='ltr' id='par_1_62' title="bbox 2026 1635 3603 1706">
     <span class='ocr_line' id='line_1_62' title="bbox 2026 1635 3603 1706; baseline 0.003 -19"><span class='ocrx_word' id='word_1_347' title='bbox 2026 1635 2144 1700; x_wconf 86' lang='lat' dir='ltr'><strong>Quo</strong></span> <span class='ocrx_word' id='word_1_348' title='bbox 2171 1636 2350 1698; x_wconf 88' lang='lat' dir='ltr'><strong>vellet,</strong></span> <span class='ocrx_word' id='word_1_349' title='bbox 2370 1637 2675 1690; x_wconf 86' lang='lat' dir='ltr'><strong>libertatem</strong></span> <span class='ocrx_word' id='word_1_350' title='bbox 2705 1636 2844 1690; x_wconf 89' lang='lat' dir='ltr'><strong>male</strong></span> <span class='ocrx_word' id='word_1_351' title='bbox 2872 1638 3102 1706; x_wconf 90' lang='lat' dir='ltr'><strong>denegat</strong></span> <span class='ocrx_word' id='word_1_352' title='bbox 3129 1652 3341 1689; x_wconf 84' lang='lat' dir='ltr'><strong>omnem</strong></span> <span class='ocrx_word' id='word_1_353' title='bbox 3368 1639 3489 1705; x_wconf 76' lang='lat' dir='ltr'><strong>(An.</strong></span> <span class='ocrx_word' id='word_1_354' title='bbox 3507 1639 3603 1692; x_wconf 69' lang='lat'><strong>95!.</strong></span> 
     </span>
    </p>
   </div>
   <div class='ocr_carea' id='block_1_63' title="bbox 2030 1724 3613 1797">
    <p class='ocr_par' dir='ltr' id='par_1_63' title="bbox 2030 1724 3613 1797">
     <span class='ocr_line' id='line_1_63' title="bbox 2030 1724 3613 1797; baseline 0.001 -19"><span class='ocrx_word' id='word_1_355' title='bbox 2030 1724 2212 1778; x_wconf 89' lang='lat' dir='ltr'><strong>Solam</strong></span> <span class='ocrx_word' id='word_1_356' title='bbox 2229 1741 2352 1779; x_wconf 88' lang='lat' dir='ltr'><strong>cum</strong></span> <span class='ocrx_word' id='word_1_357' title='bbox 2378 1726 2489 1780; x_wconf 92' lang='lat' dir='ltr'><strong>sola</strong></span> <span class='ocrx_word' id='word_1_358' title='bbox 2509 1726 2850 1780; x_wconf 90' lang='lat' dir='ltr'><strong>committens</strong></span> <span class='ocrx_word' id='word_1_359' title='bbox 2866 1741 3096 1795; x_wconf 87' lang='lat' dir='ltr'><strong>namque</strong></span> <span class='ocrx_word' id='word_1_360' title='bbox 3114 1726 3288 1794; x_wconf 89' lang='lat' dir='ltr'><strong>puella</strong></span> <span class='ocrx_word' id='word_1_361' title='bbox 3330 1726 3480 1797; x_wconf 78' lang='grc' dir='ltr'><strong>[Αρν.</strong></span> <span class='ocrx_word' id='word_1_362' title='bbox 3500 1728 3613 1796; x_wconf 67' lang='lat'><strong>90).</strong></span> 
     </span>
    </p>
   </div>
   <div class='ocr_carea' id='block_1_64' title="bbox 1961 1812 3434 1882">
    <p class='ocr_par' dir='ltr' id='par_1_64' title="bbox 1961 1812 3434 1882">
     <span class='ocr_line' id='line_1_64' title="bbox 1961 1812 3434 1882; baseline 0.001 -17"><span class='ocrx_word' id='word_1_363' title='bbox 1961 1815 2007 1873; x_wconf 85' lang='lat' dir='ltr'><strong>B</strong></span> <span class='ocrx_word' id='word_1_364' title='bbox 2038 1812 2367 1867; x_wconf 91' lang='lat' dir='ltr'><strong>Servandam</strong></span> <span class='ocrx_word' id='word_1_365' title='bbox 2398 1815 2609 1868; x_wconf 87' lang='lat' dir='ltr'><strong>cuidam</strong></span> <span class='ocrx_word' id='word_1_366' title='bbox 2636 1814 2821 1867; x_wconf 87' lang='lat' dir='ltr'><strong>comiti</strong></span> <span class='ocrx_word' id='word_1_367' title='bbox 2854 1829 2947 1868; x_wconf 92' lang='lat' dir='ltr'><strong>sua</strong></span> <span class='ocrx_word' id='word_1_368' title='bbox 2980 1813 3129 1881; x_wconf 88' lang='lat' dir='ltr'><strong>jnssa</strong></span> <span class='ocrx_word' id='word_1_369' title='bbox 3162 1815 3434 1882; x_wconf 85' lang='lat' dir='ltr'><strong>sequenti,</strong></span> 
     </span>
    </p>
   </div>
   <div class='ocr_carea' id='block_1_65' title="bbox 2035 1904 3333 1976">
    <p class='ocr_par' dir='ltr' id='par_1_65' title="bbox 2035 1904 3333 1976">
     <span class='ocr_line' id='line_1_65' title="bbox 2035 1904 3333 1976; baseline 0.005 -22"><span class='ocrx_word' id='word_1_370' title='bbox 2035 1904 2135 1970; x_wconf 87' lang='lat' dir='ltr'><strong>Qui</strong></span> <span class='ocrx_word' id='word_1_371' title='bbox 2160 1906 2326 1974; x_wconf 87' lang='lat' dir='ltr'><strong>jussis</strong></span> <span class='ocrx_word' id='word_1_372' title='bbox 2360 1916 2546 1973; x_wconf 88' lang='lat' dir='ltr'><strong>captus</strong></span> <span class='ocrx_word' id='word_1_373' title='bbox 2575 1907 2717 1976; x_wconf 91' lang='lat' dir='ltr'><strong>regis</strong></span> <span class='ocrx_word' id='word_1_374' title='bbox 2747 1922 2850 1959; x_wconf 91' lang='lat' dir='ltr'><strong>non</strong></span> <span class='ocrx_word' id='word_1_375' title='bbox 2876 1904 3023 1974; x_wconf 87' lang='lat' dir='ltr'><strong>justa</strong></span> <span class='ocrx_word' id='word_1_376' title='bbox 3059 1906 3333 1973; x_wconf 86' lang='lat' dir='ltr'><strong>jnbcntis,</strong></span> 
     </span>
    </p>
   </div>
   <div class='ocr_carea' id='block_1_66' title="bbox 2035 1991 3568 2064">
    <p class='ocr_par' dir='ltr' id='par_1_66' title="bbox 2035 1991 3568 2064">
     <span class='ocr_line' id='line_1_66' title="bbox 2035 1991 3568 2064; baseline 0.005 -19"><span class='ocrx_word' id='word_1_377' title='bbox 2035 1991 2151 2047; x_wconf 85' lang='lat' dir='ltr'><strong>Non</strong></span> <span class='ocrx_word' id='word_1_378' title='bbox 2183 1994 2373 2047; x_wconf 89' lang='lat' dir='ltr'><strong>metuit</strong></span> <span class='ocrx_word' id='word_1_379' title='bbox 2397 1995 2671 2063; x_wconf 89' lang='lat' dir='ltr'><strong>propriam</strong></span> <span class='ocrx_word' id='word_1_380' title='bbox 2700 1995 2871 2064; x_wconf 77' lang='lat' dir='ltr'><strong>culpa:</strong></span> <span class='ocrx_word' id='word_1_381' title='bbox 2901 1997 3018 2049; x_wconf 88' lang='lat' dir='ltr'><strong>sine</strong></span> <span class='ocrx_word' id='word_1_382' title='bbox 3049 1997 3280 2050; x_wconf 87' lang='lat' dir='ltr'><strong>crimine</strong></span> <span class='ocrx_word' id='word_1_383' title='bbox 3313 2003 3568 2053; x_wconf 85' lang='lat' dir='ltr'><strong>domnam</strong></span> 
     </span>
    </p>
   </div>
   <div class='ocr_carea' id='block_1_67' title="bbox 2034 2080 3359 2149">
    <p class='ocr_par' dir='ltr' id='par_1_67' title="bbox 2034 2080 3359 2149">
     <span class='ocr_line' id='line_1_67' title="bbox 2034 2080 3359 2149; baseline 0.005 -16"><span class='ocrx_word' id='word_1_384' title='bbox 2034 2080 2283 2134; x_wconf 88' lang='lat' dir='ltr'><strong>Clausam</strong></span> <span class='ocrx_word' id='word_1_385' title='bbox 2314 2084 2582 2137; x_wconf 89' lang='lat' dir='ltr'><strong>carcereis</strong></span> <span class='ocrx_word' id='word_1_386' title='bbox 2621 2084 2877 2138; x_wconf 89' lang='lat' dir='ltr'><strong>claustris</strong></span> <span class='ocrx_word' id='word_1_387' title='bbox 2903 2099 3120 2138; x_wconf 86' lang='lat' dir='ltr'><strong>scrvare</strong></span> <span class='ocrx_word' id='word_1_388' title='bbox 3145 2085 3359 2149; x_wconf 86' lang='lat' dir='ltr'><strong>cubilis,</strong></span> 
     </span>
    </p>
   </div>
   <div class='ocr_carea' id='block_1_68' title="bbox 2034 2171 3302 2243">
    <p class='ocr_par' dir='ltr' id='par_1_68' title="bbox 2034 2171 3302 2243">
     <span class='ocr_line' id='line_1_68' title="bbox 2034 2171 3302 2243; baseline 0.006 -18"><span class='ocrx_word' id='word_1_389' title='bbox 2034 2171 2250 2226; x_wconf 90' lang='lat' dir='ltr'><strong>Circum</strong></span> <span class='ocrx_word' id='word_1_390' title='bbox 2282 2171 2491 2228; x_wconf 84' lang='lat' dir='ltr'><strong>diffusis</strong></span> <span class='ocrx_word' id='word_1_391' title='bbox 2514 2175 2797 2229; x_wconf 87' lang='lat' dir='ltr'><strong>custodum</strong></span> <span class='ocrx_word' id='word_1_392' title='bbox 2830 2177 3061 2239; x_wconf 84' lang='lat' dir='ltr'><strong>denique</strong></span> <span class='ocrx_word' id='word_1_393' title='bbox 3087 2180 3302 2243; x_wconf 87' lang='lat' dir='ltr'><strong>turmis,</strong></span> 
     </span>
    </p>
   </div>
   <div class='ocr_carea' id='block_1_69' title="bbox 2040 2264 3250 2334">
    <p class='ocr_par' dir='ltr' id='par_1_69' title="bbox 2040 2264 3250 2334">
     <span class='ocr_line' id='line_1_69' title="bbox 2040 2264 3250 2334; baseline 0.001 -15"><span class='ocrx_word' id='word_1_394' title='bbox 2040 2264 2111 2319; x_wconf 87' lang='lat' dir='ltr'><strong>Ut</strong></span> <span class='ocrx_word' id='word_1_395' title='bbox 2138 2280 2256 2319; x_wconf 91' lang='lat' dir='ltr'><strong>mos</strong></span> <span class='ocrx_word' id='word_1_396' title='bbox 2282 2279 2547 2334; x_wconf 87' lang='lat' dir='ltr'><strong>personas</strong></span> <span class='ocrx_word' id='word_1_397' title='bbox 2575 2275 2657 2320; x_wconf 90' lang='lat' dir='ltr'><strong>est</strong></span> <span class='ocrx_word' id='word_1_398' title='bbox 2700 2268 2903 2321; x_wconf 87' lang='lat' dir='ltr'><strong>servari</strong></span> <span class='ocrx_word' id='word_1_399' title='bbox 2933 2268 3250 2322; x_wconf 85' lang='lat' dir='ltr'><strong>scelerosas.</strong></span> 
     </span>
    </p>
   </div>
   <div class='ocr_carea' id='block_1_70' title="bbox 2039 2355 3368 2425">
    <p class='ocr_par' dir='ltr' id='par_1_70' title="bbox 2039 2355 3368 2425">
     <span class='ocr_line' id='line_1_70' title="bbox 2039 2355 3368 2425; baseline 0.003 -17"><span class='ocrx_word' id='word_1_400' title='bbox 2039 2355 2145 2409; x_wconf 89' lang='lat' dir='ltr'><strong>Sed</strong></span> <span class='ocrx_word' id='word_1_401' title='bbox 2174 2356 2264 2425; x_wconf 89' lang='lat' dir='ltr'><strong>qui</strong></span> <span class='ocrx_word' id='word_1_402' title='bbox 2298 2356 2363 2409; x_wconf 90' lang='lat' dir='ltr'><strong>de</strong></span> <span class='ocrx_word' id='word_1_403' title='bbox 2387 2356 2577 2410; x_wconf 88' lang='lat' dir='ltr'><strong>vinclis</strong></span> <span class='ocrx_word' id='word_1_404' title='bbox 2609 2357 2829 2411; x_wconf 83' lang='lat' dir='ltr'><strong>Petrum</strong></span> <span class='ocrx_word' id='word_1_405' title='bbox 2863 2358 3079 2412; x_wconf 89' lang='lat' dir='ltr'><strong>tollebat</strong></span> <span class='ocrx_word' id='word_1_406' title='bbox 3110 2358 3368 2422; x_wconf 81' lang='lat' dir='ltr'><strong>Herodis,</strong></span> 
     </span>
    </p>
   </div>
   <div class='ocr_carea' id='block_1_71' title="bbox 2038 2442 3339 2515">
    <p class='ocr_par' dir='ltr' id='par_1_71' title="bbox 2038 2442 3339 2515">
     <span class='ocr_line' id='line_1_71' title="bbox 2038 2442 3339 2515; baseline 0.002 -20"><span class='ocrx_word' id='word_1_407' title='bbox 2038 2442 2206 2507; x_wconf 90' lang='lat' dir='ltr'><strong>lIanc,</strong></span> <span class='ocrx_word' id='word_1_408' title='bbox 2255 2444 2475 2512; x_wconf 90' lang='lat' dir='ltr'><strong>quando</strong></span> <span class='ocrx_word' id='word_1_409' title='bbox 2499 2444 2688 2507; x_wconf 91' lang='lat' dir='ltr'><strong>voluit,</strong></span> <span class='ocrx_word' id='word_1_410' title='bbox 2715 2446 2830 2498; x_wconf 87' lang='lat' dir='ltr'><strong>miti</strong></span> <span class='ocrx_word' id='word_1_411' title='bbox 2863 2446 3062 2515; x_wconf 88' lang='lat' dir='ltr'><strong>pietate</strong></span> <span class='ocrx_word' id='word_1_412' title='bbox 3094 2447 3339 2500; x_wconf 91' lang='lat' dir='ltr'><strong>redemit.</strong></span> 
     </span>
    </p>
   </div>
   <div class='ocr_carea' id='block_1_72' title="bbox 2038 2536 3295 2593">
    <p class='ocr_par' dir='ltr' id='par_1_72' title="bbox 2038 2536 3295 2593">
     <span class='ocr_line' id='line_1_72' title="bbox 2038 2536 3295 2593; baseline 0.001 -1"><span class='ocrx_word' id='word_1_413' title='bbox 2038 2537 2198 2592; x_wconf 90' lang='lat' dir='ltr'><strong>Certe</strong></span> <span class='ocrx_word' id='word_1_414' title='bbox 2222 2537 2346 2591; x_wconf 90' lang='lat' dir='ltr'><strong>dum</strong></span> <span class='ocrx_word' id='word_1_415' title='bbox 2379 2538 2543 2592; x_wconf 90' lang='lat' dir='ltr'><strong>variis</strong></span> <span class='ocrx_word' id='word_1_416' title='bbox 2570 2538 2752 2590; x_wconf 87' lang='lat' dir='ltr'><strong>animo</strong></span> <span class='ocrx_word' id='word_1_417' title='bbox 2778 2536 2917 2592; x_wconf 85' lang='lat' dir='ltr'><strong>foret</strong></span> <span class='ocrx_word' id='word_1_418' title='bbox 2951 2538 3112 2591; x_wconf 79' lang='lat' dir='ltr'><strong>anxia</strong></span> <span class='ocrx_word' id='word_1_419' title='bbox 3146 2539 3295 2593; x_wconf 87' lang='lat' dir='ltr'><strong>curis</strong></span> 
     </span>
    </p>
   </div>
   <div class='ocr_carea' id='block_1_73' title="bbox 2040 2627 3357 2696">
    <p class='ocr_par' dir='ltr' id='par_1_73' title="bbox 2040 2627 3357 2696">
     <span class='ocr_line' id='line_1_73' title="bbox 2040 2627 3357 2696; baseline 0.002 -16"><span class='ocrx_word' id='word_1_420' title='bbox 2040 2627 2301 2696; x_wconf 84' lang='lat' dir='ltr'><strong>Nullaque</strong></span> <span class='ocrx_word' id='word_1_421' title='bbox 2328 2643 2451 2695; x_wconf 81' lang='lat' dir='ltr'><strong>spes</strong></span> <span class='ocrx_word' id='word_1_422' title='bbox 2486 2628 2701 2683; x_wconf 85' lang='lat' dir='ltr'><strong>sibimet</strong></span> <span class='ocrx_word' id='word_1_423' title='bbox 2722 2629 2854 2683; x_wconf 85' lang='lat' dir='ltr'><strong>certi</strong></span> <span class='ocrx_word' id='word_1_424' title='bbox 2885 2628 3162 2683; x_wconf 90' lang='lat' dir='ltr'><strong>solaminis</strong></span> <span class='ocrx_word' id='word_1_425' title='bbox 3191 2640 3357 2693; x_wconf 78' lang='lat' dir='ltr'><strong>esset,</strong></span> 
     </span>
    </p>
   </div>
   <div class='ocr_carea' id='block_1_74' title="bbox 2042 2717 3615 2789">
    <p class='ocr_par' dir='ltr' id='par_1_74' title="bbox 2042 2717 3615 2789">
     <span class='ocr_line' id='line_1_74' title="bbox 2042 2717 3615 2789; baseline 0.006 -20"><span class='ocrx_word' id='word_1_426' title='bbox 2042 2717 2241 2773; x_wconf 69' lang='lat' dir='ltr'><strong>Prtesul</strong></span> <span class='ocrx_word' id='word_1_427' title='bbox 2262 2719 2791 2789; x_wconf 79' lang='lat' dir='ltr'><strong>Adhelhardus(66),</strong></span> <span class='ocrx_word' id='word_1_428' title='bbox 2810 2719 3005 2774; x_wconf 86' lang='lat' dir='ltr'><strong>factum</strong></span> <span class='ocrx_word' id='word_1_429' title='bbox 3030 2719 3232 2774; x_wconf 86' lang='lat' dir='ltr'><strong>deﬂens</strong></span> <span class='ocrx_word' id='word_1_430' title='bbox 3254 2721 3615 2778; x_wconf 87' lang='lat' dir='ltr'><strong>miserandum</strong></span> 
     </span>
    </p>
   </div>
   <div class='ocr_carea' id='block_1_75' title="bbox 2040 2805 3613 2879">
    <p class='ocr_par' dir='ltr' id='par_1_75' title="bbox 2040 2805 3613 2879">
     <span class='ocr_line' id='line_1_75' title="bbox 2040 2805 3613 2879; baseline 0.004 -20"><span class='ocrx_word' id='word_1_431' title='bbox 2040 2805 2248 2876; x_wconf 80' lang='lat' dir='ltr'><strong>Vixque</strong></span> <span class='ocrx_word' id='word_1_432' title='bbox 2290 2823 2401 2861; x_wconf 70' lang='lat' dir='ltr'><strong>suae</strong></span> <span class='ocrx_word' id='word_1_433' title='bbox 2435 2808 2691 2862; x_wconf 90' lang='lat' dir='ltr'><strong>damnum</strong></span> <span class='ocrx_word' id='word_1_434' title='bbox 2740 2824 2880 2863; x_wconf 68' lang='lat' dir='ltr'><strong>cara:</strong></span> <span class='ocrx_word' id='word_1_435' title='bbox 2917 2808 3134 2878; x_wconf 90' lang='lat' dir='ltr'><strong>paciens</strong></span> <span class='ocrx_word' id='word_1_436' title='bbox 3182 2823 3346 2879; x_wconf 85' lang='lat' dir='ltr'><strong>grave</strong></span> <span class='ocrx_word' id='word_1_437' title='bbox 3385 2811 3613 2875; x_wconf 67' lang='lat' dir='ltr'><strong>domum,</strong></span> 
     </span>
    </p>
   </div>
   <div class='ocr_carea' id='block_1_76' title="bbox 2039 2897 3437 2968">
    <p class='ocr_par' dir='ltr' id='par_1_76' title="bbox 2039 2897 3437 2968">
     <span class='ocr_line' id='line_1_76' title="bbox 2039 2897 3437 2968; baseline 0.003 -19"><span class='ocrx_word' id='word_1_438' title='bbox 2039 2897 2117 2951; x_wconf 89' lang='lat' dir='ltr'><strong>Illi</strong></span> <span class='ocrx_word' id='word_1_439' title='bbox 2148 2899 2453 2952; x_wconf 90' lang='lat' dir='ltr'><strong>transmisit</strong></span> <span class='ocrx_word' id='word_1_440' title='bbox 2482 2900 2705 2954; x_wconf 83' lang='lat' dir='ltr'><strong>missun.</strong></span> <span class='ocrx_word' id='word_1_441' title='bbox 2730 2914 2854 2954; x_wconf 80' lang='lat' dir='ltr'><strong>mox</strong></span> <span class='ocrx_word' id='word_1_442' title='bbox 2886 2914 3117 2968; x_wconf 75' lang='lat' dir='ltr'><strong>namque</strong></span> <span class='ocrx_word' id='word_1_443' title='bbox 3149 2910 3437 2963; x_wconf 88' lang='lat' dir='ltr'><strong>secretum,</strong></span> 
     </span>
    </p>
   </div>
   <div class='ocr_carea' id='block_1_77' title="bbox 2042 2989 3409 3061">
    <p class='ocr_par' dir='ltr' id='par_1_77' title="bbox 2042 2989 3409 3061">
     <span class='ocr_line' id='line_1_77' title="bbox 2042 2989 3409 3061; baseline 0.002 -17"><span class='ocrx_word' id='word_1_444' title='bbox 2042 2989 2217 3060; x_wconf 90' lang='lat' dir='ltr'><strong>thue</strong></span> <span class='ocrx_word' id='word_1_445' title='bbox 2248 2990 2425 3061; x_wconf 87' lang='lat' dir='ltr'><strong>fugam</strong></span> <span class='ocrx_word' id='word_1_446' title='bbox 2457 3001 2677 3061; x_wconf 86' lang='lat' dir='ltr'><strong>caperet</strong></span> <span class='ocrx_word' id='word_1_447' title='bbox 2706 2993 2924 3047; x_wconf 88' lang='lat' dir='ltr'><strong>monitis</strong></span> <span class='ocrx_word' id='word_1_448' title='bbox 2952 2994 3122 3047; x_wconf 92' lang='lat' dir='ltr'><strong>suasit</strong></span> <span class='ocrx_word' id='word_1_449' title='bbox 3151 2994 3409 3048; x_wconf 78' lang='lat' dir='ltr'><strong>studiosis</strong></span> 
     </span>
    </p>
   </div>
   <div class='ocr_carea' id='block_1_78' title="bbox 2041 3082 3457 3151">
    <p class='ocr_par' dir='ltr' id='par_1_78' title="bbox 2041 3082 3457 3151">
     <span class='ocr_line' id='line_1_78' title="bbox 2041 3082 3457 3151; baseline 0.002 -16"><span class='ocrx_word' id='word_1_450' title='bbox 2041 3082 2118 3135; x_wconf 79' lang='lat' dir='ltr'><strong>Ac</strong></span> <span class='ocrx_word' id='word_1_451' title='bbox 2148 3090 2351 3151; x_wconf 89' lang='lat' dir='ltr'><strong>peteret</strong></span> <span class='ocrx_word' id='word_1_452' title='bbox 2381 3082 2551 3137; x_wconf 89' lang='lat' dir='ltr'><strong>muris</strong></span> <span class='ocrx_word' id='word_1_453' title='bbox 2578 3083 2767 3137; x_wconf 88' lang='lat' dir='ltr'><strong>urbem</strong></span> <span class='ocrx_word' id='word_1_454' title='bbox 2809 3092 3070 3138; x_wconf 90' lang='lat' dir='ltr'><strong>structam</strong></span> <span class='ocrx_word' id='word_1_455' title='bbox 3100 3085 3236 3138; x_wconf 90' lang='lat' dir='ltr'><strong>bene</strong></span> <span class='ocrx_word' id='word_1_456' title='bbox 3270 3084 3457 3148; x_wconf 85' lang='lat' dir='ltr'><strong>firmis,</strong></span> 
     </span>
    </p>
   </div>
   <div class='ocr_carea' id='block_1_79' title="bbox 1966 3156 3275 3243">
    <p class='ocr_par' dir='ltr' id='par_1_79' title="bbox 1966 3156 3275 3243">
     <span class='ocr_line' id='line_1_79' title="bbox 1966 3156 3275 3243; baseline 0.004 -18"><span class='ocrx_word' id='word_1_457' title='bbox 1966 3156 2007 3215; x_wconf 66' lang='grc' dir='ltr'><strong>(ἶ</strong></span> <span class='ocrx_word' id='word_1_458' title='bbox 2041 3172 2170 3238; x_wconf 62' lang='lat' dir='ltr'><strong>Quae</strong></span> <span class='ocrx_word' id='word_1_459' title='bbox 2198 3182 2361 3243; x_wconf 90' lang='lat' dir='ltr'><strong>caput</strong></span> <span class='ocrx_word' id='word_1_460' title='bbox 2390 3173 2555 3243; x_wconf 87' lang='lat' dir='ltr'><strong>ipsius</strong></span> <span class='ocrx_word' id='word_1_461' title='bbox 2578 3174 2864 3229; x_wconf 89' lang='lat' dir='ltr'><strong>constabat</strong></span> <span class='ocrx_word' id='word_1_462' title='bbox 2891 3175 3237 3243; x_wconf 85' lang='lat' dir='ltr'><strong>pontificatus</strong></span> <span class='ocrx_word' id='word_1_463' title='bbox 3263 3194 3275 3238; x_wconf 89' lang='lat'><strong>;</strong></span> 
     </span>
    </p>
   </div>
   <div class='ocr_carea' id='block_1_80' title="bbox 2042 3260 3338 3330">
    <p class='ocr_par' dir='ltr' id='par_1_80' title="bbox 2042 3260 3338 3330">
     <span class='ocr_line' id='line_1_80' title="bbox 2042 3260 3338 3330; baseline 0.004 -17"><span class='ocrx_word' id='word_1_464' title='bbox 2042 3260 2139 3314; x_wconf 87' lang='lat' dir='ltr'><strong>Hic</strong></span> <span class='ocrx_word' id='word_1_465' title='bbox 2169 3261 2283 3315; x_wconf 89' lang='lat' dir='ltr'><strong>loca</strong></span> <span class='ocrx_word' id='word_1_466' title='bbox 2323 3262 2561 3330; x_wconf 64' lang='lat' dir='ltr'><strong>praesidii</strong></span> <span class='ocrx_word' id='word_1_467' title='bbox 2594 3264 2857 3317; x_wconf 88' lang='lat' dir='ltr'><strong>mandans</strong></span> <span class='ocrx_word' id='word_1_468' title='bbox 2885 3263 3152 3317; x_wconf 88' lang='lat' dir='ltr'><strong>tutissima</strong></span> <span class='ocrx_word' id='word_1_469' title='bbox 3181 3264 3338 3326; x_wconf 87' lang='lat' dir='ltr'><strong>certi,</strong></span> 
     </span>
    </p>
   </div>
   <div class='ocr_carea' id='block_1_81' title="bbox 2040 3350 3345 3423">
    <p class='ocr_par' dir='ltr' id='par_1_81' title="bbox 2040 3350 3345 3423">
     <span class='ocr_line' id='line_1_81' title="bbox 2040 3350 3345 3423; baseline 0.005 -20"><span class='ocrx_word' id='word_1_470' title='bbox 2040 3350 2117 3403; x_wconf 93' lang='lat' dir='ltr'><strong>Illi</strong></span> <span class='ocrx_word' id='word_1_471' title='bbox 2150 3352 2473 3421; x_wconf 83' lang='lat' dir='ltr'><strong>condignum</strong></span> <span class='ocrx_word' id='word_1_472' title='bbox 2498 3368 2711 3423; x_wconf 86' lang='lat' dir='ltr'><strong>quoque</strong></span> <span class='ocrx_word' id='word_1_473' title='bbox 2745 3354 2974 3423; x_wconf 68' lang='lat' dir='ltr'><strong>prtebcri</strong></span> <span class='ocrx_word' id='word_1_474' title='bbox 3008 3354 3345 3409; x_wconf 89' lang='lat' dir='ltr'><strong>famulatum.</strong></span> 
     </span>
    </p>
   </div>
   <div class='ocr_carea' id='block_1_82' title="bbox 2042 3441 3364 3515">
    <p class='ocr_par' dir='ltr' id='par_1_82' title="bbox 2042 3441 3364 3515">
     <span class='ocr_line' id='line_1_82' title="bbox 2042 3441 3364 3515; baseline 0.007 -22"><span class='ocrx_word' id='word_1_475' title='bbox 2042 3441 2136 3495; x_wconf 84' lang='lat' dir='ltr'><strong>His</strong></span> <span class='ocrx_word' id='word_1_476' title='bbox 2166 3458 2291 3495; x_wconf 92' lang='lat' dir='ltr'><strong>nam</strong></span> <span class='ocrx_word' id='word_1_477' title='bbox 2318 3443 2526 3511; x_wconf 87' lang='lat' dir='ltr'><strong>regales</strong></span> <span class='ocrx_word' id='word_1_478' title='bbox 2560 3445 2777 3500; x_wconf 88' lang='lat' dir='ltr'><strong>monitis</strong></span> <span class='ocrx_word' id='word_1_479' title='bbox 2813 3445 3153 3515; x_wconf 86' lang='lat' dir='ltr'><strong>pulsantibus</strong></span> <span class='ocrx_word' id='word_1_480' title='bbox 3182 3462 3364 3514; x_wconf 85' lang='lat' dir='ltr'><strong>aures,</strong></span> 
     </span>
    </p>
   </div>
   <div class='ocr_carea' id='block_1_83' title="bbox 2043 3532 3278 3606">
    <p class='ocr_par' dir='ltr' id='par_1_83' title="bbox 2043 3532 3278 3606">
     <span class='ocr_line' id='line_1_83' title="bbox 2043 3532 3278 3606; baseline 0.006 -22"><span class='ocrx_word' id='word_1_481' title='bbox 2043 3532 2228 3586; x_wconf 88' lang='lat' dir='ltr'><strong>Inclita</strong></span> <span class='ocrx_word' id='word_1_482' title='bbox 2258 3533 2324 3587; x_wconf 88' lang='lat' dir='ltr'><strong>de</strong></span> <span class='ocrx_word' id='word_1_483' title='bbox 2355 3534 2678 3589; x_wconf 88' lang='lat' dir='ltr'><strong>mandatelis</strong></span> <span class='ocrx_word' id='word_1_484' title='bbox 2703 3537 2775 3568; x_wconf 78' lang='grc'>³⁰⁸</span> <span class='ocrx_word' id='word_1_485' title='bbox 2804 3539 2990 3606; x_wconf 87' lang='lat' dir='ltr'><strong>regina</strong></span> <span class='ocrx_word' id='word_1_486' title='bbox 3031 3539 3278 3606; x_wconf 87' lang='lat' dir='ltr'><strong>benignis</strong></span> 
     </span>
    </p>
   </div>
   <div class='ocr_carea' id='block_1_84' title="bbox 2044 3622 3229 3693">
    <p class='ocr_par' dir='ltr' id='par_1_84' title="bbox 2044 3622 3229 3693">
     <span class='ocr_line' id='line_1_84' title="bbox 2044 3622 3229 3693; baseline 0.004 -17"><span class='ocrx_word' id='word_1_487' title='bbox 2044 3622 2262 3687; x_wconf 80' lang='lat' dir='ltr'><strong>Laetior,</strong></span> <span class='ocrx_word' id='word_1_488' title='bbox 2296 3632 2517 3693; x_wconf 79' lang='lat' dir='ltr'><strong>ex0ptat</strong></span> <span class='ocrx_word' id='word_1_489' title='bbox 2546 3625 2737 3680; x_wconf 91' lang='lat' dir='ltr'><strong>vinclis</strong></span> <span class='ocrx_word' id='word_1_490' title='bbox 2764 3627 3034 3681; x_wconf 77' lang='lat' dir='ltr'><strong>absolvier</strong></span> <span class='ocrx_word' id='word_1_491' title='bbox 3065 3629 3229 3691; x_wconf 89' lang='lat' dir='ltr'><strong>artis;</strong></span> 
     </span>
    </p>
   </div>
   <div class='ocr_carea' id='block_1_85' title="bbox 2044 3715 3480 3788">
    <p class='ocr_par' dir='ltr' id='par_1_85' title="bbox 2044 3715 3480 3788">
     <span class='ocr_line' id='line_1_85' title="bbox 2044 3715 3480 3788; baseline 0.004 -21"><span class='ocrx_word' id='word_1_492' title='bbox 2044 3715 2182 3782; x_wconf 84' lang='lat' dir='ltr'><strong>Quid</strong></span> <span class='ocrx_word' id='word_1_493' title='bbox 2217 3715 2419 3771; x_wconf 86' lang='lat' dir='ltr'><strong>faceret</strong></span> <span class='ocrx_word' id='word_1_494' title='bbox 2448 3724 2630 3772; x_wconf 90' lang='lat' dir='ltr'><strong>tamen</strong></span> <span class='ocrx_word' id='word_1_495' title='bbox 2662 3719 2896 3787; x_wconf 85' lang='lat' dir='ltr'><strong>ignorat.</strong></span> <span class='ocrx_word' id='word_1_496' title='bbox 2920 3720 3045 3788; x_wconf 89' lang='lat' dir='ltr'><strong>quia</strong></span> <span class='ocrx_word' id='word_1_497' title='bbox 3088 3719 3230 3773; x_wconf 91' lang='lat' dir='ltr'><strong>nulla</strong></span> <span class='ocrx_word' id='word_1_498' title='bbox 3263 3721 3480 3788; x_wconf 83' lang='lat' dir='ltr'><strong>patebat</strong></span> 
     </span>
    </p>
   </div>
   <div class='ocr_carea' id='block_1_86' title="bbox 2044 3808 3319 3878">
    <p class='ocr_par' dir='ltr' id='par_1_86' title="bbox 2044 3808 3319 3878">
     <span class='ocr_line' id='line_1_86' title="bbox 2044 3808 3319 3878; baseline 0.001 -17"><span class='ocrx_word' id='word_1_499' title='bbox 2044 3808 2236 3873; x_wconf 87' lang='lat' dir='ltr'><strong>Janua,</strong></span> <span class='ocrx_word' id='word_1_500' title='bbox 2262 3823 2383 3878; x_wconf 66' lang='lat' dir='ltr'><strong>quae</strong></span> <span class='ocrx_word' id='word_1_501' title='bbox 2407 3824 2596 3863; x_wconf 91' lang='lat' dir='ltr'><strong>somno</strong></span> <span class='ocrx_word' id='word_1_502' title='bbox 2627 3810 2830 3875; x_wconf 90' lang='lat' dir='ltr'><strong>pressis</strong></span> <span class='ocrx_word' id='word_1_503' title='bbox 2858 3809 3175 3864; x_wconf 80' lang='lat' dir='ltr'><strong>custodibus</strong></span> <span class='ocrx_word' id='word_1_504' title='bbox 3208 3809 3319 3863; x_wconf 88' lang='lat' dir='ltr'><strong>alto</strong></span> 
     </span>
    </p>
   </div>
   <div class='ocr_carea' id='block_1_87' title="bbox 2046 3901 3417 3970">
    <p class='ocr_par' dir='ltr' id='par_1_87' title="bbox 2046 3901 3417 3970">
     <span class='ocr_line' id='line_1_87' title="bbox 2046 3901 3417 3970; baseline 0 -17"><span class='ocrx_word' id='word_1_505' title='bbox 2046 3901 2195 3955; x_wconf 88' lang='lat' dir='ltr'><strong>Illam</strong></span> <span class='ocrx_word' id='word_1_506' title='bbox 2225 3903 2502 3956; x_wconf 87' lang='lat' dir='ltr'><strong>nocturnis</strong></span> <span class='ocrx_word' id='word_1_507' title='bbox 2532 3910 2811 3970; x_wconf 58' lang='lat' dir='ltr'><strong>pateretur</strong></span> <span class='ocrx_word' id='word_1_508' title='bbox 2834 3904 2987 3957; x_wconf 86' lang='lat' dir='ltr'><strong>abire</strong></span> <span class='ocrx_word' id='word_1_509' title='bbox 3018 3903 3118 3957; x_wconf 90' lang='lat' dir='ltr'><strong>sub</strong></span> <span class='ocrx_word' id='word_1_510' title='bbox 3146 3904 3215 3936; x_wconf 71' lang='grc' dir='ltr'><strong>’θ’</strong></span> <span class='ocrx_word' id='word_1_511' title='bbox 3250 3903 3417 3956; x_wconf 75' lang='lat' dir='ltr'><strong>horis.</strong></span> 
     </span>
    </p>
   </div>
   <div class='ocr_carea' id='block_1_88' title="bbox 2047 3992 3379 4063">
    <p class='ocr_par' dir='ltr' id='par_1_88' title="bbox 2047 3992 3379 4063">
     <span class='ocr_line' id='line_1_88' title="bbox 2047 3992 3379 4063; baseline -0.002 -17"><span class='ocrx_word' id='word_1_512' title='bbox 2047 3992 2150 4048; x_wconf 84' lang='lat' dir='ltr'><strong>Sec</strong></span> <span class='ocrx_word' id='word_1_513' title='bbox 2177 4008 2275 4048; x_wconf 90' lang='lat' dir='ltr'><strong>nec</strong></span> <span class='ocrx_word' id='word_1_514' title='bbox 2303 4009 2591 4063; x_wconf 88' lang='lat' dir='ltr'><strong>personam</strong></span> <span class='ocrx_word' id='word_1_515' title='bbox 2619 4009 2781 4048; x_wconf 89' lang='lat' dir='ltr'><strong>causa</strong></span> <span class='ocrx_word' id='word_1_516' title='bbox 2806 3993 3176 4047; x_wconf 79' lang='lat' dir='ltr'><strong>famulaminis</strong></span> <span class='ocrx_word' id='word_1_517' title='bbox 3215 3992 3379 4047; x_wconf 84' lang='lat' dir='ltr'><strong>ullam</strong></span> 
     </span>
    </p>
   </div>
   <div class='ocr_carea' id='block_1_89' title="bbox 2049 4083 3373 4154">
    <p class='ocr_par' dir='ltr' id='par_1_89' title="bbox 2049 4083 3373 4154">
     <span class='ocr_line' id='line_1_89' title="bbox 2049 4083 3373 4154; baseline 0.002 -17"><span class='ocrx_word' id='word_1_518' title='bbox 2049 4083 2365 4151; x_wconf 87' lang='lat' dir='ltr'><strong>Suhjcctam</strong></span> <span class='ocrx_word' id='word_1_519' title='bbox 2398 4085 2499 4139; x_wconf 93' lang='lat' dir='ltr'><strong>sibi</strong></span> <span class='ocrx_word' id='word_1_520' title='bbox 2532 4085 2804 4139; x_wconf 88' lang='lat' dir='ltr'><strong>carcereis</strong></span> <span class='ocrx_word' id='word_1_521' title='bbox 2829 4087 3067 4154; x_wconf 87' lang='lat' dir='ltr'><strong>possedit</strong></span> <span class='ocrx_word' id='word_1_522' title='bbox 3096 4088 3148 4139; x_wconf 87' lang='lat' dir='ltr'><strong>in</strong></span> <span class='ocrx_word' id='word_1_523' title='bbox 3176 4085 3373 4145; x_wconf 86' lang='lat' dir='ltr'><strong>antris,</strong></span> 
     </span>
    </p>
   </div>
   <div class='ocr_carea' id='block_1_90' title="bbox 2049 4173 3265 4243">
    <p class='ocr_par' dir='ltr' id='par_1_90' title="bbox 2049 4173 3265 4243">
     <span class='ocr_line' id='line_1_90' title="bbox 2049 4173 3265 4243; baseline 0.004 -17"><span class='ocrx_word' id='word_1_524' title='bbox 2049 4174 2218 4240; x_wconf 88' lang='lat' dir='ltr'><strong>Ipsius</strong></span> <span class='ocrx_word' id='word_1_525' title='bbox 2250 4173 2536 4241; x_wconf 81' lang='lat' dir='ltr'><strong>implendis</strong></span> <span class='ocrx_word' id='word_1_526' title='bbox 2562 4182 2705 4228; x_wconf 87' lang='lat' dir='ltr'><strong>esset</strong></span> <span class='ocrx_word' id='word_1_527' title='bbox 2729 4188 2849 4243; x_wconf 70' lang='lat' dir='ltr'><strong>quae</strong></span> <span class='ocrx_word' id='word_1_528' title='bbox 2872 4173 3053 4228; x_wconf 87' lang='lat' dir='ltr'><strong>sedula</strong></span> <span class='ocrx_word' id='word_1_529' title='bbox 3080 4173 3265 4243; x_wconf 83' lang='lat' dir='ltr'><strong>jussis.</strong></span> 
     </span>
    </p>
   </div>
   <div class='ocr_carea' id='block_1_91' title="bbox 2050 4261 3392 4332">
    <p class='ocr_par' dir='ltr' id='par_1_91' title="bbox 2050 4261 3392 4332">
     <span class='ocr_line' id='line_1_91' title="bbox 2050 4261 3392 4332; baseline -0.001 -17"><span class='ocrx_word' id='word_1_530' title='bbox 2050 4262 2111 4316; x_wconf 89' lang='lat' dir='ltr'><strong>Ni</strong></span> <span class='ocrx_word' id='word_1_531' title='bbox 2140 4262 2504 4332; x_wconf 87' lang='lat' dir='ltr'><strong>supradictam</strong></span> <span class='ocrx_word' id='word_1_532' title='bbox 2529 4261 2866 4317; x_wconf 90' lang='lat' dir='ltr'><strong>solummodo</strong></span> <span class='ocrx_word' id='word_1_533' title='bbox 2900 4278 3132 4331; x_wconf 88' lang='lat' dir='ltr'><strong>namque</strong></span> <span class='ocrx_word' id='word_1_534' title='bbox 3163 4261 3392 4331; x_wconf 85' lang='lat' dir='ltr'><strong>puellam</strong></span> 
     </span>
    </p>
   </div>
   <div class='ocr_carea' id='block_1_92' title="bbox 2050 4353 3357 4423">
    <p class='ocr_par' dir='ltr' id='par_1_92' title="bbox 2050 4353 3357 4423">
     <span class='ocr_line' id='line_1_92' title="bbox 2050 4353 3357 4423; baseline -0.002 -15"><span class='ocrx_word' id='word_1_535' title='bbox 2050 4354 2267 4409; x_wconf 88' lang='lat' dir='ltr'><strong>Necnon</strong></span> <span class='ocrx_word' id='word_1_536' title='bbox 2298 4354 2673 4423; x_wconf 82' lang='lat' dir='ltr'><strong>presbyterum</strong></span> <span class='ocrx_word' id='word_1_537' title='bbox 2704 4354 2831 4407; x_wconf 74' lang='lat' dir='ltr'><strong>vita:</strong></span> <span class='ocrx_word' id='word_1_538' title='bbox 2861 4353 3143 4407; x_wconf 87' lang='lat' dir='ltr'><strong>laudabilis</strong></span> <span class='ocrx_word' id='word_1_539' title='bbox 3173 4368 3357 4406; x_wconf 89' lang='lat' dir='ltr'><strong>unum.</strong></span> 
     </span>
    </p>
   </div>
   <div class='ocr_carea' id='block_1_93' title="bbox 2052 4441 3381 4503">
    <p class='ocr_par' dir='ltr' id='par_1_93' title="bbox 2052 4441 3381 4503">
     <span class='ocr_line' id='line_1_93' title="bbox 2052 4441 3381 4503; baseline -0.002 -6"><span class='ocrx_word' id='word_1_540' title='bbox 2052 4444 2145 4498; x_wconf 83' lang='lat' dir='ltr'><strong>His</strong></span> <span class='ocrx_word' id='word_1_541' title='bbox 2181 4444 2269 4497; x_wconf 94' lang='lat' dir='ltr'><strong>ubi</strong></span> <span class='ocrx_word' id='word_1_542' title='bbox 2300 4442 2572 4497; x_wconf 89' lang='lat' dir='ltr'><strong>continuis</strong></span> <span class='ocrx_word' id='word_1_543' title='bbox 2604 4451 2854 4497; x_wconf 87' lang='lat' dir='ltr'><strong>narraret.</strong></span> <span class='ocrx_word' id='word_1_544' title='bbox 2878 4450 3070 4497; x_wconf 84' lang='lat' dir='ltr'><strong>cuncta</strong></span> <span class='ocrx_word' id='word_1_545' title='bbox 3108 4441 3381 4503; x_wconf 79' lang='lat' dir='ltr'><strong>lamentis,</strong></span> 
     </span>
    </p>
   </div>
   <div class='ocr_carea' id='block_1_94' title="bbox 359 4516 3524 4599">
    <p class='ocr_par' dir='ltr' id='par_1_94' title="bbox 359 4516 3524 4599">
     <span class='ocr_line' id='line_1_94' title="bbox 359 4516 3524 4599; baseline 0.001 -18"><span class='ocrx_word' id='word_1_546' title='bbox 359 4528 515 4594; x_wconf 87' lang='lat' dir='ltr'><strong>Quod</strong></span> <span class='ocrx_word' id='word_1_547' title='bbox 545 4539 699 4597; x_wconf 86' lang='lat' dir='ltr'><strong>patre</strong></span> <span class='ocrx_word' id='word_1_548' title='bbox 726 4528 839 4598; x_wconf 70' lang='grc'><strong>(64)</strong></span> <span class='ocrx_word' id='word_1_549' title='bbox 872 4527 1123 4582; x_wconf 89' lang='lat' dir='ltr'><strong>defuncto</strong></span> <span class='ocrx_word' id='word_1_550' title='bbox 1160 4537 1372 4595; x_wconf 90' lang='lat' dir='ltr'><strong>raptum</strong></span> <span class='ocrx_word' id='word_1_551' title='bbox 1428 4528 1694 4583; x_wconf 88' lang='lat' dir='ltr'><strong>violenter</strong></span> <span class='ocrx_word' id='word_1_552' title='bbox 1740 4530 1808 4584; x_wconf 88' lang='lat' dir='ltr'><strong>ab</strong></span> <span class='ocrx_word' id='word_1_553' title='bbox 1855 4528 1942 4583; x_wconf 83' lang='lat' dir='ltr'><strong>ilio</strong></span> <span class='ocrx_word' id='word_1_554' title='bbox 1975 4516 2019 4575; x_wconf 82' lang='grc' dir='ltr'><strong>Ῐ)</strong></span> <span class='ocrx_word' id='word_1_555' title='bbox 2047 4532 2177 4599; x_wconf 72' lang='lat' dir='ltr'><strong>Qua:</strong></span> <span class='ocrx_word' id='word_1_556' title='bbox 2203 4546 2439 4586; x_wconf 68' lang='lat' dir='ltr'><strong>moerens</strong></span> <span class='ocrx_word' id='word_1_557' title='bbox 2469 4532 2651 4584; x_wconf 89' lang='lat' dir='ltr'><strong>animo</strong></span> <span class='ocrx_word' id='word_1_558' title='bbox 2681 4530 2906 4585; x_wconf 90' lang='lat' dir='ltr'><strong>multum</strong></span> <span class='ocrx_word' id='word_1_559' title='bbox 2940 4531 3189 4584; x_wconf 80' lang='lat' dir='ltr'><strong>volvebat</strong></span> <span class='ocrx_word' id='word_1_560' title='bbox 3212 4529 3283 4560; x_wconf 83' lang='grc'><strong>¹¹⁰</strong></span> <span class='ocrx_word' id='word_1_561' title='bbox 3314 4545 3524 4596; x_wconf 87' lang='lat' dir='ltr'><strong>amaro,</strong></span> 
     </span>
    </p>
   </div>
   <div class='ocr_carea' id='block_1_95' title="bbox 357 4615 1798 4687">
    <p class='ocr_par' dir='ltr' id='par_1_95' title="bbox 357 4615 1798 4687">
     <span class='ocr_line' id='line_1_95' title="bbox 357 4615 1798 4687; baseline -0.001 -16"><span class='ocrx_word' id='word_1_562' title='bbox 357 4617 501 4671; x_wconf 85' lang='lat' dir='ltr'><strong>Olim</strong></span> <span class='ocrx_word' id='word_1_563' title='bbox 531 4631 628 4685; x_wconf 89' lang='lat' dir='ltr'><strong>per</strong></span> <span class='ocrx_word' id='word_1_564' title='bbox 651 4632 843 4671; x_wconf 91' lang='lat' dir='ltr'><strong>manus</strong></span> <span class='ocrx_word' id='word_1_565' title='bbox 867 4616 1011 4686; x_wconf 90' lang='lat' dir='ltr'><strong>regis</strong></span> <span class='ocrx_word' id='word_1_566' title='bbox 1037 4616 1252 4671; x_wconf 85' lang='lat' dir='ltr'><strong>devenit</strong></span> <span class='ocrx_word' id='word_1_567' title='bbox 1278 4617 1345 4648; x_wconf 85' lang='grc'><strong>²⁰⁷</strong></span> <span class='ocrx_word' id='word_1_568' title='bbox 1388 4615 1500 4685; x_wconf 86' lang='grc'>(65)</span> <span class='ocrx_word' id='word_1_569' title='bbox 1538 4616 1798 4687; x_wconf 82' lang='lat' dir='ltr'><strong>Ilugonis.</strong></span> 
     </span>
    </p>
   </div>
   <div class='ocr_carea' id='block_1_96' title="bbox 359 4706 1748 4779">
    <p class='ocr_par' dir='ltr' id='par_1_96' title="bbox 359 4706 1748 4779">
     <span class='ocr_line' id='line_1_96' title="bbox 359 4706 1748 4779; baseline -0.001 -16"><span class='ocrx_word' id='word_1_570' title='bbox 359 4709 562 4779; x_wconf 86' lang='lat' dir='ltr'><strong>Optato</strong></span> <span class='ocrx_word' id='word_1_571' title='bbox 590 4718 735 4763; x_wconf 89' lang='lat' dir='ltr'><strong>certe</strong></span> <span class='ocrx_word' id='word_1_572' title='bbox 761 4709 849 4779; x_wconf 89' lang='lat' dir='ltr'><strong>qui</strong></span> <span class='ocrx_word' id='word_1_573' title='bbox 875 4707 1194 4763; x_wconf 88' lang='lat' dir='ltr'><strong>sublimatus</strong></span> <span class='ocrx_word' id='word_1_574' title='bbox 1216 4708 1421 4763; x_wconf 90' lang='lat' dir='ltr'><strong>honore</strong></span> <span class='ocrx_word' id='word_1_575' title='bbox 1450 4706 1601 4777; x_wconf 85' lang='lat' dir='ltr'><strong>(Dec.</strong></span> <span class='ocrx_word' id='word_1_576' title='bbox 1635 4708 1748 4778; x_wconf 80' lang='grc'><strong>15),</strong></span> 
     </span>
    </p>
   </div>
   <div class='ocr_carea' id='block_1_97' title="bbox 358 4796 1651 4869">
    <p class='ocr_par' dir='ltr' id='par_1_97' title="bbox 358 4796 1651 4869">
     <span class='ocr_line' id='line_1_97' title="bbox 358 4796 1651 4869; baseline -0.002 -15"><span class='ocrx_word' id='word_1_577' title='bbox 358 4799 577 4869; x_wconf 85' lang='lat' dir='ltr'><strong>Detegit</strong></span> <span class='ocrx_word' id='word_1_578' title='bbox 611 4798 824 4853; x_wconf 78' lang='lat' dir='ltr'><strong>invidiae</strong></span> <span class='ocrx_word' id='word_1_579' title='bbox 858 4797 1111 4866; x_wconf 84' lang='lat' dir='ltr'><strong>quicquid</strong></span> <span class='ocrx_word' id='word_1_580' title='bbox 1139 4798 1239 4852; x_wconf 90' lang='lat' dir='ltr'><strong>sub</strong></span> <span class='ocrx_word' id='word_1_581' title='bbox 1265 4806 1483 4866; x_wconf 89' lang='lat' dir='ltr'><strong>pectore</strong></span> <span class='ocrx_word' id='word_1_582' title='bbox 1508 4796 1651 4852; x_wconf 83' lang='lat' dir='ltr'><strong>tristi</strong></span> 
     </span>
    </p>
   </div>
   <div class='ocr_carea' id='block_1_98' title="bbox 356 4889 1622 4960">
    <p class='ocr_par' dir='ltr' id='par_1_98' title="bbox 356 4889 1622 4960">
     <span class='ocr_line' id='line_1_98' title="bbox 356 4889 1622 4960; baseline -0.002 -17"><span class='ocrx_word' id='word_1_583' title='bbox 356 4890 562 4953; x_wconf 87' lang='lat' dir='ltr'><strong>Gessit,</strong></span> <span class='ocrx_word' id='word_1_584' title='bbox 587 4889 711 4943; x_wconf 89' lang='lat' dir='ltr'><strong>dum</strong></span> <span class='ocrx_word' id='word_1_585' title='bbox 742 4892 890 4960; x_wconf 87' lang='lat' dir='ltr'><strong>regni</strong></span> <span class='ocrx_word' id='word_1_586' title='bbox 915 4889 1129 4946; x_wconf 84' lang='lat' dir='ltr'><strong>deﬂevit</strong></span> <span class='ocrx_word' id='word_1_587' title='bbox 1151 4890 1342 4943; x_wconf 90' lang='lat' dir='ltr'><strong>damna</strong></span> <span class='ocrx_word' id='word_1_588' title='bbox 1370 4890 1582 4958; x_wconf 91' lang='lat' dir='ltr'><strong>paterni</strong></span> <span class='ocrx_word' id='word_1_589' title='bbox 1606 4905 1622 4954; x_wconf 85' lang='lat'><strong>;</strong></span> 
     </span>
    </p>
   </div>
   <div class='ocr_carea' id='block_1_99' title="bbox 357 4978 1704 5048">
    <p class='ocr_par' dir='ltr' id='par_1_99' title="bbox 357 4978 1704 5048">
     <span class='ocr_line' id='line_1_99' title="bbox 357 4978 1704 5048; baseline 0.001 -15"><span class='ocrx_word' id='word_1_590' title='bbox 357 4978 615 5048; x_wconf 89' lang='lat' dir='ltr'><strong>Fellcquc</strong></span> <span class='ocrx_word' id='word_1_591' title='bbox 651 4979 772 5047; x_wconf 89' lang='lat' dir='ltr'><strong>plus</strong></span> <span class='ocrx_word' id='word_1_592' title='bbox 795 4979 941 5048; x_wconf 90' lang='lat' dir='ltr'><strong>justo</strong></span> <span class='ocrx_word' id='word_1_593' title='bbox 972 4979 1150 5035; x_wconf 91' lang='lat' dir='ltr'><strong>cordis</strong></span> <span class='ocrx_word' id='word_1_594' title='bbox 1179 4993 1472 5034; x_wconf 90' lang='lat' dir='ltr'><strong>succensus</strong></span> <span class='ocrx_word' id='word_1_595' title='bbox 1497 4993 1704 5044; x_wconf 90' lang='lat' dir='ltr'><strong>amaro,</strong></span> 
     </span>
    </p>
   </div>
   <div class='ocr_carea' id='block_1_100' title="bbox 439 5068 759 5125">
    <p class='ocr_par' dir='ltr' id='par_1_100' title="bbox 439 5068 759 5125">
     <span class='ocr_line' id='line_1_100' title="bbox 439 5068 759 5125; baseline 0.003 -3"><span class='ocrx_word' id='word_1_596' title='bbox 439 5068 593 5125; x_wconf 73' lang='lat' dir='ltr'><strong>Vers.</strong></span> <span class='ocrx_word' id='word_1_597' title='bbox 635 5070 759 5125; x_wconf 75' lang='grc'><strong>490.</strong></span> 
     </span>
    </p>
   </div>
   <div class='ocr_carea' id='block_1_101' title="bbox 2051 4620 3197 4692">
    <p class='ocr_par' dir='ltr' id='par_1_101' title="bbox 2051 4620 3197 4692">
     <span class='ocr_line' id='line_1_101' title="bbox 2051 4620 3197 4692; baseline -0.004 -15"><span class='ocrx_word' id='word_1_598' title='bbox 2051 4624 2169 4678; x_wconf 87' lang='lat' dir='ltr'><strong>Voti</strong></span> <span class='ocrx_word' id='word_1_599' title='bbox 2192 4623 2498 4678; x_wconf 88' lang='lat' dir='ltr'><strong>communis</strong></span> <span class='ocrx_word' id='word_1_600' title='bbox 2520 4622 2720 4692; x_wconf 85' lang='lat' dir='ltr'><strong>placito</strong></span> <span class='ocrx_word' id='word_1_601' title='bbox 2746 4622 2920 4675; x_wconf 90' lang='lat' dir='ltr'><strong>visum</strong></span> <span class='ocrx_word' id='word_1_602' title='bbox 2945 4622 3043 4674; x_wconf 90' lang='lat' dir='ltr'><strong>fuit</strong></span> <span class='ocrx_word' id='word_1_603' title='bbox 3073 4620 3197 4686; x_wconf 86' lang='lat' dir='ltr'><strong>illis,</strong></span> 
     </span>
    </p>
   </div>
   <div class='ocr_carea' id='block_1_102' title="bbox 2047 4709 3240 4776">
    <p class='ocr_par' dir='ltr' id='par_1_102' title="bbox 2047 4709 3240 4776">
     <span class='ocr_line' id='line_1_102' title="bbox 2047 4709 3240 4776; baseline -0.002 -9"><span class='ocrx_word' id='word_1_604' title='bbox 2047 4714 2154 4767; x_wconf 76' lang='lat' dir='ltr'><strong>Res</strong></span> <span class='ocrx_word' id='word_1_605' title='bbox 2179 4713 2370 4767; x_wconf 87' lang='lat' dir='ltr'><strong>melius</strong></span> <span class='ocrx_word' id='word_1_606' title='bbox 2401 4714 2563 4776; x_wconf 89' lang='lat' dir='ltr'><strong>verti,</strong></span> <span class='ocrx_word' id='word_1_607' title='bbox 2601 4712 2782 4767; x_wconf 88' lang='lat' dir='ltr'><strong>studio</strong></span> <span class='ocrx_word' id='word_1_608' title='bbox 2817 4710 2860 4766; x_wconf 91' lang='lat' dir='ltr'><strong>si</strong></span> <span class='ocrx_word' id='word_1_609' title='bbox 2888 4709 3027 4766; x_wconf 89' lang='lat' dir='ltr'><strong>forte</strong></span> <span class='ocrx_word' id='word_1_610' title='bbox 3055 4712 3240 4765; x_wconf 90' lang='lat' dir='ltr'><strong>latenti</strong></span> 
     </span>
    </p>
   </div>
   <div class='ocr_carea' id='block_1_103' title="bbox 2048 4800 3418 4866">
    <p class='ocr_par' dir='ltr' id='par_1_103' title="bbox 2048 4800 3418 4866">
     <span class='ocr_line' id='line_1_103' title="bbox 2048 4800 3418 4866; baseline -0.001 -8"><span class='ocrx_word' id='word_1_611' title='bbox 2048 4804 2162 4858; x_wconf 90' lang='lat' dir='ltr'><strong>Sub</strong></span> <span class='ocrx_word' id='word_1_612' title='bbox 2188 4813 2327 4858; x_wconf 88' lang='lat' dir='ltr'><strong>terra</strong></span> <span class='ocrx_word' id='word_1_613' title='bbox 2343 4802 2553 4857; x_wconf 89' lang='lat' dir='ltr'><strong>foveam</strong></span> <span class='ocrx_word' id='word_1_614' title='bbox 2582 4801 2821 4857; x_wconf 89' lang='lat' dir='ltr'><strong>facerent</strong></span> <span class='ocrx_word' id='word_1_615' title='bbox 2848 4800 3100 4857; x_wconf 83' lang='lat' dir='ltr'><strong>fodiendo</strong></span> <span class='ocrx_word' id='word_1_616' title='bbox 3128 4811 3418 4866; x_wconf 84' lang='lat' dir='ltr'><strong>secretam,</strong></span> 
     </span>
    </p>
   </div>
   <div class='ocr_carea' id='block_1_104' title="bbox 2049 4891 3354 4962">
    <p class='ocr_par' dir='ltr' id='par_1_104' title="bbox 2049 4891 3354 4962">
     <span class='ocr_line' id='line_1_104' title="bbox 2049 4891 3354 4962; baseline -0.003 -15"><span class='ocrx_word' id='word_1_617' title='bbox 2049 4893 2150 4947; x_wconf 86' lang='lat' dir='ltr'><strong>Per</strong></span> <span class='ocrx_word' id='word_1_618' title='bbox 2177 4908 2338 4962; x_wconf 88' lang='lat' dir='ltr'><strong>quam</strong></span> <span class='ocrx_word' id='word_1_619' title='bbox 2365 4892 2431 4947; x_wconf 90' lang='lat' dir='ltr'><strong>de</strong></span> <span class='ocrx_word' id='word_1_620' title='bbox 2461 4892 2652 4947; x_wconf 89' lang='lat' dir='ltr'><strong>vinclis</strong></span> <span class='ocrx_word' id='word_1_621' title='bbox 2683 4899 2901 4962; x_wconf 88' lang='lat' dir='ltr'><strong>possent</strong></span> <span class='ocrx_word' id='word_1_622' title='bbox 2927 4893 3155 4946; x_wconf 85' lang='lat' dir='ltr'><strong>evadere</strong></span> <span class='ocrx_word' id='word_1_623' title='bbox 3185 4891 3354 4946; x_wconf 89' lang='lat' dir='ltr'><strong>duris.</strong></span> 
     </span>
    </p>
   </div>
   <div class='ocr_carea' id='block_1_105' title="bbox 2058 4979 3301 5053">
    <p class='ocr_par' dir='ltr' id='par_1_105' title="bbox 2058 4979 3301 5053">
     <span class='ocr_line' id='line_1_105' title="bbox 2058 4979 3301 5053; baseline -0.004 -13"><span class='ocrx_word' id='word_1_624' title='bbox 2058 4985 2185 5040; x_wconf 81' lang='lat' dir='ltr'><strong>Haec</strong></span> <span class='ocrx_word' id='word_1_625' title='bbox 2219 4984 2293 5037; x_wconf 86' lang='lat' dir='ltr'><strong>ita</strong></span> <span class='ocrx_word' id='word_1_626' title='bbox 2323 4992 2572 5053; x_wconf 90' lang='lat' dir='ltr'><strong>percerte</strong></span> <span class='ocrx_word' id='word_1_627' title='bbox 2599 4991 2815 5039; x_wconf 89' lang='lat' dir='ltr'><strong>constat</strong></span> <span class='ocrx_word' id='word_1_628' title='bbox 2839 4983 3104 5053; x_wconf 87' lang='lat' dir='ltr'><strong>completa</strong></span> <span class='ocrx_word' id='word_1_629' title='bbox 3136 4979 3301 5035; x_wconf 91' lang='lat' dir='ltr'><strong>fuisse</strong></span> 
     </span>
    </p>
   </div>
   <div class='ocr_carea' id='block_1_106' title="bbox 2132 5074 2460 5132">
    <p class='ocr_par' dir='ltr' id='par_1_106' title="bbox 2132 5074 2460 5132">
     <span class='ocr_line' id='line_1_106' title="bbox 2132 5074 2460 5132; baseline -0.006 0"><span class='ocrx_word' id='word_1_630' title='bbox 2132 5078 2290 5132; x_wconf 82' lang='lat' dir='ltr'><strong>Vers.</strong></span> <span class='ocrx_word' id='word_1_631' title='bbox 2334 5074 2460 5130; x_wconf 73' lang='grc'><strong>541.</strong></span> 
     </span>
    </p>
   </div>
   <div class='ocr_carea' id='block_1_107' title="bbox 1665 5178 2348 5237">
    <p class='ocr_par' dir='ltr' id='par_1_107' title="bbox 1665 5178 2348 5237">
     <span class='ocr_line' id='line_1_107' title="bbox 1665 5178 2348 5237; baseline -0.004 -2"><span class='ocrx_word' id='word_1_632' title='bbox 1665 5180 1899 5237; x_wconf 76' lang='lat' dir='ltr'><strong>VARle</strong></span> <span class='ocrx_word' id='word_1_633' title='bbox 1943 5178 2348 5237; x_wconf 85' lang='lat' dir='ltr'><strong>LECTIONES.</strong></span> 
     </span>
    </p>
   </div>
   <div class='ocr_carea' id='block_1_108' title="bbox 428 5272 1720 5343">
    <p class='ocr_par' dir='ltr' id='par_1_108' title="bbox 428 5272 1720 5343">
     <span class='ocr_line' id='line_1_108' title="bbox 428 5272 1720 5343; baseline 0.002 -19"><span class='ocrx_word' id='word_1_634' title='bbox 428 5274 501 5306; x_wconf 80' lang='grc'><strong>²⁰⁸</strong></span> <span class='ocrx_word' id='word_1_635' title='bbox 525 5274 599 5326; x_wconf 84' lang='lat' dir='ltr'><strong>ita</strong></span> <span class='ocrx_word' id='word_1_636' title='bbox 621 5274 676 5327; x_wconf 72' lang='lat'><strong>2.</strong></span> <span class='ocrx_word' id='word_1_637' title='bbox 711 5272 875 5343; x_wconf 84' lang='lat' dir='ltr'><strong>Signo</strong></span> <span class='ocrx_word' id='word_1_638' title='bbox 903 5275 955 5328; x_wconf 91' lang='grc'><strong>1.</strong></span> <span class='ocrx_word' id='word_1_639' title='bbox 1031 5272 1102 5305; x_wconf 82' lang='grc'><strong>⁸⁰⁶</strong></span> <span class='ocrx_word' id='word_1_640' title='bbox 1132 5272 1215 5327; x_wconf 84' lang='lat' dir='ltr'><strong>Ita</strong></span> <span class='ocrx_word' id='word_1_641' title='bbox 1244 5272 1298 5343; x_wconf 74' lang='lat'><strong>2.</strong></span> <span class='ocrx_word' id='word_1_642' title='bbox 1334 5272 1638 5329; x_wconf 86' lang='lat' dir='ltr'><strong>subclinato</strong></span> <span class='ocrx_word' id='word_1_643' title='bbox 1670 5275 1720 5327; x_wconf 88' lang='grc'><strong>1.</strong></span> 
     </span>
    </p>
   </div>
   <div class='ocr_carea' id='block_1_109' title="bbox 358 5414 920 5468">
    <p class='ocr_par' dir='ltr' id='par_1_109' title="bbox 358 5414 920 5468">
     <span class='ocr_line' id='line_1_109' title="bbox 358 5414 920 5468; baseline 0.004 -2"><span class='ocrx_word' id='word_1_644' title='bbox 358 5415 428 5446; x_wconf 79' lang='grc' dir='ltr'><strong>’ὀ</strong></span> <span class='ocrx_word' id='word_1_645' title='bbox 455 5425 529 5466; x_wconf 72' lang='lat' dir='ltr'><strong>ita</strong></span> <span class='ocrx_word' id='word_1_646' title='bbox 556 5414 611 5467; x_wconf 69' lang='grc'><strong>2.</strong></span> <span class='ocrx_word' id='word_1_647' title='bbox 641 5414 846 5468; x_wconf 85' lang='lat' dir='ltr'><strong>volebat</strong></span> <span class='ocrx_word' id='word_1_648' title='bbox 872 5417 920 5468; x_wconf 86' lang='grc'><strong>1.</strong></span> 
     </span>
    </p>
   </div>
   <div class='ocr_carea' id='block_1_110' title="bbox 1891 5527 2025 5548">
    <p class='ocr_par' dir='ltr' id='par_1_110' title="bbox 1891 5527 2025 5548">
     <span class='ocr_line' id='line_1_110' title="bbox 1891 5527 2025 5548; baseline 0 0"><span class='ocrx_word' id='word_1_649' title='bbox 1891 5527 2025 5548; x_wconf 64' lang='lat' dir='ltr'><strong>mn&#39;r</strong></span> 
     </span>
    </p>
   </div>
   <div class='ocr_carea' id='block_1_111' title="bbox 1798 5270 3240 5340">
    <p class='ocr_par' dir='ltr' id='par_1_111' title="bbox 1798 5270 3240 5340">
     <span class='ocr_line' id='line_1_111' title="bbox 1798 5270 3240 5340; baseline -0.003 -15"><span class='ocrx_word' id='word_1_650' title='bbox 1798 5273 1866 5303; x_wconf 81' lang='grc'><strong>²⁰⁷</strong></span> <span class='ocrx_word' id='word_1_651' title='bbox 1896 5275 1970 5326; x_wconf 82' lang='lat' dir='ltr'><strong>ita</strong></span> <span class='ocrx_word' id='word_1_652' title='bbox 1996 5272 2051 5327; x_wconf 71' lang='grc'><strong>2.</strong></span> <span class='ocrx_word' id='word_1_653' title='bbox 2084 5287 2182 5326; x_wconf 75' lang='lat' dir='ltr'><strong>vox</strong></span> <span class='ocrx_word' id='word_1_654' title='bbox 2214 5271 2329 5340; x_wconf 88' lang='lat' dir='ltr'><strong>jam</strong></span> <span class='ocrx_word' id='word_1_655' title='bbox 2355 5285 2538 5336; x_wconf 83' lang='lat' dir='ltr'><strong>erasa,</strong></span> <span class='ocrx_word' id='word_1_656' title='bbox 2573 5271 2740 5340; x_wconf 79' lang='lat' dir='ltr'><strong>fuisse</strong></span> <span class='ocrx_word' id='word_1_657' title='bbox 2772 5270 2975 5327; x_wconf 85' lang='lat' dir='ltr'><strong>videtur</strong></span> <span class='ocrx_word' id='word_1_658' title='bbox 2996 5271 3240 5326; x_wconf 87' lang='lat' dir='ltr'><strong>dederat.</strong></span> 
     </span>
    </p>
   </div>
   <div class='ocr_carea' id='block_1_112' title="bbox 357 5342 2765 5414">
    <p class='ocr_par' dir='ltr' id='par_1_112' title="bbox 357 5342 2765 5414">
     <span class='ocr_line' id='line_1_112' title="bbox 357 5342 2765 5414; baseline 0 -15"><span class='ocrx_word' id='word_1_659' title='bbox 357 5344 571 5413; x_wconf 76' lang='lat' dir='ltr'><strong>conjicit</strong></span> <span class='ocrx_word' id='word_1_660' title='bbox 602 5342 824 5399; x_wconf 81' lang='lat' dir='ltr'><strong>Joannis</strong></span> <span class='ocrx_word' id='word_1_661' title='bbox 849 5363 867 5409; x_wconf 86' lang='lat'><strong><em>;</em></strong></span> <span class='ocrx_word' id='word_1_662' title='bbox 916 5344 1202 5399; x_wconf 90' lang='lat' dir='ltr'><strong>demendat</strong></span> <span class='ocrx_word' id='word_1_663' title='bbox 1230 5342 1329 5397; x_wconf 87' lang='lat' dir='ltr'><strong>elis</strong></span> <span class='ocrx_word' id='word_1_664' title='bbox 1356 5346 1403 5398; x_wconf 84' lang='grc'><strong>1.</strong></span> <span class='ocrx_word' id='word_1_665' title='bbox 1436 5344 1777 5399; x_wconf 88' lang='lat' dir='ltr'><strong>demandans</strong></span> <span class='ocrx_word' id='word_1_666' title='bbox 1798 5342 1911 5399; x_wconf 80' lang='lat' dir='ltr'><strong>Elis</strong></span> <span class='ocrx_word' id='word_1_667' title='bbox 1939 5344 2060 5398; x_wconf 70' lang='lat' dir='ltr'><strong>cdd.</strong></span> <span class='ocrx_word' id='word_1_668' title='bbox 2088 5356 2313 5414; x_wconf 83' lang='lat' dir='ltr'><strong>quonam</strong></span> <span class='ocrx_word' id='word_1_669' title='bbox 2348 5355 2531 5408; x_wconf 81' lang='lat' dir='ltr'><strong>sensu,</strong></span> <span class='ocrx_word' id='word_1_670' title='bbox 2563 5345 2765 5399; x_wconf 77' lang='lat' dir='ltr'><strong>nescio.</strong></span> 
     </span>
    </p>
   </div>
   <div class='ocr_carea' id='block_1_113' title="bbox 3328 5268 3660 5322">
    <p class='ocr_par' dir='ltr' id='par_1_113' title="bbox 3328 5268 3660 5322">
     <span class='ocr_line' id='line_1_113' title="bbox 3328 5268 3660 5322; baseline -0.018 0"><span class='ocrx_word' id='word_1_671' title='bbox 3328 5268 3401 5299; x_wconf 71' lang='grc'><strong>⁸⁸⁸</strong></span> <span class='ocrx_word' id='word_1_672' title='bbox 3430 5272 3502 5322; x_wconf 87' lang='lat' dir='ltr'><strong>ita</strong></span> <span class='ocrx_word' id='word_1_673' title='bbox 3531 5281 3600 5317; x_wconf 57' lang='lat' dir='ltr'><strong>rei</strong></span> <span class='ocrx_word' id='word_1_674' title='bbox 3615 5275 3660 5317; x_wconf 77' lang='lat' dir='ltr'><strong>te</strong></span> 
     </span>
    </p>
   </div>
   <div class='ocr_carea' id='block_1_114' title="bbox 2841 5335 3661 5407">
    <p class='ocr_par' dir='ltr' id='par_1_114' title="bbox 2841 5335 3661 5407">
     <span class='ocr_line' id='line_1_114' title="bbox 2841 5335 3661 5407; baseline -0.007 -13"><span class='ocrx_word' id='word_1_675' title='bbox 2841 5339 2911 5370; x_wconf 69' lang='grc' dir='ltr'><strong>’θ’</strong></span> <span class='ocrx_word' id='word_1_676' title='bbox 2940 5342 3017 5395; x_wconf 78' lang='lat' dir='ltr'><strong>ita</strong></span> <span class='ocrx_word' id='word_1_677' title='bbox 3042 5342 3098 5396; x_wconf 70' lang='grc'><strong>2.</strong></span> <span class='ocrx_word' id='word_1_678' title='bbox 3144 5341 3210 5394; x_wconf 85' lang='lat' dir='ltr'><strong>ab</strong></span> <span class='ocrx_word' id='word_1_679' title='bbox 3236 5338 3297 5402; x_wconf 85' lang='grc'><strong>1;</strong></span> <span class='ocrx_word' id='word_1_680' title='bbox 3330 5338 3404 5407; x_wconf 76' lang='lat' dir='ltr'><strong>cf.</strong></span> <span class='ocrx_word' id='word_1_681' title='bbox 3443 5357 3489 5393; x_wconf 87' lang='grc' dir='ltr'><strong>υ.</strong></span> <span class='ocrx_word' id='word_1_682' title='bbox 3537 5335 3661 5390; x_wconf 69' lang='grc'><strong>548.</strong></span> 
     </span>
    </p>
   </div>
   <div class='ocr_carea' id='block_1_115' title="bbox 2053 5528 2095 5548">
    <p class='ocr_par' dir='ltr' id='par_1_115' title="bbox 2053 5528 2095 5548">
     <span class='ocr_line' id='line_1_115' title="bbox 2053 5528 2095 5548; baseline 0 0"><span class='ocrx_word' id='word_1_683' title='bbox 2053 5528 2095 5548; x_wconf 68' lang='lat' dir='ltr'><strong>r</strong></span> 
     </span>
    </p>
   </div>
  </div>
