4482 5548
842 356 975 410 “65

836 475 1018 536 Ocius,
1049 470 1248 526 auxilio
1281 471 1481 526 Cbristi
1514 479 1781 540 praesente
1810 469 2045 538 benigni.

836 562 971 616 Nam
1004 570 1160 615 caute
1198 559 1346 613 fovea
1370 559 1523 627 juxta
1554 559 1809 628 placitum
1842 567 2088 627 reparata
2115 597 2129 620 ,

836 651 1069 705 Advenit
1095 649 1331 702 libertati
1366 664 1470 716 nox
1495 657 1615 717 apta
1642 647 1846 700 recenti
1876 646 2031 715 (Aug.
2061 646 2168 713 ‘20),

839 739 894 791 In
923 753 1029 807 qua
1058 740 1182 793 dum
1212 754 1435 793 somnus
1465 739 1635 809 plebis
1661 748 2006 809 perserperet
2034 740 2100 769 ¹¹¹
2133 752 2304 801 artus,

840 826 1073 881 Tantum
1108 843 1230 881 cum
1262 829 1425 882 sociis
1454 828 1636 898 regina
1672 828 1913 897 piissima
1949 828 2091 883 binis
2117 830 2184 862 ¹¹¹

837 917 1129 972 Custodum
1161 916 1379 972 frandes
1408 918 1616 987 fugiens
1644 927 1895 974 evaserat
1922 934 2131 983 omnes,

836 1009 1009 1077 Atque
1036 1010 1136 1063 vim
1172 1009 1405 1078 spatium
1441 1010 1615 1064 noctis
1643 1012 1742 1064 sub
1790 1018 2031 1080 tempore
2060 1019 2269 1064 tantum

840 1098 1165 1163 Pcrtransit,
1202 1100 1398 1169 plantis
1433 1110 1695 1169 quantum
1733 1100 1875 1155 valet
1907 1116 2037 1172 ergo
2070 1103 2301 1156 tenellis.

841 1189 947 1243 Sed
986 1205 1109 1245 mox
1143 1198 1199 1242 ut
1231 1190 1417 1244 scissis
1447 1190 1611 1245 cessit
1634 1205 1739 1243 nox
1770 1189 1924 1243 furva
1955 1192 2024 1221 ἰ’
2056 1192 2309 1255 tenebris,

838 1282 1013 1349 Atque
1037 1280 1188 1350 polus
1215 1282 1383 1336 radiis
1410 1282 1574 1351 erepit
1598 1282 1889 1351 pallescere
1916 1282 2065 1344 solis,

838 1370 1190 1425 Abscondens
1220 1372 1270 1424 in
1300 1374 1527 1425 secretis
1552 1386 1609 1425 se
1637 1372 1849 1426 cautius
1887 1373 2079 1436 antris,

839 1456 994 1512 Nunc
1024 1467 1183 1528 vagat
1214 1458 1265 1511 in
1299 1459 1467 1523 silvis,
1518 1458 1694 1513 latitat
1724 1475 1867 1515 nunc
1891 1460 2124 1529 denique
2154 1460 2318 1514 sulcis

844 1548 991 1603 Inter
1022 1558 1264 1603 maturas
1296 1549 1366 1580 “‘
1394 1551 1608 1605 Cereris
1634 1551 1931 1605 crescentis
1955 1551 2172 1613 aristas,

840 1639 1021 1695 Donec
1050 1655 1156 1693 nox
1184 1640 1357 1695 solitis
1389 1642 1605 1695 rediens
1650 1642 1837 1695 induta
1883 1641 2138 1705 tenebris,

844 1732 1062 1799 Obtcgit
1092 1747 1305 1785 rursum
1339 1732 1534 1787 nebulo
1548 1740 1749 1786 terram
1780 1734 2103 1787 tenebroso:

839 1823 989 1875 Tunc
1018 1824 1211 1875 iterato
1248 1823 1390 1875 viam
1423 1823 1629 1876 studuit
1671 1836 1994 1891 percurrere
2022 1831 2275 1891 coeptam.

836 1913 1076 1981 Denique
1109 1914 1363 1966 custodes
1390 1912 1534 1965 illam
1570 1928 1673 1966 non
1698 1913 2066 1977 invenientes,

838 2005 1144 2057 Narrabant
1174 2005 1374 2059 factum
1401 2005 1584 2058 comiti
1620 2006 1866 2057 nuntium
1900 2006 1968 2035 ἠ
2006 2002 2306 2058 tremefacti
2334 2042 2347 2066 ,

837 2091 975 2145 Cura
998 2094 1082 2147 cui
1112 2094 1496 2148 conservanda:
1524 2093 1621 2146 fuit
1654 2094 1820 2146 indita
1865 2094 2093 2147 domnae.

835 2181 934 2245 Qui
967 2192 1174 2236 terrore
1214 2182 1395 2251 gravis
1430 2197 1722 2250 percussus
1748 2182 1912 2236 corde
1943 2184 2175 2246 timoris,

833 2272 1015 2341 Pergit
1042 2287 1164 2325 cum
1192 2272 1346 2327 sotiis
1378 2271 1523 2325 illam
1552 2273 1871 2341 perquirere
1899 2274 2079 2327 multis
2105 2290 2119 2337 ;

836 2362 900 2415 Et
931 2378 1051 2416 cum
1076 2362 1353 2427 deficeret,
1387 2377 1483 2416 nec
1507 2360 1621 2429 jam
1652 2362 1934 2415 dinoscere
1962 2372 2162 2429 posset,

837 2452 954 2518 Quo
983 2453 1169 2521 regina
1202 2467 1357 2506 suum
1395 2451 1578 2506 tulerit
1602 2451 1903 2505 clarissima
1935 2467 2198 2521 gressum,

834 2537 1034 2593 Detulit
1064 2538 1128 2591 ad
1157 2553 1337 2607 regem
1363 2537 1735 2607 Beringarium
1766 2538 1986 2591 timidus
2031 2554 2161 2591 rem.

835 2628 933 2682 IIic
958 2642 1173 2697 quoque
1202 2629 1459 2683 continuo
1485 2628 1707 2681 nimiam
1743 2642 2035 2681 conversus
2066 2628 2117 2681 in
2149 2628 2303 2690 iram,

839 2718 1274 2787 Circumqnaque
1304 2733 1431 2772 suos
1458 2719 1637 2771 subito
1667 2718 1916 2771 mittebat
1942 2717 2205 2783 alumnos,

830 2806 1153 2876 Prmcipicns
1184 2806 1303 2860 illos
1330 2805 1531 2859 nullum
1564 2806 1790 2859 transire
1815 2805 2058 2859 locellum
2078 2846 2092 2868 ,

835 2896 939 2949 Sed
970 2905 1125 2949 caute
1153 2906 1380 2950 cunctas
1401 2896 1513 2965 jam
1547 2896 1876 2964 perlustrare
1907 2896 2140 2950 latebras
2176 2898 2267 2960 ¹¹⁸,

832 2989 887 3041 Si
921 2987 1103 3041 forsan
1136 2986 1359 3040 latebris
1396 2987 1582 3055 regina
1608 2987 1799 3040 lateret
1826 2987 1876 3039 in
1909 2986 2058 3048 ullis,

833 3081 1061 3148 ipseque
1092 3095 1212 3133 cum
1243 3080 1397 3133 fortis
1422 3080 1665 3146 sequitur
1694 3078 1845 3130 turba
1880 3078 2123 3147 legionis,

830 3170 937 3223 Ceu
974 3170 1062 3239 qni
1092 3168 1205 3222 vult
1241 3171 1421 3223 hostes
1448 3169 1587 3221 bello
1618 3183 1877 3237 superare
1900 3167 2123 3230 feroces,

832 3261 899 3314 Et
923 3260 1111 3327 rapido
1148 3270 1383 3329 segetem
1412 3274 1573 3313 cursu
1598 3258 1904 3327 peragravit
1927 3258 2175 3317 eandem,

832 3352 886 3404 In
918 3350 1069 3417 cujus
1098 3351 1262 3405 sulcis
1289 3351 1445 3404 latuit
1484 3359 1609 3404 tunc
1636 3349 1832 3402 domna
1861 3348 2101 3401 recurvis

831 3442 957 3496 Haec
980 3458 1141 3510 quam
1173 3442 1466 3510 quzercbat,
1496 3440 1710 3493 Cereris
1735 3448 1978 3493 contecta
2009 3439 2107 3491 sub
2131 3438 2251 3490 alis.

831 3530 1050 3584 Scilicet
1077 3528 1189 3600 (67)
1218 3529 1322 3583 Imc
1354 3530 1585 3596 illucque
1616 3528 1791 3581 locum
1821 3536 2167 3596 percurreret
2215 3528 2412 3595 ipsum,

830 3621 884 3673 In
913 3636 1021 3688 quo
1051 3635 1155 3673 non
1181 3635 1346 3688 parvo
1371 3617 1542 3687 jacuit
1574 3627 1777 3671 terrore
1807 3627 2023 3687 gravata
2044 3658 2057 3679 ,

830 3709 897 3763 Et
923 3709 1172 3777 quamvis
1200 3708 1619 3778 circumpositos
1646 3706 1952 3777 disjungere
1994 3708 2200 3761 culmos

826 3802 1045 3856 Nisibus
1078 3811 1297 3857 extenta
1330 3804 1541 3857 cunctis
1574 3804 1917 3871 temptaverit
1947 3804 2126 3865 basta,

827 3891 945 3945 Non
979 3902 1155 3945 tamen
1190 3892 1413 3957 invenit,
1448 3893 1650 3947 Christi
1678 3908 1837 3961 quam
1865 3894 2037 3962 gratia
2084 3893 2231 3946 texit.

825 3984 925 4036 Ast
953 3982 1045 4036 ubi
1072 3981 1330 4036 confusus
1362 3983 1537 4045 rediit,
1582 3982 1807 4035 nimium
1841 3997 2054 4050 quoque
2088 3982 2279 4043 lassus,

825 4072 1028 4127 Praasul
1058 4072 1398 4127 Adelltardus
1426 4088 1549 4125 mox
1576 4072 1794 4126 advenit
1822 4072 2163 4125 venerandus
2183 4111 2198 4136 ,

824 4164 1143 4231 Induxitquc
1174 4178 1323 4216 suam
1351 4163 1601 4232 gaudenti
1631 4170 1848 4231 pectore
1884 4163 2136 4215 domnam

823 4257 968 4309 Intra
998 4270 1229 4324 namque
1261 4272 1371 4309 sua:
1404 4270 1586 4309 muros
1612 4255 1761 4309 urbis
1789 4256 1924 4308 bene
1954 4254 2159 4315 ﬁrmos,

832 4347 1039 4416 Ilicque
1064 4347 1163 4401 sibi
1190 4347 1347 4416 digne
1378 4354 1491 4401 toto
1523 4347 1747 4400 servivit
1784 4346 1987 4399 honore
2011 4384 2023 4406 ,

822 4438 1002 4491 Imilce
1034 4438 1291 4505 majorem
1324 4437 1542 4491 Christo
1574 4437 1864 4490 miserante
1892 4436 2141 4488 decorem

823 4530 993 4598 Ilcgni
1026 4530 1281 4599 suscepit,
1310 4530 1516 4597 pridem
1548 4545 1711 4599 quam
1743 4538 1935 4582 moesta
1965 4526 2198 4595 reliquit.

828 4621 1069 4689 Denique
1098 4630 1368 4674 nostrates
1399 4620 1638 4689 quidatn,
1667 4629 1792 4673 tunc
1827 4619 2187 4687 experientes,

827 4711 1091 4779 Ileginam
1130 4711 1350 4767 domino
1384 4712 1679 4767 desolatam
1710 4711 1823 4765 fore
1850 4725 1978 4764 caro
2004 4749 2017 4772 ,

820 4808 987 4878 Cujus
1019 4811 1340 4879 prmdulcem
1381 4818 1739 4881 gustaverunt
1774 4809 2028 4876 pietatem

817 4902 1045 4967 Quando
1076 4903 1142 4934 ’⁸⁷
1190 4920 1287 4973 per
1335 4904 1542 4958 Italiam
1575 4910 1857 4972 creperum
1904 4914 2129 4970 pergere
2158 4899 2407 4955 Romam,

819 4990 950 5059 Ejus
978 4993 1046 5023 ²¹⁷
1078 4992 1429 5061 multiplicem
1464 4994 1674 5047 recitati
1705 5002 1829 5047 sunt
1856 4993 2108 5061 pietatem

821 5081 1077 5136 Crebrius
1104 5082 1311 5137 Oddoni
1338 5083 1431 5150 ἰθ,
1462 5098 1658 5152 magno
1687 5096 1811 5137 tunc
1842 5085 2069 5150 denique
2097 5083 2227 5151 regi,

894 5174 1052 5231 Vers.
1095 5176 1219 5233 595.

2113 5292 2342 5348 V’ARI/E
2386 5292 2785 5350 LECTIONES.

1722 348 2188 407 IIIlOTSL'ITIIA‘I
2229 348 2550 405 MONIALIS
2584 352 3274 411 CAN'DERSIIEIMENSIS

3951 360 4084 414 HM

2439 468 2488 526 Α
2518 466 2760 537 Augusto
2789 472 2879 525 sed
2908 471 3136 526 Romani
3178 490 3318 528 nunc
3346 474 3575 543 denique
3601 475 3770 544 regni,

2518 556 2723 611 Nullam
2756 560 2995 613 dicentes
3022 561 3182 615 aliam
3215 564 3505 617 consistere
3535 564 3749 633 dignam

2518 646 2679 701 Tecta
2713 651 2811 703 sub
2835 650 3003 718 ipsius
3030 652 3247 705 thalami
3281 653 3479 722 rt'galia
3507 654 3626 707 duci

2520 736 2642 791 Post
2676 741 2881 794 obitum
2910 742 3141 795 domina:
3170 742 3399 797 flendum
3434 745 3641 797 cunctis
3669 743 3928 797 Earlitlue.

2518 830 2581 883 Et
2613 845 2701 883 rex
2746 830 2953 884 Iretatus
2987 842 3147 885 tantze
3174 832 3453 886 dulcedine
3483 832 3665 895 famae,

2520 920 2741 975 Pectore
2773 922 3019 976 volvebat
3054 923 3215 975 tacito
3242 938 3336 991 per
3361 933 3602 991 tempora
3630 924 3810 993 longa,

2518 1012 2637 1078 Quo
2667 1022 2820 1079 pacto
2856 1013 2956 1065 sibi
2990 1014 3225 1081 reginam
3266 1012 3615 1083 conjungeret
3651 1016 3843 1078 istam,

2520 1101 2649 1166 Qum
2678 1100 2773 1153 fuit
2800 1102 3007 1155 insidiis
3040 1104 3181 1171 regis
3207 1104 3535 1156 circumdata
3570 1104 3750 1155 tantis.

2526 1189 2680 1244 Venit
2711 1202 2764 1244 et
2795 1192 2845 1243 in
2872 1203 3128 1255 mentem,
3168 1195 3479 1261 prmdictum
3512 1195 3741 1263 denique
3768 1209 3966 1262 regem,

2521 1280 2621 1347 Qui
2652 1282 2920 1351 quondam
2952 1284 3145 1351 patriis
3179 1282 3357 1337 fuerat
3385 1283 3641 1353 depulsus
3674 1286 3738 1338 ab
3769 1285 3913 1337 arvis

2524 1369 2649 1437 Ejus
2674 1378 2729 1422 et
2759 1369 2959 1425 auxilio
2990 1371 3151 1424 citius
3179 1372 3473 1425 miserante
3503 1372 3777 1435 reductus,

2522 1458 2793 1525 Ingratum
2828 1457 2942 1512 fore
2984 1475 3124 1513 nunc
3150 1458 3306 1513 donis
3339 1469 3500 1513 tanta:
3530 1462 3776 1529 pietatis;

2525 1551 2661 1603 Hinc
2688 1567 2902 1619 quoque
2930 1567 3052 1604 mox
3079 1553 3282 1604 aditum
3307 1553 3524 1606 sibimet
3555 1554 3861 1621 providerat
3891 1564 4099 1620 aptum,

2526 1641 2691 1710 Ipsius
2724 1641 2961 1695 Italictnn
2984 1640 3093 1708 juri
3128 1642 3451 1711 subjungere
3484 1660 3723 1713 regnum.

2528 1729 2638 1783 Iloc
2662 1731 2749 1784 ubi
2784 1732 3050 1799 colloquio
3072 1733 3239 1785 sensit
3271 1745 3527 1785 narrante
3556 1743 3783 1801 paterno

2451 1808 2496 1865 Β
2524 1821 2701 1875 Patris
2728 1837 2880 1875 amor
2909 1838 3067 1876 verus
3093 1838 3217 1891 spes
3253 1830 3306 1875 et
3336 1824 3530 1892 gentis,
3566 1824 3843 1877 Liudulfus
3864 1867 3877 1883 .

2520 1908 2634 1963 Non
2683 1924 2777 1963 sua
2829 1910 3148 1973 Sollicitans,
3183 1912 3355 1979 patris
3374 1914 3466 1963 sed
3508 1915 3787 1965 commoda
3838 1923 4097 1977 tractatis,

2522 1999 2829 2067 Pra-paucis
2858 2016 3039 2054 secum
3068 2002 3222 2053 sotiis
3253 2013 3462 2054 secreto
3492 2005 3778 2069 resumptis
3803 2043 3816 2067 ,

2518 2091 2721 2145 Italiam
2754 2092 2928 2159 petiit,
2962 2091 3193 2160 fortique
3218 2108 3377 2146 manu
3416 2096 3742 2162 penetravit,

2522 2182 2789 2234 Exortans
2814 2184 2981 2249 patris
3010 2183 3234 2251 imperio
3264 2184 3518 2251 populum
3550 2185 3678 2237 dare
3709 2185 3933 2247 collum;

2519 2271 2745 2340 Moxque
2784 2271 2924 2325 redit
2968 2272 3171 2326 clarum
3226 2272 3471 2326 referens
3524 2274 3640 2327 sine
3690 2282 3859 2327 marte
3902 2275 4099 2326 trium—
4136 2286 4145 2296 '

3820 2361 4027 2431 [ιιιιιιιιι.

2517 2454 2633 2519 Quo
2666 2470 2756 2505 rex
2790 2461 3089 2522 comperto,
3136 2452 3345 2521 pupulis
3381 2454 3749 2515 narrantibus,
3782 2452 3933 2506 Oddo
3966 2452 4064 2513 “’,

2516 2550 2690 2603 Corde
2723 2564 2883 2616 super
2924 2556 3109 2600 natum
3141 2548 3262 2599 Imto
3307 2547 3599 2616 plaudebat
3643 2544 3956 2605 amandum,

2516 2639 2687 2707 Ipsius
2717 2654 2877 2691 causa
2906 2639 2995 2705 qui
3038 2639 3151 2706 jam
3186 2638 3502 2691 discrimine
3534 2647 3682 2689 tanto

2516 2730 2786 2782 Audacter
2815 2728 2973 2781 subiit
3007 2737 3218 2797 gentem
3254 2730 3516 2781 turbando
3557 2727 3815 2781 ferocem.

2518 2817 2689 2885 thue
2718 2818 2866 2871 labor
2901 2818 3021 2871 talis
3059 2833 3161 2870 non
3202 2817 3556 2871 frustraretur
3591 2817 3814 2877 amoris.

2516 2905 2631 2973 Ipse
2668 2907 2880 2974 quidem
2912 2916 3123 2977 gentem
3166 2906 3393 2961 festinus
3419 2908 3854 2968 adiviteandem,

2516 2996 2694 3051 Plebis
2727 3013 2829 3049 non
2868 3013 3031 3065 parva
3062 2998 3292 3067 proprize
3321 2998 3613 3051 comitante
3643 3007 3878 3061 caterva,

2516 3086 2730 3157 Regalis
2759 3104 2966 3156 pompm
2995 3090 3144 3141 vario
3174 3098 3528 3157 comptusque
3559 3090 3769 3148 decore,

2514 3181 2737 3249 Alpibus
2770 3182 3044 3235 aceinctas
3074 3181 3196 3233 altis
3230 3181 3527 3234 intraverat
3557 3180 3736 3233 horas.

2516 3269 2609 3323 IIis
2636 3270 2979 3338 Beringatius
3006 3270 3296 3337 compertis
3327 3269 3396 3299 ²¹⁰
3435 3268 3860 3337 obstupefactus,

2515 3362 2629 3415 Non
2659 3362 2853 3415 bellum
2892 3362 3059 3415 movit
3088 3362 3221 3430 regi,
3254 3376 3360 3413 non
3390 3361 3577 3413 obvius
3618 3360 3751 3422 exit,

2517 3452 2621 3505 Sed
2653 3468 2708 3505 se
2738 3453 3051 3505 salvandnm
3080 3450 3300 3505 castello
3342 3452 3589 3519 protinus
3618 3459 3741 3516 apto

2517 3544 2717 3606 Intulit,
2747 3544 2800 3595 in
2840 3544 2969 3595 tutis
3014 3544 3189 3610 posito
3225 3541 3499 3610 firmisque
3529 3541 3748 3595 locellis.

2516 3632 2583 3684 At
2612 3647 2704 3684 rex
2738 3632 2973 3684 famosus
3002 3640 3203 3693 noster,
3236 3630 3431 3683 virtute
3457 3629 3739 3698 superbus.

2515 3722 2784 3775 Audacter
2816 3723 2950 3775 satis
2980 3722 3191 3792 ignotas
3222 3721 3536 3789 pertransiit
3584 3719 3771 3782 horas,

2515 3812 2679 3866 Italici
2705 3812 2923 3881 Papiam
2956 3814 3103 3882 regni
3136 3813 3278 3880 cepit
3305 3828 3517 3881 quoque
3546 3813 3797 3866 domnam
3827 3810 3892 3839 "'
3929 3808 4098 3881 (Sept.

2514 3992 2628 4058 Qua
2659 4002 2806 4046 certe
2836 4003 3016 4062 capta,
3045 3996 3222 4047 cuncti
3263 3993 3409 4047 velut
3435 3994 3645 4062 agmine
3677 3992 3817 4046 faeto

2513 4082 2824 4148 Quzerentes
2854 4099 3031 4152 regem
3076 4100 3328 4152 proceres
3357 4099 3556 4138 venere
3586 4092 3881 4145 recentem,

2514 4174 2913 4242 Certabantque
2943 4190 3039 4227 suo
3064 4175 3171 4243 juri
3211 4189 3267 4228 se
3295 4174 3524 4228 subdere
3555 4188 3749 4241 magno

2514 4265 2657 4330 Quos
2689 4280 2812 4317 nam
2845 4279 2991 4317 more
3020 4280 3117 4318 suo
3147 4264 3384 4333 suscepit
3415 4271 3591 4317 mente
3626 4262 3879 4330 benigna,

2511 4357 2838 4411 Promittens
2866 4357 2995 4426 ipsis
3030 4357 3145 4424 ejus
3184 4372 3377 4409 munus
3405 4354 3642 4424 pietatis.

2440 4480 2486 4538 Β
2515 4446 2571 4498 Si
2610 4456 2731 4515 post
2766 4446 2879 4499 base
2912 4446 2985 4499 illi
3033 4446 3296 4499 servirent
3328 4454 3507 4498 mente
3538 4442 3701 4497 fideli.

2514 4536 2632 4589 Istis
2658 4537 2736 4590 sic
2776 4535 2995 4598 babitis,
3028 4536 3219 4588 crebro
3249 4534 3567 4587 tractatnine
3606 4530 3786 4584 cordis

2514 4627 2729 4695 Regina:
2758 4627 2891 4680 satis
2932 4626 3158 4694 egregia:
3188 4638 3393 4677 memor
3433 4633 3513 4675 est
3545 4619 3925 4681 Edelbeitba‘,

2515 4716 2767 4785 Regalem
2799 4724 2945 4769 certe
2974 4716 3196 4782 cupiens
3224 4713 3546 4781 quandoque
3573 4710 3753 4762 videre

2516 4809 2687 4877 Ipsius
2712 4806 2926 4864 faciem.
2958 4807 3111 4874 cujus
3141 4804 3329 4858 didicit
3358 4804 3675 4856 bonitatem.

2522 4899 2671 4951 [inde
2698 4898 2913 4966 quidem
2939 4895 3259 4950 mandatelis
3287 4895 3359 4925 ¹¹¹
3396 4892 3660 4947 secretius
3690 4890 3845 4952 actis,

2514 4990 2643 5054 Qua:
2677 4987 2889 5041 fuerant
2916 4988 3064 5057 pacis
3102 5001 3308 5041 necnon
3336 4983 3619 5055 przedulcis
3652 4980 3851 5034 amoris

2515 5085 2627 5138 Sub
2659 5085 2810 5152 signo
2845 5083 2964 5136 fidei
2996 5083 3164 5136 firmae
3204 5080 3556 5135 mandaverat
3588 5075 3685 5129 illi.

2586 5179 2738 5231 Vers.
2780 5177 2901 5230 643.

2936 5422 2943 5423 κ
2975 5406 3007 5424 n
3072 5420 3145 5424 μ--.
3167 5419 3224 5423 ..α
3280 5406 3295 5424 ι
3386 5403 3525 5424 μιέκη--
3560 5400 3717 5424 ..η-Δ..
3752 5398 3876 5424 f--..'
3902 5408 4069 5424 ..-.--a
