4482 5548
342 393 474 449 1165

338 506 451 559 Hoc
478 518 690 573 quoque
720 504 952 557 suadelis
976 502 1359 558 exhortabatur
1390 504 1598 567 amicis,

342 592 411 646 L't
435 594 597 646 celeri
626 592 843 661 Papiam
869 608 1031 655 cursu
1067 603 1289 661 peteret,
1322 593 1632 661 populosam

339 683 560 749 Urbem,
604 699 763 752 quam
795 700 915 739 cum
953 684 1177 739 tristicia
1215 684 1419 737 dimisit
1455 698 1661 745 amara,

338 774 477 839 Quo,
505 782 791 841 praestante
818 789 971 827 sacra
1007 777 1148 843 regis
1189 774 1392 841 pietate
1430 774 1705 842 perennis.

338 862 439 919 llic
472 864 629 917 modo
661 864 942 918 sublimem
978 866 1216 933 gaudens
1244 873 1490 933 captaret
1514 864 1798 926 honorem,

340 952 457 1018 Quo
484 955 633 1021 prius
657 953 923 1021 ingentem
950 952 1126 1007 fuerat
1156 969 1408 1023 perpessa
1437 953 1697 1008 dolorem.

340 1041 435 1097 liis
457 1043 773 1097 mandatelis
807 1044 971 1098 cessit
1003 1045 1188 1111 regina
1228 1045 1492 1115 benignis,

339 1132 408 1186 Et
435 1148 543 1202 quo
565 1134 713 1202 jussa
747 1132 865 1194 fuit,
897 1134 1097 1202 pariter
1124 1136 1509 1188 comitantibus
1542 1135 1637 1187 ivit

340 1221 628 1277 Permultis
656 1222 1022 1289 subjectorum
1050 1224 1236 1278 cuneis
1275 1224 1613 1293 populorum.

342 1310 413 1367 Ut
443 1327 535 1365 rex
577 1312 674 1366 hos
704 1313 892 1375 sensit,
925 1312 1077 1380 cujus
1112 1315 1453 1366 mandaminc
1487 1314 1648 1373 venit,

343 1400 519 1469 Ipsius
562 1400 847 1455 lIeuricum
899 1402 1121 1456 fratrem
1165 1402 1417 1473 praecepit
1458 1402 1744 1456 amandum

347 1488 517 1557 IIujns
544 1491 593 1542 iu
627 1505 910 1543 occursum
942 1492 1150 1559 regredi
1185 1502 1332 1544 trans
1365 1491 1520 1543 litora
1565 1489 1711 1549 Padi,

345 1580 416 1633 Ut
442 1580 815 1633 sublimandan
856 1582 1001 1649 regni
1035 1580 1407 1649 Splendoribus
1437 1595 1601 1633 (eram
1629 1581 1743 1647 (68)

345 1670 501 1725 Tanti
534 1672 862 1741 compositus
892 1672 1043 1725 ducis
1074 1673 1143 1702 "3
1172 1682 1392 1725 ornaret
1423 1670 1733 1724 famulatus.

344 1762 444 1828 Qui
473 1762 650 1815 studio
681 1762 873 1815 mentis
902 1772 1165 1831 praecepta
1195 1776 1429 1829 sequens
1461 1761 1712 1823 senioris,

344 1849 629 1920 Egreditur
658 1858 809 1903 certe
836 1866 957 1903 cum
989 1850 1153 1919 regali
1198 1849 1430 1918 legione,

344 1939 644 2007 Castraque
683 1939 881 2008 regina:
915 1938 1154 2007 gaudens
1180 1939 1333 2007 petiit
1365 1937 1707 1998 veneramhe,

346 2028 401 2081 In
426 2028 545 2097 quis
568 2042 689 2082 eum
718 2027 871 2081 sotiis
918 2026 1188 2080 residebat
1214 2027 1447 2095 denique
1477 2025 1682 2087 multis,

347 2117 497 2170 Illam
531 2117 791 2187 condigne
817 2132 1027 2171 summo
1062 2118 1350 2171 comitatus
1382 2118 1604 2179 honore,

348 2210 529 2263 Donec
566 2207 729 2277 regali
768 2214 1121 2275 prmseutaret
1160 2204 1337 2259 faciei.

350 2298 477 2364 Qua:
509 2300 700 2351 merito
733 2298 841 2367 regi
883 2297 1064 2352 statim
1107 2296 1309 2365 placuit
1340 2298 1470 2351 satis
1502 2298 1624 2365 ipsi,

348 2386 681 2456 Eligiturque
706 2386 786 2440 sui
815 2400 1038 2441 censors
1067 2385 1379 2455 dignissima
1411 2387 1584 2455 regni.

352 2477 503 2531 Tunc
549 2478 617 2507 ²²δ
648 2493 743 2530 rex
772 2493 830 2531 se
863 2478 1098 2530 novitate
1136 2478 1209 2529 rei
1243 2491 1469 2531 cernens
1502 2479 1743 2542 retineri,

355 2568 621 2637 Tempore
650 2582 716 2622 ue
745 2567 949 2636 patrias
976 2566 1210 2619 instante
1236 2566 1436 2619 rediret
1472 2567 1538 2620 ad
1570 2583 1715 2629 oras.

354 2663 666 2717 Liudulfum
696 2663 897 2731 placuit
924 2677 1109 2716 carum
1148 2664 1476 2731 prmmittere
1510 2674 1715 2727 natum,

358 2754 424 2807 Ut
447 2768 578 2822 gens
606 2753 880 2807 Saxonum
915 2752 1070 2807 fortis
1101 2752 1346 2806 volitaret
1378 2754 1443 2808 ad
1484 2753 1629 2806 illum

354 2844 421 2897 Et
448 2860 671 2913 regnum
701 2843 800 2898 sub
828 2852 1056 2912 patrono
1085 2851 1255 2897 staret
1288 2844 1422 2897 bene
1452 2852 1622 2907 tanto,

356 2934 455 3000 Qui
486 2950 682 3003 parens
706 2934 871 3001 jussis
899 2933 1089 2987 devota
1121 2943 1298 2986 mente
1326 2934 1579 3001 parentis,

356 3024 436 3078 Ad
465 3025 693 3094 patriam
728 3025 887 3079 rediit
916 3039 1101 3078 curam
1132 3024 1391 3093 regnique
1434 3025 1657 3093 recepit,

359 3114 552 3170 Omnia
580 3116 875 3183 prudenter
902 3130 1107 3169 necnon
1144 3115 1365 3168 nimium
1402 3116 1676 3183 sapienter

359 3205 669 3276 Complens,
704 3207 755 3259 in
788 3206 962 3274 patria
993 3221 1110 3273 qurc
1143 3214 1267 3259 tunc
1306 3205 1515 3258 fuerant
1541 3204 1799 3259 facienda.

356 3299 569 3353 Interea
600 3299 704 3353 dux
746 3299 1029 3362 Henricus,
1063 3298 1205 3368 regis
1243 3298 1585 3351 venerandus

357 3387 573 3448 Frater,
611 3389 663 3441 in
711 3387 862 3442 Italia
904 3389 1084 3442 cordis
1119 3388 1402 3441 conamine
1437 3402 1647 3441 summo

358 3476 646 3545 Obsequiis
668 3491 888 3546 Operam
917 3478 1081 3547 gessit
1108 3477 1380 3546 regalibus
1420 3486 1628 3545 aptam,

360 3563 600 3621 OlIitium
632 3580 737 3619 non
769 3564 1009 3635 germani
1043 3564 1378 3618 solummodo
1416 3565 1527 3618 cari

361 3654 474 3711 Sed
511 3671 663 3725 mage
688 3655 775 3723 jus
805 3657 946 3711 servi
979 3656 1159 3711 studio
1197 3656 1513 3725 complenda
1540 3655 1780 3727 benigni.

360 3745 633 3823 Hincnou
666 3744 933 3799 immerito
962 3746 1074 3815 regi
1116 3746 1317 3815 placuit
1361 3747 1494 3800 satis
1526 3746 1644 3815 ipsi,

362 3836 463 3891 Est
487 3851 699 3905 quoque
731 3838 927 3907 regina:
955 3836 1194 3891 fraterno
1235 3838 1457 3907 junctus
1499 3853 1705 3903 amore,

359 3922 681 3992 Affertuque
707 3926 795 3994 pio
827 3924 1003 3979 fuerat
1041 3925 1270 3981 dilectus
1298 3927 1364 3981 ab
1393 3928 1500 3981 illa.

364 4014 523 4069 Tune
555 4030 650 4069 rex
676 4015 917 4070 Italicum
964 4024 1343 4084 peragraverat
1392 4017 1631 4086 undique
1671 4032 1917 4087 regnum,

364 4107 636 4163 Primates
664 4108 815 4177 regni
847 4108 1075 4177 prepriae
1098 4107 1334 4160 subdens
1358 4108 1547 4161 ditioni
1579 4109 1701 4177 (Αη.
1734 4109 1801 4163 93

366 4195 470 4250 llis
496 4212 710 4265 quoque
736 4196 1018 4266 completis
1042 4195 1194 4264 juxta
1223 4205 1515 4265 votumque
1544 4196 1626 4250 loc
1639 4222 1652 4247 .;
1667 4197 1755 4261 tis,

340 4280 452 4337 .Ne
481 4283 823 4353 Beringarius
845 4298 1069 4355 regnum
1108 4292 1319 4353 raperet
1346 4285 1445 4339 sibi
1476 4299 1712 4348 rursum,

368 4372 679 4429 Conradum
712 4390 831 4429 cum
868 4392 974 4431 non
1011 4378 1199 4447 paucis
1226 4392 1292 4431 ex
1320 4376 1534 4447 agmine
1566 4376 1720 4431 lectis

367 4463 431 4518 In
461 4461 622 4531 Papia
652 4464 888 4520 residere
920 4467 1111 4521 ducem
1138 4466 1301 4535 jussit
1328 4467 1652 4535 sapientem,

368 4555 475 4610 Cui
503 4556 809 4609 veneranda
841 4572 950 4611 suae
987 4557 1211 4613 dederat
1237 4558 1507 4611 consortia
1538 4565 1715 4620 natae;

368 4647 602 4715 Ipseque
629 4646 887 4700 continuo
912 4647 1071 4701 rediit
1101 4663 1221 4703 cum
1251 4645 1477 4718 conjuge
1509 4646 1675 4711 clara,

370 4736 672 4791 Intendcns
703 4736 893 4804 patriae
922 4735 1102 4790 sedem
1149 4736 1376 4791 festinus
1408 4736 1581 4790 adire.

372 4827 556 4894 Quem
589 4826 769 4896 gavisa
801 4826 1014 4895 quidem
1052 4825 1205 4895 plebs
1229 4826 1463 4895 suscepit
1490 4825 1818 4890 venientem,

372 4917 688 4973 Altithrono
712 4928 889 4985 grates
921 4932 1179 4987 spargens
1220 4932 1383 4986 super
1411 4918 1615 4971 ethera
1649 4916 1855 4980 dulces,

372 5011 483 5078 Qui
520 5010 827 5064 miserando
862 5024 974 5064 suze
1003 5009 1170 5078 plebis
1198 5007 1352 5063 solita
1385 5009 1601 5077 pietate,

374 5104 555 5167 Quem
583 5100 703 5168 pius
726 5099 907 5170 elegit,
941 5113 1120 5169 regem
1163 5113 1283 5153 eum
1312 5113 1443 5167 pace
1481 5099 1722 5154 reduxit.

454 5189 617 5245 Vers.
662 5189 785 5244 695.

1392 392 1671 447 CARMEN
1712 390 1795 445 DE
1833 390 2073 445 CESTIS
2114 391 2404 447 OTTONIS
2443 394 2480 445 I.

3450 381 3581 437 1166

1941 507 1985 563 Α
2019 501 2127 558 Hac
2156 504 2223 534 ’⁸⁸
2272 504 2344 557 ita
2377 503 2566 556 lzetieia
2612 501 2786 571 dignis
2816 500 2976 555 rebus
3016 496 3307 557 celebrata,

2014 596 2246 649 Advenit
2274 596 2376 649 dux
2409 595 2686 650 Conradus
2715 609 2837 648 cum
2872 608 3001 663 pace
3033 605 3306 652 reversus,

2015 686 2301 739 Adducens
2328 684 2704 754 Beringarium
2736 698 2895 751 supra
2930 689 3312 741 memoratum,

2015 774 2185 842 Ipsius
2214 774 2411 843 ingenii
2443 774 2762 842 captum.sie
2792 782 2908 825 arte
2946 768 3219 840 profundi.

2017 865 2199 921 Gratis
2238 875 2295 918 ut
2340 864 2547 919 Oddoni
2577 865 2647 895 ¹¹⁶
2674 864 2821 917 venit
2855 877 2912 916 se
2960 860 3189 915 subdere
3222 855 3354 928 regi.

2019 955 2170 1009 Tunc
2194 956 2331 1009 idem
2360 970 2474 1018 rex,
2505 955 2595 1024 qui
2621 967 2834 1023 semper
2869 950 2995 1005 fecit
3026 949 3320 1016 sapienter,

2021 1046 2175 1101 IIunc
2204 1060 2383 1113 regem
2407 1053 2559 1099 certe
2587 1044 2747 1114 digno
2798 1042 3035 1111 suscepit
3061 1042 3286 1105 honore,

2021 1137 2330 1191 Restituens
2361 1136 2435 1190 illi
2469 1134 2665 1189 sublati
2708 1134 2943 1188 culmina
2976 1133 3125 1202 regni

2021 1228 2123 1282 Ista
2154 1236 2398 1296 percerte
2450 1235 2658 1279 tantum
2695 1225 2794 1278 sub
2824 1224 3150 1286 conditione,

2024 1316 2096 1371 Ut
2124 1326 2246 1386 post
2278 1316 2390 1369 hcce
2438 1314 2617 1369 causis
2649 1329 2754 1367 non
2788 1312 3184 1367 contradiceret
3213 1311 3335 1366 ullis

2022 1408 2192 1476 Ipsius
2215 1406 2441 1473 imperio
2472 1404 2651 1458 multis
2692 1404 2847 1473 longe
2881 1404 3169 1457 metuendo
3196 1405 3261 1433 ’³⁷
3290 1443 3303 1465 ,

2026 1496 2131 1548 Sed
2163 1510 2258 1549 ceu
2293 1494 2565 1562 subjectus
2597 1494 2764 1562 jussis
2795 1502 2938 1546 esset
2972 1493 3263 1546 studiosus.

2026 1585 2139 1638 Hoc
2166 1599 2378 1651 quoque
2425 1582 2673 1637 sollicitis
2723 1582 2964 1635 decrevit
2995 1582 3228 1634 maxime
3253 1581 3434 1646 dictis,

2030 1675 2098 1728 Ut
2135 1684 2254 1743 post
2283 1676 2395 1728 hare
2418 1673 2668 1741 populum
2718 1680 2928 1741 regeret
2961 1671 3280 1724 clementius
3311 1672 3506 1738 ipsum.

2030 1765 2199 1831 Quem
2234 1765 2382 1831 prius
2415 1763 2639 1832 imperio
2673 1762 2896 1814 nimium
2930 1761 3191 1830 corripuit
3239 1760 3308 1791 ’³⁸
3335 1772 3541 1813 amaro.

1960 1841 2005 1898 Β
2036 1855 2135 1918 Qui
2162 1868 2218 1907 se
2246 1852 2576 1920 complendis
2600 1851 2862 1905 simulans
2900 1860 3204 1920 promptum
3238 1848 3353 1905 fore
3394 1847 3583 1919 jussis,

2033 1946 2194 2001 Ocius
2222 1945 2502 2005 abscessit,
2534 1943 2762 2011 patriam
2792 1941 3053 2009 laetusque
3084 1942 3293 2011 petivit.

2033 2036 2132 2090 Ast
2160 2034 2249 2090 ubi
2285 2035 2571 2089 sublimem
2601 2033 2750 2102 rcgni
2785 2031 3094 2099 possederat
3130 2044 3332 2091 arcem,

2036 2126 2219 2179 Lazsus
2248 2123 2481 2178 suadelis
2529 2121 2866 2190 quorundam
2899 2133 3129 2187 namque
3161 2116 3396 2171 sinistris

2037 2213 2157 2267 Mox
2187 2213 2384 2267 infelici
2420 2212 2664 2277 graviora
2692 2208 2908 2279 quidem
2943 2207 3067 2278 juga
3114 2208 3259 2276 genti

2038 2303 2200 2357 Infert
2227 2344 2241 2365 ,
2267 2304 2317 2355 vi
2362 2318 2556 2372 magna
2585 2316 2683 2369 pro
2715 2301 2968 2368 despectu
3000 2299 3099 2352 sibi
3127 2299 3265 2352 facta
3295 2299 3363 2329 ²¹⁹
3384 2337 3397 2359 ,

2038 2391 2111 2446 Se
2142 2407 2362 2460 regnum
2390 2390 2563 2459 pretio
2608 2396 2922 2442 contestans
2950 2400 3129 2440 emere
3160 2401 3377 2454 magno,

2044 2481 2153 2535 Nec
2184 2480 2300 2534 fore
2345 2479 2667 2547 culpandum
2708 2478 2751 2530 si
2786 2476 2873 2543 jus
2904 2475 3155 2545 fregisset
3202 2490 3449 2538 avorum,

2044 2571 2149 2625 Sed
2184 2570 2355 2639 magis
2398 2569 2605 2624 Oddoni
2647 2568 2715 2598 ¹³⁰
2745 2567 2913 2634 culpa:
2944 2566 3194 2620 meritum
3228 2563 3485 2631 reputari.

2040 2662 2141 2730 Ipsi
2167 2660 2427 2728 primates
2450 2658 2618 2727 plebis
2641 2658 2730 2726 qui
2772 2655 3030 2709 venderet
3054 2668 3267 2709 omnes.

2041 2753 2164 2808 [lare
2202 2769 2289 2806 res
2336 2754 2401 2805 ad
2432 2767 2613 2820 regem
2645 2764 2765 2803 mox
2798 2758 2857 2801 ut
2890 2748 3133 2816 pervenit
3164 2745 3416 2807 eundem,

2040 2846 2097 2900 In
2130 2844 2497 2914 Beringarium
2522 2842 2667 2909 justa
2701 2840 3052 2895 succenditur
3082 2839 3184 2902 ira,

2041 2939 2217 2994 Corde
2248 2953 2409 3006 super
2435 2936 2613 3006 populi
2642 2935 2851 2988 damnis
2882 2946 3120 2986 mmrens
3147 2929 3463 2991 miserandi,

2042 3030 2098 3083 In
2122 3030 2422 3096 meliusque
2444 3035 2643 3081 statum
2667 3027 2733 3057 ³³¹
2757 3026 2964 3080 studuit
2983 3024 3050 3053 ’3'
3074 3030 3390 3076 convertere
3430 3033 3629 3074 rerum.

2046 3122 2113 3174 Et
2144 3120 2346 3174 faceret
2375 3119 2557 3183 citius,
2590 3118 2789 3173 Christi
2821 3116 3117 3170 munimine
3148 3113 3336 3176 fultus,

1972 3189 2015 3248 (ἶ
2051 3211 2105 3263 Si
2142 3226 2246 3263 non
2279 3209 2504 3262 fortunze
2533 3216 2764 3262 restaret
2792 3220 2952 3260 causa
2991 3204 3247 3257 sinistrae.

2051 3301 2294 3369 Namque
2323 3301 2519 3353 decore
2545 3299 2624 3352 sui
2657 3296 2881 3351 ﬂorente
2916 3311 3011 3363 per
3033 3293 3213 3347 omnia
3243 3292 3416 3360 regni,

2050 3394 2185 3446 Cum
2220 3406 2277 3445 se
2307 3391 2563 3459 gauderet
2589 3388 2798 3443 cunctis
2826 3386 3029 3455 fulgere
3061 3382 3336 3447 secundis,

2050 3484 2281 3539 Protulit
2308 3482 2514 3550 antiqui
2547 3489 2803 3534 renovata
2836 3478 2950 3531 lues
2977 3474 3178 3530 inimici

2052 3573 2281 3628 Fraudis
2310 3578 2673 3624 commentum
2704 3568 2911 3621 cunctis
2934 3580 3029 3634 per
3057 3562 3200 3617 sccla
3229 3560 3514 3615 dolendum
3544 3560 3639 3624 ³⁸³,

2054 3663 2169 3717 Jam
2199 3672 2325 3716 tunc
2355 3659 2638 3730 pacificum
2669 3666 2940 3724 temptans
2967 3652 3297 3708 confundere
3328 3666 3569 3722 regnum.

2056 3753 2168 3807 Iloc
2192 3760 2251 3805 ut
2280 3748 2603 3820 quantocius
2630 3754 2816 3816 posset
2843 3752 3060 3813 patrare
3087 3741 3375 3811 malignus,

2058 3841 2226 3911 Regni
2259 3848 2500 3893 rectores
2528 3837 2762 3907 primum
2794 3836 3107 3889 turbaverat
3132 3846 3340 3893 omnes,

2058 3930 2294 3998 Sperans
2324 3928 2600 3981 interitum
2633 3924 2805 3994 plebis
2830 3939 2956 3978 mox
2985 3935 3104 3977 esse
3139 3919 3400 3973 futurum.

2060 4020 2298 4088 Denique
2328 4018 2518 4073 famosi
2554 4026 2712 4071 natus
2748 4017 2891 4085 regis
2916 4012 3198 4069 Liudulfus
3236 4013 3358 4080 (An.
3392 4009 3520 4077 953)

2061 4107 2130 4162 Ut
2160 4107 2412 4176 cognovit
2438 4106 2688 4159 amicitiae
2717 4106 2885 4173 signis
2915 4105 3048 4159 satis
3079 4104 3241 4171 aptis,

2058 4195 2273 4263 Quanto
2302 4195 2558 4265 perfectae
2594 4192 2719 4247 ﬁdei
2751 4193 2941 4247 dilexit
2972 4208 3157 4247 amore

2062 4286 2376 4349 Ilenricum,
2406 4284 2546 4354 regis
2574 4282 2822 4347 fratrem,
2860 4283 3044 4352 regina
3075 4282 3271 4346 fidelis,

2062 4378 2323 4447 Quodque
2353 4392 2464 4431 suae
2495 4375 2616 4429 fidei
2648 4374 2826 4428 studio
2852 4389 2909 4428 se
2938 4372 3175 4428 subdidit
3200 4373 3369 4437 omni,

2065 4468 2324 4538 Tangitnr
2354 4467 2551 4521 interni
2576 4465 2772 4532 jaculis
2801 4475 3010 4520 secreto
3035 4465 3260 4528 doloris,

1986 4529 2036 4588 D
2063 4529 2209 4614 Παυῖ
2238 4560 2314 4611 ira
2345 4529 2591 4619 fervens,
2607 4556 2715 4611 odii
2753 4572 2851 4610 nec
2884 4556 3003 4611 felle
3040 4558 3344 4619 tabescens,

2065 4651 2170 4705 Sed
2199 4664 2360 4719 super
2388 4650 2587 4702 amisso
2616 4661 2757 4701 carae
2795 4646 3074 4715 genitricis
3101 4660 3288 4700 amore

2063 4737 2141 4793 Ex
2172 4739 2299 4808 mgri
2328 4738 2555 4791 latebris
2584 4736 2789 4791 ducens
2827 4736 3059 4805 suspiria
3090 4736 3307 4798 cordis;

2066 4831 2437 4898 Deceptusque
2478 4826 2631 4881 malis
2667 4826 3058 4895 permultorum
3086 4822 3344 4887 suadelis,

2067 4918 2353 4973 Pertimuit
2384 4916 2591 4987 fragilis
2622 4930 2719 4983 pro
2759 4914 3151 4971 consuetudine
3188 4912 3407 4976 mentis,

2070 5007 2221 5075 Quod
2254 5015 2374 5077 post
2403 5020 2513 5059 non
2542 5005 2617 5059 uti
2648 5004 2806 5060 donis
2835 5004 3056 5058 deberet
3083 5003 3309 5059 honoris

2070 5099 2351 5169 Condigni,
2387 5098 2483 5150 sed
2514 5096 2652 5152 forte
2681 5095 2864 5151 locum
2890 5093 3074 5149 subire
3109 5091 3429 5149 secundum.

2147 5190 2299 5243 Vers.
2342 5186 2468 5241 747.

1652 5318 1885 5378 VARIE
1918 5318 2320 5388 LECTIONES.
