4482 5548
798 341 930 394 “67
1329 337 1792 394 HROTSUITHIE
1837 340 1997 395 MON.
2040 338 2548 395 GANDERSIIEIM.
2589 341 2795 394 CARM.
2840 342 2927 396 DE
2962 341 3156 397 GEST.
3201 343 3447 399 OTTON.
3492 344 3527 395 Ι.
3914 345 4049 397 1168

792 454 943 520 Quod
973 453 1088 509 ﬁeri
1117 453 1365 509 Christus
1397 470 1689 524 numquam
1728 454 2065 523 permitteret
2096 468 2300 520 mqnns,
2403 454 2448 508 Λ
2480 453 2757 523 Omncque
2785 456 3034 509 mmroris
3064 455 3273 524 pondus
3299 455 3585 523 cunctique
3613 452 3835 515 doloris,

792 547 846 599 Si
880 553 1048 599 staret
1077 560 1299 615 regnum
1324 546 1469 617 justa
1501 547 1600 600 sub
1629 560 1757 614 pace
1787 546 2047 613 quietum.
2472 546 2621 609 Quod
2656 546 2805 613 prius
2835 546 3071 599 absentis
3097 560 3259 600 causa
3286 545 3519 599 tulerant
3545 546 3798 607 senioris,

788 635 885 687 Ast
915 635 1004 688 ubi
1039 635 1137 689 sub
1172 635 1312 689 tristi
1344 634 1491 689 vultu
1518 634 1814 704 stepissime
1841 633 1979 703 patri
2471 636 2545 688 Ex
2578 638 2757 691 animo
2783 637 3135 705 deponcntes,
3162 637 3524 691 communiter
3546 652 3735 690 omnes

789 722 1117 777 Monstratur
1144 730 1389 785 maestus,
1422 722 1580 778 solito
1607 736 1708 777 nec
1738 737 1886 777 more
1914 735 2154 781 serenus,
2469 725 2695 778 Causam
2727 725 2934 779 lmticize
2961 728 3232 781 duxerunt
3267 744 3385 782 esse
3419 742 3704 797 supremae,

789 813 924 867 Sunt
956 814 1046 883 qui
1077 812 1285 882 decepti
1316 813 1385 845 ’³⁸
1415 813 1682 882 serpentis
1708 810 1897 864 fraude
1924 810 2090 863 dolosi
2120 809 2211 859 ³³⁵.
2253 847 2266 861 .
2303 847 2315 859 .
2352 846 2363 859 .
2470 816 2524 867 Si
2556 826 2673 884 post
2706 832 3000 885 paucorum
3030 817 3356 871 meruissent
3379 831 3507 887 ergo
3533 817 3739 869 dierum

1157 904 1379 974 (Versus
1417 904 1630 975 plurimi
1664 903 2012 970 exciderunt.)
2466 906 2685 971 Cursus,
2715 908 2964 974 promissi
2989 906 3141 974 juxta
3165 909 3430 976 prteconia
3459 908 3570 960 loeti
3604 907 3694 969 ²³⁸,

788 997 891 1053 Sed
930 997 1039 1069 (69)
1071 1012 1177 1067 quo
1208 997 1441 1066 regalem
1469 996 1639 1067 patris
1679 996 1803 1049 hinc
1831 1001 2051 1063 augeret
2082 994 2361 1046 honorem.
2834 998 3056 1067 (Versus
3092 1001 3304 1069 plurimi
3344 1001 3696 1070 exciderunt.)

788 1085 881 1139 llis
915 1100 1006 1139 rex
1033 1086 1322 1154 compertis
1351 1100 1417 1139 ex
1445 1083 1802 1153 prosperitate
1829 1081 2000 1135 ﬁdelis
2027 1082 2135 1148 (an.
2166 1079 2309 1147 957),
2468 1088 2558 1160 [ες

2279 1087 2309 1143 ν.
2468 1088 2640 1161 [Eque
2670 1092 2783 1162 (7i)
2815 1092 2993 1147 ferens
3022 1093 3130 1163 (72)
3178 1102 3447 1161 sceptrum
3479 1093 3671 1160 capitis
3697 1091 4049 1158 diademaun

788 1174 1020 1229 Lzetatns
1046 1175 1232 1244 prolis,
1267 1185 1379 1229 tota
1405 1173 1686 1228 dulcedine
1717 1173 1914 1228 mentis
3146 1180 3449 1251 [pulchrum
3477 1182 3600 1251 (An.
3629 1180 3752 1235 962.
3786 1179 3942 1233 I-‘ebr.
3967 1181 4048 1247 2.)

787 1262 910 1317 llmc
940 1263 1014 1317 illi
1046 1265 1263 1318 mandat
1295 1264 1509 1333 scriptis
1536 1264 1794 1333 extimplo
1826 1263 2067 1317 remissis
2100 1280 2111 1313 :
2468 1273 2642 1339 Atque
2678 1270 2760 1325 sui
2790 1270 2967 1325 cultus
2990 1285 3179 1324 omnes
3212 1269 3416 1338 regales
3443 1270 3691 1333 amictus,

790 1371 808 1401 ε
846 1352 901 1406 In
934 1353 1171 1408 seculum
1204 1355 1370 1409 seculi
1408 1366 1621 1409 maneat
1659 1354 1775 1409 laus
1802 1350 2187 1421 Otnnipotenti,
2469 1359 2703 1415 ornatus
2742 1361 2834 1415 sed
2865 1361 3082 1431 majoris
3109 1361 3177 1391 "9
3209 1362 3446 1430 suscepi;
3480 1360 3701 1414 honoris

784 1442 885 1509 Qui
924 1444 1070 1499 dedit
1100 1445 1150 1498 ill
1186 1445 1349 1499 tantis
1380 1453 1543 1499 temet
1570 1444 1802 1515 gaudere
1828 1443 2102 1506 secundis,
2467 1450 2705 1519 Augusm
2735 1466 2944 1505 summo
2972 1452 3177 1518 pariter
3202 1466 3323 1504 mox
3359 1450 3763 1504 conbenedicla.

780 1535 977 1592 Grates
1006 1537 1181 1606 adque
1218 1537 1311 1591 tibi
1352 1537 1567 1602 dentur,
1597 1535 1878 1590 karissime
1907 1534 2000 1596 ﬁli,
2469 1539 2740 1595 Hactenus
2771 1540 3007 1595 Oddonis
3036 1540 3226 1595 famosi
3262 1542 3491 1609 denique
3519 1541 3661 1612 regis

784 1626 952 1692 Quem
986 1637 1237 1683 constare
1271 1628 1485 1697 quidem
1517 1628 1730 1695 penitus
1755 1638 2020 1694 cognosco
2049 1624 2289 1686 fidelem;
2468 1631 2653 1694 Gesta,
2687 1631 2810 1685 licet
2841 1632 2982 1685 tenui
3015 1632 3161 1686 Musa
3195 1634 3361 1686 cecini
3391 1632 3731 1686 modulando.

783 1716 924 1771 liaut
954 1717 1181 1772 obscura
1213 1726 1315 1771 tuae
1347 1717 1467 1771 ﬁdei
1498 1717 1621 1787 quia
1654 1716 1803 1783 signa
1833 1714 2047 1776 dedisti,
2470 1721 2618 1774 Nunc
2647 1722 2929 1774 scribenda
2958 1721 3170 1789 quidem
3201 1730 3468 1784 constant,
3496 1737 3613 1789 qua:
3640 1720 3841 1775 fecerat
3868 1720 4012 1775 idem

783 1806 915 1860 Cum
943 1822 1039 1876 per
1065 1816 1115 1861 te
1145 1822 1366 1877 regnum
1396 1808 1616 1876 cupiens
1652 1820 1942 1874 augescere
1968 1814 2234 1867 nostrum,
2399 1793 2438 1849 Β
2471 1810 2745 1879 Augustus
2775 1809 2967 1863 solium
2996 1811 3236 1865 retinens
3268 1810 3319 1863 in
3348 1810 3547 1864 vertice
3588 1824 3795 1874 rerum;

784 1897 1017 1968 Signasti
1048 1897 1201 1951 nobis
1231 1897 1433 1967 preprii
1465 1896 1627 1949 decus
1658 1910 1816 1950 omne
1842 1895 2058 1948 laboris.
2469 1897 2710 1968 Tangere
2740 1914 2858 1968 quae
2889 1914 3097 1961 vereor,
3129 1900 3216 1968 qui
3256 1898 3487 1953 femineo
3517 1900 3843 1968 prohibebor

782 1994 918 2046 Hinc
945 2008 1043 2063 ego
1070 1999 1364 2061 gratanter,
1392 2004 1509 2058 quae
1536 1988 1706 2042 feeisli
1735 1988 2025 2056 sapienter.
2469 1993 2642 2055 Sexu;
2680 2007 2777 2045 nec
2804 1992 2892 2045 vili
2926 1992 3121 2046 debent
3148 2006 3395 2045 sermone
3424 1991 3647 2056 revolvi,

778 2083 1083 2152 Accipiens,
1110 2082 1225 2136 vice
1254 2095 1514 2136 conversa
1545 2079 1808 2148 condigna
1837 2078 2093 2148 rependo,
2467 2083 2712 2149 Qualiter
2744 2082 2930 2137 invicti
2962 2082 3096 2136 duro
3129 2081 3420 2136 luctamine
3447 2080 3572 2136 belli

780 2173 892 2226 Hoc
919 2172 1203 2240 ipsumque
1232 2172 1323 2224 tibi
1356 2185 1579 2240 regnum
1604 2170 1883 2225 committo
1908 2169 2222 2238 regendum,
2467 2172 2711 2227 Obtinuit
2736 2182 3048 2227 constructa
3081 2172 3212 2227 locis
3237 2172 3453 2226 castella
3480 2172 3699 2226 marinis
3722 2172 3830 2240 (an.
3860 2171 4009 2242 965),

780 2262 1008 2331 Imperio
1035 2261 1187 2315 subdi
1229 2269 1415 2314 nostro
1443 2261 1584 2328 quod
1621 2258 1971 2314 constituisti.
2466 2260 2594 2327 Quae
2618 2261 2962 2330 Beringarius
2996 2261 3227 2330 conjunx
3268 2260 3507 2329 possedit
3532 2269 3586 2315 et
3610 2260 3744 2329 ejus,

775 2351 1147 2419 Praecipioque
1177 2350 1268 2403 tibi
1303 2349 1486 2419 jussis,
1530 2349 1741 2413 dilecte,
1770 2349 2027 2417 paternis,
2465 2350 2543 2405 Ac
2572 2350 2743 2416 illum,
2768 2350 3078 2419 juramento
3107 2359 3331 2421 cogente
3362 2360 3599 2420 peracto,

780 2440 849 2495 Ut
877 2456 1037 2511 quem
1068 2440 1277 2495 victrici
1307 2440 1559 2511 populum
1591 2440 1781 2495 dextra
1808 2440 2094 2509 superasti,
2467 2442 2610 2497 Misit
2635 2442 2687 2496 in
2705 2442 2923 2496 exilium
2952 2442 3149 2497 misera
3174 2457 3296 2497 cum
3320 2440 3545 2513 conjuge
3571 2442 3729 2497 Willa
3754 2444 3862 2514 (an.
3886 2444 4048 2515 964);

777 2538 993 2605 Absque
1023 2551 1172 2591 mora
1203 2545 1378 2591 tecum
1411 2533 1576 2589 facias
1604 2533 1819 2589 ﬁrmare
1848 2535 2133 2587 tenendum
2466 2533 2706 2601 Qualiter
2733 2543 2787 2588 et
2817 2535 2946 2589 recti
2974 2545 3309 2603 conpunctus
3340 2536 3587 2589 acumine
3615 2536 3713 2590 zeli

778 2628 996 2691 Foedus,
1028 2644 1146 2683 cum
1170 2628 1485 2698 juramento
1514 2636 1777 2682 structum
1810 2624 2114 2679 metuendo.
2159 2643 2177 2674 ι
2468 2624 2747 2678 Summum
2777 2624 3108 2694 pontiﬁcem,
3135 2624 3381 2693 quaedam
3418 2638 3675 2693 perversa
3707 2633 4008 2694 patrantem

778 2720 903 2776 Haec
934 2722 1037 2775 dux
1068 2720 1348 2775 Liudulfus
1376 2721 1591 2775 decreta
1623 2720 1806 2790 legens
1835 2715 2192 2775 venerandus,
2467 2713 2595 2782 Ejus
2624 2729 2723 2767 nec
2750 2714 2970 2768 monitis
3001 2713 3308 2782 dignantem
3342 2714 3537 2767 cedere
3565 2712 3789 2778 crebris,

776 2809 972 2863 Lretior
995 2824 1057 2863 ex
1087 2809 1409 2864 mandalelis
1438 2818 1599 2863 tanta:
1632 2809 1867 2878 pietatis,
2468 2802 2623 2858 Sedis
2651 2802 2956 2872 apostolica:
2990 2801 3228 2857 fraudari
3260 2801 3385 2856 fecit
3415 2803 3643 2867 honore,

775 2898 966 2953 Jussus
984 2914 1111 2953 eum
1147 2898 1457 2968 juramento
1487 2900 1675 2969 religat
1706 2900 1805 2954 sibi
1850 2900 2004 2954 ﬁrmo
2467 2892 2816 2947 Constituens
2842 2892 3027 2956 alium,
3057 2892 3284 2945 rectoris
3315 2893 3532 2945 nomine
3561 2891 3814 2961 dignum;

775 2988 855 3041 Ad
886 2990 1056 3058 patris
1080 2990 1395 3058 obsequium
1424 2990 1677 3059 populum
1702 2990 1857 3060 digne
1884 2990 2285 3045 moderandum.
2466 2983 2708 3049 Qualiter
2732 2992 2785 3037 et
2820 2997 2983 3052 regno
3011 2981 3295 3050 tranquilla
3324 2996 3455 3051 pace
3481 2981 3664 3050 quieto

778 3076 871 3131 llis
901 3079 1035 3132 bene
1060 3078 1352 3146 diSpositis,
1382 3094 1591 3133 summo
1618 3094 1740 3133 cum
1775 3079 1974 3133 ﬁndere
2002 3080 2150 3147 pacis
2390 3112 2434 3173 Ο
2468 3071 2747 3125 Nostrates
2770 3071 2977 3132 adiens,
2998 3069 3105 3124 illic
3131 3069 3437 3139 iterumque
3462 3077 3741 3125 revertens
3765 3074 3873 3139 (an.
3899 3070 4048 3141 986),

773 3167 987 3222 Ardens
1018 3168 1257 3222 absentis
1285 3167 1481 3223 faciem
1517 3169 1779 3223 meruisse
1810 3170 2069 3238 parentis,
2393 3159 2433 3173 ⁹
2468 3159 2684 3214 Necnon
2714 3161 2992 3214 amborum
3023 3160 3260 3214 retinens
3290 3160 3453 3214 decus
3479 3160 3849 3229 imperiorum,

775 3258 1029 3330 Conjngis
1056 3268 1110 3315 et
1137 3260 1282 3314 ltarce
1310 3260 1447 3314 dulei
1482 3260 1725 3315 devictus
1753 3276 1939 3315 amore
2463 3251 2545 3319 Ιρε

1921 3276 1939 3314 3
2463 3251 2634 3319 Ipsius
2670 3250 2873 3318 prolem
2900 3258 3023 3319 post
3057 3250 3203 3303 illum
3229 3249 3338 3317 jam
3367 3250 3691 3314 venientem,

772 3348 851 3401 Ac
875 3346 1042 3415 prolis
1070 3348 1299 3417 gemina:
1330 3347 1440 3417 (70)
1476 3348 1633 3417 longe
1663 3356 1784 3417 post
1827 3356 1973 3419 terga
2002 3349 2070 3379 ³³⁸
2104 3348 2300 3403 rclict:e
2466 3341 2685 3396 Scilicet
2713 3340 3011 3405 Oddonem,
3044 3340 3271 3393 nutricis
3302 3340 3369 3393 ab
3398 3340 3563 3393 ubere
3594 3354 3795 3410 regem,

772 3440 1102 3495 posthabita,
1134 3440 1268 3496 ﬁnes
1298 3442 1485 3511 pan-i3;
1516 3441 1710 3510 ριοουίι
1742 3443 2024 3511 repedare,
2463 3429 2542 3481 Ad
2592 3426 2767 3482 fasces
2824 3427 3117 3496 augustalis
3170 3425 3415 3495 provexit
3465 3426 3686 3480 honoris
3741 3426 3865 3496 (an.
3917 3427 4043 3481 967.

775 3532 890 3598 Quo
917 3540 1039 3601 post
1063 3531 1208 3587 exilii
1240 3531 1449 3601 pondus
1475 3532 1698 3586 nimium
1724 3547 1887 3602 grave
1917 3532 2034 3586 duri
3437 3556 3447 3571 ·
3759 3517 3906 3589 [Det
3930 3517 4050 3589 θεία)

774 3623 962 3678 Posset
985 3624 1420 3692 quandoquidem
1458 3624 1648 3693 patria:
1677 3633 1896 3692 captare
1923 3625 2178 3693 quietem.
2464 3612 2541 3666 EX

1816 3639 1896 3678 ire
1923 3625 2178 3693 quietem,
2464 3610 2831 3680 Exemploque
2863 3610 2945 3665 sui
2974 3609 3132 3691 digne
3164 3607 3291 3663 fecit
3322 3607 3586 3662 benedici.

776 3712 952 3782 thque
979 3713 1123 3768 celer
1154 3712 1377 3767 morulis
1403 3713 1517 3766 haec
1546 3713 1792 3781 impleret
1819 3713 1935 3767 sine
1961 3713 2194 3778 cunctis,
2464 3702 2546 3755 ηεξ

2009 3713 2194 3778 melis,
2464 3702 2589 3756 iltec
2615 3701 2777 3771 igitur
2805 3700 3005 3754 nostris
3031 3710 3305 3767 nequeunt
3335 3698 3592 3767 exponier
3621 3698 3779 3761 orsis,

774 3805 888 3859 Non
920 3806 1023 3859 ίιρι-
1048 3812 1291 3875 optatum
1332 3806 1541 3874 pondus
1568 3806 1862 3859 tardaverit
1891 3805 2078 3871 unum,
2465 3794 2571 3848 Sed
2602 3802 2849 3864 qua'runt
2880 3794 3074 3847 seriem
3106 3792 3263 3859 longe
3292 3790 3392 3843 sibi
3425 3789 3767 3844 nobiliorem.
4034 3872 4039 3876 θ

770 3892 1048 3949 Collectim
1078 3893 1322 3963 proprias
1346 3891 1503 3960 jussit
1535 3894 1859 3962 praemittere
1896 3908 2077 3962 gazas,
2465 3882 2601 3935 ilinc
2629 3898 2727 3953 ego
2751 3882 2840 3945 “°,
2876 3890 3143 3933 tantarum
3172 3878 3492 3948 prohibente
3520 3878 3811 3947 gravedine
3838 3892 4045 3941 rerum,

768 3984 942 4053 ipsius
972 3992 1025 4038 et
1049 3983 1238 4038 faciem
1272 3982 1481 4036 turbam
1506 3982 1810 4052 praecedere
1838 3991 2004 4036 totam
2466 3972 2616 4026 Ultra
2646 3986 2750 4025 non
2781 3970 2972 4051 tendo;
3009 3968 3166 4023 ﬁnem
3198 3968 3292 4023 Sed
3321 3968 3545 4037 provide
3574 3984 3734 4037 pon0,

773 4074 945 4140 Quam
976 4072 1099 4127 hem
1127 4088 1290 4127 causa
1329 4087 1511 4127 secum
1542 4073 1837 4127 deduxerat
1864 4072 1975 4136 ίιιο,
2464 4059 2593 4113 Post
2632 4062 2748 4114 haec
2774 4060 2987 4127 incepto
3015 4074 3083 4112 ne
3112 4056 3457 4112 succumbam
3488 4057 3623 4111 male
3649 4058 3808 4111 victa.

768 4164 1100 4219 Promittens
1133 4164 1327 4232 ipsum,
1358 4164 1467 4217 vita
1499 4163 1808 4226 comitante,
1836 4164 2076 4217 futurum
2465 4150 2538 4203 Hi1

1858 4164 2076 4217 murum
2465 4150 2561 4203 His
2598 4150 2669 4203 ita
2707 4149 2875 4203 ﬁnitis
2905 4156 2959 4201 et
2987 4146 3298 4202 summatim
3331 4146 3628 4216 replicatis,

770 4254 853 4308 Ad
884 4252 1017 4307 ﬁnes
1048 4252 1236 4322 patria:
1267 4252 1424 4321 spatii
1457 4261 1577 4322 post
1605 4260 1844 4322 tempora
1872 4253 2045 4322 parvi.
2466 4240 2536 4294 ES

1913 4253 2045 4306 arvi.
2466 4240 2561 4294 Est
2591 4240 2780 4310 ingens
2809 4238 2950 4309 regis
2972 4238 3145 4306 pietas
3176 4235 3379 4290 oranda
3408 4236 3683 4305 perennis,

774 4343 888 4399 Hoc
918 4358 1131 4414 quoque
1164 4342 1402 4398 melliﬁui
1433 4343 1613 4397 verbis
1639 4344 1944 4413 signaverat
1974 4343 2107 4407 oris,
2466 4331 2544 4397 Qu

2466 4331 2580 4397 Qua
2608 4332 2729 4400 pius
2760 4337 3016 4399 angustos
3054 4328 3121 4358 '“
3152 4336 3372 4398 praestet
3406 4327 3672 4381 deducere
3699 4335 3912 4381 nostros
3938 4326 4046 4395 (73)

770 4433 828 4491 ln
860 4434 981 4502 quis
1014 4433 1272 4497 castellis,
1299 4433 1350 4486 in
1376 4432 1499 4501 quis
1523 4431 1796 4502 voluitque
1826 4432 2026 4487 locellis
2392 4454 2441 4512 ι)
2467 4420 2540 4512 [ηε

1826 4432 2026 4487 ιοεειιίε
2392 4454 2441 4512 D
2467 4420 2724 4512 instantis
2754 4419 2875 4471 vita:
2904 4427 3113 4486 tempus
3142 4416 3375 4512 feliciter
3399 4430 3576 4478 omne,

774 4522 1033 4592 Sumptus
1065 4524 1289 4593 hospicii
1324 4524 1513 4592 dignos
1546 4524 1761 4579 sibimet
1793 4523 2057 4593 reparari.
2392 4506 2429 4512 -
2468 4509 2531 4561 Ει
2565 4508 2725 4562 [ullos
2758 4521 2970 4576 semper
2999 4507 3206 4561 ευηοίίε
3237 4508 3303 4559 ad
3328 4516 3449 4559 νοω
3478 4506 3750 4567 secundis,

773 4616 887 4670 "ac
917 4615 1044 4669 mou
1072 4614 1213 4673 fama
1246 4624 1514 4670 noglmcs
1539 4615 1867 4680 desiderata,
2466 4600 2719 4654 Ecclesiae
2751 4599 2948 4654 multos
2974 4597 3222 4652 custodes
3251 4605 3431 4651 servet
3460 4596 3512 4650 in
3541 4612 3729 4659 annos,

772 4706 980 4763 Amm“,
1022 4710 1202 4763 cordis
1232 4708 1533 4780 gaudebam
1562 4709 1836 4764 interioris
1858 4708 1950 4773 ur,
2465 4688 2630 4743 Nobis
2666 4688 2908 4743 solamen
2940 4688 3131 4742 dantes
3165 4685 3502 4741 clementius.
3535 4686 3727 4740 Amen.

855 4778 1004 4833 l’ers.
1048 4776 1204 4833 H82.
1240 4776 1255 4780 ’
2538 4779 2625 4833 Vel

1126 4776 1204 4833 ΒΞ.
1240 4776 1255 4780 ’
2538 4779 2693 4835 V'ers.
2740 4777 2896 4832 1517.

2040 4871 2265 4925 VARle
2310 4870 2707 4927 LECTIONES.

847 4974 916 5005 ’³⁸
951 4974 1025 5024 ita
1055 4972 1103 5025 i.
1136 4970 1419 5039 deceptum
1458 4968 1624 5023 Celtes
1656 4968 1861 5038 scripsit
1895 4968 2036 5020 bene.
2063 5036 2073 5039 Α
2102 4967 2351 5039 ηυξῂηἱε
2396 4966 2509 5039 [alii
2554 4967 2674 5039 i558.
2724 4962 3012 5039 Quaternio
3044 4962 3335 5039 prosimus,
3365 4975 3467 5029 quo
3499 4974 3592 5039 _res
3622 4975 3883 5039 annorum
3911 4961 4043 5039 955,

775 5044 900 5106 954,
934 5044 1060 5105 955,
1108 5040 1212 5095 956
1242 5029 1287 5093 εἱ
1321 5039 1422 5093 957
1455 5039 1727 5108 descriptae
1759 5029 2151 5108 eranuexcidit
2184 5029 2366 5104 (igitur
2392 5029 2499 5088 388
2549 5035 2757 5108 circiter
2797 5038 3014 5108 versus).
3044 5029 3050 5031 Ἴ
3090 5032 3163 5108 f3“
3202 5040 3451 5108 posterga
3493 5029 3593 5108 ᾗ..
3622 5029 3792 5108 ""itu
3824 5031 3885 5108 2._
3910 5032 4045 5108 intem

774 5096 949 5160 {im-'0:
978 5096 1059 5160 i.'
1103 5111 1172 5142 ’³⁸
1202 5111 1238 5160 i.
1273 5126 1319 5160 e.
1350 5109 1485 5160 Itali:
1527 5096 1719 5159 scilicet
1757 5096 2064 5160 Lindulfum
2099 5096 2337 5160 revisere.
2375 5108 2463 5160 aui
2504 5116 2673 5157 tamen
2706 5104 2787 5154 die
2813 5101 2844 5154 6
2875 5096 3020 5160 Sept.
3050 5102 3161 5160 eius
3189 5096 3313 5154 ᾱηηὶ
3342 5096 3485 5152 obiit.
3520 5096 3657 5151 Hinc
3684 5099 3813 5160 folia
3839 5100 4047 5152 εἰη-ἕξετ’
