4482 5548
375 384 510 439 H69

696 383 785 435 AD
823 379 971 435 OPP.
1013 375 1476 434 IIROTSUITHIE
1511 374 1797 429 APPEND.
1840 373 1993 425 VITA
2036 372 2091 425 ὃ.
2133 369 2583 426 llATllL'MOD/E
2623 368 2773 421 ABB.
2814 366 3201 423 CANDEIKSH.
3244 367 3281 419 Ι.

3477 369 3608 422 H70

2124 579 3590 607 Ἡ

543 739 1331 864 APPENDIX
1422 737 1629 861 AD
1724 730 2238 861 OPERA
2334 734 3445 864 HROTSUITHXE.

967 1126 1313 1242 VITA
1403 1126 1999 1242 SANCT/E
2086 1128 3025 1247 HATHUMOD/E

1282 1335 1515 1403 PRIMA;
1553 1349 1954 1405 ABBATISSE
1995 1349 2705 1413 GANDERSHEIMENSIS.

572 1505 1065 1611 Auctore
1141 1500 1440 1637 Agio
1498 1502 2147 1637 presbytero
2224 1518 2333 1609 et
2419 1506 2952 1613 monacho
3026 1542 3407 1627 cowvo.

1845 1729 2172 1784 ACCESSIT

766 1908 893 2003 DE
951 1905 1233 2006 OBITU
1310 1905 1701 2002 SANGTAE
1777 1906 2422 2004 HATHUMOD/E
2482 1910 2681 2006 AGII
2756 1911 3254 2012 DIALOGUS.

1390 2109 1563 2178 (Apud
1592 2107 1691 2161 Pez
1724 2106 1871 2160 Thes.
1910 2108 2101 2162 Anecd.
2138 2126 2252 2163 nov.
2284 2110 2323 2175 1,
2351 2128 2429 2177 ιιι,
2460 2112 2609 2183 288.)

971 2467 1355 2525 PROLOGUS.

454 2578 849 2633 lionorabiliter
871 2579 1172 2649 diligendis,
1194 2590 1247 2634 et
1276 2578 1603 2650 diligibiliter
1624 2578 1956 2633 honorandis

382 2671 737 2726 sanctissimis
767 2671 818 2723 in
858 2672 1075 2725 Chrile
1103 2671 1612 2726 Gandesheimensis
1642 2672 1955 2725 monasterii

380 2762 655 2818 sororibus
699 2762 896 2830 Agius,
945 2764 1190 2829 quamvis
1235 2762 1483 2833 indignus
1534 2763 1705 2831 gratia
1754 2761 1953 2815 Christi

380 2852 651 2904 sacerdos.
711 2850 978 2917 Quantum
1042 2852 1201 2905 matri
1257 2852 1382 2905 olim
1438 2861 1637 2906 nostra;
1685 2852 1953 2922 spiritali,

380 2952 639 3009 quantum
692 2952 882 2997 vestrae
928 2942 1087 2995 simul
1131 2943 1380 2996 charitati
1424 2944 1735 3006 debeamus,
1777 2942 1957 2996 dicere

382 3047 722 3101 nequaquam
771 3032 1033 3086 valemus.
1081 3032 1267 3085 Dicere
1309 3032 1453 3085 enim
1497 3047 1602 3085 non
1647 3046 1954 3100 possumus,

382 3123 460 3175 vel
485 3123 694 3191 qualem
723 3138 908 3177 omnes
936 3137 1028 3176 vos
1067 3122 1423 3175 communiter
1458 3122 1611 3176 nobis
1637 3123 1957 3177 charitatem

380 3212 635 3267 exhibere
660 3212 1082 3272 consueveritis;
1112 3210 1191 3263 vel
1219 3210 1415 3279 qualia,
1440 3220 1495 3264 et
1520 3221 1716 3280 quanta
1745 3213 1811 3266 ab
1843 3214 1957 3282 ipsa

380 3302 683 3372 specialiter
739 3300 999 3357 beneficia
1057 3300 1329 3356 consecuti
1390 3299 1672 3357 fuerimus.
1723 3301 1956 3358 Proinde

379 3393 505 3461 quia
545 3394 645 3446 hoc
686 3392 887 3446 sanctis
913 3390 1028 3459 ejus
1054 3391 1261 3444 meritis
1290 3392 1507 3461 dignum
1533 3401 1801 3462 putamus,
1832 3393 1956 3461 quia

380 3483 482 3536 hoc
505 3482 661 3536 simul
687 3481 838 3535 vobis
867 3490 1078 3550 gratum
1123 3482 1236 3537 fore
1278 3496 1383 3535 non
1426 3480 1753 3545 dubitamus,
1780 3481 1955 3536 Vitam

380 3575 496 3644 ejus
544 3574 802 3638 breviter,
847 3573 1047 3628 inculto
1094 3574 1218 3628 licet
1266 3586 1531 3637 sermone,
1581 3573 1955 3643 transcriptam

380 3668 533 3722 vobis
568 3668 781 3722 mittere
811 3667 1028 3736 dignum
1054 3668 1337 3731 duximus;
1370 3674 1447 3730 ut,
1479 3666 1624 3733 quia,
1652 3666 1792 3734 quod
1816 3680 1958 3720 sum-

380 3740 598 3825 mopere
644 3757 892 3824 optastis,
940 3756 1049 3825 jam
1099 3770 1217 3809 eam
1262 3753 1615 3823 corporaliter
1661 3754 1852 3807 intueri
1904 3762 1957 3807 et

380 3845 580 3900 habere
607 3861 710 3899 non
739 3846 982 3915 potestis,
1011 3846 1063 3899 in
1087 3846 1195 3898 vita
1216 3844 1502 3913 quamdam
1525 3843 1639 3911 ejus
1669 3844 1954 3913 imaginem

382 3936 633 4001 teneatis,
660 3944 715 3989 et
762 3937 814 3989 in
859 3935 1120 4005 exemplis
1164 3943 1218 3990 et
1254 3935 1460 3989 actibus
1489 3932 1605 4002 ejus
1649 3934 1818 4003 ipsam
1863 3949 1957 3988 vos

380 4025 582 4079 habere
627 4025 845 4093 putetis.
897 4024 1049 4090 Quod
1106 4039 1204 4079 nos
1247 4024 1674 4092 improbabiliter
1717 4022 1957 4079 facturos

382 4129 684 4185 speramus,
721 4116 845 4184 quia
873 4124 927 4169 ct
953 4116 1117 4168 vitam
1147 4114 1264 4183 ejus
1308 4129 1523 4183 magna,
1570 4122 1628 4167 ut
1671 4114 1860 4178 nostis,
1892 4126 1958 4167 ex

381 4215 534 4275 parte
563 4220 902 4269 noveramus,
933 4213 987 4258 et
1013 4204 1320 4260 dormitioni
1347 4217 1559 4272 quoque
1596 4202 1955 4256 interfuimus.

386 4293 536 4348 Unde
570 4292 822 4347 lectorem
853 4294 1027 4361 primo
1053 4292 1293 4347 omnium
1317 4306 1616 4354 monemus,
1644 4299 1703 4344 ut
1726 4291 1955 4356 noverit,

384 4397 481 4435 nos
527 4399 632 4438 non
682 4382 812 4437 falsa
868 4392 959 4436 aut
1006 4382 1163 4437 dubia
1208 4383 1273 4437 de
1317 4397 1381 4437 ea
1410 4397 1531 4436 esse
1560 4382 1819 4447 dicturos,
1866 4382 1959 4437 sed

382 4490 529 4540 vera,
561 4486 615 4530 et
639 4484 805 4539 certa,
832 4484 887 4529 et
914 4475 1164 4529 omnibus
1191 4472 1327 4539 fere,
1357 4474 1448 4543 qui
1479 4488 1597 4527 eam
1624 4488 1783 4528 nosse
1803 4482 1958 4542 pote-

384 4574 530 4630 rant,
579 4574 700 4620 nota
743 4574 1091 4629 narraturus,
1124 4578 1296 4632 neque
1336 4563 1481 4618 enim
1513 4563 1617 4617 alia
1649 4564 1956 4628 scribimus,

383 4671 541 4723 quam
572 4671 690 4724 quae
719 4669 904 4709 onmes
936 4654 1134 4723 passim
1178 4654 1415 4707 minores
1445 4652 1699 4717 clamant,
1731 4651 1960 4719 majores

382 4746 630 4815 probant.
661 4743 718 4799 Si
744 4744 872 4814 quid
902 4754 1081 4798 tamen
1133 4751 1215 4796 est
1242 4742 1386 4811 quod
1415 4742 1481 4795 de
1510 4742 1812 4797 sanctitatis
1840 4741 1959 4811 ejus

385 4836 747 4891 declaratione
774 4837 839 4888 ad
880 4832 1119 4889 omnium
1152 4829 1520 4885 indifferenter
1556 4832 1803 4885 notitiam
1840 4847 1961 4901 per-

387 4926 569 4981 venire
598 4923 855 4993 nequivit,
891 4936 1136 4977 sororum
1165 4935 1283 4988 qute
1307 4920 1354 4973 ei
1380 4918 1701 4973 familiarius
1722 4919 1961 4974 adharse-

384 5025 527 5080 runt,
557 5016 678 5071 fidei
715 5012 1183 5077 committendum,
1212 5020 1267 5065 et
1293 5011 1602 5067 testimonio
1630 5011 1959 5066 credendum

383 5112 701 5173 suademus;
753 5108 966 5179 cognita
994 5105 1191 5173 quippe
1220 5101 1337 5171 ejus
1379 5110 1640 5156 sanctitas
1686 5110 1849 5156 etiam
1892 5103 1958 5157 de

1979 2452 2027 2516 Α

2562 2476 2787 2534 CAPUT
2824 2479 3089 2537 PRIMUM

2061 2578 2411 2668 "af/1.11mqu
2440 2587 2992 2668 amplissimi.nntalcs.
3026 2594 3242 2668 Egregia
3273 2597 3384 2666 ejus
3418 2601 3467 2652 in
3501 2618 3627 2668 pue-

2130 2655 2477 2731 ritianpiel‘att’s
2506 2666 2551 2708 et
2576 2659 2881 2731 eruditionis
2917 2655 3111 2715 διηάέᾶ.
3149 2655 3367 2719 Sacrum
3402 2655 3633 2725 velamen

2128 2722 2181 2801 in
2208 2720 2560 2801 lPar-t/tenone
2609 2725 2952 2801 llerfordensi
2998 2744 3310 2801 susceptum.

2128 2792 2266 2877 inde,
2284 2794 2351 2877 ad
2392 2792 2768 2877 monasterium.
2802 2792 3327 2877 Gaudere/tamenn,
3374 2792 3631 2877 Imjusque

2128 2862 2816 2944 prwfe‘clitra'flatfiumodre
2851 2869 3108 2944 delata‘et
3149 2862 3404 2944 suscepta.
3440 2862 3631 2933 Modus

2129 2930 2326 2983 vivendi
2363 2932 2415 2983 in
2447 2929 2693 2987 Parlhcn.
2729 2934 3120 2993 Ganderslteim.

2130 3058 2370 3128 Denique
2420 3071 2479 3115 ut
2529 3062 2597 3117 de
2650 3065 2976 3134 primoribus
3026 3068 3142 3138 ejus
3194 3082 3495 3142 taceamus,
3541 3080 3633 3147 qui

2060 3162 2248 3202 onmes
2270 3159 2324 3202 et
2346 3165 2412 3204 ex
2442 3160 2665 3219 paterno
2688 3170 2883 3225 genere
2904 3168 2957 3211 et
2988 3174 3053 3213 ex
3080 3168 3324 3215 materno
3349 3164 3635 3221 clarissimi

2061 3234 2297 3303 fuerunt,
2319 3250 2533 3310 quanta:
2555 3245 2694 3313 apud
2726 3245 2977 3301 saeculum
3003 3248 3296 3307 nobilitatis
3319 3265 3503 3311 sancta
3536 3258 3637 3313 ista

2058 3343 2114 3388 et
2148 3336 2582 3406 incomparabilis
2610 3339 2806 3395 femina
2835 3342 3015 3409 fuerit,
3046 3347 3169 3403 hinc
3199 3361 3419 3418 apparet
3445 3370 3458 3406 :
3494 3359 3638 3423 quod

2061 3423 2228 3481 frater
2266 3428 2381 3498 ejus
2424 3445 2608 3500 regum
2640 3444 2855 3503 neptem
2886 3436 2937 3489 in
2968 3440 3309 3496 matrimonio
3342 3446 3523 3511 habet,
3552 3464 3638 3503 so-

2062 3530 2153 3569 ror
2185 3518 2323 3587 regis
2350 3519 2461 3589 regi
2496 3519 2627 3586 filio,
2653 3524 2815 3594 digno
2841 3526 3000 3596 digna
3042 3530 3239 3599 jugalis
3267 3533 3477 3605 conjugi
3514 3536 3638 3605 jun-

2061 3616 2147 3659 cta
2175 3616 2288 3671 est;
2330 3610 2510 3663 επιετί
2553 3610 2690 3665 infra
2721 3615 2974 3681 patriam,
3017 3620 3107 3687 qui
3153 3635 3259 3675 non
3299 3624 3485 3693 majori
3525 3626 3638 3696 glo-

2060 3696 2139 3749 ria
2167 3696 2366 3751 Cbristi
2412 3701 2632 3755 servitio
2662 3704 2950 3773 mancipati
2982 3719 3126 3775 sunt,
3160 3713 3453 3768 secundum
3486 3728 3637 3771 nata-

2062 3785 2188 3839 lium
2220 3787 2531 3856 dignitatem
2565 3791 2974 3851 honestissimas
3020 3802 3233 3870 nuptias
3270 3807 3447 3860 sortiti
3490 3821 3635 3863 sunt.

2061 3875 2223 3932 Pater
2258 3878 2372 3946 ejus
2412 3893 2479 3934 ex
2524 3882 2886 3941 illustrissitno
2923 3889 3196 3948 Saxonum
3226 3911 3435 3966 genere
3452 3901 3643 3955 oriun-

2060 3974 2178 4038 dus,
2209 3975 2316 4029 dux
2355 3977 2699 4035 orientalium
2739 3981 3011 4041 Saxonum
3058 3988 3190 4055 fuit;
3233 4004 3405 4050 mater
3446 4013 3510 4051 ex
3544 4016 3639 4054 no-

2060 4062 2319 4153 bilissima
2358 4082 2510 4136 aeque
2536 4068 2865 4127 Francorum
2906 4079 3155 4148 prosapia
3195 4082 3547 4153 descendens,
3584 4091 3637 4144 iu

2060 4152 2210 4220 prole
2233 4155 2463 4211 nobilior
2489 4156 2723 4225 effulsit;
2767 4163 2879 4232 ipsa
2905 4164 3209 4226 Hathumod
3238 4174 3399 4241 dicta,
3429 4194 3491 4232 ex
3536 4152 3637 4234 bo-

2061 4258 2130 4298 no
2161 4245 2421 4303 bonarum
2454 4251 2705 4307 arborum
2742 4258 2945 4313 semine
2971 4259 3067 4317 flos
3096 4264 3328 4334 primum
3358 4268 3640 4337 jucumlis~

2062 4345 2265 4411 simus,
2323 4351 2677 4407 suavissimus
2726 4360 3068 4424 postmodum
3118 4362 3326 4422 fructus
3375 4374 3635 4428 excrevit.

2063 4444 2340 4514 Siquidem
2381 4453 2665 4519 natalium,
2699 4466 2757 4511 ut
2805 4459 3063 4527 diximus,
3102 4464 3364 4535 dignitate
3417 4473 3642 4527 nobilis-

2061 4538 2196 4633 sima
2240 4543 2439 4633 mentis
2482 4547 2742 4601 sanctitas
2786 4550 3015 4606 nobilior
3056 4553 3189 4619 fuit;
3236 4573 3359 4612 nam
3410 4562 3478 4616 ab
3521 4564 3639 4633 ipsa

2060 4628 2244 4682 statim
2288 4631 2523 4720 pueritia
2573 4637 2862 4703 quamdam
2914 4639 3107 4697 futura:
3162 4644 3359 4703 indolis
3402 4628 3637 4720 speciem

2062 4718 2423 4785 praetendens,
2447 4722 2709 4791 puerilem
2736 4726 3012 4783 lasciviam
3038 4730 3342 4790 Christiana
3372 4718 3641 4807 gravitate

2061 4808 2287 4900 mutavit
2316 4828 2329 4863 :
2358 4811 2520 4900 jocos
2540 4854 2552 4874 ,
2587 4822 2640 4868 et
2684 4816 2931 4875 innoxios
2961 4820 3085 4877 licet
3118 4823 3289 4892 lusus,
3333 4828 3641 4900 hujusmodi

2060 4896 2204 4950 aetati
2238 4896 2565 4967 familiares,
2602 4903 2653 4958 in
2688 4914 2876 4963 tenero
2911 4914 3154 4978 quamvis
3189 4896 3419 4986 corpore
3464 4932 3639 4977 matu-

2062 4996 2189 5052 riori
2220 4998 2403 5055 animo
2444 5012 2502 5057 ut
2533 5019 2697 5060 vanos
2736 5007 2921 5073 irrisit,
2954 5021 3012 5065 ut
3056 5012 3122 5066 ad
3162 5015 3294 5069 nihil
3325 5019 3483 5075 utiles
3510 5035 3641 5077 eou-

2063 5090 2297 5161 tempsit,
2333 5106 2546 5158 aurum,
2576 5104 2630 5151 et
2651 5109 3029 5168 apparaturam
3058 5104 3352 5173 pretiosam
3372 5150 3387 5175 ,
3413 5126 3535 5180 qua:
3567 5114 3620 5167 in
3647 5152 3651 5157 ι

381 5204 563 5258 minus
596 5169 735 5252 uotis
764 5169 1143 5252 dubitare-non
1171 5169 1453 5265 permittit.
1494 5193 1671 5249 Pauca
1706 5194 1868 5265 igitur
1892 5195 1958 5249 de
1985 5169 2029 5230 C
2063 5180 2151 5235 ἶίιη

1892 5195 1958 5249 de
1985 5169 2029 5230 C
2063 5180 2262 5247 fantes,
2302 5191 2489 5252 utpote
2531 5185 2778 5258 pulchra,
2812 5169 3118 5263 quanquam
3160 5169 3477 5256 innocenter
3518 5218 3646 5258 cou-

379 5288 607 5360 singulis
649 5287 1005 5357 attingentes,
1041 5285 1274 5352 primum
1321 5284 1388 5337 de
1430 5298 1626 5353 genere
1672 5284 1955 5339 dicendum

376 5390 629 5404 μ--ιι..-..ιη
688 5387 742 5404 ..1
791 5380 1044 5404 ιιι-..ΑρΛΛΙ
1128 5374 1269 5404 ιιηλιὶ
1349 5373 1413 5404 ῆι.
1463 5372 1587 5404 ηιιῖι.
1620 5376 1823 5404 ..Λα-Ακῖυ
1906 5387 1953 5404 Α.

2064 5273 2343 5343 cupiscant
2364 5314 2378 5339 ,
2412 5291 2589 5349 neque
2624 5282 2969 5351 concupivit,
3002 5300 3176 5356 neque
3210 5287 3410 5348 habere
3439 5293 3647 5360 voluit;

2066 5392 2186 5404 nam
2225 5384 2398 5404 ισΛκΟΑΑ
2450 5394 2579 5404 Α----
2629 5390 2846 5404 κρέα.--
2906 5387 2998 5404 ..-⁸.
