4482 5548
852 349 980 402 ΗῊ

1841 344 1930 397 ΑΙ)
1970 343 2193 399 οΡΕιιΑ
2234 341 2695 398 HltOTSUiTlH‘I
2737 348 3097 403 APPENDIX.

3955 346 4093 399 ΜΗ

848 455 1163 525 dignitatem
1199 454 1374 509 oblata
1403 496 1416 521 ,
1461 454 1734 523 suscipere
1779 463 2081 517 recusavrt;
2133 463 2187 508 et
2234 464 2417 508 contra
2450 459 2497 517 Α
2524 458 2680 511 simul
2711 460 2887 512 cibum
2919 459 3224 527 capiebant,
3253 459 3409 512 simul
3438 458 3803 527 quiescebant,
3836 456 3994 511 simul
4022 460 4093 510 ad

848 545 1176 600 voluntatem
1208 546 1309 599 sibi
1338 546 1611 614 imposita,
1642 547 1799 599 anxie
1832 548 2108 614 ingemuit,
2134 548 2419 599 vehemen-

849 644 932 691 ter
959 634 1124 690 flevit.
1156 634 1415 689 Lcclesiis
1444 632 1667 699 Christi,
1694 636 1816 702 quia
1846 637 1984 703 quod
2014 635 2199 698 voluit,
2221 635 2419 703 jugiter

846 741 953 780 non
993 725 1163 791 licuit,
1191 725 1276 781 vel
1320 724 1650 794 frequentius
1684 725 1959 789 interesse,
2005 735 2058 779 et
2099 726 2169 779 ibi
2221 723 2420 794 aliquid

848 834 957 873 sum
1001 816 1252 871 utilitatis
1296 817 1515 877 audire,
1546 827 1601 869 et
1628 817 1857 870 orationi
1889 817 2195 869 incumbere
2226 816 2421 884 gaude-

846 910 959 963 bat.
989 907 1225 962 Litteras
1252 920 1399 970 vero,
1427 906 1492 959 ad
1517 920 1651 974 quas
1685 906 1772 959 alii
1801 905 2081 958 discendas
2110 905 2422 959 verberibus

849 1007 1134 1070 coguntur,
1168 998 1277 1067 ipsa
1312 998 1554 1052 ultroneo
1581 997 1759 1053 studio
1790 999 2034 1068 appetiit,
2062 998 2422 1067 iufatigabun-

848 1090 914 1143 da
941 1089 1289 1143 meditatione
1315 1088 1591 1143 addidicit.

915 1180 996 1234 Ab
1039 1180 1152 1249 ipsa
1190 1180 1385 1248 quippe
1430 1177 1651 1232 infantia
1703 1194 1911 1233 morum
1954 1193 2134 1234 secum
2181 1178 2421 1248 probitas

846 1271 1048 1336 crevit,
1079 1281 1134 1326 et
1165 1271 1325 1325 simul
1353 1286 1474 1325 cum
1502 1271 1678 1325 aetatis
1708 1282 2103 1334 succremcnto,
2133 1280 2185 1326 et
2215 1270 2422 1324 virtuti-

844 1362 948 1415 bus
978 1374 1037 1415 se
1069 1361 1179 1429 ipsa
1208 1359 1445 1429 quotidie
1474 1358 1643 1425 major
1664 1358 1880 1412 effulsit.
1909 1358 2042 1412 Nam
2085 1375 2203 1413 cum
2247 1358 2421 1412 artatis

842 1463 1101 1519 processu
1135 1449 1420 1518 sapientia,
1446 1457 1500 1503 et
1528 1449 1696 1518 gratia
1733 1449 1871 1517 apud
1905 1447 2071 1501 Deum
2098 1456 2151 1499 et
2179 1448 2422 1500 homines

844 1540 1155 1609 proficiens,
1198 1537 1477 1593 servitium
1526 1537 1727 1591 Christi
1777 1538 1986 1607 pompis
2033 1538 2418 1601 mundialibus,

844 1628 1120 1683 caelestem
1165 1642 1419 1695 sponsum
1468 1627 1763 1690 Christum,
1799 1636 2012 1681 tcrrcno
2048 1641 2244 1695 sponso
2287 1640 2420 1693 pra:-

843 1715 986 1781 tuht;
1012 1716 1240 1783 denique
1267 1714 1592 1783 fulgentibus
1618 1725 1896 1783 parentum
1925 1715 2080 1769 tectis
2102 1714 2415 1767 ancillarum

844 1806 941 1860 Dei
981 1805 1391 1860 contubernium
1436 1816 1788 1872 anteponens,
1828 1820 1951 1858 cum
1996 1813 2280 1873 parentum
2328 1818 2420 1856 vo-

843 1895 1049 1949 luntate
1092 1911 1248 1950 sacro
1283 1895 1550 1949 velamine
1599 1902 1932 1957 consecrata,
1977 1902 2031 1946 et
2078 1890 2419 1945 llerfurdeusi

843 1986 1197 2051 monasterio,
1242 1986 1383 2053 quod
1429 2000 1493 2038 co
1541 1995 1783 2052 tempore
1829 1984 1882 2036 in
1931 1981 2419 2037 sanctimonialium

842 2076 1060 2129 nomine
1091 2075 1511 2129 famosissimum
1555 2084 1691 2139 crat,
1722 2075 1819 2127 sub
1868 2072 2098 2143 regulari
2143 2072 2420 2140 disciplina

842 2166 1127 2220 nutrienda
1167 2165 1474 2234 aliquandiu
1506 2164 1878 2219 commendata
1907 2173 2007 2217 est.
2037 2162 2203 2228 Quem
2243 2163 2419 2216 locum

843 2255 1095 2325 deinceps
1137 2265 1338 2325 quanta
1383 2256 1646 2309 charitate
1688 2255 1965 2319 dilexerit,
2012 2264 2213 2323 quanta
2266 2270 2418 2309 reve-

842 2348 1014 2401 rentia
1047 2348 1267 2417 dignum
1307 2347 1649 2412 judicaverit,
1682 2361 1787 2399 non
1836 2346 1991 2400 faetlc
2029 2347 2209 2399 verbis
2254 2346 2421 2415 expli—

842 2452 968 2492 care
998 2436 1257 2490 valemus.
1298 2434 1430 2487 Nam
1471 2449 1593 2488 cum
1636 2433 1950 2502 plerumque
1980 2450 2101 2487 cum
2142 2434 2422 2487 familiari-

840 2528 941 2582 bus
971 2525 1081 2580 suis
1111 2524 1356 2592 loquens,
1388 2522 1503 2591 ejus
1540 2523 1643 2575 loci
1678 2523 2005 2575 mentionem
2038 2522 2274 2585 fecisset,
2301 2524 2418 2576 fcli-

843 2630 960 2672 cem
990 2631 1046 2667 se
1072 2614 1187 2667 fore
1211 2612 1442 2673 diccbat,
1469 2611 1512 2665 si
1544 2612 1738 2664 iterum
1762 2612 1859 2663 sub
1886 2610 2170 2664 abbatissa:
2197 2612 2422 2679 imperio

841 2710 922 2759 eis
974 2707 1237 2759 interesse
1288 2711 1619 2766 mereretur;
1672 2700 2000 2765 feliciorem,
2054 2703 2097 2754 si
2146 2718 2419 2770 nunquam

842 2794 967 2848 inde
993 2793 1338 2847 avelleretur.
1373 2792 1778 2845 Recordabatur
1804 2790 2000 2860 quippe
2036 2789 2200 2844 facies
2226 2801 2276 2845 ct
2308 2791 2423 2843 vul-

843 2895 927 2941 tus
954 2885 1310 2955 singularum,
1338 2893 1392 2937 et
1421 2884 1660 2936 omnium
1691 2897 1868 2936 mores
1904 2891 2028 2934 ante
2055 2882 2237 2934 oculos
2271 2896 2423 2935 revo-

840 2978 1027 3039 cabat;
1060 2974 1217 3042 hujus
1245 2975 1590 3037 charitatem,
1622 2973 1737 3040 ejus
1766 2971 2119 3024 humilitatem
2150 2971 2419 3034 laudabat;

841 3069 986 3122 illam
1035 3066 1337 3121 obcdientia
1387 3065 1609 3132 praeire,
1660 3064 1799 3116 hanc
1850 3062 2107 3130 patientia
2164 3071 2420 3128 praestare

840 3157 1084 3220 dicebat;
1126 3156 1179 3208 in
1224 3169 1328 3207 una
1374 3153 1707 3221 largitatem,
1749 3153 1798 3203 in
1841 3150 2005 3202 altera
2037 3149 2418 3201 abstinentiam

841 3248 1172 3311 mirabatur;
1215 3246 1455 3299 omnium
1494 3259 1623 3297 vero
1669 3245 1720 3297 in
1764 3242 2035 3295 conununi
2082 3241 2422 3304 molestiam,

841 3345 1097 3412 pietatem
1146 3348 1311 3407 atque
1367 3337 1682 3406 pudicitiam
1739 3336 2089 3404 praedicabat.
2144 3334 2243 3387 Ubi
2299 3335 2425 3386 dum

841 3434 1167 3505 aliquandiu,
1201 3443 1259 3486 ut
1282 3432 1538 3494 diximus,
1565 3427 1864 3481 instruendi
1890 3427 2065 3495 gratia
2089 3433 2421 3478 commorata

839 3529 1103 3583 bonorum
1153 3524 1426 3585 omnium,
1458 3529 1718 3591 quantum
1764 3520 1814 3572 in
1865 3519 1978 3588 ipsa
2026 3527 2184 3571 mtate
2227 3519 2420 3586 potuit,

842 3617 1052 3671 cunctis
1075 3614 1377 3683 exemplum
1411 3612 1667 3672 dedisset,
1696 3620 1977 3677 postquam
2006 3616 2231 3675 pateret
2256 3616 2429 3661 mater

842 3703 907 3755 de
930 3700 1123 3761 Roma,
1165 3714 1270 3766 quo
1301 3696 1487 3749 orandi
1531 3709 1693 3747 causa
1735 3694 1929 3753 ierant,
1958 3708 2081 3745 cum
2132 3692 2424 3760 apostolica

842 3792 1219 3846 benedictione
1260 3787 1522 3856 regressi,
1566 3796 1619 3838 et
1665 3794 1853 3838 sancto
1895 3784 2054 3837 Petro
2099 3782 2427 3853 familiaeque

843 3882 1014 3935 sancti
1048 3878 1193 3933 Petri
1222 3893 1343 3931 cum
1373 3876 1621 3929 erunibus
1650 3875 1762 3927 suis
1792 3874 2176 3938 commendati,
2208 3883 2424 3928 sancto-

841 3991 963 4030 rum
1015 3987 1242 4041 corpora
1294 3984 1443 4037 papa:
1517 3967 1787 4021 Anastasii
1834 3976 1888 4019 et
1931 3966 2223 4019 Innocentii
2276 3982 2426 4035 papae

844 4062 1270 4124 transtulerunt;
1315 4060 1490 4112 denuo
1524 4066 1772 4111 revocata
1812 4057 1862 4108 iu
1905 4056 2258 4120 monasterio,
2284 4056 2426 4124 quod

844 4158 897 4211 in
943 4156 1160 4226 propria
1210 4155 1523 4210 ltrcreditate
1570 4152 1847 4205 fundatum
1885 4150 2108 4203 Domino
2140 4158 2188 4202 et
2222 4149 2424 4202 eisdem

844 4251 1048 4305 sanctis
1086 4248 1446 4309 tradiderunt,
1490 4263 1609 4300 cum
1651 4246 1943 4314 apostolica
1992 4246 2334 4308 auctoritate,
2375 4253 2428 4298 ct

844 4343 1079 4411 episcopi
1114 4341 1194 4394 sui
1224 4339 1598 4393 benedictione
1634 4339 1811 4407 primo
1840 4338 2209 4406 paucioribus,
2236 4338 2426 4390 deinde

2522 546 2817 599 canonicos
2849 561 3040 600 cursus
3071 546 3261 600 orandi
3307 545 3438 600 hora
3471 546 3892 607 conveniebant,
3932 546 4093 597 simul

2521 634 2897 701 egredientes,
2961 635 3103 704 quod
3163 636 3494 704 operaudum
3547 644 3662 689 erat
3710 634 4088 703 operabantur.

2521 720 2749 776 Cellulas
2801 725 2940 778 intra
2990 726 3285 779 claustrum
3344 726 3588 795 proprias
3637 734 3729 778 aut
3785 726 4093 779 servitrices

2522 811 2649 865 nulli
2676 813 2873 868 habere
2904 815 3112 869 licebat.
3143 816 3305 869 Extra
3334 817 3384 869 in
3407 816 3587 869 villula
3616 817 3733 870 ideo
3758 815 4089 877 habitabant,

2521 904 2645 972 quia
2694 907 2919 960 necdum
2956 908 3035 961 eis
3082 922 3145 961 ex
3193 918 3345 977 parte
3398 909 3587 963 matris
3634 908 3889 977 spiritalis
3924 909 4092 961 vesti-

2524 1004 2700 1048 menta
2731 1006 2949 1065 propter
2979 1012 3158 1051 rerum
3187 998 3621 1052 insulIicientiam
3647 999 3928 1062 dabantur;
3961 1013 4092 1066 pau-

2521 1086 2822 1155 perioribus
2858 1104 2978 1158 qua:
3018 1090 3231 1145 aliunde
3263 1090 3461 1144 habere
3510 1104 3613 1143 non
3661 1098 3930 1157 poterant,
3979 1088 4093 1155 ipsa

2523 1178 2865 1232 ministravit.
2922 1178 2967 1232 Α
3011 1181 3143 1235 viris
3192 1190 3336 1235 tanta
3384 1181 3653 1250 separatio
3691 1192 3843 1244 erat,
3891 1189 3949 1233 ut
3994 1194 4095 1233 nec

2523 1270 2824 1337 presbyteri
2854 1270 3092 1338 quidem,
3124 1271 3225 1324 nisi
3256 1271 3584 1325 inﬁrmitatis
3607 1270 3899 1324 necessitas
3925 1283 4092 1338 popo-

2523 1358 2734 1421 scisset,
2773 1357 3064 1412 claustrum
3100 1374 3285 1414 earum
3325 1360 3754 1428 ingrederentur,
3786 1368 3877 1411 aut
3916 1358 4094 1425 aliqua

2524 1449 2858 1503 rationabilis
2882 1452 3173 1504 secundum
3198 1450 3355 1505 ofiicii
3381 1465 3567 1505 eorum
3593 1450 3943 1503 ministerium
3967 1465 4095 1502 cau-

2522 1558 2581 1596 sa
2613 1543 3010 1612 postulavisset.
3046 1544 3168 1600 Haec
3204 1554 3331 1599 sunt
3362 1560 3481 1614 quae
3518 1546 3597 1599 eis
3640 1545 3749 1600 fere
3792 1545 4094 1599 communia

2521 1646 2642 1684 cum
2676 1633 2885 1687 czeteris
2919 1633 3088 1687 fuere.

3148 1742 3374 1797 CAPUT
3414 1743 3475 1796 ll.

2454 1791 2495 1849 Β
2528 1826 2880 1882 11αιΙιιιηιοᾱω
2921 1831 3022 1883 vita
3071 1833 3392 1894 communis,
3436 1831 3685 1883 modestia
3739 1832 3793 1882 in
3841 1847 4135 1891 sermonm.

2594 1898 2725 1975 victu
2747 1937 2760 1961 ,
2795 1900 3002 1951 vestitu.
3044 1897 3285 1952 Studium
3324 1900 3595 1966 orationis,
3628 1902 3935 1968 benignitas,
3972 1900 4098 1951 cltu-

2593 1976 2741 2029 rttas,
2775 1978 2871 2019 clc.

2594 2077 2870 2146 Siquidem
2912 2079 3011 2133 ista
3042 2078 3221 2132 omnia
3260 2094 3363 2132 non
3413 2078 3585 2132 solum
3632 2077 3960 2146 adimplet-it,
4006 2077 4101 2129 sed

2520 2170 2681 2221 etiam
2715 2170 3044 2237 superatuit.
3077 2168 3209 2221 Nam
3240 2168 3313 2221 ita
3358 2183 3698 2223 connuunem
3727 2182 3848 2220 cum
3890 2168 4100 2220 caeteris

2524 2258 2686 2311 vitam
2717 2268 2770 2311 et
2801 2258 2996 2311 victum
3032 2258 3282 2321 habebat,
3308 2266 3387 2319 ut,
3413 2272 3533 2310 cum
3558 2256 3735 2310 carnis
3761 2270 3909 2308 esum
3938 2256 4102 2309 certis

2523 2349 2743 2411 diebus,
2794 2358 2848 2403 et
2891 2350 3108 2402 statutis
3150 2349 3480 2417 temporibus
3532 2348 3661 2415 ipsis
3699 2362 3803 2400 non
3856 2356 4099 2414 negaret,

2522 2440 2623 2493 sibi
2669 2454 2773 2492 non
2807 2438 3138 2507 indulgeret;
3174 2439 3243 2491 ita
3273 2437 3607 2491 consimilem
3650 2437 3888 2489 habitum
3931 2436 4103 2488 babe-

2522 2530 2633 2593 bat,
2666 2537 2741 2593 ut,
2770 2544 2890 2583 cum
2929 2545 2956 2582 a
2988 2530 3153 2582 laneis
3184 2528 3349 2599 [cod.,
3378 2526 3554 2596 lineis]
3598 2528 3659 2580 ad
3693 2540 3910 2579 carnem
3942 2525 4105 2577 vesti-

2524 2621 2742 2683 mentis,
2765 2619 2808 2672 si
2834 2634 2952 2687 qua:
2980 2618 3081 2672 hoc
3101 2618 3316 2681 vellent,
3342 2618 3475 2671 alias
3497 2626 3725 2681 arceret,
3754 2617 3862 2685 ipsa
3891 2615 4104 2668 laneum

2525 2709 2767 2763 haberet.
2816 2708 2983 2762 Porro
3009 2724 3129 2761 cum
3162 2708 3461 2777 hospitibus
3508 2708 3607 2761 nisi
3642 2708 3694 2759 in
3732 2706 3957 2760 ecclesia
3998 2718 4105 2757 noa

2525 2800 2861 2869 loquebatur,
2898 2800 2998 2853 nisi
3048 2800 3186 2853 forte
3233 2799 3584 2852 humanitatis
3630 2796 3802 2866 gratia
3848 2811 3970 2847 cum
4020 2795 4106 2849 his

2526 2888 2833 2943 rcfectionis
2863 2899 3100 2956 tempore
3125 2904 3242 2942 eam
3275 2904 3393 2943 esse
3430 2887 3772 2957 postulasset.
3805 2886 3882 2938 Ad
3914 2898 4106 2953 paren-

2529 2991 2627 3044 t's,
2667 2990 2758 3033 aut
2796 2981 3164 3048 possessiones
3214 2978 3482 3046 subiectas
3529 2991 3839 3046 nunquam,
3884 2990 3951 3027 ex
3999 2990 4106 3043 quo

2470 3122 2489 3138 η
2528 3072 2649 3126 illuc
2682 3072 2847 3135 venit,
2877 3088 3092 3142 egressa
3124 3082 3234 3135 est;
3268 3080 3421 3125 extra
3468 3068 3851 3123 monasterium
3884 3083 3988 3119 non
4026 3064 4107 3116 di-

2528 3180 2648 3219 cam
2678 3180 2798 3217 cmn
2833 3164 2969 3225 viro,
3004 3164 3095 3217 sed
3124 3179 3243 3215 cum
3288 3162 3436 3215 nullo
3466 3175 3687 3229 prorsus
3716 3156 3977 3219 comedit;
4022 3156 4106 3206 in-

2530 3266 2609 3309 tra
2658 3256 3041 3308 monasterium
3064 3296 3077 3318 ,
3113 3255 3234 3308 licet
3267 3255 3367 3307 hoc
3397 3253 3602 3316 liceret,
3640 3264 3744 3304 non
3772 3250 3825 3301 in
3861 3248 3963 3300 alio
3991 3246 4109 3299 loco

2528 3362 2687 3417 quam
2732 3349 2783 3400 in
2814 3346 3085 3402 communi
3120 3344 3405 3399 refcctorio
3440 3342 3768 3395 manducare
3803 3338 4105 3391 consuevit.

2526 3439 2603 3491 ita
2633 3453 2753 3490 cum
2780 3437 2991 3489 caeteris
3018 3434 3083 3487 ad
3115 3431 3399 3487 ecclesiam
3438 3432 3569 3483 hora
3598 3428 3785 3483 orandi
3818 3424 4107 3480 convenie-

2527 3529 2641 3585 bat.
2672 3537 2731 3580 ut
2762 3534 2851 3578 aut
2881 3525 3071 3594 prima,
3106 3533 3197 3576 aut
3225 3523 3365 3575 inter
3393 3522 3595 3589 primas
3626 3518 3853 3578 veniret,
3894 3524 4107 3583 postre-

2529 3634 2613 3673 ma
2662 3617 3039 3685 egrederetur;
3090 3614 3159 3666 ita
3210 3626 3329 3665 cum
3372 3609 3581 3663 caeteris
3631 3608 3682 3660 in
3720 3605 3903 3660 eadem
3949 3604 4110 3656 domo

2529 3706 2846 3768 dormiebat,
2882 3714 2940 3757 ut
2982 3704 3047 3757 ad
3095 3703 3290 3755 lectum
3325 3710 3593 3770 postrema
3621 3698 3847 3759 veniret,
3881 3694 4111 3748 delecto

2528 3795 2697 3864 prima
2721 3802 2985 3862 surgeret.
3030 3791 3352 3845 Servitrices
3383 3790 3519 3841 intra
3552 3785 3938 3839 monasterium
3969 3783 4112 3835 sicut

2529 3898 2752 3943 caeteras
2782 3887 2979 3940 habere
3006 3885 3197 3946 noluit,
3226 3883 3302 3937 sic.
3330 3884 3442 3951 ipsa
3472 3896 3576 3934 non
3608 3880 3794 3933 habuit
3821 3896 3833 3931 :
3863 3871 4113 3931 studebat

2530 3994 2761 4045 namque
2809 3986 2994 4029 sancta
3032 3983 3088 4026 et
3130 3974 3239 4026 Deo
3284 3972 3479 4026 dilecta
3516 3969 3712 4023 femina
3740 4008 3754 4029 ,
3806 3967 3944 4020 sicut
3990 3966 4110 4019 loco

2528 4068 2844 4127 excellebat,
2880 4057 2951 4119 ita
2990 4074 3041 4118 et
3077 4065 3183 4117 vita
3226 4071 3506 4131 praestare,
3539 4059 3784 4111 studebat
3833 4057 3969 4109 sicut
4010 4069 4109 4106 no-

2531 4160 2696 4219 mine,
2731 4157 2798 4208 ita
2828 4164 2882 4207 ct
2910 4154 3115 4206 meritis
3144 4150 3438 4213 excellere;
3468 4157 3522 4201 et
3548 4146 3744 4199 ideirco
3770 4143 4111 4197 nocturnales

2531 4256 2722 4302 cantus
2748 4244 3065 4314 praevenire,
3096 4250 3215 4310 post
3241 4236 3584 4292 matuliuales
3616 4236 3841 4304 hymnos
3865 4229 4109 4300 vigilare,

2531 4350 2583 4395 et
2631 4339 2783 4408 plura
2829 4334 3130 4404 hujusmodi
3162 4333 3262 4387 alia
3308 4344 3491 4399 agere,
3538 4343 3657 4397 qua:
3686 4325 3891 4379 caeteris
3923 4322 4108 4381 ardua,

842 4434 1086 4504 pluribus
1117 4432 1395 4487 sororibus
1430 4439 1513 4484 est
1556 4438 1727 4481 mater
1765 4428 2020 4495 spiritalis
2050 4436 2105 4481 et
2143 4427 2333 4490 electa,
2372 4434 2427 4477 et
2460 4466 2503 4523 υ
2532 4431 2631 4500 ipsi
2682 4438 2899 4499 propter
2949 4424 3392 4482 consuetudinem
3454 4430 3508 4474 et
3559 4418 3782 4472 nimium
3842 4415 3893 4468 in
3941 4413 4111 4467 Deum

844 4525 1161 4578 constituta.
1194 4520 1296 4575 Ubi
1340 4535 1462 4575 cum
1498 4519 1880 4573 consororibus
1914 4518 2026 4573 suis
2053 4528 2252 4586 quanta
2284 4525 2428 4586 post-

848 4615 1064 4667 modum
1120 4611 1363 4681 corporis
1416 4611 1698 4673 castitate,
1756 4618 1957 4679 quanta
2000 4608 2196 4662 mentis
2236 4608 2435 4660 vixerit

847 4706 1157 4771 sanctitate,
1201 4718 1309 4756 non
1346 4712 1430 4755 est
1466 4709 1661 4754 nostra:
1702 4698 1972 4752 facultatis
2010 4696 2276 4750 evolvere.

917 4795 1235 4853 Communis
1272 4794 1511 4847 omnium
1549 4792 1674 4852 vita,
1709 4791 2013 4845 communis
2044 4791 2239 4851 victus,
2276 4787 2432 4840 babi-

847 4878 934 4944 tus
969 4884 1266 4941 censimilis
1305 4892 1449 4945 erat,
1486 4882 1577 4951 qui
1627 4889 1802 4934 tamen
1842 4880 2158 4941 mediocris,
2198 4893 2298 4931 nec
2344 4878 2431 4930 ni-

848 4980 1017 5034 mium
1048 4977 1256 5031 scilicet
1294 4975 1488 5037 cultus,
1523 4987 1620 5026 nec
1655 4971 1942 5025 admodum
1982 4970 2120 5035 vilis,
2151 4985 2325 5039 neque
2364 4985 2429 5023 ex

849 5072 1060 5138 integro
1090 5068 1276 5119 laneus
1302 5074 1439 5118 erat.
1474 5064 1712 5129 Quarum
1753 5062 1898 5115 nulla
1929 5077 2049 5114 cum
2096 5062 2428 5131 parentibus,

851 5174 945 5216 aut
975 5158 1305 5231 quibuslibet
1337 5156 1641 5225 hOSpitibus
1670 5164 1763 5207 aut
1791 5153 2168 5214 manducabat,
2202 5160 2295 5204 aut
2330 5152 2431 5204 nisi

854 5254 1121 5326 permissa
1147 5250 1491 5318 loquebatur;
1527 5246 1704 5301 nullus
1741 5244 2025 5313 cuiquam,
2063 5243 2204 5311 quod
2244 5242 2432 5310 pleris-

847 5363 952 5420 que
1006 5344 1509 5402 sanctimonialibus
1555 5355 1671 5394 mos
1706 5348 1821 5406 est,
1856 5347 2006 5391 extra
2046 5337 2431 5390 monasterium

852 5449 946 5494 aut
976 5439 1040 5493 ad
1070 5446 1347 5509 parentes,
1392 5444 1483 5488 aut
1529 5431 1896 5502 possessiones
1942 5427 2217 5496 subjectas
2256 5443 2436 5497 egres—

1266 5540 1531 5548 ...Μαι-ιΑἏΙ
1564 5521 1869 5548 _-P_.na:nn:n
1902 5520 2114 5548 Jnvnn-n
2141 5518 2221 5548 ‘vn'
2248 5520 2433 5548 ιιιιιιηιιι

2538 4535 2778 4577 amorem
2810 4518 3043 4586 jocunda
3088 4513 3395 4576 admodum,
3427 4520 3481 4564 et
3513 4523 3732 4578 prorsus
3763 4505 3936 4559 facilia
3966 4503 4112 4556 vide-

2538 4615 2751 4669 bantur.
2789 4609 3111 4665 Meminebat
3141 4605 3281 4675 quod
3323 4612 3459 4669 erat,
3487 4600 3814 4655 meminebat
3854 4597 3997 4667 quod
4032 4596 4115 4648 di-

2539 4705 2789 4768 cebatur;
2823 4700 3095 4770 cogitabat
3126 4711 3182 4750 se
3200 4707 3427 4749 matrem
3455 4701 3718 4754 vocatam,
3747 4688 4016 4759 cogitabat
4055 4702 4114 4741 se

2539 4785 2823 4848 abbatissm
2854 4789 3070 4844 nomine
3116 4785 3344 4847 censeri,
3380 4793 3435 4837 et
3480 4782 3601 4836 ideo
3644 4779 3898 4849 prodesse
3942 4779 4115 4845 magis

2539 4900 2700 4953 quam
2741 4897 2971 4953 praeesse
3002 4877 3299 4949 gaudebat,
3335 4884 3391 4929 et
3429 4873 3597 4927 amari
3642 4872 3818 4941 potius
3850 4884 4007 4937 quam
4050 4870 4115 4921 ti-

2537 4976 2672 5030 meri
2724 4973 2992 5041 cupiebat.
3025 4968 3254 5021 Proinde
3285 4964 3528 5035 cogitans
3556 4977 3612 5016 se
3643 4976 3745 5014 non
3795 4969 3901 5013 tam
3941 4957 4113 5010 bono-

2538 5080 2651 5119 rem
2693 5078 2852 5130 quam
2882 5074 3017 5114 onus
3057 5058 3380 5125 suscepisse,
3425 5054 3553 5108 nulli
3598 5049 3882 5121 aliquando
3913 5045 4116 5114 aliqu'd

2539 5153 2819 5207 interdixit
2845 5152 2986 5219 quod
3032 5151 3144 5220 ipsa
3191 5148 3436 5211 fccisset;
3473 5145 3600 5198 nulh
3637 5142 3832 5211 aliquid
3862 5137 4117 5209 praecepit

2540 5242 2678 5313 quod
2713 5244 2824 5312 ipsa
2866 5242 3017 5310 prius
3047 5255 3149 5294 non
3191 5239 3568 5307 adimplesset;
3617 5235 3690 5288 ita
3738 5232 4008 5300 subjectos
4046 5228 4116 5281 ad

2540 5336 2674 5389 bene
2718 5332 2983 5402 agendum
3030 5330 3183 5385 factis
3218 5330 3395 5399 potius
3426 5328 3537 5383 suis
3575 5334 3631 5381 et
3677 5319 3935 5391 exemplis
3981 5317 4117 5371 inei-

2542 5434 2681 5487 taus,
2708 5437 2869 5493 quam
2898 5420 3175 5489 disciplina
3204 5434 3421 5487 cogens.

2614 5516 2755 5548 Tn':e
2810 5521 2921 5548 om!
2972 5528 3065 5548 nm
3119 5510 3291 5548 nlletlic
3339 5525 3532 5548 nnora'
3577 5508 3699 5548 In“:
3726 5521 3903 5548 nmina.
3939 5504 4119 5548 nnnlis
