4482 5548
870 440 1009 493 1475

1856 438 1947 492 AD
1986 438 2207 491 OPERA
2245 433 2711 488 llROTSUl'l‘ll.E
2750 433 3113 487 APPENDIX.

3986 436 4125 492 1176

871 568 1025 608 suam
1055 568 1175 607 cum
1202 553 1430 621 quodam
1473 552 1811 605 familiarium
1851 566 2067 605 suorum
2112 551 2439 617 loqueretur,
2474 555 2517 609 Α
2548 546 2731 608 rebat,
2776 544 3022 597 similiter
3062 546 3507 613 interpretaretur
3533 584 3547 609 ,
3592 544 3744 614 longe
3789 554 3963 599 tamen
4019 546 4120 599 sibi

869 645 1011 697 inter
1058 642 1341 696 familiaria
1394 659 1512 711 qua:
1557 658 1676 696 cum
1726 658 1790 697 eo
1860 642 2088 695 habebat
2136 641 2397 708 colloquia
2425 682 2439 705 ,

866 731 1028 783 etiam
1071 732 1381 785 monasterii
1412 732 1492 784 sui
1524 740 1721 785 statum
1770 732 2118 784 teuerrimum
2164 730 2442 799 deplorare

866 819 1067 885 coepit;
1115 818 1180 872 ad
1232 819 1373 888 quod
1422 835 1542 873 cum
1594 820 1680 874 ille
1722 821 1966 874 diceret:
2010 821 2275 875 Teucrum
2325 823 2442 891 qui-

865 906 987 960 dem
1041 922 1163 961 cum
1214 923 1371 972 esse,
1423 909 1516 962 sed
1572 909 1663 963 Dei
1715 912 1883 978 gratia
1937 911 2185 975 bonum;
2234 912 2299 965 de
2345 912 2439 964 bo-

865 995 1034 1048 nitate
1078 995 1170 1049 Dei
1223 1010 1341 1051 esse
1388 998 1642 1064 positum,
1683 1007 1973 1067 potestate,
2031 1010 2085 1053 et
2138 1001 2441 1055 miscricor-

865 1082 950 1135 dia
994 1084 1286 1152 respondit,
1343 1086 1443 1139 sibi
1500 1095 1675 1140 tamen
1725 1087 1825 1142 hoc
1870 1090 2084 1157 penitus
2136 1088 2438 1158 displicere,

864 1172 1007 1239 quod
1063 1173 1287 1226 necdum
1344 1175 1506 1241 regia:
1566 1176 1777 1229 tuitioni
1828 1177 2230 1231 commendatus
2274 1190 2437 1233 esset.

863 1262 1103 1330 Cumque
1158 1264 1242 1317 ille
1288 1280 1502 1318 rursum
1549 1266 1770 1331 diceret,
1814 1268 1913 1321 hoc
1955 1267 2180 1323 Domino
2229 1270 2441 1323 volente

864 1352 1023 1406 citius
1075 1353 1466 1408 emendandum
1514 1355 1664 1419 fore,
1710 1368 1995 1425 utrumque
2036 1368 2089 1413 et
2133 1359 2438 1427 episcopum

861 1458 1019 1497 suum
1052 1444 1154 1499 illis
1181 1445 1409 1509 fidelem,
1443 1455 1497 1499 et
1526 1446 1843 1501 familiarem
1882 1462 2021 1513 esse,
2062 1449 2213 1517 cujus
2253 1464 2439 1519 sugge-

861 1535 1037 1588 stione
1091 1536 1191 1589 hoc
1239 1538 1351 1590 fieri
1409 1546 1609 1604 posset,
1666 1545 1720 1591 et
1767 1547 2038 1606 parentes,
2096 1552 2151 1593 et
2195 1539 2329 1592 alios
2386 1540 2436 1592 in

859 1623 1057 1691 palatio
1107 1624 1288 1677 lidelcs
1342 1639 1460 1677 eam
1503 1624 1699 1679 habere
1740 1664 1754 1689 ,
1800 1627 1889 1692 qui
1937 1640 2089 1679 suam
2141 1627 2339 1695 optime
2385 1628 2437 1679 in

861 1714 963 1767 hoc
1016 1714 1343 1767 voluntatem
1398 1724 1451 1768 ct
1498 1714 1751 1782 adjuvare
1793 1725 2049 1783 possent,
2098 1727 2153 1770 et
2193 1716 2434 1770 vellent:

859 1816 980 1856 sese
1025 1818 1238 1871 quoque
1288 1804 1356 1856 ita
1407 1804 1629 1858 credere
1656 1806 1749 1865 ait,
1795 1805 1960 1870 ipsam
1999 1814 2175 1857 tamen
2205 1806 2270 1858 ad
2310 1808 2430 1869 hoc,

2544 637 2686 689 aliud
2713 635 3013 699 videbatur,
3038 644 3198 703 atque
3226 636 3347 699 hoc,
3371 636 3511 703 quod
3536 646 3715 704 postea
3747 651 3923 689 rerum
3944 638 4121 690 exitus

2542 726 2742 791 docuit,
2767 726 2946 779 statim
2979 725 3180 778 veritus
3210 733 3310 777 est.
3366 724 3513 778 Unde
3552 740 3655 779 non
3699 725 3903 787 statim,
3948 741 4011 779 ne
4045 726 4119 778 i.a

2542 835 2663 874 eum
2692 818 3013 871 intellexisse
3036 817 3278 877 seuliret,
3312 816 3403 869 sed
3443 826 3561 885 post
3591 816 3855 869 modicum
3879 830 3995 868 eam
4022 832 4121 883 pro

2541 908 2855 976 quibusdam
2886 948 2897 970 ,
2937 922 3055 974 qua:
3098 906 3163 959 ad
3196 907 3505 958 meritorum
3545 914 3599 959 et
3635 906 4121 959 misertcordiarum

2541 996 2654 1063 ejus
2683 1004 3023 1063 augmentum
3056 994 3322 1062 pertinere
3356 995 3693 1055 videbantur,
3731 994 4121 1046 admonendum

2541 1086 2745 1154 putavit
2766 1125 2779 1147 ,
2818 1091 2871 1138 et
2902 1098 2995 1152 pro
3018 1084 3101 1135 his
3124 1084 3222 1137 sibi
3260 1082 3664 1151 supplicandum
3692 1083 3905 1151 dignum
3938 1083 4118 1144 duxit;

2528 1190 2658 1244 qua:
2699 1174 2785 1226 illa
2825 1172 2980 1227 solita
3027 1172 3107 1225 vel
3154 1186 3279 1241 erga
3314 1173 3479 1226 Deum
3524 1172 3826 1234 devotione,
3875 1171 3957 1224 vel
3991 1185 4119 1238 erga

2540 1276 2760 1319 cunctos
2811 1264 3179 1318 benevolentia
3231 1276 3487 1333 quantum
3541 1274 3667 1319 tunc
3729 1265 3945 1334 potuit,
3994 1280 4122 1319 con-

2540 1357 2722 1410 cessit.

2612 1446 2811 1500 Eodem
2858 1456 3036 1500 autem
3078 1456 3316 1515 tempore
3342 1485 3357 1510 ,
3390 1460 3511 1499 cum
3544 1453 3597 1499 et
3627 1459 3723 1499 nos
3752 1444 3947 1498 ibidem
3974 1457 4121 1497 esse-

2540 1551 2675 1597 mus,
2704 1545 2757 1588 et
2778 1537 2888 1604 jatn
2918 1536 3193 1590 discedere
3217 1536 3492 1598 vellemus,
3520 1549 3853 1604 nequaquam
3878 1549 3973 1587 nos
4002 1548 4120 1602 per-

2540 1626 2685 1678 misit
2730 1626 3002 1693 paululum
3042 1626 3367 1680 subridendo
3408 1624 3609 1689 dicens,
3656 1626 3921 1678 incertum
3963 1624 4119 1677 nobis

2538 1731 2656 1768 esse
2709 1726 2906 1783 quanto
2939 1725 3174 1785 tempore
3203 1732 3264 1770 ea
3295 1715 3421 1778 frui,
3450 1724 3503 1768 et
3530 1729 3647 1768 eam
3682 1715 3862 1767 videre
3887 1714 4116 1781 permit-

2542 1811 2805 1865 terentur;
2841 1804 2883 1856 si
2926 1804 3085 1857 citius
3134 1818 3253 1856 eam
3288 1803 3547 1856 decedere
3587 1803 3937 1869 contingeret,
3992 1810 4119 1854 tunc

858 1906 1134 1959 usquean
1156 1892 1324 1954 fieret,
1352 1908 1456 1945 non
1480 1906 1601 1945 esse
1624 1892 1884 1944 victuram
1910 1908 1923 1956 ;
1949 1892 2049 1945 hoc
2071 1903 2252 1946 autem
2276 1894 2434 1947 citius
2466 1887 2509 1944 Β
2540 1905 2633 1942 nos
2664 1892 2965 1958 pcenituros
2996 1891 3128 1951 fore.
3159 1892 3203 1945 si
3234 1900 3360 1945 tunc
3400 1899 3588 1944 contra
3621 1890 3950 1943 voluntatem
3999 1886 4116 1955 ejus

855 1996 974 2034 esse
1009 1980 1279 2043 futurum;
1314 1982 1379 2035 de
1408 1981 1491 2035 his
1521 1983 1791 2044 omnibus,
1825 1992 1881 2034 ut
1915 1981 2140 2035 Domino
2179 1982 2431 2051 placeret,

853 2084 973 2123 esse
1002 2069 1195 2123 debere
1226 2069 1381 2133 dixit,
1410 2084 1466 2122 se
1498 2080 1676 2122 tamen
1707 2069 1968 2123 mirandis
1998 2070 2337 2138 quibusdam,
2380 2084 2435 2126 et

852 2159 953 2212 sibi
998 2159 1149 2227 prius
1196 2160 1423 2213 insuetis
1472 2159 1752 2213 iusonmiis
1798 2159 2014 2229 agitari,
2062 2159 2230 2228 ipsius
2276 2176 2437 2230 super

852 2251 954 2303 hoc
1002 2251 1302 2303 orationem
1341 2259 1394 2303 et
1439 2249 1867 2303 benedictionem
1911 2246 2222 2318 efflagitare.
2275 2250 2435 2303 Dice-

850 2339 942 2392 bat
997 2340 1141 2392 enim
1200 2339 1252 2391 in
1305 2338 1529 2391 somniis
1577 2352 1636 2391 se
1688 2337 1978 2407 quamdam
2031 2338 2181 2390 mirae
2226 2339 2432 2407 magni-

851 2429 1050 2483 tudinis
1091 2438 1262 2482 rotam
1315 2428 1533 2494 vidisse,
1582 2427 1733 2495 cujus
1778 2429 1901 2497 palo
1953 2430 2193 2483 diversas
2229 2429 2434 2482 anima-

847 2518 980 2571 lium
1027 2517 1228 2588 ﬁguras
1274 2518 1503 2573 insertas
1550 2518 1847 2583 haberent,
1897 2534 1954 2573 se
2003 2534 2128 2574 vero
2174 2534 2295 2573 cum
2321 2519 2433 2588 ple-

848 2612 1030 2680 risque
1076 2611 1459 2665 consororibus
1508 2610 1620 2664 suis
1680 2610 1748 2663 ad
1800 2626 1956 2663 axem
2008 2626 2168 2679 supra
2223 2610 2427 2663 modio-

847 2704 955 2755 lum
992 2710 1121 2755 rota:
1152 2702 1292 2754 intra
1332 2700 1566 2754 radiolas
1614 2700 1770 2769 quasi
1806 2700 2123 2769 quibusdam
2172 2701 2432 2755 catenulis

844 2808 965 2847 esse
1010 2791 1351 2861 colligatum,
1405 2791 1671 2858 simulque
1720 2806 1843 2845 cum
1908 2799 2021 2843 rota
2051 2830 2065 2853 ,
2124 2806 2283 2859 quam
2329 2789 2429 2843 flu-

847 2885 964 2938 vius
1017 2884 1429 2937 subtercurrcus
1482 2881 1617 2933 mira
1664 2880 1945 2934 velocitate
1997 2879 2427 2947 circumegerat,

844 2972 1227 3036 circumvolvi;
1285 2984 1536 3039 cumque,
1590 2978 1647 3023 ut
1693 2968 1792 3022 sibi
1842 2968 2158 3033 videbatur,
2218 2968 2429 3035 stupida

844 3062 1082 3125 timeret,
1123 3076 1189 3115 ne
1235 3061 1288 3113 in
1326 3059 1546 3112 fluvium
1593 3057 2087 3112 subtercurrentem
2134 3055 2426 3120 decideret,

844 3168 950 3205 non
1002 3152 1055 3203 in
1104 3150 1325 3203 fluvium
1358 3189 1373 3212 ,
1430 3148 1574 3218 quod
1631 3146 1957 3210 verebatur,
2011 3145 2106 3198 sed
2154 3148 2331 3214 potius
2373 3146 2426 3197 in

845 3250 1043 3296 terram
1088 3240 1394 3310 contiguam
1444 3254 1501 3293 se
1548 3236 1831 3291 decidisse.
1880 3234 1997 3300 Quo
2048 3233 2191 3288 facto
2238 3248 2295 3287 se
2334 3248 2425 3285 ex-
2454 3219 2498 3278 C

843 3330 1201 3401 pergefactam
1249 3330 1453 3390 fuisse,
1509 3337 1562 3383 et
1609 3328 1722 3397 jam
1773 3325 2127 3395 vigilantem,
2176 3322 2290 3389 jam
2358 3322 2423 3374 ad

842 3440 899 3479 se
948 3438 1221 3478 reversam
1257 3464 1270 3486 ,
1331 3422 1589 3477 membris
1640 3430 1817 3475 tamen
1868 3417 2118 3470 omnibus
2172 3430 2426 3485 prtemor-

845 3517 971 3581 tuis,
1016 3523 1070 3570 et
1116 3514 1290 3568 adhuc
1344 3510 1711 3567 tremebundis
1745 3508 2001 3575 jacuisse.

1450 3623 1677 3680 CAPUT
1732 3621 1817 3676 IV.

848 3724 1068 3789 Tempus
1107 3722 1310 3782 mortis,
1342 3728 1388 3789 et
1418 3718 1563 3789 locus
1593 3714 1877 3789 δεραίων-ω.
1902 3713 1955 3763 in
1980 3725 2163 3789 Isonm‘o
2190 3712 2235 3760 ei
2262 3716 2425 3789 esten-

911 3779 1018 3846 δαὶ.
1069 3779 1306 3844 Sanctus
1328 3786 1589 3839 Martinus
1620 3779 1877 3851 singulari
1907 3780 2049 3832 cultu
2088 3779 2150 3830 ab
2177 3794 2237 3829 ea
2268 3779 2426 3829 hono-

914 3872 1079 3924 rutus,
1114 3872 1158 3912 et
1185 3859 1377 3925 smpius
1408 3863 1732 3921 conspectus.

912 3975 1115 4040 Quibus
1153 3972 1337 4025 itidem
1367 3968 1555 4022 diebus
1581 3968 1775 4035 saepius
1801 3965 1900 4017 sibi
1927 3964 2096 4016 visum
2124 3976 2243 4015 esse
2272 3960 2420 4014 dice-

840 4068 931 4119 bat
978 4079 1035 4117 se
1096 4063 1197 4114 levi
1247 4059 1454 4112 volasse
1505 4070 1749 4124 corpore,
1799 4064 1853 4107 et
1906 4066 2133 4121 corpore
2181 4060 2419 4112 exulant,

843 4166 1019 4207 tamen
1047 4164 1383 4219 corpoream,
1416 4156 1469 4200 et
1500 4144 1748 4200 ineffabili
1792 4143 1946 4196 nobis
1990 4142 2146 4194 tnodo
2190 4138 2422 4193 coelesti-

839 4251 940 4302 bus
970 4244 1127 4300 simul
1151 4251 1203 4295 et
1235 4238 1581 4294 terrestribus
1626 4234 1951 4289 interfuisse.
1995 4232 2128 4284 Nam
2163 4229 2423 4299 proximis

840 4337 946 4390 illis
974 4335 1160 4389 diebus
1183 4346 1240 4385 se
1274 4330 1429 4399 quasi
1462 4329 1513 4381 in
1543 4340 1669 4379 aere
1696 4334 1923 4393 raptam,
1957 4333 2010 4376 et
2037 4338 2161 4375 omn
2186 4336 2215 4374 a
2240 4335 2422 4373 mona-

840 4428 989 4483 sterii
1017 4424 1239 4479 aedificia
1271 4422 1479 4475 detecta
1510 4418 1727 4481 vidisse,
1757 4425 1812 4469 et
1842 4426 2056 4476 cuncta,
2081 4428 2199 4480 qua:
2228 4412 2278 4463 in
2312 4412 2420 4463 sia-

840 4516 976 4587 gulis
1004 4513 1086 4567 vel
1121 4518 1299 4575 erant,
1328 4508 1410 4563 vel
1443 4506 1790 4578 gerebantur,
1831 4511 2016 4571 aperta
2073 4501 2184 4554 suis
2226 4499 2415 4563 oculis,

2536 1982 2959 2046 discederemus;
2991 1982 3255 2051 simulque
3289 1991 3344 2035 et
3368 1995 3464 2050 per
3500 1982 3755 2048 seipsam,
3784 1987 3839 2033 et
3864 1993 3961 2047 per
4000 1979 4114 2047 ple-

2537 2088 2730 2141 rasque
2759 2089 2974 2128 sorores
3003 2089 3126 2128 suas
3153 2074 3284 2127 alias
3311 2073 3535 2125 multum
3568 2086 3667 2125 nos
3704 2083 3893 2140 rogare
3917 2070 4111 2137 coepit;

2536 2168 2612 2224 ut,
2640 2161 2901 2229 siquidem
2932 2175 3048 2214 eam
3078 2160 3402 2213 infirmatam
3431 2159 3772 2221 audiremus,
3801 2157 3981 2211 venire
4010 2171 4115 2210 non

2534 2254 3026 2322 supersederemus.
3090 2252 3166 2304 Ex
3227 2252 3423 2321 quibus
3480 2250 3730 2303 omnibus
3781 2264 3889 2301 non
3942 2249 4115 2302 solum

2534 2341 2801 2407 conjicere
2846 2356 3151 2409 possumus,
3199 2342 3291 2393 sed
3336 2350 3390 2393 et
3437 2339 3639 2408 liquido
3691 2338 3986 2407 intelligere
4028 2353 4117 2389 va-

2534 2431 2723 2495 lemus,
2754 2431 3094 2485 dormitionis
3126 2446 3235 2484 sine
3274 2438 3482 2499 tempus
3511 2430 3611 2483 sibi
3646 2438 4118 2499 praemonstratum

2534 2520 2727 2585 fuisse;
2755 2522 2894 2589 quod
2919 2521 3135 2589 quidem
3165 2531 3217 2574 et
3245 2535 3311 2573 ex
3342 2520 3708 2589 languentium
3759 2533 4002 2573 sororum
4036 2519 4119 2570 in-

2534 2612 2950 2677 tirmitate,quze
2974 2610 3088 2678 ejus
3128 2611 3531 2679 aegrotationem
3578 2617 3986 2679 praecesserant,
4036 2608 4117 2660 di-

2532 2702 2652 2753 vina
2677 2701 2848 2769 pietas
2881 2702 3317 2769 praemonendum
3351 2700 3573 2769 puta:it.
3622 2700 3789 2769 Igitur
3816 2714 3939 2753 cum
3971 2700 4116 2752 inter

2531 2796 2854 2858 aegrotantes
2879 2788 3063 2842 sedula
3093 2787 3439 2850 discurreret,
3493 2787 3604 2855 ipsa
3654 2787 3705 2839 in
3746 2786 4116 2839 infirmitatem

2530 2880 2739 2942 cecidit,
2767 2879 3079 2947 aliquandiu
3123 2889 3299 2933 tamen
3346 2878 3648 2931 infirmitati
3695 2879 3954 2931 relnctata
4000 2878 4120 2930 viu-

2530 2986 2651 3025 cere
2679 2985 2819 3033 eam,
2843 2970 2926 3024 vel
2955 2972 3133 3040 potius
3161 2970 3379 3024 eludere
3406 2970 3634 3037 putavit.
3685 2969 3889 3023 Tandiu
3922 2970 4118 3038 quippe

2529 3079 2651 3118 cum
2685 3064 2895 3117 caeteris
2925 3064 3201 3118 sororibus
3230 3063 3283 3116 in
3314 3062 3481 3116 choro
3509 3062 3575 3115 ad
3605 3076 3814 3123 cursus,
3869 3061 3922 3114 in
3973 3060 4114 3115 refe-

2529 3153 2700 3207 ctorio
2730 3154 2796 3205 ad
2827 3167 3069 3206 mensam
3099 3152 3218 3217 fuit,
3252 3152 3425 3206 donec
3449 3152 3757 3207 ambulandi
3806 3150 3980 3205 oflicio
4017 3153 4115 3205 de-

2530 3243 2890 3307 stitueretur;
2952 3243 3100 3311 prius
3146 3252 3326 3298 tamen
3402 3258 3562 3313 quam
3620 3245 3806 3297 morlto
3872 3245 4118 3313 ingrave-

2530 3341 2709 3386 scente
2758 3333 2811 3385 in
2862 3332 3061 3386 lectum
3089 3331 3381 3397 decideret,
3420 3334 3550 3387 vidit
3599 3335 3649 3386 in
3694 3333 3917 3387 somniis
3956 3333 4116 3401 quasi

2530 3436 2780 3491 magnum
2811 3422 3097 3489 quemdam
3127 3437 3395 3491 campum,
3426 3423 3652 3476 diversis
3684 3420 3874 3476 florum
3905 3423 4116 3490 generi-

2528 3508 2627 3563 btts
2652 3518 2959 3562 vcrnantem
2984 3549 2998 3571 ,
3025 3510 3114 3562 ubi
3144 3519 3197 3563 et
3222 3524 3408 3564 omnes
3434 3509 3545 3564 fere
3586 3526 3705 3579 quae
3735 3525 3801 3565 ex
3839 3509 4117 3564 sororibus

2531 3598 2887 3667 suisjuvenili
2943 3607 3103 3652 aetate
3154 3598 3417 3653 ﬂorebant
3462 3610 3520 3657 se
3568 3599 3765 3653 vidisse
3806 3600 4115 3667 conspica'a

2528 3700 2637 3753 est;
2668 3690 2818 3759 cujus
2839 3689 3238 3759 pulchritudine
3264 3700 3317 3743 et
3339 3690 3650 3745 anuenitate
3672 3706 3793 3744 cum
3819 3690 4113 3743 admodum

2526 3778 2916 3842 delectaretur,
2961 3780 3241 3833 subitanca
3269 3779 3368 3832 sibi
3396 3779 3815 3849 conflagratione
3860 3781 4115 3833 inarsisse

2528 3868 2672 3921 visus
2699 3876 2799 3922 est.
2830 3868 2963 3921 Tum
2984 3869 3143 3923 nimia
3172 3882 3356 3922 earum
3382 3869 3726 3923 miseratione
3751 3869 3981 3923 clamare
4004 3884 4114 3924 cm-

2525 3960 2622 4026 pit,
2668 3967 2725 4011 ut
2768 3959 3024 4013 Dominus
3059 3960 3431 4025 misereretur,
3457 3968 3516 4013 ut
3542 3959 3788 4015 Christus
3831 3961 4115 4015 succurre-

2530 4057 2611 4103 ret
2641 4064 2707 4103 ne
2749 4049 2975 4104 miseras
3017 4050 3228 4117 penitus
3268 4050 3493 4105 interire
3531 4060 3827 4119 pateretur.
3870 4051 3937 4105 Et
3984 4053 4111 4121 quia

2526 4150 2770 4196 sanctqu
2796 4140 3079 4195 Martinam
3106 4158 3317 4211 semper
3340 4145 3573 4212 quadam
3604 4145 3822 4215 speciali
3856 4160 4110 4199 reveren-

2530 4233 2601 4285 tia
2626 4231 2925 4297 excolebat,
2953 4240 3007 4286 ct
3030 4232 3081 4285 in
3114 4234 3363 4288 maximis
3393 4249 3518 4289 vere
3545 4237 3958 4291 necessitatibus
3983 4252 4107 4290 eum

2527 4323 2776 4375 invocare
2805 4322 3033 4386 solebat,
3064 4321 3180 4389 ejus
3206 4324 3415 4378 meritis
3464 4334 3519 4378 et
3559 4325 3863 4379 interventu
3905 4340 3998 4380 eas
4040 4327 4109 4379 ab

2527 4415 2736 4483 ignibus
2760 4414 2894 4482 eripi
2921 4414 3164 4484 supplex,
3192 4422 3251 4468 ut
3275 4414 3376 4470 sibi
3401 4415 3685 4470 videbatur
3702 4457 3716 4480 ,
3743 4430 3901 4470 orare
3923 4416 4104 4485 cmpit.

2529 4505 2635 4561 Nec
2670 4521 2819 4560 mora
2851 4521 2864 4557 :
2896 4506 3114 4575 quidam
3155 4506 3258 4560 sibi
3301 4506 3583 4576 splendore
3619 4516 3673 4561 et
3712 4506 4107 4575 pulchritudine

839 4578 893 4662 et
920 4606 1199 4676 perspicua
1235 4614 1456 4671 prorsus
1483 4597 1668 4651 fuisse.
1708 4595 1852 4649 lnler
1881 4595 1996 4648 ιιωο
2025 4593 2163 4647 sein
2194 4590 2419 4645 CCCICSia
2455 4578 2498 4634 υ
2526 4597 2857 4652 admirabilis
2898 4597 3134 4652 astitisse
3175 4600 3323 4653 visus
3366 4608 3468 4662 est,
3512 4600 3602 4667 qui
3645 4599 3759 4667 ejus
3802 4600 4008 4654 meritis
4053 4611 4109 4653 ct

839 4697 990 4766 quasi
1020 4694 1303 4763 quemdam
1335 4703 1585 4758 magnum
1608 4696 1764 4740 terra:
1787 4684 1989 4737 hiatum
2014 4682 2241 4745 vidisse;
2272 4696 2419 4733 cum-

840 4802 944 4854 que
988 4786 1053 4836 ad
1090 4784 1231 4835 hanc
1270 4780 1524 4832 visionem
1565 4788 1903 4844 summopere
1944 4773 2168 4837 doleret,
2200 4782 2252 4824 et
2281 4787 2414 4839 quo-

840 4876 997 4929 modo
1026 4876 1125 4928 hoc
1153 4872 1437 4931 evenisset,
1470 4866 1549 4920 vel
1575 4866 1842 4934 quomodo
1868 4863 2194 4932 Oppleretur,
2222 4863 2417 4930 rogita-

841 4977 941 5032 ret,
973 4967 1185 5019 audisse
1209 4978 1265 5016 se
1283 4975 1467 5015 vocem
1486 4960 1751 5013 dicentem
1782 4958 1902 5020 sibi,
1930 4957 2124 5009 debere
2156 4956 2300 5008 illum
2322 4971 2415 5023 op-

838 5058 995 5125 pleri,
1017 5055 1269 5123 quoniam
1299 5054 1399 5106 hoc
1419 5050 1781 5105 habitaculum
1812 5064 1966 5102 suum
1992 5057 2135 5102 esset
2157 5048 2414 5100 futurum.

838 5148 956 5212 Quo
977 5147 1122 5200 dicto
1143 5144 1355 5197 audisse
1386 5156 1443 5196 se
1470 5140 1862 5194 multitudinem
1890 5139 2249 5207 psallentium,
2279 5138 2421 5206 psal-

836 5253 985 5291 mum
1022 5234 1373 5290 centesimum
1420 5230 1890 5299 quadragesimum
1927 5229 2229 5291 dicentem;
2271 5242 2420 5279 cum-

837 5346 941 5399 que
978 5336 1293 5398 perventum
1338 5332 1478 5377 esset
1529 5324 1593 5375 ad
1642 5336 1850 5375 versum
1887 5338 1899 5372 :
1932 5318 2060 5372 Ilwc
2103 5328 2175 5371 est
2222 5318 2418 5384 requies

836 5438 947 5473 mea
982 5421 1033 5472 in
1061 5416 1308 5471 arculum
1343 5412 1542 5477 sreculi,
1581 5413 1663 5464 hic
1689 5411 1953 5473 habitabo,
1999 5410 2245 5476 quoniam
2292 5406 2419 5474 elegi

1630 5511 1715 5524 Ι-..-
1780 5500 1932 5524 ~:..-...l
1969 5514 2085 5524 ’.ιι-ιιι
2126 5499 2199 5524 “In
2233 5496 2393 5524 nhn|'n

2529 4688 2933 4752 intercessione,
2961 4697 3016 4741 et
3044 4689 3221 4755 ignem
3254 4688 3565 4757 sepiendum
3605 4697 3658 4741 et
3696 4703 3786 4741 eas
3827 4688 4107 4743 salvandas

2524 4794 2643 4833 esse
2689 4779 2842 4832 dixit.
2891 4779 2965 4831 Ita
3015 4778 3407 4847 expergefacta,
3451 4794 3569 4832 cum
3607 4789 3788 4847 postea
3834 4780 4104 4833 somnium

2523 4869 2791 4938 plerisque
2834 4878 3098 4933 narraret,
3151 4877 3398 4923 sanctum
3453 4869 3740 4922 Martinum
3791 4870 3943 4938 quasi
3990 4886 4103 4922 ere.

2523 4972 2726 5027 ptorem
2775 4974 2929 5012 suum
2969 4959 3186 5027 speciali
3234 4961 3484 5028 deinceps
3525 4962 3592 5015 ab
3638 4962 3717 5015 eis
3759 4964 4104 5016 veneratiot.0

2526 5058 2578 5100 et
2630 5049 2902 5117 obsequiis
2943 5049 3321 5103 celebrandum
3374 5052 3799 5105 commendabat.

2597 5137 2771 5205 Ipsum
2835 5151 2964 5191 vero
3024 5148 3266 5192 sanctum
3313 5138 3600 5192 Martinum
3671 5140 4103 5209 conspimbiliter

2527 5228 2689 5281 etiam
2722 5227 2819 5280 sibi
2858 5228 3100 5295 vigilanti
3136 5228 3305 5281 visum
3337 5244 3455 5282 esse
3485 5229 3849 5283 indubitanter
3880 5232 4102 5283 credere

2528 5320 2766 5373 valemus
2810 5336 2872 5371 ex
2913 5321 3027 5388 ejus
3076 5319 3244 5387 ipsius
3292 5329 3599 5374 narratione
3653 5332 3706 5374 et
3736 5323 3929 5374 verbis.
3963 5320 4100 5374 Nam

2530 5424 2651 5461 cum
2681 5410 2910 5477 quadam
2934 5409 3021 5462 die
3044 5410 3309 5463 nonnulla:
3336 5425 3400 5463 ex
3433 5410 3709 5464 sororibus
3737 5409 3932 5465 lectulo
3956 5410 4102 5465 illius

2528 5500 2821 5524 ΑΑι-;.Ιη-ιησιο
2900 5499 3072 5524 ηιιιιέιη
3120 5498 3349 5524 ΑΙΑΜιιυιΛ
3396 5500 3555 5524 ’.Μ-ιζ.
3634 5509 3874 5524 .-Α,.ΑΙ-.-νι
3918 5498 4070 5524 “.n-D:
