4482 5548
340 358 472 413 ΗΠ

1222 354 1377 409 VITA
1417 355 1471 408 S.
1515 353 1967 409 llATllUMODJﬂ
2005 356 2153 408 A138.
2197 356 2584 411 GANDERSH.
2631 358 2669 411 1.

3463 370 3598 426 H78

340 490 501 538 mem,
536 482 595 527 ut
617 472 669 526 in
702 471 825 526 Vita
853 469 969 540 ejus
1007 470 1219 539 legitur,
1251 470 1530 531 dixissent,
1564 470 1694 522 nihil
1726 485 1784 522 se
1813 485 1913 522 un-
1945 476 1990 530 Λ
2023 471 2390 534 remansisset,
2427 472 2537 539 ipsa
2564 472 2847 539 adjuvante
2882 476 2945 528 de
2975 476 3112 530 lecto
3143 478 3350 533 elevata
3374 521 3387 545 ,
3420 493 3475 536 ut
3507 500 3593 537 au-

338 582 501 635 quam
526 572 687 619 tantm
710 562 1127 634 pulchritudinis
1140 562 1354 615 vidisse.
1374 561 1629 614 Astantes
1644 576 1768 614 vero
1792 562 1918 614 licet

338 657 470 712 nihil
496 672 682 711 eorum
710 654 894 709 videre
920 653 1258 723 potuissent,
1304 667 1369 705 ex
1408 651 1556 704 vultu
1592 658 1769 705 tamen
1803 650 1918 717 ejus

338 757 395 801 et
429 746 785 809 continentia,
816 759 1005 799 verum
1049 756 1169 798 esse
1211 742 1353 810 quod
1384 741 1593 796 dicebat
1621 740 1917 809 intelligere

335 836 603 892 valebant.
634 834 769 889 Nam
802 833 1151 888 liilerabnnda
1202 833 1306 886 huc
1356 831 1587 899 illucque
1610 846 1705 900 per
1748 831 1912 884 cellu-

340 928 445 981 lam
488 925 682 980 faciem
724 932 971 988 vertens,
1008 921 1355 977 manifestum
1401 922 1733 975 intuentibus
1780 920 1917 973 indi-

338 1020 483 1074 cium
510 1019 703 1083 dabat,
736 1018 862 1071 illuc
892 1031 1012 1071 eam
1042 1015 1212 1069 oculis
1252 1015 1439 1083 sequi,
1479 1028 1586 1083 quo
1611 1027 1732 1066 eum
1762 1012 1915 1081 quasi

339 1106 775 1163 deainbulantem
829 1107 882 1159 in
928 1105 1234 1174 pavimento
1278 1102 1516 1165 videbat,
1549 1110 1603 1156 et
1650 1100 1914 1169 quamvis,

338 1209 623 1270 postquam
652 1198 935 1261 decubuit,
970 1211 1245 1265 nunquam
1276 1210 1335 1249 sc
1372 1195 1424 1247 in
1455 1193 1596 1247 aliud
1633 1193 1773 1245 latus
1798 1208 1917 1247 ver-

340 1301 475 1355 tere,
508 1304 781 1357 nunquam
820 1290 872 1342 in
916 1288 1133 1341 dextera
1165 1285 1245 1339 sui
1280 1283 1523 1353 corporis
1560 1293 1711 1352 parte
1734 1282 1918 1351 jacere

337 1384 591 1445 voluerit,
632 1392 757 1437 tunc
794 1398 851 1436 se
882 1389 1088 1449 sponte,
1120 1380 1235 1449 sine
1263 1377 1491 1445 alicujus
1531 1376 1841 1444 adjumento
1864 1377 1915 1430 in

336 1474 465 1528 illud
489 1474 790 1535 convertit,
819 1480 874 1525 et
907 1472 979 1525 ita
1019 1471 1135 1524 sine
1161 1469 1420 1538 cujusque
1460 1467 1719 1521 molestia:
1766 1467 1917 1535 signo

332 1563 503 1633 jacuit
528 1578 615 1628 eo,
646 1560 996 1630 quoadusque
1023 1559 1112 1613 illa
1137 1558 1275 1612 visio
1300 1557 1563 1626 completa
1596 1566 1709 1620 est;
1751 1556 1916 1609 corti-

337 1670 462 1707 nam
486 1668 722 1723 quoque,
769 1668 888 1721 qua:
915 1650 1105 1721 parieti
1146 1649 1505 1719 appendebat,
1530 1649 1776 1703 manibus
1807 1648 1917 1703 elc-

337 1760 465 1798 vare
507 1755 731 1807 conata,
767 1743 1024 1811 parietem
1056 1741 1215 1795 simul
1252 1742 1492 1793 amoveri
1525 1740 1802 1808 praecepit,
1848 1754 1914 1793 ne

2023 577 2133 614 rem
2162 562 2241 615 ori
2272 563 2490 630 propius
2518 563 2829 617 admoveret
2858 568 3130 636 praecepit.
3179 568 3329 634 Quod
3359 588 3478 625 cum
3505 575 3589 629 illa

2022 651 2257 715 fecisset,
2285 655 2446 707 etiam
2475 655 2713 723 propius,
2754 672 2820 711 ne
2849 658 2971 724 quis
3007 659 3143 713 alius
3169 661 3399 727 audiret,
3433 680 3599 734 appo-

2020 757 2145 795 nere
2170 742 2474 805 admonuit;
2508 758 2614 811 quo
2649 743 2811 806 facto,
2843 762 2964 798 eum
2992 762 3048 800 se
3066 747 3175 814 jam
3213 749 3279 802 ad
3310 751 3597 807 dicendum

2020 833 2340 899 paravisset,
2372 833 2575 902 pallere
2604 844 2659 887 et
2691 844 2921 889 tremere
2953 840 3136 905 cwpit.
3166 838 3316 894 Unde
3341 856 3462 895 cum
3486 843 3598 911 ipsa

2021 924 2371 978 nihilominus
2454 926 2644 978 timore
2726 929 3011 995 perterrita
3088 929 3488 1000 interrogaret,
3554 936 3597 989 si

2019 1016 2393 1087 presbyterum
2430 1016 2854 1081 Wulll‘hardum,
2906 1021 2993 1087 qui
3027 1037 3123 1089 pro
3160 1021 3365 1077 foribus
3400 1027 3597 1089 stabat,

2020 1117 2077 1161 ut
2120 1108 2169 1161 ei
2215 1107 2440 1171 diceret,
2472 1109 2653 1162 vocari
2703 1109 2884 1172 vellet,
2934 1111 3035 1166 hoc
3083 1127 3140 1167 se
3187 1115 3405 1169 omnino
3434 1118 3595 1183 nolle,

2020 1213 2117 1251 nec
2150 1196 2306 1251 alieni
2340 1207 2536 1266 prreter
2571 1199 2740 1267 ipsam
2774 1201 2874 1255 hoc
2910 1217 2966 1255 se
2994 1202 3173 1257 dicere
3218 1205 3347 1258 velle
3376 1222 3598 1275 respon-

2020 1287 2115 1339 dit.
2161 1284 2264 1339 Sed
2291 1302 2411 1339 cnm
2435 1286 2610 1340 denuo
2634 1302 2690 1340 se
2712 1288 2777 1340 ad
2806 1288 2879 1351 id,
2912 1290 3051 1357 quod
3080 1292 3406 1357 intenderat,
3432 1296 3599 1363 expli-

2019 1377 2250 1429 camlum
2280 1376 2600 1444 paravisset,
2627 1377 2833 1429 anxiari
2879 1387 2984 1431 tam
3019 1380 3369 1435 vehementer
3411 1385 3595 1451 cwpit,

2020 1474 2076 1516 ut
2104 1480 2238 1534 pene
2266 1466 2553 1519 decessura
2584 1466 2879 1520 videretur.
2914 1469 2980 1521 At
3006 1470 3091 1523 illa
3117 1486 3226 1539 pra:
3265 1473 3457 1527 timore
3486 1475 3598 1529 sola

2021 1555 2092 1607 ibi
2140 1556 2441 1609 consistere
2484 1572 2588 1610 non
2640 1573 2790 1621 ausa,
2833 1571 3189 1613 memoratum
3224 1565 3597 1634 presbyterum

2020 1644 2279 1697 citissime
2304 1645 2544 1709 vocavit;
2576 1647 2663 1714 qui
2696 1663 2817 1700 cum
2841 1649 3071 1711 veniret,
3098 1663 3270 1719 neque
3296 1652 3393 1716 illi,
3423 1668 3599 1723 neque

2022 1733 2121 1801 ipsi
2170 1735 2385 1802 quidem
2432 1739 2603 1791 sorori
2648 1740 2750 1793 hoc
2789 1740 2967 1795 dicere
3017 1743 3206 1808 voluit,
3257 1754 3447 1813 questa
3491 1761 3597 1800 non

336 1831 478 1902 quod
512 1831 604 1885 r)ei
628 1841 818 1885 sancto
844 1828 1176 1883 obstaculum
1211 1827 1367 1881 foret.
1407 1826 1658 1888 Proinde,
1684 1827 1823 1894 quod
1850 1842 1913 1880 ex
1950 1816 1989 1874 Β
2021 1824 2310 1887 modicum,
2361 1827 2503 1893 quod
2544 1826 2643 1880 hoc
2698 1839 2887 1882 contra
2942 1840 3124 1884 votum
3171 1840 3221 1884 et
3269 1832 3598 1888 voluntatem

336 1922 767 1992 prcecedentibus
796 1920 963 1989 signis
992 1934 1098 1973 non
1127 1918 1347 1972 dubium
1371 1927 1507 1982 erat,
1540 1918 1592 1971 in
1627 1918 1711 1970 illa
1739 1928 1916 1986 parte,

337 2032 456 2084 quze
488 2017 539 2069 in
586 2014 883 2068 meridiana
919 2014 1237 2075 obvenerat,
1292 2026 1463 2080 ipsum
1497 2012 1771 2074 assistere,
1814 2012 1913 2064 ite-

339 2120 457 2158 rum
493 2105 798 2172 iterumque
834 2103 899 2154 ad
942 2118 1063 2156 eum
1110 2100 1582 2169 contemplandum
1627 2110 1918 2170 przesentes

335 2192 612 2246 cohortari
656 2192 837 2260 empit.
867 2190 1017 2244 Unde
1046 2198 1291 2258 patenter
1338 2189 1559 2258 intelligi
1592 2191 1770 2253 datur,
1802 2190 1919 2257 ejus

338 2284 547 2338 meritis
573 2284 676 2337 hoc
704 2298 823 2337 eam
855 2291 1044 2336 contra
1092 2281 1421 2335 infirmitatis
1461 2281 1769 2334 violentiam
1819 2296 1915 2349 po-

340 2375 523 2436 tuisse,
556 2388 716 2441 quem
745 2372 849 2427 sibi
886 2381 939 2426 et
978 2373 1255 2441 corporeis
1288 2372 1459 2426 oculis
1498 2372 1917 2439 conspicabilem

336 2467 494 2531 dixit,
520 2474 573 2521 et
602 2478 728 2520 vere
756 2465 952 2521 mentis
981 2465 1175 2519 intuitu
1204 2464 1356 2518 vidit.

962 2572 1191 2627 CAPUT
1231 2571 1296 2625 V.

349 2665 521 2719 Varia:
577 2665 930 2719 llathumoda:
978 2666 1233 2727 visiones,
1283 2680 1505 2732 quarunt
1564 2665 1916 2716 narrationem

405 2736 633 2788 aliorum
672 2735 1061 2803 importunitate
1089 2734 1398 2801 interrumpi
1428 2735 1699 2801 a'gerrime
1722 2733 1841 2800 fert.

406 2822 607 2875 Eodem
632 2836 845 2890 quoque
886 2831 1148 2888 tempore,
1186 2837 1309 2874 cum
1335 2822 1387 2873 in
1427 2820 1616 2874 cellula
1644 2837 1746 2890 qua
1770 2821 1918 2890 jace-

335 2912 447 2975 bat,
498 2911 677 2964 nullus
709 2926 927 2975 secmn,
955 2919 1152 2979 praeter
1195 2926 1481 2980 germanas
1512 2910 1627 2978 ejus
1676 2926 1914 2975 sorores,

337 3016 456 3068 qme
489 3014 588 3053 nec
630 3008 904 3053 momento
934 2999 1190 3068 temporis
1230 3000 1279 3053 ei
1328 3000 1517 3053 abesse
1550 3000 1912 3068 patiebantur,

335 3092 622 3154 adessent,
662 3102 716 3144 et
761 3090 849 3144 illa
887 3091 1083 3143 clausis
1109 3090 1279 3144 oculis
1314 3092 1468 3161 quasi
1513 3092 1786 3145 dormiens
1820 3092 1911 3145 ali-

2021 1930 2173 1968 suam
2202 1916 2414 1983 aperire
2441 1917 2562 1971 aliis
2592 1926 2644 1971 et
2672 1918 2947 1989 divulgare
2978 1936 3108 1974 ausa
3139 1922 3225 1976 sit.
3264 1920 3438 1977 Simili
3466 1940 3599 1993 quo-

2020 2018 2125 2071 que
2151 2019 2246 2072 per
2272 2006 2450 2059 omnia
2481 2009 2638 2061 modo
2667 2018 2720 2061 et
2748 2009 2812 2062 de
2840 2020 3013 2064 matre
3038 2011 3183 2065 fecit.

2091 2092 2274 2162 Neque
2303 2096 2444 2148 enim
2487 2096 2599 2164 ipsa
2632 2097 2682 2148 in
2713 2099 3040 2151 monasterio
3067 2108 3191 2153 tunc
3233 2112 3351 2153 erat
3381 2105 3598 2170 quando
3673 2145 3684 2157 .

2019 2183 2141 2245 hoc,
2169 2183 2308 2251 quod
2337 2186 2697 2249 narravimus,
2723 2186 2925 2241 factum
2951 2187 3126 2242 fuerat
3151 2206 3165 2253 ;
3193 2190 3285 2244 sed
3311 2202 3596 2261 postquam

2022 2272 2205 2325 audita
2240 2272 2360 2326 filia:
2390 2276 2742 2343 aegrotatione
2772 2277 3021 2340 advenit,
3052 2287 3104 2331 et
3135 2293 3195 2331 ea
3218 2319 3232 2341 ,
3267 2296 3384 2347 qua!
3414 2282 3600 2335 visita-

2021 2363 2151 2416 tioni
2188 2364 2303 2431 ejus
2347 2366 2748 2434 congruebant,
2800 2368 3086 2436 adimpleta
3129 2367 3383 2434 fuerunt,
3428 2372 3597 2425 solam

2020 2465 2139 2505 eam
2190 2453 2477 2517 advocari,
2528 2464 2581 2508 et
2632 2455 2917 2524 quamdam
2945 2474 3003 2511 se
3048 2459 3096 2512 ei
3135 2471 3345 2513 secreto
3375 2459 3595 2515 cansam

2020 2559 2266 2613 prorsum
2316 2547 2690 2600 admirandam
2742 2548 3008 2602 dicturam
3070 2566 3190 2604 esse
3237 2554 3594 2605 memorabat.

2018 2635 2263 2704 Cumque
2284 2638 2556 2701 omnibus,
2590 2647 2646 2690 ut
2671 2639 2904 2706 petebat,
2938 2642 3151 2706 amotis,
3181 2640 3278 2695 soli
3308 2643 3418 2696 sola
3464 2644 3599 2697 assi-

2018 2736 2206 2791 steret,
2254 2742 2311 2781 se
2358 2730 2423 2781 ad
2472 2729 2755 2783 dicendum
2802 2745 2991 2799 parare
3021 2732 3213 2800 erepit;
3267 2734 3359 2786 sed
3404 2733 3597 2787 iterum

2017 2817 2237 2887 pallere,
2270 2820 2466 2873 iterum
2501 2829 2766 2885 tremere,
2798 2822 2994 2875 iterum
3024 2823 3236 2875 anxiari
3268 2824 3451 2893 cwpit.
3484 2824 3599 2878 Ma-

2019 2915 2102 2960 ter
2130 2907 2251 2960 filia:
2282 2907 2549 2962 defectum
2575 2910 2783 2973 videns,
2817 2911 2988 2964 sorori
3020 2912 3200 2980 potius
3218 2911 3503 2981 Gerbergae
3530 2915 3598 2968 ob

2016 2996 2445 3052 familiaritatem
2492 3015 2678 3053 earnm
2730 3001 2829 3054 hoc
2877 3016 2934 3054 se
2962 3016 3119 3069 posse
3151 3002 3328 3055 dicere
3356 3018 3597 3071 pronun-

2020 3087 2192 3139 tiavit.
2226 3087 2397 3152 Quod,
2428 3088 2515 3143 ubi
2550 3088 2633 3141 illa
2667 3089 2895 3152 audivit,
2927 3091 3150 3159 digitum
3175 3089 3256 3143 ori
3295 3106 3595 3159 apponens,

298 3181 572 3248 ‘quaudiu
613 3179 897 3249 jacuisset,
950 3189 1071 3248 post
1114 3180 1449 3249 aliquantum
1488 3181 1764 3249 temporis,
1793 3182 1915 3249 quis
1945 3166 1989 3225 C
2022 3192 2196 3246 neque
2220 3177 2316 3240 illi,
2350 3192 2524 3246 neque
2554 3178 2652 3247 ipsi
2683 3179 2899 3247 quidem
2933 3180 3111 3243 matri,
3142 3194 3315 3249 neque
3345 3181 3596 3247 cuiquam

336 3270 435 3324 sibi
464 3270 703 3332 adesset,
741 3269 1125 3339 interrogavit;
1157 3284 1275 3338 qua:
1310 3285 1432 3323 cum
1461 3285 1520 3324 se
1557 3272 1746 3325 adesse
1769 3270 1915 3325 dicc-

339 3368 482 3423 rent,
540 3368 849 3428 percontata
898 3368 981 3413 est
1038 3361 1083 3413 si
1130 3360 1329 3428 aliquid
1383 3369 1475 3413 aut
1516 3361 1794 3423 vidissent,
1825 3371 1916 3414 aut

338 3449 648 3502 audissent?
672 3449 752 3501 Ad
782 3449 894 3502 hate
923 3464 1042 3502 cum
1072 3449 1175 3503 illae
1199 3463 1257 3503 se
1288 3450 1420 3503 nihil
1458 3464 1668 3515 eorum,
1698 3450 1763 3504 de
1791 3450 1914 3518 qui-

336 3538 437 3590 bus
465 3537 606 3589 illam
641 3536 977 3606 interrogare
1005 3544 1282 3605 putarent,
1324 3537 1407 3589 vel
1433 3538 1651 3602 vidisse,
1684 3536 1770 3591 vel
1816 3552 1914 3590 au-

335 3624 480 3677 disse
530 3624 920 3691 responderent
949 3642 960 3676 :
996 3624 1062 3677 Et
1098 3638 1205 3678 non
1234 3625 1453 3688 auditis,
1479 3625 1575 3689 ait,
1600 3639 1784 3679 vocem
1832 3626 1914 3679 in-

339 3726 701 3787 terrogantem
727 3758 741 3781 ,
786 3718 831 3770 si
867 3716 1112 3771 columba
1138 3718 1250 3787 jam
1287 3727 1476 3786 parata
1522 3716 1629 3771 sit?
1662 3716 1793 3770 Erat
1825 3732 1916 3770 au-

339 3816 446 3860 tem
473 3807 761 3877 crystallus
789 3822 914 3861 cum
953 3806 1195 3876 reliquiis
1226 3816 1537 3861 sanctorum
1571 3806 1769 3860 lectulo
1798 3804 1915 3873 ejus

338 3913 625 3967 appensus,
656 3912 910 3966 cumque,
943 3898 987 3951 si
1028 3908 1204 3951 tamen
1235 3897 1335 3950 rite
1363 3897 1731 3961 recordamur,
1761 3911 1917 3951 soror

336 3986 454 4056 ejus
482 3986 758 4042 Christina
790 3987 994 4041 diceret
1021 4026 1034 4052 ,
1077 3987 1179 4040 hoc
1222 3986 1342 4040 ideo
1390 3987 1489 4040 sibi
1522 3987 1696 4039 visum
1726 3985 1913 4049 fuisse,

341 4090 399 4134 ut
448 4080 800 4149 ligamentum
831 4077 1089 4147 crystalli,
1136 4078 1276 4145 quod
1333 4090 1435 4130 non
1486 4076 1617 4129 satis
1662 4084 1917 4129 accurate

338 4179 583 4241 paratum
617 4176 759 4231 erat,
787 4167 1119 4230 emendaret,
1150 4166 1251 4219 hoc
1285 4165 1355 4217 ita
1397 4180 1517 4218 esse
1556 4179 1709 4234 posse
1739 4164 1913 4228 dixit;

336 4276 401 4315 ea
428 4260 568 4313 enim
610 4266 664 4313 et
706 4265 830 4311 ante
858 4255 1086 4319 febrem,
1116 4265 1169 4309 et
1197 4255 1311 4323 ipsa
1356 4256 1589 4308 maxime
1633 4252 1768 4308 febri
1814 4254 1915 4307 sibi

339 4354 671 4409 consuetudo
726 4359 864 4414 erat,
918 4359 976 4403 ut
1024 4350 1067 4403 si
1124 4351 1338 4417 quando
1392 4350 1750 4417 quodcunque
1795 4349 1915 4413 hoc,

341 4444 483 4515 quod
529 4444 673 4512 loqui
728 4441 1055 4505 intenderat,
1108 4440 1500 4509 intercepisset,
1554 4448 1609 4493 et
1656 4440 1721 4493 ad
1773 4438 1915 4492 aliud

2020 3267 2298 3320 hominum
2332 3268 2433 3322 huc
2457 3268 2642 3337 sejam
2668 3268 2933 3323 dicturam
2961 3284 3078 3323 esse
3103 3272 3418 3324 testabatur.
3446 3271 3598 3337 Quod

2018 3372 2121 3425 qua
2152 3358 2362 3412 ratione
2392 3358 2670 3411 declarare
2702 3374 2806 3411 non
2833 3360 3109 3424 meruerit,
3142 3361 3337 3415 viderit
3362 3363 3451 3430 qui
3476 3379 3602 3431 pos-

2018 3449 2108 3501 sit.
2144 3448 2273 3501 Illud
2319 3464 2449 3502 sane
2498 3448 2758 3503 credibile
2786 3458 2891 3513 est,
2942 3451 3116 3519 magni
3149 3467 3266 3504 eam
3295 3451 3494 3520 aliquid
3544 3461 3600 3507 et

2018 3535 2183 3589 divini
2234 3537 2479 3591 vidisse:
2536 3553 2710 3606 neque
2732 3538 2892 3608 .enim
2934 3555 3158 3607 parvum
3201 3550 3253 3594 et
3305 3541 3597 3595 humanum

2018 3641 2137 3680 esse
2170 3635 2403 3697 poterat,
2452 3628 2596 3696 quod
2629 3628 2709 3680 vel
2742 3635 2905 3681 tanta:
2936 3628 3351 3697 pulchritudinis
3374 3640 3427 3684 ct
3472 3646 3600 3685 sua-

2020 3720 2205 3773 vitatis
2262 3720 2377 3788 ipsa
2418 3735 2537 3774 esse
2576 3719 2794 3786 dixerit,
2835 3720 2917 3774 vel
2950 3721 3093 3788 quod
3134 3736 3255 3775 cum
3300 3731 3448 3776 tanto
3494 3731 3599 3779 trc-

2020 3827 2169 3865 more
2200 3811 2311 3880 ipsa
2343 3811 2693 3880 suspiciebat.

2635 3919 2862 3975 CAPUT
2906 3920 2987 3974 Vl.

2022 4010 2161 4063 Mira
2208 4008 2565 4062 llathnmodw
2613 4011 2776 4077 pietas
2805 4026 2926 4078 erga
2972 4020 3214 4074 matrem,
3244 4022 3290 4064 et
3322 4013 3375 4065 in
3412 4024 3597 4065 aucto-

2091 4096 2213 4135 rem.
2240 4080 2523 4147 horumque
2540 4096 2600 4131 ac
2618 4080 2849 4130 omnium
2867 4096 2987 4148 erga
3010 4079 3402 4134 llatlmmodnm
3427 4099 3598 4145 antur,

2088 4160 2135 4202 et
2163 4149 2513 4212 observantia,
2541 4150 2595 4199 in
2622 4155 2851 4201 extremo
2876 4150 3053 4201 morbo
3082 4152 3327 4204 maxime.

2091 4262 2196 4316 Sed
2224 4271 2279 4315 et
2328 4260 2585 4315 nomiulla
2628 4260 2736 4313 alia
2760 4276 2881 4315 eam
2910 4262 2992 4315 vel
3029 4262 3245 4316 audisse
3269 4263 3349 4317 vel
3381 4263 3597 4325 vidisse,

2021 4352 2222 4423 liquido
2262 4361 2430 4421 patet.
2473 4351 2607 4404 Nam
2649 4351 2966 4421 plerumque
3017 4353 3085 4407 ab
3130 4354 3436 4407 astantibus
3480 4355 3603 4422 quis

2020 4453 2161 4498 esset
2188 4443 2460 4511 strepidus
2483 4442 2778 4504 etsonitus,
2805 4457 2964 4509 quem
2989 4441 3222 4503 audiret,
3253 4442 3598 4510 requirebat,

340 4537 470 4608 quid
519 4536 789 4590 invertere
817 4541 1123 4596 conaretur,
1158 4548 1261 4585 non
1296 4533 1347 4584 in
1375 4546 1438 4584 eo
1481 4531 1788 4594 inhaereret,
1821 4531 1914 4584 sed
1946 4508 1995 4566 ί)
2024 4525 2339 4602 plerumque
2367 4531 2677 4593 admonuit,
2717 4539 2775 4583 ut
2804 4530 3051 4583 audirent
3079 4530 3159 4583 vel
3192 4530 3367 4600 qualis
3398 4540 3602 4601 tempe—

344 4633 528 4686 statim
570 4632 643 4685 ita
682 4644 840 4700 posse
878 4644 999 4682 esse
1044 4628 1425 4697 respondisset.
1470 4624 1699 4678 Maxime
1741 4630 1919 4674 tamen

348 4727 401 4777 in
429 4724 513 4778 his
544 4724 646 4777 hoc
675 4723 775 4776 sibi
800 4720 1149 4788 displicebat,
1176 4718 1220 4771 si
1249 4717 1465 4787 quando
1495 4716 1797 4782 cuicunque
1820 4710 1917 4764 ali-

336 4816 469 4886 quid
511 4814 773 4868 secretius
818 4812 1160 4865 committere
1209 4808 1436 4870 volebat,
1493 4815 1548 4860 et
1590 4807 1722 4875 ipse,
1766 4803 1920 4871 cujus

341 4904 463 4957 fidei
532 4902 634 4955 hoc
674 4900 1119 4955 committendum
1170 4898 1388 4967 dignum
1432 4896 1616 4956 duxit,
1684 4893 1916 4959 aliquem

343 4994 509 5047 alium
543 4991 1017 5045 iutermiscembnu
1042 4989 1276 5057 putavit;
1306 4988 1448 5055 quod
1472 4986 1553 5039 vel
1580 5001 1645 5039 ex
1689 4984 1770 5037 his
1802 4996 1920 5051 quae

345 5090 650 5150 sequuntur
679 5079 810 5133 satis
836 5078 1043 5133 ostendi
1073 5086 1268 5147 potest.

410 5172 653 5239 Quadam
682 5170 767 5226 die
792 5186 917 5226 cum
947 5170 997 5223 in
1035 5170 1228 5225 lectulo
1257 5168 1493 5237 jaceret,
1539 5178 1595 5223 et
1625 5182 1777 5223 soror
1802 5166 1919 5235 ejus

337 5264 647 5332 Gcrberga,
690 5277 809 5330 quae
837 5264 885 5316 ei
937 5261 1170 5315 maxime
1204 5261 1487 5314 familiaris
1532 5271 1670 5325 erat,
1722 5258 1918 5312 lectulo

336 5357 453 5425 ejus
480 5353 778 5418 assisteret,
807 5352 1097 5424 quamdam
1122 5353 1170 5406 ei
1199 5359 1406 5407 secreto
1431 5351 1714 5413 visionem,
1739 5350 1916 5404 omni-

334 5449 433 5500 bus
489 5443 611 5495 aliis
638 5448 881 5508 remotis,
920 5452 1261 5498 narraturatn
1300 5458 1420 5497 esse
1459 5444 1705 5509 dicebat;
1748 5458 1920 5512 neque

2024 4631 2135 4677 stas
2175 4631 2338 4686 esset,
2372 4621 2455 4673 vel
2509 4621 2560 4673 in
2616 4620 2760 4689 quali
2824 4620 3056 4674 mundus
3106 4622 3488 4683 commotione,
3546 4623 3600 4675 in

2023 4711 2163 4780 quali
2194 4711 2543 4775 turbnlentia,
2576 4711 2626 4763 in
2672 4709 2816 4778 quali
2867 4711 3163 4764 certamine
3194 4712 3400 4779 positus
3440 4711 3601 4767 foret.

2022 4801 2174 4868 Quod
2202 4802 2417 4870 quidem
2445 4814 2509 4853 ex
2554 4798 2884 4853 infirmitatis
2927 4798 3332 4869 magnitudine,
3377 4808 3434 4852 ttt
3471 4816 3603 4854 non-

2024 4906 2297 4958 nunquam
2332 4890 2578 4943 accidere
2607 4889 2768 4953 solet,
2814 4888 2916 4942 sibi
2947 4890 3121 4941 visum
3168 4886 3334 4941 fuisse
3378 4888 3604 4942 credere

2028 4996 2332 5051 possemus,
2380 4981 2424 5035 si
2476 4996 2581 5035 non
2629 4996 2692 5035 ea
2742 4995 2860 5049 qua:
2898 4979 3261 5048 prannisimus
3306 4979 3450 5032 aliud
3508 4995 3608 5034 nos

2028 5075 2248 5128 credere
2269 5074 2680 5141 persuaderent.
2711 5071 2845 5126 Illud
2870 5086 3000 5126 sane
3023 5071 3194 5125 cuivis
3221 5070 3417 5123 mirtnn
3440 5069 3611 5123 videri

2028 5172 2226 5233 potest,
2256 5178 2314 5217 se
2362 5162 2565 5231 aliquid
2623 5162 2818 5217 horum
2851 5175 2974 5228 quae
3002 5163 3209 5216 viderat
3246 5161 3403 5213 matri
3436 5160 3615 5213 celare

2026 5252 2288 5323 potuisse,
2323 5252 2445 5319 quia
2493 5252 2651 5306 unice
2702 5266 2825 5307 eam
2872 5265 3089 5323 semper
3135 5246 3412 5316 diligebat,
3459 5250 3617 5302 unice

2029 5343 2377 5397 reverebatur
2403 5359 2413 5393 :
2450 5341 2723 5409 siquidem
2759 5341 2832 5393 ita
2860 5354 3083 5413 semper
3114 5335 3185 5399 ei,
3218 5350 3281 5388 ac
3304 5337 3349 5389 si
3375 5337 3620 5405 parvula,

2027 5432 2289 5497 blandita,
2341 5440 2398 5485 ut
2449 5431 2645 5487 ancilla
2678 5434 2730 5485 in
2760 5430 3028 5489 omnibus
3060 5430 3235 5483 fuerat
3256 5425 3533 5480 obsecuta.
3568 5425 3627 5479 Si

2032 5540 2145 5548 -..ηε
2176 5524 2492 5548 .-.-.....Ιη,-..Α
2542 5527 2883 5548 -.-ιν-..ἶηηληι
2923 5517 3314 5548 -I!_..nnln‘nn|
3349 5520 3475 5548 ινῖιιῖι
