4482 5548
863 455 997 510 1179

1841 434 1931 487 AD
1970 429 2195 485 OPEliA
2235 419 2697 481 llllOTSUITIIIE
2738 418 3094 473 APPENDIX.

3959 414 4091 471 1180

858 568 907 621 ei
935 562 1217 619 admodum
1245 566 1450 629 gratam
1489 568 1607 608 esse
1636 550 1859 610 sciebat,
1891 540 2091 612 aliquid
2133 555 2191 594 se
2231 546 2285 592 et
2328 551 2422 590 au-
2449 542 2496 599 Α
2527 532 2654 599 ipsa:
2708 528 2957 629 lectulum
3006 539 3357 629 lcoiriponere,
3410 525 3682 594 pulvillum
3717 525 3875 596 capiti
3904 543 4092 597 suppo-

861 655 970 711 ditu
997 650 1313 724 jucundum,
1346 655 1399 699 et
1422 643 1551 697 utile
1587 640 1653 694 ad
1704 633 2106 692 memorandum
2156 629 2425 724 invenisse

861 718 1108 807 dicebat,
1134 740 1275 811 quod
1303 739 1349 792 ei
1387 737 1564 806 legere
1599 730 1839 786 deberet.
1877 726 2008 792 Quis
2048 732 2226 777 autem
2270 718 2429 788 digne

861 834 1090 904 explicet
1143 838 1344 898 quanto
1377 824 1569 894 gaudio
1606 820 1760 877 solita
1790 832 1916 887 erga
1948 816 2111 870 Deum
2143 812 2428 904 devotione

860 901 1229 985 exsultaverit,
1255 917 1397 988 quod
1426 924 1596 970 mater
1632 910 1847 980 cognita
1877 908 1927 961 in
1955 907 2056 960 hoc
2092 905 2208 972 ejus
2244 901 2429 956 volun-

864 1027 971 1074 tate
993 1016 1058 1069 ad
1080 1027 1198 1068 eam
1226 1006 1598 1064 laetificandam
1622 1017 1676 1058 se
1696 1002 1810 1070 jam
1832 1014 1899 1054 ex
1925 996 2013 1051 illo
2038 996 2156 1050 loco
2185 1008 2289 1047 non
2312 1005 2430 1045 esse

862 1115 1055 1168 ituram
1102 1100 1455 1163 simulaverit,
1488 1097 1595 1150 Deo
1643 1092 1844 1163 gratias
1892 1102 2086 1159 agens,
2115 1093 2168 1139 et
2201 1092 2428 1136 matrem

860 1200 1058 1261 osculis
1105 1192 1438 1254 demulcens,
1469 1202 1533 1242 ac
1578 1183 1824 1239 manibus
1867 1178 2233 1248 complexans,
2269 1184 2430 1243 atque

860 1291 1157 1353 sororibus,
1209 1283 1337 1354 quid
1381 1279 1482 1336 sibi
1523 1273 1854 1347 promiserit,
1904 1270 2098 1325 iterum
2130 1268 2431 1331 iterumque

862 1382 1140 1440 revolvens
1159 1379 1183 1431 ?

928 1472 1082 1542 Quod
1131 1469 1308 1524 minus
1355 1463 1549 1519 mirutn
1590 1457 1821 1522 videtur,
1863 1468 1986 1508 cum
2036 1452 2196 1505 etiam
2236 1456 2431 1501 nostra:

859 1561 1172 1636 exiguitatis
1216 1552 1643 1625 indignissimam
1677 1546 1995 1617 parvitatem
2028 1551 2081 1596 et
2106 1553 2236 1593 sana
2262 1549 2430 1636 supra

860 1628 1075 1713 modum
1106 1646 1424 1708 excoluerit,
1458 1641 1637 1709 etjam
1664 1637 1874 1693 inﬁrma
1912 1633 2130 1688 immani
2166 1628 2430 1683 desiderio

862 1747 1041 1801 videre
1069 1737 1351 1810 eupiverit.
1403 1733 1534 1787 Nam
1588 1731 1638 1784 in
1690 1729 1806 1798 ipso
1847 1725 2027 1781 statim
2060 1738 2167 1777 sua:
2197 1728 2429 1810 :cgrota-

860 1834 1020 1891 tionis
1044 1806 1197 1885 initio
1222 1825 1396 1888 nobis,
1415 1818 1749 1876 dissimulato
1768 1823 1945 1868 tamen
1968 1828 2077 1867 sum
2105 1806 2430 1863 infirmitatis

857 1934 1068 1985 nuntio,

857 2024 1034 2071 autem
1071 2019 1234 2066 testes
1271 2008 1424 2069 estis,
1452 2013 1506 2057 et
1536 2003 1694 2063 Deus,
1744 1997 1834 2065 qui
1877 2002 2075 2048 sanctze
2111 1990 2299 2042 annuae
2331 1988 2429 2040 laoc

858 2106 1093 2161 tribuere
1122 2099 1298 2157 debet,
1344 2108 1463 2148 cum
1515 2096 1715 2158 quanta
1763 2083 2145 2142 exsultatione,
2172 2084 2430 2146 quantum

858 2198 1144 2257 infirmitas
1174 2190 1405 2248 sinebat,
1447 2199 1542 2239 nos
1573 2179 1917 2235 advenientes
1950 2170 2276 2239 susceperit;
2308 2183 2430 2221 cum

856 2298 1053 2360 quanta
1097 2282 1362 2339 cbaritate
1414 2281 1707 2345 praesentes
1759 2266 2016 2327 tenuerit;
2063 2279 2183 2315 cum
2232 2267 2431 2360 quanta

855 2349 1236 2436 sollicitudine,
1288 2379 1344 2424 ut
1394 2380 1521 2422 cura
1568 2362 1737 2417 nostri
1767 2349 2430 2421 baberetur,jngiterad-

856 2469 1127 2530 monuerit
1150 2483 1163 2534 ;
1188 2479 1307 2522 cum
1328 2468 1526 2533 quanta
1554 2454 1823 2510 anxietate
1851 2459 1904 2505 et
1932 2460 2216 2519 parump'r
2242 2442 2430 2497 cellula

856 2574 1099 2634 egressos
1154 2571 1251 2611 nos
1304 2548 1641 2622 requisierit;
1694 2560 1813 2597 cmn
1856 2550 2053 2610 quanta
2122 2534 2433 2589 assiduitate

856 2627 1049 2713 nomen
1085 2658 1323 2704 nostrum
1369 2642 1710 2713 ingeminans
1757 2637 1907 2706 plura
1962 2633 2239 2686 nobiscmn
2286 2627 2431 2695 loqui

856 2743 1163 2803 tentavcrit,
1219 2753 1341 2792 cum
1383 2743 1584 2804 quanlo
1636 2729 1819 2784 dolore
1863 2741 1961 2779 nos
2011 2734 2116 2776 tam
2166 2721 2313 2775 tarde
2346 2734 2433 2771 ve-

856 2838 999 2891 nisse
1038 2829 1379 2902 ingemuerit.
1410 2827 1632 2878 Par-vam
1664 2836 1798 2882 rem,
1834 2829 1888 2871 ut
1917 2815 2234 2885 quibusdam
2263 2812 2430 2865 videri

855 2934 1068 2996 potest,
1105 2901 1633 2977 extraordinariam,
1682 2910 1772 2964 sed
1827 2918 2003 2962 tamen
2053 2903 2275 2958 affectus
2319 2901 2433 2968 ejus

858 2991 983 3082 erga
1022 3025 1121 3063 nos
1152 3007 1383 3061 indicem
1409 3001 1603 3057 dicturi
1634 3015 1837 3054 sumus.
1871 2997 1925 3048 Si
1958 2994 2171 3064 quando
2202 2993 2355 3045 aliter
2382 2991 2431 3043 in

855 3101 1038 3156 dolore
1087 3096 1153 3151 ad
1202 3094 1403 3162 aliquid
1451 3088 1773 3160 gustandum
1823 3086 2011 3138 adduci
2057 3098 2161 3137 non
2200 3090 2431 3149 poterat,

854 3194 952 3247 hac
976 3198 1091 3243 arte
1112 3186 1212 3241 sibi
1238 3196 1575 3254 persuasum,
1603 3178 1645 3232 si
1672 3187 1764 3230 aut
1788 3193 1815 3229 a
1851 3174 2001 3227 nobis
2028 3173 2425 3233 transmissum,

856 3290 951 3334 aut
990 3294 1018 3331 a
1047 3277 1199 3331 nobis
1229 3281 1475 3343 paratum
1509 3269 1800 3321 diceretur.
1833 3264 1906 3317 Eo
1934 3278 2146 3332 quoque
2184 3276 2289 3328 quo
2334 3260 2424 3311 ad-

855 3367 1101 3422 venimus
1122 3364 1228 3426 die,
1256 3360 1387 3415 cibis
1409 3372 1589 3412 coram
1612 3370 1667 3408 se
1697 3354 1890 3414 allatis,
1932 3367 2027 3403 nos
2056 3347 2431 3414 vocatijnssit,

853 3464 908 3511 et
936 3462 1196 3524 quantum
1227 3448 1428 3519 potuit,
1466 3458 1646 3499 coram
1687 3441 1840 3495 nobis
1874 3439 2239 3498 manducavit,
2274 3446 2432 3504 atque

854 3542 1242 3600 consolationis
1293 3548 1489 3593 nostra:
1538 3536 1708 3607 gratia
1751 3542 1856 3586 tam
1890 3533 2007 3585 laete
2037 3545 2093 3583 se
2128 3544 2222 3598 per
2251 3527 2431 3581 omnia

856 3636 1135 3689 continere
1175 3629 1485 3691 contendit,
1534 3636 1595 3681 ut
1635 3625 1924 3679 maximam
1967 3636 2114 3690 spem
2147 3619 2433 3674 evadendi!)

856 3724 1049 3779 mortis
1097 3722 1213 3792 ejus
1268 3719 1697 3787 conciperemus.
1756 3714 1873 3768 Jam
1919 3728 2046 3766 vero
2087 3725 2308 3778 vespere
2354 3710 2434 3761 in.

856 3821 1103 3884 gruentc,
1146 3818 1338 3864 cuncta
1384 3809 1436 3860 in
1473 3806 1802 3861 contrarium
1835 3816 2007 3863 versa,
2048 3800 2304 3869 gaudium
2340 3812 2435 3849 no-

856 3914 1026 3962 strum
1064 3904 1115 3957 in
1146 3914 1453 3963 maerorem,
1484 3912 1632 3967 spem
1660 3896 1709 3949 iu
1733 3892 2167 3963 desperationem
2193 3902 2436 3942 commn-

858 4002 1127 4048 taverunt.
1174 3990 1304 4042 Nam
1351 3989 1423 4040 ita
1465 3986 1683 4039 morbus
1714 3985 2117 4052 ingrauescere,
2150 3988 2203 4031 et
2234 3979 2431 4030 sensim

856 4099 952 4154 per
996 4080 1203 4149 singula
1249 4084 1519 4131 momenta
1560 4087 1808 4127 crescere
1861 4072 2061 4138 cmpit,
2112 4077 2168 4121 ut
2217 4081 2431 4119 onmem

857 4185 1006 4241 spem
1038 4166 1418 4236 recuperanda:
1457 4163 1645 4217 salutis
1682 4175 1790 4215 sure
1822 4159 2223 4217 amitteremus,
2260 4163 2313 4207 et
2344 4168 2431 4207 so-

858 4264 962 4315 lam
1008 4270 1234 4312 mortem
1272 4253 1388 4322 cjus
1432 4259 1886 4321 exspectaremus.
1935 4247 1989 4299 In
2018 4262 2121 4314 qua
2161 4244 2434 4313 languoris

861 4363 1037 4405 tamen
1065 4347 1311 4401 molestia
1337 4355 1391 4399 et
1426 4343 1674 4396 meritum
1704 4339 1819 4407 ejus
1846 4353 1970 4406 erga
2005 4352 2119 4395 nos,
2150 4345 2201 4388 et
2234 4343 2432 4397 vester,

857 4436 1213 4494 sanctissima:
1245 4446 1466 4489 sorores
1492 4470 1507 4495 ,
1539 4444 1665 4499 erga
1712 4442 1830 4481 cam
1871 4428 2095 4479 allectus
2131 4432 2185 4476 et
2223 4423 2435 4476 devotio

856 4540 1071 4586 οδιθῐιειι
1099 4538 1201 4581 εει.

926 4620 1111 4674 Primo
1151 4615 1392 4670 omnium
1443 4608 1769 4665 venerabilis
1800 4608 1961 4661 amita
2008 4604 2143 4673 ejus,
2187 4602 2434 4672 quamvis

851 4712 962 4781 jam
1012 4706 1317 4778 grandaeva,
1350 4710 1405 4755 et
1460 4699 1611 4753 senio
1648 4696 1911 4757 confecta,
1968 4702 2228 4764 quantum
2285 4691 2436 4745 dolor

856 4780 974 4855 eam
1003 4799 1193 4850 adesse
1214 4788 1577 4862 permittebat,
1602 4795 1657 4841 et
1680 4784 1944 4839 indefesse
1964 4782 2268 4836 assistebat.
2288 4780 2432 4832 Prae-

856 4889 1031 4961 posita
1078 4879 1416 4938 monasterii,
1465 4876 1566 4929 etsi
1628 4872 1957 4927 multimodis
1993 4868 2436 4939 occupationibus

856 4994 1065 5051 pressa,
1100 4992 1128 5029 a
1160 4974 1358 5028 lectulo
1396 4970 1511 5037 ejus
1541 4982 1639 5022 nec
1683 4980 1972 5035 parumper
2002 4964 2217 5031 quidem
2251 4964 2441 5014 absce-

858 5072 1037 5127 debat.
1066 5069 1302 5127 Decana,
1331 5071 1386 5117 et
1414 5072 1597 5114 custos
1618 5057 2157 5124 ecclesize,quantum
2188 5054 2428 5108 custodia

858 5164 963 5219 illis
1006 5158 1293 5216 commissa
1360 5153 1687 5223 patiebatur,
1740 5158 1795 5202 et
1842 5147 2152 5217 frequenter
2181 5145 2430 5199 advenie-

857 5254 871 5272 1
901 5261 980 5272 -ςι
1045 5259 1087 5272 ,ι
1117 5261 1329 5272 --.νε-ιρις...
1363 5244 1551 5272 ιιιιιιι-ρῆ
1594 5238 1836 5272 unlnhtnl
1914 5237 2022 5272 Ῐιιηι
2054 5251 2182 5272 vorn
2214 5235 2431 5272 rnlimim

2528 633 2655 673 nere
2678 635 2690 682 ;
2727 620 2895 685 ipsam
2927 618 2978 669 in
3003 615 3197 670 lectulo
3218 614 3482 669 elevatam
3504 631 3731 685 corpore
3757 631 3854 671 Suo
3877 631 4089 672 susten-

2529 723 2665 774 tarc,
2693 725 2883 764 manus
2944 708 3159 774 fricare,
3193 714 3352 777 pedes
3381 707 3698 772 calefacere,
3729 712 4090 763 stomachum-

2528 819 2631 873 que
2660 802 2974 863 confovere;
3009 800 3137 869 ipsze
3170 808 3483 852 azstuantem
3512 797 3718 854 ﬂabello
3753 799 4090 869 refrigerare,

2529 896 2778 951 sudorem
2810 893 3127 947 defluentem
3163 890 3382 945 linteolo
3435 892 3745 962 detergere;
3785 893 3909 961 ipsa:
3964 894 4090 944 cali-

2530 990 2649 1045 dam
2674 1002 2867 1057 aquam
2897 986 2961 1040 ad
3003 985 3287 1038 lavandum
3331 994 3653 1062 temperare,
3697 983 3872 1037 cibum
3907 998 4094 1051 parare

2530 1079 2688 1134 simul
2738 1088 2791 1131 et
2844 1092 3135 1146 apponere,
3204 1084 3257 1129 et
3315 1076 3366 1128 in
3413 1076 3661 1129 otnnibus
3717 1090 3837 1143 qua:
3892 1077 4093 1143 agenda

2529 1179 2699 1233 erant,
2724 1169 2957 1239 singulas
2988 1167 3303 1236 prmvenire.

2602 1258 2775 1328 Snpcr
2801 1258 2979 1310 omnia
3040 1266 3211 1310 mater
3258 1256 3593 1310 admirabilis
3642 1255 3880 1311 dolorem
3938 1257 4098 1310 inter-

2532 1365 2658 1402 num
2694 1348 2839 1401 vultu
2893 1348 3167 1417 plaeidiori
3211 1358 3413 1419 tegens,
3461 1358 3753 1402 maerentes
3808 1348 4099 1411 consolari,

2531 1439 2719 1492 flentes
2774 1453 3138 1507 compescere,
3188 1439 3423 1508 singulas
3463 1438 3696 1508 alloquio
3737 1455 3832 1492 suo
3876 1439 4103 1492 delinire

2531 1529 2811 1593 studebat;
2846 1528 2977 1582 alios
3024 1529 3136 1595 ipsa
3193 1529 3498 1582 consolatus
3541 1543 3658 1581 esse
3706 1529 3947 1597 cupiens,
3985 1544 4104 1596 qua:

2531 1619 2877 1685 semetipsum
2904 1616 3167 1669 consolari
3198 1632 3301 1669 non
3348 1625 3577 1685 poterat.
3615 1616 3840 1681 Quantis
3872 1617 3980 1684 ipsa
4009 1634 4103 1687 ge-

2532 1709 2750 1762 mitibus
2800 1709 2941 1761 inter
2969 1708 3251 1762 ecclesiam
3290 1720 3342 1762 et
3391 1708 3640 1762 lectulum
3680 1709 3799 1763 filim
3831 1711 4100 1764 discurre-

2535 1800 2651 1852 bat!
2685 1802 2950 1865 Qnantum
2980 1807 3106 1852 ante
3156 1809 3461 1853 sanctorum
3490 1803 3723 1854 tumbam
3766 1804 3816 1854 tu
3861 1803 3897 1855 it
3931 1802 4102 1871 lacry-

1117 1928 1175 1973 ut
1218 1887 1543 1971 omnimodis
1593 1908 1929 1967 veniremus,
1980 1900 2275 1955 mandavit.
2331 1898 2431 1949 Vos
2466 1887 2507 1945 Β
2538 1906 2766 1953 marum,
2801 1906 2868 1944 ne
2894 1890 2998 1942 filia
3033 1893 3369 1959 privaretur;
3399 1901 3454 1944 ut
3482 1909 3577 1960 pro
3611 1893 3692 1944 illa
3730 1893 3839 1961 ips.t
3865 1910 4101 1947 mum-6-

2537 1989 2641 2042 tur,
2670 1990 2746 2043 ut,
2776 1979 2916 2032 sicut
2945 1980 2998 2033 in
3036 1980 3172 2033 hanc
3216 1982 3385 2034 lucem
3441 1983 3586 2050 prior
3614 1983 3925 2044 intraverat,
3958 1984 4026 2036 ita
4052 1993 4108 2036 et

2534 2070 2600 2121 ab
2637 2070 2734 2121 hac
2773 2070 2888 2122 lucc
2931 2069 3079 2136 prior
3108 2069 3391 2139 migraret!
3432 2070 3726 2139 Aliquotics
3775 2072 3825 2123 in
3877 2073 3989 2139 ipso
4040 2074 4106 2125 ad

2535 2158 2697 2208 tiliam
2730 2172 2950 2211 accessu
2981 2157 3153 2221 laesit,
3188 2160 3518 2228 gradumque
3560 2161 3857 2222 revocavit;
3889 2164 3960 2213 ita
3995 2164 4107 2214 for—

2536 2248 2735 2300 tissima
2762 2250 3083 2301 feminarum
3124 2250 3388 2303 dubitavit
3416 2266 3550 2319 pene
3583 2253 3708 2320 quid
3737 2252 3913 2305 facere
3947 2254 4111 2307 debe-

2534 2345 2658 2389 ret:
2692 2351 2881 2390 vocare
2913 2352 3038 2403 una,
3093 2353 3348 2391 revocare
3391 2338 3597 2403 altera;
3663 2340 3750 2392 illa
3794 2342 3997 2393 hortari
4053 2349 4111 2391 nt

2534 2427 2618 2482 vel
2648 2428 2768 2483 tilia:
2796 2430 3061 2495 supremis
3098 2430 3328 2483 adesset.
3384 2430 3519 2495 Quid
3552 2431 3712 2498 igitur
3739 2430 3975 2485 faceret?
4007 2432 4112 2485 Vu-

2534 2523 2691 2575 cabat
2719 2522 2910 2590 pietas,
2942 2520 3092 2575 dolor
3117 2522 3421 2576 revocabat.
3452 2522 3753 2576 Accedebat
3789 2532 3983 2585 tamen,
4017 2523 4113 2575 sed

2533 2624 2845 2668 aestuantem
2892 2616 2943 2666 in
2976 2625 3148 2668 morte
3185 2614 3345 2667 filiam
3376 2616 3554 2669 videre
3588 2631 3689 2668 non
3723 2625 3951 2683 poterat.
3987 2614 4110 2668 Dis-

2533 2704 2777 2768 ccdebat,
2810 2703 2902 2757 sed
2926 2704 3126 2757 dnlcnti
3156 2704 3275 2757 filiae
3303 2705 3490 2757 abesse
3520 2720 3621 2757 non
3663 2713 3892 2773 poterat.

3129 2813 3355 2869 CAPUT
3400 2816 3501 2868 νη.

2536 2904 2669 2975 Ejus
2693 2906 2835 2974 jugis
2855 2904 3165 2972 psalmodia,
3193 2916 3237 2956 et
3263 2905 3323 2957 de
3351 2906 3497 2957 rebus
3528 2906 3712 2958 dit-iiiis
3741 2922 3926 2959 sermo.
3958 2904 4115 2959 Com-

2604 2988 2796 3027 motum
2823 2977 3049 3026 absentis
3095 2975 3315 3035 abbatis,
3344 2985 3390 3025 et
3429 2976 3686 3027 sodalium
3721 2976 3953 3027 animum
4002 2994 4115 3028 mo-

2607 3045 2745 3096 ranti
2774 3045 2913 3111 apud
2936 3060 2987 3095 se
3011 3044 3213 3109 longius
3241 3045 3440 3096 uiictori
3464 3045 3779 3111 manifestat.

2604 3154 2830 3223 Jamque
2862 3168 3058 3222 corpus
3091 3154 3347 3221 paulatim
3377 3154 3605 3207 deﬁcere
3641 3153 3818 3221 coepit,
3849 3162 3900 3207 et
3932 3163 4116 3207 tamen

2456 3221 2499 3279 C
2538 3260 2689 3299 mens
2721 3221 2857 3299 eicio
2898 3221 3100 3299 intenta
3132 3244 3285 3297 firma
3316 3244 3575 3303 durabat;
3619 3244 3841 3297 canebat
3869 3260 3970 3297 una
4022 3232 4161 3299 ηο-⁸

2537 3340 2743 3392 biscum
2807 3338 3121 3406 plerumque
3197 3338 3412 3391 eosdem
3487 3339 3740 3407 psalmos,
3796 3338 4115 3406 plerumque

2534 3428 2686 3491 alios,
2722 3426 3037 3495 plerumque
3066 3428 3324 3495 quosdam
3352 3429 3579 3496 Sparsim
3609 3444 3669 3481 ex
3724 3427 3978 3496 psalterio
3996 3443 4116 3479 ver—

2537 3532 2628 3570 sus
2662 3518 2732 3569 ita
2770 3531 3014 3569 conuexo
3062 3516 3161 3569 sibi
3212 3516 3401 3569 ordine
3441 3514 3680 3581 junctus,
3707 3525 3763 3568 ut
3788 3516 3975 3569 eodem
4008 3517 4117 3585 spi-

2538 3607 2660 3669 titn,
2686 3620 2792 3673 quo
2820 3606 3004 3673 scripti
3040 3612 3216 3669 erant,
3250 3614 3301 3658 et
3324 3614 3520 3659 sancite.
3550 3605 3839 3674 cjnsmetzti
3872 3606 4115 3672 inspirati

2537 3712 2639 3747 non
2673 3696 3069 3749 dubitarentur.
3095 3694 3240 3748 Inter
3266 3695 3617 3764 psalmodiam
3666 3702 3718 3749 et
3744 3710 3951 3763 preces,
3972 3710 4118 3746 sent-

2536 3802 2631 3854 per
2660 3788 2713 3839 in
2750 3800 2844 3838 ore
2869 3785 2986 3851 ejus
3032 3785 3309 3849 Dominus,
3340 3800 3551 3852 semper
3592 3785 3643 3837 in
3675 3784 3836 3837 corde
3865 3782 4116 3836 Christus

2536 3886 2684 3941 erat;
2718 3888 2768 3930 et
2801 3878 2900 3929 nisi
2941 3876 3212 3945 paululum
3246 3876 3400 3946 quasi
3432 3877 3496 3928 ad
3530 3878 3896 3929 dormiendum
3928 3875 4115 3927 oculos

2537 3967 2908 4027 obclausisset,
2940 3982 3153 4035 semper
3180 3979 3272 4018 aut
3306 3966 3585 4034 psallebat,
3620 3974 3712 4017 aut
3747 3966 3810 4017 de
3855 3979 3963 4017 sua:
3992 3964 4114 4016 ani-

2538 4073 2636 4110 ma:
2673 4058 2843 4111 salute
2897 4056 3234 4130 loquebatur.
3270 4054 3495 4108 i’eccata
3526 4071 3619 4107 sua
3648 4055 3992 4123 cogitatione,
4034 4052 4117 4105 lo-

2537 4149 2750 4199 cutione
2776 4154 2829 4198 et
2878 4160 3040 4213 opere
3072 4154 3374 4213 perpetrata
3421 4143 3623 4212 jugiter
3657 4143 4026 4206 confitebatur,
4059 4156 4117 4206 et

2537 4238 2579 4290 si
2615 4252 2775 4305 quam
2806 4250 2903 4305 pro
2942 4236 3025 4288 his
3077 4236 3287 4288 veniam
3338 4250 3553 4304 sperare
3593 4235 3812 4287 deberet
3872 4235 4115 4301 require—

2538 4327 2646 4379 bat.
2684 4327 2834 4393 Smpe
2878 4325 3039 4377 etiam
3095 4324 3162 4376 de
3215 4325 3477 4376 bonorum
3526 4332 3580 4377 et
3624 4323 3884 4376 malorum
3936 4324 3986 4374 in
4025 4323 4113 4375 die

2533 4417 2721 4486 jndicii
2748 4416 2829 4469 vel
2870 4416 3152 4479 divisione,
3180 4414 3260 4467 vel
3297 4415 3649 4477 discussione,
3685 4417 3862 4468 ovium
3902 4414 4113 4467 scilicet

2538 4527 2565 4562 a
2599 4509 2821 4570 dextris,
2846 4516 2901 4561 et
2928 4508 3197 4561 btedorum
3221 4522 3247 4559 a
3273 4506 3527 4568 sinistris,
3558 4506 3878 4560 mentionem
3906 4505 4116 4559 faciens

2538 4599 2905 4669 interrogabat
2932 4614 2942 4649 :
2996 4596 3039 4651 si
3086 4598 3207 4665 quis
3254 4604 3379 4649 tunc
3410 4595 3545 4649 forte
3574 4603 3900 4657 sanctorum,
3931 4602 3985 4647 et
4018 4595 4115 4647 bo-

2538 4710 2726 4747 norum
2764 4692 2851 4745 alii
2880 4703 3215 4750 succurrere,
3241 4697 3294 4741 et
3322 4687 3484 4739 alium
3516 4685 3768 4751 adjuvare
3788 4685 4000 4753 posset?
4028 4686 4112 4737 Ad

2539 4784 2785 4836 ultimum
2821 4796 2881 4833 sc
2914 4788 3110 4834 nostra:
3152 4779 3294 4841 fidei,
3327 4786 3379 4829 et
3418 4766 3662 4828 manibus
3704 4774 4110 4835 connuendans,

2537 4852 2699 4926 etiam
2733 4870 2955 4931 Sanctis,
2987 4883 3214 4937 quorum
3265 4866 3505 4934 reliquire
3534 4865 3585 4916 in
3634 4873 3817 4917 nostro
3847 4872 4114 4917 monasteo

2541 4965 2621 5017 rio
2645 4964 2989 5025 haberentur,
3029 4976 3086 5013 se
3114 4968 3309 5014 nostra:
3347 4956 3628 5027 parvitatis
3650 4953 3821 5009 ollicio
3842 4969 4113 5009 commen-

2538 5053 2653 5105 dari
2688 5051 3013 5119 postulabat.

2606 5143 2751 5196 lntcr
2780 5141 2912 5200 lucc,
2955 5153 3018 5192 ac
3044 5136 3086 5190 si
3108 5136 3221 5207 jam
3246 5136 3437 5191 iisdem
3469 5136 3617 5204 ipsis,
3641 5135 3704 5188 de
3730 5133 3922 5202 quibus
3950 5142 4112 5186 antea

2538 5232 2857 5272 Inmmlmtnr
2931 5232 3234 5272 ἰηιρνρςςρι-
3283 5242 3347 5272 an
3390 5228 3432 5272 si
3480 5225 3583 5272 iam
3635 5223 3822 5272 indit-is
3858 5223 4111 5272 tribunali
