4482 5548
885 434 1021 490 M83

1868 435 1959 487 AD
1997 433 2222 490 OPERA
2265 428 2731 486 IIROTSUITHE
2768 428 3131 482 APPENDIX.

4000 430 4133 484 “85

885 559 1123 611 sorores,
1154 561 1259 601 non
1291 555 1398 601 tam
1428 547 1607 602 dolere
1638 546 1865 617 debetis,
1893 546 2035 614 quod
2081 544 2239 598 talem
2278 542 2461 596 atnisi-
2490 554 2535 607 Α
2564 540 2781 610 percula
2814 550 2995 594 secuta
3022 549 3224 594 tantum
3252 540 3304 593 in
3351 553 3449 595 nac
3473 538 3579 593 vita
3606 538 3857 604 eﬂloruit,
3904 550 3961 595 ut
3994 550 4133 596 tem-

882 635 1004 699 stis,
1026 650 1187 705 quam
1213 636 1447 706 gaudere
1475 638 1616 708 quod
1648 636 1805 691 talem
1835 636 2120 699 habuistis,
2163 636 2269 688 imo
2301 636 2463 689 habe-

883 724 992 791 tis;
1028 725 1138 781 Deo
1165 726 1311 781 enim
1338 728 1525 781 vivunt
1546 726 1751 790 omnia,
1783 734 1834 780 et
1858 726 1976 781 ideo
2012 738 2278 780 mortuam
2311 726 2462 780 vobis

880 829 985 868 non
1012 816 1213 883 putetis
1241 830 1403 886 quam
1436 815 1549 871 Deo
1599 818 1779 871 vivere
1803 831 1906 870 non
1938 816 2213 887 ignoratis.
2247 815 2380 870 Nam
2412 817 2457 870 si

877 904 1130 960 Christus
1154 906 1432 961 vobiscum
1455 915 1558 971 est,
1589 906 1696 960 imo
1721 906 1846 976 quia
1872 915 1954 961 est
1980 923 1994 972 ;
2034 906 2148 976 ipsa
2183 905 2458 961 vobiscum

876 992 1039 1048 simul
1068 995 1195 1060 erit,
1238 1011 1401 1066 quam
1432 1010 1553 1050 cum
1585 994 1802 1051 Christo
1838 1010 1958 1052 esse
1995 1011 2098 1051 non
2141 997 2452 1069 ambigitis;

874 1083 988 1152 ipsa
1011 1084 1154 1138 enim
1179 1099 1323 1151 eum,
1353 1095 1410 1139 ut
1448 1101 1574 1141 vere
1626 1086 1799 1156 virgo,
1832 1088 2094 1155 sequitur,
2137 1102 2457 1157 quocunque

874 1172 1022 1229 ierit.
1046 1174 1192 1228 Vivit
1230 1189 1360 1247 ergo
1389 1175 1505 1230 htec
1534 1186 1719 1231 saneta
1753 1185 1928 1231 mater
1956 1186 2134 1233 vestra
2175 1178 2328 1233 vobis
2348 1179 2457 1249 spi-

873 1263 1003 1329 ritu,
1030 1264 1163 1319 vivit
1191 1274 1377 1320 sancta
1412 1266 1544 1329 vita,
1581 1268 1710 1321 vivit
1745 1269 2206 1339 irreprehensibili
2231 1284 2456 1325 conver-

873 1354 1103 1421 satione,
1136 1356 1269 1409 vivit
1317 1356 1531 1412 exiiniis
1557 1357 1816 1422 moribus,
1865 1359 1994 1413 vivit
2019 1360 2238 1429 optimis
2266 1375 2452 1416 exem-

873 1444 993 1513 piis.

1494 1535 1722 1593 CAPUT
1754 1538 1847 1592 1X.

871 1641 1168 1699 I’arwnests
1190 1647 1419 1701 auctoris
1447 1647 1516 1700 ad
1538 1648 1959 1703 sanctimoniales
1981 1646 2451 1704 Gandersheimen-

938 1730 1042 1776 ses,
1067 1731 1197 1782 quas
1297 1714 1657 1789 -ΗαιΙιξιηιᾲοάαξ
1681 1720 1912 1782 virtutes,
1937 1720 2197 1789 prwcipue
2217 1720 2448 1773 studium

935 1786 1260 1851 paupertatis
1277 1784 1429 1854 jubet
1454 1786 1673 1840 imitari.

2567 645 2697 701 pore
2728 630 3069 685 dormitionis
3103 628 3219 698 ejus
3242 643 3418 699 neque
3462 628 3635 685 funeri
3666 629 3856 684 saltem
3887 645 4135 684 necessa-

2567 722 2643 775 ria
2666 736 2732 775 ex
2758 737 2856 777 suo
2877 722 3151 785 adessent,
3178 721 3273 775 sed
3295 720 3469 776 alieno
3488 719 3707 775 linteolo
3736 719 4130 784 involveretur;

2562 815 2807 883 quamvis
2836 828 3044 868 summo
3083 812 3201 867 loco
3224 819 3369 876 nata,
3403 820 3455 865 et
3481 811 3805 866 monasterio
3831 811 4134 880 praeposita,

2562 906 2733 975 plura,
2766 905 2811 960 si
2838 904 3016 968 vellet,
3069 903 3268 958 habere
3324 903 3604 973 potuisset.
3653 901 3764 957 Nec
3798 916 4013 957 movere
4040 918 4136 955 vos

2561 998 2738 1063 debet,
2786 996 3144 1051 sanctissime
3177 1010 3408 1057 sorores,
3435 995 3577 1064 quod
3620 1004 3780 1049 tantae
3827 994 4135 1049 sanctitatis

2560 1089 2759 1142 femina
2812 1086 3095 1143 diiIiciliori
3128 1096 3183 1141 et
3214 1086 3440 1157 longiori
3472 1088 3859 1156 aliquantulum
3892 1087 4035 1139 exitu
4065 1086 4133 1138 ad

2559 1179 2843 1234 Dominum
2897 1178 3183 1242 transivit;
3230 1179 3329 1233 hoc
3360 1178 3479 1232 ideo
3518 1179 3714 1247 quippe
3757 1177 4015 1232 Dominus
4044 1193 4134 1231 vo—

2558 1269 2673 1331 luit,
2702 1282 2768 1321 ne
2815 1268 2863 1321 ei
2911 1267 2962 1321 in
3013 1266 3195 1322 futuro
3224 1268 3525 1321 diceretur:
3577 1265 3645 1318 In
3693 1267 3985 1320 hominibus
4033 1283 4137 1319 non

2556 1358 2676 1426 fuit,
2707 1367 2752 1409 et
2783 1371 2899 1409 cum
2936 1356 3229 1409 hominibus
3273 1371 3375 1408 non
3406 1371 3477 1408 est
3506 1353 3773 1423 ﬂagellata
3809 1367 3826 1403 :
3857 1353 3957 1407 hoc
4012 1354 4134 1407 ideo

2558 1447 2816 1501 Dominus
2843 1446 3031 1509 voluit,
3056 1456 3113 1499 ut
3144 1447 3186 1499 si
3212 1445 3340 1514 quid
3369 1445 3542 1498 adhuc
3571 1459 3638 1499 ex
3657 1444 3903 1497 humame
3928 1442 4136 1513 fragili-

2556 1540 2683 1593 tatis
2730 1538 2980 1592 sordibus
3023 1538 3076 1591 in
3124 1536 3240 1605 ejus
3290 1546 3471 1591 mente
3520 1537 3800 1591 emundari
3838 1537 4135 1601 debuisset,

2552 1646 2649 1700 per
2704 1630 3009 1700 graviorem
3058 1631 3261 1684 eitum
3314 1639 3657 1701 pnrgaretur.
3728 1630 3993 1685 Caeterum
4046 1633 4137 1684 illa

2552 1721 2731 1785 modo,
2775 1730 3091 1783 utoramus,
3123 1728 3178 1773 et
3225 1719 3517 1782 credimus,
3547 1719 3821 1773 Christum
3877 1734 4133 1789 sponsum

2550 1808 2854 1864 castissima
2905 1821 3126 1876 sponsa,
3175 1806 3485 1876 ubicunque
3527 1806 3672 1871 ierit,
3706 1820 3937 1877 sequens
3960 1808 4138 1861 canti-

935 1898 1016 1952 Ad
1049 1898 1151 1952 hoc
1198 1900 1395 1969 quippe
1420 1901 1523 1954 ista
1572 1902 1725 1957 vobis
1776 1902 2014 1958 scribere
2074 1905 2341 1968 volumus,
2392 1915 2449 1960 ut
2483 1907 2523 1964 Β
2552 1915 2674 1955 cum
2708 1900 2835 1953 illud
2860 1914 3055 1953 novum
3085 1899 3356 1962 decantat,
3388 1897 3528 1967 quod
3557 1912 3716 1951 nemo
3731 1898 3909 1953 dicere
3934 1906 4135 1966 potest,

864 1988 989 2057 quia
1035 2003 1155 2042 eam
1199 1989 1309 2059 jam
1359 1991 1715 2060 corporaliter
1753 1994 1935 2049 videre
1984 2009 2090 2048 non
2140 1996 2364 2063 potestis
2395 1996 2446 2048 in

864 2080 986 2133 vitae
1012 2079 1127 2147 ejus
1151 2081 1441 2136 sanctitate
1464 2084 1778 2150 quamdam,
1803 2093 1857 2137 ut
1902 2084 1955 2137 in
1985 2085 2255 2153 principio
2287 2085 2448 2154 hujus

863 2172 1105 2239 opusculi
1129 2172 1387 2237 diximus,
1416 2173 1532 2241 ejus
1578 2173 1867 2244 imaginem
1898 2177 2230 2241 attendatis;
2278 2190 2449 2244 neque

863 2271 1032 2316 totam
1058 2280 1085 2315 a
1109 2264 1262 2317 vobis
1297 2264 1615 2319 discessisse
1638 2266 1981 2331 existimetis,
2027 2268 2179 2337 cujus
2208 2267 2449 2337 quotidie

862 2362 1103 2406 sanctam
1149 2354 1617 2408 conversationem
1651 2370 1755 2409 non
1793 2363 1903 2410 tam
1956 2356 2133 2427 legere
2180 2357 2442 2427 ignotam,

860 2459 1021 2512 quam
1054 2444 1291 2513 relegere
1340 2447 1608 2516 cognitam
1650 2447 1859 2501 valetis.
1893 2447 2004 2503 Hoc
2048 2447 2197 2503 vobis
2228 2464 2325 2518 pro
2354 2464 2443 2503 re-

862 2531 1006 2602 gula,
1043 2533 1141 2586 hoc
1173 2550 1269 2603 pro
1296 2535 1513 2604 speculo
1541 2536 1673 2601 erit;
1706 2538 1831 2605 quia
1858 2538 1953 2601 ibi,
1978 2538 2066 2591 ubi
2095 2538 2205 2591 vita
2234 2546 2285 2592 et
2330 2553 2446 2591 mo-

859 2635 950 2674 res
973 2622 1136 2674 vestri
1169 2624 1531 2693 corrigantur,
1561 2625 1867 2680 invenietis.
1902 2627 2148 2693 Quandiu
2194 2629 2247 2681 in
2278 2643 2442 2683 carne

858 2720 996 2773 erat,
1039 2714 1413 2781 cot'poralihus
1457 2729 1576 2769 eam
1620 2718 1872 2785 passibus
1912 2727 2109 2772 secutae
2137 2727 2190 2772 et
2218 2720 2441 2773 commi-

860 2812 982 2858 tataz
1008 2806 1137 2858 estis
1164 2822 1176 2869 ;
1202 2806 1245 2858 si
1285 2806 1427 2869 illuc,
1462 2821 1570 2876 quo
1597 2823 1738 2861 nunc
1784 2823 1903 2862 eam
1946 2824 2067 2863 cum
2099 2808 2315 2864 Christo
2354 2826 2438 2864 re-

856 2903 1112 2960 gnantem
1160 2894 1451 2959 credimus,
1503 2896 1789 2962 pervenire
1836 2896 2020 2960 vultis,
2061 2898 2289 2964 spiritali
2318 2913 2437 2953 eam

858 2996 1043 3049 gressu
1076 2982 1228 3051 sequi
1254 2982 1481 3037 debetis.
1512 2982 1629 3053 ipsa
1668 2982 1945 3040 Christum
1976 3001 2266 3056 pauperem
2303 3002 2437 3059 pau-

867 3181 3548 3218 m

2552 1988 2653 2043 nisi
2713 1988 2801 2042 illa
2845 1997 3061 2042 centum
3107 1987 3465 2057 quadraginta
3519 1996 3754 2055 quatuor
3800 1987 3991 2051 millia,
4038 1988 4133 2056 qui

2551 2079 2715 2148 empti
2740 2086 2865 2133 sunt
2896 2091 2961 2131 ex
3005 2078 3331 2138 hominibus,
3361 2076 3614 2146 primitias
3659 2075 3771 2130 Deo
3798 2085 3855 2129 et
3880 2075 4051 2144 Agno,
4078 2085 4137 2129 et

2553 2169 2606 2223 in
2650 2183 2744 2224 ore
2792 2183 2979 2223 eorum
3009 2183 3112 2222 non
3161 2176 3244 2222 est
3289 2167 3566 2221 inventum
3621 2166 3979 2230 mendacium,
4037 2165 4133 2219 sed

2552 2263 2669 2315 sine
2696 2260 2902 2314 macula
2931 2266 3055 2313 sunt
3087 2268 3212 2312 ante
3235 2259 3490 2311 thronum
3520 2257 3636 2311 Dei.

2623 2352 2864 2406 Decessit
2890 2361 3077 2406 sancta
3106 2352 3220 2405 haec
3250 2359 3303 2405 et
3338 2348 3774 2418 incomparabilis
3797 2347 3995 2403 femina
4022 2359 4133 2402 ter-

2552 2445 2626 2499 tio
2656 2445 2926 2499 Kalendas
2960 2443 3289 2507 Decembris,
3317 2442 3451 2496 feria
3494 2442 3748 2504 secunda,
3780 2456 3921 2495 anno
3954 2441 4135 2496 incar-

2549 2536 2783 2590 nationis
2845 2535 3135 2588 Dominica:
3212 2534 3661 2604 octingentesimo
3735 2535 4138 2604 septuagesimo

2548 2635 2763 2695 quarto,
2796 2624 3086 2679 indictione
3112 2625 3361 2692 septima.
3399 2623 3539 2679 Vixit
3568 2641 3619 2678 tn
3644 2635 3833 2680 sancto
3856 2626 4134 2695 proposito

2548 2717 2705 2770 annis
2738 2715 2923 2785 viginti
2957 2715 3185 2769 duobus.
3213 2713 3414 2770 Omnes
3437 2715 3564 2768 anni
3601 2715 3723 2770 vitae
3748 2714 3867 2783 ejus
3912 2715 4133 2769 fuerunt

2550 2808 2771 2875 triginta
2822 2815 3079 2875 quatuor,
3151 2815 3412 2876 regnante
3466 2806 3694 2862 Domino
3761 2816 3949 2863 nostro
4000 2805 4131 2862 Jesu

2548 2897 2787 2961 Christo,
2818 2898 2909 2966 qui
2941 2896 3073 2953 vivit
3110 2905 3161 2950 et
3185 2906 3373 2968 regnat
3412 2898 3555 2953 Deus
3580 2911 3677 2971 per
3719 2899 3901 2954 omnia
3933 2899 4133 2956 saecula

2549 2988 2891 3044 saeculorum.
2917 2989 3111 3044 Amen.

1958 3350 2664 3469 DlALOGUS
2752 3354 3047 3469 AGII

1272 3584 1404 3661 DE
1460 3585 1785 3663 OBITU
1837 3584 2248 3667 SANCTJE
2310 3586 2988 3666 HATHUMODJE
3062 3588 3655 3667 ABBATISS/E.

846 3871 981 3923 Cum
1014 3878 1253 3934 pr:esens
1278 3882 1375 3937 ego
1402 3867 1670 3936 supremis
1699 3866 1930 3924 fortasse
1972 3870 2194 3925 fuissem

921 3956 1133 4011 Sancta:
1162 3956 1449 4012 abbatissa:
1479 3958 1674 4014 anxius
1705 3958 2083 4024 Hathumodae,

848 4042 995 4098 Inter
1017 4059 1121 4098 me.
1149 4054 1475 4115 sanctasque
1498 4046 1613 4115 ejus
1646 4048 1943 4118 dignasque
1967 4064 2183 4105 sorores

916 4134 1108 4189 Sermo
1132 4135 1263 4189 satis
1288 4135 1527 4206 lugubris
1556 4146 1681 4190 tunc
1708 4136 1885 4192 fuerat
1913 4137 2148 4193 habitus.

848 4223 1021 4276 Pauca
1053 4232 1230 4278 tamen
1265 4225 1578 4280 consolandi
1604 4226 1699 4280 has
1728 4225 1911 4281 dicere
1941 4242 2104 4282 causa

917 4314 1165 4381 Magnum
1197 4330 1283 4368 me
1311 4316 1501 4370 harum
1533 4317 1869 4387 compulerat
1892 4318 2165 4372 meritum.

845 4404 951 4459 Sed
979 4406 1101 4473 quia
1126 4404 1266 4460 forte
1297 4420 1484 4461 recens
1509 4407 1686 4462 adhuc
1716 4407 1870 4462 dolor
1908 4408 2009 4463 ista
2042 4418 2263 4477 repente

914 4496 1021 4550 llas
1049 4499 1237 4551 audire
1263 4498 1421 4552 nimis
1453 4499 1727 4567 prohibuit
1759 4499 2037 4570 lugubres,

841 4586 985 4650 llmc,
1016 4601 1135 4656 qua:
1165 4595 1295 4641 tunc
1319 4587 1495 4641 ﬂendo
1533 4588 1711 4653 retuli,
1745 4605 1886 4643 nunc
1913 4591 2159 4645 versibus
2179 4590 2301 4655 edo,

914 4674 1008 4729 llis
1031 4690 1242 4744 quoque
1266 4677 1521 4731 nonnulla
1548 4677 1808 4747 adjiciens
1837 4680 1963 4734 alia.

838 4763 951 4817 llne
981 4765 1120 4829 ideo,
1156 4767 1280 4834 quia
1314 4768 1416 4822 hoc
1445 4769 1571 4836 ipsae
1604 4770 1870 4840 rogitasse
1893 4771 2213 4839 probantur,

908 4854 978 4911 Ut
1008 4858 1108 4911 sibi
1140 4867 1259 4927 post
1287 4860 1551 4928 scriptum
1577 4862 1680 4915 hoc
1707 4876 1809 4930 ego
1837 4863 2147 4932 dirigerem,

830 4946 947 5013 Q.:o
970 4961 1027 5001 se
1048 4945 1233 5012 solari,
1262 4963 1369 5017 quo
1400 4948 1512 5003 haec
1541 4960 1763 5019 possent
1790 4952 2006 5006 oculato

897 5033 1029 5103 Quae
1054 5036 1186 5100 dixi,
1223 5053 1373 5093 more
1387 5036 1592 5109 jugiter
1616 5041 1885 5111 aspicere.

830 5125 990 5181 Unde
1019 5126 1205 5182 favens
1228 5129 1391 5199 justis
1415 5130 1607 5184 barum
1632 5132 1773 5188 votis
1800 5135 2181 5208 precibusque,

899 5219 1134 5275 Paucula
1167 5223 1385 5277 tentabo
1423 5223 1604 5279 dicere
1640 5241 1737 5286 pro
1767 5228 1981 5282 merito.

2460 3875 2505 3936 c
2538 3868 2682 3923 Talis
2701 3869 2845 3925 enim
2875 3868 3069 3924 mulier
3092 3883 3198 3923 non
3222 3876 3302 3923 est
3327 3868 3502 3939 injure
3531 3866 3721 3923 dolend

2606 3957 2703 4013 Cui
2737 3974 2879 4012 nunc
2900 3958 2987 4012 vix
3017 3957 3174 4011 aliam
3206 3958 3439 4011 mundus
3469 3956 3629 4011 habet
3671 3954 3901 4011 similem

2533 4048 2745 4116 Optima
2803 4057 3117 4103 cunctarum
3162 4063 3297 4117 quas
3350 4048 3465 4116 ipse
3525 4047 3817 4117 aliquando
3847 4046 4117 4111 viderem,

2605 4136 2844 4191 Moribus
2878 4120 3128 4207 egregiis,
3170 4144 3225 4190 et
3264 4136 3491 4191 Domino
3524 4136 3759 4206 placitis.

2532 4224 2681 4281 lianc
2722 4241 2827 4279 non
2877 4225 3211 4295 plangamus,
3259 4241 3382 4279 cum
3431 4226 3570 4279 banc
3613 4225 3771 4279 modo
3821 4224 4041 4294 plangat
4060 4235 4119 4278 et

2601 4320 2667 4373 Et
2695 4319 2951 4389 plangant
2978 4320 3145 4375 variis
3180 4321 3294 4389 ipsa
3329 4320 3594 4375 elementa
3623 4319 3814 4374 modis.
3916 4317 4115 4390 [orbis,

2530 4409 2642 4465 Hoc
2661 4412 2925 4480 siquidem
2962 4420 3036 4465 tot
3066 4420 3335 4465 tantorum
3368 4427 3547 4467 mores
3576 4412 3895 4474 docuerunt,

2600 4500 2711 4556 Hoc
2735 4516 2834 4556 nos
2858 4502 2947 4555 hic
2971 4516 3145 4557 annus
3180 4503 3497 4570 praemonuit
3529 4502 3751 4567 sterilis,

2527 4592 2833 4663 Egregiam,
2866 4603 3097 4658 castam,
3124 4602 3473 4663 sanctamque
3511 4608 3607 4664 per
3638 4594 3821 4649 omnia
3852 4600 4111 4659 matrem,

2592 4682 2729 4736 llinc
2760 4683 3113 4752 migraturam
3143 4684 3294 4738 ocius
3324 4684 3391 4738 ad
3418 4682 3724 4737 Dominum.

2524 4773 2663 4843 Non,
2696 4790 2841 4844 rogo,
2867 4775 3184 4845 plangamus
3213 4773 3432 4844 juvenili
3457 4773 3588 4829 ﬂore
3626 4776 3890 4831 virentem

2592 4862 2973 4932 lntempestiva
3001 4879 3225 4933 prorsus
3250 4864 3451 4919 obiisse
3480 4865 3565 4920 die
3597 4881 3611 4929 ;

2521 4950 2629 5006 Sed
2671 4962 2853 5007 tamen
2882 4953 2984 5007 iste
3016 4952 3169 5007 dolor
3211 4951 3327 5008 fore
3351 4952 3567 5008 debebit
3598 4952 3928 5022 moderatus,

2592 5045 2816 5099 Debebit
2846 5046 3040 5100 vestris
3061 5060 3179 5100 esse
3209 5045 3400 5100 modus
3417 5044 3688 5115 lacrymis.

2522 5136 2674 5191 Sicut
2696 5138 2842 5191 enim
2872 5153 2976 5192 non
3007 5145 3091 5192 est
3113 5138 3212 5191 nisi
3238 5138 3484 5192 naturale
3516 5137 3717 5202 dolere,

2440 5220 2493 5280 D
2591 5228 2682 5283 Sic
2706 5229 2890 5282 itidem
2925 5229 3064 5284 ratio
3085 5237 3278 5284 cuncta
3304 5237 3449 5284 vetat
3476 5229 3663 5284 nimia.
