4482 5548
370 351 502 407 1185

993 488 1291 531 κεεροιιειο.

370 577 513 641 "me,
539 593 657 647 quae
678 583 1038 652 prosequeris,
1072 601 1291 653 prorsus
1333 589 1607 644 verissima
1653 602 1922 655 constant,

436 668 503 722 Et
531 671 731 727 scimus
762 675 982 729 nimium
1012 689 1169 729 omne
1191 687 1371 731 vetare
1402 679 1568 732 Deum
1597 698 1610 744 ;

371 757 476 813 Sed
500 760 719 816 minime
746 763 898 818 nobis
946 764 1168 821 nimium
1213 766 1313 820 hoc
1334 782 1450 821 esse
1475 768 1686 824 videtur

436 847 587 914 Quod
614 851 815 906 meritis
840 854 1038 909 scimus
1079 856 1243 924 ipsius
1267 869 1385 911 esse
1408 858 1600 912 minus.

370 939 589 1005 Quantis
617 956 845 1010 namque
869 941 1023 999 bonis
1053 945 1103 998 in
1141 946 1242 1000 bac
1270 963 1371 999 una
1398 961 1682 1001 careamus

440 1028 587 1084 Haud
611 1046 875 1101 quaquam
906 1034 1061 1101 digne
1091 1050 1371 1103 possumus
1404 1038 1723 1106 exprimere.

370 1117 493 1173 Ilaec
520 1134 690 1182 soror,
722 1122 833 1176 haec
869 1132 1060 1187 mater,
1096 1125 1209 1178 haec
1249 1128 1423 1179 nutrix
1463 1136 1623 1195 alque
1653 1129 1923 1199 magistra,

438 1207 562 1263 ﬂare
589 1210 879 1276 abbatissa,
919 1214 1032 1268 haec
1071 1214 1244 1269 fuerat
1271 1217 1506 1270 domina.

368 1294 499 1349 Cum
524 1297 661 1351 hanc
690 1300 947 1368 aqualem
976 1302 1308 1372 similemque
1328 1320 1423 1372 per
1439 1306 1617 1359 omnia
1652 1307 1810 1361 vitam

438 1387 697 1440 Duximus
730 1391 1003 1454 asseculze,
1028 1393 1317 1461 quamlibet
1346 1395 1568 1464 exigum.

370 1474 542 1528 Unum
572 1476 702 1530 velle
730 1476 831 1532 fuit
862 1481 1086 1544 cunctis,
1117 1482 1257 1535 nolle
1290 1483 1536 1538 omnibus
1583 1500 1767 1551 unum,

438 1564 567 1617 Vota
600 1564 746 1619 fuere
773 1582 874 1619 una
903 1576 1059 1636 atque
1082 1571 1266 1624 eadem
1294 1572 1487 1624 studia.

368 1653 431 1705 Et
458 1670 552 1707 nos
578 1657 715 1709 hanc
745 1671 846 1710 non
878 1656 1169 1725 ploremus,
1204 1660 1339 1715 hanc
1369 1678 1472 1716 non
1498 1663 1796 1729 doleamus,

437 1741 500 1794 Et
527 1745 855 1812 suspiremus
884 1748 1179 1801 visceribus
1208 1751 1433 1816 cupidis,

367 1835 494 1902 Quae
521 1847 717 1891 nostrae
744 1839 966 1893 dulcedo
993 1841 1170 1906 simul,
1199 1842 1279 1896 vel
1310 1842 1476 1909 gloria
1508 1843 1650 1907 vita},

438 1924 493 1977 In
525 1941 627 1993 qua
658 1937 780 1980 sunt
808 1944 907 1981 una
934 1930 1139 1997 perdita
1174 1940 1318 1984 tanta
1347 1933 1524 1985 bona?

368 2014 605 2082 Denique
636 2016 700 2069 de
741 2016 1011 2087 lacrymis,
1044 2019 1107 2071 de
1128 2018 1427 2086 planctibus
1456 2022 1615 2089 atcjue
1639 2022 1819 2077 dolore

438 2101 551 2154 Non
579 2118 811 2173 unquam
840 2107 993 2160 nobis
1027 2108 1295 2162 credimus
1324 2124 1440 2163 esse
1476 2112 1625 2163 satis.

366 2188 566 2243 Saltem
593 2206 690 2244 nos
714 2192 963 2261 lacrymis
998 2204 1052 2249 et
1079 2196 1382 2264 planctibus
1412 2200 1761 2262 exsatiemus,

437 2278 492 2333 Si
522 2295 627 2334 non
656 2292 836 2351 optata
868 2299 1056 2353 nempe
1078 2286 1202 2341 licet
1230 2286 1386 2341 facie.

1070 2433 1242 2472 AGIUS-

368 2524 483 2579 Non
513 2539 648 2596 nego
671 2542 813 2581 nunc
839 2527 990 2582 vobis
1013 2532 1213 2597 justum
1240 2529 1371 2583 satis
1414 2544 1533 2584 esse
1559 2530 1822 2593 dolorem,

438 2614 550 2668 Non
575 2631 709 2685 nego
734 2626 817 2670 sat
839 2616 1012 2684 justas
1037 2631 1154 2671 esse
1180 2618 1336 2672 simul
1366 2618 1650 2688 lacrymas,

367 2704 497 2761 Cum
522 2707 622 2765 nisi
651 2723 771 2765 cum
788 2710 985 2781 gemitu
1003 2709 1299 2765 membrum
1316 2728 1342 2765 a
1363 2712 1605 2767 membro
1623 2710 1929 2777 dirimatur,

438 2795 502 2850 Et
526 2814 719 2866 corpus
745 2800 997 2853 damnum
1028 2799 1244 2853 suﬂ‘erat
1265 2816 1405 2870 aegre
1425 2815 1600 2853 suum.

369 2884 433 2939 Et
466 2895 645 2939 tamen
674 2888 774 2940 hoc
824 2887 1033 2951 tolerat,
1076 2888 1215 2957 quod
1244 2903 1350 2941 non
1394 2888 1735 2942 mediocriter
1763 2887 1928 2957 angit,

439 2975 574 3029 Ilinc
597 2992 659 3030 ex
693 2987 917 3039 naturae,
950 2977 1072 3031 inde
1097 2978 1188 3031 Dei
1222 2978 1435 3032 intuitu.

368 3064 480 3118 Non
507 3065 647 3119 solas
673 3066 830 3121 modo
856 3081 950 3120 vos
980 3077 1201 3137 tangens
1228 3067 1379 3122 dolor
1407 3068 1508 3121 iste
1541 3068 1831 3133 remordet,

438 3153 518 3208 Me
543 3169 754 3223 quoque
780 3156 1035 3223 depascit,
1068 3172 1152 3210 me
1179 3158 1349 3227 magis
1387 3158 1681 3212 excruciat.

366 3241 499 3295 Nam
534 3242 771 3308 minime,
797 3242 956 3296 veluti
975 3242 1195 3314 dignum
1226 3253 1330 3309 est,
1351 3260 1489 3299 nunc
1511 3245 1688 3300 dicere
1709 3261 1927 3315 possum

436 3331 644 3397 Quanta
673 3348 771 3402 ego
804 3333 1076 3387 vobiscum
1109 3336 1385 3389 commoda
1428 3336 1770 3405 perdiderim.

370 3422 476 3476 Vos
506 3423 697 3477 melius
724 3424 892 3478 nostis
920 3434 1119 3493 quanto
1150 3440 1235 3479 me
1262 3440 1473 3495 semper
1503 3443 1703 3494 amore,

436 3510 662 3576 Quantis
685 3512 964 3567 incolumis
988 3514 1180 3567 foverit
1203 3514 1413 3568 olIiciis.

370 3600 475 3655 Vos
500 3602 667 3655 nostis
694 3611 889 3671 quanta
913 3603 1022 3673 jam
1052 3604 1296 3672 languida
1326 3604 1629 3667 sedulitate,

440 3692 553 3759 Qua
580 3694 852 3748 anxietate
880 3710 1052 3748 meam
1076 3696 1316 3766 gestierit
1344 3694 1559 3762 faciem,

368 3780 485 3846 Quo
524 3781 789 3836 desiderio
811 3784 1109 3852 susceperit
1148 3784 1537 3848 advenientem,

440 3868 502 3920 Et
532 3883 691 3936 quam
720 3869 981 3924 mirandis
1012 3870 1255 3925 mulserit
1275 3872 1567 3941 obsequiis,

368 3956 611 4021 Qualiter
645 3956 876 4024 alloquio
899 3957 1059 4011 fuerit
1079 3959 1291 4029 dignata
1320 3975 1572 4030 supremo

436 4046 667 4100 Assiduo
700 4060 889 4100 nomen
919 4047 1293 4118 ingeminando
1324 4068 1521 4105 meum.

369 4132 519 4188 IIanc
546 4149 644 4204 ego
671 4151 774 4190 non
808 4135 1007 4204 plorem
1038 4148 1184 4193 tanto
1214 4140 1343 4193 mihi
1372 4141 1606 4197 deditam
1634 4158 1839 4211 amore,

436 4224 648 4290 Quanto
679 4226 985 4282 nullimodis
1012 4228 1192 4284 dicere
1219 4230 1501 4298 praevaleo.

366 4315 484 4385 Ipsa
523 4317 656 4370 meis
682 4331 961 4385 compassa
992 4319 1148 4373 malis
1178 4328 1236 4374 ut
1270 4324 1481 4392 propria
1509 4321 1674 4389 ﬂevit,

436 4406 654 4477 Conque
680 4410 860 4479 gavisa
888 4410 1039 4465 bonis
1064 4412 1139 4465 sic
1167 4410 1266 4467 fuit
1288 4422 1346 4467 ut
1366 4416 1619 4483 propriis.

366 4496 484 4564 Ipsa
515 4497 643 4550 mihi
677 4497 813 4551 mala
842 4499 1148 4553 reddiderat
1172 4500 1546 4567 tolerabiliora,

440 4584 589 4638 Sicut
617 4594 671 4638 et
695 4594 916 4640 econtra
951 4586 1313 4655 splendidiora
1338 4591 1500 4645 bona.

367 4673 500 4726 Cum
530 4673 629 4727 hac
659 4675 915 4743 quidquid
932 4684 1051 4730 erat
1078 4692 1298 4745 prorsus
1322 4681 1462 4749 quod
1500 4680 1635 4738 forte
1663 4685 1930 4751 volebam,

439 4760 553 4813 Non
593 4776 749 4815 secus
777 4778 839 4816 ac
865 4777 1074 4818 mecum
1111 4765 1223 4834 ipse
1250 4766 1390 4836 loqui
1419 4778 1679 4836 poteram.

368 4851 453 4906 Me
480 4853 765 4907 miserum!
795 4870 880 4908 me
908 4854 1171 4910 infelicem
1200 4859 1211 4909 !
1246 4868 1503 4925 poterone
1529 4862 1766 4917 dolorem

442 4940 684 5009 Unquam
710 4952 911 4997 mutata
942 4945 1145 4998 solvere
1176 4944 1378 5012 laetitia,

365 5030 519 5094 Quod
548 5030 636 5084 tali
670 5040 921 5100 tantaque
955 5032 1109 5086 simul
1138 5034 1373 5101 privatus
1400 5036 1597 5104 amica,

436 5121 538 5191 Ipsi
564 5136 685 5175 cum
713 5122 909 5176 misera
936 5131 1080 5177 sorte
1105 5134 1376 5191 superstes
1399 5129 1538 5197 ego?

363 5212 471 5267 Sed
502 5209 632 5281 quid
662 5226 802 5265 nunc
824 5210 983 5274 facio,
1011 5226 1107 5265 cur
1133 5212 1276 5266 luctu
1306 5213 1439 5269 forte
1462 5231 1547 5273 me
1576 5223 1713 5293 ipse,

435 5301 542 5355 Vos
564 5302 725 5355 etiam
751 5300 902 5365 ﬂere,
931 5316 1023 5355 vos
1042 5300 1178 5357 facio
1200 5308 1452 5371 gemere?

356 5390 459 5444 Ast
491 5390 589 5442 hoc
614 5401 676 5443 ex
704 5388 908 5461 fragilis
937 5392 1112 5445 carnis
1141 5395 1433 5460 propagine
1463 5407 1613 5461 venit

437 5479 497 5518 ΠΙ
535 5480 695 5518 Iinmn
725 5482 1003 5518 danunt-Inc
1028 5482 1201 5518 Iunoni
1232 5482 1343 5518 inca
1375 5502 1493 5518 οιυιο

1314 360 1647 416 DIALOGUS
1684 365 1767 417 DE
1804 364 2003 418 OBITU
2047 365 2103 417 S.
2150 364 2617 421 IIA'I'IIL'MOD.E.

1957 487 2003 544 Λ
2036 482 2137 536 Sed
2164 484 2349 537 modus
2378 491 2479 541 est,
2507 490 2563 533 ut
2590 479 2841 549 prmmisi,
2871 479 3123 549 lacrymis
3152 480 3480 535 adhibendus

3454 367 3587 420 “86

2100 571 2164 625 Et
2189 571 2346 625 debet
2372 570 2550 623 luctus
2574 584 2676 623 non
2710 568 2822 622 fieri
2854 569 3072 622 nimius.

2028 662 2164 717 Ilinc
2194 663 2503 717 contristari
2533 678 2630 717 nos
2649 663 2844 717 Paulus
2872 662 3143 731 apostolus
3192 662 3309 716 istis

2098 752 2203 806 Pro
2232 752 2413 806 charis
2437 752 2636 806 nostris
2664 752 2764 805 rite
2803 760 2948 805 vetat
2976 751 3194 804 monitis
3220 768 3232 801 :

2028 841 2284 895 Nolumus
2319 840 2553 908 ignaros,
2582 841 2776 908 inquit,
2806 855 2898 895 vos
2927 838 3113 901 affore,
3146 838 3341 892 fratres

2100 930 2174 983 De
2197 930 2305 999 jam
2331 928 2615 991 defunctis,
2645 929 2807 982 immo
2836 928 3153 997 soporilicis,

2030 1019 2105 1073 Ne
2136 1020 2315 1073 tristes
2341 1019 2480 1081 sitis,
2509 1019 2649 1073 sicut
2671 1018 2902 1087 reliquos
2941 1020 3053 1071 fore
3091 1028 3323 1081 constat,

2099 1110 2199 1176 Qui
2241 1112 2363 1163 vita:
2398 1119 2519 1178 post
2547 1125 2694 1179 spem
2725 1126 2827 1164 non
2858 1111 3089 1165 retinent
3118 1111 3370 1179 aliquam.

2030 1201 2087 1256 Si
2118 1202 2381 1269 siquidem
2416 1202 2729 1257 defunctum
2760 1205 2919 1258 modo
2949 1206 3217 1257 credimus
3246 1201 3448 1261 Jesum,

2101 1288 2169 1343 Ut
2196 1305 2420 1360 surgens
2453 1300 2679 1346 mortem
2711 1294 2948 1347 vinceret
2986 1293 3289 1346 horrificam
3313 1333 3327 1356 ,

2029 1379 2322 1434 Credamus
2346 1396 2555 1449 quoque
2581 1383 2696 1444 hos,
2727 1384 2814 1450 qui
2840 1381 2950 1449 jam
2975 1383 3236 1436 dormisse
3269 1382 3589 1451 probantur,

2101 1469 2294 1523 Secum
2319 1485 2415 1539 per
2440 1468 2619 1523 Jesum
2646 1469 2829 1524 tollere
2859 1484 3000 1523 nunc
3020 1469 3323 1523 Dominum.

2032 1561 2156 1615 Ilaec
2187 1577 2307 1630 spes
2327 1570 2530 1623 nostra,
2561 1560 2690 1614 eluit
2719 1562 2831 1614 lucc
2861 1560 3154 1615 consolatio
3184 1568 3385 1622 nostra,

2103 1649 2325 1704 Nostros
2349 1648 2630 1703 defunctos
2656 1649 2833 1702 vivere
2862 1663 3003 1701 nunc
3038 1647 3246 1700 melius.

2034 1738 2145 1792 Iloc
2169 1738 2345 1801 modo,
2376 1739 2476 1791 hoc
2500 1750 2732 1792 vestrum
2764 1738 2918 1792 debet
2955 1736 3120 1791 lenire
3150 1736 3407 1798 dolorem,

1956 1806 2002 1864 Β
2102 1828 2215 1883 Hoc
2244 1828 2399 1882 debet
2428 1839 2637 1882 vestras
2666 1837 2874 1893 tergere
2901 1842 3041 1880 nunc
3072 1826 3331 1894 lacrymas
3361 1841 3373 1886 ;

2028 1915 2140 1970 IIoc
2170 1932 2263 1971 vos
2290 1917 2451 1971 solari
2478 1918 2656 1981 debet,
2684 1917 2786 1970 hoc
2812 1915 3082 1970 Itetitieare
3107 1954 3121 1978 ,

2100 2006 2213 2060 Hoc
2241 2008 2476 2060 animum
2515 2014 2753 2059 vestrum
2776 2006 2982 2074 erigere
3011 2006 3076 2059 ad
3110 2004 3410 2060 Dominum.

2665 2130 2964 2169 BESI’ONSIO.

2033 2228 2141 2282 Hoc
2181 2236 2324 2281 certe
2355 2227 2455 2281 hoc
2480 2228 2584 2280 erit
2612 2227 2753 2295 quod
2784 2241 2881 2280 nos
2909 2225 3171 2279 solabitur
3201 2240 3361 2277 unum

2101 2319 2155 2371 In
2188 2327 2293 2370 tam
2321 2317 2540 2370 funereo
2566 2316 2993 2386 prtelugubrique
3020 2316 3157 2370 malo
3191 2334 3202 2367 :

2030 2408 2181 2475 Quod
2213 2408 2337 2462 licet
2367 2408 2455 2461 hic
2481 2408 2596 2476 ejus
2624 2421 2821 2476 corpus
2847 2408 3034 2460 tellure
3060 2414 3286 2476 tegatur,

2103 2497 2157 2550 In
2190 2496 2340 2551 ccelis
2366 2497 2600 2550 animam
2628 2497 2897 2551 credimus
2920 2510 3040 2549 esse
3075 2510 3248 2547 suam.

2032 2585 2145 2640 Hoc
2171 2602 2265 2639 nos
2310 2602 2440 2655 pura
2472 2588 2600 2641 fides
2621 2586 2737 2654 ejus
2770 2600 2987 2655 sperare
3010 2585 3222 2649 suadet,

2103 2673 2215 2729 Hoc
2241 2678 2383 2743 cogit
2420 2676 2525 2728 vita
2547 2674 2769 2728 credere
2797 2672 3095 2727 sanctifica.

2034 2764 2141 2820 Sed
2163 2766 2287 2834 quia
2310 2765 2512 2819 carnali
2535 2765 2644 2832 jam
2671 2765 2771 2818 hac
2801 2778 2905 2818 non
2934 2763 3133 2817 utimur
3167 2777 3288 2824 usu,

2102 2860 2214 2915 Nec
2245 2860 2385 2914 hanc
2407 2859 2769 2927 conspicimus
2796 2855 3068 2925 corporeis
3089 2853 3280 2916 oculis,

2032 2951 2203 3022 Ipsius
2232 2950 2449 3005 immani
2482 2949 2746 3002 desiderio
2771 2932 3087 3009 retinemui',

2101 3040 2273 3109 Ipsius
2301 3054 2428 3094 cura
2454 3038 2701 3106 angimur
2725 3035 3028 3089 immodica.

1958 3142 2003 3203 ο
2034 3130 2172 3184 Hinc
2197 3130 2479 3199 gemimus,
2504 3128 2627 3180 hinc
2650 3140 2962 3188 maeremus,
2981 3124 3107 3177 hinc
3134 3122 3363 3191 denique
3387 3119 3597 3184 ﬂemus,

2102 3217 2239 3271 Hinc
2268 3225 2351 3270 est
2378 3216 2491 3269 haec
2520 3224 2701 3269 nostra
2735 3214 2963 3267 maxima
2995 3212 3234 3264 tristitia.

2031 3308 2163 3362 Nam
2190 3307 2314 3375 quia
2344 3320 2441 3359 nos
2470 3305 2696 3359 miseros
2720 3304 2820 3358 hoc
2847 3303 3091 3356 amisisse
3113 3299 3354 3354 dolemus

2102 3396 2255 3462 Quod
2285 3394 2455 3448 solmn
2488 3393 2640 3448 nobis
2672 3392 2906 3445 maxime
2936 3390 3089 3444 dulce
3121 3390 3240 3453 fuit,

2032 3482 2115 3536 Nil
2146 3483 2287 3536 aliud
2319 3482 2475 3537 nobis
2499 3482 2600 3535 nisi
2627 3479 2752 3535 flere
2790 3496 2951 3535 suave
2979 3482 3205 3543 videtur,

2102 3572 2187 3625 Nil
2210 3572 2310 3626 nisi
2344 3571 2547 3640 lugere,
2572 3569 2826 3638 plangere
2851 3570 2932 3623 vel
2964 3583 3197 3638 gemere.

2033 3662 2141 3718 Sed
2166 3662 2288 3731 quia
2319 3659 2519 3715 carnali
2552 3674 2734 3729 gressu
2754 3658 2865 3726 jam
2891 3673 3081 3727 nempe
3122 3657 3420 3726 nequimus,

2106 3751 2280 3821 Ipsam
2313 3763 2457 3802 nunc
2484 3748 2683 3801 nostris
2707 3746 3083 3815 prosequimur
3117 3744 3389 3814 lacrymis.

2732 3870 2903 3910 AGIUS.

2033 3969 2173 4023 Rara
2202 3978 2351 4033 satis,
2382 3968 2576 4029 fateor,
2606 3980 2694 4019 res
2716 3972 2817 4027 est,
2844 3973 3002 4032 atque
3031 3963 3197 4017 ardua
3221 3962 3374 4016 valde

2104 4060 2169 4113 Et
2194 4060 2292 4114 hac
2318 4075 2375 4113 rc
2406 4058 2562 4112 nobis
2585 4070 2690 4111 nou
2726 4053 2859 4107 adeo
2899 4053 3086 4115 facilis,

2037 4150 2105 4207 Ut
2135 4152 2290 4205 homo
2314 4150 2549 4203 carnalis
2572 4148 2671 4203 sibi
2708 4160 2872 4200 carne
2916 4145 3134 4214 perinde
3173 4144 3495 4213 propinquos

2103 4236 2338 4291 Cernere
2369 4251 2629 4303 corporea
2659 4250 2761 4288 non
2794 4234 2973 4301 cupiat
3000 4231 3154 4285 facie.

2035 4324 2149 4378 Non
2176 4327 2349 4380 solum
2372 4326 2639 4395 cupimus,
2670 4339 2806 4393 quos
2835 4323 3081 4378 novimus
3107 4331 3253 4387 ante,
3284 4322 3486 4384 videre,

2109 4417 2214 4472 Sed
2240 4431 2452 4485 quoque
2480 4430 2584 4469 non
2612 4424 2771 4467 notos
2807 4426 3031 4467 cernere
3060 4412 3253 4465 crebro
3270 4411 3441 4480 juvat.

2036 4507 2127 4561 Sic
2152 4507 2280 4561 olim
2314 4520 2466 4575 reges
2497 4514 2652 4559 terrae
2675 4502 2865 4557 faciem
2896 4500 3198 4555 Salomonis

2105 4595 2277 4665 Ipsius
2300 4595 2478 4648 audita
2507 4594 2799 4661 gesticrant
2830 4591 3038 4661 sophia.
3495 4629 3499 4633 .

2037 4684 2142 4739 Sed
2173 4683 2483 4738 meminisse
2513 4682 2668 4736 decet
2694 4680 2822 4750 quid
2852 4678 3144 4748 Apostolus
3167 4678 3289 4733 inde
3316 4678 3530 4743 retexit,

2106 4774 2153 4827 A
2177 4772 2356 4841 specie
2380 4771 2561 4826 carnis
2590 4785 2689 4825 nos
2717 4784 3003 4824 removere
3027 4768 3209 4823 volens
3235 4787 3246 4820 :

2036 4860 2155 4917 Jam
2180 4874 2323 4913 nunc
2351 4868 2562 4928 tempus
2592 4857 2697 4913 hoc
2723 4867 2826 4922 est,
2850 4857 3044 4926 inquit,
3079 4869 3184 4924 quo
3207 4855 3380 4909 denuo
3404 4854 3606 4908 nulhuu

2110 4950 2269 5004 Juxta
2301 4948 2573 5003 carnalem
2604 4962 2764 5003 nosse
2790 4948 2945 5001 decet
2974 4947 3163 5000 faciem
3192 4984 3205 5007 ,

2041 5041 2152 5095 Etsi
2186 5049 2393 5109 tempus
2427 5048 2543 5093 erat
2566 5042 2842 5107 quondam
2873 5052 2981 5105 quo
3010 5035 3241 5101 denique
3264 5034 3539 5088 Christum

2107 5131 2267 5185 Juxta
2295 5144 2610 5198 corpoream
2667 5130 2915 5187 novimus
2942 5127 3169 5197 effigiem
3196 5139 3211 5186 ;

2040 5224 2145 5279 Sed
2178 5222 2398 5275 minime
2423 5223 2576 5292 juxta
2605 5236 2830 5277 carnem
2850 5219 2960 5288 jam
2992 5216 3239 5273 novimus
3285 5228 3460 5283 psum,

2109 5313 2238 5376 Nec,
2263 5311 2418 5379 juxta
2452 5313 2782 5376 humanam,
2825 5311 3121 5377 quaerimus
3157 5304 3329 5365 hunc,
3368 5304 3629 5371 speciem,

2043 5403 2159 5459 Jam
2191 5400 2456 5469 siquidem
2484 5400 2737 5457 Christus
2767 5414 2869 5468 pro
2892 5400 3047 5453 nobis
3077 5399 3321 5448 mortuus
3342 5400 3523 5447 exstat
3550 5435 3567 5461 ,

2120 5491 2225 5518 In.“
2263 5492 2441 5518 Διὶ-ἠερε
2474 5492 2691 5518 Γυσιαιξιο.-
2720 5489 2863 5518 Αυιιῖι
2897 5489 3116 5518 nun-01:06
