4482 5548
852 412 982 466 Η87

846 521 962 576 Itue
985 518 1168 575 oculos
1196 525 1427 579 vestros,
1453 516 1557 570 huc
1585 528 1697 572 cor,
1724 511 2073 577 aninnnuqne
2111 506 2315 565 levate,

916 608 1042 663 Illuc
1066 615 1245 661 tuente
1275 607 1365 667 ile,
1384 620 1489 672 quo
1514 604 1649 656 hanc
1678 600 1800 653 licet
1824 598 2086 666 aspicere.

843 696 1067 753 Constat
1095 696 1237 750 enim
1267 695 1406 747 hanc
1430 706 1533 745 non
1561 691 1696 745 bene
1727 701 1870 740 nunc
1901 687 1950 739 in
1976 698 2204 752 corpore
2225 680 2415 751 quaeri,

914 787 1028 842 Non
1046 787 1157 856 jam
1186 784 1476 845 carnalem,
1510 782 1602 836 sed
1628 779 1798 849 magis
1827 778 2141 830 artlteream.

843 880 979 933 Dum
1004 892 1216 947 quoque
1239 892 1359 931 eum
1384 874 1565 928 vivens
1587 872 1637 925 in
1672 882 1897 938 corpore
1919 866 2103 934 juncta
2151 872 2412 925 maneret,

916 966 1065 1022 lianc
1088 977 1238 1020 extra
1264 979 1459 1033 corpus
1486 960 1653 1017 affore
1679 959 1993 1015 viderimus.

845 1055 1077 1124 Spiritus
1099 1070 1224 1123 ergo
1247 1069 1374 1107 suus
1394 1052 1567 1121 magis
1592 1060 1672 1104 est
1695 1063 1854 1118 quam
1885 1060 2083 1115 corpus
2104 1043 2415 1107 amandum,

912 1148 1133 1217 Perpes,
1174 1144 1430 1205 cwlestis,
1463 1142 1674 1195 vividus
1711 1148 1871 1207 atque
1910 1136 2043 1190 levis

844 1234 976 1291 Nam
1000 1235 1153 1305 juxta
1174 1234 1316 1304 quod
1346 1232 1422 1286 ait
1443 1232 1698 1285 Dominus
1722 1244 1736 1281 :
1760 1227 1910 1281 Nune
1936 1225 2152 1279 nilcaro
2177 1221 2415 1293 prodest,

915 1326 1147 1396 Spiritus
1176 1335 1257 1379 est
1285 1338 1412 1376 vero
1434 1323 1523 1391 qui
1556 1320 1713 1374 modo
1750 1317 2009 1371 vivificat.

843 1420 1051 1488 Corpus
1078 1416 1223 1472 enim
1255 1414 1369 1469 fore
1392 1420 1713 1483 perpetuum
1746 1409 1930 1477 nequit.
1959 1416 2013 1461 et
2045 1407 2381 1469 diuturnum,

915 1505 982 1560 Et
1008 1519 1133 1561 caro
1164 1501 1407 1557 mortalis
1427 1508 1509 1554 est
1532 1497 1692 1551 simul
1722 1505 1776 1551 et
1799 1494 2027 1564 fragllis.

844 1594 1066 1650 Occidat
1088 1607 1213 1661 ergo
1242 1591 1392 1658 prius
1420 1574 1526 1658 quo
1563 1585 1755 1640 deinde
1776 1598 2060 1653 resurgere
2086 1582 2276 1651 possit,

919 1680 1345 1750 lncorruptibilis
1373 1676 1583 1748 spiritui
1608 1674 1820 1729 similis.

844 1775 937 1831 Sic
971 1784 1023 1829 et
1053 1771 1305 1827 frumenti
1336 1782 1560 1840 granum
1585 1766 1732 1835 prius
1764 1777 1893 1816 arva
1921 1760 2238 1823 recondunt,

915 1864 980 1919 Ut
1017 1864 1184 1933 possit
1221 1860 1397 1914 fructu
1430 1870 1651 1925 surgere
1679 1851 1987 1920 centuplici.
2226 1840 2227 1843 “

845 1954 936 2010 Sic
960 1963 1071 2007 sata
1098 1964 1324 2021 quaeque
1350 1963 1447 2001 suo
1480 1946 1637 1999 modo
1668 1954 1811 1995 terra
1842 1939 2087 1994 recondit
2120 1938 2171 1991 in
2208 1937 2327 1991 alvo

914 2042 985 2097 Ut
1013 2041 1223 2095 valeant
1250 2036 1455 2107 frugem
1486 2042 1605 2103 post
1627 2032 1754 2086 dare
1782 2026 2130 2096 multiplicem
2157 2041 2171 2087 ;

844 2134 933 2188 Sic
960 2144 1235 2185 nemorum
1269 2126 1505 2186 frondes,
1532 2138 1648 2192 qua:
1675 2134 1800 2175 vere
1822 2134 1961 2174 novo
1990 2117 2346 2177 revirescunt,

917 2222 1159 2278 Denndat
1189 2218 1420 2288 propriis
1467 2216 1656 2269 bruma
1690 2212 1839 2281 prius
1869 2208 2032 2262 foliis.

843 2312 958 2366 Non
992 2310 1153 2380 igitur
1193 2309 1329 2360 hanc
1368 2303 1576 2358 debetis
1606 2301 1870 2354 deducere
1897 2295 2046 2358 ﬂetu,

917 2399 1030 2452 Non
1057 2400 1194 2451 hanc
1223 2397 1430 2449 debetis
1466 2388 1784 2461 prosequier
1811 2384 2064 2455 lacrymis
2086 2422 2101 2446 ,

845 2488 1218 2544 Moestifieatur
1252 2484 1397 2539 enim
1425 2491 1604 2535 vestro
1628 2492 1782 2533 sacra
1826 2474 2026 2528 femina
2056 2472 2208 2536 fletu,

917 2578 985 2631 Et
1016 2576 1188 2631 tristis
1224 2573 1419 2627 vestris
1445 2569 1676 2624 efficitur
1701 2564 1976 2634 lacrymis.

849 2669 939 2725 Sic
967 2664 1275 2721 deducenda
1302 2671 1385 2717 est
1421 2662 1472 2714 in
1497 2659 1738 2713 vivorum
1773 2654 2072 2722 regionem,

921 2758 1011 2813 Sic
1038 2750 1462 2810 commendanda
1486 2755 1569 2802 est
1596 2752 1780 2799 saneta
1812 2742 1917 2795 Deo
1940 2740 2140 2791 anima.

848 2848 960 2903 Nec
987 2862 1081 2901 vos
1107 2844 1233 2897 flere
1264 2843 1436 2900 decet,
1468 2839 1532 2892 de
1560 2850 1663 2906 qua
1688 2831 1927 2887 coalestia
1963 2829 2211 2898 gaudent,

918 2934 1033 2988 Non
1065 2933 1247 3003 lugere
1278 2926 1546 2995 decethic
1574 2924 1664 2976 ubi
1692 2920 1941 2975 Christus
1968 2925 2123 2978 ovat,

844 3022 1149 3079 Przesertim
1175 3034 1296 3074 cum
1330 3032 1427 3070 nec
1457 3013 1706 3082 lacrymis
1730 3009 1899 3079 possit
1927 3007 2164 3060 revocari
2195 3044 2209 3068 ,

916 3114 1026 3169 t‘tcc
1048 3112 1205 3166 fletus
1230 3108 1403 3179 prosit
1422 3099 1749 3159 omnimodis
1779 3096 2002 3166 aliquid.

1476 3226 1781 3270 RESI‘ONSIO.

846 3345 985 3399 Vera
1013 3340 1228 3408 quidem
1258 3350 1363 3389 non
1392 3330 1734 3400 ambigimus,
1773 3340 1891 3394 qua:
1922 3321 2079 3386 dicis,
2115 3319 2322 3383 haberi,

922 3433 986 3485 Et
1011 3431 1207 3484 frustra
1242 3436 1415 3479 tantas
1449 3420 1674 3474 fundere
1706 3432 1803 3470 nos
1833 3415 2101 3483 lacrymas
2130 3428 2144 3476 ;

848 3525 953 3580 Sed
991 3533 1168 3575 tamen
1202 3520 1299 3573 has
1334 3519 1461 3585 ipsa:
1489 3512 1709 3567 minime
1740 3506 1997 3563 cohibere
2030 3502 2291 3565 valemus,

918 3614 1028 3668 Nec
1049 3612 1262 3679 quimus
1292 3608 1493 3661 luctum
1522 3601 1723 3671 pellere
1752 3596 2071 3652 continuum
2094 3632 2109 3658 ,

846 3702 1072 3772 Quando
1101 3698 1446 3753 recordamur
1476 3692 1619 3762 quod
1653 3689 1775 3743 talis
1814 3686 2018 3742 femina
2050 3682 2251 3737 dudum

918 3793 1069 3847 Nune
1094 3793 1383 3846 innuaturo
1411 3783 1662 3840 occubitu
1692 3779 1908 3839 abierit,

848 3882 1072 3950 Quando
1104 3879 1452 3933 recordamur
1489 3883 1596 3925 tam
1625 3866 1956 3924 multimoda:
1994 3861 2213 3934 pietatis
2233 3901 2246 3923 ,

921 3971 1051 4025 Tant
1083 3984 1229 4039 purae
1256 3967 1401 4027 lidei,
1442 3972 1547 4016 tam
1582 3958 1736 4013 nitidi
1762 3954 1997 4024 eloquii,

850 4061 1073 4129 Quando
1101 4057 1446 4111 recordamur
1474 4063 1674 4111 mores,
1705 4054 1966 4114 actusque
1996 4048 2240 4097 sacratos
2259 4079 2273 4100 ,

926 4149 1138 4204 Vultum
1171 4142 1486 4213 jucundum,
1518 4148 1678 4206 atque
1717 4135 2004 4204 benignum
2031 4132 2293 4193 animum,

849 4241 981 4293 Cum
1014 4239 1175 4291 vitam
1212 4233 1413 4288 nostris
1439 4229 1610 4285 oculis
1641 4224 1964 4295 opponimus
1992 4235 2231 4283 omnem,

919 4330 1361 4393 Cunctorumque
1386 4335 1573 4375 sumus
1606 4332 1702 4371 nos
1728 4314 1944 4385 penitus
1966 4325 2255 4374 memores,

851 4422 978 4489 Qure
1006 4418 1087 4473 vel
1116 4429 1249 4470 sana
1290 4412 1461 4482 prius,
1493 4409 1576 4463 vel
1607 4414 1727 4477 post
1750 4405 1860 4475 jam
1892 4402 2142 4470 languida
2169 4400 2332 4463 dixit,

920 4513 1049 4580 Qua:
1079 4510 1205 4563 fecit
1230 4505 1397 4560 variis
1431 4500 1627 4571 inclyta
1663 4495 1996 4566 temporibus
2025 4509 2039 4557 ;

849 4606 983 4659 Cum
1017 4600 1154 4663 loca,
1181 4596 1335 4666 queis
1362 4593 1549 4649 sedere
1582 4589 1750 4660 prius,
1780 4585 1933 4654 queis
1961 4592 2108 4637 stare
2134 4582 2363 4647 solebat,

922 4694 1126 4749 Maesta:
1156 4686 1404 4744 maerenti
1431 4681 1705 4738 cernimus
1737 4676 1931 4730 intuitu
1960 4691 1974 4739 ;

850 4790 981 4846 Cum
1012 4789 1126 4843 hare
1158 4790 1349 4840 cuncta
1378 4778 1540 4835 simul
1562 4784 1811 4831 mmstum
1839 4786 1934 4826 cor
1959 4784 2101 4839 srcpe
2136 4768 2397 4833 revolvat,

923 4878 1007 4932 Nil
1035 4876 1188 4930 nobis
1213 4871 1358 4926 aliud
1387 4884 1529 4924 nunc
1556 4866 1657 4921 nisi
1681 4864 1809 4917 flere
1830 4858 2003 4929 juvat.

852 4970 944 5025 Sic
972 4966 1169 5021 etenim
1202 4962 1431 5016 fortasse
1469 4957 1621 5013 dolor
1658 4952 1837 5010 cordis
1865 4949 2155 5019 levigatur,

924 5061 1059 5116 Dum
1089 5055 1242 5126 quasi
1273 5053 1374 5124 piis
1404 5048 1672 5120 quondam
1698 5044 1945 5114 ejieimus
1966 5040 2285 5111 lacrymam.

1563 5171 1736 5215 AGIUS.

855 5286 969 5341 Non
1008 5286 1079 5339 ita
1114 5282 1191 5343 fit,
1217 5291 1392 5347 neque
1421 5274 1632 5345 ploratu
1661 5269 1813 5324 dolor
1849 5268 2228 5325 imrninuetur,

927 5379 1032 5435 Sed
1069 5375 1239 5446 magis
1261 5370 1545 5437 excrescit,
1571 5366 1793 5437 etquasi
1824 5364 2000 5420 flendo
2032 5361 2191 5418 redit.

856 5469 1009 5525 Sicut
1036 5466 1178 5521 enim
1209 5478 1403 5533 corpus
1425 5466 1704 5516 crrscente
1731 5456 1915 5525 splene
1942 5450 2193 5510 tabescit.

1843 399 1932 452 AD
1971 396 2198 452 OPERA
2238 388 2703 447 HROTSUITHA‘I
2741 386 3100 442 APPENDIX.

2443 506 2490 562 Λ
2521 499 2641 553 llaec
2668 498 2914 567 equidem
2952 496 3137 549 crebra
3169 492 3415 548 accendit
3439 491 3733 562 speeulatio
3759 492 3952 548 horum

3951 384 4083 439 H88

2589 586 2719 652 Qua:
2773 585 2966 638 vestris
3000 582 3170 637 oculis
3203 581 3444 651 opposita
3470 581 3733 637 asseritis.

2518 674 2639 728 Haec
2670 685 2792 728 sunt
2818 688 2936 742 quae
2972 671 3106 725 male
3145 670 3284 723 hunc
3314 678 3490 723 vestra
3526 669 3759 726 lamenta
3787 666 4016 725 fovendo

2590 762 2822 817 Venenis
2848 763 2956 830 ipsa
2989 760 3237 813 dulcibus
3264 759 3409 812 intus
3433 758 3603 825 alunt,

2517 852 2625 906 Nec
2652 866 2745 904 vos
2782 864 2935 919 :cquo
2966 849 3146 901 animo
3181 848 3337 901 modo
3370 846 3685 915 permittunt
3719 844 3947 901 tolerare

2588 939 2737 1006 Quod
2768 951 3051 991 commune
3092 936 3222 990 cluit
3250 936 3497 988 omnibus
3523 933 3865 988 omnimodis.

2518 1027 2649 1083 Nam
2678 1029 2885 1083 cunctis
2916 1042 3200 1081 commune
3233 1027 3365 1079 mori
3399 1025 3712 1079 mortalibus
3734 1032 3947 1087 exstat,

2587 1117 2767 1180 Nobis,
2792 1116 3070 1185 jumentis,
3114 1113 3328 1185 regibus
3354 1123 3409 1167 et
3439 1112 3697 1176 ducibus,

2521 1208 2704 1264 Servis
2737 1220 2791 1262 et
2829 1206 3079 1271 dominis,
3108 1204 3254 1275 inopi
3282 1201 3441 1257 simul
3464 1211 3519 1256 et
3556 1201 3829 1270 locupleti,

2588 1295 2776 1358 Justis,
2803 1294 3037 1362 injustis,
3064 1292 3323 1356 sensibili,
3356 1291 3620 1360 insipidis.

2519 1386 2629 1440 Nec
2661 1400 2846 1455 regum
2871 1386 3102 1438 tumidos
3131 1383 3319 1441 fastus,
3351 1393 3711 1449 proceresque
3738 1389 3953 1433 veretur

2590 1476 2751 1538 Mors,
2784 1488 2884 1527 nec
2910 1472 3166 1527 sublimes
3186 1512 3200 1535 ,
3226 1470 3414 1524 dividit
3443 1480 3496 1522 et
3521 1468 3771 1521 humiles.

2520 1566 2651 1632 Qu‘s
2677 1562 3025 1633 proleplastis
3062 1568 3272 1629 poterat
3299 1557 3414 1613 fore
3441 1557 3651 1627 dignior
3683 1571 3916 1625 unquam

2588 1653 2732 1718 Quos
2762 1651 2907 1704 Deus
2932 1650 3042 1718 ipse
3073 1647 3184 1701 suis
3211 1646 3523 1699 condiderat
3548 1643 3829 1697 manibus?

2521 1741 2587 1794 Et
2615 1750 2790 1793 tamen
2824 1740 2921 1792 hos
2946 1739 3111 1807 ipsos,
3142 1749 3274 1805 quos
3316 1734 3603 1804 plasmatos
3638 1733 3920 1801 paradisus

2451 1834 2495 1893 B
2596 1827 2867 1882 Sublimes
2906 1825 3093 1889 tenuit,
3124 1825 3235 1878 haec
3258 1822 3413 1876 modo
3442 1830 3583 1874 terra
3615 1821 3765 1888 tegit.

2520 1916 2684 1971 Primi
2717 1916 2884 1985 patris
2903 1912 3035 1967 Abel
3056 1911 3354 1981 justissima
3385 1908 3614 1978 denique
3640 1907 3817 1977 proles

2590 2005 2714 2058 Dire
2745 2001 2987 2075 fraterno
3016 2000 3271 2054 occubuit
3300 1997 3493 2066 gladio.

2522 2092 2627 2147 Sed
2652 2093 2778 2145 licet
2807 2106 2837 2144 a
2865 2092 3085 2144 Domino
3114 2103 3212 2158 pro
3241 2087 3425 2140 fratris
3448 2093 3618 2139 morte
3662 2098 3917 2153 repensus
3939 2124 3954 2145 ,

2592 2180 2816 2233 Mortem
2846 2178 2990 2231 nullo
3022 2179 3177 2231 modo
3215 2175 3463 2244 quiverat
3490 2171 3742 2241 effugere.

2524 2267 2704 2321 Enoch
2731 2267 2821 2334 qui
2847 2267 3054 2320 Domini
3077 2280 3269 2319 nomen
3300 2264 3504 2332 primus
3539 2260 3794 2315 vocitavit

2590 2356 2799 2410 lnteriit
2818 2355 3006 2423 juncta
3034 2353 3349 2423 posteritate
3375 2366 3495 2405 sua.

2524 2445 2729 2510 Enoch,
2754 2444 2869 2497 Elia
2901 2446 3047 2497 socio
3088 2456 3229 2495 nunc
3257 2456 3423 2509 usque
3453 2447 3725 2507 superstes
3773 2438 3777 2443 ’

2594 2533 2772 2588 Ail'ore
2797 2531 3107 2602 praevaluit,
3139 2537 3381 2583 mortuus
3409 2528 3681 2582 occubuit.

2530 2622 2654 2678 Sent
2677 2621 2975 2691 Japhetque
3004 2620 3140 2688 patri
3173 2618 3379 2672 meritis
3402 2631 3507 2669 non
3546 2617 3761 2670 dissona
3786 2613 3959 2684 proles
3979 2653 3996 2679 ,

2600 2715 2818 2770 Vixerat
2841 2714 2893 2766 in
2921 2712 3170 2781 lymphis,
3205 2724 3345 2763 nunc
3364 2708 3511 2776 jacet
3539 2708 3589 2761 in
3622 2706 3859 2759 tumulis.

2536 2804 2673 2871 Quid
2696 2802 2797 2857 Job
2826 2817 2968 2855 nunc
2990 2814 3303 2862 memorem,
3327 2798 3410 2852 cui
3443 2806 3567 2851 tunc
3590 2797 3825 2850 bonitate
3847 2792 4110 2863 nequibat

2604 2893 2783 2949 Afl‘ore
2822 2908 2918 2963 par
2947 2891 3105 2955 ullus,
3139 2900 3199 2944 ut
3227 2893 3383 2944 docet
3408 2891 3519 2959 ipse
3550 2888 3724 2942 Deus?

2534 2987 2672 3054 Quid
2703 2994 2920 3040 sanctos
2944 2983 3147 3052 pariter
3176 2990 3332 3035 natos
3366 2991 3626 3048 natasque
3650 2976 3926 3032 retexam?

2605 3077 2673 3131 Et
2698 3088 2854 3146 pater
2880 3060 3123 3145 oppetiit,
3157 3083 3211 3128 et
3233 3072 3445 3127 soboles
3471 3071 3624 3125 obiit.

2458 3163 2503 3226 C
2534 3168 2943 3231 Melchisedech,
2972 3165 3126 3235 cujus
3152 3163 3274 3218 finis
3301 3164 3558 3216 retieetur
3583 3171 3636 3214 et
3666 3169 3835 3222 ortus,

2599 3259 2716 3312 Fiui
2742 3257 3044 3320 succubuit,
3076 3256 3289 3308 initium
3315 3253 3575 3323 reprimit.

2528 3351 2823 3414 Abraham,
2850 3350 3022 3412 Isaac,
3043 3346 3211 3402 Jacob
3241 3347 3375 3399 terni
3406 3342 3751 3412 patriarchae,

2598 3440 2791 3510 Magno
2820 3440 2950 3494 Ada:
2981 3439 3224 3508 junctum
3272 3450 3412 3489 nunc
3446 3433 3687 3489 refoveut
3715 3432 4001 3487 tumulum.

2529 3531 2732 3602 Inclyta
2759 3531 3043 3601 progenies
3066 3528 3310 3582 duodeuo
3340 3535 3623 3580 stemmate
3646 3534 3858 3593 patrum

2598 3624 2717 3680 Jam
2748 3623 2996 3677 defuncta
3026 3634 3151 3674 suos
3180 3619 3261 3672 bis
3294 3604 3540 3671 numerat
3568 3614 3747 3668 titulos
3777 3631 3790 3667 :

2530 3714 2690 3779 Juda,
2717 3712 2924 3772 Ruben,
2954 3709 3194 3772 Simeon,
3219 3705 3367 3769 Levi,
3401 3704 3662 3767 lssachar,
3690 3700 4044 3769 Zabulouque

2603 3803 2737 3866 Dan,
2765 3811 2817 3855 et
2844 3797 3206 3868 Nephthalim,
3236 3793 3374 3854 Gad,
3399 3802 3451 3848 et
3479 3794 3614 3847 Aser
3638 3793 3786 3846 obiit.

2530 3890 2749 3959 Joseph,
2782 3887 3083 3957 Benjamin,
3116 3884 3387 3946 Manasen,
3413 3882 3774 3950 Ephraimqne
3800 3878 4055 3933 uterinos

2602 3977 2771 4031 Mater
2799 3992 2917 4045 qua:
2941 3976 3183 4037 dederat,
3213 3983 3354 4026 terra
3389 3972 3777 4027 recondiderat.

2530 4070 2707 4139 Atque
2732 4065 2930 4135 Joseph
2963 4065 3113 4126 abiit,
3143 4064 3233 4133 qui
3260 4064 3325 4116 de
3364 4071 3536 4115 morte
3558 4061 3699 4114 eruit
3722 4060 3931 4121 orbem,

2604 4158 2830 4226 Quando
2857 4156 3029 4209 fames
3064 4169 3192 4207 arva
3220 4159 3491 4223 presserat
3533 4151 3755 4218 attigua.

2534 4252 2770 4308 Membra
2801 4250 2978 4303 Aaron
3013 4248 3149 4302 vatis
3174 4262 3328 4300 mons
3354 4246 3428 4300 Or
3460 4245 3698 4299 tumbata
3733 4252 3988 4307 retentat,

2605 4343 2775 4409 Quem
2804 4342 3025 4396 dederat
3055 4340 3287 4410 primum
3312 4337 3394 4391 lex
3424 4351 3576 4390 saera
3601 4336 3933 4405 pontificem.

2542 4435 2787 4497 Eleazar,
2812 4433 3148 4500 Phineesque
3176 4430 3284 4484 Deo
3315 4436 3486 4491 vates,
3526 4426 3627 4481 sibi
3655 4425 3866 4489 fratres,

2466 4496 2517 4556 Β
2614 4526 2912 4595 Unuspost
2934 4496 3098 4578 unum
3138 4521 3359 4593 pertulit
3380 4520 3627 4575 exitium.

2539 4618 2705 4689 Moysi
2735 4616 3018 4672 Dominum
3054 4614 3189 4668 facie
3217 4613 3283 4667 ad
3310 4612 3502 4667 faciem
3532 4611 3862 4681 speculantis

2610 4708 2829 4763 Bustum
2857 4720 3047 4775 nempe
3074 4704 3228 4768 latet,
3260 4718 3408 4758 mors
3436 4703 3722 4772 obitusque
3742 4712 3913 4773 patet.

2540 4801 2656 4856 Dux
2677 4797 2831 4853 Jesus
2855 4796 3125 4851 Christum
3156 4793 3311 4849 factis
3335 4804 3389 4848 et
3419 4793 3637 4849 nomine
3667 4803 3975 4848 monstrans

2612 4892 2679 4945 Et
2701 4890 2869 4945 solem
2894 4887 3106 4951 statuit,
3128 4894 3182 4941 et
3209 4894 3385 4940 tamen
3413 4885 3687 4941 occubuit.

2542 4982 2679 5049 Quid
2708 4981 2919 5049 Jepltte,
2948 4976 3186 5043 Gedeon,
3216 4975 3376 5041 Loth,
3405 4975 3741 5044 Samsonque
3775 4974 4091 5029 revolvam?

2612 5073 2707 5126 Cui
2736 5072 2818 5125 leo
2844 5067 3159 5132 succubuit,
3186 5067 3330 5121 hunc
3357 5065 3468 5121 fera
3494 5081 3639 5120 mors
3673 5065 3868 5134 rapuit.

2543 5163 2656 5217 Rex
2689 5162 2852 5217 David
2879 5160 3031 5229 cujus
3058 5160 3236 5213 fuerat
3262 5158 3329 5213 de
3350 5158 3554 5213 semine
3582 5156 3829 5210 Christus
3848 5196 3864 5223 ,

2615 5254 2823 5309 Goliam
2856 5252 3048 5306 stravit
3080 5258 3361 5318 morteque
3394 5258 3595 5303 stratus
3631 5247 3761 5300 obit.

2546 5348 2659 5403 Rex
2686 5344 2962 5407 Salomon,
2986 5357 3093 5411 quo
3129 5355 3285 5395 nemo
3314 5338 3609 5407 sapientior
3639 5350 3906 5404 unquam,

2617 5441 2771 5495 Nunc
2793 5437 2937 5507 jacet
2968 5436 3019 5487 in
3044 5435 3204 5503 digno
3230 5447 3349 5486 cum
3380 5440 3532 5499 patre
3561 5427 3850 5483 mausoleo.

2640 5534 2651 5545 ι
2807 5526 2944 5548 ---ε---
2981 5526 3235 5548 n-_.:_....
3270 5520 3586 5548 n_mA:-nnnl
3615 5528 3789 5548 nni-Im
