4482 5548
340 349 472 405 1139
1345 338 1682 394 DIAI.OCUS
1723 338 1809 391 DE
1845 338 2045 393 OBITU
2089 340 2559 399 llATllL’MODAa.
3438 350 3569 403 H90

408 461 628 513 Mortem
654 455 953 518 distulerat,
980 468 1082 507 non
1113 451 1332 506 minime
1356 450 1563 503 tulerat.
1931 460 1975 515 Α
2006 451 2154 503 Anna
2185 454 2538 521 prophetissa,
2567 455 2858 520 Elisabcth,
2898 457 3173 522 Susanna,
3204 460 3431 525 Joanua,

339 556 510 619 Reges
537 561 694 619 alque
722 551 903 608 duces,
937 560 1121 600 omnes
1150 545 1456 612 pariterque
1487 541 1759 610 propheta)
2077 539 2391 611 Marthaque
2420 558 2540 596 cum
2581 547 2747 599 ternis
2776 547 3025 600 occubuit
3062 548 3261 602 Mariis.

406 644 631 696 Exstant
654 638 913 701 defuncti,
941 638 991 689 in
1019 635 1341 701 tumulisque
1369 634 1474 685 Sili.
2004 629 2116 698 Ipsa
2149 632 2290 685 salus
2312 634 2458 687 orbis
2478 643 2531 688 et
2559 637 2663 688 vita
2698 651 2792 704 per
2814 639 2993 690 omnia
3025 637 3271 692 Christus
3302 644 3303 647 “

336 733 464 800 Quis
492 730 741 785 Samncle
770 730 820 783 in
848 727 1125 796 prophetis
1156 725 1348 777 melior
1378 723 1490 777 fore
1512 722 1701 792 quivit.
2072 720 2187 788 Ipse
2216 724 2357 777 subit
2387 734 2630 789 mortem,
2668 728 2779 796 ipse
2813 737 2956 782 tenet
3001 729 3287 782 tumulum.

404 822 534 888 Quis
562 820 771 873 llcliseo
797 818 967 885 major
988 817 1089 870 erit
1126 814 1352 868 merito?
2002 813 2115 882 Ipsa
2147 816 2238 870 Dei
2272 820 2498 886 genitrix
2542 836 2754 888 semper
2786 838 2938 876 sacra
2979 824 3126 891 virgo
3160 822 3326 877 Maria

334 913 422 966 llle
451 910 821 980 prophetavit;
860 909 946 961 hic
967 908 1128 960 vitam
1161 907 1328 958 reddit
1359 904 1637 965 humatus;
2072 905 2357 975 Assumpta
2386 909 2614 963 {etherea
2648 911 2828 963 incolit
2859 912 2996 964 alma
3027 912 3157 965 loca.

405 1001 468 1053 Et
497 1009 672 1053 tamen
695 1008 994 1051 extremum
1026 996 1218 1049 clausit
1250 1003 1473 1061 uterque
1501 995 1659 1047 dieni.
2005 993 2240 1064 Denique
2266 999 2385 1065 quis
2414 1010 2637 1053 mortem
2676 1017 2731 1054 se
2773 1002 3039 1055 declinare
3067 1004 3293 1071 putabit,

334 1091 518 1153 Isaias,
548 1091 635 1160 qui
675 1090 800 1142 olim
832 1089 996 1141 solem
1027 1095 1391 1139 rrtrocua-rcre
1422 1083 1549 1138 fecit
1570 1125 1584 1149 ,
2073 1085 2239 1152 Quam
2265 1090 2437 1142 cernit
2463 1090 2622 1143 vitam
2651 1104 2772 1145 ante
2808 1094 3013 1147 subisse
3045 1094 3235 1147 suam?

404 1184 587 1236 Mortis
618 1196 901 1235 commune
929 1182 1040 1248 ipse
1063 1178 1298 1231 cucurrit
1323 1180 1440 1230 iter.
2002 1175 2133 1241 Quis
2164 1192 2259 1245 pro
2299 1178 2568 1235 defunctis
2615 1198 2901 1236 nunrorem
2946 1184 3085 1236 forte
3122 1184 3361 1239 tenebit?

334 1271 627 1334 Danielcm,
656 1271 740 1324 cui
776 1279 917 1322 tanta
952 1284 1148 1321 arcana
1177 1268 1313 1319 Deus
1342 1265 1615 1335 patefecit,
2071 1264 2200 1330 Quis
2223 1265 2396 1319 doleat
2432 1269 2624 1321 charos
2655 1282 2878 1325 maestus
2912 1274 3089 1325 obisse
3112 1289 3269 1335 suos;

401 1362 496 1414 Cui
528 1369 654 1414 tunc
683 1360 752 1413 nil
784 1360 955 1421 latuit,
996 1374 1135 1411 nunc
1163 1359 1340 1428 gravis
1366 1372 1496 1409 urna
1536 1358 1684 1425 tegit.
2001 1356 2132 1408 Cum
2153 1357 2262 1423 jam
2289 1375 2383 1425 per
2403 1359 2673 1412 Christum
2705 1378 2801 1429 pax
2834 1360 2995 1425 facta,
3028 1363 3404 1416 recenciliatus

331 1449 462 1503 Tres
492 1464 709 1518 pueros,
739 1464 872 1516 quos
894 1448 1104 1502 ﬂamina
1130 1464 1291 1500 vorax
1324 1464 1425 1499 non
1451 1448 1624 1516 attigit
1645 1447 1788 1509 olim,
2069 1445 2186 1499 Jam
2222 1448 2291 1499 sit
2333 1464 2427 1515 per
2461 1450 2732 1503 Christum
2760 1452 2986 1505 mundus
3014 1454 3152 1520 ame
3193 1452 3497 1515 Dominum,

400 1538 547 1592 Nunc
576 1539 726 1591 avida
757 1554 976 1606 prorsus
1009 1537 1161 1589 fauce
1194 1538 1399 1590 voravit
1432 1539 1641 1590 humus.
2002 1538 2065 1591 Et
2096 1541 2161 1593 sit
2193 1550 2468 1608 peceatum
2502 1558 2597 1610 pro
2623 1543 2774 1595 nobis
2803 1541 2975 1596 factus
3012 1542 3166 1596 Jcsus

328 1630 610 1693 Ezechieli,
644 1628 995 1697 Jercmiaique
1024 1630 1296 1696 prophetis
2074 1629 2140 1682 Ut
2170 1630 2348 1682 mundi
2378 1641 2571 1684 cuncta
2603 1632 2809 1685 tolleret
2840 1633 2950 1700 ipse
2997 1634 3228 1701 probra"

394 1723 506 1775 Non
542 1723 659 1776 tulit
682 1724 924 1786 exitium,
955 1724 1042 1791 qui
1074 1723 1250 1776 intulit
1273 1724 1539 1777 exsilium.
1930 1788 1961 1791 _
2000 1719 2111 1771 Non
2140 1720 2275 1772 hanc
2304 1734 2431 1787 ergo
2471 1722 2614 1773 brevi
2649 1724 2751 1775 vita
2779 1722 3012 1775 functam
3042 1724 3284 1786 dulcatis,

326 1812 449 1873 Ose,
480 1812 614 1875 Jocl,
645 1812 824 1875 Amos,
862 1812 1051 1876 Abdia,
1082 1812 1266 1876 Jonas,
1298 1813 1491 1877 Micha,
1524 1813 1713 1876 Naum,
1930 1788 1971 1844 Β
2071 1809 2146 1860 Ne
2176 1809 2327 1861 vobis
2353 1810 2494 1863 aliud
2543 1826 2701 1877 quam
2728 1812 2953 1865 Domino
2980 1812 3207 1880 placeat.

394 1900 785 1967 llabbacucque
812 1902 909 1953 sibi
939 1900 1206 1969 Sophonia
1248 1903 1416 1965 socio,
1998 1896 2146 1949 Nulla
2173 1899 2342 1966 magis
2363 1898 2515 1965 plena
2548 1909 2649 1960 est,
2684 1900 2823 1952 nulla
2852 1910 2930 1954 est
2961 1901 3246 1969 perfectior
3272 1912 3403 1956 tetas

323 1990 596 2050 Aetli-mus,
627 1991 935 2054 Zacharias,
966 1992 1121 2044 simul
1146 2001 1197 2044 et
1234 1991 1523 2045 Mulae-lius
2068 1984 2215 2037 Nulla
2247 1987 2548 2054 optabilior,
2576 1987 2822 2057 nullaque
2847 1991 3177 2044 commodior
3203 2030 3218 2055 ,

392 2082 478 2135 Bis
508 2098 597 2136 sex
623 2092 763 2136 serta
791 2084 948 2136 modo
976 2092 1098 2136 sunt
1129 2084 1379 2153 adoperta
1405 2085 1536 2137 solo,
1996 2076 2164 2142 Quam
2209 2080 2341 2141 lucc,
2392 2094 2550 2145 quam
2592 2080 2845 2134 Dominus
2875 2080 3122 2135 Christus
3149 2082 3399 2136 habuisse
3446 2097 3569 2150 pro-

321 2172 493 2239 Atque
518 2172 701 2233 Jonas,
733 2174 823 2241 qui
855 2174 919 2225 de
947 2174 1051 2225 ceti
1089 2184 1275 2226 ventre
1299 2184 1482 2226 erutus
1505 2173 1631 2225 olim
3292 2168 3493 2240 [hatur,

389 2259 530 2312 Vixit
571 2260 668 2313 sub
697 2260 910 2328 pelago,
941 2269 1025 2314 est
1055 2262 1208 2312 modo
1245 2276 1461 2329 pressus
1492 2263 1673 2314 humo.
2066 2256 2223 2310 Juxta
2252 2258 2391 2327 quod
2426 2266 2666 2311 sanctum
2693 2261 2871 2328 pandit
2904 2259 3279 2330 Evangelium;

318 2346 499 2411 Judas,
530 2350 773 2413 Eleazar,
805 2349 1082 2412 Jonathas,
1113 2350 1311 2409 Simon,
1349 2363 1508 2419 atque
1535 2349 1768 2405 Joannes
1995 2349 2271 2402 Annorum
2300 2349 2561 2416 siquidem
2597 2350 2815 2419 triginta
2860 2351 3019 2403 trium
3070 2361 3424 2413 memoratur,

388 2437 517 2491 Cum
538 2437 648 2503 jam
679 2438 964 2507 grandaeva
996 2448 1120 2492 tunc
1149 2449 1297 2506 patre
1328 2439 1640 2492 Mathathia.
2067 2438 2236 2503 Quem
2266 2438 2421 2491 simul
2458 2454 2721 2491 annorum
2754 2440 2864 2508 ipsa
2893 2440 3012 2493 tulit
3037 2456 3341 2494 numerum.

318 2528 355 2577 A
388 2530 556 2593 patria
585 2528 811 2589 hostem,
841 2528 1181 2597 gladiumque
1212 2528 1366 2579 simul
1406 2528 1678 2596 pepulere,
1996 2526 2107 2581 Hac
2144 2538 2300 2581 :L'tate
2338 2527 2501 2597 liquet
2546 2529 2658 2584 fore
2680 2528 2969 2598 plasmatos
2997 2530 3388 2599 proloplaslos,

387 2617 450 2668 Et
484 2631 759 2669 removere
785 2634 811 2667 a
834 2631 890 2668 se
914 2632 1013 2668 non
1040 2627 1257 2682 potuere
1281 2633 1485 2669 necem.
2067 2616 2130 2669 Et
2160 2628 2525 2670 surrecturum
2557 2634 2715 2673 omne
2738 2634 2906 2688 genus
2933 2620 3227 2672 hominum.

319 2706 421 2760 Sed
450 2722 515 2759 ne
541 2707 824 2760 femineum
859 2722 1041 2760 sexum
1067 2722 1285 2775 prorsus
1318 2719 1606 2770 taceamus,
1995 2703 2108 2758 lloc
2132 2705 2420 2770 siquidem,
2448 2708 2547 2759 hoc
2570 2717 2671 2771 est,
2695 2708 2834 2774 quod
2860 2706 3056 2762 Paulus
3074 2708 3346 2775 apostolus
3371 2708 3565 2777 inquit,

383 2798 446 2851 Et
479 2797 548 2850 nil
576 2798 815 2853 dieanins
840 2797 961 2853 hinc
986 2799 1184 2867 pariter
1206 2799 1435 2868 penitus,
2064 2798 2196 2848 Lum
2222 2805 2285 2849 de
2318 2797 2401 2849 his
2431 2798 2607 2850 verbis
2637 2798 2927 2853 dissereret
2958 2800 3209 2853 brevibus
3244 2817 3255 2852 ;

318 2889 472 2952 Sara,
520 2890 775 2949 Rebecca,
815 2889 1036 2953 Rachel,
1088 2891 1318 2950 Deborit,
1372 2889 1577 2955 Noemi,
1634 2888 1776 2944 Ruth
1836 2901 1890 2947 et
1997 2885 2195 2947 Donec,
2226 2888 2319 2947 ait.
2354 2886 2581 2940 Dmuino
2611 2889 2710 2941 hoc
2743 2903 3091 2944 occurramus
3115 2892 3165 2943 in
3192 2906 3306 2944 aevo

380 2979 567 3042 llulila,
588 2979 1314 3043 Susanna,Judith,etsimul
1332 2980 1523 3033 Esther
1538 2980 1667 3034 obit.
1688 2980 1887 3051 [Anna,
2066 2980 2182 3044 Quo
2218 2993 2313 3031 nos
2344 2978 2742 3048 perfectosjam
2775 2980 2940 3048 liquet
2970 2995 3088 3035 esse
3119 2982 3297 3043 viros;

316 3069 421 3122 llas
452 3070 587 3122 inter
604 3069 763 3121 micat
791 3069 927 3122 alma
956 3072 1066 3124 suis
1094 3070 1395 3124 Machahma
1421 3074 1672 3141 trophmis
1994 3067 2047 3120 lu
2078 3069 2178 3122 hoc
2216 3069 2391 3121 Malis
2420 3067 2654 3133 modulo,
2683 3084 2787 3137 quo
2821 3070 2923 3125 vita
2955 3079 3173 3140 peracta

385 3158 585 3212 Nobilis
615 3175 665 3211 in
699 3175 836 3221 sese,
870 3159 1063 3213 nobilis
1098 3176 1150 3213 in
1192 3160 1395 3214 sobole.
1917 3142 1960 3201 Ο
2065 3159 2215 3211 Tunc
2244 3159 2443 3211 Christi
2486 3160 2682 3222 fuerat,
2711 3162 2923 3226 quando
2957 3176 3171 3214 crucem
3202 3160 3386 3215 subiit.

317 3250 422 3303 Sed
456 3251 582 3319 quid
614 3251 723 3303 sola
748 3251 836 3303 diu
868 3260 1111 3303 veterum
1138 3264 1477 3305 monumenta
1506 3262 1707 3318 retexo,
1992 3246 2087 3312 Qui

1471 3272 1477 3303 .
1506 3262 1707 3318 τριρκο,
1992 3246 2135 3312 Quos
2164 3248 2325 3311 igitur
2355 3250 2533 3316 potius
2561 3249 2687 3302 hinc
2710 3249 2982 3303 exsultare
3014 3250 3241 3315 decebit,

384 3342 489 3394 Nec
516 3358 635 3394 cum
665 3342 747 3393 his
775 3356 876 3392 una
918 3351 971 3392 et
1000 3356 1133 3393 nova
1174 3343 1573 3396 commemoro?
2059 3340 2208 3404 Quod
2238 3348 2496 3392 transuta
2523 3340 2649 3402 cito,
2684 3354 2827 3393 nunc
2851 3339 3049 3394 fruitur
3079 3343 3325 3405 Domino,

310 3431 619 3485 Pnccursor
654 3431 859 3484 Domini
888 3440 1107 3483 sanctus
1139 3430 1375 3499 Baptista
1408 3432 1641 3487 Joannes
1988 3427 2080 3492 Qu:

1430 3450 1641 3487 nmmos
1988 3427 2116 3492 Quae
2150 3428 2393 3480 breviore
2415 3428 2710 3483 via‘mundi
2740 3432 2970 3485 transire
3005 3432 3200 3499 pericla

380 3522 475 3576 Cui
510 3522 683 3574 nullus
710 3521 883 3575 fuerat
911 3524 1101 3592 major,
1134 3524 1218 3576 hic
1241 3526 1525 3579 occiderat.
2060 3517 2123 3569 Ει
2156 3519 2391 3587 reperire
2429 3519 2592 3571 Cilalll
2622 3522 2920 3589 pI‘OIllcl‘uil
2948 3522 3206 3590 requiem.

309 3613 515 3683 Corpus
547 3614 793 3677 Sebaste,
818 3624 978 3683 caput
1007 3616 1328 3670 Alexandria
1360 3628 1603 3673 saucium
1988 3604 2335 3661 Transfertur
2365 3609 2629 3677 siquidem
2650 3609 2849 3676 justus,
2878 3626 2943 3664 ne
2970 3626 3135 3679 prava
3167 3612 3414 3668 voluntas

372 3706 504 3759 cuin
534 3705 695 3759 Marci
731 3706 901 3758 sacris
928 3707 1165 3759 continet
1191 3709 1417 3761 exuviis,
2058 3700 2163 3753 Cor
2195 3709 2366 3752 mutet
2399 3712 2624 3766 rectum,
2660 3703 2957 3771 dccipiatvc
2984 3704 3240 3757 animam.

308 3795 518 3849 Primos
546 3794 795 3847 Ecclesim
828 3810 1095 3862 proceres,
1130 3795 1232 3847 duo
1258 3795 1456 3848 lumina
1488 3798 1668 3850 mundi
2646 3850 2926 3890 MSPOVSIO

378 3887 591 3939 Petrum
622 3900 741 3939 cum
776 3884 939 3940 Paulo
970 3884 1136 3940 Roma
1180 3897 1319 3939 tenet
1352 3889 1563 3941 merito.
2646 3869 2948 3890 "Ml-ww"

305 3978 572 4051 Andream
601 3976 755 4030 simul
786 3986 839 4031 et
867 3976 1064 4030 Lucam
1086 4018 1100 4041 ,
1139 3994 1365 4046 quorum
1393 3981 1550 4034 modo
1578 3980 1739 4050 pollet
1986 3969 2075 4023 '5"

1453 3981 1550 4034 odo
1578 3980 1739 4050 pollet
1986 3969 2090 4023 Ista
2118 3970 2333 4037 quidem
2358 3969 2472 4025 fore
2502 3971 2623 4024 nixa
2650 3972 2782 4025 satis
2814 3972 2963 4025 firma
2994 3972 3223 4037 ratione,

374 4064 868 4134 Cmstantinopoiis
898 4068 1214 4135 corporibus
1243 4069 1442 4131 nitidis,
2059 4057 2213 4112 N""0
2241 4062 2399 4114 m0th
2435 4071 2583 4114 CCI‘le
2609 4077 2890 4129 possumus
2924 4062 3197 4132 ambigere
3226 4079 3239 4115 :

306 4159 472 4212 Istum
511 4158 793 4226 Bithyniae,
828 4158 997 4227 Syria:
1026 4159 1300 4227 provincia
1330 4160 1495 4224 misit,
1987 4145 2201 4201 Scimus
2230 4149 2373 4201 enim
2406 4148 2605 4203 debere
2637 4153 2769 4204 mori
2814 4152 3057 4206 mortalia
3095 4162 3310 4217 cuncta,

375 4247 520 4299 mum
552 4245 776 4299 fecunda
804 4245 1026 4299 contum
1055 4248 1277 4299 Achaia,
2057 4237 2271 4293 Scimus
2302 4241 2369 4293 ad
2404 4255 2656 4296 occasum
2684 4246 2903 4298 tendere
2932 4254 3128 4299 cuncta
3157 4261 3346 4311 suum;

307 4335 590 4397 Joannem,
632 4350 788 4402 quem
820 4335 895 4388 sic
924 4335 1179 4389 Dominus
1210 4337 1557 4407 quoadusque
1590 4338 1813 4402 veniret,
1987 4328 2090 4383 Sed
2116 4339 2293 4385 tamen
2321 4332 2589 4402 ingenitus
2617 4337 2930 4391 mortalibus
2952 4337 3113 4390 ardor
3138 4338 3341 4391 amoris

378 4425 685 4478 Mansurum
714 4425 870 4487 dixit,
910 4425 1152 4493 Ephesus
1188 4427 1326 4481 alma
1356 4428 1500 4482 colit.
1911 4489 1951 4498 __
2057 4421 2148 4475 Non

1911 4489 1951 4498 __
2057 4421 2169 4475 Non
2197 4423 2355 4477 modo
2382 4440 2485 4479 non
2520 4424 2667 4491 ﬂere,
2702 4443 2804 4480 non
2831 4429 2960 4481 sinit
2988 4438 3041 4482 et
3075 4444 3308 4498 gemere.

304 4516 505 4569 Ambos
533 4530 652 4567 cum
686 4489 966 4581 Stephano
984 4512 1211 4570 Jacobos
1243 4515 1421 4571 Judzea
1457 4527 1711 4582 retentat,
1908 4489 1959 4547 Ῐ)
1988 4513 2103 4568 Non
2134 4516 2305 4569 solum
2335 4518 2599 4587 siquidem
2624 4489 2843 4590 propter
2873 4522 3011 4576 hanc
3038 4489 3157 4576 esse
3180 4523 3451 4587 dolemus,

379 4605 614 4659 Summis
649 4606 1021 4659 stemmatibus
1046 4605 1157 4675 ipsa
1189 4607 1342 4661 beata
1377 4609 1568 4663 tribus.
2056 4607 2291 4671 Flemus,
2324 4609 2586 4679 Ingemus,
2616 4610 2915 4681 plangimus
2939 4621 2992 4666 et
3020 4612 3283 4683 gemimus
3309 4654 3322 4677 ν

304 4696 504 4766 Inclyta
538 4694 836 4764 llierapolis
860 4693 1078 4765 prmfert
1105 4711 1258 4749 saera
1292 4698 1531 4753 membra
1564 4699 1815 4770 Philippi,
1984 4701 2113 4767 Qua:
2138 4701 2407 4756 desolatas
2437 4702 2552 4772 ejus
2576 4719 2672 4758 nos
2706 4714 2877 4758 morte
2900 4705 3145 4760 dolemus

377 4786 441 4839 Et
473 4794 596 4840 sunt
628 4784 878 4838 Matthzeo
904 4784 1183 4854 Ethiopes
1222 4787 1394 4841 nitidi.
2053 4795 2266 4866 Nosque
2297 4797 2403 4866 lupi
2434 4800 2656 4853 miseras
2694 4803 2963 4858 morsibus
2986 4805 3279 4873 expositas.

306 4876 566 4930 Thomam
608 4875 795 4929 Edissa
825 4882 999 4939 tenet,
1030 4876 1190 4930 habet
1221 4877 1367 4931 ludia
1397 4879 1871 4949 Bartholommum,
1984 4887 2162 4957 Agnos
2198 4903 2429 4957 namque
2461 4893 2639 4960 gregis
2668 4908 2922 4962 percussa
2958 4907 3132 4949 matre
3165 4910 3384 4951 necesse
3410 4908 3495 4952 est

375 4966 593 5021 Persida
620 4973 726 5057 st_at
752 4964 897 5057 Judae
926 4963 1245 5057 et_Sitnonis
1277 4967 1475 5023 cinere.
2052 4978 2177 5032 Sive
2209 4981 2345 5033 mori
2376 4990 2612 5047 teneras,
2637 4984 2792 5039 lactis
2820 4993 2873 5039 et
2900 4986 3184 5057 indignas;

305 5056 554 5111 Matthias
575 5063 627 5108 el
653 5054 943 5118 Barnabas,
977 5052 1328 5121 TimOIhaeus,
1359 5058 1548 5127 Apollo
1977 5070 2083 5122 Aut
2103 5068 2440 5126 errabundas
2462 5072 2545 5127 lae
2566 5086 2870 5141 qumrentes
2896 5052 3136 5131 alienum

378 5149 666 5220 Sylvanus,
700 5147 870 5211 Titus,
900 5146 1241 5213 Theophilus,
1272 5146 1458 5205 Gaius.
2049 5160 2307 5213 Dentibus
2339 5161 2513 5217 insani
2558 5179 2749 5235 nempe
2776 5174 2963 5235 patere
2997 5164 3143 5237 lupi;

304 5242 522 5310 Joscph,
552 5238 830 5303 Gamaliel,
864 5237 1183 5291 Nicodemus
1212 5247 1265 5291 et
1301 5238 1582 5296 Nathaniel
1980 5252 2069 5306 sic

1980 5252 2129 5306 Sicut
2162 5252 2303 5303 enim
2351 5251 2631 5325 Scriptura
2672 5255 2836 5310 refert
2877 5274 2889 5308 :
2921 5256 3155 5312 Pastore
3189 5266 3480 5327 perempto

374 5336 662 5387 Decessere
689 5330 813 5395 viri,
840 5325 1137 5399 quamlibet
1171 5328 1377 5383 eximii.
2058 5342 2261 5396 Passim
2294 5340 2555 5411 dispersa:
2575 5345 2898 5417 diripiuntur
2927 5362 3079 5404 oves.

302 5425 541 5491 Longum
571 5435 790 5489 prorsus
820 5422 945 5485 erit,
978 5419 1021 5474 si
1060 5430 1280 5473 cunctos
1309 5424 1540 5493 denique
1561 5437 1777 5485 sanctos
1988 5437 2139 5508 Quod
2173 5440 2236 5493 de
2272 5438 2553 5508 discipulis
2580 5441 2787 5498 Domini
2823 5444 3026 5498 dictum
3056 5454 3156 5496 seu
3187 5435 3402 5494 factum

371 5514 467 5548 DDI‘
500 5511 750 5548 ΙΙΙΙΙηΓΙΙΙΠι
802 5510 1027 5548 ηυιιιιῖρη
1056 5523 1323 5548 threan-Inv
1350 5529 1475 5548 anna
1500 5518 1632 5548 clu'n
2060 5528 2141 5548 0-!

1248 5525 1323 5548 inp
1350 5529 1475 5548 οηιιιι
1500 5518 1632 5548 ρΙιιΙη
2060 5528 2170 5548 0-2.
2219 5529 2347 5548 1.---
2415 5545 2435 5548 _
2485 5533 2496 5543 -
2668 5544 2676 5548 -
2914 5537 2945 5548 ‹.
2981 5537 3018 5548 -η
