4482 5548
900 422 1029 479 “9|

1604 543 1773 584 AGIUS.

894 624 1008 681 Hoc
1029 623 1260 694 primum
1288 634 1384 677 vos
1412 633 1569 675 nosse
1596 620 1737 682 volo,
1769 618 2040 685 geminum
2076 616 2189 670 fore
2215 614 2368 670 nobis

964 715 1279 770 Nostrorum
1314 711 1563 767 affectum
1592 708 1804 765 coalitus
1830 706 2145 777 ingenitum,

890 808 1134 864 Carneus
1153 814 1236 861 est
1259 819 1421 870 unus,
1456 804 1593 858 alter
1617 802 1829 857 divinus
1866 800 2112 854 habetur.

963 898 1112 953 Unus
1137 895 1397 959 cmlestis,
1436 902 1649 949 terreus
1671 900 1757 946 est
1784 889 1940 944 alius.

848 1028 851 1033 .
892 986 996 1041 Sed
1025 984 1261 1041 carnalis
1299 998 1475 1047 amor,
1509 980 1702 1036 charos
1731 993 1828 1034 nos
1860 975 2115 1048 plangere
2139 985 2373 1038 nostros,

962 1074 1251 1129 Defunctos
1288 1071 1415 1128 flere
1454 1086 1550 1127 nos
1580 1068 1711 1123 facit
1747 1076 1801 1122 et
1828 1080 2061 1138 gemere.

890 1164 1040 1219 Sicut
1061 1172 1115 1218 et
1142 1177 1171 1217 e
1197 1170 1383 1217 contra
1411 1160 1623 1215 divinus
1660 1173 1822 1214 ovare
1848 1158 2055 1219 suadet,

957 1252 1090 1308 Cum
1125 1253 1208 1307 his
1234 1250 1503 1307 salvandis
1532 1264 1627 1304 nos
1657 1263 1843 1303 smnus
1883 1245 2107 1299 indubii.

888 1344 1225 1411 Quapropter
1249 1343 1406 1394 modo
1433 1355 1529 1394 vos
1559 1340 1861 1405 iterumque
1884 1322 2466 1404 iterumquemonebo,

960 1432 1030 1487 Ut
1063 1432 1348 1487 dimittatis
1374 1431 1473 1485 has
1505 1429 1704 1483 nimias
1730 1427 1999 1497 lacrymas
2033 1443 2045 1477 :

886 1522 1039 1579 Sicut
1074 1523 1216 1577 enim
1248 1521 1481 1578 carnalis
1504 1536 1656 1575 amor
1682 1529 1867 1591 gratus
1890 1558 1903 1576 .
1931 1517 2255 1579 moderatus,

957 1612 1048 1668 Sic
1075 1612 1166 1668 fiet
1189 1627 1416 1675 nocuus,
1443 1612 1489 1666 si
1526 1610 1691 1665 fuerit
1723 1610 1941 1663 nimius.

885 1702 1063 1768 Quare
1087 1702 1131 1756 si
1160 1701 1344 1756 fletum
1370 1700 1521 1754 vobis
1544 1700 1646 1754 hoc
1669 1698 1809 1753 forte
1835 1696 2047 1762 suadet,

957 1792 1064 1847 Vos
1094 1791 1259 1846 faciat
1280 1791 1431 1845 laetas
1458 1790 1755 1859 tripudiare
1788 1789 1941 1843 fides.

883 1881 1015 1937 Nam
1051 1882 1223 1952 pietas
1255 1883 1390 1946 lucc,
1429 1882 1676 1952 impietas
1702 1881 1875 1950 magis
1902 1895 2023 1935 esse
2048 1881 2334 1949 probatur-

952 1970 1178 2037 Quando
1203 1970 1428 2025 adversa
1464 1970 1552 2039 pio
1592 1968 1866 2039 diligimus
1900 1968 2147 2022 Domino.

883 2064 989 2119 Sed
1015 2065 1139 2134 quia
1169 2062 1392 2117 lenitum
1412 2062 1525 2133 jam
1554 2061 1828 2116 credimus
1854 2075 1975 2115 esse
2000 2060 2266 2122 dolorem,

950 2154 1233 2209 Credimus
1266 2152 1349 2206 his
1376 2163 1614 2207 vestrum
1638 2150 1933 2206 cohibitum
1960 2150 2242 2219 gemitum,

880 2246 981 2313 Qui
1007 2246 1070 2300 de
1102 2254 1275 2299 morte
1311 2244 1412 2313 pia:
1441 2251 1660 2308 vestrae,
1684 2252 1993 2309 sanctasque
2024 2240 2228 2293 sororis

952 2332 1261 2403 Torquebat
1288 2342 1525 2388 vestrum
1564 2332 1886 2388 omnimodis
1911 2331 2174 2392 animum,

878 2422 959 2478 Ad
991 2424 1134 2485 lucc,
1166 2436 1286 2491 quae
1315 2430 1551 2485 restant,
1579 2422 1692 2491 jam
1728 2420 2051 2492 respondere
2076 2420 2319 2480 studebo,

950 2512 1101 2579 Quod
1130 2522 1309 2567 tamen
1334 2521 1417 2566 est
1448 2520 1595 2567 certe
1618 2520 1701 2567 sat
1739 2512 1870 2565 mihi
1900 2510 2131 2566 difficile.
2300 2503 2305 2507 ’

877 2603 1065 2659 Justus
1101 2604 1244 2659 enim
1286 2604 1419 2659 satis
1446 2604 1546 2658 iste
1576 2603 1727 2659 dolor
1752 2603 2055 2671 cuicunque
2084 2603 2312 2665 videtur,

952 2696 1070 2763 Quo
1100 2710 1196 2766 pro
1222 2709 1281 2751 se
1310 2703 1522 2759 maeret,
1550 2710 1656 2765 quo
1677 2694 1776 2749 sibi
1804 2695 2034 2766 quisque
2058 2693 2223 2750 dolet.

880 2784 947 2840 Et
978 2799 1110 2839 sane
1135 2799 1347 2853 possem
1374 2784 1531 2839 modo
1561 2784 1760 2847 dicere,
1806 2785 1949 2853 quod
1978 2784 2283 2855 sapientum

950 2876 1076 2931 Hrec
1107 2879 1239 2929 satis
1269 2884 1352 2931 est
1378 2891 1506 2930 vera
1533 2884 1589 2930 et
1607 2876 1693 2946 pia
1723 2876 1937 2931 traditio
1965 2889 1982 2930 :

879 2964 1095 3019 Fortem
1137 2980 1406 3035 quemque
1450 2966 1625 3019 virum
1657 2966 1860 3035 quaevis
1892 2966 2229 3021 incommoda
2279 2966 2462 3020 mundi

950 3057 1095 3111 Forti
1122 3057 1363 3125 perferre
1386 3065 1605 3127 pectore
1635 3067 1966 3125 competere.

878 3147 974 3201 Ast
997 3148 1097 3200 hoc
1126 3145 1356 3201 femellis
1398 3149 1597 3199 teneris
1635 3161 1799 3215 grave
1825 3146 1964 3199 forte
1988 3145 2223 3209 videtur,

951 3238 1063 3292 Nec
1092 3239 1204 3292 haec
1237 3252 1325 3291 res
1350 3237 1502 3291 vobis
1531 3246 1614 3290 est
1648 3237 1782 3290 adeo
1805 3236 1999 3291 facilis.

880 3329 985 3384 Sed
1017 3330 1142 3397 quid
1185 3327 1377 3398 agam?
1412 3344 1478 3380 an
1509 3336 1839 3396 postremqu
1869 3327 2013 3381 inter
2044 3328 2235 3382 solatia
2268 3328 2464 3392 dicam,

950 3421 1100 3487 Quod
1124 3421 1234 3490 jam
1274 3418 1442 3472 ferme
1470 3432 1660 3473 omnes
1690 3417 1869 3471 dicere
1901 3433 2042 3486 saepe
2071 3418 2284 3472 solent:

879 3509 1032 3575 Quod
1065 3509 1285 3562 minime
1308 3507 1526 3577 penitus
1556 3521 1653 3560 nos
1682 3506 1972 3562 emendare
1994 3507 2233 3562 valemus
2252 3547 2267 3573 ,

953 3598 1081 3653 Illud
1110 3597 1308 3653 debere
1338 3612 1436 3651 nos
1468 3596 1701 3652 tolerare
1728 3597 1902 3652 bene?

881 3686 996 3742 Non
1024 3688 1187 3757 igitur
1211 3687 1331 3741 volo
1353 3687 1473 3753 hoc,
1507 3702 1612 3741 non
1644 3687 1744 3741 hoc
1770 3686 1891 3741 volo
1920 3688 2101 3744 dicere
2128 3689 2279 3745 vobis

952 3779 1057 3834 Sed
1088 3777 1229 3849 quod
1264 3776 1427 3833 solari
1456 3792 1551 3833 vos
1572 3778 1749 3832 valeat
1771 3779 1982 3845 merito,

879 3870 995 3924 Non
1028 3868 1143 3924 fore
1164 3885 1258 3924 vos
1283 3869 1571 3935 desolatas,
1597 3886 1702 3925 non
1722 3886 1812 3925 vos
1842 3872 2109 3936 vidnatas,

948 3959 1127 4014 All'ore
1158 3975 1300 4014 nunc
1332 3969 1561 4015 matrem
1584 3975 1807 4029 prorsus
1835 3962 2205 4017 honorificam.

880 4050 992 4119 lpse
1019 4051 1179 4114 Deus,
1201 4049 1292 4118 qui
1323 4050 1461 4104 hanc
1483 4049 1633 4104 vobis
1655 4062 2029 4115 concesserat,
2069 4054 2181 4123 ipse

956 4136 1058 4191 Vos
1088 4138 1452 4201 conservabit,
1481 4137 1673 4209 diriget
1706 4147 1867 4207 atque
1895 4149 2062 4208 reget.

878 4225 1149 4278 Praeterea
1174 4232 1347 4277 mater
1368 4224 1475 4293 pia.
1504 4225 1659 4295 cujus
1690 4226 1741 4280 in
1767 4228 2018 4281 omnibus
2041 4228 2153 4297 ipsa

955 4312 1057 4367 Usa
1088 4313 1187 4366 luit
1212 4314 1325 4384 Jugi
1345 4313 1544 4383 jugiter
1572 4314 1771 4369 auxilio
1791 4356 1806 4379 ,

880 4406 935 4459 In
966 4405 1175 4461 cunctis
1204 4406 1378 4460 aderit
1409 4420 1645 4475 semper,
1682 4421 1895 4476 quoque
1926 4408 2111 4462 sedula
2142 4409 2293 4463 vobis

948 4496 1076 4564 Quae
1106 4497 1189 4553 vel
1221 4498 1486 4561 tractatis,
1515 4499 1695 4554 dicitis
1728 4508 1821 4553 aut
1850 4498 2049 4555 facitis.

880 4584 990 4641 Nec
1012 4586 1184 4641 deerit
1212 4586 1396 4657 regina
1418 4602 1571 4641 soror
1592 4588 1743 4644 vobis
1765 4588 2069 4659 ubicunque

952 4672 1152 4729 Forsan
1176 4674 1341 4746 regali
1363 4684 1447 4731 est
1470 4690 1604 4745 opus
1629 4677 1848 4732 auxilio.

882 4762 997 4817 Non
1028 4764 1254 4819 deerunt
1279 4765 1498 4833 fratres,
1531 4783 1637 4824 non
1669 4777 1767 4833 tot,
1803 4768 2043 4839 tantique
2070 4770 2281 4837 fideles,

953 4854 1096 4920 Quos
1126 4856 1232 4911 late
1259 4866 1493 4912 vestrum
1522 4860 1821 4929 promeruit
1846 4859 2117 4914 meritum.

881 4943 1154 5013 Przecipue
1178 4954 1355 5001 tamen
1379 4946 1520 5001 alma
1543 4962 1713 5010 soror,
1741 4948 1887 5002 velut
1912 4950 2113 5018 optima
2145 4960 2317 5005 mater

953 5034 1167 5090 Filiolas
1198 5038 1447 5106 precibus
1484 5048 1732 5109 proteget
1759 5040 2010 5095 assiduis.

882 5125 1037 5180 Nunc
1055 5126 1317 5194 siquidem
1349 5137 1499 5183 tanto
1528 5130 1681 5183 vobis
1703 5130 1876 5197 magis
1910 5131 2057 5184 utilis
2081 5140 2288 5198 exstat,

954 5212 1165 5279 Quanto
1197 5214 1369 5269 vicina
1397 5231 1537 5271 nunc
1566 5218 1736 5286 magis
1762 5226 1845 5272 est
1875 5219 2118 5274 Domino.

1872 416 1962 469 AD
2002 415 2224 470 OPEIlA
2267 413 2732 469 llROTSL’lTllIE
2776 416 3133 475 APPENDIX.

4014 434 4148 487 “92

2499 529 2545 586 Α
2576 525 2689 579 Non
2718 531 2913 595 peterit
2939 532 2982 584 si
3017 532 3146 596 vult,
3175 534 3335 589 etiam
3360 536 3424 589 de
3450 539 3693 593 cautibus
3716 542 3831 597 istis

2636 616 2907 687 Propitius
2935 622 3114 676 facere
3150 624 3338 680 filiolas
3366 629 3627 683 Abrahaz?

2575 705 2679 761 Vos
2710 710 2868 764 modo
2900 727 2965 765 ne
2992 714 3156 783 pigra:
3182 714 3325 779 sitis,
3361 717 3461 772 hoc
3478 718 3680 788 jugiter
3702 721 3873 791 ipsum

2642 796 2781 852 Voto
2811 814 3063 866 exorare,
3093 812 3148 858 et
3172 820 3331 873 prece
3356 808 3630 862 continua.

2570 886 2759 940 Aderit
2794 889 2847 942 in
2887 892 3099 946 cunctis
3126 894 3298 956 vobis,
3324 904 3382 948 ut
3407 896 3640 952 diximus
3669 908 3813 962 ante,

2643 974 2764 1030 Haec
2786 978 2973 1031 eadem
3008 981 3215 1036 meritis
3250 983 3445 1037 femina
3472 1001 3625 1039 sacra
3658 988 3785 1041 suis.

2573 1064 2641 1120 Ut
2677 1066 2937 1135 siquidem
2970 1084 3065 1124 vos
3107 1072 3219 1140 ipsa
3256 1073 3414 1137 velit,
3463 1075 3702 1130 valeatve
3736 1076 3943 1145 juvare.

2643 1155 2807 1211 Posse
2832 1158 2924 1211 dat
2946 1160 3287 1230 omnipotens
3314 1162 3556 1233 velleque
3583 1167 3919 1233 proximitas.

2570 1247 2701 1301 Nam
2733 1250 2859 1304 licet
2881 1250 2933 1303 in
2960 1252 3155 1305 caelum
3184 1264 3464 1323 susceptus
3488 1259 3705 1327 spiritus
3736 1270 3927 1323 exstet,

2640 1339 2753 1393 Non
2784 1350 2961 1395 tamen
2988 1358 3016 1395 a
3046 1346 3199 1398 nobis
3224 1345 3348 1400 hinc
3376 1348 3508 1401 ahiit
3540 1352 3791 1416 penitus;

2569 1429 2770 1482 Vivunt
2800 1429 3047 1495 virtutes,
3078 1432 3209 1485 vivit
3241 1449 3455 1503 quoque
3486 1438 3591 1489 vita
3627 1439 3805 1502 beata,

2641 1519 2784 1571 Vivit
2815 1519 2990 1587 lingua
3017 1522 3127 1589 pia,
3156 1530 3211 1575 et
3235 1526 3425 1578 merita
3449 1525 3699 1580 almifica.

2576 1606 2723 1672 llaec,
2756 1609 2878 1677 quia
2896 1608 3009 1677 jam
3035 1610 3227 1665 faciem
3254 1629 3393 1667 nunc
3422 1630 3611 1685 nempe
3635 1616 3819 1670 videre
3841 1617 4091 1685 nequitis,

2639 1698 2789 1753 Nunc
2814 1716 2998 1755 coram
3032 1703 3224 1757 vestris
3251 1705 3435 1771 ponite
3465 1722 3560 1760 vos
3588 1707 3775 1761 oculis.

2570 1786 2624 1840 Si
2658 1788 2786 1856 quid
2824 1789 2874 1842 in
2913 1790 3013 1843 hac
3043 1806 3251 1845 summe
3279 1806 3373 1846 vos
3395 1808 3609 1863 semper
3637 1795 3877 1860 amastis,
3901 1796 4111 1851 habetis

2496 1872 2537 1932 Β
2634 1877 2806 1931 Vitam
2838 1880 3255 1943 sanctissimam,
3284 1881 3623 1946 magnificum
3656 1885 3929 1939 meritum.

2570 1967 2695 2023 llaec
2724 1977 2850 2022 sunt
2872 1970 3102 2033 exuvire,
3134 1972 3237 2024 hoc
3264 1970 3537 2039 palliolum
3567 1975 3919 2028 reverendmn
3944 2015 3959 2039 ,

2636 2058 2752 2124 Quo
2778 2074 2990 2113 sursum
3015 2069 3166 2129 rapto
3196 2060 3467 2115 deciderat
3501 2061 3652 2126 Elia),

2570 2147 2674 2201 Isto
2700 2148 2988 2203 Jordanem
3023 2159 3149 2204 tunc
3182 2151 3363 2205 divisit
3384 2150 3624 2215 Elisens;

2641 2238 2707 2291 Et
2730 2238 2861 2294 falsa
2886 2258 2914 2293 a
2944 2242 3087 2295 veris
3113 2257 3205 2297 vos
3234 2258 3445 2311 quoque
3470 2244 3727 2297 dividitis.

3214 2346 3517 2387 RESPONSIO.

2568 2416 2687 2471 Jam
2718 2420 2850 2474 satis
2876 2429 2957 2474 est
2987 2420 3186 2475 factum
3215 2424 3369 2477 nobis
3396 2425 3499 2477 hoc
3526 2422 3691 2477 affore
3720 2438 3885 2478 vanos

2639 2507 2974 2563 Omnimodis
3012 2508 3166 2563 ﬂetus
3188 2550 3202 2574 ,
3237 2526 3371 2579 quos
3400 2511 3745 2581 lacrymando
3767 2513 3955 2567 damus
3988 2532 4001 2564 :

2569 2592 2652 2649 Nil
2678 2597 2878 2650 etenim
2905 2607 3150 2665 prosunt,
3181 2614 3278 2653 nec
3305 2601 3410 2665 his,
3438 2601 3787 2670 quantmlibet
3816 2611 4056 2667 exstent,

2644 2688 2876 2754 Quosvis
2905 2688 3185 2744 defunctos
3205 2691 3317 2759 jam
3348 2690 3574 2746 faetmns
3603 2693 3844 2749 reduces.

2569 2778 2678 2834 Nos
2702 2780 2880 2849 potius
2910 2790 3089 2834 nostra
3115 2781 3398 2850 perfuncta
3423 2792 3567 2837 sorte
3588 2793 3874 2852 sequentes

2634 2868 2768 2924 Hinc
2794 2871 2947 2938 quasi
2982 2872 3047 2924 de
3080 2870 3237 2940 longo
3268 2872 3464 2927 ibimus
3494 2874 3702 2927 exsilio.

2569 2962 2745 3030 Quare
2774 2965 3001 3019 detersis
3022 2964 3212 3028 oculis,
3241 2964 3600 3035 lacrymisque
3620 2966 3859 3029 remotis,

2642 3052 2840 3107 Sedato
2868 3051 3105 3121 planctu,
3138 3054 3373 3107 cohibito
3400 3054 3623 3121 gemitu,

2568 3142 2686 3196 1am
2721 3144 2838 3206 tibi,
2868 3143 3031 3197 chara
3055 3158 3228 3207 soror,
3253 3152 3462 3198 nosmet
3485 3143 3718 3213 gaudere
3740 3142 3975 3206 decebit,

2634 3232 2785 3299 Quod
2810 3234 2908 3287 has
2938 3248 3210 3287 aerumnas
3239 3244 3351 3287 tam
3386 3235 3493 3289 cito
3521 3234 3833 3289 transieras.

2574 3321 2681 3376 Nos
2707 3322 2916 3387 flemus,
2946 3338 3066 3391 qua:
3097 3338 3202 3375 non
3228 3332 3405 3377 tecum
3432 3324 3589 3378 simul
3609 3338 3729 3377 esse
3758 3334 4047 3387 merentes,

2638 3413 2749 3467 lloc
2775 3425 2984 3467 certare
3010 3414 3097 3467 diu
3129 3414 3372 3483 cogimur
3399 3414 3450 3469 in
3480 3416 3688 3480 stadio;

2569 3504 2675 3558 Nos
2699 3490 2911 3568 flemus,
2940 3518 3059 3572 qua:
3082 3504 3132 3557 in
3158 3504 3258 3557 hac
3287 3503 3529 3558 convalle
3550 3520 3734 3559 sumus
3760 3504 4144 3577 lacrymarnm,

2641 3596 2881 3665 Tamque
2906 3597 2994 3650 diu
3027 3612 3056 3649 a
3088 3606 3275 3650 nostra
3303 3594 3602 3680 differimus
3635 3598 3825 3666 patria.

2570 3686 2648 3741 Tn
2677 3688 2825 3753 fidei,
2856 3688 2979 3742 vitae
3008 3689 3182 3743 stadio
3208 3704 3475 3759 cursuque
3498 3697 3736 3758 peracto,

2636 3777 2754 3832 Jam
2782 3778 2982 3833 renites
3006 3777 3165 3849 digno
3188 3779 3413 3848 iustitia:
3439 3779 3653 3841 bravio;

2568 3868 2760 3923 Nostra
2800 3870 2951 3934 fides,
2978 3882 3163 3923 noster
3185 3884 3395 3932 cursus,
3424 3885 3581 3939 quem
3614 3883 3831 3939 prorsus
3852 3867 4052 3920 habere

2635 3959 2819 4013 Finem
2846 3959 3154 4028 prazvaleat,
3186 3961 3237 4013 in
3266 3961 3427 4013 dubio
3460 3969 3721 4014 remanet.

2567 4046 2643 4099 Tu
2664 4045 2773 4113 jam
2796 4063 2919 4101 cum
2949 4048 3172 4101 Domino
3198 4050 3407 4102 devicto
3434 4049 3586 4103 hoste
3613 4049 3943 4118 triumphas;

2635 4135 2742 4190 Nos
2770 4138 2943 4191 adlmc
2978 4139 3152 4193 hosus
3182 4139 3404 4207 impedit
3437 4140 3707 4194 assiduus.

2569 4224 2643 4278 Te
2666 4225 2775 4294 jam
2806 4234 2993 4293 portus
3016 4226 3212 4291 habet;
3252 4242 3349 4281 nos
3378 4226 3740 4295 adhucjactat
3761 4229 4008 4298 abyssus.

2637 4315 2711 4370 Te
2742 4316 2829 4369 lux
2862 4332 2987 4371 vera
3026 4325 3200 4382 tenet;
3232 4333 3328 4373 nos
3355 4320 3585 4374 tenebra:
3616 4320 3865 4373 retinent.

2574 4407 2641 4461 l'u
2670 4424 2790 4461 cum
2816 4408 3111 4478 virginibus
3140 4410 3423 4474 comitans,
3452 4425 3771 4480 quocunque
3797 4413 3855 4475 it,
3902 4412 4138 4482 Agnum,

2635 4498 2767 4552 Lilia
2798 4514 2918 4553 cum
2951 4499 3106 4553 violis
3129 4500 3336 4570 colligis
3362 4512 3520 4570 atque
3558 4504 3727 4567 rosis;

2486 4578 2541 4638 Ι)
2568 4588 2674 4643 Nos
2695 4603 2814 4642 cum
2843 4588 3116 4644 coancillis
3145 4589 3343 4643 nostris
3369 4591 3569 4644 tumulo
3593 4605 3719 4645 ecce
3744 4601 3925 4661 tuopte

2634 4680 2818 4735 Flores
2844 4690 3159 4751 spargentes
3194 4681 3438 4737 ducimus
3464 4682 3733 4737 excubias.

2563 4774 2641 4828 Tu
2666 4774 2776 4843 jam
2803 4772 2911 4828 fata
2942 4774 3131 4843 patris,
3162 4773 3388 4828 fratrum
3425 4774 3583 4829 simul
3612 4784 3771 4844 atque
3801 4790 4047 4831 sororum

2628 4864 2830 4918 lsthinc
2858 4878 3015 4918 nosse
3046 4864 3205 4929 vales,
3238 4865 3361 4919 inde
3382 4864 3571 4932 juvare
3596 4876 3779 4933 potes;

2564 4954 2672 5009 Nos
2697 4955 2796 5009 etsi
2827 4956 2963 5008 bona
2992 4954 3275 5007 credamus
3304 4954 3369 5007 de
3399 4968 3621 5008 munere
3647 4954 3869 5017 Christi,

2634 5042 2820 5109 Qualia
2844 5042 2949 5095 sint
2979 5056 3199 5110 prorsus
3228 5043 3489 5111 ambiguae
3515 5043 3763 5097 clnimus.

2563 5130 2737 5186 Chara
2768 5146 2945 5193 soror,
2973 5145 3091 5199 quae
3122 5145 3278 5185 nosse
3306 5139 3454 5200 potes
3482 5130 3639 5184 simul
3660 5141 3822 5200 atque
3846 5129 4037 5200 juvare

2634 5220 2755 5273 Illos
2783 5218 3056 5273 nobiscqu
3086 5218 3274 5288 adjuva
3306 5218 3444 5289 apud
3468 5219 3785 5274 Dominum!

2491 3244 2536 3305 C
