4482 5548
330 387 466 446 H93

327 499 501 554 Chara
525 513 698 563 soror,
721 495 1070 557 desiderium,
1101 492 1384 558 lumenque
1415 500 1653 550 tuorum,

393 586 565 652 Quam
596 586 774 640 brevis
801 594 882 638 est
909 584 1082 646 nobis,
1115 598 1256 635 nunc
1289 581 1380 633 tibi
1406 580 1558 649 longa
1589 579 1768 633 salus!

325 676 460 739 lleu,
487 690 647 746 quam
675 677 726 730 in
759 674 970 729 modico
1004 673 1282 726 nobiscum
1314 679 1559 739 tempore
1582 669 1789 733 vivens,

393 768 563 834 Quam
589 769 696 822 cito
727 777 779 822 tu
815 767 970 820 nobis
999 775 1207 818 mortua
1235 763 1554 816 transieras!

321 857 474 913 Nunc
502 860 552 914 in
573 859 779 914 cmlesti
803 856 925 911 felix
952 855 1165 926 regione
1194 854 1386 917 locata,

392 949 501 1004 Nos
534 950 615 1005 vel
641 965 735 1020 per
757 949 905 1002 visus
931 947 1097 1000 chara
1129 945 1300 998 revise
1333 940 1602 1010 frequens.

323 1042 405 1096 Sit
429 1043 618 1097 saltem
650 1041 854 1096 mmstis
881 1042 992 1093 hrec
1015 1036 1310 1092 consolatio
1346 1033 1521 1095 nobis,

395 1131 461 1186 Ut
489 1147 584 1201 per
614 1132 803 1186 crebra
833 1131 898 1184 ad
922 1144 1016 1183 nos
1048 1127 1254 1181 somnia
1287 1135 1340 1178 tu
1377 1123 1593 1178 venias?

320 1222 387 1277 Et
411 1220 543 1289 jam,
575 1221 756 1283 chara,
790 1219 922 1281 vale,
948 1217 1170 1271 dulcedo
1200 1225 1253 1270 et
1273 1213 1439 1284 gloria
1470 1222 1651 1266 nostra

391 1311 602 1378 Nosque
628 1311 729 1363 luis
757 1309 950 1378 dignis,
983 1308 1167 1369 chara,
1191 1307 1316 1375 juva
1344 1303 1569 1358 meritis.

323 1403 396 1457 Te
425 1401 581 1456 modo
610 1401 894 1462 submisse,
931 1399 1098 1452 frater
1129 1384 1342 1454 dilecte.
1372 1409 1643 1464 rogamus,

389 1493 716 1547 Commenda
746 1491 952 1544 crebris
987 1490 1126 1543 hanc
1157 1487 1382 1542 Domino
1415 1485 1681 1554 precibus.

321 1583 398 1637 Tu
425 1583 518 1637 tibi
550 1583 702 1637 testis
729 1582 878 1644 ades,
909 1590 1166 1650 quantum
1199 1588 1248 1632 te
1271 1593 1482 1646 semper
1511 1575 1725 1640 amarit,

390 1674 542 1728 Nunc
569 1673 643 1726 illi
672 1673 884 1742 dignam
911 1673 1022 1739 ipse
1053 1669 1282 1738 repende
1321 1670 1510 1730 vicem,

318 1764 425 1817 Nos
448 1764 608 1817 etiam
641 1762 892 1814 minimas
914 1759 1028 1827 ejus
1056 1759 1121 1811 de
1155 1774 1301 1812 more
1327 1771 1543 1811 sorores

385 1854 537 1908 Nunc
566 1852 1002 1908 commendamus
1028 1866 1152 1906 ecce
1176 1852 1278 1905 tuis
1308 1851 1576 1914 manibus,

321 1944 388 1998 Ut
410 1943 622 2005 doceas,
647 1957 934 1996 moneasve
957 1941 1048 1994 tibi
1080 1955 1176 1994 nos
1205 1955 1354 1993 more
1382 1949 1556 2001 sueto,

388 2033 456 2087 Et
488 2049 586 2087 nos
617 2033 787 2102 ipsius
813 2045 1026 2098 semper
1053 2045 1236 2085 amore
1267 2030 1434 2090 colas,

319 2125 619 2179 Mercedem
648 2125 795 2178 dabit
818 2124 905 2176 hic
938 2123 1111 2178 vobis.
1139 2123 1224 2175 cui
1258 2121 1444 2175 scrviit
1474 2120 1584 2188 ipsa
1606 2159 1618 2181 ,

389 2213 552 2281 Cujus
577 2214 702 2267 item
734 2212 944 2266 famulae
976 2227 1072 2266 nos
1097 2226 1280 2264 sumus
1303 2210 1526 2280 exigum.

317 2301 426 2357 Nos
451 2302 614 2356 etiam
638 2301 797 2355 solito
827 2311 877 2354 te
907 2315 1120 2368 semper
1142 2313 1326 2353 amore
1351 2298 1612 2359 colemus,

385 2392 554 2447 Immo
579 2391 749 2462 magis
779 2391 1024 2455 colimus,
1059 2405 1218 2459 quam
1247 2389 1415 2445 solitae
1439 2388 1656 2441 fuimus.

1022 2534 1193 2574 AGIUS.

314 2655 536 2710 Gratum
561 2653 717 2708 valde
743 2653 872 2707 mihi
901 2652 1001 2708 hoc
1028 2663 1130 2717 est,
1158 2652 1301 2722 quod
1326 2652 1525 2717 dicitis,
1557 2652 1719 2706 immo

381 2744 524 2799 Istud
559 2760 697 2800 nunc
734 2745 845 2813 ipse
875 2745 1163 2799 debueram
1194 2754 1392 2814 petere.

316 2832 422 2889 Sed
451 2835 788 2903 praevenistis
815 2835 954 2889 sicut
990 2836 1216 2900 meritis,
1257 2836 1327 2889 ita
1364 2850 1539 2892 causa:

385 2926 546 2979 lstius
573 2925 759 2978 humili
787 2925 1026 2979 funditus
1061 2925 1253 2979 officio.

315 3015 466 3070 Unde
495 3017 618 3085 quia
647 3015 913 3070 alternum
937 3026 1178 3071 nostrum
1211 3017 1347 3072 bene
1377 3017 1530 3072 scitis
1553 3032 1790 3074 amorem

383 3101 494 3156 Hoc
524 3118 620 3156 vos
646 3101 836 3157 affectu
861 3104 1022 3173 diligo
1045 3113 1180 3158 teste
1208 3104 1338 3158 Deo.

311 3193 564 3246 Doctrina
593 3208 688 3247 vos
714 3209 842 3248 vero
880 3209 996 3248 mea
1028 3210 1132 3249 non
1154 3210 1378 3264 prorsus
1406 3197 1575 3266 egetis
1600 3214 1613 3261 ;

380 3284 474 3339 Est
498 3285 587 3354 qui
621 3300 718 3339 vos
752 3286 1005 3339 Dominus
1030 3287 1261 3340 instruat
1291 3287 1534 3342 interius.

309 3371 580 3442 Quidquid
634 3374 688 3428 in
745 3374 1006 3444 obsequio
1056 3390 1176 3430 esse
1223 3385 1423 3445 potest,
1479 3379 1544 3430 ad
1608 3380 1708 3432 hoc
1774 3379 1884 3432 fore

1486 3466 1813 3538 [promptum

376 3553 445 3607 Et
465 3567 552 3608 me
573 3553 849 3624 promitto,
873 3563 928 3609 et
949 3553 1062 3608 fore
1092 3571 1197 3610 non
1223 3555 1426 3610 dubito.

307 3641 384 3697 De
415 3645 585 3712 patris
616 3652 668 3697 et
702 3643 947 3709 fratrum,
981 3645 1072 3714 qui
1099 3645 1405 3712 decessere,
1429 3647 1602 3700 salute

379 3731 497 3796 Non
525 3733 681 3789 decet
707 3748 829 3788 esse
867 3735 1031 3789 nimis
1059 3751 1154 3791 vos
1185 3738 1343 3791 modo
1371 3737 1650 3792 sollicitas.

308 3819 426 3876 Una
453 3836 628 3887 soror,
663 3824 801 3877 terni
829 3822 1022 3879 fratres
1048 3825 1231 3881 obiere
1263 3826 1466 3891 tenelli,

378 3910 530 3977 Quod
563 3910 677 3966 fore
705 3912 803 3966 hos
833 3913 976 3980 ipsos
1003 3914 1263 3982 approbat
1292 3915 1570 3970 innocuos.

303 4002 456 4058 Enda
487 4018 660 4068 soror,
691 4019 807 4073 quao
833 4003 944 4072 jam
988 4006 1160 4059 fuerat
1195 4004 1484 4073 conjuncta
1515 4009 1734 4071 marito,

373 4094 525 4160 Quod
548 4095 728 4150 minus
753 4096 865 4164 ipsa
900 4105 1064 4159 tenet,
1099 4097 1151 4148 in
1179 4097 1360 4151 sobole
1400 4098 1527 4151 illud
1560 4099 1739 4154 habet.

299 4182 419 4252 Ipse
447 4192 602 4252 pater
625 4184 870 4252 quamvis
896 4185 1009 4237 sine
1032 4185 1190 4238 sorde
1229 4186 1529 4253 nequiverit
1563 4203 1703 4252 esse,

379 4274 575 4344 Utpote
608 4277 879 4328 mundano
911 4276 1163 4344 prmditus
1193 4275 1400 4340 officio;

299 4364 531 4431 Quantis
554 4365 664 4433 ipse
692 4364 845 4418 bonis
873 4374 1050 4418 tamen
1080 4366 1376 4420 emundare
1404 4366 1574 4436 piacla

375 4455 590 4509 Curarit
621 4454 859 4524 propria,
894 4470 987 4509 vos
1011 4456 1146 4510 bene
1182 4471 1340 4511 nosse
1367 4458 1499 4511 scio.

298 4544 435 4597 Nam
465 4543 589 4598 licet
619 4545 915 4598 innumeris
952 4545 1136 4600 mundi
1180 4547 1326 4601 curis
1351 4559 1706 4616 premeretur,

372 4632 416 4684 A
443 4633 635 4702 quibus
662 4633 802 4686 haud
835 4647 995 4702 opere
1019 4648 1076 4688 se
1106 4636 1276 4704 quivit
1299 4651 1522 4702 exuere,

298 4725 528 4779 Romam
561 4725 818 4794 perrexit.
852 4743 977 4796 quo,
1011 4729 1094 4782 cui
1131 4743 1386 4784 concessa
1419 4728 1644 4784 facultas

373 4813 626 4868 Solvendi
669 4814 866 4881 fuerat,
896 4817 1106 4873 solvere
1151 4833 1208 4873 se
1233 4828 1464 4887 peteret.

297 4905 440 4959 Hinc
470 4906 658 4976 dignos
688 4908 898 4964 cineres
922 4921 1230 4965 sanctorum
1262 4911 1363 4965 rite
1397 4922 1677 4967 revectans

369 4996 585 5050 Partem
621 4997 686 5051 de
714 5001 1070 5069 propriojure
1100 5001 1244 5056 dedit
1278 5000 1518 5056 Domino.

298 5087 398 5142 llic
428 5104 580 5143 sacra
603 5101 912 5148 sanctorum
936 5109 1056 5149 ossa
1079 5096 1282 5160 locans,
1301 5112 1395 5152 vos
1417 5099 1653 5171 quinque
1671 5114 1883 5155 sorores

373 5177 485 5233 Eiic
512 5179 693 5234 divino
726 5184 931 5238 dedidit
961 5185 1240 5255 obsequio.

299 5268 570 5334 Fidiolum,
601 5286 759 5338 quem
786 5277 1227 5344 cmnobiojunxit
1263 5281 1670 5350 monachorum,

367 5355 442 5412 Ne
478 5373 580 5426 qua
605 5358 714 5414 Deo
745 5366 956 5419 deesset
981 5369 1157 5434 portio
1189 5367 1325 5422 forte
1366 5371 1466 5424 sui.

297 5445 569 5469 h--._-_.-
603 5450 714 5469 ..-.

1275 379 1614 435 DIALOGUS
1655 377 1740 432 DE
1781 370 1981 428 OBITL'
2026 369 2082 425 S.
2124 372 2592 429 ll.\Tl|U.\lOD.~F..

2004 487 2332 540 Arsurumne
2362 487 2561 554 putatis
2589 501 2730 548 eum,
2765 488 2916 556 cujus
2947 490 3030 557 pia
3062 487 3200 540 facta

3437 375 3567 428 HN

2070 578 2267 631 Mundo
2299 578 2510 632 labente
2543 587 2689 631 stant
2717 581 2832 634 sine
2865 581 2967 633 fine
3006 580 3151 634 fere?

2001 667 2120 720 Stat
2144 668 2290 720 locus
2324 667 2410 722 ille
2442 668 2554 730 Dei,
2588 685 2746 736 quem
2779 669 3075 723 tradiderat
3111 669 3413 722 famulaluis

2068 758 2199 825 Quae
2237 775 2335 828 pro
2361 775 2417 814 se
2439 759 2594 829 jugcs
2619 761 2934 814 continuant
2974 761 3260 831 lacrymas.

1999 848 2096 904 Hic
2122 850 2318 904 chorus
2349 850 2436 904 ille
2466 851 2616 914 eluit,
2644 866 2800 920 quem
2828 853 3031 922 pridem
3054 852 3264 907 solvere
3289 863 3468 923 grates

2076 943 2181 999 Pro
2209 960 2266 999 se
2292 945 2499 999 salvato
2535 945 2742 998 viderat
2780 946 2892 1015 ipse
2930 947 3056 1000 Deo.

2000 1035 2144 1090 Vidit
2175 1037 2317 1091 enim
2352 1037 2402 1090 in
2428 1038 2628 1092 somnis
2657 1038 2708 1090 in
2745 1039 2974 1092 maceria
3007 1041 3164 1093 nimis
3189 1040 3290 1093 alta

2069 1128 2144 1183 Te
2168 1130 2536 1184 nutabundum
2571 1140 2714 1184 stare.
2747 1132 2878 1184 satis
2928 1133 3218 1200 trepidum;

1999 1218 2238 1287 Cumque
2267 1229 2549 1290 putaretur
2586 1223 2736 1290 quasi
2782 1222 3063 1276 confestim
3107 1226 3398 1293 periturus,

2068 1311 2364 1377 Quemdam
2393 1314 2656 1368 clamasse
2687 1315 2932 1382 protinus
2957 1331 2986 1369 e
3017 1315 3182 1370 latere
3208 1331 3220 1367 :

2005 1399 2090 1453 Vae
2118 1401 2334 1466 misero,
2359 1403 2491 1471 jam,
2525 1404 2718 1471 inquit,
2765 1405 2993 1468 rnituro,
3030 1404 3136 1470 jam
3172 1407 3431 1475 perituro,

2071 1488 2179 1544 Nec
2206 1507 2326 1558 spes
2358 1493 2460 1544 ulla
2494 1493 2593 1546 sibi
2615 1491 2726 1559 jam
2760 1495 2958 1562 poterit
2985 1494 3122 1548 fieri.

1998 1580 2079 1633 Ad
2110 1581 2222 1636 hzec
2252 1581 2340 1635 ille
2370 1581 2472 1635 fide
2496 1582 2648 1652 plena
2691 1602 2703 1634 :
2737 1598 2840 1637 non
2871 1585 2947 1637 sic
2977 1585 3100 1648 erit,
3146 1585 3337 1653 inquit,

2069 1668 2172 1724 Sed
2199 1685 2321 1739 spes
2350 1685 2568 1740 prorsus
2601 1671 2726 1731 erit.
2756 1673 2796 1726 si
2830 1671 2969 1726 Deus
3005 1674 3116 1743 ipse
3149 1675 3292 1729 velit.

2003 1760 2092 1815 Sic
2118 1763 2253 1829 pede
2279 1762 2495 1831 delapso
2517 1776 2573 1817 se
2602 1763 2893 1818 demissum
2920 1766 3281 1833 pededentim,

2071 1849 2135 1902 Et
2160 1860 2308 1904 recto
2333 1860 2561 1919 utroque
2589 1851 2690 1906 rite
2717 1853 2933 1908 stetisse
2957 1855 3111 1924 pede.

1997 1937 2094 1992 llic
2118 1947 2316 1993 emtum
2349 1955 2596 2009 maguum
2625 1943 2794 1997 versis
2825 1943 3062 2000 faciebus
3091 1946 3156 1998 ad
3186 1955 3361 2001 ortum

2063 2027 2256 2084 Grates
2286 2030 2408 2084 inde
2450 2031 2536 2098 pio
2561 2045 2682 2085 mox
2717 2032 2962 2087 retulisse
2989 2033 3116 2089 Deo.

2001 2118 2141 2172 Vidit
2168 2121 2292 2174 huic
2321 2121 2482 2174 alium
2523 2137 2627 2175 non
2661 2123 2975 2178 dissimilem
3020 2125 3131 2179 fere
3153 2127 3358 2193 visum;

2065 2208 2120 2262 lu
2152 2212 2375 2263 nimium
2408 2213 2546 2266 celsa
2580 2212 2744 2268 affore
2776 2231 2832 2269 se
2861 2216 3088 2280 frutice;

1995 2296 2236 2367 Cumque
2262 2301 2534 2354 videretur
2565 2303 2707 2357 velut
2749 2317 2815 2358 ex
2845 2305 2953 2358 alto
2995 2308 3255 2372 ruiturus,

2065 2386 2359 2453 Quemdatu
2395 2390 2594 2444 dixisse
2630 2392 2706 2445 sic
2730 2393 2946 2446 sibimet
2972 2396 3148 2448 subito
3176 2417 3185 2449 :

1997 2477 2052 2530 Si
2089 2493 2318 2543 ramum,
2351 2481 2438 2547 qui
2469 2483 2824 2550 praemodicus
2856 2485 2955 2537 sibi
2996 2487 3274 2552 provimus
3302 2501 3460 2548 esset.

2064 2567 2300 2622 Fortiter
2331 2570 2591 2624 ambabus
2630 2573 2936 2642 conciperet
2975 2576 3244 2640 manibus,

1995 2654 2064 2708 Se
2090 2657 2224 2708 nihil
2268 2658 2591 2713 omnimodis
2619 2675 2903 2730 passurum
2936 2678 3126 2733 nempe
3156 2667 3361 2735 pericli.

2063 2748 2171 2802 Nec
2199 2751 2325 2816 quid
2351 2753 2396 2803 ei
2429 2767 2647 2820 prorsus
2679 2769 2834 2822 posse
2875 2756 3011 2810 male
3047 2757 3184 2810 fieri.

1993 2836 2142 2890 Tunc
2172 2838 2364 2892 iterum
2391 2852 2611 2906 caatum,
2642 2852 2699 2896 ut
2729 2843 2859 2908 dixi,
2897 2860 3216 2900 conversum
3248 2850 3312 2902 ad
3347 2849 3492 2903 illum

2063 2931 2272 2987 Laudes
2307 2935 2530 2989 salvanti
2563 2939 2902 2994 concinuisse
2943 2942 3070 2996 Deo.

1995 3023 2211 3078 Viderat
2242 3027 2338 3080 hoc
2365 3044 2515 3092 sane,
2541 3032 2726 3097 paucis
2758 3036 2906 3100 prius
2945 3035 3056 3102 ipse
3081 3035 3270 3089 diebus

2061 3115 2229 3181 Quam
2263 3115 2396 3170 foret
2429 3118 2696 3180 infirmus,
2728 3135 2890 3175 satius
2921 3123 3094 3177 adhuc
3123 3127 3354 3193 penitus.

1914 3179 1956 3239 C
1990 3203 2113 3259 llzcc
2144 3207 2272 3273 quid
2301 3193 2625 3276 portendant
2655 3211 2786 3265 bene
2816 3228 2907 3266 vos
2937 3179 3218 3269 advertere
3237 3219 3422 3284 quitis,

2060 3297 2124 3351 Et
2153 3297 2266 3352 hmc
2303 3300 2442 3354 inter
2469 3315 2525 3354 se
2554 3316 2656 3355 non
2699 3302 2815 3356 fore
2849 3305 3101 3372 disparia.

1987 3389 2129 3459 Ergo
2159 3392 2283 3458 quid
2315 3392 2364 3444 in
2396 3407 2549 3446 muro
2583 3394 2794 3453 renitet.
2836 3396 2934 3449 nisi
2965 3397 3107 3450 celsa
3141 3409 3392 3467 potestas,

2057 3477 2172 3544 Qua
2199 3488 2322 3531 tunc
2353 3479 2596 3532 sublatus
2623 3481 2734 3549 ipse
2769 3480 2867 3534 fuit
2897 3485 3147 3552 penitus?

1984 3566 2170 3622 Murus
2197 3570 2338 3622 enim
2371 3569 2543 3626 factus
2568 3571 2632 3625 de.
2665 3573 2809 3627 saxis
2841 3573 3081 3644 pluribus
3112 3589 3310 3643 exstat,

2061 3658 2205 3712 Sicut
2233 3670 2350 3714 erat
2388 3662 2570 3714 multis
2595 3662 2759 3717 fultus
2792 3665 2876 3719 hic
2907 3668 3184 3722 asseculis.

1989 3749 2094 3804 Sed
2131 3751 2217 3804 hic
2248 3752 2298 3804 in
2336 3767 2546 3805 summo
2587 3768 2860 3808 murorum
2893 3754 3125 3810 culmine
3151 3760 3350 3823 stabat,

2058 3841 2209 3907 Quod
2239 3843 2419 3896 multis
2449 3859 2587 3897 unus
2612 3843 2714 3897 dux
2750 3845 2923 3900 fuerat
2961 3848 3186 3915 positus.

1989 3933 2053 3986 Et
2084 3935 2208 4001 quia
2235 3934 2427 3987 salvari
2463 3936 2678 4000 meruit,
2705 3946 2830 3990 tunc
2859 3940 3080 4006 spiritus
3111 3941 3249 4007 ejus,

2058 4023 2183 4077 lude
2219 4041 2376 4079 ruens
2410 4027 2570 4080 rectis
2601 4028 2919 4081 constiterat
2961 4031 3206 4098 pedibus.

1988 4111 2139 4166 Unde
2185 4113 2333 4167 locus
2359 4122 2555 4176 vester,
2588 4129 2746 4182 quem
2785 4114 3016 4172 fundans
3046 4119 3293 4182 initiavit.

2055 4203 2134 4258 Ob
2162 4205 2303 4259 hunc
2331 4206 2594 4259 salvatum
2619 4207 2886 4277 glorificat
2909 4211 3214 4266 Dominum.

1984 4292 2092 4348 Nec
2117 4295 2218 4348 hoc
2260 4295 2517 4350 dissimile
2549 4307 2630 4350 est
2667 4299 2808 4366 quod
2846 4309 2964 4368 post
2996 4301 3110 4355 hzec
3147 4304 3260 4374 ipse
3303 4306 3518 4362 videbat
3548 4327 3561 4373 ;

2056 4382 2160 4438 Sed
2193 4383 2307 4438 fore
2348 4386 2491 4439 futue
2519 4387 2692 4440 visum
2723 4389 2915 4443 edocet
2943 4390 3242 4449 indubium.

1984 4472 2159 4526 Arbor
2182 4477 2344 4540 enim,
2380 4493 2499 4545 qu:e
2541 4478 2680 4532 celsa
2720 4481 2851 4534 satis
2877 4481 3052 4537 fuerat
3079 4485 3181 4540 sibi
3209 4487 3319 4542 visa

2057 4564 2240 4617 Ramis
2277 4567 2492 4625 erectis.
2525 4566 2652 4622 ore
2684 4569 2872 4624 decora
2906 4573 3059 4639 satis,

1985 4649 2184 4720 Inclyta
2217 4655 2504 4724 progenies
2534 4657 2650 4726 ejus
2692 4673 3037 4731 propagoque
3072 4663 3214 4720 celsa
3240 4679 3344 4734 est,

2054 4742 2119 4796 Et
2147 4746 2346 4800 mundo
2368 4747 2513 4802 clara
2537 4759 2589 4802 et
2621 4751 2847 4807 Domino
2888 4755 3106 4822 placita.

1986 4830 2117 4885 Nam
2152 4837 2292 4904 quod
2324 4837 2469 4893 clara
2505 4839 2602 4893 fuit
2631 4844 2850 4909 mundo,
2890 4845 2986 4902 flos
3021 4850 3388 4921 prodigiabat;

2056 4921 2160 4977 Sed
2193 4935 2458 4982 monstrat
2486 4939 2651 4996 recta,
2683 4934 2825 5000 quod
2860 4934 3085 4991 Domino
3116 4939 3332 5008 placita.

1987 5013 2043 5068 ln
2075 5016 2233 5085 hujus
2266 5034 2480 5077 summo
2506 5037 2613 5077 non
2646 5035 2816 5090 stans,
2845 5028 2937 5082 sed
2968 5031 3230 5100 pendulus
3259 5037 3431 5102 haesit,

2059 5106 2176 5174 Ipse
2199 5110 2338 5178 quod
2369 5123 2497 5168 ante
2525 5124 2720 5182 potens
2756 5115 2969 5173 fmierat
2995 5122 3253 5191 attiguus.

1989 5195 2242 5254 Summus
2269 5209 2412 5266 erat,
2452 5204 2578 5275 quia
2614 5220 2805 5275 nempe
2831 5208 2914 5262 sui
2947 5211 3162 5280 generis
3204 5211 3363 5269 simul
3395 5232 3583 5272 omnes

2061 5285 2202 5342 Vicit
2231 5289 2455 5360 virtute,
2492 5294 2626 5348 vicit
2658 5297 2861 5351 honore
2890 5313 3126 5371 quoque.

1988 5378 2257 5436 Pendulus
2290 5381 2538 5449 adhaesit,
2577 5387 2702 5455 quia
2731 5387 2841 5458 jam
2868 5401 3063 5447 nutare
3090 5399 3336 5461 potestas
