4482 5548
827 0 962 29 II‘JU
1830 0 1918 18 ην
1958 0 2022 17 VI
2046 0 2179 15 lia-un
2222 0 2593 17 ιιιινιυυιιι

2299 0 2687 17 ΙνΙυυΙΙΙΙΔυ
2728 0 3085 15 ιιιιμινυιΔ-ιο
3936 0 4064 17 Ιινν

892 78 1005 133 Non
1039 77 1212 131 fuerat
1240 76 1395 131 famae
1431 73 1713 128 ambitiosa
1740 87 1870 126 suae.
2422 79 2470 136 Α
2500 71 2565 125 Ει
2587 87 2693 141 quo
2721 72 2793 125 nil
2826 89 3060 141 unquam
3086 73 3169 128 vel
3197 73 3343 129 cordi
3370 76 3576 145 gratius
3600 84 3767 141 esset,

822 168 974 222 llune
1005 168 1091 221 hic
1138 166 1460 235 constringit
1507 165 1776 229 manilius,
1817 163 1942 232 quia
1984 160 2212 230 plurima
2256 173 2393 215 natae
2561 163 2665 216 Ant
2694 164 2809 232 ipso
2833 173 2980 218 certe
3009 164 3284 234 pulchrius
3316 166 3529 219 intuitu.

892 260 1066 327 Atque
1099 256 1375 313 coancillis
1408 257 1635 311 contulit
1664 255 1776 325 ipse
1803 255 1934 308 suis.
2499 251 2625 306 Post
2650 252 2738 305 ubi
2770 252 2835 307 de
2864 268 3052 307 somno
3079 253 3229 308 hetus
3268 269 3389 309 mox
3419 256 3782 325 evigilassem,

820 347 934 403 lloc
957 348 1230 413 meritum,
1261 346 1365 402 hoc
1391 353 1493 412 est,
1523 345 1666 416 quod
1696 358 1816 400 eum
1836 342 1947 411 jam
1966 340 2184 412 jamque
2209 341 2394 397 laben-
2568 345 2733 399 Grata
2762 346 2891 399 satis
2921 345 3169 401 mihimet
3192 348 3328 403 visio
3355 349 3467 402 visa
3502 348 3633 413 fuit;

2186 434 2314 505 [tetu
2501 436 2651 491 Unde
2681 437 2766 492 die
2793 437 2932 491 facta
2972 452 3092 492 mox
3118 438 3291 509 ipsum
3321 438 3576 494 fratribus
3605 442 3715 508 ipse

891 530 935 584 A
972 545 1102 587 casu
1132 530 1289 602 plane
1316 529 1513 601 eripuit
1539 527 1756 598 duplici.
2566 528 2778 583 Nostris
2808 531 3050 599 exposui,
3079 530 3316 600 quidque
3350 530 3489 586 foret
3519 532 3693 586 retuli.

822 624 955 677 Nam
988 624 1129 693 quod
1159 623 1411 678 nobilitas
1441 622 1558 675 tulit
1587 631 1678 675 aut
1713 629 1925 675 terrena
1966 626 2227 688 potestas,
2500 618 2575 672 Te
2598 618 2836 687 Gerberg
2864 621 3194 675 abbatissam
3236 620 3373 687 fore,
3406 637 3608 692 proque
3638 637 3824 677 sorore

892 713 1006 767 Hoc
1035 714 1390 783 eleemosyua:
1421 711 1765 767 reddiderant
1789 710 1972 764 variae.
2562 706 2737 763 Vestri
2767 717 3033 763 tenturam
3065 712 3294 765 ctenobii
3326 713 3585 782 regimen.

822 804 951 867 Vos,
993 803 1083 872 qui
1112 804 1195 857 his
1227 802 1424 857 uterini
1453 802 1657 871 pariter
1686 816 1804 856 cum
1836 799 2062 869 conjuge
2098 797 2256 866 digna
2503 799 2613 854 Hoc
2637 800 2835 854 etenim
2864 802 3183 869 portendere
3209 803 3389 874 regula
3420 813 3600 857 nostra
3632 803 3856 865 videtur,

890 894 1061 964 Ipsius
1093 894 1208 948 sitis
1249 901 1509 963 perpetuo
1541 906 1829 945 memores.
2567 888 2741 954 Quam
2772 890 2929 945 modo
2960 900 3013 944 tu
3041 892 3260 955 retines,
3297 893 3409 962 ipsa
3440 893 3587 961 prius
3614 895 3799 946 tenuit.

823 982 947 1038 Haec
976 984 1195 1049 etenim,
1238 984 1355 1038 [nec
1386 992 1487 1046 est,
1520 996 1638 1051 (μιτο
1667 996 1872 1035 ramum
1905 979 2169 1049 prendere
2210 975 2401 1047 palmis
2503 980 2673 1035 Parva
2720 982 2934 1050 quidem
2962 1025 2975 1047 ,
3038 984 3162 1051 quia
3212 999 3408 1053 parvus
3464 986 3635 1039 adlmc
3702 1000 3826 1053 grex
3895 992 4078 1037 vester

894 1073 1019 1129 llaec
1048 1090 1165 1143 «ιυιο
1201 1074 1569 1142 eleemosynas
1600 1072 1768 1125 suasit
1800 1072 1847 1126 ci
1877 1071 2076 1124 varias.
2568 1073 2672 1128 Sed
2697 1075 2831 1129 bene
2855 1075 3181 1142 conscripta,
3204 1077 3273 1129 oh
3292 1077 3377 1145 pia
3407 1076 3545 1131 facta
3573 1089 3681 1129 tua.
3744 1075 4015 1146 [hahetur,

823 1165 933 1219 Vos
956 1165 1243 1219 dehitriees
1280 1164 1437 1218 simul
1477 1164 1607 1218 estis
1634 1164 1846 1232 utrique
1882 1162 2114 1232 parenti,
2500 1164 2567 1216 Et
2593 1177 2741 1226 vere,
2773 1178 2946 1229 soror,
2976 1173 3032 1216 ut
3059 1164 3189 1228 dixi,
3231 1164 3302 1217 nil
3336 1164 3609 1232 pulchrius
3639 1178 3894 1231 unquam,

897 1252 1009 1306 Una
1039 1266 1158 1305 cum
1185 1252 1411 1316 cunctis,
1443 1266 1577 1321 quas
1604 1261 1749 1306 tenet
1782 1252 1867 1305 ille
1893 1252 2061 1305 locus.
2569 1251 2635 1304 Et
2662 1252 2849 1306 melius
2875 1252 3133 1322 scriptum
3165 1268 3249 1307 me
3284 1252 3461 1306 recolo
3491 1252 3762 1305 intuitum.

823 1344 993 1409 Quem
1023 1343 1270 1408 Domino,
1299 1344 1604 1413 sanctisque
1639 1344 1748 1398 suis
1774 1344 1960 1398 dantes
1989 1343 2270 1396 voluerunt
2502 1342 2766 1408 Quocirca
2798 1342 2918 1397 licet
2950 1353 3003 1397 et
3029 1344 3259 1407 doleam,
3290 1354 3342 1397 et
3364 1359 3577 1413 semper
3603 1343 3863 1398 doliturus

892 1435 1113 1489 Cunctis
1139 1422 1665 1489 communemalfore
1691 1449 1785 1504 per
1810 1433 2114 1488 Dominum.
2429 1434 2473 1492 Β
2566 1429 2646 1483 Me
2673 1431 2773 1485 sim
2804 1432 3035 1495 vivente,
3070 1432 3207 1487 hanc
3234 1433 3433 1486 obiisse
3459 1432 3567 1486 cito
3593 1448 3607 1485 :

825 1524 930 1579 Vos
956 1526 1085 1579 estis
1115 1540 1243 1595 grex
1273 1524 1361 1579 ille
1390 1539 1563 1589 sacer,
1599 1540 1758 1594 quem
1799 1525 2008 1579 solvere
2041 1532 2240 1592 grates,
2502 1520 2842 1577 Successisse
2874 1531 3050 1576 tamen
3080 1531 3281 1578 sancta:
3312 1531 3362 1578 te
3391 1522 3595 1592 gaudeo
3619 1530 3860 1575 sanetam

892 1616 1037 1668 Vidit
1063 1615 1150 1668 hic
1182 1615 1232 1667 iu
1265 1615 1469 1668 somnis
1506 1615 1586 1667 vir
1614 1614 1842 1668 Domino
1873 1613 2121 1683 placitus.
2565 1610 2777 1681 Ipsique
2805 1620 2863 1666 ut
2893 1627 3077 1676 carne,
3108 1614 3184 1668 sic
3217 1614 3470 1668 comitem
3504 1613 3716 1665 merito.

825 1705 1093 1773 Quidquid
1120 1720 1351 1772 namque
1379 1705 1503 1759 boni
1532 1703 1729 1768 facitis,
1758 1705 1859 1758 hoc
1888 1706 1952 1757 ad
1987 1705 2089 1758 hoc
2116 1703 2396 1766 remeabit,
2502 1700 2634 1756 Nam
2668 1704 2913 1772 quamvis
2959 1704 3091 1757 alias
3137 1718 3346 1773 quoque
3389 1703 3664 1755 vobiscum
3698 1699 3811 1753 fore
3841 1706 4078 1759 coustct.

891 1794 991 1859 Qui
1025 1793 1176 1847 vobis
1206 1792 1351 1845 illum
1382 1793 1486 1847 rite
1513 1792 1706 1846 dedere
1735 1792 1933 1845 locum.
2565 1790 2693 1856 Quae
2720 1792 2927 1859 possint
2953 1792 3105 1845 subdi
3140 1808 3245 1845 non
3282 1790 3436 1844 modo
3467 1790 3589 1843 huic
3618 1789 3800 1850 oneri;

829 1884 1099 1952 l’rtecipue
1131 1892 1307 1937 tamen
1340 1884 1441 1938 hoc
1466 1884 1530 1938 ad
1563 1885 1702 1937 haue
1730 1884 1921 1937 merito
1954 1883 2233 1945 remeabit,
2503 1878 2578 1934 Te
2609 1889 2782 1933 tamen
2811 1890 2865 1934 et
2894 1881 3080 1949 SOphia
3120 1880 3301 1943 simul,
3331 1870 3384 1933 et
3414 1879 3654 1932 bonitate
3680 1878 3915 1931 sciebam

887 1974 1017 2039 Qua:
1044 1989 1137 2028 vos
1166 1974 1413 2039 nutrivit,
1445 1990 1562 2043 qua:
1587 1974 1747 2028 simul
1781 1974 2030 2027 instituit.
2571 1968 2686 2023 Non
2719 1971 2891 2039 injure
2921 1971 3023 2024 sibi
3052 1971 3252 2040 optime
3284 1969 3553 2024 substitui.

825 2062 936 2129 Qua
967 2063 1032 2117 de
1061 2080 1117 2116 re
1158 2063 1405 2132 precibus
1437 2080 1533 2133 pro
1564 2062 1685 2128 hac,
1714 2063 1856 2132 quod
1886 2062 2128 2131 poscitis,
2161 2059 2262 2116 etsi
2505 2062 2575 2117 Ut
2603 2064 2863 2133 siquidem
2898 2064 3076 2116 carnis
3116 2062 3215 2116 sibi
3248 2063 3369 2131 jure
3397 2062 3690 2130 pt-Opinqua
3720 2058 3897 2121 fuisti;

885 2152 1055 2220 lpsius
1088 2153 1200 2222 ipse
1240 2152 1410 2223 magis
1441 2152 1705 2221 indigeam
1739 2152 2011 2220 precibus,
2568 2155 2657 2211 Sic
2691 2155 2875 2209 itidem
2904 2154 3113 2208 meritis
3142 2155 3389 2223 proxima
3414 2162 3467 2206 tu
3496 2152 3696 2207 fueras.

826 2244 939 2300 Hoc
977 2262 1071 2299 vos
1118 2261 1276 2300 nosse
1324 2246 1472 2309 volo,
1504 2245 1672 2314 ipsius
1699 2245 2049 2313 quoadusque
2093 2250 2403 2313 superstans
2508 2248 2748 2316 Denique
2777 2255 2825 2300 te
2852 2261 2992 2300 nunc
3019 2261 3116 2299 nos
3142 2246 3260 2313 ejus
3297 2245 3591 2313 gaudemus
3618 2245 3821 2298 honore

898 2335 1051 2401 Sum,
1084 2353 1293 2391 memor
1318 2338 1431 2407 ipse
1460 2338 1561 2391 mei
1595 2352 1680 2391 me
1712 2352 2002 2392 memorem
2034 2336 2168 2391 fieri.
2578 2340 2785 2394 Dudum
2815 2340 3134 2410 condignam
3164 2349 3290 2393 tunc
3320 2339 3419 2393 sibi
3458 2338 3796 2407 discipulam,

840 2423 947 2479 Nec
976 2427 1040 2481 de
1078 2428 1239 2481 corde
1269 2442 1389 2481 meo
1415 2442 1508 2480 sua
1538 2427 1697 2480 chara
1725 2428 1925 2481 recedit
1957 2428 2151 2496 imago,
2509 2426 2540 2478 9
2552 2433 2615 2485 ed
2646 2432 2800 2485 modo
2828 2430 3095 2484 haeredem
3131 2428 3345 2497 dignam
3392 2427 3741 2481 nihilominus
3770 2426 3886 2492 ejus

904 2518 997 2576 Vel
1026 2535 1149 2575 cum
1180 2518 1434 2582 dormito,
1482 2518 1562 2572 vel
1591 2520 1768 2587 potius
1802 2518 1980 2586 vigilo.
2573 2520 2697 2575 Sive
2726 2521 3059 2581 monasterii,
3092 2520 3203 2573 sive
3234 2520 3305 2587 pii
3335 2518 3532 2571 meriti.

828 2614 1071 2682 Denique
1098 2626 1219 2665 cum
1263 2610 1443 2676 vigilo,
1478 2612 1544 2663 de
1579 2610 1679 2663 hac
1709 2610 1791 2663 vel
1820 2624 1985 2678 penso
2018 2608 2299 2677 loqum've,
2512 2612 2781 2678 Quaeritur
2808 2625 2937 2678 ergo
2971 2611 3022 2664 iu
3056 2618 3106 2662 te
3155 2624 3308 2662 saera
3358 2608 3553 2661 femina
3578 2647 3591 2672 ,
3640 2606 3900 2675 quaeritur
3949 2603 4003 2657 in
4038 2613 4094 2657 te

892 2703 1061 2756 Nocte
1088 2700 1216 2754 mihi
1259 2700 1477 2753 charam
1509 2700 1717 2753 somnia
1749 2700 1879 2752 dant
1910 2698 2118 2753 faciem.
2581 2701 2820 2756 Affectus
2842 2702 3031 2767 ,cordis
3076 2700 3328 2769 limpidus
3359 2698 3446 2751 ille
3476 2699 3578 2751 sui.

829 2796 961 2851 Nam
992 2793 1199 2861 quoties
1230 2805 1448 2844 somnus
1480 2790 1651 2844 lassos
1674 2790 1889 2844 obducit
1925 2790 2147 2853 ocellos,
2436 2776 2479 2836 C
2512 2792 2659 2845 illius
2684 2792 2976 2859 disciplinae
3006 2791 3248 2859 quautam
3280 2788 3432 2857 quasi
3462 2788 3658 2858 imago,

901 2884 1152 2939 Protinus
1185 2889 1428 2950 apparet,
1463 2895 1582 2933 mox
1612 2880 1811 2947 aliquid
1841 2888 2122 2932 memorat.
2580 2881 2707 2949 Ejus
2734 2883 2926 2943 virtus,
2956 2881 3213 2948 quaeritur
3246 2877 3467 2947 elligies.

829 2975 1064 3031 Plurima
1098 2980 1245 3034 sunt.
1279 2973 1372 3025 88d
1400 2972 1465 3025 de
1492 2969 1675 3024 mUlliS
1708 2970 1821 3039 ipse
1850 2969 1932 3022 vel
1961 2984 2125 3022 unum
2510 2973 2780 3038 Quaeritur
2808 2971 3097 3025 almificum
3131 2971 3397 3030 meritum,
3434 2983 3611 3023 mores
3639 2965 3942 3027 reverendi,

898 3065 1139 3135 Exempli
1171 3078 1333 3117 causa
1362 3061 1545 3117 dicere
1575 3077 1767 3131 nempe
1800 3062 1937 3115 volo.
2580 3062 2782 3131 Lingua
2812 3061 3033 3129 perinde
3060 3060 3169 3128 pia,
3211 3058 3427 3125 vitaque
3448 3058 3570 3126 jure
3597 3071 3768 3110 saera.

828 3155 948 3212 Jatu
980 3172 1069 3210 sex
1106 3154 1432 3208 transierant
1463 3162 1668 3216 noctes,
1700 3162 1755 3207 ct
1782 3154 2009 3223 septima
2039 3154 2202 3216 venit,
2511 3153 2782 3220 Quaeritur
2810 3160 2869 3205 ut
2897 3150 3111 3221 generis
3142 3164 3325 3213 causa,
3375 3149 3452 3202 sic
3482 3148 3689 3203 actibus
3722 3147 3871 3215 ipsis,

904 3247 1193 3315 Postquam
1223 3244 1471 3299 discessit
1509 3244 1729 3313 jamque
1757 3244 1975 3297 humata
2004 3243 2122 3307 fuit,
2577 3242 2727 3297 Sicut
2754 3243 2805 3295 in
2834 3241 3049 3303 affectu,
3095 3240 3172 3295 sic
3200 3249 3255 3293 et
3282 3240 3333 3293 in
3363 3236 3557 3292 oflicio.

832 3338 967 3395 Cum
1000 3335 1240 3390 cubitum
1269 3348 1354 3387 me
1385 3332 1557 3386 vicina
1579 3330 1689 3398 jam
1728 3332 1845 3386 luce
1875 3331 2154 3396 locassem,
2513 3335 2619 3389 Vos
2648 3335 2809 3388 etiam
2845 3341 3046 3388 sancta;
3078 3332 3268 3401 ipsius,
3305 3331 3587 3400 dignaeque
3627 3342 3841 3383 sorores

897 3427 1017 3482 Vidi
1050 3441 1133 3480 me
1164 3426 1217 3479 in
1245 3435 1424 3478 vestro
1451 3438 1570 3479 esse
1598 3423 1945 3478 monasterio.
2579 3426 2729 3479 llanc
2774 3436 3002 3479 matrem
3037 3432 3270 3478 vestram
3300 3421 3534 3476 excolite
3566 3430 3623 3475 ut
3650 3422 3941 3475 dominam.
4019 3494 4024 3497 _

831 3520 1004 3587 Ipsam
1037 3515 1331 3583 veroloqui
1362 3529 1569 3569 mecum
1602 3513 1669 3568 de
1696 3528 1847 3567 more
1875 3513 2118 3567 videbam
2511 3515 2768 3583 Quamvis
2797 3529 3030 3583 namque
3061 3514 3203 3567 cluat
3233 3512 3381 3567 vobis
3407 3526 3575 3581 genus
3600 3511 3848 3565 omnibus
3877 3524 4047 3563 unum
4076 3525 4090 3573 ;

896 3608 1028 3662 Cum
1062 3607 1127 3660 de
1162 3604 1452 3667 nonnullis,
1484 3618 1603 3672 qua:
1633 3603 1953 3666 inciderant,
1986 3603 2125 3664 aliis,
2581 3606 2832 3660 Attamen
2863 3606 2977 3667 haec
3001 3603 3198 3658 Christi
3226 3612 3307 3657 est
3334 3617 3557 3655 munere
3585 3601 3903 3672 prwposita;

835 3698 969 3751 Tum
1000 3696 1068 3750 de
1095 3694 1276 3764 regula
1310 3694 1437 3748 item
1466 3702 1671 3757 nostra,
1700 3702 1918 3762 totaque
1942 3694 2164 3763 perinde
2511 3695 2711 3750 Christi
2742 3696 2910 3749 electa
2940 3695 3058 3747 loco
3084 3692 3392 3760 Christique
3419 3691 3619 3745 vicaria
3651 3699 3882 3752 constat,

905 3787 997 3841 Vel
1034 3787 1140 3840 vita
1170 3795 1359 3840 nostra
1389 3785 1730 3854 ccenohiique
1766 3794 1929 3846 statu,
2582 3786 2797 3840 Christo
2827 3799 2922 3838 vos
2962 3784 3142 3853 agitis,
3174 3782 3433 3851 quidquid
3467 3782 3515 3836 ei
3550 3781 3747 3835 facitis.

833 3880 1076 3948 Cumque
1108 3877 1238 3931 mihi
1265 3876 1488 3941 librum,
1520 3876 1561 3929 si
1600 3891 1759 3945 quem
1793 3876 2037 3931 fortassis
2059 3878 2304 3941 haberet,
2512 3876 2747 3939 Clu-isto,
2776 3875 2915 3928 facta
2944 3874 3065 3936 sibi,
3093 3872 3272 3926 forsan
3299 3871 3490 3939 injuria
3522 3870 3632 3934 ﬁet,

900 3969 1079 4023 Nostri
1111 3968 1368 4038 propositi
1395 3976 1522 4021 tunc
1550 3974 1791 4037 peterem
1820 3966 2008 4030 tribui,
2584 3966 2831 4022 Christus
2865 3967 3181 4028 honoratur,
3215 3962 3465 4018 Christus
3510 3962 3564 4015 in
3597 3962 3700 4016 hac
3729 3959 3947 4016 colitur.

835 4059 905 4114 Se
936 4058 1189 4112 habuisse
1236 4057 1450 4125 quidem
1475 4096 1490 4120 ,
1539 4055 1632 4111 sed
1669 4053 1781 4123 jam
1813 4071 1918 4109 non
1965 4071 2187 4124 prorsus
2213 4055 2412 4110 habere
2448 4119 2480 4125 __
2518 4057 2783 4111 Prteterea
2811 4054 3109 4109 naturalem
3139 4061 3375 4107 vestram
3408 4065 3623 4120 quoque
3650 4060 3876 4104 matrem

900 4151 976 4207 Te
999 4119 1427 4221 Gerberg-istum
1456 4119 1591 4204 dixit
1628 4119 1829 4205 habere
1858 4119 2073 4204 librum.
2446 4119 2494 4177 υ
2590 4148 2850 4203 Omnibus
2870 4145 3194 4201 omnimodis
3220 4119 3449 4199 excolite
3478 4119 3770 4211 obsequiis.

834 4241 935 4309 Qui
970 4240 1101 4295 mihi
1131 4239 1361 4304 delatus,
1392 4254 1589 4310 parvus
1621 4237 1797 4295 fuerat
1825 4239 1953 4293 mihi
1985 4240 2150 4305 visus,
2520 4237 2631 4292 lloc
2658 4235 2868 4291 Domini
2895 4232 3127 4304 iussum,
3173 4234 3276 4287 hoc
3305 4241 3545 4287 vestrum
3592 4231 3761 4286 nostis
3807 4230 4097 4297 honorem,

904 4331 1011 4389 Sed
1036 4333 1175 4388 bene
1199 4332 1560 4402 conscriptus,
1596 4339 1650 4387 et
1678 4330 1813 4387 bene
1848 4331 2197 4400 compositus,
2589 4328 2704 4386 lloc
2736 4328 2905 4385 nostis
2931 4335 3169 4383 vestram
3209 4322 3373 4383 affore
3404 4322 3704 4394 gloriolam.
