1950 3071
194 133 226 166 ll
925 136 1098 171 NOTITIA.
1782 139 1814 170 12

221 191 395 229 Septuaginta
409 193 516 222 circiter
526 192 603 222 annis
616 197 676 237 post
691 193 769 223 Joan.
789 194 924 223 Zonaram
940 197 1088 225 canonibns
1102 196 1293 225 ecclesiasticis
1306 195 1473 224 illustrandis
1498 195 1618 223 animum
1636 195 1738 231 appulit
1752 195 1813 224 Bul-

184 245 291 271 samon,
302 238 347 274 qui
363 239 461 273 passim
476 238 591 266 libenter
604 238 663 272 ejus
674 239 763 266 verbis
777 243 805 266 et
819 240 963 267 sententiis
979 241 1016 276 (0)
1034 241 1128 274 utitur,
1143 245 1170 269 et
1185 240 1268 268 semel
1283 240 1374 268 laudat
1387 241 1469 267 etiam
1492 240 1526 267 de
1549 240 1669 272 nomine,
1687 240 1712 266 in
1732 240 1812 268 scho-

184 281 228 310 liis
242 283 275 309 ad
291 281 436 317 Epistulam
456 282 614 310 canonicam
632 281 661 309 S.
675 282 826 314 Athanasii,
844 287 909 310 tom.
927 283 947 310 ll

1043 285 1090 312 lici
1106 284 1291 319 Beveregiani,
1309 291 1369 319 pag.
1382 284 1416 312 37
1431 293 1439 312 :
1456 283 1696 318 Ὑπερφυέστατος
1708 284 1813 316 ἐκεῖνος

185 326 315 361 Ζωναρᾶς
327 325 415 360 σοφῶς
430 326 477 352 καὶ
491 325 658 361 ὁπερδεξίως
677 326 725 352 καὶ
740 326 779 358 ὡς
793 326 844 353 οὒκ
862 327 894 354 ἄν
906 335 948 359 τις

1041 328 1129 359 miva
1139 328 1308 363 ἡρμήνευσε.
1327 326 1405 354 Unde
1425 326 1552 354 falluntur
1568 346 1576 359 ,
1591 326 1636 361 qui
1651 334 1712 353 cum
1727 326 1811 354 Natali

184 369 336 397 Alexandro
352 369 401 403 (ρ),
418 368 606 396 Balsatnonem
619 373 681 396 ante
693 368 805 397 Zonaras
819 375 940 405 tempore
953 370 1077 398 ﬂoruisse
1090 389 1098 403 ,
1112 370 1286 398 verisimilius
1302 374 1398 405 putant
1412 377 1421 404 ;
1438 375 1519 405 atque
1535 370 1559 398 si
1577 370 1664 397 atatis
1680 372 1809 397 rationem

183 420 242 448 quae
259 413 308 448 ipsi
327 413 411 448 probe
425 417 484 440 erat
495 413 613 448 cognita,
628 413 728 440 habere
739 413 868 442 voluisset
881 414 1054 450 Beveregins,
1072 414 1184 442 Zonara:
1198 415 1301 442 scholia
1315 414 1540 446 Bulsamonianis,
1555 419 1584 441 ut
1601 416 1629 441 tlt
1646 416 1671 441 in
1689 422 1738 440 ms.
1755 414 1806 440 Ba-

182 457 226 484 sil.
242 465 295 485 non
308 458 365 485 hanc
383 457 437 484 illis
451 457 477 483 in
493 456 625 491 praeclaro
640 457 684 484 illo
699 465 748 485 suo
763 459 894 493 synodico
911 458 1097 493 praemisisset.
1113 458 1165 486 Sed
1180 458 1334 486 auctoritati
1357 463 1385 486 et
1400 458 1547 485 eruditioni
1574 458 1742 484 Balsamonis
1756 459 1811 492 pri-

183 508 255 528 mum
271 500 359 528 locutn
374 500 523 528 concedere
538 500 643 528 maluit.
659 500 752 536 Itaque
766 501 835 528 ldetn
850 502 1004 529 Balsamoni
1021 508 1047 529 et
1061 501 1172 530 Zonaras
1184 502 1296 530 scholiis
1316 501 1432 537 subjecit
1455 502 1556 529 scholia
1572 502 1658 529 Alexii
1671 501 1789 528 Aristeni
1803 521 1812 534 ,

181 545 270 580 magni
285 545 429 576 meononti,
443 544 507 572 licet
519 549 545 572 et
560 543 604 572 ille
622 543 699 580 (post
715 543 847 572 Zonaram
866 545 975 581 quidem
989 567 997 580 ,
1017 547 1080 581 sed)
1103 553 1165 575 ante
1182 546 1371 575 Balsamonem
1393 547 1460 574 circ.
1475 555 1520 574 an.
1531 547 1582 574 Ch.
1602 546 1680 580 1150,
1696 546 1813 579 scripse-

181 589 226 623 rit,
241 590 355 616 etabeo
371 589 494 616 laudetur
508 589 543 616 Id
556 596 618 616 can.
634 589 651 616 6
663 589 840 623 apostolicum
869 595 897 617 et
927 590 960 618 ad
988 590 1146 619 Trullanum
1175 599 1279 618 xuvu.
1310 590 1416 619 Zonara
1443 592 1525 618 etiam
1549 590 1729 625 antiquiorem
1746 589 1811 616 facit

179 633 306 665 Allatius,
323 632 361 660 De
374 640 512 665 consessu.
529 638 597 664 etc.,
614 639 674 667 pag.
690 632 752 660 419.
773 632 813 660 Ab
831 634 935 665 eodem.
947 642 974 669 p.
992 634 1054 668 l9l,
1068 640 1132 662 ante
1144 634 1310 662 Aristenntn.
1324 634 1458 663 Zonaram
1476 639 1503 661 et
1518 633 1705 661 Balsamooem
1722 632 1810 667 epito-

179 682 268 705 mstor
283 684 416 704 canonum
434 677 501 704 satis
514 676 642 710 antiquus
657 675 767 704 Gracus
784 676 892 704 citetur.
910 677 981 705 Idem
994 697 1002 712 ,
1030 687 1056 714 p.
1078 679 1131 706 551
1145 699 1153 712 ,
1170 678 1209 707 ait
1237 686 1268 706 ex
1287 678 1382 706 Alexio
1400 686 1447 706 sua
1473 678 1594 705 hausisse
1610 677 1807 704 Balsamonem.

179 721 287 758 (Ιτιιιι.)
306 723 342 749 De
355 726 448 749 nostro
463 720 619 752 Theodoro,
635 721 693 749 viro
703 721 773 756 juris
788 721 964 749 ecclesiastici
979 723 1192 755 consultissimo,
1205 722 1309 750 confer.
1328 722 1411 750 Gerb.
1432 730 1481 750 von
1508 721 1657 751 Mustricht.
1677 720 1746 747 "iri.
1761 719 1810 754 ju—

181 768 218 794 ris
240 767 335 794 cestu.
367 774 394 793 ιι.
411 766 463 794 859
478 773 538 800 sqq.
552 772 580 800 p.
602 765 666 798 577,
684 764 717 793 (ἶ.
729 765 811 797 Cave,
827 765 897 793 (list.
915 766 951 793 liti

1041 765 1069 793 S.
1089 758 1270 793 Ecclesftout.
1292 765 1322 800 ll,
1337 774 1395 802 pag.
1410 765 1517 793 2i6.—
1532 765 1582 792 Eli.
1593 765 1627 792 du
1643 764 1702 797 Pin,
1719 763 1807 791 Nouo.

180 810 242 838 bi“.
260 816 325 839 tum.
340 810 388 843 IX,
403 818 430 846 p.
441 810 505 843 301,
515 810 535 838 i'.
550 809 603 838 vol.
617 808 652 842 Χ.
668 817 695 844 p.
715 809 782 843 liii;
798 809 828 837 C.
848 809 947 837 Outlin.
965 810 1066 838 Comm.
1082 811 1113 837 de
1127 809 1177 837 SS.
1195 809 1296 838 Ercles.
1312 816 1378 837 tom.
1395 810 1425 842 ll,
1443 818 1469 844 p.
1486 808 1566 842 1606,
1579 817 1639 844 sqq.
1651 808 1719 844 (qui,
1736 807 1807 835 nulla

178 862 244 882 vero
256 854 361 882 addita
377 855 492 887 ratione,
504 854 630 888 nulloque
643 853 761 881 adducto
784 858 866 886 teste,
880 853 1053 881 Theodorum
1067 854 1223 888 pronuntiat
1239 859 1373 882 mortuum
1386 862 1445 882 esse
1457 859 1590 888 provech
1602 854 1700 884 relatis,
1714 861 1739 879 a.
1756 852 1807 879 Ch.

179 899 259 931 13H,
276 907 337 927 eum
351 899 457 926 titulum
472 898 662 934 patriarchalis
676 897 804 926 Ecclesia:
821 897 997 926 Antiocbcnte
1011 905 1058 932 per
1074 905 1160 926 annos
1174 898 1208 925 28
1225 898 1393 934 tenuisset);
1408 897 1488 925 Joan.
1511 896 1628 924 Fabricii
1645 896 1718 923 Hist.
1742 896 1795 922 bibl

177 941 287 970 Rubrio.
303 943 332 970 in
346 946 423 978 parte
438 949 469 975 ιι,
489 948 551 976 pag.
566 941 617 969 337
635 949 708 976 seq.,
722 941 766 969 ubi
783 949 797 969 a
813 950 873 977 pag.
895 942 948 969 3'55
966 942 1129 977 Synodicon.
1150 943 1208 970 sive
1225 942 1373 970 Pnndectas
1401 949 1533 970 canonum
1557 949 1594 968 ss.
1622 940 1806 975 apostolorum

176 986 344 1015 “Ecclesia
360 990 543 1020 receptorum,
556 990 622 1018 etc.,
641 993 688 1020 per
701 984 771 1012 Guil.
788 984 961 1019 Bevcregium
982 985 1070 1013 Oxon.
1088 985 1168 1018 1672,
1185 985 1231 1013 fol.
1251 991 1315 1014 tom.
1333 986 1356 1014 il
1374 990 1512 1019 recenset;
1538 990 1566 1012 et
1596 993 1657 1020 pag.
1684 984 1735 1012 537
1749 1002 1757 1016 ,
1773 983 1808 1010 de

177 1031 322 1059 Theodoro
337 1030 496 1058 Baisamono
512 1030 585 1062 agit;
603 1037 634 1056 ac
648 1037 709 1064 pag.
725 1028 788 1062 358,
803 1029 872 1056 alios
888 1030 922 1057 de
935 1034 1028 1057 nostro
1046 1030 1151 1061 laudnt;
1171 1028 1345 1065 llamberger.
1360 1031 1385 1057 in
1401 1030 1551 1057 Zuverluu.
1567 1028 1668 1056 Nnc/ir.
1681 1032 1752 1063 part.
1767 1034 1804 1055 tv.
1843 1046 1851 1051 -

176 1083 237 1111 pag.
251 1075 383 1107 ευθωι,
398 1074 443 1109 qui
460 1073 540 1107 alios,
558 1081 658 1101 annum
673 1073 767 1100 mortis
782 1073 916 1101 Theodori
932 1073 974 1100 vel
990 1073 1066 1105 ll80,
1082 1073 1122 1101 vel
1139 1073 1219 1107 1203,
1244 1074 1285 1101 vel
1313 1073 1392 1106 1214,
1409 1074 1580 1109 designantes
1607 1073 1706 1099 refutat
1726 1080 1734 1098 :
1754 1078 1807 1098 nec

176 1125 266 1147 tamen
279 1119 347 1146 certi
372 1118 475 1152 aliquid
488 1117 604 1145 definire
617 1123 741 1150 conatur,
757 1118 803 1145 sed
819 1116 1017 1149 tantummodo,
1036 1118 1124 1152 ipsum
1139 1119 1226 1146 adhuc
1242 1124 1303 1151 post
1333 1127 1377 1145 an.
1404 1118 1474 1145 “92
1495 1118 1522 1144 in
1542 1117 1609 1144 vivis
1630 1116 1728 1148 fuisse,
1754 1115 1804 1142 (le-

173 1154 276 1195 clant‘;
294 1161 415 1190 Christu.
432 1160 544 1189 Godoﬁ‘.
560 1160 720 1192 Holl'utann,
739 1161 765 1187 in
779 1160 896 1188 Historia
911 1161 981 1195 juris
997 1161 1305 1195 Romanolustinianei,
1322 1167 1391 1197 part.
1408 1169 1427 1194 ι,
1442 1162 1487 1188 lib.
1505 1168 1546 1193 ιιι,
1558 1168 1619 1194 cap.
1636 1159 1662 1192 6,
1680 1158 1693 1193 §
1709 1159 1725 1185 6
1738 1156 1807 1189 e17.

173 1215 236 1243 pag.
249 1206 302 1234 7l5
315 1206 378 1233 716.
401 1211 462 1240 sqq.
473 1213 482 1239 ι
495 1220 530 1226 ——
543 1203 622 1232 Joan.
637 1204 706 1239 Aug.
721 1203 818 1236 Baetin,
833 1204 858 1230 in
878 1203 996 1231 Ilirtoria
1008 1205 1228 1240 jnrisprudentia
1244 1205 1380 1236 Ποηισιιιτμ,
1398 1206 1444 1232 lib.
1462 1212 1500 1237 tv,
1517 1212 1575 1238 cap.
1591 1204 1609 1229 2
1623 1223 1630 1234 ,
1648 1204 1662 1237 ς
1679 1202 1722 1234 Μ,
1741 1210 1802 1236 pug.

174 1253 228 1280 654
238 1259 298 1286 seq.
313 1251 379 1278 edit.
395 1250 413 1278 5
425 1250 495 1285 Aug.
509 1249 618 1278 Cornel.
635 1247 814 1276 Slockmanu.
838 1247 918 1282 Lips.
938 1249 1019 1282 1796,
1037 1250 1053 1277 8
1067 1259 1074 1284 ς
1089 1265 1125 1270 -—
1140 1251 1263 1283 Saxiunt,
1276 1251 1302 1277 in
1319 1249 1456 1277 Unontnst.
1470 1249 1583 1275 lilterar.
1603 1253 1674 1282 part.
1695 1254 1726 1279 ιι,
1744 1253 1804 1280 pug.

173 1295 225 1323 266
240 1303 310 1331 seq.,
326 1295 370 1330 Qui
388 1299 509 1322 nostrum
525 1294 598 1322 circa
612 1302 657 1321 an.
675 1293 742 1321 ll79
759 1293 875 1321 Inasime
886 1293 1020 1327 ﬂoruisse.
1038 1294 1142 1327 scribit,
1166 1300 1192 1322 et
1217 1299 1313 1329 praeter
1342 1293 1421 1327 alios,
1436 1299 1503 1328 quos
1520 1292 1598 1324 citat,
1617 1290 1691 1326 Pagii
1710 1290 1803 1318 Critic.

171 1340 272 1368 Barea.
287 1347 333 1367 an.
350 1338 431 1372 1179,
448 1337 519 1370 XXI.
530 1339 631 1366 laudat.
647 1337 759 1373 tibus.)

758 1407 889 1435 Theodori
908 1406 1079 1435 Balsumonis
1101 1408 1210 1442 scripta.

208 1465 230 1494 l.
242 1464 350 1494 Scholia
375 1465 403 1492 in
431 1463 549 1492 Canotm
565 1463 741 1492 conciliorum
766 1463 944 1498 Patrumque,
960 1467 987 1491 et
1002 1462 1078 1491 hisce
1093 1464 1261 1495 praemissum
1278 1462 1365 1491 Photii
1382 1463 1543 1498 patriarcha:
1572 1461 1800 1495 Nomocanonem,

171 1511 229 1545 sire
242 1510 331 1544 legum
352 1508 592 1543 imperatoriartnn
605 1511 633 1536 et
648 1507 893 1535 ecclesiasticarum
914 1513 1049 1534 canonum
1067 1508 1250 1535 concordiam.
1267 1507 1323 1535 Hoc
1344 1508 1506 1542 praecipuum
1527 1514 1605 1542 opus,
1625 1507 1704 1540 jussu
1716 1507 1802 1543 impe-

170 1546 270 1582 ratoris
284 1553 415 1581 Manuelis
427 1551 570 1585 Cotnncni,
590 1550 637 1587 qui
653 1558 697 1578 an.
715 1550 783 1578 1180
798 1551 864 1577 obiit
887 1555 912 1578 et
925 1551 1086 1585 patriarchre
1114 1550 1192 1578 CPol.
1216 1551 1354 1578 Michaelis
1381 1551 1515 1582 Anchiali,
1534 1558 1578 1578 an.
1596 1551 1798 1578 ll77defuncti

169 1602 327 1632 susceptum
343 1605 358 1624 ει
374 1596 535 1623 Balsamone
550 1595 640 1622 adhuc
655 1595 781 1625 diacono.
795 1595 866 1629 quod
885 1595 1039 1629 patriarcha
1051 1595 1106 1629 jam
1121 1595 1306 1623 Antioclzenus
1321 1595 1353 1622 ad
1370 1595 1528 1623 umbilicum
1545 1596 1669 1629 perduxit
1681 1599 1707 1623 et
1715 1595 1803 1623 Geor—

169 1642 213 1677 gio
231 1641 369 1677 Xipltilino
385 1640 431 1676 (ab
444 1648 487 1667 an.
504 1639 584 1674 1192)
601 1639 762 1674 patriarcha:
773 1638 853 1666 CPol.
863 1639 1008 1666 dedicavit.
1021 1639 1118 1666 Totum
1134 1640 1236 1674 primus
1250 1639 1345 1666 Latine
1359 1647 1390 1667 ex
1403 1639 1480 1667 Joan.
1497 1639 1569 1667 Tillii
1583 1640 1675 1667 codice
1690 1647 1798 1666 versum

169 1686 254 1715 edidit
270 1685 418 1713 Gentianus
433 1683 574 1717 llervetus,
590 1683 677 1710 Paris.
695 1682 774 1715 1561,
791 1683 837 1710 fol.
854 1683 948 1710 Grrece
964 1688 992 1710 et
1004 1682 1098 1710 Latine
1113 1691 1174 1723 cum
1192 1683 1299 1711 llerveti
1314 1684 1438 1711 versione
1461 1683 1564 1711 Frmtto
1579 1684 1701 1717 Ductus,
1718 1684 1799 1716 ibid.,

168 1729 249 1762 1620,
265 1729 310 1757 fol.
326 1728 475 1763 integriore
489 1728 582 1755 codice
597 1727 623 1754 in
637 1726 827 1754 Nomocanone
842 1734 908 1754 u5us
924 1733 965 1754 est
989 1727 1123 1755 llenricus
1151 1728 1275 1763 Agylteus
1291 1749 1299 1761 ,
1328 1736 1389 1756 cum
1415 1729 1491 1762 cujus
1513 1729 1638 1756 Versione
1658 1730 1738 1762 (eam
1752 1735 1797 1755 an.

168 1773 249 1807 1562,
268 1772 316 1800 fol.
332 1771 608 1800 Basilitmexcuderat
622 1770 768 1806 Oporinos)
790 1770 934 1799 emendata
951 1771 1013 1798 hinc
1029 1772 1089 1799 inde
1102 1778 1134 1799 ac
1148 1771 1269 1806 suppleta
1286 1771 1497 1799 Nomocanouem
1514 1771 1615 1806 Photii,
1632 1772 1801 1800 Balsamonis

167 1814 278 1845 scholiis
294 1816 467 1848 illustratum,
486 1815 580 1842 Graece
597 1822 629 1842 ex
644 1815 706 1842 cod.
723 1815 787 1842 bibl.
801 1814 930 1842 Palatina:
946 1815 1064 1849 vulgavit
1076 1816 1208 1843 Henricus
1220 1816 1350 1844 Justellus
1370 1816 1456 1843 Paris.
1472 1816 1553 1849 1615,
1572 1817 1606 1850 4;
1638 1821 1720 1851 atque
1749 1824 1795 1843 se—

167 1861 263 1889 cundis
278 1860 349 1889 curis
358 1860 455 1888 collata
472 1860 590 1889 editione
601 1859 664 1886 anui
679 1858 758 1892 l620,
773 1864 799 1886 et
813 1858 997 1886 Mazariniano
1023 1860 1124 1892 codice.
1157 1867 1207 1888 nec
1236 1868 1289 1888 non
1316 1860 1403 1897 Photii
1432 1861 1589 1895 praefatione
1610 1868 1642 1888 ex
1665 1860 1799 1887 nts.lnbl.

167 1905 270 1934 Bodlei.
283 1906 437 1940 unanima,
451 1904 538 1931 Puris.
554 1903 619 1931 1661
637 1902 685 1930 ιυι.
705 1905 730 1930 in
744 1903 914 1931 bibliotheca
928 1903 1074 1932 Canonicae
1090 1909 1162 1932 tonio
1177 1905 1296 1932 secundo
1309 1913 1335 1940 p.
1348 1904 1411 1932 735.
1439 1905 1548 1932 Scholia
1567 1911 1629 1932 vero
1642 1905 1667 1930 in
1678 1911 1798 1931 canones

166 1949 342 1977 conciliorum
357 1957 386 1976 ac
404 1947 514 1975 Patrum
529 1948 609 1982 longe
626 1947 769 1982 integriora
788 1955 821 1975 ex
832 1948 974 1975 codicibus
990 1947 1135 1976 Bodleiano
1146 1969 1154 1982 ,
1187 1949 1330 1977 JEtonensi
1354 1953 1382 1977 et
1407 1948 1554 1977 Basileensi
1577 1948 1794 1975 Amerbachiano

165 1993 295 2021 habemus
309 1992 403 2020 Grasce
416 1997 443 2019 et
459 1990 556 2018 Latine
570 1991 719 2026 vulgatam
739 1992 848 2019 laudato
866 1991 939 2020 Guil.
970 1992 1106 2027 Bcvoregii
1138 1994 1270 2029 synodico
1294 1993 1383 2021 Oxon.
1403 1993 1472 2020 1672
1490 1992 1537 2020 fol.
1562 1993 1667 2020 duobus
1688 1993 1795 2021 volum.

166 2045 219 2064 una
235 2045 295 2065 cum
311 2037 422 2065 sclioliis
441 2035 519 2064 Joan.
536 2034 648 2063 Ionam
664 2040 692 2064 et
703 2036 792 2063 Alexii
808 2036 925 2064 Aristeni
943 2037 969 2064 in
989 2038 1100 2064 eosdem
1113 2044 1230 2065 canones
1258 2042 1284 2065 et
1312 2037 1430 2065 Matthtci
1458 2037 1589 2064 Blaslaris
1621 2036 1798 2072 Syntagmate

163 2087 298 2111 canonum
315 2082 403 2116 legum
419 2081 598 2115 ttiphabetico.
615 2080 651 2108 De
662 2080 757 2108 codice
773 2080 871 2116 insigni
886 2081 1009 2109 Crsareo
1025 2080 1105 2115 hujus
1119 2083 1209 2116 operis
1225 2082 1284 2109 vide
1304 2081 1478 2110 Lambeciqu
1499 2081 1542 2115 Vl,
1557 2089 1618 2117 pag.
1645 2081 1677 2109 51
1712 2088 1770 2115 seq.
1784 2088 1797 2114 ;

164 2126 248 2155 Fm.
259 2134 285 2154 ι.
299 2133 327 2162 p.
344 2133 385 2154 ιιι.
399 2133 463 2161 αις.
484 2133 512 2152 n.
529 2132 549 2158 ι,
565 2133 627 2153 cum
641 2124 729 2152 Photii
745 2124 944 2158 Nomocauone,
961 2126 1007 2153 ed.
1025 2126 1129 2154 Kollar.
1153 2126 1209 2162 (ubi
1239 2125 1367 2155 Lambce.
1391 2127 1551 2161 comprobat
1575 2126 1708 2161 judicium
1723 2125 1796 2152 Phil.

163 2171 274 2204 Labbel,
288 2170 314 2198 in
331 2175 405 2198 tonio
422 2169 453 2196 ll.
468 2169 582 2197 Dlssert.
598 2169 630 2196 de
640 2170 730 2203 script.
741 2169 936 2201 ecclesiasticis,
951 2177 978 2205 p.
996 2170 1048 2198 596
1063 2178 1104 2205 sq.
1121 2171 1203 2197 latum
1214 2191 1223 2204 ,
1238 2170 1409 2198 Theodorum
1427 2170 1614 2199 Balsamonem
1627 2191 1634 2203 .
1667 2171 1797 2199 Romana:

163 2215 238 2244 Eccl.
253 2215 370 2248 hostem,
383 2212 410 2241 in
426 2213 482 2241 suis
495 2212 705 2241 Commentariis
720 2213 804 2240 tnulta
817 2212 948 2241 elicuisse
964 2214 990 2241 in
1005 2214 1190 2242 defensionem
1217 2214 1346 2242 falsorum
1374 2216 1554 2250 quorumdam
1578 2222 1724 2243 canonum.
1739 2217 1748 2248 )
1765 2215 1796 2243 In

161 2259 222 2287 eod.
236 2256 291 2286 vol.
305 2267 332 2294 p.
346 2257 410 2290 tu,
424 2258 573 2292 eodemque
586 2257 647 2284 cod.
665 2256 709 2288 15,
726 2265 752 2284 n.
768 2256 800 2290 2,-
812 2262 877 2284 sunt
890 2265 1009 2285 canones
1024 2264 1180 2286 sanctorum
1196 2258 1391 2294 apostolorum,
1406 2260 1598 2294 variorumque
1614 2260 1794 2287 coinciliorutn

162 2303 326 2338 generalium
349 2307 376 2330 et
391 2301 613 2338 provincialium,
632 2306 662 2328 ut
673 2305 700 2328 et
716 2301 886 2329 diversorum
903 2307 969 2330 vett.
982 2303 1092 2330 Patrum
1107 2303 1228 2337 epistola:
1242 2304 1388 2336 canonica,
1401 2311 1461 2331 cuiu
1476 2303 1611 2331 Theodori
1626 2303 1797 2333 Balsamonis

161 2346 373 2375 Commentariis
387 2345 572 2380 amplissimis,
588 2345 631 2371 ubi
648 2344 776 2372 Lamboc.
792 2349 915 2379 adnotat,
928 2347 1019 2373 omnia
1032 2347 1144 2380 quidem
1160 2347 1233 2374 edita
1254 2354 1314 2374 esse
1330 2348 1358 2374 in
1378 2348 1424 2375 ed.
1444 2347 1534 2375 Paris.
1547 2348 1619 2375 1620
1631 2368 1638 2380 ,
1669 2348 1716 2375 fol.
1734 2356 1794 2383 pag.

160 2387 310 2423 233-1088;
320 2389 453 2427 beneficio
467 2394 556 2417 tamen
571 2388 645 2417 illius
657 2389 717 2417 cod.
733 2389 885 2420 Vindobon.
898 2397 979 2425 posse
994 2391 1084 2418 multis
1101 2390 1168 2418 locis
1183 2391 1322 2419 emendari
1339 2399 1371 2420 ac
1391 2391 1521 2427 suppleri.
1535 2407 1569 2412 —-
1582 2392 1610 2420 ln
1637 2394 1698 2420 cod.
1719 2392 1796 2426 256',

165 2444 194 2463 n.
210 2436 237 2467 7,
249 2440 313 2462 sunt
325 2441 442 2461 canones
458 2433 567 2468 quidam
581 2439 742 2462 sanctorum
755 2434 949 2469 apostolorum,
965 2442 1026 2462 cum
1041 2436 1209 2470 expositione
1223 2435 1358 2472 Theodori
1380 2436 1498 2464 Balsam.
1514 2436 1547 2464 γ.
1571 2436 1699 2465 Lambec.
1714 2436 1747 2470 V,
1765 2445 1791 2472 ρ.

161 2479 226 2510 563,
239 2474 287 2513 qui
306 2478 334 2505 in
347 2478 401 2505 vol.
417 2477 464 2511 111,
479 2484 541 2513 pag.
561 2477 608 2510 76,
627 2478 822 2512 interpretatur
836 2478 941 2506 Theod.
960 2478 1079 2506 Balsam.
1091 2479 1179 2507 locum
1196 2480 1223 2507 in
1238 2480 1418 2515 explicatione
1435 2481 1535 2509 decimi
1558 2482 1666 2516 septimi
1681 2482 1793 2509 canonis

161 2523 267 2551 concilii
282 2522 438 2550 Laodiceui.
453 2536 488 2542 —-
502 2522 530 2550 ln
549 2523 611 2550 cod.
628 2521 757 2550 Escorial.
776 2522 897 2555 Balsam,
914 2529 938 2550 s.
952 2521 1093 2558 Expositio
1111 2525 1136 2551 in
1150 2525 1236 2552 Photii
1251 2523 1399 2552 Nomocan.
1413 2530 1441 2552 et
1462 2525 1577 2560 reliqua,
1599 2530 1669 2554 teste
1696 2525 1792 2553 Pluere

167 2566 196 2595 in
211 2567 307 2595 Itiner.
322 2575 369 2602 per
384 2566 495 2602 Hispuu.
507 2574 568 2602 pag.
588 2566 649 2594 191.
665 2581 700 2586 --
716 2565 745 2593 in
760 2566 820 2594 cod.
836 2566 948 2595 Barocc.
963 2567 1026 2600 191,
1043 2567 1130 2596 Photii
1154 2568 1279 2596 Canoncs
1303 2577 1365 2596 cum
1385 2569 1539 2597 Comment.
1552 2569 1739 2602 Balsamonis,
1764 2574 1791 2596 et

159 2614 303 2642 Balsaman
318 2614 344 2640 in
358 2620 479 2640 cantor-es
489 2612 682 2647 apostolorum.
701 2625 737 2649 τ
749 2611 780 2639 ιιι
797 2611 859 2639 cod.
871 2610 985 2641 Barocc.
1003 2612 1056 2640 205
1070 2612 1151 2641 iidem
1166 2613 1239 2646 libri,
1250 2607 1332 2648 atque
1347 2620 1467 2642 canones
1480 2618 1508 2642 et
1519 2615 1642 2650 epistola:
1654 2613 1791 2642 canonica

163 2761 166 2764 λ
193 2731 230 2765 to)
247 2730 392 2760 Corrector
411 2736 438 2759 et
446 2731 594 2790 plagiarios
608 2729 722 2772 Zonarm
733 2729 832 2757 dicitur
848 2729 945 2756 ‘Balsa-
1012 2766 1016 2771 ¹
1036 2728 1076 2790 sp)
1089 2729 1190 2771 Natalis
1205 2730 1287 2771 ﬁlex.
1301 2729 1369 2757 Hist.
1381 2729 1485 2759 Eccles.
1503 2739 1570 2760 sae.
1585 2730 1620 2758 ιιι
1636 2734 1662 2757 st
1678 2728 1736 2762 Xll,
1763 2737 1790 2764 p.

163 2773 221 2790 mon
234 2774 249 2790 a
264 2765 384 2790 Not-tono
402 2767 492 2790 Knsuc
512 2766 566 2790 buli
580 2774 607 2790 sn
624 2770 697 2790 noua
707 2765 740 2790 ad
757 2765 817 2790 Act.
831 2765 945 2790 uti?»
1000 2763 1033 2790 51
1055 2783 1067 2790 .
1080 2765 1113 2790 66t
1128 2767 1192 2790 edtt.
1207 2773 1233 2790 ιιι
1250 2766 1297 2790 fni.
1312 2774 1320 2790 :
1336 2774 1347 2790 ι
1364 2765 1553 2790 Balsa‘stmnem
1564 2775 1596 2790 η
1613 2766 1719 2790 Zounra
1733 2774 1790 2790 ιιιιι-

157 2763 249 2795 ιιιοηί
264 2765 384 2794 Net-tono
402 2763 566 2795 Knatci'ibull
580 2766 607 2793 in
624 2766 697 2792 notis
707 2765 740 2792 ad
757 2765 817 2792 Act.
831 2765 945 2798 xiv,.25.
1000 2763 1067 2794 517.
1080 2765 1113 2792 ϐα
1128 2766 1192 2792 edit.
1207 2766 1233 2792 in
1250 2766 1297 2793 fol.
1312 2774 1320 2792 :
1336 2774 1347 2792 ι
1364 2765 1553 2795 Balsamonem
1564 2775 1597 2795 ex
1613 2766 1719 2793 Zonara
1733 2763 1793 2792 tnu-

155 2801 256 2835 Qpnfer
275 2802 413 2833 Allatium.
436 2803 473 2828 οι
485 2807 609 2828 consensu
623 2819 633 2832 ,
648 2805 700 2827 etc.
714 2820 721 2833 ,
740 2807 802 2834 pag.
818 2799 892 2831 {75;
918 2803 946 2827 et
1001 2803 1120 2833 tuatum,
1139 2799 1208 2828 falso
1222 2800 1358 2835 conjicere
1382 2802 1509 2830 videntur
1526 2803 1630 2830 eruditi
1648 2801 1719 2828 viri:
1736 2801 1792 2828 imo

155 2833 201 2865 ιν.
213 2837 244 2863 E.
264 2835 525 2871 TenlzeliirDissert.
540 2837 571 2865 de
590 2835 689 2870 duplici
718 2833 853 2868 baptismo
873 2835 944 2862 Cort-
999 2835 1092 2871 potius
1107 2835 1177 2862 hunc
1190 2843 1224 2871 ex
1237 2833 1399 2864 Balsamone
1418 2837 1542 2864 hausisse
1553 2837 1675 2865 duxerim
1689 2854 1699 2868 ,
1709 2843 1792 2871 quem

153 2871 263 2903 stantini
279 2871 377 2907 Magni,
393 2870 409 2908 ί
426 2871 469 2900 16.
1000 2874 1063 2898 ante
1081 2870 1169 2906 ipsum
1184 2870 1307 2902 floruisse
1321 2872 1496 2902 verisimilius
1506 2876 1556 2902 est.
1575 2881 1587 2899 ›
