1950 3071
205 155 242 187 15
936 158 1107 190 NOTITlA-
1791 163 1823 198 ιδ

205 213 299 246 libris,
307 211 453 248 Carolique
467 212 609 241 Atinibaliu
623 213 756 246 Fabrotti,
770 213 816 249 qui
834 214 985 242 versionem
1003 223 1064 243 cum
1080 216 1182 245 Graecis
1195 223 1262 244 mss.
1281 216 1404 250 contulit,
1422 217 1494 246 notis
1508 218 1665 254 prodierunt
1678 219 1705 247 in
1724 219 1758 248 ll.
1775 221 1824 249 Ju-

205 257 274 285 stelli
285 257 361 284 Bibl.
374 256 510 285 Conantur
531 261 595 284 tom.
615 257 647 290 ll,
664 264 724 291 pag.
739 257 820 285 1223.
834 257 922 287 Paris.
939 257 1018 292 1661,
1037 259 1083 287 lol.
1100 259 1167 287 Vide
1180 264 1206 287 et
1220 260 1375 288 Fabrouum
1392 261 1425 288 ad
1440 261 1645 289 Constantinum
1660 263 1822 298 Manassem,

204 308 265 336 pag.
284 301 348 333 195,
362 300 406 328 ubi
422 300 456 327 de
471 300 563 328 codice
582 308 632 328 me.
651 299 758 335 (ισἈιιιι.)
774 301 851 329 Geni.
867 301 946 334 iui‘ra,
961 303 1014 330 vol.
1034 303 1098 337 Xll;
1112 311 1140 338 p.
1153 302 1286 337 105,109.
1298 304 1365 331 Mar.
1382 303 1501 332 Suaresii
1516 304 1602 339 Notit.
1621 305 1799 334 Basilicarum
1813 326 1823 341 ,

204 346 251 373 ed.
270 344 300 372 D.
317 344 417 372 Christi
434 343 509 371 Frid.
525 343 622 376 Pohlii,
639 344 712 378 Lips.
728 344 816 376 1801,
832 344 859 375 8.
878 344 893 380 ᾗ
910 345 936 377 9,
951 353 1012 380 pag.
1037 346 1080 374 28.
1106 361 1139 368 -—
1152 346 1249 374 Exstat
1268 346 1433 375 Balsamonis
1449 348 1578 376 Collectio
1594 348 1821 377 cnnztitutiOnum

206 389 288 416 variis
304 389 330 415 in
345 387 424 415 codd.
443 396 457 415 e
471 387 519 415 Gr.
538 387 687 416 Vindobon.
707 388 752 420 16,
767 397 796 418 n.
814 389 831 416 '5
844 389 1015 416 Novellarum
1033 390 1262 418 Conslitutionum
1280 390 1345 423 imp.
1360 390 1504 418 Iustiniani
1523 390 1532 417 Ι
1550 391 1673 425 Epitome
1693 392 1823 419 ecclesia-

205 433 283 462 atica.
301 439 316 459 a
330 431 474 459 Theodoro
490 430 604 462 Balsam_
618 432 778 465 composita,
793 437 820 459 et
835 432 860 459 iu
885 440 965 468 capp.
988 434 1125 468 octoginta
1139 439 1240 469 septem
1256 435 1351 462 divisa.
1372 435 1403 463 V.
1419 435 1544 463 Lambec.
1564 435 1596 462 Vl
1611 456 1618 468 ,
1634 441 1705 470 part.
1720 436 1742 468 Ι,
1758 444 1819 470 pag.

199 476 257 504 -118
270 483 330 510 sqq.
349 476 392 503 ed.
410 474 510 502 Kollar.
525 474 614 509 Atque
627 474 754 503 Lambec.
768 476 917 509 adnotavit,
932 482 1041 505 exstare
1060 478 1168 512 quidem
1188 478 1213 506 id
1228 479 1385 513 opusculum
1411 479 1437 505 in
1458 478 1540 506 Voelli
1565 484 1592 506 et
1614 479 1719 507 Justelli
1749 479 1818 508 Bibl.

205 519 254 548 (ἓν.
273 519 331 547 Lat.
345 518 419 546 Juris
431 518 555 546 canonici
574 523 629 546 vet.
645 523 709 546 tom.
727 518 758 552 ll,
775 519 982 554 p.1512-1361,
995 519 1041 546 sed
1057 519 1133 554 longe
1145 519 1235 551 aliter,
1250 527 1329 555 quam
1345 520 1371 547 in
1386 521 1437 547 hoc
1454 521 1547 547 codice
1558 521 1658 548 (ἐπείη.
1677 522 1747 552 (sed.
1765 521 1817 549 vid.

205 563 288 599 paulo
304 568 364 598 post
375 563 410 590 de
428 562 508 589 codd.
523 560 635 589 Tauriu.
652 567 679 590 et
692 561 841 598 Marciano)
857 563 977 590 Falirott.
995 567 1083 589 autem
1101 562 1129 589 in
1152 562 1241 589 fronte
1256 567 1357 590 monct.
1373 567 1480 590 exstare
1498 563 1524 589 in
1545 563 1632 591 Vatic.
1649 565 1710 592 eod.
1726 564 1778 592 856
1793 569 1821 592 rt

203 606 319 635 Palutin.
334 606 394 634 cod.
410 605 462 633 226
477 605 526 632 Gr.
540 605 677 633 simillima
691 605 831 633 Paratitla.
846 606 1002 634 -F|orent.
1018 605 1046 633 in
1060 606 1122 633 cod.
1138 605 1267 633 Laurent.
1281 606 1308 638 8,
1326 614 1353 633 n.
1370 606 1413 639 56,
1430 607 1495 640 plut.
1511 607 1537 639 9,
1556 612 1583 633 et
1599 608 1659 635 cod.
1679 607 1725 640 15,
1740 617 1766 635 n.
1783 608 1816 636 15

201 659 263 687 sqq.
281 652 347 686 plut.
362 650 410 683 56,
421 651 455 677 de
468 650 565 684 quibus
585 649 616 678 V.
637 650 749 678 Bandin.
764 651 790 678 in
805 650 865 678 Cat.
884 651 963 679 codd.
979 649 1025 678 Gr.
1045 650 1127 679 Laur.
1142 650 1163 683 l,
1179 658 1241 685 pag.
1259 650 1322 684 102,
1341 656 1367 678 et
1385 656 1451 679 tom.
1465 650 1499 684 il,
1516 659 1543 686 p.
1557 651 1618 678 3l0.
1629 651 1775 680 -—'l‘aurini
1789 653 1817 681 ia

201 698 263 727 cod,
279 703 334 730 reg.
350 694 386 722 26
404 694 450 728 qui
463 693 584 722 continet
606 693 681 721 varia
697 693 832 722 Theodor.
849 694 964 722 Balsam-
985 693 1085 729 Opusc.
1105 694 1378 730 juridico-canouicn,
1397 703 1476 729 quem
1499 695 1637 723 coniector
1660 701 1713 723 (at.
1739 697 1788 724 cod
1800 698 1818 724 Ι.

202 748 244 775 gr.
257 739 338 770 Taur,
353 747 380 774 p.
395 738 429 766 96
443 745 504 772 sqq.
520 741 614 765 curate
628 738 790 772 copioseque
805 743 939 766 recenset.
957 737 1077 765 Primum
1100 743 1191 765 monet
1207 742 1299 765 contra
1323 737 1484 770 Nessclium,
1499 738 1525 765 in
1544 738 1604 766 Cat.
1621 739 1685 767 bibl.
1703 738 1816 768 Viudob.

202 787 270 818 part.
287 790 317 814 Il,
334 790 360 816 p.
378 781 423 814 2‘2,
440 789 468 814 ιι,
483 781 512 809 3.
529 781 584 814 (cui
611 786 700 809 tamen
715 781 782 816 jam,
807 786 836 809 ut
854 782 978 814 vidimus,
996 781 1100 816 praeivit
1115 780 1255 816 Lambcc.)
1273 780 1461 813 aﬂirmantem,
1481 782 1543 809 illud
1568 781 1736 811 Bnlsamonis
1751 791 1818 818 opus

202 828 230 854 in
247 827 306 854 cod.
325 825 437 853 Viudob.
453 830 559 853 exstare
575 825 601 852 in
618 824 702 853 Voelli
719 830 746 852 et
760 824 864 853 Justelli
881 825 1048 852 Bibliotheca
1060 844 1069 857 ,
1086 829 1152 852 tom.
1173 825 1206 852 ll.
1226 824 1318 859 Longe
1344 825 1421 852 aliter
1445 830 1533 853 tamen
1558 826 1711 860 expositum
1736 832 1816 861 atque

193 873 348 902 diversum,
361 870 436 897 valde
450 876 562 902 errare;
579 873 607 896 et
622 874 764 901 tractatus,
780 869 825 904 qui
839 869 904 897 editi
920 868 1028 896 fuerunt
1038 877 1052 896 a
1067 869 1159 896 Voello
1172 873 1199 896 et
1212 868 1335 901 Juslello,
1351 869 1417 896 alios
1431 877 1541 904 prorsus
1552 877 1611 898 esse
1625 875 1652 897 et
1667 870 1811 899 distinctos

200 916 235 943 ab
250 922 331 954 opere
349 915 374 941 in
388 914 449 941 cod.
467 913 580 940 Taurin.
597 913 725 948 (quocum
739 914 800 940 cod.
817 913 946 940 Laurent.
970 917 1145 945 memoratus,
1163 913 1255 947 paucis
1271 912 1348 940 initio
1363 914 1487 948 exceptis
1499 934 1507 947 ,
1523 914 1679 946 concordat,
1695 915 1816 942 animad-

199 963 322 987 vertento
335 958 448 986 Bandin.
464 957 482 984 Ι.
498 957 536 991 c.)
554 956 632 989 Hinc,
648 956 720 990 quod
751 957 777 984 id
805 956 921 991 primum
953 956 1111 990 opusculum
1129 956 1267 991 (nimirum
1286 956 1331 990 87,
1350 957 1438 991 pri0ra
1459 957 1585 992 capitula)
1605 958 1815 992 praetermissum

199 1003 250 1031 fuit
264 1004 290 1030 in
302 993 386 1030 νοθΗῖ
397 1005 423 1028 et
436 1000 540 1029 Justelli
555 999 624 1027 Bibl.
639 1001 713 1034 (nam
730 1000 816 1028 iubac
830 1000 943 1035 reliqua,
961 1007 1046 1035 quam
1062 998 1127 1026 iulio
1145 999 1196 1026 100
1213 999 1341 1034 deinceps
1354 1005 1503 1034 sequuntur
1519 1000 1544 1027 in
1560 1001 1662 1033 codice,
1680 1006 1742 1027 sunt
1758 1001 1816 1027 vul<

198 1046 282 1082 gata).
297 1045 436 1073 confector
461 1044 522 1072 Cat.
540 1043 632 1071 titulos
654 1043 820 1078 singulorum
843 1044 960 1078 capitum
978 1051 1009 1070 ex
1032 1042 1093 1070 cod.
1112 1042 1223 1076 protulit
1240 1051 1301 1078 pug.
1318 1043 1430 1070 96-107.
1448 1058 1484 1063 —
1506 1043 1535 1070 in
1551 1045 1643 1071 codice
1659 1043 1703 1076 26.
1722 1051 1736 1070 a
1751 1043 1815 1071 folio

196 1089 301 1122 2633.
319 1089 351 1117 γ,
369 1088 449 1116 catal.
463 1088 510 1116 cit.
528 1094 554 1122 p.
571 1087 632 1115 198.
648 1101 682 1107 -—
699 1086 817 1114 Venetiis
834 1088 859 1114 in
873 1087 934 1114 cod.
951 1086 1088 1113 Marciano
1104 1086 1168 1114 269.
1188 1085 1219 1115 γ.
1231 1087 1290 1114 Cat.
1309 1087 1387 1114 codd.
1403 1087 1449 1115 Gr.
1462 1087 1544 1115 Marc.
1562 1096 1588 1123 p.
1601 1088 1646 1116 98.
1665 1088 1718 1115 Sed
1733 1088 1815 1115 multo

196 1134 354 1162 distinctius
375 1133 511 1160 recensuit
525 1140 586 1159 eum
603 1131 655 1159 cel.
669 1130 782 1163 Μαι-ειη,
801 1130 828 1158 iu
845 1130 911 1158 bibl.
927 1138 991 1158 mss.
1008 1129 1055 1157 Gr.
1071 1135 1098 1157 et
1119 1129 1177 1159 Lat.
1195 1131 1217 1164 l,
1242 1138 1302 1166 pag.
1319 1130 1365 1163 97,
1382 1139 1478 1165 nempe
1494 1132 1587 1158 insunt
1603 1140 1610 1159 :
1630 1132 1656 1159 1°
1678 1131 1815 1159 Constitu-

191 1179 296 1210 ~tionea,
309 1183 342 1204 ex
357 1177 392 1204 iis
407 1177 526 1208 selectze,
543 1182 613 1209 quas
629 1180 691 1210 pnst
705 1174 875 1202 Novellarum
891 1174 1012 1202 codicem
1024 1173 1195 1203 Justinianus
1211 1174 1304 1207 edidit,
1320 1171 1370 1201 sub
1390 1182 1464 1209 cupp.
1478 1174 1524 1207 87,
1542 1176 1660 1210 syllogcn
1674 1196 1681 1208 ,
1698 1183 1712 1201 a
1726 1174 1816 1202 Theo-

190 1223 264 1250 Idoro
279 1220 395 1247 Balsam.
411 1221 583 1251 adornatam,
600 1218 730 1251 cincinni,
743 1218 850 1252 qualem
865 1218 975 1246 exhibet
991 1218 1051 1246 cod.
1069 1217 1259 1250 Tunrinensis,
1275 1222 1302 1245 et
1317 1225 1376 1252 qua:
1393 1218 1493 1253 sylloge
1508 1225 1523 1244 a
1544 1218 1688 1246 Lambecio
1708 1219 1732 1245 iu
1753 1219 1814 1246 cod.

188 1265 349 1292 -‘Vindobon.
364 1271 478 1291 meo-or.
495 1270 544 1297 pro
559 1262 682 1296 sequenti
700 1262 867 1289 Baisamonis
880 1270 960 1297 opere
974 1269 1115 1296 perperam
1133 1260 1223 1288 habita
1241 1266 1293 1289 cst.
1317 1260 1414 1288 Exstat
1436 1269 1542 1296 quoque
1568 1261 1594 1288 in
1617 1262 1676 1289 cod.
1701 1261 1815 1289 Coisliu.
1839 1259 1841 1261 ’

188 1316 257 1344 ιρις.
271 1308 316 1339 87,
333 1307 402 1335 Bibl.
416 1306 597 1334 Coisliuiante.
625 1305 654 1333 2°
669 1303 740 1333 XXV
756 1305 966 1333 Constitutiones
982 1307 1070 1341 legum
1086 1305 1206 1332 civilium
1221 1313 1254 1332 ex
1270 1303 1389 1333 Nuveilis
1403 1304 1566 1337 Justiuiaui,
1583 1309 1612 1332 ut
1626 1305 1651 1332 in
1664 1306 1725 1332 cod.
1740 1305 1813 1332 Tau-

187 1353 248 1380 ~rin.
267 1359 294 1386 p.
312 1350 374 1378 101.
390 1351 470 1377 catal.
487 1354 515 1376 et
528 1348 660 1376 Laurent.
675 1356 718 1382 ap.
735 1347 847 1376 Bandin.
867 1348 886 1381 Ι,
902 1356 928 1383 p.
944 1347 1007 1382 178,
1026 1357 1054 1376 η.
1072 1347 1151 1382 7-25)
1168 1350 1226 1376 duae
1243 1349 1415 1376 collectiones
1439 1357 1498 1376 cum
1526 1349 1611 1376 titulis
1637 1349 1735 1382 tribus,
1752 1357 1811 1385 qua:

196 1397 336 1423 continent
350 1394 519 1421 Balaamonie
540 1391 732 1419 Collectionem
746 1391 901 1419 Constituit.
917 1392 1173 1424 ecclesiasticarum,
1187 1393 1272 1419 tribus
1285 1392 1360 1419 libris
1377 1393 1543 1425 distinctam,
1562 1394 1669 1428 qualem
1685 1394 1749 1421 bibl.
1763 1394 1813 1421 Ju-

198 1440 267 1468 stclli
282 1437 479 1473 complectitur.
494 1450 531 1457 —
544 1436 631 1463 Paris.
649 1435 675 1462 in
692 1435 751 1462 cod.
768 1435 846 1467 1555,
865 1441 948 1470 atque
962 1444 1022 1471 cap.
1041 1435 1070 1463 11
1089 1442 1115 1464 et
1133 1436 1165 1462 12
1181 1436 1207 1463 in
1232 1435 1292 1463 cod.
1316 1435 1395 1469 157:2,
1415 1444 1442 1463 n.
1468 1436 1514 1469 51,
1540 1437 1606 1464 bibl.
1629 1437 1703 1471 publ.
1733 1433 1812 1464 (lout.

187 1485 278 1511 rctiam
298 1483 328 1509 υ.
341 1483 421 1516 Casp.
438 1481 535 1508 Achat.
550 1478 632 1512 Beck,
650 1480 687 1507 De
701 1477 818 1506 Nuvellis
831 1478 928 1517 Leonis
941 1479 1023 1515 Aug.,
1040 1485 1093 1508 etc.
1112 1481 1157 1508 ed.
1180 1481 1213 1508 D.
1237 1480 1299 1508 Car.
1325 1479 1399 1508 Frid.
1414 1480 1561 1515 Zepernick
1574 1501 1582 1514 ,
1602 1480 1674 1509 Hqu
1692 1481 1770 1515 1779,
1785 1482 1813 1516 8,

197 1536 225 1564 p.
237 1527 286 1560 27;
302 1526 393 1560 ibique
407 1530 465 1552 not.
479 1522 661 1560 Zepernickii,
676 1527 703 1550 et
719 1523 790 1550 hunc
804 1530 830 1558 p.
846 1522 910 1550 562.
927 1521 1042 1561 (Hann)

186 1589 190 1594 .
231 1571 275 1598 lli.
297 1571 435 1604 ltesponsa
450 1568 525 1595 varia
537 1572 565 1595 et
579 1566 752 1602 imperatoria
767 1566 854 1594 edicta
868 1574 965 1595 causa:
978 1567 1178 1597 ecclesiasticas
1193 1567 1352 1602 spectantia,
1366 1575 1425 1602 quae
1440 1572 1547 1595 exstant
1561 1568 1587 1596 in
1604 1568 1672 1596 libro
1687 1568 1809 1596 secundo

196 1617 270 1646 luris
285 1612 511 1643 Greco-Romani
535 1619 551 1640 ι
572 1611 677 1647 Marqu.
693 1610 813 1640 Frchero
837 1611 931 1641 Graece
951 1617 979 1640 et
995 1612 1054 1640 Lat.
1071 1611 1136 1639 editi
1162 1609 1288 1638 Francol'.
1304 1610 1384 1644 1596,
1407 1611 1453 1639 ubi
1469 1611 1636 1640 Balsamonis
1651 1620 1748 1640 nomen
1765 1619 1813 1641 oc-

197 1661 284 1689 currit
300 1666 308 1686 :

235 1705 261 1733 1.
277 1703 346 1739 Περὶ
359 1702 407 1730 τοῦ
421 1702 566 1738 ιφιιμινον
579 1699 650 1728 εἶναι
674 1700 713 1737 τῷ
738 1700 855 1737 βασιλεῖ,
870 1700 983 1736 ἀνάγειν
997 1709 1005 1726 ιι

1040 1709 1046 1731 ς
1061 1695 1215 1731 inicito-mi;
1231 1699 1270 1730 si;
1288 1699 1470 1735 μητροπόλεις
1486 1694 1532 1735 (ε).
1554 1699 1631 1732 Quod
1654 1700 1810 1735 imperatori

197 1749 352 1784 permiuum
366 1747 401 1774 ait
420 1747 582 1782 episcopatui
598 1746 626 1773 in
641 1745 796 1779 metropolu
810 1746 919 1779 erigere,
938 1752 964 1779 p.
983 1744 1046 1772 130.

184 1804 190 1810 ε
233 1793 262 1820 2.
274 1791 342 1827 Περὶ
354 1791 444 1826 γάμου
462 1789 537 1821 θείας
552 1790 601 1818 καὶ
615 1789 729 1825 ἀνεψιᾶς
745 1789 814 1825 μετά
828 1789 902 1816 θιίου
915 1789 954 1815 ια’

1040 1787 1085 1815 ’ιοῦ
1101 1787 1132 1824 (ι)
1157 1795 1164 1814 :
1191 1786 1230 1814 De
1245 1787 1341 1820 ntipliia
1358 1787 1446 1814 αηιὶιιι*
1459 1791 1483 1814 ει
1498 1786 1592 1820 fratris
1615 1787 1678 1822 ﬁlia!
1701 1787 1810 1822 legitimi

183 1843 258 1863 -cum
274 1835 330 1870 ﬁlio
344 1834 435 1869 [ταινία
454 1838 478 1861 ιι
493 1840 588 1868 patruo
605 1833 739 1867 ineundis,
764 1841 815 1869 pag
833 1833 894 1860 155.
909 1831 1001 1867 (Fusa.
1020 1831 1121 1867 (Conf.
1148 1833 1207 1860 cod.
1232 1830 1348 1858 Nanian.
1362 1830 1424 1864 229,
1445 1839 1471 1858 n.
1488 1831 1513 1864 1,
1527 1835 1554 1859 et
1576 1829 1635 1858 Cat.
1659 1831 1738 1858 codd.
1761 1830 1809 1858 Gr.

200 1880 269 1907 Nan.
285 1887 312 1913 p.
330 1878 393 1906 123.
410 1877 521 1912 (ΙΙΑιιι.)
899 1902 901 1904 ,

184 1936 188 1942 λ
233 1923 261 1950 5.
278 1923 346 1958 Περὶ
365 1921 420 1948 τῶν
442 1920 632 1957 ψηφισθέντων
648 1921 687 1952 εἰς
706 1920 756 1952 τὰς
775 1918 947 1950 ’Δνατολικὰς

1040 1917 1142 1953 Ligula;
1167 1916 1205 1955 (ιι)
1232 1925 1239 1946 :
1267 1917 1306 1946 De
1331 1918 1418 1946 electis
1433 1919 1466 1945 ad
1495 1917 1643 1946 Orientales
1668 1917 1810 1952 Ecclesiae,

183 1983 186 1986 η
199 1974 262 2002 pag.
284 1966 346 1994 138.
563 1991 566 1993 .

183 2028 186 2034 ι
234 2011 262 2038 ι.
278 2010 346 2046 Περὶ
356 2009 536 2046 δικαστηρίου
550 2010 605 2036 τῶν
621 2008 762 2044 κληρικῶν
787 2007 823 2043 (υ)
841 2015 848 2035 :
864 2007 902 2035 De
915 2006 953 2041 {at

513 2018 536 2036 i0
550 2010 605 2036 τῶν
621 2008 762 2044 κληρικῶν
787 2007 823 2043 (υ)
841 2015 848 2035 :
864 2007 902 2035 De
915 2006 973 2041 {oro
991 2006 1158 2038 clericorum,
1175 2013 1202 2040 p.
1222 2006 1283 2035 159.

181 2066 184 2071 -
235 2054 262 2082 5.
283 2054 350 2090 Περὶ
361 2054 408 2080 τεῦ
424 2051 629 2089 πατριαρχικοῦ
646 2052 753 2079 δικαίου
768 2052 816 2078 ἐπὶ
830 2051 865 2078 τὰ
881 2059 950 2086 μονα

1039 2059 1052 2078 ι
1067 2050 1106 2085 (a)
1122 2057 1131 2077 :
1147 2049 1184 2077 De
1195 2051 1257 2085 jure
1279 2051 1454 2084 patriarcltico
1474 2050 1501 2077 in
1518 2050 1688 2083 monasteria,
1703 2057 1729 2086 p.
1749 2048 1809 2077 110.

180 2111 183 2114 -
198 2098 297 2135 (Paris.
314 2099 340 2125 in
356 2099 417 2126 cod.
432 2098 511 2130 1532,
528 2105 555 2125 n.
572 2095 629 2132 15.]

233 2142 260 2169 6.
277 2142 345 2176 Περὶ
357 2141 528 2169 διδασκάλων
543 2142 581 2176 (y)
597 2148 606 2166 :
624 2140 661 2168 De
672 2139 834 2172 doctoribus,
851 2147 878 2174 p.
895 2139 956 2167 115.

180 2190 184 2196 ⁴
233 2186 262 2214 -7-
278 2186 345 2221 Περὶ
359 2185 553 2220 δικαιωμάτων
580 2184 634 2211 τῶν
657 2183 815 2219 ἁπανταχοῦ
845 2184 947 2218 ὲκκλησ

1039 2182 1063 2208 ιτὶ
1085 2183 1118 2218 τῇ
1137 2183 1238 2218 κατοχῇ
1252 2182 1305 2209 τῶν
1320 2182 1457 2216 ἀκινήτων
1481 2181 1518 2217 (z)
1539 2191 1545 2210 :
1567 2181 1604 2208 De
1626 2182 1809 2209 instrumentis

198 2226 325 2258 omnium,
341 2233 400 2261 qua
416 2226 518 2260 ubique,
531 2224 700 2252 ecclesiarum
720 2224 751 2251 ob
766 2225 952 2258 posreuionem
970 2225 1153 2258 immobilinm,
1170 2234 1196 2261 p.
1214 2226 1275 2254 119.

180 2288 194 2293 ιι
224 2271 261 2298 ‘8.
279 2270 346 2305 Περὶ
363 2269 475 2304 ἡμερῶν
491 2269 641 2303 ἀπράκτων
660 2267 698 2303 (ο)
715 2276 723 2295 :
741 2267 779 2295 De
793 2267 876 2302 feriis,
903 2276 950 2304 pag

1039 2289 1042 2295 .
1068 2269 1174 2303 (FABB.)
1201 2268 1400 2296 Eruditissimis
1423 2269 1533 2297 sclioliis
1557 2276 1572 2296 a
1598 2268 1757 2296 Balsamone
1784 2268 1809 2296 iu

179 2334 182 2336 η
198 2314 351 2342 Sutnmurio
368 2314 400 2340 ad
420 2311 545 2340 Novellus
560 2311 686 2338 illustrari
701 2318 718 2338 a
731 2310 801 2338 Man.
816 2310 953 2340 Coruneuo
969 2313 1187 2341 constitutionem
1206 2313 1239 2340 de
1257 2312 1343 2345 feriis,
1358 2319 1410 2340 non
1426 2313 1554 2340 dillitetur
1568 2311 1626 2340 Nic.
1643 2312 1807 2345 Comuenus,

180 2377 184 2382 .
198 2365 226 2393 p.
241 2357 304 2388 388,
321 2356 472 2383 Balsamoni
490 2355 560 2382 alias
576 2354 704 2388 iniquior.

233 2400 278 2433 ιν.
297 2400 430 2434 Responsa
444 2399 478 2426 ad
493 2399 647 2434 quastione:
663 2397 755 2426 LXIV
767 2399 918 2431 canonicaa,
940 2400 996 2428 sire
1013 2399 1050 2426 De
1075 2399 1137 2435 jure
1161 2399 1354 2433 ecclesiastico,
1372 2400 1524 2435 propositus
1548 2407 1562 2426 a
1587 2399 1677 2427 Marco
1693 2399 1811 2426 Alexan-

198 2445 276 2472 drino
291 2443 458 2479 patriarcha.
470 2442 633 2469 Prodicrunt
647 2442 673 2469 in
687 2443 748 2476 jure
763 2442 891 2470 Orientali
918 2449 978 2468 cum
995 2444 1119 2471 versione
1142 2444 1284 2472 Enimundi
1302 2444 1430 2472 Bonelldii
1451 2445 1523 2472 edito
1542 2453 1587 2471 an.
1603 2445 1682 2476 1575,
1696 2444 1723 2475 8,
1741 2442 1808 2477 apud

198 2487 343 2514 cht‘icum
360 2486 536 2520 Stephanum,
554 2486 623 2513 libro
640 2486 728 2517 tertio,
743 2485 835 2513 Graece
851 2493 877 2519 p.
890 2480 1023 2516 257-500,
1038 2490 1065 2512 et
1077 2485 1172 2514 Latine
1188 2495 1248 2522 pag.
1263 2487 1394 2515 265-509.
1412 2486 1445 2514 Et
1461 2489 1487 2515 in
1503 2486 1567 2514 iure
1579 2487 1808 2515 Grmro-llomano

177 2529 178 2532 “
198 2530 351 2565 Marquardi
367 2529 488 2561 Freherl,
502 2529 571 2557 libro
587 2529 691 2564 quinto,
709 2536 769 2564 pag.
784 2528 904 2556 562-591
919 2528 1056 2564 (Francol’.
1088 2529 1166 2562 1596,
1182 2530 1251 2566 fol.).
1268 2530 1312 2558 ubi
1328 2531 1439 2566 p.~_,588,
1452 2531 1544 2558 lacuna
1556 2531 1701 2565 supplenda
1715 2529 1809 2564 κυρίου

176 2575 181 2580 ’
198 2574 346 2607 Νικολάου,
360 2578 388 2600 ut
403 2580 435 2600 ex
449 2572 616 2600 Balsamonis
629 2579 763 2599 canonum
779 2572 943 2599 Collectione
955 2573 1108 2600 observavit
1119 2573 1281 2607 Gotelerius,
1293 2580 1360 2602 tom.
1375 2575 1395 2605 I.
1412 2575 1444 2602 ad
1455 2574 1549 2603 Patres
1566 2575 1737 2608 apostolicos,
1749 2581 1809 2607 pag.

198 2617 260 2646 526.
276 2617 313 2644 Ex
326 2618 458 2653 protentio
473 2617 595 2652 colligas,
612 2625 638 2644 a.
654 2616 684 2644 Ο.
702 2615 770 2643 1203
783 2616 884 2650 scripta
900 2615 985 2643 fuisse
997 2614 1154 2652 Responsa;
1170 2618 1217 2645 sed
1232 2625 1373 2645 numerum
1384 2623 1539 2652 corruptum
1554 2625 1622 2652 esse,
1638 2626 1689 2646 non
1704 2616 1809 2644 dubitat

234 2732 268 2766 (ι)
282 2732 350 2760 Cum
371 2729 495 2766 versione
511 2727 764 2766 LatinaEuimundi
779 2727 908 2766 Boneﬁdii
929 2734 976 2754 ex—
1067 2727 1101 2766 (υ)
1118 2727 1158 2766 id.
1172 2728 1219 2766 Gr.
1233 2735 1258 2763 p.
1274 2728 1388 2766 πιπτει.
1405 2736 1432 2765 p.
1448 2729 1493 2766 51.

198 2762 292 2794 etu't'in
308 2767 367 2802 ejus
377 2764 443 2802 .1ng
455 2764 588 2802 orientali.
603 2763 650 2802 lib.
668 2770 675 2790 ι
692 2764 752 2802 GL,
766 2771 792 2798 p.
803 2762 856 2802 61‘;
874 2762 933 2789 Lat.
949 2769 976 2796 p.
1066 2762 1105 2802 μ)
1120 2763 1158 2802 id.
1175 2762 1221 2802 Gr.
1234 2762 1262 2798 'p.
1278 2763 1321 2802 71;
1339 2763 1398 2802 Lat.
1406 2762 1440 2799 'p.
1458 2765 1502 2802 51.

200 2802 246 2834 1ti,
265 2797 350 2829 Paris.
371 2801 451 2832 1573,
469 2807 514 2834 ap.
532 2798 811 2834 ilcnrtStephanum,
826 2797 853 2825 8.
1067 2797 1105 2834 ty)
1122 2798 1160 2834 id.
1175 2799 1223 2834 Gr.
1237 2797 1264 2832 p.
1278 2798 1326 2831 61;
1341 2798 1398 2834 Lat.
1412 2797 1437 2834 p.
1452 2799 1497 2827 11.

174 2847 177 2850 -
233 2832 263 2871 (ι)
281 2837 310 2863 Id
323 2836 371 2864 Gr.
386 2843 413 2870 p.
430 2832 558 2867 10;'Lat.
574 2833 661 2896 29.
685 2832 688 2833 ⁷
768 2851 770 2853 μ

232 2873 272 2896 lui
287 2871 335 2896 Gr.
351 2870 516 2896 Bonelldius.
532 2877 558 2896 υ.
584 2868 625 2896 ‘2:
646 2867 705 2896 Lat.
721 2875 747 2896 ι).
764 2867 808 2895 45.

764 2851 798 2895 .‘5
1068 2832 1105 2868 (ι)
1124 2832 1163 2861 Id.
1175 2832 1221 2860 Gr.
1234 2840 1262 2867 p.
1278 2834 1345 2883 109;
1362 2832 1421 2862 Lat.
1435 2843 1460 2870 p.
1479 2834 1526 2862 79.

800 2886 808 2894 .
1067 2869 1106 2896 tu)
1121 2867 1159 2895 Id.
1173 2867 1220 2896 Gr.
1233 2875 1260 2896 D.
1277 2868 1326 2896 80.
1347 2869 1405 2896 Lat.
1424 2878 1448 2896 ιι.
1467 2869 1511 2896 58.

232 2867 272 2907 (ιλ)
287 2871 335 2899 Gr.
351 2867 516 2903 Bouelldius,
531 2877 558 2904 p.
574 2867 625 2904 ($2.;
646 2867 705 2896 Lat.
720 2875 747 2903 p.
764 2867 808 2895 15.
1067 2867 1106 2903 (α)
1121 2867 1159 2895 Id.
1173 2867 1220 2896 Gr.
1233 2875 1260 2903 p.
1277 2868 1327 2903 80;
1347 2869 1405 2897 Lat.
1467 2869 1511 2896 58.
