1950 3071
143 171 176 205 ιτ
325 194 329 198 .
698 167 700 170 '
854 165 913 197 N01

982 168 1022 197 it.
1721 154 1752 195 te

141 227 260 259 Allatius,
282 234 309 262 p.
327 226 390 259 705,
407 226 442 254 de
457 233 600 258 consensu,
618 230 644 253 et
658 233 749 253 verum
763 232 809 252 an.
828 225 905 257 1195,
921 224 1130 253 restituendum.
1150 224 1256 260 (ΡΑιιι.)
1270 239 1305 245 -
1319 224 1407 252 Paris.
1427 224 1454 252 in
1470 227 1571 259 septem
1588 223 1667 252 codd.
1683 223 1752 250 bibl.

141 271 247 305 publ.—-
264 270 408 304 Sexaginta
423 277 469 297 sex
495 269 670 304 quaestiones,
684 274 736 297 etc.
755 269 868 296 Vindob.
886 268 912 295 in
926 269 986 296 cod.
1002 269 1046 299 15,
1069 268 1113 295 ll.
1136 267 1166 295 V.
1186 268 1312 295 Lambcc.
1328 268 1359 296 Vl
1372 288 1380 299 ,
1405 273 1475 303 part.
1498 275 1528 301 ι,
1552 275 1612 302 pag.
1633 266 1694 294 106.
1717 281 1754 287 -

141 314 240 342 Monac.
259 314 284 341 in
300 314 360 340 cod.
375 312 469 341 Bavar.
486 313 530 340 85.
555 313 586 339 γ.
603 313 698 341 llardt.
718 314 744 340 in
759 312 862 340 Aretini
877 311 911 338 Bc

983 320 1044 347 gen,
1061 316 1125 344 (δια,
1142 311 1220 344 1804,
1235 316 1304 346 part.
1319 319 1345 343 v,
1359 319 1419 346 pag.
1436 311 1469 338 l7
1486 316 1513 339 et
1525 311 1605 338 18.--
1618 311 1712 337 Venet.
1727 310 1752 337 iu

140 358 197 385 cod.
215 357 331 384 Nanian.
345 357 398 384 2‘28
413 357 456 388 15,
473 357 505 384 ν.
520 357 579 384 Cat.
598 357 676 384 codd.
688 355 821 396 Gr‘Nan.
836 363 896 391 pag.
912 355 975 382 420.
988 370 1024 376 ——
1045 355 1165 382 Florent.
1180 355 1206 382 in
1221 355 1281 383 cod.
1294 354 1423 382 Laurent.
1441 355 1468 388 2,
1485 363 1512 382 n.
1529 354 1576 385 96,
1591 355 1661 389 plut.
1680 353 1707 385 5,
1726 357 1754 380 et

140 401 199 428 cod.
214 400 257 432 40,
276 408 303 428 η.
320 400 351 427 61
373 399 403 426 ν.
421 399 535 427 Bandin.
551 404 605 427 cat.
622 400 668 426 cit.
684 399 703 431 l,
718 407 780 434 pag.
795 399 828 425 10
842 403 868 426 et
885 398 930 426 78.
949 400 995 427 ubi
1011 399 1132 427 adnotat.
1148 400 1173 426 in
1187 399 1323 431 versione,
1339 407 1398 433 qua:
1412 407 1426 426 a
1445 399 1607 426 Leunclavio
1623 398 1667 425 lib.
1684 405 1711 429 v,
1727 404 1754 431 p.

144 444 206 476 562,
228 443 350 476 affertur,
369 444 452 470 multa
470 443 629 478 reprehendi
646 451 661 470 a
675 443 733 470 Jac.
746 442 889 477 Gretsoro,
906 441 975 478 Opp.
991 446 1056 471 tom".
1071 442 1155 477 XVll,
1172 450 1197 477 p.
1213 443 1257 476 16,
1275 443 1318 470 ed.
1331 441 1560 470 Ratiélm‘it.—-LX
1574 441 1753 476 Quaestiones,

140 494 201 520 etc.,
227 487 378 522 Mosqueusi
406 487 451 518 ‘52,
477 495 503 515 n.
527 487 571 514 45.
589 487 619 514 V.
647 487 762 514 Mattbazi
790 486 873 514 Notit:
900 494 928 522 p.
958 488 1003 521 51,
1020 487 1068 515 fol.
1095 487 1173 522 paulo
1205 487 1281 515 aliter
1306 487 1332 515 in
1362 487 1406 515 ed.
1420 487 1446 515 in
1462 487 1489 521 8,
1500 494 1527 522 p.
1543 484 1755 519 47,ibid.n.55

141 533 314 565 Balsamonis,
331 533 439 569 εἰσῆλθε
454 534 484 560 τὸ
498 533 605 569 ἀξεωμὰ
624 541 681 560 σου·
698 538 724 561 et
737 533 855 568 ejusdem
869 534 911 561 ali:

465 534 484 560 ro
498 533 605 569 ἀξεωμὰ
624 541 681 560 σου·
698 538 724 561 et
737 533 855 568 ejusdem
869 534 930 562 alia.
945 534 1055 570 (limo)
1233 564 1235 566 _

175 577 207 604 V.
225 577 344 604 Μελὲται
367 578 427 613 ἦτοι
455 577 627 613 discupio-Str
651 577 837 605 Meditationes
860 578 912 605 sive
939 580 945 605 l

984 587 1082 614 sponsa.
1110 579 1136 605 l'
1161 578 1248 613 Χάριν
1272 578 1327 605 τῶν
1351 577 1560 613 πατριαρχικῶν
1586 575 1754 611 προνομιῶν·

142 621 178 648 De
191 622 402 655 patriarcharum
417 621 570 656 privilegiis,
585 627 650 649 tom.
663 621 709 649 Vll
723 621 798 648 luris
812 621 995 648 Grato-Rom.
1009 629 1035 656 p.
1051 620 1113 648 442.
1128 619 1234 656 (Ρηιι.)
1247 620 1274 647 1η
1287 620 1348 647 cod.
1365 619 1517 654 Mosqueusi
1540 618 1584 651 52,
1602 627 1629 646 η.
1648 618 1682 645 59
1695 624 1756 652 sqq.

143 671 198 692 sec.
219 664 336 692 Mattbazi
350 664 433 693 Notit.
454 672 481 699 p.
500 665 534 692 55
548 665 591 693 ed.
611 667 636 693 in
654 665 699 692 l'ol.
713 670 775 693 sunt
795 665 924 698 Μελέται,
935 666 1000 695 ctc.,
1021 664 1047 696 1,
1067 665 1095 696 4,
1111 664 1127 691 5
1139 668 1165 691 et
1178 664 1205 691 6.
1219 663 1380 691 —Vindob.
1399 663 1425 690 in
1441 663 1501 690 cod.
1515 662 1617 689 Caesar.
1632 661 1676 693 l5,
1688 668 1715 687 n.
1728 660 1756 692 4,

147 712 206 734 sunt
219 707 337 735 Balsam.
351 708 479 736 meditata
496 709 552 736 sive
567 716 695 744 responsa
709 709 894 736 ecclesiastica
908 713 979 741 octo,
993 715 1008 735 e
1021 708 1118 743 quibus
1132 707 1253 743 quinque
1263 712 1371 735 exstant
1384 708 1410 734 in
1421 707 1530 735 Freberi
1540 706 1605 734 lure
1617 705 1758 734 (in-Rom.

142 759 201 787 pag.
220 752 354 785 “2478;
370 753 473 788 reliqua
493 754 542 781 tria
560 754 598 781 ibi
614 754 722 784 desunt.
743 754 857 781 docente
874 753 1000 780 Lambec.
1020 752 1072 779 vol.
1087 751 1134 783 Vl,
1150 755 1219 786 part.
1235 759 1254 784 ι,
1272 758 1333 786 pag.
1351 751 1410 783 115,
1432 751 1476 778 ubi
1493 757 1601 785 quoque
1616 757 1642 775 v.
1654 747 1758 789 Κοιιιιι·τ

146 799 201 822 not.
217 796 288 823 Inter
303 803 333 823 ea
348 803 407 831 quae
427 805 479 824 non
494 798 563 824 edita
578 801 650 830 sunt,
668 802 710 824 est
724 796 844 831 Epistola
857 797 889 824 de
910 796 977 824 libro
1003 795 1187 823 mathematica
1203 803 1253 822 non
1278 794 1397 829 legendo,
1414 796 1483 829 7qnze
1509 799 1597 821 tamen
1621 791 1757 826 reperitur

144 847 251 874 quoque
265 840 291 867 in
307 841 366 868 cod.
382 841 468 869 Paris.
486 841 566 875 1552,
581 849 607 868 n.
625 841 661 870 48
682 841 749 869 bibl.
763 841 836 876 publ.
854 841 891 876 (in
909 847 962 874 quo
978 840 1058 867 etiam
1074 843 1181 866 exstant
1205 843 1307 873 septem
1332 837 1471 873 Responsa
1499 837 1610 864 secund.
1634 835 1759 864 ordinem

145 882 254 911 Fabric.
278 889 304 911 et
329 883 423 912 Venet.
442 884 468 911 in
491 886 552 912 cod.
572 884 709 912 Marciano
726 884 787 916 l68,
810 885 837 911 in
858 891 913 919 quo
928 884 989 911 cod.
1008 887 1071 911 sunt
1093 886 1222 917 praterea
1244 881 1374 914 Μελέται,
1392 889 1420 909 n.
1436 881 1463 914 2,
1481 881 1509 916 4,
1529 880 1545 908 5
1562 884 1589 908 et
1603 879 1632 912 7,
1645 886 1660 906 a
1676 877 1759 906 Fabr.

143 927 265 961 signatae.
282 926 341 954 Vid.
359 931 412 954 cat.
425 928 503 955 codd.
518 927 566 955 Gr.
584 927 667 955 Marc.
685 935 711 962 p.
726 927 772 960 96,
789 931 815 955 et
834 927 905 954 conf.
923 925 1006 958 infra,
1023 926 1077 954 vol.
1091 925 1151 959 XII,
1166 933 1194 960 p.
1210 923 1280 953 495.
1292 925 1404 960 (HABL.)

176 971 214 998 2°.
240 971 329 1007 Χάριν
344 972 398 999 τῶν
410 973 456 999 δύο
472 972 618 1008 ὁφφικῖων,
638 972 685 1001 τοῦ
699 982 727 1000 τε
743 972 946 1009 χαρτοφῦλακος

990 973 1013 999 tl.
1029 971 1076 999 τοῦ
1093 971 1298 1008 πρωτεκδῖκουο
1314 970 1352 1000 De
1365 972 1466 999 duobus
1480 971 1583 1007 ofﬁciis,
1599 970 1760 998 chartularii

89 1014 95 1021 ’
143 1023 174 1042 ac
188 1016 267 1049 primi
285 1015 441 1050 defensoris,
456 1024 484 1051 p.
496 1017 560 1044 453.

177 1059 214 1086 5⁸.
241 1059 329 1094 Χάριν
341 1059 389 1086 τοῦ
402 1059 568 1096 λαληθέντος
584 1060 735 1093 συνοδικῶς
754 1061 922 1096 ζητήματος,
939 1059 1004 1096 περὶ
1016 1060 1075 1092 τοῦ,
1092 1060 1116 1086 εἰ
1128 1059 1181 1096 χρὴ
1196 1060 1243 1087 τὴν
1256 1059 1340 1087 αὑτὸν
1356 1059 1401 1086 καὶ
1416 1059 1465 1085 ἕνα
1480 1057 1542 1085 δε.)σῖ
1554 1054 1762 1092 δισεξαδέλφαιέ

143 1103 331 1130 συνάπτεσθαι
344 1111 351 1119 °
366 1102 404 1130 De
417 1104 560 1138 disceptata
574 1106 602 1130 in
616 1105 715 1139 synodo
727 1105 880 1139 quastione,
898 1112 961 1131 num
973 1112 1040 1130 unus
1053 1108 1077 1130 et
1093 1104 1163 1130 idem
1188 1103 1291 1130 duabus
1305 1103 1418 1130 sobrtni's
1433 1102 1511 1138 fungi
1527 1103 1632 1133 debeat.
1658 1109 1683 1135 p.
1698 1100 1761 1128 465.

144 1144 251 1179 (ἣκει.)
269 1146 300 1173 In
318 1146 379 1174 cod.
392 1145 505 1174 Barocc.
520 1147 712 1175 l49.—Paris.‘
728 1148 756 1174 in
772 1148 851 1175 codd.
866 1147 914 1174 1δὲ

990 1166 992 1172 .
1009 1147 1053 1178 15,
1067 1151 1094 1174 et
1108 1147 1174 1173 1551
1190 1166 1198 1179 ,
1217 1154 1247 1174 n.
1259 1146 1315 1178 494;
1334 1145 1489 1173 Vindobon.
1506 1144 1533 1171 ln
1551 1145 1612 1172 cod.
1631 1145 1675 1175 15,
1688 1152 1717 1171 n.
1732 1144 1760 1176 9,

143 1197 177 1216 ex
193 1196 247 1223 quo
261 1189 444 1224 Responsum,
463 1189 490 1217 in
508 1189 620 1218 Frcberi
633 1189 699 1217 Iure
712 1189 760 1217 Gr.
778 1189 854 1218 Rom.
870 1193 937 1218 tum.
953 1189 976 1222 l,
986 1197 1015 1225 p.
1026 1190 1080 1217 665
1096 1190 1209 1222 editum,
1233 1196 1315 1224 posse
1335 1187 1667 1223 emendari‘aesupplerl,
1681 1187 1763 1215 Lam-~

143 1235 205 1261 bec.
224 1233 266 1266 Vl,
280 1238 351 1268 part.
367 1241 386 1265 ι,
401 1241 428 1267 p.
447 1233 509 1267 105,
527 1238 656 1267 testatur,
681 1238 708 1263 et
739 1234 767 1262 in
793 1235 855 1262 cod.
881 1234 947 1268 270,
962 1242 992 1262 η.
1009 1233 1037 1267 8,
1055 1233 1190 1269 Excerpta
1207 1241 1227 1261 tt.
1251 1232 1381 1261 Simone
1396 1232 1560 1261 Thessalon.
1586 1232 1668 1266 facta,
1693 1236 1762 1260 tests

143 1276 270 1304 Lambec.
288 1275 320 1309 V,
338 1284 364 1311 p.
382 1276 446 1305 455.
466 1277 581 1313 (lhnt..)
1755 1284 1759 1293 ‘

177 1321 216 1348 4⁸.
248 1320 393 1356 Ἐπιστολὴ
408 1321 491 1356 χάριν
506 1321 561 1348 τῶν
573 1321 721 1357 διδομένων
736 1321 919 1357 θυμιαμάτων
933 1321 1010 1358 παρὰ
1026 1321 1074 1349 τοῦ
1094 1321 1267 1358 πατριάρχου
1297 1320 1369 1349 κατὰ
1389 1321 1437 1357 τὴν
1455 1320 1564 1356 ἡμέραν
1579 1320 1628 1356 τῆς
1640 1319 1764 1355 κατηχή-

146 1373 217 1396 σεως
227 1373 235 1382 ο
251 1364 372 1398 Epistula
385 1365 417 1392 da
430 1366 553 1399 incensis,
568 1374 626 1401 qua
640 1374 657 1393 a
669 1367 823 1399 patriarcha
838 1367 899 1394 dari
912 1366 994 1394 solent
1009 1373 1040 1393 eo
1049 1366 1093 1394 die
1106 1374 1156 1401 quo
1171 1365 1312 1394 catechuis
1332 1366 1453 1398 habetur,
1470 1373 1496 1400 p.
1513 1364 1575 1392 470.

179 1407 219 1434 5°.
248 1407 357 1442 Μιλέτη
373 1408 454 1442 χάριν
466 1408 515 1442 τῆς
530 1408 572 1440 εἰς
586 1408 651 1439 τοὺς
666 1408 756 1440 adeo:
768 1409 850 1441 ναοὺς
866 1408 922 1436 τῶν
937 1409 1129 1445 μοναστηρίων
1141 1409 1290 1445 γινομένης
1302 1409 1497 1445 μετακλήσεως
1511 1408 1556 1436 διὰ
1568 1406 1764 1444 σημαντηρέων

144 1450 246 1486 τριῶν
263 1449 420 1477 Haditatum
437 1451 470 1478 de
486 1453 677 1484 com-acatione,
689 1460 748 1487 quae
758 1452 789 1486 fit
807 1453 842 1479 ad
858 1460 950 1479 sacras
966 1454 1184 1480 monasteriorum
1203 1453 1271 1480 mdes
1292 1460 1338 1487 per
1358 1454 1410 1480 tria
1431 1453 1517 1488 signa,
1533 1461 1560 1488 p.
1574 1452 1636 1480 476.
1654 1451 1763 1486 (Flam)

146 1495 174 1523 In
188 1494 250 1522 cod.
265 1493 389 1522 Naniano
400 1495 465 1526 228,
480 1503 508 1523 n.
522 1495 548 1523 5.
563 1496 596 1523 V.
611 1495 671 1524 Cat.
686 1496 764 1523 codd.
780 1496 829 1524 Gr.
843 1495 959 1524 Nanian.
976 1504 1004 1532 p.
1019 1496 1081 1525 H9.
1096 1496 1209 1533 (ΗΑιιι.)
1759 1499 1762 1502 ’

181 1539 221 1566 6°.
251 1538 396 1574 Ἐπιστολὴ
412 1538 492 1574 χάριν
511 1539 567 1566 τῶν
590 1539 756 1575 ὁφειλουσῶν
779 1539 916 1567 τελεῖσθαι
935 1541 1069 1576 νηστειῶν
1093 1541 1327 1574 ἑκάστουετσυς,
1350 1541 1508 1576 πεμφθεῖσα
1523 1540 1591 1575 πρὸς
1613 1541 1676 1572 τοὺς
1701 1540 1763 1567 ’Δνέ

144 1583 264 1618 τιοχεῐς”
283 1581 404 1617 Epistula
421 1583 453 1610 de
466 1583 590 1619 jejuniia,
606 1592 664 1620 qua!
689 1584 780 1620 peragi
799 1584 891 1612 debent
912 1593 958 1619 per
977 1585 1094 1620 singulos
1118 1593 1213 1618 annos,
1239 1586 1320 1612 missa
1339 1586 1374 1612 ad
1389 1584 1588 1616 Antiochentu,
1602 1588 1629 1611 et
1645 1585 1762 1619 primum

145 1625 239 1653 Griece
252 1633 285 1652 ac
302 1625 399 1654 Latine
411 1627 482 1654 edita
496 1635 510 1654 a
524 1627 605 1655 1mm.
621 1627 743 1662 Baptista
757 1628 896 1662 Cotelerio,
915 1633 981 1656 tom.
997 1628 1020 1656 11
1036 1628 1200 1656 Monument.
1227 1628 1353 1657 Ecclesia:
1374 1630 1459 1656 Gram.
1479 1637 1504 1664 p.
1526 1627 1658 1661 492-5“,
1673 1628 1761 1656 Paris.

146 1669 226 1700 1681,
240 1670 267 1697 4.
282 1669 389 1704 (Fam)
405 1669 451 1706 [ν.
470 1670 585 1699 Bandini
599 1672 660 1700 Cat.
675 1672 753 1699 codd.
774 1672 822 1699 ur.
839 1672 967 1700 Laurent.
980 1672 1002 1704 Ι,
1025 1680 1051 1707 p.
1065 1673 1109 1704 ll,
1125 1681 1153 1700 ηε
1164 1672 1217 1706 99;
1237 1678 1265 1700 et
1281 1681 1307 1708 p.
1325 1674 1369 1705 78,
1389 1681 1418 1701 n.
1436 1672 1485 1706 60;
1501 1676 1529 1700 et
1542 1672 1637 1700 Lamb.
1653 1671 1709 1699 vol.
1729 1671 1761 1703 ν.

146 1721 173 1748 p.
187 1713 239 1741 558
255 1721 296 1748 sq.
309 1722 336 1741 n.
356 1714 399 1744 12,
417 1714 507 1749 ibique
522 1714 623 1742 Kollar.
640 1715 667 1743 In
681 1716 739 1743 cod.
757 1715 843 1743 Paris.
864 1715 944 1746 ms.
963 1724 991 1743 n.
1003 1716 1047 1743 4|.
1066 1715 1196 1752 (ΒΑΜ-η
1221 1716 1330 1743 Tomnm
1356 1717 1510 1752 tynodicum
1536 1715 1650 1751 appellat
1666 1715 1760 1742 Balsa-

147 1764 210 1784 nson
222 1756 260 1791 ad.
273 1756 440 1791 interrogata
458 1756 540 1784 Marci
555 1758 634 1786 Alex.
653 1763 750 1794 quiest.
767 1759 812 1790 55,
826 1764 854 1786 et
874 1759 970 1794 paucis
986 1761 1096 1786 mutatis
1107 1761 1189 1787 etiam
1211 1762 1243 1786 ad
1262 1760 1445 1787 Theodosium
1471 1760 1652 1794 Sarpeiotem,
1666 1766 1763 1786 mona-

145 1801 225 1827 chum
243 1799 269 1827 in
286 1800 352 1828 valle
371 1801 401 1828 S.
415 1802 542 1829 Auxentii
560 1803 672 1830 missum
687 1811 701 1830 a
718 1811 748 1830 se
766 1807 884 1830 testatur
913 1803 938 1829 in
955 1802 1087 1836 Responso
1107 1803 1200 1838 synodi
1230 1802 1312 1830 CPal.
1339 1803 1387 1830 sub
1411 1802 1525 1829 Nicolaa
1544 1802 1699 1837 patriarcha
1723 1802 1761 1828 ad’

145 1845 314 1878 attentionem
343 1844 446 1871 tertiam
463 1846 649 1872 monachorum
670 1847 854 1880 quorumdam,
873 1846 949 1880 cujus
970 1853 1086 1881 partem,
1103 1848 1197 1876 Latine
1221 1853 1323 1875 tantum
1339 1849 1373 1875 ab
1395 1846 1511 1876 llerveto
1535 1847 1648 1879 editam,
1663 1846 1758 1875 σπι-πω

148 1895 216 1915 mss.
232 1889 304 1921 regis
319 1888 508 1916 Christianiss.
520 1889 594 1916 dedit
605 1890 675 1917 idem
688 1889 842 1918 Cotelerius
853 1891 879 1917 in
896 1890 973 1918 Notis
986 1892 1018 1918 ad
1033 1891 1250 1919 Constitutiones
1263 1892 1379 1927 apostol.
1394 1891 1440 1919 lib.
1454 1899 1481 1925 ν,
1495 1900 1554 1926 cap.
1574 1892 1620 1920 20.

184 1931 222 1959 7°.
255 1931 402 1968 Ἐπιστολὴ
416 1933 497 1968 χάριν
512 1933 567 1959 τῶν
587 1934 747 1970 ῥασοφόρων
759 1944 766 1951 ι
778 1935 898 1970 Ερόιιοια
909 1935 940 1962 de
953 1947 954 1951 η

994 1936 1103 1970 ιορΙιοι-ἱε
1114 1935 1162 1972 (b).
1178 1937 1235 1964 sive
1248 1936 1388 1964 monacltis
1411 1937 1444 1964 ad
1465 1935 1650 1964 Theodosium
1667 1937 1764 1962 mona-‘

145 1975 227 2003 chum
239 1975 400 2011 καθηγητὴν
416 1976 472 2003 τῶν
483 1976 555 2003 κατὰ
569 1977 708 2005 Παπικιον
729 1979 915 2014 μοναστηρίων

992 1980 1106 2013 positum
1123 1979 1224 2014 Papicii
1247 1980 1488 2007 monasteriorum.
1514 1979 1590 2006 Edita
1611 1979 1646 2006 ab
1668 1979 1762 2006 eodem

145 2020 292 2054 Golelerio,
309 2025 375 2047 tom.
393 2020 427 2047 Ill
442 2019 607 2050 Monument.
622 2029 684 2057 pag.
702 2023 766 2056 475,
782 2023 843 2056 49$,
860 2023 947 2051 Paris.
963 2023 1041 2055 1686,
1057 2023 1083 2051 4.
1100 2023 1208 2059 (Fiam)
1231 2023 1383 2052 Vindobon.
1402 2024 1429 2050 in
1447 2023 1507 2051 eod.
1523 2023 1557 2050 15
1573 2022 1675 2050 Caesar.
1691 2029 1719 2048 η.
1734 2023 1762 2049 4.

146 2064 180 2092 V.
196 2063 323 2092 Lambee.
339 2064 382 2097 Vl,
399 2070 471 2100 part.
488 2074 507 2096 ι,
520 2074 582 2101 pag.
601 2067 662 2099 115,
677 2067 721 2094 ubi
736 2067 837 2095 Kollar.
855 2068 881 2095 in
895 2073 952 2095 not.
972 2073 1005 2093 ex
1021 2065 1151 2094 Cotelerii
1169 2067 1240 2101 loco,
1269 2074 1285 2094 a
1302 2066 1428 2095 Fabricio
1443 2067 1501 2102 jam
1516 2066 1613 2099 citato,
1628 2066 1762 2093 adnotatt.

146 2107 182 2135 de
194 2108 302 2142 Papicio
315 2113 342 2136 et
359 2109 516 2144 rasophoris
530 2115 672 2145 excerptas
685 2111 811 2139 reddidit.
826 2110 940 2146 (llant..)

182 2150 308 2179 Nicotaus
321 2151 476 2180 Comnenus
486 2152 649 2189 Papadopoli
668 2155 694 2180 in
708 2153 920 2181 Pramotionibul
935 2155 1131 2190 myttagogicis,
1143 2162 1205 2191 pag.
1219 2155 1246 2188 5,
1262 2155 1326 2182 citat
1341 2155 1521 2190 Athenagora:
1531 2151 1719 2182 testimonium
1730 2161 1764 2182 cx

146 2194 314 2223 Balsamonis
330 2194 456 2228 Retpons.
471 2197 505 2223 ad
520 2198 600 2231 epicr.
615 2197 704 2233 Cypri,
720 2205 774 2233 quo
789 2204 888 2231 monet,
903 2198 1081 2227 ordinationis
1097 2200 1233 2233 negotium
1251 2200 1418 2235 negotiorum
1433 2199 1554 2227 omnium
1576 2198 1606 2225 in
1636 2198 1759 2226 Ecclesia

147 2239 293 2266 maximum
306 2246 339 2266 ae
353 2239 551 2267 divinissimum
566 2242 600 2268 ab
616 2241 682 2275 ipsis
696 2241 778 2269 fuisse
793 2242 914 2270 habitum
930 2242 1069 2276 apostolis.
1085 2243 1194 2278 (Fam)
1644 2251 1648 2258 ’
1760 2246 1763 2251 ‘

181 2282 211 2310 1n
225 2282 285 2310 cod.
299 2283 389 2310 Paris.
406 2283 473 2311 bibl.
493 2284 566 2318 publ.
585 2285 665 2320 1528,
681 2294 709 2314 n.
721 2285 751 2313 2t
771 2293 831 2321 sqq.
854 2285 1023 2314 Balsamonis
1039 2287 1142 2315 scholia
1166 2288 1199 2315 ad
1223 2288 1355 2324 quaedam
1369 2285 1495 2322 Gregorii
1519 2285 1765 2317 Neocmsariensis,

145 2325 298 2358 Athanasii,
315 2325 418 2360 Basilii,
435 2327 558 2362 Gregorii
574 2327 700 2364 Nyssetti,
714 2334 780 2361 etc.,
798 2329 942 2363 Epistolas.
957 2344 993 2350 -—-
1006 2328 1074 2358 Tres
1096 2331 1266 2359 Balsamonis
1279 2330 1418 2366 Epistula,
1438 2331 1465 2358 in
1484 2330 1546 2358 cod.
1562 2329 1684 2357 Naniano
1695 2328 1763 2363 ‘28],

147 2378 176 2396 ιι.
190 2370 249 2398 tat.
264 2369 324 2397 Vid.
336 2370 396 2398 Cat.
409 2371 487 2398 codd.
502 2371 550 2399 Gr.
569 2372 637 2401 Nan.
653 2380 679 2408 p.
691 2373 744 2400 470
773 2373 842 2400 Add.
857 2380 949 2408 supra,
965 2373 1018 2401 vol.
1033 2373 1087 2406 Vll,
1103 2383 1131 2409 p.
1147 2375 1211 2407 655,
1225 2376 1277 2402 sub
1294 2376 1344 2402 (in.

184 2412 351 2442 Balsamonis
361 2413 498 2442 Carmina.
517 2416 613 2444 Venet.
631 2416 656 2443 in
674 2417 736 2444 cod.
755 2417 811 2444 bib.
834 2416 978 2444 Marciana:
1002 2417 1064 2445 511.
1082 2418 1114 2445 V.
1131 2418 1192 2446 Cat.
1216 2419 1296 2446 codd.
1313 2418 1362 2446 Gr.
1382 2418 1467 2445 Marc.
1481 2426 1509 2452 p.
1525 2418 1590 2446 285.
1609 2433 1644 2439 -
1657 2417 1761 2446 Versus

147 2457 343 2492 quinquaginta
364 2458 472 2487 iambici
501 2460 527 2486 in
553 2459 682 2495 Lapidem
693 2460 848 2495 quemdam,
877 2465 929 2488 etc.
945 2460 1064 2489 Florent.
1082 2461 1107 2490 in
1124 2462 1185 2489 cod.
1201 2461 1330 2489 Laurent.
1364 2461 1396 2495 V,
1411 2470 1438 2489 n.
1451 2462 1496 2489 21.
1511 2461 1544 2489 V.
1567 2461 1684 2489 Bandin.
1700 2462 1762 2488 Cat.

148 2499 229 2527 codd.
242 2499 290 2527 Gr.
304 2500 386 2529 Laur.
399 2501 432 2534 ll,
443 2510 470 2537 p.
487 2502 548 2530 665.

185 2542 340 2579 Martyrium
355 2544 502 2579 Theodori,
518 2546 669 2578 orientalis,
688 2550 716 2574 et
732 2546 849 2580 Claudii,
864 2552 976 2576 auctore
991 2547 1148 2582 Theodoro,
1162 2548 1317 2585 patriarcha
1331 2550 1515 2585 Antiocheno,
1526 2551 1553 2578 in
1568 2551 1631 2579 cod.
1648 2550 1761 2578 Selden.

147 2586 195 2617 62.
214 2595 238 2614 ε.
250 2595 277 2615 n.
296 2587 375 2619 5274,
393 2589 418 2615 in
431 2588 490 2616 Cat.
505 2589 583 2617 codd.
601 2589 715 2625 Angliaa,
729 2595 795 2624 etc.,
810 2595 878 2619 tom.
892 2590 916 2619 1.
1760 2603 1762 2605 ’

187 2630 319 2667 Dionysii,
331 2631 450 2666 archiep.
464 2632 650 2667 Alexandrini,
665 2633 786 2668 Epistola
812 2635 845 2663 de
868 2635 933 2663 hora
947 2635 1044 2671 jejunii
1060 2635 1190 2670 Pascha,
1220 2645 1282 2665 cum
1301 2637 1506 2666 Commentario
1536 2638 1715 2672 Balsamonis,
1734 2639 1762 2666 in

149 2675 221 2705 Bibl.
239 2675 316 2703 Patr.
332 2675 420 2703 Paris.
436 2676 515 2710 1575,
531 2678 586 2706 vol.
601 2678 629 2712 l;
647 2678 713 2707 ibid.
731 2679 810 2713 1589,
825 2679 878 2708 vol.
896 2679 938 2714 111,
956 2680 1005 2708 Gr.
1018 2688 1051 2709 ac
1067 2681 1146 2715 Lat.;
1164 2681 1230 2709 ibid.
1242 2682 1296 2710 vol.
1311 2680 1333 2714 Ι,
1344 2689 1371 2717 p.
1384 2682 1447 2714 275,
1462 2682 1510 2711 fol.
1526 2682 1638 2718 (Hasta)

166 2803 173 2810 .
187 2768 224 2803 (δ)
244 2768 403 2810 ’ἔασοφόὲἰθι
424 2768 504 2796 cum“
532 2771 701 2810 ραεελιᾷύωιι,
728 2780 789 2803 raso
808 2773 867 2802 sive
883 2773 936 2803 vilit

996 2781 1086 2809 panno
1101 2775 1198 2803 induti.
1231 2775 1297 2804 Vide
1313 2775 1408 2810 Cangii
1441 2774 1563 2803 Glouar.
1593 2778 1622 2801 et
1652 2773 1761 2802 Catela-

150 2804 232 2838 rinut,
250 2804 295 2832 lib.
311 2812 337 2832 ut
353 2804 514 2832 Monument.
532 2804 560 2840 Vp.
575 2806 636 2835 659.
