1950 3071
165 149 200 188 23
698 157 802 188 GUlL.
821 143 1029 188 BEVEREGH
1045 155 1253 187 PREFATIO.
1738 147 1774 178 26

166 222 226 242 vero
243 213 373 242 inveniens
387 214 414 242 in
431 216 563 244 nonnullis
585 216 715 244 codicibus
730 225 846 244 errorem
861 217 999 251 scriptum
1022 217 1092 243 circa
1107 215 1230 242 Celestini
1248 222 1340 241 nomen
1363 213 1485 249 (namque
1502 217 1551 246 pro
1565 209 1678 241 Οιίεειῖο
1695 206 1774 236 δεῖθ’

165 260 252 287 stinua
267 260 380 287 insertus
397 261 445 294 est)
458 260 535 287 dictis
551 261 655 294 scriptis
669 269 699 288 ne
711 261 828 287 animum
842 261 972 288 advertas.
989 259 1058 286 Nam
1077 259 1221 287 Celestiuus
1241 266 1308 293 papa
1319 264 1374 285 erat
1391 258 1535 288 Romanus,
1553 254 1725 285 orthodoxae,
1741 256 1771 278 ut

165 311 246 338 supra
260 303 359 330 dictum
373 308 414 330 est
430 311 440 331 :
455 303 584 331 Celestim
595 312 654 332 vero
671 313 730 332 cum
748 303 871 332 Nestorio
890 304 1025 336 sentiebat,
1040 305 1091 331 sive
1115 303 1256 330 ha'reticus
1269 308 1336 329 erat.
1354 301 1418 334 Quae
1434 302 1494 346 ipsa
1505 298 1672 346 Balsamouis
1684 297 1772 346 Iverba

165 351 277 374 exstant
290 347 317 374 in
333 347 442 374 scholiis
456 347 514 382 ejus
528 348 561 374 ad
578 348 692 382 primum
718 349 813 383 synodi
827 349 970 383 Ephesinze
988 355 1132 375 canoncm.
1154 346 1294 374 Mattlireus
1310 345 1444 389 Blastares
1455 344 1552 389 etiam
1564 343 1589 369 in
1603 341 1775 389 alphabetico

165 391 250 425 ipsius
264 395 438 426 syulagmatc,
454 391 511 419 hate
526 392 693 420 Balsamonis
721 393 821 420 scholia
837 400 887 419 non
904 392 968 419 citat
981 393 1069 423 modo,
1086 392 1132 418 sed
1145 395 1172 418 et
1188 390 1301 418 subinde
1317 388 1484 416 transcribit.
1503 386 1572 420 Quin
1585 386 1666 412 etiam
1685 384 1774 411 isido-

166 441 216 462 rus
231 433 376 466 Mercator,
393 435 426 461 ad
445 435 567 463 Latinam
582 443 658 464 suam
675 443 808 463 canonum
825 436 978 463 versionem
999 436 1194 467 exornandam,
1212 434 1287 461 hisce
1303 432 1504 460 commentariis
1520 438 1585 458 usus
1595 434 1646 456 est.
1664 430 1688 455 Is
1699 427 1771 455 enim

165 486 223 505 suae
237 478 387 505 duodecimi
400 479 511 506 canonis
526 479 619 514 synodi
642 479 806 514 Gangrensis
818 479 935 506 versioni
951 479 1008 506 haec
1025 479 1175 512 interserit,
1189 478 1269 505 Bero:
1283 477 1389 504 videtur
1401 475 1545 502 Balsamon
1566 474 1700 507 episcopus
1717 471 1774 498 An—

165 521 300 548 tiochensis
318 522 387 548 hunc
405 522 490 549 locum
515 523 705 557 interpretans,
719 531 811 550 uocare
822 527 904 550 uestes
918 531 951 550 ea
965 524 1047 550 serico
1068 527 1213 549 contextae.
1240 521 1271 548 Et
1289 521 1326 547 ita
1353 519 1460 548 quidem
1479 517 1666 545 Balsatuonem
1678 521 1771 542 vocem

165 563 272 598 Βήρους
290 565 496 599 interpretatum
514 572 585 598 esse,
599 572 633 593 ex
651 565 763 593 scholiis
777 565 835 600 ejus
850 566 878 592 in
894 565 995 594 dictum
1009 574 1139 594 canonem
1157 566 1295 593 elucescit.

205 609 227 635 Δ
244 612 364 642 tempore
378 613 467 635 autem
479 616 534 643 quo
551 613 738 637 consummata
758 614 818 636 sunt
833 608 988 636 doctissima
1013 610 1068 636 haec
1085 609 1250 636 Balsamonis
1265 609 1292 635 in
1313 608 1534 636 Nomocanonem
1552 603 1651 635 Photii.
1663 608 1690 631 et
1706 609 1771 630 con-

165 651 289 679 ciliorum
311 651 476 687 Patrumque
491 660 610 680 canones
626 653 833 686 commentaria,
848 653 1060 688 quadringentos
1078 652 1271 687 propemodum
1298 659 1383 679 annos
1410 651 1481 677 inter
1499 649 1607 676 Graecos
1622 648 1773 678 latuerunt,

163 696 267 723 Latinis
282 695 419 731 plerisque
436 697 573 730 incognita
589 707 595 725 :
610 697 696 725 donec
712 697 864 725 Gentianus
876 696 1018 729 Hervetus,
1033 696 1167 729 Tridenti,
1183 703 1243 723 cum
1261 695 1404 724 concilium
1423 694 1457 720 ibi
1476 693 1632 723 haberetur,
1650 698 1773 718 comnm-

164 747 238 773 nns,
254 745 280 767 et
293 745 448 768 accuratum
461 749 555 776 eorum
574 746 668 770 nactus
682 742 821 777 exemplar
837 750 850 768 a
865 741 971 769 Joanne
997 741 1076 773 Titio,
1089 739 1216 775 episcopo
1237 739 1385 771 Briocensi,
1403 737 1467 764 illud
1484 736 1583 763 Latine
1600 736 1689 762 vertit.
1708 735 1773 767 Quae

163 783 223 817 ejus
237 785 326 811 versio
351 785 410 812 sine
429 784 525 813 Greco
555 790 641 818 textu,
661 794 675 813 a
701 786 845 814 Guiliclmo
867 784 982 812 Morelio
1006 784 1117 812 Lutetiae
1132 783 1297 811 Parisiorum
1313 783 1383 819 typis
1406 781 1532 809 mandata
1554 779 1605 807 iuit
1627 786 1700 806 anno
1721 779 1772 804 Do—

163 827 228 854 mini
241 827 320 854 t561.
336 826 402 854 Post
423 827 524 856 multos
540 834 630 856 autem
655 836 742 857 annos
764 828 914 863 bibliopolae
929 827 1096 855 Parisienses
1109 827 1232 855 Graecum
1257 827 1394 861 quoddam
1417 825 1556 853 consecuti
1576 823 1773 858 apograpbum,

164 869 231 897 illud
249 878 301 897 una
318 878 379 898 cum
400 872 529 905 praedicta
543 872 651 899 Herveti
666 872 790 900 versione
811 872 837 899 in
862 871 997 907 publicam
1026 872 1114 898 lucem
1138 871 1300 903 emiserunt,
1315 869 1429 896 Lutetiae
1452 868 1619 896 Parisiorqu
1635 873 1706 893 anno
1721 865 1775 892 Do-

164 913 329 951 miniJGIO.
346 915 381 942 Et
396 915 452 942 haec
465 915 575 950 quidem
590 916 684 948 editio,
700 922 786 951 eaque
800 915 870 947 sola,
891 915 926 942 ab
938 922 971 942 eo
982 922 1069 949 usque
1083 919 1203 949 tempore
1222 914 1363 941 doctorum
1377 913 1501 940 manibus
1517 911 1580 939 trita
1596 910 1655 937 fuit.
1673 909 1773 936 Verum

162 957 300 986 enimvero
326 958 387 985 licet
414 960 448 986 ad
465 959 543 986 istam
568 960 754 987 exornandam
779 959 926 987 editionem
945 959 1139 990 Parisiensem,
1154 959 1237 985 multa
1251 965 1286 995 ex
1302 964 1367 984 mss.
1387 955 1537 986 Vaticanis,
1552 959 1579 981 et
1594 953 1722 981 nonnulla
1739 958 1783 980 ex‘

162 1002 259 1029 codice
280 1002 418 1030 ltaeredum
428 1002 539 1031 Achillis
555 1002 662 1036 Harlaei,
679 1004 757 1037 primi
774 1004 800 1030 in
813 1010 939 1035 suprema
956 1004 1032 1030 curia
1050 1003 1196 1030 Parisiensi
1211 1001 1351 1037 przesidis,
1368 1001 1480 1029 collecta
1495 999 1612 1030 fuerint;
1629 997 1774 1032 quamplu-

164 1045 234 1071 rima
248 1048 339 1072 tamen
357 1045 385 1072 in
410 1053 440 1073 ea
454 1047 542 1075 doctis
563 1048 652 1076 adhuc
675 1049 828 1076 desiderata
844 1053 916 1076 sunt.
932 1048 1021 1079 Huius
1043 1047 1114 1074 enim
1132 1045 1234 1073 lacunae
1249 1046 1274 1072 in
1300 1046 1359 1079 ipso
1374 1044 1470 1072 Graeco
1486 1047 1559 1070 textu
1583 1042 1684 1070 relictas
1696 1046 1773 1072 sunt.

164 1095 225 1123 quae
237 1096 250 1109 η
267 1089 341 1116 nullo
353 1089 499 1124 exemplari
510 1090 605 1119 Greco
620 1092 739 1127 suppleri
754 1097 880 1126 poterant
893 1101 901 1119 :
916 1097 945 1119 et
958 1091 1008 1125 ipsi
1023 1090 1143 1117 editores
1159 1089 1275 1124 ingenue
1296 1088 1428 1119 fatentur,
1441 1095 1470 1115 se
1483 1087 1511 1114 in
1527 1085 1774 1133 ttullumittcidisse

163 1131 312 1166 perfectum
328 1138 354 1159 et
375 1133 513 1167 expletum
529 1134 651 1162 codicem
674 1134 809 1166 Graecum,
824 1134 872 1169 qui
891 1134 1014 1161 Latinam
1032 1133 1140 1160 Heneti
1158 1134 1311 1159 versionem
1327 1135 1461 1165 aequaret,
1473 1137 1556 1166 quam
1582 1129 1668 1157 nihilo
1682 1129 1774 1156 secius

162 1175 354 1203 adhibuerunt.
366 1176 426 1209 Quo
445 1176 546 1204 factum
570 1182 623 1210 est,
646 1182 677 1205 ut
696 1178 767 1206 inter
779 1177 903 1205 Graecum
926 1182 1028 1205 textum
1047 1181 1076 1204 et
1098 1175 1221 1203 Latinam
1240 1176 1403 1207 versionem,
1418 1173 1627 1209 quamplurimis
1650 1172 1677 1199 in
1705 1172 1773 1199 locis

163 1218 274 1245 minime
284 1219 441 1251 conveniat,
458 1227 518 1247 cum
532 1220 672 1256 exemplar
685 1228 739 1256 quo
757 1228 822 1248 usus
835 1225 877 1248 est
891 1219 1040 1248 Gentianns
1059 1219 1192 1248 Henetus
1207 1226 1280 1248 nunc
1296 1219 1384 1254 plura.
1400 1226 1471 1246 nunc
1487 1217 1614 1252 pauciora
1631 1216 1771 1247 habuerit.

161 1268 243 1296 quam
257 1261 324 1289 illud
338 1263 409 1297 quod
424 1262 482 1298 ejus
494 1264 609 1291 ναι-εἰοιιὶ
625 1265 815 1299 adjuuxerant.
828 1264 862 1292 Et
883 1264 927 1292 ubi
950 1265 1061 1293 totidem
1076 1264 1218 1300 utrobique
1236 1268 1301 1292 sunt
1327 1262 1480 1292 Sententia,
1494 1269 1591 1289 sensus
1606 1266 1698 1288 tamen
1719 1260 1765 1287 hic

161 1314 242 1344 atque
256 1309 291 1336 ibi
306 1309 374 1337 alius
390 1317 461 1344 satpe
478 1311 699 1346 deprehenditur.

196 1352 264 1380 Cum
277 1353 368 1387 itaque
393 1352 557 1382 Parisiensis
582 1355 680 1383 horum
706 1355 877 1385 Balsamonis
894 1357 920 1384 in
935 1364 1052 1386 canones
1067 1357 1324 1386 commentariorum
1349 1356 1432 1384 editio
1460 1355 1529 1383 adeo
1557 1354 1652 1382 mutila
1678 1352 1773 1384 fuerit.

161 1400 242 1431 atque
259 1396 428 1431 imperfecta,
444 1405 551 1425 autumo
567 1399 604 1426 rei
616 1400 754 1428 canonice
767 1400 949 1428 emolumento
966 1402 1075 1434 accidit,
1093 1407 1122 1428 ut
1138 1406 1214 1429 vetus
1233 1401 1377 1428 admodum
1387 1405 1413 1427 et
1433 1399 1596 1434 completum
1617 1397 1773 1425 eorumdetu

161 1440 301 1475 exemplar
318 1440 344 1467 in
362 1440 573 1476 locupletissima
587 1448 681 1471 nostra
698 1444 864 1472 bibliotheca
888 1444 1032 1485 Bodleiano
1055 1445 1165 1473 Oxoniae
1181 1445 1351 1475 haberemus,
1366 1443 1437 1479 quod
1451 1442 1654 1477 quadringenis
1665 1441 1775 1469 circiter

162 1483 262 1511 abhinc
281 1484 369 1517 annis,
385 1489 413 1511 ut
428 1493 460 1512 ex
477 1486 586 1520 charta,
605 1487 819 1522 characteribus,
836 1483 971 1524 ligaturis,
989 1489 1102 1523 aliisque
1122 1487 1274 1516 istiusmodi
1291 1487 1460 1521 antiquitatis
1474 1487 1582 1513 indiciis
1597 1485 1771 1520 conjicimus,

161 1529 278 1563 eleganti
299 1537 380 1556 manu
398 1535 540 1558 exaratum
561 1532 636 1566 prelo
661 1533 768 1560 tandem
787 1534 932 1568 aliquando
960 1533 1136 1567 subjeciutus,
1151 1537 1178 1559 et
1203 1531 1303 1567 publici
1329 1531 1379 1558 hoc
1400 1531 1427 1558 in
1448 1537 1530 1565 opere
1552 1529 1622 1564 juris
1648 1529 1784 1557 fecimus;

163 1573 257 1608 Neque
273 1574 344 1600 enim
363 1574 402 1601 fas
416 1580 485 1607 erat,
504 1580 533 1602 ut
547 1580 601 1603 tam
623 1578 773 1611 pretiosum
793 1570 862 1612 juris
877 1578 998 1606 canonici
1014 1576 1156 1612 κειμήλιον
1173 1577 1198 1604 in
1215 1583 1265 1603 una
1286 1575 1448 1603 bibliotheca
1464 1574 1565 1602 diutius
1584 1574 1681 1602 lateret
1696 1583 1703 1600 :
1719 1581 1774 1608 quo

162 1623 214 1643 non
230 1616 309 1644 modo
326 1625 428 1652 omnes,
447 1626 507 1653 qua:
523 1620 548 1646 in
566 1620 650 1654 priori
667 1620 778 1648 fuerunt
796 1621 926 1653 editione,
946 1622 1050 1648 lacunae
1065 1620 1194 1655 supple-tte
1210 1626 1290 1653 sunt;
1306 1627 1398 1647 verum
1417 1620 1498 1646 etiam
1509 1619 1561 1646 alia
1576 1617 1773 1653 quamplurima

162 1659 200 1687 ibi
213 1660 375 1693 desiderata,
394 1662 438 1689 hic
461 1663 670 1697 interseruntur,
686 1669 714 1691 et
729 1665 819 1692 omnia
831 1665 888 1692 fere
905 1673 989 1700 usque
1009 1665 1077 1691 adeo
1095 1664 1285 1696 emendantur,
1299 1668 1328 1690 ut
1345 1670 1409 1690 vera
1428 1663 1598 1690 Balsamouls
1609 1661 1774 1689 Antiocheni

163 1702 190 1730 in
209 1710 327 1731 eauones
338 1706 533 1732 connuentaria
549 1714 620 1733 nunc
634 1707 751 1740 primum
767 1707 793 1734 in
807 1707 892 1735 lucent
905 1710 1004 1736 emissa
1017 1708 1175 1737 videantur.

197 1759 238 1785 Ad
262 1759 390 1793 majorem
415 1765 503 1789 tamen
519 1762 611 1797 operis
634 1767 760 1790 ornatum
781 1764 884 1791 duobus
900 1764 960 1792 aliis
973 1765 1128 1791 earumdem
1158 1765 1328 1792 scholiorum
1355 1765 1494 1792 codicibus
1517 1771 1584 1791 mss.
1601 1763 1642 1791 usi
1665 1769 1768 1793 sumus,

163 1800 328 1834 Etoniensi,
347 1808 373 1830 et
389 1804 628 1839 Amerbachiano;
646 1813 759 1840 quorum
775 1807 840 1835 illud
857 1808 1025 1842 amplissimo
1036 1809 1095 1836 viro
1109 1808 1245 1836 Hicbnrdo
1261 1809 1386 1844 Allestry,
1401 1809 1454 1836 SS.
1471 1807 1611 1844 theologize
1627 1806 1773 1843 professori

165 1845 238 1880 regio
256 1845 283 1872 in
300 1846 445 1874 Academia
457 1847 619 1882 0xnuiensi,
635 1854 663 1877 ct
678 1850 778 1885 regalis
795 1851 898 1886 collegii
915 1850 1032 1879 {Etonize
1050 1853 1190 1880 constituti
1222 1853 1350 1887 praefecto
1369 1858 1507 1888 acceptum
1525 1853 1636 1880 ierimus
1655 1861 1661 1879 :
1679 1856 1772 1886 utpote

164 1889 210 1922 qui
227 1896 319 1916 curam
344 1890 473 1918 adhibere
492 1892 619 1925 dignatus
641 1898 693 1926 est,
709 1900 738 1921 ut
754 1895 892 1922 variantes
914 1903 945 1923 ex
968 1896 1062 1923 codice
1088 1905 1138 1924 rus.
1156 1897 1181 1924 in
1208 1898 1369 1924 bibliotheca
1391 1897 1510 1932 ejusdem
1531 1896 1637 1931 collegii
1656 1895 1774 1929 reposito

163 1931 295 1959 lectiones
312 1932 513 1967 colligerentur.
539 1935 615 1962 Alter
632 1937 717 1963 codex
747 1945 799 1964 ms.
825 1945 878 1972 quo
894 1938 976 1972 adjuti
1007 1947 1110 1972 sumus,
1127 1945 1169 1967 est
1186 1945 1307 1968 \‘eluslns
1324 1941 1368 1968 ille
1381 1946 1407 1968 et
1423 1941 1545 1976 insignis,
1561 1940 1607 1974 qui
1625 1940 1650 1966 in
1667 1939 1774 1974 publica

164 1974 317 2002 Academia:
339 1975 501 2004 Basileensis
521 1977 685 2005 bibliotheca
700 1984 801 2012 exstat,
822 1982 864 2008 cui
893 1989 954 2008 eum
970 1982 1139 2009 clarissimus
1153 1985 1194 2010 vir
1220 1983 1335 2010 Basilius
1365 1974 1561 2011 Amerbaﬁcltins
1579 1984 1604 2018 (τι
1633 1982 1707 2014 cujus
1723 1989 1775 2008 tto-

166 2018 240 2045 mine
256 2019 493 2047 Amerbachianum
507 2021 683 2058 appellamus)
700 2023 788 2057 legato
801 2025 873 2052 dedit
889 2032 959 2052 anno
978 2025 1082 2053 Domini
1109 2026 1189 2054 1593.
1203 2027 1261 2060 Quo
1284 2028 1353 2054 inter
1370 2027 1433 2058 alia,
1455 2026 1624 2053 Balsamouis
1651 2025 1730 2052 simul
1749 2029 1776 2052 et

163 2059 277 2089 Zonaras
293 2062 320 2089 in
338 2070 456 2091 canones
480 2065 689 2098 commentaria,
712 2066 798 2093 nitido
814 2071 841 2095 et
864 2072 972 2096 vetusto
993 2070 1152 2097 charactere
1165 2059 1312 2104 descripta,
1326 2070 1517 2103 continentur;
1534 2069 1581 2097 sed
1596 2068 1701 2096 Zouara
1715 2076 1776 2103 pcr-

164 2108 246 2139 petuo
261 2105 413 2133 Balsamoui
426 2107 576 2141 praemisso.
594 2107 678 2142 Hujus
695 2109 826 2144 elegantis
849 2111 949 2138 codicis
963 2119 1041 2140 usum
1059 2111 1175 2140 fructum
1194 2113 1398 2140 honoratissimi
1420 2113 1491 2140 illius
1505 2112 1658 2140 Academize
1674 2119 1771 2146 proce-

164 2156 208 2176 res
224 2149 257 2176 ad
275 2150 343 2177 hanc
353 2150 500 2178 editionem
514 2151 696 2179 adornandam
709 2154 892 2188 permiserunt
908 2154 986 2182 nobis
1005 2156 1187 2183 exhibendum
1208 2165 1255 2191 per
1275 2165 1383 2184 manum
1399 2162 1426 2185 et
1443 2157 1604 2185 industriam
1616 2156 1767 2185 doctissimi

163 2193 213 2220 viri
228 2194 329 2221 domini
343 2193 456 2223 Joannis
472 2195 605 2230 Rodolphi
626 2195 782 2230 Wetstenii,
805 2198 865 2232 ﬁlii,
887 2199 932 2234 qui
959 2204 1032 2228 tanta
1060 2201 1122 2233 tide,
1138 2206 1211 2228 tanta
1228 2201 1366 2237 diligentia
1384 2209 1436 2229 ms.
1463 2202 1543 2228 istum
1570 2201 1693 2229 codicem
1710 2209 1774 2229 cum

161 2237 362 2265 Parisiensibus
375 2238 541 2267 Balsamonis
560 2245 587 2267 et
608 2239 721 2269 Zonaras
739 2242 901 2270 editionibus
916 2245 1043 2275 contulit.
1063 2249 1091 2271 ut
1107 2252 1184 2278 pares
1213 2245 1237 2273 ei
1252 2246 1350 2281 gratias
1374 2246 1481 2273 referre
1495 2253 1666 2280 nequaquam
1685 2245 1776 2278 possi-

163 2288 241 2313 mus,
256 2288 343 2316 neque
362 2289 411 2309 nos
433 2283 516 2314 solos,
531 2291 624 2311 verum
638 2287 666 2312 et
682 2292 778 2313 omnes
793 2287 903 2314 omnino
913 2286 985 2321 juris
997 2289 1122 2316 canonici
1136 2289 1342 2325 studiososjoc
1364 2290 1497 2324 singulari
1517 2289 1601 2324 ipsius
1619 2288 1710 2316 ofﬁcio
1723 2289 1772 2319 sibi

162 2324 190 2351 in
209 2328 340 2352 aeternum
366 2325 505 2353 devinctos
534 2327 652 2354 habebit.
673 2327 774 2356 Omnes
796 2330 867 2357 enim
899 2332 992 2359 varias
1009 2332 1138 2366 lectiones
1158 2333 1370 2368 exquisitissime
1383 2334 1510 2369 collegit;
1526 2339 1553 2360 et
1569 2334 1650 2360 multa
1664 2333 1774 2368 insuper

162 2369 272 2403 antiqua
299 2369 325 2396 in
342 2377 457 2397 canones
470 2370 573 2397 scholia
592 2379 608 2398 e
625 2372 717 2399 codice
731 2372 783 2400 isto
795 2374 952 2408 exscripsit,
969 2382 1029 2409 qua
1047 2383 1095 2403 nec
1112 2376 1139 2403 iu
1161 2376 1339 2410 Balsantonis,
1352 2385 1403 2405 nec
1425 2377 1537 2405 Zonarte
1558 2377 1774 2409 commentariis,

162 2423 213 2443 nec
227 2416 291 2447 alio,
307 2423 438 2451 quantum
460 2417 571 2450 scimus,
588 2419 680 2446 codice
697 2420 839 2448 habentur.
853 2421 908 2449 Hoc
920 2429 987 2451 sane
1003 2424 1147 2452 dolendum
1159 2429 1211 2457 est,
1231 2425 1302 2459 quod
1317 2425 1408 2452 nescio
1420 2433 1474 2460 quo
1492 2425 1547 2453 fato
1561 2430 1695 2453 accurata
1711 2426 1769 2452 istas

163 2459 347 2492 collectioncs,
365 2468 415 2495 per
429 2460 567 2488 biennium
589 2461 647 2490 fere
669 2463 694 2490 in
712 2464 808 2491 itinere
824 2465 970 2500 haerentes,
983 2468 1071 2495 serius
1090 2467 1124 2495 ad
1141 2476 1238 2495 manus
1254 2474 1361 2496 nostras
1378 2459 1571 2504 pervenerunt,
1587 2476 1666 2503 quam
1686 2473 1714 2494 ut
1732 2468 1775 2494 di-

161 2509 205 2530 cta
220 2504 322 2531 scholia
341 2505 389 2539 ipsi
411 2506 502 2540 operis
527 2506 606 2540 hujus
629 2509 735 2542 corpori
753 2510 808 2536 suis
834 2510 862 2538 in
879 2510 947 2538 locis
969 2512 1094 2539 interseri
1117 2516 1253 2546 poterant.
1269 2512 1309 2539 Ne
1321 2513 1383 2547 quis
1397 2517 1485 2540 tamen
1510 2513 1544 2540 de
1559 2513 1592 2539 i'ts
1608 2513 1717 2540 omnino
1730 2512 1774 2540 hic

161 2547 324 2575 desideratis
338 2556 563 2585 conquereretur,
581 2559 612 2579 ea
623 2552 725 2585 omnia,
742 2552 837 2581 Latine
852 2555 933 2582 etiam
946 2563 960 2582 a
977 2555 1055 2583 nobis
1065 2563 1154 2588 versa,
1171 2556 1390 2584 annotationibus
1416 2557 1590 2589 inseruimus,
1609 2557 1642 2583 ad
1662 2556 1772 2584 eosdem

163 2593 250 2619 relata
263 2599 393 2625 canones,
410 2594 509 2628 quibus
523 2595 549 2622 in
563 2596 656 2623 codice
670 2596 886 2626 Amerbacltiano
904 2599 1022 2634 ascripta
1039 2603 1112 2627 sunt.
1131 2598 1171 2626 Ex
1183 2599 1270 2627 variis
1282 2603 1371 2627 autem
1391 2599 1552 2627 lectionibus
1570 2608 1619 2634 pro
1633 2604 1773 2633 comperto

164 2635 305 2667 habemus,
322 2637 440 2665 codicem
457 2638 540 2666 istum
556 2639 802 2668 Amerbachianum
819 2648 879 2669 cum
896 2641 1044 2671 Bodleiano
1059 2647 1154 2671 nostro
1172 2644 1330 2679 plerumque
1352 2644 1513 2675 convenire,
1529 2643 1610 2670 etiam
1634 2642 1678 2669 ubi
1696 2641 1774 2670 l'ari-

161 2679 260 2706 siensis
277 2678 362 2706 editio
385 2680 418 2706 ab
432 2684 547 2715 utroque
561 2682 720 2717 discrepat:
740 2685 809 2712 adeo
834 2689 863 2712 ut
879 2686 950 2714 inter
960 2687 1117 2715 innumeras
1132 2687 1206 2720 illas,
1224 2695 1291 2722 quas
1318 2688 1488 2715 clarissimus
1504 2687 1554 2720 vir,
1572 2694 1624 2714 ms.
1637 2687 1771 2713 Atnerha-

161 2722 288 2750 cbianum
300 2730 361 2750 cum
377 2722 580 2753 Parisiensibus
591 2726 734 2754 codicibus
756 2728 911 2762 conferens,
936 2731 1027 2760 varias
1052 2732 1162 2766 collegit
1188 2732 1332 2764 lectiones,
1347 2739 1408 2759 raro
1425 2731 1568 2758 admodum
1597 2730 1662 2762 ulla,
1676 2736 1770 2758 notato

160 2767 256 2795 saltem
271 2767 362 2802 digna,
377 2774 512 2800 occurrat,
526 2777 585 2804 qna-
599 2778 613 2797 a
637 2772 730 2800 codice
749 2779 841 2801 nostro
857 2774 901 2802 hic
924 2775 1056 2811 impresso
1081 2776 1206 2804 dissidet.
1223 2775 1300 2809 Quod
1320 2776 1389 2802 idem
1409 2779 1438 2802 et
1457 2775 1492 2801 de
1507 2773 1600 2801 codice
1612 2773 1767 2802 Etonieusi

161 2809 304 2837 dicendum
321 2815 372 2838 est.
388 2810 510 2846 Namque
526 2812 596 2840 inter
607 2819 663 2842 tres
679 2816 762 2844 hosce
780 2818 889 2846 codices
904 2809 1005 2855 optime
1017 2820 1160 2853 convenit;
1177 2818 1402 2854 quemadmodum
1430 2817 1458 2846 iu
1469 2818 1690 2846 annotationibus
1702 2818 1770 2845 tnui-

164 2853 243 2884 toties
257 2855 402 2885 observare
413 2855 488 2890 licet,
504 2856 549 2884 ubi
562 2861 615 2886 tres
633 2858 836 2898 boscejcodices
857 2869 887 2892 se
901 2853 1016 2893 invicem
1030 2853 1223 2893 continuantes
1238 2870 1310 2897 saepe
1328 2862 1515 2901 producimus.
1526 2862 1599 2893 inter
1610 2870 1659 2892 eos
1677 2865 1769 2892 autem
