1950 3071
142 149 172 181 ΣΗ
676 149 780 181 GUlL.
803 150 976 182 BEVEBEG
981 150 1011 181 Π
1030 149 1233 185 PPGFATIO.
1728 148 1766 179 31

146 207 297 242 storiarum.
326 206 361 236 Et
381 215 433 237 nos
456 209 530 236 enim
556 208 680 238 Aristeni
698 216 795 238 nomen
810 211 845 238 ad
857 209 993 246 epitomen
1010 216 1043 238 eo
1059 214 1163 237 tantum
1183 207 1292 236 nomine
1318 208 1494 244 prtellximus,
1521 206 1594 244 quod
1627 205 1675 234 ille
1699 212 1770 234 eam

145 252 339 285 interpretatus
354 256 406 280 est.
1632 260 1635 264 '

185 296 265 322 istam
281 301 368 322 autem
382 295 522 331 antiquam
535 304 669 325 canonum
685 297 916 326 abbreviationem
931 297 1023 333 magni
1037 296 1102 324 olim
1115 295 1216 324 iactam
1233 295 1328 328 fuisse.
1343 304 1377 324 ex
1390 303 1423 324 eo
1437 299 1555 329 constat,
1568 295 1641 331 quod
1653 293 1765 322 Alexius

146 339 288 366 Aristonus
305 343 410 366 tantum
428 347 519 373 operas
531 346 558 368 et
571 341 673 368 laboris
687 340 713 368 in
727 348 757 368 ea
773 342 974 376 interpretanda
985 340 1196 374 consumpserit.
1211 339 1305 375 Neque
1319 341 1393 368 enim
1408 340 1434 368 in
1452 348 1482 368 re
1496 339 1574 367 nihili
1600 347 1631 367 se
1647 343 1702 366 tam
1717 338 1763 365 diu

149 382 305 409 exercuisse
319 384 471 411 censendus
484 388 536 412 est.
562 383 618 412 Nec
630 392 724 419 parum
747 385 811 412 huic
828 392 876 419 pro
893 385 1005 419 antiqua
1029 384 1109 419 huius
1130 383 1267 418 epitomcs
1290 384 1454 412 auctoritate
1479 388 1641 418 argumento
1665 382 1764 410 exinde

147 425 289 456 accrescit.
306 426 377 461 quod
395 426 537 455 Aristonus
555 435 614 454 eam
629 428 740 456 scholiis
753 428 889 455 illustrare
904 429 1028 463 dignatus
1045 432 1097 460 est,
1113 428 1195 455 etiam
1212 433 1273 462 post
1297 428 1434 462 divulgata
1455 429 1561 455 erudita
1584 428 1629 455 illa
1651 426 1764 455 Joannis

150 468 266 501 Zonaras
279 470 306 497 in
324 471 444 505 integros
459 479 578 499 canones
589 473 795 505 commentaria.
812 473 956 502 Aristenus
970 472 1041 500 enim
1058 471 1162 499 Zonara
1177 471 1312 506 posterior
1327 471 1436 503 claruit.
1461 472 1507 499 sed
1524 471 1644 498 anterior
1667 471 1763 497 Balsa-

150 518 241 543 moue,
258 512 298 538 vel
314 512 409 540 saltem
426 513 520 540 eadem
541 518 629 541 aetate.
653 514 797 542 Balsamon
822 515 893 542 enim
919 521 979 543 eum
1001 516 1223 547 commemoravit
1248 515 1275 542 in
1306 522 1355 543 sua
1379 516 1448 542 sexti
1480 515 1590 542 canonis
1622 512 1762 548 apostolici

147 554 390 589 interpretatione,
421 556 465 583 ubi
494 557 555 589 ait.
582 557 643 584 Ὅτι
675 557 722 585 καὶ
748 558 794 585 τὸν
817 558 914 593 ὕπέρτι

996 559 1101 586 ικιῖνον
1126 558 1173 585 καὶ
1191 558 1278 593 μέγαν
1293 558 1445 592 οἰκονόμον.
1469 558 1516 585 τὸν
1538 557 1697 592 Ἀριστηνδν
1718 556 1763 583 διὰ

147 598 395 634 τριακονθημέρων
425 599 645 635 ἰπιιρωνημάτων
672 601 756 636 τριῶν
771 601 966 636 δπεφωνήσατο
995 603 1013 638 ὴ
1042 602 1109 637 ἁγία
1136 602 1245 634 σύνοδος
1276 602 1452 637 ἁποσχέαθαι
1483 603 1532 629 τοῦ
1562 601 1763 629 δικαιοδοτικοΰ

148 641 291 676 ὸφφικίου,
307 640 378 669 Nam
398 648 423 669 et
439 643 668 676 incomparabiles»:
683 644 771 678 illum,
790 650 814 672 et
832 653 954 680 maguum
969 654 1131 673 mouentum
1150 645 1312 678 Aristenum,
1339 646 1424 674 tribus
1446 646 1557 680 publicis
1582 653 1636 672 xu
1662 645 1764 671 dierum

151 685 244 713 edictis
261 694 277 712 α
289 685 361 720 juris
376 686 479 713 dicendi
493 687 577 721 ofﬁcio
591 696 692 714 cessare
705 687 786 722 jussit
802 694 894 716 sancta
919 689 1046 724 synodus.
1072 688 1123 716 Ubi
1149 690 1232 716 etiam
1259 689 1400 721 observes.
1432 694 1535 724 quanto
1560 689 1604 716 hic
1628 688 1717 717 olllcio
1737 688 1764 715 in

152 728 273 756 Ecclesia
300 729 598 764 Constantinopolitana
624 730 731 759 iunctus
754 735 807 764 est.
832 739 894 760 cum
919 739 1032 768 magnus
1062 733 1088 760 in
1114 739 1145 760 ea
1172 739 1330 760 (economus
1355 732 1454 766 luerit;
1483 733 1547 760 item
1574 737 1676 768 quanto
1702 739 1763 760 eum

150 773 240 808 elogio
258 773 399 801 Balsamon
415 779 504 806 ornat.
517 775 669 810 ὕπέρτιμον
686 776 825 811 appellans
840 785 848 804 :
867 783 948 811 quam
963 776 1140 805 honoriﬁcam
1156 775 1214 810 eius
1232 777 1395 805 mentionem
1421 776 1491 805 idem
1514 776 1658 804 Balsamon
1681 776 1764 803 etiam

151 816 179 843 in
205 816 317 844 sclioliis
339 818 398 846 suis
412 818 445 846 ad
462 819 556 853 synodi
571 818 708 847 Trullanac
725 828 855 848 canonem
870 821 904 848 57

994 845 995 850 η
1012 823 1055 850 his
1070 822 1168 855 verbis,
1184 821 1355 854 Πωισάλιτο
1369 821 1422 857 γὰρ
1444 821 1490 848 τδν
1505 819 1628 848 Ιτοιοῦτον
1662 819 1764 847 κανόνα

150 861 165 886 δ
182 860 333 896 ὖπέρτιμος
348 862 450 894 δκεῖνος
477 862 560 898 κῦρος
576 863 695 896 Ἀλὲξιος
708 864 722 890 ὀ
746 865 904 900 Ἀριστηνὺς
931 866 1002 892 κατὰ
1014 866 1061 893 τοῦ
1086 866 1238 900 ἁγιωτάτον
1254 865 1359 893 ὲκιινου
1381 865 1551 900 πατριάρχου
1569 862 1766 899 Ἱεροσολύμων

151 905 239 940 χιιροῦ
259 905 428 941 Νικηφόρον.
441 906 517 934 Hunc
528 908 596 934 enirn
613 916 737 935 canonem
755 909 968 943 incomparabilis
983 909 1027 937 ille
1041 910 1163 937 dominus
1179 910 1286 937 Alezius
1300 909 1438 937 Aristonus
1455 913 1549 936 contra
1569 907 1765 935 sanctissimum

152 949 227 976 illurn
239 951 422 984 patriarcham
439 950 713 986 Hierosolyms‘tauum
730 951 910 986 Nicephorum
926 954 1050 988 protulit.
1066 953 1119 981 Ubi
1133 954 1220 982 oltller
1242 954 1325 981 etiam
1341 953 1512 981 observatum
1529 952 1620 984 velim,
1634 955 1765 985 quantum

152 994 179 1021 iu
195 993 256 1028 jure
271 995 404 1024 canonico
422 995 626 1030 interpretando
640 1005 738 1024 nomen
755 997 866 1025 Alexius
887 998 1029 1026 Aristonus
1053 1002 1117 1026 tunc
1131 998 1235 1025 dierum
1253 997 1382 1029 habebat,
1397 1004 1458 1024 cum
1474 995 1616 1023 consultus
1630 999 1714 1025 esset.
1739 997 1766 1020 et

153 1037 180 1065 in
197 1038 248 1066 isto
259 1039 323 1072 jure
342 1044 435 1066 contra
459 1040 640 1075 patriarcham
662 1040 851 1075 responderet.
869 1041 908 1070 Ex
924 1041 983 1069 istis
1010 1042 1122 1076 insuper
1144 1041 1234 1069 verbis
1251 1040 1379 1075 colligere
1400 1043 1453 1073 est.
1476 1039 1575 1074 quibus
1601 1037 1766 1072 temporibus

152 1081 198 1110 ille
213 1082 315 1110 ﬂoruit.
340 1083 461 1118 Namque
477 1083 649 1118 Nicephorus
675 1084 720 1112 ille
738 1084 1012 1121 Hierosolymitanus.
1025 1090 1120 1113 contra
1135 1092 1215 1119 quem
1227 1085 1373 1113 Aristonus
1391 1084 1474 1112 istum
1491 1090 1622 1111 canonem
1642 1081 1765 1117 protulit-

153 1127 257 1161 synodo
271 1126 395 1154 interluit
409 1127 806 1162 Constantinopoli-celebrata
823 1135 895 1156 anno
911 1129 1003 1157 mundi
1019 1129 1101 1161 667i.
1116 1129 1176 1156 sive
1187 1127 1301 1160 Christi.
1320 1127 1402 1160 “66.
1418 1131 1449 1155 ut
1464 1135 1497 1155 es
1520 1125 1769 1161 subscriptiOnihus

153 1173 235 1203 patet.
251 1177 320 1204 quas
332 1168 387 1197 Leo
398 1170 515 1198 Allatius
528 1169 624 1203 edidit,
640 1170 678 1198 De
697 1175 824 1205 perpetua
844 1180 963 1200 comem.
981 1171 1084 1200 Ecclss.
1102 1171 1280 1201 Occidentalis
1301 1175 1326 1199 et
1343 1170 1488 1199 Orientalis
1507 1170 1552 1198 lib.
1576 1170 1622 1202 ll,
1640 1176 1701 1203 cap.
1721 1167 1766 1194 η.

153 1211 177 1240 Is
191 1217 250 1240 erat
264 1220 351 1241 annus
365 1212 497 1242 Manueiis
509 1213 641 1242 Comneni
655 1222 733 1246 χχιιι.
748 1214 825 1249 cujus
839 1215 1012 1250 imperatoris
1026 1215 1102 1250 jussu
1130 1214 1274 1242 Balsamon
1303 1221 1351 1241 sua
1377 1213 1403 1240 in
1427 1219 1547 1240 canones
1572 1210 1767 1239 cemmentaria

154 1260 298 1292 aggressus
313 1261 366 1288 est.
385 1261 413 1285 ut
436 1263 452 1285 e
469 1257 630 1292 supradictis
646 1258 740 1293 liquet.
766 1257 822 1286 Sub
839 1258 934 1286 eodem
950 1259 1032 1294 igitur
1045 1259 1209 1293 imperatore
1225 1257 1380 1284 Aristonem
1404 1256 1486 1283 etiam
1506 1255 1638 1283 claruisse
1662 1259 1767 1282 certum

152 1301 335 1329 est:etiamsi
352 1299 406 1328 Leo
421 1301 537 1329 Allatius
565 1305 683 1329 tractatu
709 1302 741 1329 de
763 1307 841 1330 relate
865 1307 890 1330 et
917 1303 1077 1335 interstitiis.
1095 1302 1122 1329 iu
1147 1301 1294 1329 collatione
1315 1300 1446 1341 ordinum
1458 1300 1542 1327 etiam
1565 1298 1634 1334 apud
1659 1297 1769 1327 Gmos

153 1344 305 1377 servandis.
321 1353 382 1372 eum
397 1345 474 1379 jussu
490 1345 601 1373 Joannis
620 1344 762 1380 Comneni,
777 1346 824 1382 qui
839 1346 992 1375 Manuelem
1017 1345 1158 1382 proximus
1179 1345 1209 1373 in
1234 1343 1349 1380 imperio
1374 1343 1525 1379 praecessit,
1548 1341 1768 1371 Nomocanonem

154 1395 233 1415 suum
249 1388 367 1416 edidisse
382 1389 543 1417 asseruerit.

191 1443 275 1470 Porro
292 1444 349 1471 haec
365 1443 450 1472 Alexii
467 1443 585 1471 Aristeni
599 1444 626 1471 in
640 1444 740 1472 dictam
756 1452 892 1473 canonum
906 1444 1034 1481 synopsin
1052 1444 1260 1476 cummentaria.
1282 1444 1310 1471 in
1336 1443 1430 1472 codice
1459 1449 1512 1470 ms.
1543 1448 1623 1475 quem
1649 1440 1768 1470 edimus.

155 1486 196 1515 sic
226 1487 354 1521 inscripta
381 1493 463 1519 sunt.
479 1488 670 1523 Νομοκὰνονον
685 1489 734 1516 σὺν
763 1489 823 1524 Θεῷ
846 1490 925 1525 si;an

1000 1498 1014 1516 ν
1041 1488 1117 1524 παρὰ
1143 1487 1190 1516 τοῦ
1215 1487 1424 1522 θεοφιλεστάτου
1452 1485 1642 1521 νομοφύλακος
1671 1484 1769 1520 κυρίου

164 1530 283 1564 Ἀλεξίου
315 1531 362 1558 τοῦ
384 1531 554 1567 ’Δριστηνοῦ,
584 1532 812 1566 Nomocanonum,
828 1533 882 1560 Deo
907 1542 934 1560 as

1001 1537 1053 1565 nte,
1086 1534 1288 1566 interpretatum
1307 1539 1354 1566 per
1378 1530 1434 1558 Deo
1466 1529 1652 1557 charissimam
1677 1536 1769 1555 nomo-

157 1576 291 1611 phylacem
305 1575 439 1602 dominum
453 1575 574 1603 Alexium
590 1575 753 1603 Aristenum.
769 1576 818 1605 Ubi
835 1576 921 1612 primo
936 1577 1081 1604 observare
1095 1575 1168 1608 licet,
1183 1576 1252 1602 hanc
1267 1575 1354 1609 ipsam
1366 1581 1498 1602 canonum
1514 1573 1541 1601 in
1558 1573 1690 1608 epitomen
1705 1578 1773 1599 con-

157 1625 304 1648 tractorum
333 1619 517 1647 collectionem
532 1620 714 1655 νομοκάνονον
732 1620 822 1648 vocari
842 1629 850 1648 :
874 1627 927 1655 quo
954 1620 1063 1648 nomine
1087 1619 1170 1647 etiam
1195 1619 1362 1655 integrorum
1391 1625 1524 1646 canonum
1553 1616 1675 1644 collectio
1701 1623 1772 1651 saepe

157 1668 343 1698 nuncupatur.
376 1661 480 1696 Nemo,
509 1662 618 1697 lateor,
647 1663 753 1691 inﬁcias
781 1668 846 1697 eat,
877 1663 942 1698 quin
969 1668 1074 1691 veteres
1101 1663 1253 1691 istiusmodi
1280 1663 1353 1690 solos
1370 1661 1474 1695 libros,
1492 1660 1590 1696 quibus
1619 1660 1696 1694 νόμοι
1724 1659 1771 1686 καὶ

160 1707 273 1738 κανίνες
298 1706 370 1740 leges
384 1707 477 1734 civiles
492 1711 520 1735 et
543 1715 663 1735 canones
689 1707 867 1735 ecclesiastici
893 1707 930 1735 sit:

1000 1707 1105 1735 collecti
1133 1713 1208 1740 sunt,
1225 1707 1409 1742 νομοκανόνας
1434 1706 1612 1741 appellarint;
1640 1704 1770 1740 quemad—

161 1753 268 1779 modum
286 1750 404 1778 Joannes
422 1751 607 1779 Antioclienus
624 1751 721 1779 librum
737 1751 832 1783 istum,
849 1758 902 1786 quo
916 1759 1034 1779 canones
1047 1751 1121 1778 solos
1138 1751 1165 1778 in
1181 1751 1377 1786 quinquaginta
1402 1750 1493 1777 titulos
1515 1749 1640 1784 digessit.
1668 1747 1772 1782 simpli-

159 1794 227 1822 citer
242 1794 407 1830 συναγωγὴν
424 1795 477 1822 τῶν
504 1795 626 1822 κανόνων
642 1794 766 1827 vocavit;
782 1794 862 1822 istum
879 1798 929 1820 auti

999 1802 1048 1831 quo
1063 1795 1211 1823 eanonibus
1224 1794 1418 1822 ecclesiasticis
1436 1794 1508 1828 leges
1528 1792 1716 1827 imperatorias
1742 1796 1769 1819 et

159 1839 254 1866 civiles
281 1839 415 1872 adjunxit,
439 1840 607 1875 νομοκανόνα
636 1838 811 1874 nuncupavit.
844 1838 876 1866 Et
900 1839 935 1866 ob
963 1839 1085 1867 eamdem
1111 1839 1192 1866 etiam
1211 1838 1342 1866 rationem
1368 1837 1458 1865 Pliotii
1478 1837 1653 1864 Nomocanou
1672 1842 1784 1865 nomen.

160 1881 229 1908 istud
257 1882 367 1910 sortitus
394 1887 460 1910 est:
483 1891 561 1918 quem
589 1883 731 1910 Balsamon
762 1882 789 1909 in
817 1882 976 1916 [tralatione
999 1884 1033 1910 ad
1068 1885 1203 1917 eumdem,
1219 1883 1300 1910 etiam
1315 1882 1504 1918 ,vopoxdvovov
1532 1881 1658 1916 appellat.
1672 1878 1774 1908 Verum

159 1926 299 1952 enimvero
316 1927 416 1961 qumvis
429 1927 595 1962 integrorum
611 1935 743 1954 canonum
756 1926 880 1954 collectio
894 1927 1076 1962 νομοκάνονον
1094 1927 1177 1955 etiam
1201 1934 1393 1960 nonnunquam
1418 1926 1492 1953 audit
1507 1934 1515 1953 :
1538 1925 1610 1960 quod
1633 1923 1718 1952 miror
1739 1925 1772 1951 ab

160 1968 215 1995 nilo
234 1977 350 2003 unquam
368 1971 529 2006 denegatum
544 1969 637 2004 fuisse,
654 1977 715 1997 cutn
734 1970 792 1997 hac
806 1978 858 1998 vox
884 1970 911 1998 itt
927 1971 980 1999 isto
994 1978 1074 2000 sensu
1092 1972 1126 1999 ab
1149 1973 1207 2007 ipso
1223 1971 1383 1998 Balsamone
1405 1977 1477 2004 swpe
1505 1973 1665 2003 usurpetur;
1691 1971 1722 1995 ut
1744 1967 1773 1995 in

161 2013 313 2040 Nomm-au.
331 2013 410 2043 Pliot.
428 2016 469 2042 tit.
489 2015 514 2046 l.
533 2022 591 2048 cap.
605 2015 621 2042 9
637 2014 685 2047 ait.
704 2014 792 2046 Αὐτὸς
809 2015 931 2050 ὲπέμεινε

1002 2024 1060 2049 (ων,
1085 2014 1123 2051 μὴ
1144 2015 1248 2042 δίκαιον
1264 2013 1333 2042 εἶναι
1355 2013 1470 2049 κιραίαν
1483 2012 1648 2047 summa;
1674 2012 1706 2038 hc
1719 2011 1772 2038 τῶν

161 2058 190 2084 ἑν
202 2057 240 2092 τῷ
265 2057 448 2094 Νομοκανόνῳ
467 2058 679 2093 γεγραμμένων,
693 2057 733 2093 τῷ
743 2059 780 2090 ὡς
793 2058 961 2095 θεογράφους
977 2059 1082 2091 πλάκας
1097 2059 1172 2095 παρὰ
1187 2061 1218 2094 τῇ
1232 2058 1381 2093 Ἐκκλησία
1396 2057 1571 2092 λογιζομένῳ.
1585 2055 1645 2090 Ipse
1661 2056 1773 2091 perstitit

159 2101 259 2131 dicens.
274 2109 325 2128 non
341 2110 443 2136 (equum
457 2109 512 2129 esse
529 2106 557 2128 ut
572 2101 611 2128 vel
625 2110 691 2137 apes:
708 2102 856 2130 aboleretur
869 2111 902 2130 ea:
917 2103 959 2136 iis,
974 2112 1032 2139 qua:
1049 2105 1076 2131 in
1096 2103 1283 2131 Namocanone
1297 2103 1396 2137 scripta
1413 2106 1485 2135 sunt,
1509 2101 1577 2136 quod
1594 2101 1678 2128 instar
1703 2100 1772 2127 divi-

161 2153 257 2172 norum
291 2146 443 2173 tabularum
467 2146 499 2172 ab
524 2144 643 2172 Ecclesia
671 2151 818 2181 reputatur.
848 2145 898 2174 Ubi
916 2147 1106 2182 Νομυκάνονον
1121 2155 1219 2183 corpus
1245 2154 1377 2174 canonum
1404 2145 1653 2172 ecclesiasticarum
1681 2148 1774 2177 aperte

161 2188 304 2222 signiﬁcat.
314 2189 543 2225 quemadmodum
558 2194 585 2217 et
597 2189 622 2216 in
635 2189 757 2224 ejusdem
771 2190 940 2217 Balsamonis
953 2192 1063 2220 scholiis
1071 2192 1104 2219 ad
1114 2191 1208 2228 synodi
1219 2190 1355 2218 Trullana:
1367 2196 1497 2216 canonem
1509 2188 1520 2214 Ι
1537 2187 1661 2219 dicentis.
1674 2187 1714 2215 τὰ
1723 2187 1775 2222 μὲν

160 2233 299 2269 νεόγραφα
308 2233 497 2269 Νομοκάνονι,
507 2232 544 2265 ὡς
560 2233 597 2268 μὴ
608 2233 705 2269 ἔχοντα
720 2234 768 2261 καὶ
780 2234 941 2269 ὑπογραφὲς
954 2233 1008 2260 τῶν
1035 2233 1189 2268 ἑκθεμένων
1214 2232 1263 2263 τὰς
1288 2230 1413 2262 συνόδους
1428 2229 1558 2265 βασιλέων
1571 2228 1618 2256 καὶ
1646 2229 1774 2264 πατέρων

161 2277 337 2314 παρέδραμον
351 2286 358 2294 ·
387 2277 554 2312 septena:
581 2277 610 2303 es
628 2276 825 2312 παλαιόγραφα
841 2277 931 2312 Nepos

1004 2285 1029 2303 α.
1059 2276 1092 2303 Et
1121 2276 1161 2303 sic
1189 2275 1291 2309 passim
1320 2273 1402 2307 alibi;
1427 2277 1456 2300 ut
1479 2272 1546 2300 nihil
1586 2272 1688 2299 certius
1714 2278 1774 2298 esse

163 2322 257 2356 possit,
275 2330 355 2356 quam
381 2321 457 2357 ipsas
489 2329 624 2349 canonum
640 2321 815 2349 collectiones
828 2322 999 2356 νομοκάνσνα
1015 2320 1138 2348 vocitari.
1157 2319 1211 2347 Hoc
1229 2324 1319 2346 autem
1347 2325 1445 2346 nomen
1469 2317 1550 2344 etiam
1567 2316 1675 2352 synopsi
1691 2322 1774 2343 cano-

163 2374 227 2394 num
252 2367 286 2393 ab
311 2367 406 2394 Alexio
421 2366 546 2393 Aristeno
568 2366 752 2399 interpretata
775 2366 934 2401 inscriptum
962 2371 1016 2398 est,
1038 2368 1068 2392 ut
1089 2372 1121 2392 ex
1140 2364 1216 2391 titulo
1240 2362 1363 2397 superius
1376 2361 1460 2388 citato
1479 2365 1597 2392 constat,
1614 2360 1684 2395 quod
1700 2359 1775 2393 prius

162 2412 313 2448 expositam
342 2414 462 2438 nostram
491 2410 524 2437 de
551 2409 601 2436 liae
618 2417 752 2437 canonum
778 2409 895 2444 epitome
911 2410 1071 2437 sententiam
1094 2407 1200 2443 egregie
1215 2402 1378 2437 conﬁrmat;
1395 2413 1455 2432 cum
1470 2405 1526 2432 haec
1543 2404 1637 2430 eodem
1656 2403 1774 2434 nomine,

163 2446 218 2492 quo
235 2456 291 2490 ipsa
314 2454 480 2489 integrorum
509 2459 646 2481 canonum
671 2452 807 2485 collectio,
829 2453 1009 2487 νομοκάνονον
1034 2451 1148 2482 scilicet,
1176 2449 1347 2484 appelletur:
1365 2448 1494 2475 nimirum
1523 2447 1595 2480 quod
1623 2450 1707 2473 totum
1732 2446 1777 2481 jus

163 2489 328 2528 canonicum
345 2499 371 2525 in
394 2505 426 2525 ea
443 2504 496 2524 non
514 2504 592 2525 secus
606 2502 688 2531 atque
710 2497 737 2524 in
760 2496 825 2532 ipsis
845 2497 993 2524 canonibus
1016 2495 1135 2523 exhiberi
1162 2500 1321 2528 persuasum
1345 2497 1428 2519 esset.
1452 2490 1508 2518 lioc
1530 2491 1623 2525 itaque
1646 2489 1776 2517 Nomoca-

164 2551 265 2572 nonum
293 2541 404 2569 Alexius
431 2541 575 2568 Aristonus
599 2540 792 2575 interpretatus
817 2544 868 2575 est,
893 2541 934 2575 qul

1012 2538 1187 2573 inscriptiOne
1204 2536 1412 2571 θεοφιλέστατος
1430 2534 1587 2570 νομοφύλαξ
1610 2533 1774 2566 nominatur,

164 2595 244 2623 quem
274 2586 357 2613 etiam
389 2592 515 2620 magnum
541 2591 710 2612 oeconomum
742 2584 887 2619 aliquando
913 2584 1008 2617 fuisse,
1038 2581 1207 2610 Balsamonis
1235 2580 1318 2609 verba
1339 2579 1464 2614 superius
1491 2578 1598 2606 laudata
1626 2578 1704 2606 [idem
1730 2577 1777 2604 ia-

166 2631 251 2659 ciunt.

204 2684 268 2712 Ilaec
289 2682 407 2711 Aristeni
434 2682 460 2710 in
486 2682 706 2711 Nomocanonum
733 2682 917 2710 abbreviatum
944 2680 1046 2709 scholia
1070 2688 1124 2708 non
1151 2679 1260 2707 memini
1275 2679 1308 2706 ab
1325 2676 1472 2713 antiquiori
1495 2677 1622 2712 quopiam
1647 2676 1779 2711 scriptore

165 2731 378 2756 commemorata
395 2733 456 2754 esse
470 2726 513 2754 vel
527 2726 650 2759 laudata;
666 2726 716 2754 nisi
737 2725 808 2761 quod
823 2724 982 2753 scholiastes
997 2724 1024 2752 in
1041 2725 1134 2753 codice
1148 2722 1365 2751 Amerbacbiano
1380 2721 1508 2749 nonnulla
1525 2729 1557 2748 ex
1586 2721 1620 2748 iis
1640 2725 1778 2747 mutuatus

166 2779 237 2805 esse,
251 2776 278 2798 et
301 2769 442 2798 Balsamon
464 2777 496 2798 ea
514 2764 709 2806 nonnunquam
733 2769 833 2797 eltasse
855 2768 989 2800 videatur,
1006 2773 1034 2796 ut
1051 2768 1078 2795 in
1094 2766 1314 2795 annotationibus
1337 2765 1450 2792 subinde
1473 2765 1643 2792 observatum
1672 2768 1722 2792 est.
1740 2764 1779 2792 Ex

169 2815 375 2848 recentioribus,
389 2814 528 2843 Gilbertus
543 2813 736 2842 Genebrardus
758 2812 827 2839 libro
857 2810 894 2839 De
918 2810 1050 2839 Trinitate
1076 2810 1199 2839 Alexium
1223 2810 1378 2836 Aristenuin
1401 2808 1476 2842 citat.
1500 2815 1615 2843 cumque
1637 2807 1779 2835 diaconum

168 2859 296 2889 Ecclesiae
312 2858 617 2896 Constantinopolitanae
640 2857 724 2888 fuisse
748 2856 873 2886 allii-mat.
895 2855 948 2885 Lco
974 2855 1089 2884 Allalius
1115 2856 1171 2883 hinc
1197 2853 1299 2882 scholia
1327 2860 1397 2888 Saepe
1421 2852 1525 2885 laudnt,
1554 2851 1601 2880 sed
1623 2858 1656 2879 ex
1680 2850 1778 2879 biblio-
