1950 3071
163 148 198 180 33
687 147 790 181 GUIL.
806 147 1015 181 BEVEREGII
1031 146 1240 178 PR/EFM‘IO.
1750 147 1787 181 38

166 208 246 235 theca
263 205 418 234 Vah‘cana:
435 213 574 241 nunquam
598 206 671 234 enim
697 207 816 235 antehae
840 208 914 236 edita
935 207 1055 236 fuerunt.
1075 207 1119 235 Ad
1143 207 1215 235 hanc
1240 210 1332 235 autem
1363 211 1486 235 nostram
1513 213 1610 236 eorum

168 250 380 285 perpoliendam,
399 255 514 284 quatuor
543 250 582 277 nsi
609 257 702 277 Sinnus
724 251 864 278 codicibus
886 259 952 278 mss.
976 258 1089 284 qnorunt
1114 259 1196 278 unum
1222 250 1361 280 nobiscum
1385 252 1597 279 communicavit
1619 251 1787 281 clarissimus

166 294 207 320 vir
228 292 351 320 Joannes
365 293 495 325 Petti-son,
518 292 567 320 SS.
583 293 726 329 theologia:
743 294 881 329 professor
897 294 1094 328 Margareticus
1120 294 1148 321 itt
1165 294 1341 322 universitate
1365 293 1596 330 Cantabrigiensi,
1619 295 1666 331 qui
1691 296 1717 324 in
1746 296 1787 323 bi-

167 337 303 364 bliotheca
317 336 427 371 collegii
446 337 498 365 SS.
519 336 675 370 Trinitatis,
695 339 738 365 cui
762 338 819 372 ipse
841 337 985 373 przel‘cctus
1009 343 1052 366 est
1076 338 1102 365 in
1125 338 1220 365 cadem
1243 337 1432 371 universitate,
1457 339 1579 367 codicem
1599 338 1679 366 istum
1703 339 1789 366 nitide

166 385 309 408 exaratum
336 381 488 414 inveniens,
516 383 639 408 eumdem
663 382 741 410 nobis
767 381 861 409 Latine
877 382 1037 409 vertendum
1062 385 1212 409 concedere
1236 381 1364 416 dignatus
1389 385 1442 414 est,
1469 386 1496 409 et
1519 382 1558 409 sic
1583 383 1697 416 primam
1725 383 1789 410 huic

170 425 274 452 edendo
291 424 367 459 operi
384 425 554 452 occasionem
573 425 696 459 pra-buit.
717 426 768 453 Iste
784 429 873 453 autem
887 426 973 453 codex
987 433 1002 453 e
1017 425 1097 460 longe
1112 425 1253 453 vetustiori
1271 425 1296 452 in
1313 425 1479 453 bibliotheca
1503 425 1652 453 Bodleiana
1675 425 1789 453 Oxoniie

168 469 323 502 exscriptus
339 468 437 501 fuerat,
452 473 532 503 quem
549 474 691 503 propterea
706 475 777 504 saepe
792 469 937 497 consulere
951 476 1094 497 necessum
1119 469 1272 496 habuimus.
1290 467 1359 501 Quin
1382 473 1410 495 et
1425 468 1506 495 alium
1525 469 1706 503 suppeditavit
1721 470 1788 496 insi-

170 512 317 546 gnissinius
332 512 373 539 \ir
389 511 508 540 Thomas
534 512 642 544 Brown,
666 512 716 540 SS.
741 513 884 548 theologizc
905 513 1055 548 professor,
1081 517 1107 539 et
1133 513 1243 547 capellae
1263 512 1344 547 regiae
1368 511 1548 540 Windesoria:
1572 513 1787 547 praebendarins.

168 555 234 587 Cum
261 564 327 591 opus
356 563 447 584 autem
473 564 541 591 perte
568 557 601 584 ad
627 557 785 585 umbilicum
814 557 972 592 perductum
997 556 1088 588 fuerit.
1112 556 1182 583 alius
1205 556 1232 583 in
1259 556 1416 590 supradicta
1448 556 1611 583 bibliotheca
1642 555 1788 583 Bodleiana

168 597 351 635 anetitusest
366 601 451 628 codex
478 607 529 627 ms.
556 601 672 637 eleganti
689 605 715 628 et
728 606 834 629 vetusto
849 601 1008 628 charactere
1023 605 1153 629 exaratos
1167 609 1175 627 :
1194 607 1210 627 e
1226 608 1279 634 quo
1295 599 1422 627 nonnulla
1439 604 1567 633 excerpta
1582 603 1663 631 sntit,“
1676 607 1736 634 qua:

168 643 228 670 aliis
241 644 383 670 codicibus
396 642 599 677 desiderantur.
623 652 655 672 ac
669 645 782 680 proinde
805 650 868 679 post
890 645 1037 672 canonicas
1057 643 1194 679 epistolas,
1219 643 1254 672 ad
1267 651 1335 677 quas
1349 643 1497 677 pertinent,
1526 643 1556 676 in:
1570 640 1690 677 secundo
1704 636 1784 678 tqn16_

167 687 293 714 eduntur.
310 688 408 714 Eorum
423 693 512 715 autem
526 688 712 716 collectionem
728 689 831 723 pariter
847 692 928 724 atque
943 689 1095 715 versionem
1111 687 1169 714 viro
1184 686 1278 713 ntttltis
1294 687 1448 714 nominibus
1463 686 1621 713 honorando
1638 685 1669 712 D.
1686 685 1786 713 Joanni

168 730 234 762 Fell,
254 731 282 758 S.
297 731 327 757 T.
347 731 389 763 P.,
406 731 533 759 Ecclesiae
549 732 711 760 cathedralis
724 732 826 760 Christi
857 733 958 759 decano
972 731 1000 761 in
1015 730 1197 763 Universitate
1208 729 1356 758 Oxoniensi
1371 730 1509 763 debemus,
1523 730 1569 765 qui
1582 730 1618 757 ad
1632 731 1785 757 uberiorem

169 774 248 809 hujus
265 775 355 809 operis
369 770 496 802 ornatum
510 776 627 808 curavit,
644 768 673 803 ut
691 768 754 803 illud
773 784 841 811 opus
859 784 872 803 a
894 777 974 804 docto
989 775 1106 810 quodam
1130 775 1189 801 viro
1205 774 1232 801 in
1249 775 1343 801 eadem
1362 774 1509 801 Academla
1532 774 1718 808 perﬁceretur.
1733 774 1786 801 Sed

168 823 195 845 et
210 819 296 845 eidem
310 819 392 845 ctiam
410 820 541 854 pt'aiclara
559 820 712 847 eruditione
729 824 757 846 et
781 820 878 855 insigni
896 821 997 854 pietate
1020 820 1078 848 v'tro
1106 824 1262 847 accuratam
1286 820 1369 845 totius
1395 818 1507 853 hujusce
1527 818 1617 852 operis
1644 818 1788 846 editionem

168 862 320 896 respublica
348 862 479 890 canonica
506 869 648 897 acceptam
678 863 788 897 referat,
816 864 915 899 quippe
938 864 1015 898 cujus
1029 863 1115 891 solius
1131 870 1197 896 cura
1218 867 1299 897 atque
1317 862 1430 890 consilio
1455 862 1482 889 in
1500 863 1628 890 omnibus
1655 861 1789 894 adhibito,

168 911 294 934 accurate
310 907 377 935 adeo
393 912 418 935 et
435 907 517 942 polite
533 908 633 943 prodit.

203 961 243 989 Ad
271 961 373 988 calcem
401 962 483 988 totius
508 961 598 995 operis
624 961 816 989 annotationes
843 961 1104 998 subjnnxlmus(a);
1132 962 1158 989 in
1189 961 1288 996 quibus
1322 961 1386 996 quid
1415 961 1600 996 pratstitimns,
1623 960 1664 988 vel
1695 961 1790 988 saltent

169 1009 299 1039 praestare
322 1005 409 1031 conati
438 1012 543 1036 sumus,
569 1006 662 1038 paucis
689 1006 874 1039 expediemus.
895 1004 986 1033 Primo
1011 1007 1083 1033 enim
1103 1006 1180 1034 nobis
1206 1006 1318 1033 minime
1338 1006 1505 1040 propositum
1528 1006 1590 1037 fuit,
1623 1006 1648 1033 in
1670 1005 1792 1040 singulos

170 1055 288 1084 canones
313 1055 466 1081 eorutnque
480 1048 581 1074 scholia
602 1049 811 1076 commentarios
830 1049 921 1082 edere,
936 1050 1006 1083 quod
1020 1057 1109 1084 opera:
1128 1049 1204 1076 nobis
1219 1050 1335 1083 pretium
1353 1049 1422 1076 haud
1445 1049 1531 1075 visutn
1550 1053 1603 1076 est.
1625 1049 1664 1076 Ac
1680 1049 1792 1083 proinde

170 1083 322 1118 i§tittstnodi
338 1093 524 1118 tantummodo
540 1091 617 1124 locis,
642 1100 702 1126 qua:
724 1093 880 1119 obscuriora
902 1093 958 1120 visa
975 1099 1047 1124 sunt,
1068 1100 1127 1126 quze
1148 1100 1290 1127 perperam
1316 1093 1350 1120 ab
1374 1092 1434 1119 aliis
1449 1093 1594 1123 intellecta.
1619 1097 1665 1118 aut
1683 1091 1791 1125 majoris

169 1135 310 1167 momenti,
326 1139 353 1161 et
368 1133 563 1168 frequentioris
579 1135 604 1161 in
625 1135 816 1162 ecclesiasticis
829 1135 1003 1163 discutiendis
1017 1136 1211 1163 controversiis
1228 1143 1305 1166 usus.
1323 1135 1515 1169 dilucidandis,
1530 1134 1701 1161 vindicandis
1717 1139 1745 1162 et
1758 1135 1791 1161 ad

169 1178 316 1212 genuinum
349 1178 468 1211 ipsorum
493 1185 604 1207 sensum
623 1177 819 1210 restituendis,
846 1183 948 1210 totam,
971 1179 1058 1212 qualis
1081 1178 1172 1213 qualis
1194 1178 1264 1210 fuit,
1289 1178 1584 1213 operamvlocavimus.
1612 1177 1681 1205 llinc
1708 1178 1791 1205 etiam

170 1221 306 1248 variantes
333 1221 434 1255 passim
463 1220 594 1247 lectiones
618 1228 651 1247 ex
672 1221 811 1248 codicibus
827 1225 882 1247 tant
908 1229 973 1248 mss.
996 1230 1076 1256 quant
1101 1222 1242 1256 impressis
1263 1241 1271 1254 ,
1296 1221 1498 1254 adnotavimus;
1520 1220 1571 1247 alia
1595 1222 1677 1248 etiam
1695 1228 1791 1255 quant-

170 1265 285 1300 pluritna
301 1265 415 1296 scholia.
435 1272 496 1298 quae
511 1269 538 1290 ttt
553 1271 641 1299 neque
657 1264 690 1291 ad
712 1263 894 1297 Balsamonis,
911 1265 1098 1297 necZonarie,
1116 1272 1166 1292 nec
1180 1265 1299 1291 Aristeni
1324 1264 1476 1300 ἑρμηνείας
1492 1264 1665 1298 pertinentia,
1686 1265 1712 1291 in
1734 1265 1791 1298 ipso

169 1309 259 1344 operis
283 1316 396 1343 corpore
421 1308 545 1336 consulto
572 1309 754 1343 praetermissa
777 1313 855 1341 sunt,
881 1315 914 1335 ex
940 1316 1005 1336 mss.
1031 1308 1184 1335 Bodleianis
1203 1313 1230 1335 et
1255 1308 1493 1337 Amerbachiano.
1523 1308 1556 1334 ad
1589 1314 1653 1334 suos
1679 1315 1791 1342 qumque

173 1361 294 1381 canones
306 1354 378 1381 inter
395 1353 584 1380 annotationcs
600 1353 784 1388 apposuimns.
796 1352 932 1387 Quidquid
943 1353 1024 1380 etiam
1040 1351 1201 1380 scholiastes
1217 1353 1242 1378 in
1259 1351 1430 1379 Constantini
1447 1350 1638 1384 Ilarmenopnli
1654 1352 1791 1385 epitomen

170 1406 304 1427 canonum
320 1398 552 1431 conscripserunt,
567 1398 599 1425 ad
620 1397 707 1425 locutu
721 1396 810 1424 itidem
825 1397 950 1432 quodque
963 1404 1040 1424 suum
1055 1396 1249 1431 congessimus.
1264 1395 1338 1423 Adeo
1354 1400 1383 1422 ut
1396 1395 1462 1422 nihil
1484 1402 1500 1422 a
1513 1394 1615 1422 Grc-cis
1628 1395 1792 1430 quibuslibet

171 1443 198 1470 in
218 1442 270 1469 hoc
288 1440 411 1469 canonici
428 1441 546 1476 ipsorum
561 1441 632 1476 juris
646 1447 744 1476 corpus
759 1440 942 1476 conscriptum
956 1440 990 1468 ad
1007 1440 1131 1468 notitiam
1148 1444 1269 1467 nostram
1291 1439 1426 1474 pervenit,
1439 1439 1511 1474 quod
1527 1447 1579 1466 non
1601 1439 1627 1466 itt
1644 1440 1695 1466 hoc
1709 1439 1790 1466 unico

169 1493 251 1522 opere
266 1485 408 1513 collectutn
425 1485 575 1514 exhibetur.

204 1571 240 1603 (α)
252 1572 328 1600 Notas
341 1572 424 1600 textui
439 1572 597 1605 subiecimus,
615 1574 659 1600 sed
672 1573 772 1599 delectu
784 1573 876 1599 habito.
890 1573 958 1599 Enn.
970 1573 1047 1599 Parii.
1289 1573 1298 1586 '
