1950 3071
128 127 170 157 εδ

767 126 808 157 IN
829 126 914 158 CAN.
929 127 996 158 XlV
1009 127 1135 158 APOST.
1730 127 1764 160 (ἶϐ

133 186 187 219 λῇν
203 185 294 211 αἰτίαν
310 183 358 211 καὶ
374 183 526 219 στη-ριγμδν
539 184 589 219 τῆς
614 183 756 214 εὐσεϐείας
785 185 855 219 μετὰ
877 193 926 219 με-

980 183 1095 211 lieudam
1113 185 1228 212 maxima
1252 185 1441 219 episcoporum
1459 184 1604 213 multorum
1630 186 1762 214 adhorta-

133 232 236 266 γίστης
253 231 453 266 παρακλήσεως
470 231 630 258 ἐπισκόπων
647 231 753 258 πολλῶν
776 231 924 266 ἐπιτρέπε-

134 287 194 305 ται.
224 278 302 305 Ἐπεὶ.
320 277 348 304 δὲ
363 277 473 311 λέγουσί
484 286 557 308 τινες
573 277 641 312 μηδὲ
657 278 711 304 ἀπὸ
729 278 775 304 τοῦ
789 278 926 312 πῖρόντος

136 324 252 356 κανόνος
265 323 460 359 ὲπιτρέπεσθαι
471 324 520 359 τὴν
537 324 692 358 μετάθεσιν,
709 324 776 352 ἀλλὰ
796 324 926 360 καιρικὴν

138 371 310 407 μετάκλησιν
323 371 473 398 ἐπισκόπου
497 371 576 406 χάριν
594 371 769 403 διδασκαλίας
783 373 814 398 ἐκ
827 372 924 398 τούτου

138 419 348 452 ἀναφαίνεσθαι.
374 418 572 444 ἀκουσάτωσαν
592 417 634 443 ὄτι
654 417 702 443 τοῦ
724 417 837 449 κανόνος
871 426 927 444 τοι·

138 464 219 491 οὗτόν
231 473 256 490 τι
279 464 316 499 μὴ
327 464 454 497 λέγοντος
469 463 550 490 πόθεν
564 462 641 490 αὐτοὶ
656 463 734 490 τοῦτο
760 463 926 497 προϐάλλον-

137 520 201 542 ται;
219 509 279 537 εἶτα
296 511 343 538 καὶ
358 510 422 536 ποία
436 510 555 544 ὠφέλεια
570 510 674 544 τῷλαῷ
689 510 739 544 τῆς
756 509 927 545 “penatis-1,;

138 557 291 592 ἐκκλησίας
306 557 402 592 ἔμελλε
418 556 546 590 γενέσθαι
564 556 617 583 ἀπὸ
628 555 802 587 διδασκαλίας
814 557 927 582 ἐπισκό-

139 612 194 631 που
210 603 284 636 ἅπαξ
298 604 314 639 ἢ
334 604 382 630 καὶ
399 603 439 634 δὶς
455 603 471 638 ἢ
492 603 540 629 καὶ
557 603 602 629 ἐπὶ
614 603 719 638 χρόνων
734 603 826 637 ῥητῶν
853 602 927 629 διδά-

140 649 238 681 ξαντος
256 649 285 675 ἐν
300 649 382 683 αὐτῇ,
408 649 491 683 μηδὲν
505 648 533 674 δέ
558 656 585 674 τι
614 648 708 682 ἕτερον
732 648 927 684 ἁρχιερατικὸν

139 695 339 729 ὲνεργήσαντος
351 695 380 720 ὲν
394 694 492 729 ταύτῃ,
505 693 575 720 ὥστε
594 693 720 728 γενέσθαι
738 695 787 728 τὴν
797 693 926 728 τοιαύτην

141 741 309 775 μετάκλησιν
334 740 403 775 μετὰ
440 739 560 775 μεγάλης
593 739 795 775 παρακλήσεως
821 740 926 767 πολλῶν

139 787 298 813 ἐπισκόπων
309 795 316 801 ·
326 786 405 821 εἴπερ
419 787 470 813 οὐκ
485 786 597 822 ἔμελλεν
612 787 626 812 ό
638 785 817 821 μετακληθεὶς
831 786 926 822 δικαίῳ

140 832 330 867 ἀρχιερατικῷ
345 832 460 866 διδάξαι,
473 832 523 859 οὐκ
534 832 632 867 ἐδεήθη
658 833 692 859 ἂν
723 832 926 869 παρακλήσεως

140 878 248 904 πολλῶν
261 879 433 905 ἐπισκόπων·
448 878 561 905 ἐδύνατο
578 877 632 914 γὰρ
647 878 693 906 καὶ
709 879 790 914 μόνος
808 879 926 915 κηρύξαι

140 924 192 959 τὴν
205 924 358 951 εὐσέϐειαν.
375 924 481 956 Ἄλλως
496 933 525 951 τε
539 925 553 951 ὁ
571 924 650 951 τοῦτο
663 924 752 959 λέγων
779 927 929 961 κατηγορεῖ

140 971 191 997 καὶ
205 970 252 997 τοῦ
275 971 393 1006 μεγάλου
408 970 560 1006 Γρηγορίου
576 970 623 997 τοῦ
636 971 780 1006 Θεολόγου,
811 973 859 999 καλ⁸
879 973 927 1002 τοῦ

142 1016 220 1050 ἁγίου
238 1016 360 1052 Πρόκλου
377 1017 422 1043 καὶ
435 1017 537 1052 ἑτέρων
552 1017 660 1043 πολλῶν
681 1018 737 1053 (26)
764 1019 928 1053 ἁγιωτάτων

142 1062 321 1098 πατριαρχῶν
337 1062 540 1097 μετατεθέντων
556 1063 609 1090 ἀπὸ
631 1063 733 1099 ἑτέρων
762 1063 865 1100 Θρόνων
888 1066 928 1098 εἰς

141 1109 190 1135 τὸν
206 1110 256 1144 τῆς
274 1109 586 1142 Κωνσταντινουπόλεως
601 1109 617 1144 ἦ
632 1110 679 1136 καὶ
698 1112 738 1142 είς
752 1112 875 1146 ἑτέρους,
890 1112 929 1144 ὡς

143 1155 260 1187 ἀναξίως
279 1155 496 1189 ἱερουργούντων
511 1154 581 1190 μετὰ
600 1156 758 1191 μετάθεσιν,
773 1157 842 1193 ὅπερ
854 1158 928 1185 ἐστὶν

141 1202 348 1235 ἁσύγγνωστον.

179 1248 302 1275 ΖΩΝΑΡ.
322 1248 451 1283 Διάφοροι
484 1249 619 1276 συνοδικοὶ
646 1249 758 1281 κανόνες
791 1250 928 1278 κωλύουσι

142 1295 205 1326 τοὺς
230 1295 397 1327 ἐπισκόπους
426 1295 480 1322 ἀπὸ
503 1296 557 1322 τῶν
585 1296 695 1323 οἰκείων
711 1296 864 1332 ἐκκλησιῶν
888 1299 928 1330 εἰς

143 1342 239 1376 ἑτέρας
256 1342 575 1378 μεταϐαίνειν-*ἑκαστον
590 1343 645 1379 γὰρ
661 1345 693 1379 τῇ
711 1343 833 1381 λαχούσῃ
845 1345 928 1373 αὑτὸν

142 1389 277 1424 ἐκκλησίᾳ
289 1389 418 1424 ἐμμένειν
437 1389 635 1423 διατάττονται,
652 1390 696 1417 ἵνα
710 1391 747 1425 μὴ
766 1391 834 1425 πρὸς
846 1391 928 1427 ἀλλή-

143 1435 204 1467 λους
220 1436 401 1468 στασιάζωσιν
415 1444 422 1451 ·
438 1435 488 1463 οὐκ
509 1436 620 1463 ἐναντία
647 1437 737 1464 τοίνυν
765 1438 789 1464 oi
815 1439 928 1470 κανόνες

143 1481 331 1508 διατάττεσθαι
344 1481 551 1518 λογισθήσονται
562 1488 571 1498 ο
587 1481 646 1509 ἀλλ’
659 1483 760 1510 ἐκεῖνοι
779 1483 830 1518 μὲν
859 1484 926 1520 περὶ

978 231 1052 258 tione
1069 229 1137 257 facta
1158 231 1334 265 pennittitur.
1353 231 1485 264 Quoniam
1501 240 1564 260 vero
1579 233 1673 261 dicunt
1692 243 1761 261 non-

978 276 1045 304 nulli
1063 284 1111 304 nec
1127 277 1160 304 ab
1175 278 1226 304 hoc
1241 278 1367 312 praesenti
1385 285 1488 306 canone
1508 279 1625 312 permitti
1641 280 1759 307 transla-

978 322 1091 353 tionent,
1107 323 1154 349 sed
1165 327 1267 349 tantutu
1280 323 1398 358 episcopi
1414 324 1447 350 ad
1463 329 1567 359 tempus
1578 326 1762 353 evocationem

977 367 1092 395 docendi
1111 368 1194 402 gratia
1212 375 1244 395 ex
1272 377 1303 396 co
1319 376 1458 403 apparere.
1478 372 1599 403 audiant,
1616 373 1687 406 quod
1712 372 1763 399 hoc

977 421 1081 441 canone
1099 413 1165 440 nihil
1183 414 1335 447 hujusntodi
1348 415 1455 442 dicente
1473 416 1543 443 unde
1565 417 1614 450 ipsi
1634 418 1684 444 hoc
1701 425 1763 451 pro.

977 459 1085 487 ferunt?
1100 460 1199 487 Deinde
1215 465 1242 487 et
1261 469 1384 495 quantum
1395 463 1517 489 vacantis
1530 463 1650 490 ecclesiae
1665 464 1764 498 populo

977 508 1068 533 futura
1083 511 1123 534 est
1142 506 1244 534 tttilitas
1258 514 1273 533 e
1288 508 1411 535 doctrina
1428 509 1546 543 episcopi
1563 510 1647 536 semel
1663 511 1702 536 vel
1721 511 1762 538 his

978 553 1019 579 Vt‘l
1035 557 1062 580 et
1075 553 1156 580 dictis
1172 554 1336 588 temporibus
1354 554 1476 582 docentis
1492 555 1518 581 in
1533 563 1563 582 ea
1576 576 1583 588 ,
1597 555 1643 582 sed
1660 556 1761 583 nullum

979 599 1052 626 aliud
1068 600 1198 627 antistitis
1214 608 1311 627 munus
1323 601 1349 627 in
1365 608 1396 628 ea
1409 602 1572 634 exercentis.
1586 607 1614 629 ut
1628 602 1761 637 ejusmodi

978 647 1100 674 evocatio
1111 654 1171 674 cum
1189 654 1287 682 magna
1299 648 1488 682 episcoporum
1505 649 1648 676 multorum
1663 650 1764 677 adhor—

979 695 1081 722 latione
1108 694 1203 722 ﬁeret?
1221 694 1249 721 Si
1273 695 1380 729 quidem
1404 700 1532 723 evocatus
1549 695 1610 730 jure
1633 697 1764 724 antistitis

978 748 1031 768 non
1053 741 1181 768 docturus
1199 747 1282 772 esset,
1309 749 1358 769 nec
1380 742 1515 776 indigeret
1539 743 1685 770 multorum
1706 743 1765 777 epi-

978 793 1121 821 scoporum
1141 787 1342 819 adhortatione.
1358 789 1446 823 potuit
1460 789 1531 816 enim
1545 792 1572 816 et
1587 788 1659 815 solus
1677 789 1763 824 pieta-

979 838 1032 860 tem
1056 833 1213 868 prazdicare.
1229 833 1382 861 Praesertim
1403 839 1492 862 autem
1508 834 1553 869 qui
1571 834 1622 862 hoc
1636 834 1702 861 dicit
1716 841 1763 862 ae-

979 883 1055 906 cusat
1072 885 1099 913 et
1114 887 1238 914 magnum
1249 879 1410 915 Gregorium
1422 879 1588 914 Theolognm
1602 885 1628 907 et
1639 884 1764 907 sanctum

978 924 1115 959 Proclum,
1133 931 1160 953 et
1174 926 1243 954 alios
1261 927 1360 954 multos
1373 926 1561 954 sanctissimos
1581 927 1763 962 patriarchas,

978 973 1023 1007 qui
1040 972 1074 1000 ab
1097 971 1158 1000 aliis
1185 972 1291 999 thronis
1316 973 1348 999 ad
1373 972 1702 1007 Constantinopolitanum
1722 973 1764 1000 vel

978 1020 1059 1047 etiam
1073 1020 1106 1046 ad
1119 1019 1186 1047 alios
1200 1019 1322 1047 translati
1336 1019 1422 1052 fuere,
1436 1024 1465 1047 ut
1481 1020 1588 1055 indigne
1601 1025 1661 1055 poet
1673 1023 1765 1048 [rans-

978 1064 1106 1092 lationem
1127 1072 1204 1092 sacra
1226 1069 1397 1101 peragentes,
1423 1065 1495 1101 quod
1516 1066 1592 1094 venia
1627 1072 1670 1094 est
1691 1067 1764 1094 indi-

978 1118 1072 1146 gnum.

1015 1245 1140 1274 ZONAR.
1153 1245 1226 1273 Varii
1238 1252 1357 1273 canones
1367 1245 1488 1280 synodici
1502 1245 1642 1280 prohibent
1659 1246 1765 1280 episco-

979 1300 1026 1328 pos
1040 1299 1054 1319 a
1080 1292 1136 1319 suis
1151 1291 1274 1319 ecclesiis
1291 1291 1316 1318 in
1334 1291 1401 1318 alias
1423 1291 1541 1326 migrare
1563 1300 1571 1318 ε
1594 1292 1641 1319 sed
1665 1300 1764 1319 unum-

978 1346 1114 1375 quemque
1132 1338 1262 1366 mandant
1276 1338 1302 1365 in
1322 1345 1364 1370 ea,
1379 1345 1438 1373 qua:
1453 1342 1528 1366 sorte
1551 1338 1603 1366 sibi
1629 1339 1763 1373 contigit,

978 1385 1092 1413 ecclesia
1110 1391 1231 1416 manere,
1248 1392 1282 1412 ne
1295 1384 1444 1412 dissideant
1466 1385 1537 1412 inter
1558 1392 1599 1413 se.
1623 1384 1680 1413 Non
1704 1385 1765 1413 ideo

979 1432 1114 1460 contraria
1132 1439 1250 1459 canones
1267 1430 1494 1459 existimabuntnr
1522 1431 1673 1459 instituisse
1690 1440 1698 1459 :
1717 1432 1764 1460 sed

979 1479 1018 1507 illi
1032 1479 1140 1514 quidem
1160 1479 1244 1513 legem
1262 1483 1364 1513 ponttnt
1379 1478 1525 1513 episcopis,
1544 1478 1577 1505 de
1592 1486 1645 1506 non
1657 1486 1766 1513 pernm-

143 1530 191 1556 τοῦ
208 1530 245 1565 μὴ
260 1530 413 1565 διαμείϐειν
430 1530 479 1561 τὰς
502 1529 651 1566 ἐκκλησίας
675 1531 739 1562 τοὺς
756 1531 925 1563 ἐπισκόπους

980 1526 1068 1553 tendis
1080 1525 1204 1554 ecclesiis
1218 1525 1274 1553 suis
1288 1533 1295 1553 :
1309 1531 1336 1553 et
1352 1525 1404 1553 hoc
1428 1529 1529 1552 vetant.
1552 1524 1674 1552 Praesens
1699 1531 1766 1553 vero

143 1575 328 1610 νομοθετοῦσι,
358 1576 415 1601 καὶ¹
431 1574 511 1602 τοῦτο
538 1575 709 1602 κωλύουσιν·
738 1576 753 1603 ὁ
774 1576 803 1604 δὲ
832 1577 929 1612 παρὼν

146 1621 236 1649 κανὼν
265 1623 329 1657 περὶ
361 1621 407 1648 τοῦ
437 1621 547 1649 ἀπιέναι
577 1622 617 1653 εἰς
643 1621 739 1657 ἑτέραν
768 1623 927 1658 ἐκκλησίαν,

144 1669 240 1704 χρείας
271 1668 499 1704 κατεπειγούσης,
523 1668 635 1703 διδαχῆς
669 1668 749 1704 χάριν
777 1669 929 1696 ἐπίσκοπον

144 1716 299 1749 διαλέγεται
312 1723 318 1731 ι
334 1715 400 1747 ἴσως
412 1715 466 1750 γὰρ
479 1715 493 1741 ό
508 1715 560 1750 τῆς
575 1714 724 1749 ἐκκλησίας
747 1715 856 1749 ἐκείνης
871 1716 930 1742 ἐπί-

146 1770 247 1793 σκοπος
270 1761 301 1788 οὐ
320 1761 392 1788 πάνυ
410 1769 452 1787 τοι
476 1761 544 1795 πρὸς
573 1761 603 1787 τὸ
624 1760 758 1788 διδάσκειν
778 1762 930 1797 ἐπιτήδειος

145 1808 221 1834 ἔσται
237 1815 243 1822 ·
255 1809 269 1833 ὁ
281 1807 309 1834 δὲ
328 1806 579 1842 προσκαλούμενος,
602 1807 683 1842 τυχὸν
701 1807 863 1842 λογιώτερις
880 1807 930 1842 ὢν,

146 1856 193 1882 καὶ
208 1855 276 1888 πρὺς
291 1853 406 1885 διάλεξιν
418 1853 644 1887 ἐπιτηδειότερος,
656 1853 700 1880 διά
713 1862 739 1880 τι
758 1855 930 1889 συμϐεϐηκὸς

146 1901 294 1934 ἀναγκαῖον
313 1899 346 1926 ἂν
365 1898 410 1932 εἴη
425 1900 458 1934 τῇ
473 1899 552 1925 πόλει
565 1899 656 1935 ἐκείνῃ
674 1900 853 1935 ἐπιδημῆσαι.
874 1901 930 1928 Καὶ

145 1947 205 1973 τότε
218 1946 246 1973 δὲ
268 1945 305 1981 μὴ
320 1946 365 1980 ἀφ’
376 1945 476 1972 ἑαυτοῦ
491 1945 611 1978 ἀπιέναι,
635 1945 703 1972 ἀλλὰ
725 1947 930 1982 -ιιροσκαλούμε⁴

145 2002 189 2021 νον
201 1993 215 2020 ὁ
228 1992 318 2020 κανὼν
338 1992 419 2019 αὑτὸν
435 1990 560 2026 βούλεται
577 1999 584 2006 ·
601 1991 617 2026 ἦ
634 1992 735 2026 μᾶλλον
747 1993 838 2028 κρίσει
868 1994 932 2020 πολ-

145 2041 198 2067 λῶν
222 2039 380 2066 ἐπισκόπων
405 2037 662 2073 παρακαλούμενον.
695 2039 727 2065 Ol
755 2039 847 2074 μέντοι
877 2039 931 2066 τῶν

147 2087 263 2114 συνόδων
278 2086 390 2117 κανόνες
402 2085 590 2121 ἀποτρέπουσι
609 2085 697 2121 πάντη
718 2085 748 2112 te
772 2087 804 2113 ὲκ
833 2095 931 2122 παροι-

146 2134 208 2164 κίας
233 2133 273 2164 είς
300 2131 385 2166 ἀλλην
408 2130 567 2166 μεταπηδᾷν
598 2132 745 2166 παροικίαν
769 2132 929 2166 ἐπίσκοπον,

146 2180 192 2205 καὶ
207 2177 256 2213 τὴν
273 2177 382 2210 ἐκείνης
404 2176 638 2212 ἐκκλησιαστικὴν
664 2177 838 2213 ὑφαρπάζειν
863 2179 931 2205 διοί-
947 2198 969 2226 D

146 2234 237 2260 κησιν,
257 2224 308 2251 κᾶν
323 2224 339 2258 ἡ
356 2223 491 2258 ἐκκλησία
513 2223 605 2258 ἐκείνη
635 2224 740 2261 χηρεύῃ
765 2226 930 2260 ἐπισκόπου,

147 2272 216 2297 κατὰ.
230 2271 276 2296 τὸν
290 2268 328 2301 ιςῖ
339 2268 438 2295 κανόνα
446 2269 494 2303 τῆς
510 2269 538 2295 ὲν
554 2269 702 2305 Ἀντιοχείᾳ
716 2270 836 2297 συνόδου.
859 2271 889 2298 '0
902 2273 931 2299 δὲ

148 2315 242 2351 παρὼν
264 2315 319 2342 τῶν
343 2315 429 2349 ἁγίων
455 2314 613 2341 ἀποστόλων
637 2314 729 2342 κανὼν
754 2318 930 2352 προσκαίρως

147 2362 274 2390 ἀπελθεῖν
305 2361 454 2388 ἐπίσκοπον
483 2361 523 2392 είς
548 2360 632 2397 ἄλλην
652 2364 799 2397 παροικίαν
819 2364 931 2400 διδαχῆς

149 2408 226 2442 χάριν
241 2408 288 2434 καὶ
302 2406 459 2439 διαλέξεως,
469 2406 503 2432 δι’
518 2405 654 2440 ὠφέλειαν
667 2407 713 2434 τοῦ
737 2409 826 2435 ἐκεῖσε
851 2408 928 2436 λαοῦ·

150 2454 197 2480 καὶ
221 2453 280 2479 τότε
305 2453 355 2479 οὐκ
379 2452 427 2486 ἀφ’
449 2452 558 2486 ἑαυτοῦ,
588 2453 658 2480 ἀλλὰ
689 2455 930 2490 προσκαλούμενον

149 2500 195 2526 καὶ
209 2498 366 2533 ἀξιούμενον
381 2499 411 2525 οὑ
427 2499 542 2527 κωλύει.

148 2545 259 2573 ΑΡΙΣΤ.
279 2546 378 2579 Θρόνῳ
389 2547 444 2572 οὐκ
455 2545 654 2580 ἐπιπηδήσεις
664 2546 698 2574 ἐκ
713 2547 832 2581 θρόνου,
848 2550 872 2576 εἰ
888 2549 931 2584 μὴ

183 2590 245 2624 τοῖς
265 2589 329 2617 ἐκεῖ
338 2591 596 2625 λυσιτελέστερος,
617 2592 658 2624 ὡς
683 2591 933 2621 διδασκαλικώτε-

980 1579 1066 1599 canon
1085 1572 1204 1607 loquitur
1217 1571 1251 1600 de
1269 1571 1395 1607 episcopo
1411 1571 1468 1606 qui,
1485 1567 1547 1598 dum
1563 1571 1633 1605 cogit
1648 1570 1761 1604 utilitas,

962 1619 1109 1656 doctrinae
1131 1617 1229 1652 gratia,
1252 1617 1434 1652 proﬁciscitur
1451 1617 1476 1644 in
1501 1617 1581 1645 aliam
1601 1618 1762 1651 ecclesiam;

980 1665 1052 1692 illius
1069 1664 1141 1691 enim
1155 1663 1277 1691 ecclesiae
1290 1663 1432 1697 episcopus
1457 1662 1570 1690 forsitan
1594 1670 1647 1691 non
1670 1664 1765 1692 admo-

980 1712 1043 1739 dum
1058 1711 1095 1738 sit
1108 1711 1221 1738 idonctts
1236 1710 1269 1736 ad
1285 1709 1435 1737 docendum
1455 1717 1463 1736 :
1482 1710 1530 1744 qui
1541 1713 1629 1736 autem
1649 1710 1765 1737 advoca-

981 1763 1035 1792 tur,
1052 1759 1121 1786 rorte
1141 1757 1178 1784 sit
1198 1756 1378 1791 eloquentior,
1399 1763 1431 1784 ac
1452 1755 1556 1783 dicendi
1573 1755 1700 1784 facultate
1724 1756 1766 1784 in-

980 1804 1109 1832 Slrllclior
1127 1803 1218 1830 :unde
1241 1803 1372 1837 contingit
1391 1808 1420 1829 ιιι
1433 1810 1546 1830 necesse
1560 1803 1638 1830 sitad
1651 1803 1723 1830 illam
1737 1810 1767 1830 se

981 1849 1102 1878 conferat
1118 1848 1268 1876 civitatem.
1281 1848 1314 1875 Et
1331 1853 1394 1875 tunc
1408 1848 1516 1881 quidem
1529 1856 1581 1874 non
1593 1855 1641 1875 sua
1656 1853 1765 1882 sponte,

981 1897 1028 1924 sed
1049 1901 1210 1928 evocatum,
1225 1895 1266 1922 vel
1293 1896 1382 1929 potius
1404 1894 1592 1929 episcoporum
1620 1894 1766 1922 multorum

979 1943 1081 1978 judicio
1103 1941 1310 1974 comtnonitum,
1336 1947 1422 1967 canon
1446 1940 1503 1967 vult
1529 1940 1615 1967 abire.
1641 1940 1766 1968 Canones

982 1989 1061 2023 igitur
1077 1987 1239 2023 synodorutn
1257 1993 1369 2022 prorsus
1383 1985 1506 2012 inhibent
1525 1985 1712 2020 episcoporum
1732 1987 1764 2012 de

981 2034 1100 2069 ρει-(τεοῖο
1119 2033 1147 2060 in
1171 2032 1251 2059 aliam
1280 2031 1416 2059 transilire
1445 2031 1603 2066 parmciam,
1629 2031 1767 2066 ipsiusque

981 2079 1194 2107 ecclesiasticam
1207 2077 1345 2112 surripere
1357 2077 1632 2110 administrationem,
1641 2077 1767 2112 quamvis

981 2134 1012 2154 ea
1030 2125 1112 2153 fuerit
1129 2124 1255 2159 episcopo
1271 2124 1378 2151 viduata
1396 2123 1491 2158 :juxta
1505 2123 1640 2150 decimum
1656 2129 1764 2151 sextum

983 2179 1114 2201 canonem
1129 2171 1223 2206 synodi
1236 2170 1422 2203 Antiochenae,
1437 2177 1558 2204 praesens
1575 2175 1664 2197 autem
1681 2177 1767 2197 canon

984 2223 1141 2246 sanctorum
1158 2217 1343 2252 apostolorum
1359 2224 1409 2252 pro
1423 2214 1552 2251 temporis
1570 2217 1675 2244 ratione
1686 2237 1693 2251 ,
1712 2217 1769 2245 vult

984 2265 1064 2292 aliam
1087 2264 1113 2292 in
1131 2263 1277 2299 parceciam
1300 2263 1416 2291 transire
1439 2263 1614 2298 episcopum,
1637 2263 1768 2291 doctrinae

983 2310 1272 2344 sermocinationisque
1291 2317 1385 2342 causa,
1403 2314 1514 2344 propter
1529 2309 1671 2336 utilitatem
1695 2317 1769 2337 eom-

983 2358 1116 2386 morautis
1132 2356 1187 2384 illic
1204 2355 1305 2391 populi.
1321 2355 1414 2390 Neque
1438 2359 1528 2382 tamen
1546 2353 1702 2383 sua'solius
1718 2356 1769 2383 hoc

984 2404 1132 2436 voluntate,
1151 2403 1197 2431 sed
1215 2403 1249 2430 ab
1261 2402 1322 2436 aliis
1339 2407 1462 2430 vocatum
1475 2405 1503 2430 et
1518 2402 1628 2438 dignum
1643 2402 1766 2430 habitum

985 2459 1038 2479 non
1055 2449 1190 2486 prohibet.

983 2549 1098 2578 ARIST.
1127 2548 1187 2576 Non
1231 2548 1404 2583 proﬁcisceris
1421 2548 1452 2575 de
1470 2549 1564 2575 throno
1586 2548 1621 2575 ad
1636 2549 1767 2582 thronum,

1017 2598 1068 2624 nisi
1084 2596 1137 2623 illis
1160 2595 1198 2622 ibi
1212 2596 1303 2622 utilior
1318 2600 1405 2628 utpote
1417 2595 1528 2622 docendi
1549 2600 1604 2621 arte
1627 2595 1770 2621 instructor

748 2652 831 2683 Guil.
855 2653 1018 2695 Beveregii
1038 2658 1133 2686 notae.

184 2701 308 2740 (εσμςαι
320 2699 428 2740 ἑζέρων
438 2700 637 2740 πολλῶν-..δίο
654 2701 806 2740 Germanus
828 2703 928 2740 Cyzico

149 2744 174 2766 et
186 2735 330 2765 Authimus
341 2735 513 2771 Trapezunte
529 2737 788 2772 Constantinopolim
804 2735 926 2768 translati

149 2779 226 2805 sunt;
241 2772 397 2810 Eustathius
411 2772 539 2810 Bttrrlttea
555 2773 668 2810 (Aleppo
684 2774 765 2808 vulgo
780 2776 887 2810 vocant)
900 2781 927 2803 et

151 2811 263 2835 Itulitius
288 2807 459 2842 Cappadocia
488 2806 775 2842 Ilierosolymatnfet
800 2806 928 2838 Rebeuus

150 2843 285 2872 Phoenicia
305 2843 407 2880 'l'yrutn
438 2843 590 2878 migrarunt
612 2851 620 2871 ι
645 2843 706 2872 vide
734 2852 795 2879 quae
818 2847 850 2873 do
876 2847 926 2874 hac

983 2713 1013 2733 re
1039 2706 1140 2740 scripta
1170 2711 1232 2734 sunt
1264 2706 1290 2733 in
1323 2710 1440 2733 tractatu
1471 2704 1604 2732 Manuelis
1627 2707 1693 2740 περὶ
1722 2713 1770 2739 με-

980 2741 1118 2776 τᾷαθὲσεων
1137 2743 1163 2769 iu
1179 2741 1253 2776 Iuris
1274 2739 1573 2776 Grmco—[lotnarniwliln
1592 2748 1634 2772 ιιι,
1705 2739 1769 2769 240.

981 2775 1108 2803 Francof.
1125 2777 1204 2804 1596.
1222 2775 1289 2804 Vide
1302 2782 1328 2803 et
1342 2775 1470 2803 Demetrii
1492 2775 1657 2802 Chomateni'
1667 2777 1771 2803 archie-

981 2813 1084 2846 piscnpi
1100 2811 1232 2846 Bulgaria:
1258 2814 1290 2837 ad
1316 2811 1526 2838 Constantinum
1550 2810 1704 2839 Cabasilam
1728 2819 1772 2839 rc-

981 2855 1097 2882 spunsa,
1117 2848 1183 2874 Ibid.
1199 2848 1217 2873 l.
1235 2847 1303 2880 5.1:.
1321 2846 1381 2873 517.
