1950 3071
166 99 215 132 HN

756 102 759 105 ‘
778 99 819 137 IN
843 98 925 128 CAN.
946 97 1017 128 Llll
1049 97 1174 131 APOST.

1736 100 1787 133 146

165 156 212 182 καὶ
229 154 379 191 συγχωρεῖν
393 154 578 191 ἁμαρτήματα
591 164 598 171 '
613 157 680 183 ἀλλὶ.
696 157 742 183 καὶ
759 156 783 182 οἱ
797 153 949 190 πρεσὸύτε-
963 174 966 180 ι

1022 153 1131 182 lissione
1145 154 1331 183 confessiones
1347 156 1469 184 attdiunt.
1486 156 1582 190 Qnmre
1595 157 1675 184 ctiam
1691 157 1708 184 ϐ
1722 164 1784 186 can.

166 209 207 236 ροι
225 202 294 235 μετὰ
310 201 468 236 προτροπῆς
481 202 639 229 ἐπισκόπων
652 202 774 237 δέχονται
789 201 949 236 λογισμούς.

165 247 246 281 Ζήτει
260 245 305 272 τὸν
321 245 349 277 ς’
376 246 476 273 κανόνα
492 248 540 282 τῆς
555 247 583 274 ἐν
598 246 762 283 Καρθαγένῃ
779 246 888 273 συνόδου
904 245 951 272 καὶ

164 292 199 318 τὰ
213 293 241 318 ὲν
254 291 328 327 αὐτῷ
343 292 495 326 γραφέντα.

202 338 324 364 ΖΩΝΑΡ.
344 339 374 365 Ὀ
390 338 492 375 Κύριος
509 339 586 374 ἡμῶν
602 339 646 366 διὰ
661 340 724 372 τοὺς
737 339 951 375 ἁμαρτήσαντας

166 384 288 411 ἔκλινεν
307 384 468 420 οίψανοὺς,
499 386 548 412 καὶ
574 385 696 420 κατέϐη·
714 386 796 417 αὐτὸς
818 385 872 420 γὰρ
886 385 949 419 ἔφη·

165 431 226 457 οὐκ
241 429 336 466 ἦλθον
351 430 479 458 καλέσαι
493 430 640 464 δικαίους,
655 432 734 459 ἀλλὰ
758 430 953 466 ἁμαρτωλοὺς

167 478 210 510 εις
219 477 390 511 μετάνοιαν.
408 476 437 504 '0
451 476 515 512 γοῦν
527 477 572 503 τὸν
582 477 611 510 ἐξ
625 477 761 517 ἁμαρτίας
771 476 953 512 μετανοοῦντα

170 523 207 558 μὴ
223 523 403 558 προσιέμενος
418 523 594 560 ἁντιπράττει
608 523 720 559 Χριστῷ
741 523 779 559 τῷ
793 523 852 557 Θεῷ
862 523 951 558 ἡμῶν,

174 569 204 595 '0
228 569 257 596 δὲ
281 569 472 604 ἀντιπράττων
504 569 579 604 αὐτῷ
601 569 648 596 καὶ
684 569 953 604 ἀντιδιαταττόμενος

168 615 219 641 οὐκ
230 614 304 641 ἔστιν
317 614 399 642 αὑτοῦ
415 615 549 651 μαθητής·
563 617 577 642 ό
590 615 618 641 δὲ
633 614 671 650 μὴ
681 614 719 642 ὢν
730 614 813 641 αὑτοῦ
830 613 954 649 μαθητὴς

1001 199 1094 228 Curth.
1107 209 1179 236 syn.,
1196 206 1224 229 οι
1240 210 1301 237 quae
1313 203 1338 230 in
1355 211 1417 231 eum
1431 204 1530 246 scripta
1549 208 1621 233 sunt.

1038 334 1163 362 ZONAR.
1181 335 1311 364 Dominus
1325 341 1417 365 noster
1435 342 1545 373 propter
1565 343 1721 374 peccatores
1745 341 1789 368 in-

1002 381 1110 408 clinavit
1131 382 1229 413 calor,
1253 387 1278 409 et
1301 382 1432 410 descendit
1452 384 1472 411 ί.
1489 384 1592 412 Etenim
1613 385 1677 412 dicit
1704 386 1761 420 ipse
1778 395 1785 412 :

1003 427 1063 455 Non
1077 428 1133 455 ueni
1147 436 1238 455 vocare
1249 429 1348 463 justas,
1364 430 1409 456 sed
1430 435 1576 462 peccatore:
1601 432 1634 458 ad
1660 432 1788 466 paem'tcn-

1004 476 1079 502 tiam.
1089 475 1139 508 Qui
1150 482 1202 502 non
1216 475 1310 509 recipit
1320 475 1401 511 igitur
1409 483 1440 504 ex
1451 481 1561 511 peccato
1573 478 1786 512 resipiscentcm,

1003 523 1169 550 contrarium
1185 523 1250 557 quid
1270 523 1334 550 facit
1345 523 1454 551 Christo
1472 523 1526 550 Deo
1541 524 1644 551 nostro.
1659 523 1708 557 Qui
1723 532 1788 551 vero

1003 568 1170 596 contrarium
1184 568 1248 602 quid
1265 568 1330 603 agit,
1344 572 1371 595 et
1385 575 1417 596 ex
1433 569 1547 596 adverso
1563 568 1601 596 illi
1623 569 1767 603 opponitur
1777 589 1785 600 ,

1004 621 1057 641 non
1073 618 1114 642 est
1128 614 1185 648 eius
1198 614 1355 649 discipulus.
1371 614 1405 641 At
1415 621 1478 641 vero
1496 615 1541 649 qui
1566 622 1618 642 non
1642 620 1682 642 est
1704 615 1789 649 ipsius

171 660 298 696 ἱερᾶσθαι
311 661 362 687 οὐκ
373 661 459 694 ἄξιος.
484 661 546 693 Πῶς
557 661 613 697 γὰρ
628 661 657 692 ὃς
682 660 868 695 ’Δντίχριστον
891 659 955 686 ἐαυη

1025 660 1173 695 iscipulus,
1194 661 1320 695 indignus
1345 665 1408 693 est.
1428 661 1472 696 qui
1487 668 1594 689 sacrum
1608 660 1698 688 faciat.
1720 661 1788 688 Natu

169 707 215 733 τὸν
228 707 389 744 καθίστησιν
405 708 614 743 ἐναντιούμενος
627 707 665 742 τῷ
676 708 781 734 ἐκείνου
808 707 953 743 θελήματι,

1025 707 1141 734 uomodo
1156 706 1201 741 qui
1215 706 1320 734 hostem
1337 706 1438 734 Christi
1455 714 1485 734 se
1496 706 1575 742 gerit,
1599 706 1683 741 ipsius
1708 713 1791 741 repu-

169 752 263 784 δεκτὸς
279 754 407 789 τυγχάνει
424 753 499 788 αὐτῷ
509 762 516 786 ;

1025 761 1091 780 nans
1102 754 1244 786 voluntati,
1258 753 1292 781 ab
1307 760 1340 781 eo
1359 753 1526 788 recipiatur?

176 797 296 826 ’ΛΡΙΣΤ.
330 799 362 825 '0
383 799 444 831 τοῖς
465 798 646 834 μετανοοῦσι
667 799 710 834 μὴ
738 788 955 835 συγγινώσκων

1022 798 1120 827 tRlS'l‘.
1155 799 1208 832 Qui
1246 799 1455 834 resipiscentibur
1490 807 1541 826 non
1578 799 1707 834 ignoscit,
1738 799 1792 833 ipse

413 845 708 879 ἀσυγγνωστότερος.

1216 846 1377 880 ignoscenda
1393 845 1514 881 indignus
1530 848 1578 872 est.

207 889 263 916 Καὶ
281 886 368 922 οὗτος,
396 890 527 926 κληρικὸς
540 890 588 924 ὢν,
616 892 796 926 καθαιρεῖται,
815 892 853 924 ὡς
877 892 953 918 ἐναν-

1039 893 1073 920 Ει
1085 893 1138 925 hic,
1152 893 1175 920 si
1190 892 1226 920 sit
1244 892 1372 924 clericus,
1389 891 1531 926 deponitur
1543 911 1551 924 ,
1570 895 1599 918 ut
1616 891 1662 926 qui
1677 890 1793 918 Domino

170 935 312 970 τιούμενος
346 935 385 971 τῷ
411 937 505 972 Κυρίῳ
545 937 669 971 εἰπόντι,
702 938 791 973 χαρὰν
830 938 954 972 γίνεσθαι

1026 940 1168 968 dversatur
1180 939 1303 972 dicenti,
1320 939 1447 974 gaudium
1477 945 1537 966 esse
1565 938 1592 965 in
1618 937 1688 966 coalo
1712 944 1794 972 super

172 982 201 1008 ὲν
220 981 328 1018 οὐρανῷ
355 983 402 1009 ἐπὶ
425 983 466 1009 ἑνὶ
486 983 644 1018 ἁμαρτωλῷ
675 984 864 1019 μετανοοῦντι.

1025 994 1059 1013 no
1075 990 1218 1021 peccatore
1235 985 1424 1020 resipiscente.

476 1030 597 1056 ΚΑΝΩΝ
613 1030 678 1058 Nl".

1298 1031 1413 1060 CANON
1430 1030 1493 1058 LI".

173 1074 210 1100 Et
223 1083 267 1107 τις
285 1074 452 1108 ἐπίσκοπος
472 1075 491 1108 ἢ
508 1077 708 1110 πρεσϐύτερος
723 1071 746 1111 ἦ
762 1076 902 1110 διάκονος
922 1078 957 1105 ἐν

1022 1079 1037 1107 ii
1055 1080 1114 1114 quis
1125 1079 1259 1111 episcopus
1276 1098 1284 1110 ,
1303 1078 1342 1105 vel
1364 1077 1515 1112 presbyter,
1544 1077 1584 1104 vel
1603 1077 1748 1108 diaconus,
1766 1075 1794 1102 in

210 1120 274 1153 ταῖς
293 1121 418 1155 ἡμέραις
445 1121 506 1148 τῶν
543 1122 653 1157 ἑορτῶν
673 1125 710 1151 οὐ
737 1125 956 1160 μεταλαμϐάνει

1044 1126 1117 1161 festis
1131 1125 1220 1152 diebus
1243 1132 1350 1152 carnem
1367 1129 1392 1151 et
1406 1124 1494 1151 uinum
1512 1131 1563 1150 non
1583 1123 1665 1149 sumi!
1677 1143 1684 1154 ,
1699 1122 1796 1148 abhor-

211 1166 306 1200 κρεῶν
325 1167 373 1193 καὶ
406 1167 502 1200 οἴνου,
522 1168 772 1203 βδελυσσόμενος
793 1172 843 1198 καὶ
871 1173 906 1198 οὐ
920 1171 957 1198 δι’

1044 1181 1115 1205 rem,
1130 1177 1153 1199 et
1169 1180 1219 1199 non
1234 1176 1339 1205 propter
1356 1170 1579 1204 exercitationem,
1594 1170 1752 1203 deponatur,
1767 1166 1798 1194 ιιι

1044 1219 1090 1254 qui
1107 1218 1201 1246 habeat
1218 1218 1334 1246 intutam
1349 1217 1535 1244 conscientiam
1545 1215 1698 1250 propriam,
1716 1219 1740 1242 et
1762 1214 1798 1242 ait

1046 1265 1138 1293 multis
1151 1265 1303 1300 offensionis
1315 1272 1409 1292 causa.

211 1213 353 1247 ἄσκησιν,
374 1214 580 1248 καθαιρείσθω,
601 1215 642 1248 ὡς
665 1217 959 1252 κεκαυτηριασμένος

211 1259 267 1293 τὴν
291 1260 406 1287 οὶκείαν
432 1260 614 1294 συνείδησιν
625 1269 632 1276 ·
652 1261 701 1289 καὶ
716 1262 812 1296 αἴτιος
824 1263 958 1291 σκανδά-

210 1308 268 1333 λου
284 1306 412 1339 πολλοῖς
427 1307 593 1341 γινόμενος.

213 1352 311 1378 ΙίΛΛΣ.
329 1352 407 1379 Κατὰ
423 1353 512 1379 πᾶσαν
540 1353 682 1389 Κυριακὴν
697 1354 745 1381 καὶ
773 1355 843 1382 κατὰ
868 1357 960 1384 πᾶσαν

1048 1356 1144 1385 BALS.
1164 1357 1278 1385 Omnem
1299 1355 1370 1383 diem
1398 1355 1515 1387 l'estnm,
1542 1357 1569 1381 et
1594 1361 1703 1382 omnem
1729 1353 1800 1381 diem

178 1399 275 1434 ἑορτὴν
291 1397 524 1433 πανηγυρίζοντες
553 1399 584 1426 οὐ
616 1399 792 1435 νηστεύομεν,
818 1401 886 1429 ἀλλὰ
914 1403 962 1429 καὶ

1022 1404 1181 1432 )ominicum
1196 1403 1367 1431 celebrantes
1380 1410 1434 1429 non
1447 1401 1601 1436 ieiunamus
1612 1421 1619 1431 .
1631 1400 1677 1428 sed
1691 1402 1717 1427 et
1733 1399 1801 1427 Sab—

178 1444 207 1470 ὲν
222 1444 277 1475 τοῖς
293 1443 442 1475 Σαϐὁάτοις
465 1444 548 1471 πᾶσιν
572 1444 636 1471 ἄνευ
664 1445 723 1477 ἑνὸς
740 1446 892 1479 Σαὸὅὰτου,
914 1447 961 1474 τοῦ

1022 1451 1083 1478 tatis
1093 1450 1226 1483 omnibus,
1244 1453 1424 1484 praeterquam
1439 1454 1505 1479 uno,
1525 1447 1553 1474 id
1565 1451 1607 1474 est
1622 1453 1718 1481 magno
1733 1446 1802 1473 Sab-

180 1489 299 1525 μεγάλου
315 1489 425 1525 δηλαδὴ,
439 1490 622 1525 καταλῠομεν,
648 1491 690 1518 ἵνα
706 1492 743 1527 μὴ
759 1491 877 1528 δόξωμεν
892 1493 963 1520 κατὰ

1022 1498 1091 1527 bato.
1105 1495 1236 1531 jejunium
1252 1495 1395 1527 solvimus,
1415 1500 1449 1522 ne
1461 1493 1537 1528 juxta
1566 1492 1721 1521 Iudaeorum
1733 1493 1802 1520 ritus

179 1536 241 1567 τοὺς
257 1535 398 1567 Ἰουδαίους
414 1535 599 1569 σαϐϐατίζειν.
624 1536 653 1564 '0
665 1536 729 1571 γοῦν
743 1538 772 1563 ὲν
781 1537 894 1570 ταύταις
904 1540 966 1572 ταῖς

1022 1543 1166 1570 Ξοιιὶιαιυιη
1180 1540 1320 1569 celebrare
1333 1539 1482 1567 videamur.
1496 1539 1546 1572 Qui
1565 1546 1629 1573 ergo
1643 1539 1686 1566 his
1709 1538 1804 1565 diebus

180 1583 299 1617 ἡμέραις
326 1581 476 1616 νηστεύων,
503 1582 527 1608 εί
561 1582 610 1616 μὲν
625 1582 662 1614 ὡς
694 1582 907 1618 βδελυττόμενος
931 1584 966 1611 τὰ

1022 1587 1132 1622 ieiunat,
1147 1586 1280 1622 siquidem
1295 1590 1325 1613 ut
1338 1592 1370 1613 ea
1383 1592 1442 1619 qua:
1456 1585 1533 1612 nobis
1553 1592 1567 1611 a
1588 1584 1644 1612 Deo
1667 1585 1693 1611 in
1713 1584 1813 1611 cibum-

181 1627 234 1653 ὑπὸ
246 1626 293 1653 τοῦ
307 1627 375 1653 Θεοῦ
388 1627 428 1658 εἰς
440 1626 541 1662 βρῶσιν
558 1627 625 1663 ἡμῖν
642 1627 764 1661 δοθέντα,
781 1629 828 1655 καὶ⁷
849 1629 967 1656 σκανδα-

182 1673 266 1705 λίζων
289 1673 414 1700 ἐντεῦθεν
439 1673 485 1700 τὸν
511 1673 585 1705 λαὸν,
610 1674 792 1709 καθαιρεῖται,
819 1675 968 1707 ἐπίσκοπος

183 1719 220 1746 ὢν
248 1719 369 1754 δηλονότι
397 1719 413 1754 ἢ
437 1719 803 1756 πρεσϐύτεροςῆδιάκονος.
838 1722 869 1748 El
891 1722 919 1750 δὲ
933 1721 968 1748 δι’

184 1765 301 1800 ἄσκησιν
326 1765 458 1800 ἀπέχεται
483 1765 598 1798 τούτων,
625 1767 879 1803 συγγνωσθήσεται.
912 1769 969 1796 Καὶ

185 1810 321 1845 ἀνάγνωθι
347 1811 398 1846 τὴν
429 1812 470 1843 εἰς
489 1811 537 1838 τὸν
563 1811 604 1838 να¹
623 1813 722 1840 κανόνα
747 1813 906 1849 ἑρμηνείαν,
922 1815 970 1842 καὶ

187 1856 233 1882 τὸν
256 1855 285 1883 ιδ’
312 1856 412 1883 κανόνα
438 1858 487 1892 τῆς
510 1858 539 1884 ὲν
565 1856 687 1894 Ἀγκύρᾳ
712 1859 834 1886 συνόδου.
867 1860 970 1893 Δαῖκδς

190 1901 282 1937 μέντοι
294 1901 365 1928 οὕτω
380 1901 519 1936 νηστεύων
529 1903 622 1934 κακῶς
635 1904 704 1940 (77),
719 1904 767 1931 καὶ
781 1906 888 1933 πενθῶν
901 1907 971 1941 μετὰ

187 1949 244 1976 τῶν
258 1947 470 1984 Μαρκιανιστῶν
492 1949 653 1984 αἱρετικῶν,
669 1950 842 1986 ἀφορίζεται,
859 1953 972 1980 κατὰτὸ

188 1995 264 2027 τέλος
278 1994 325 2021 τοῦ
343 1997 382 2021 ναν
398 1994 520 2025 κανόνος.

224 2041 343 2069 ΖΩΝΑΡ.
371 2040 570 2068 Κεκανόνισται
592 2040 622 2068 ἐν
644 2042 701 2074 τοῖς
730 2042 880 2076 Σαὸὄάτοις
907 2044 972 2072 ἄνευ

189 2088 248 2120 ἑνὸς
261 2087 307 2114 τοῦ
331 2087 463 2122 μεγάλου,
477 2087 524 2113 καὶ
537 2087 566 2113 ὲν
588 2088 647 2119 ταῖς
674 2088 830 2124 Κυριακαῖς
851 2090 898 2117 καὶ
912 2092 973 2124 ταῖς

189 2133 361 2169 ὲορτασίμοις
390 2133 508 2169 ἡμέραις
525 2132 725 2169 μῆνηστεύειν.
759 2134 974 2172 ἈλλὰΙδιάφοροι

1018 1636 1080 1662 data
1101 1637 1166 1662 sunt
1196 1632 1366 1664 abhorrens,
1389 1635 1416 1658 et
1436 1630 1501 1658 hinc
1525 1630 1624 1665 populo
1649 1629 1805 1657 oﬂ'ensionis

1019 1687 1130 1709 causam
1149 1680 1283 1715 prmhens.
1301 1677 1455 1712 deponitur,
1470 1676 1493 1704 si
1512 1676 1546 1703 sit
1559 1675 1685 1703 videlicet
1701 1675 1806 1709 episco-

1019 1734 1080 1762 pus,
1099 1725 1140 1754 vel
1154 1724 1305 1760 preshyter,
1321 1723 1362 1750 vel
1377 1722 1519 1750 diaconus.
1535 1721 1582 1748 Sin
1591 1726 1681 1748 autem
1693 1725 1803 1756 propter

1020 1771 1239 1801 exercitationem
1256 1769 1290 1797 ab
1303 1769 1343 1797 eis
1357 1768 1502 1799 abstineat.
1521 1767 1545 1794 ei
1558 1767 1721 1803 ignoscetur.
1735 1765 1805 1801 Lego

1020 1817 1134 1847 canonis
1146 1818 1177 1845 5|
1195 1815 1403 1851 expositionem.
1427 1818 1454 1842 et
1476 1813 1510 1841 14
1532 1820 1592 1840 can.
1618 1820 1678 1849 syn.
1701 1811 1802 1847 Ancyr.

1022 1864 1119 1892 Laicus
1138 1870 1200 1891 vero
1215 1861 1312 1897 quisic
1328 1860 1398 1888 male
1409 1859 1535 1895 jejunat,
1561 1863 1588 1887 et
1610 1865 1671 1886 cum
1694 1857 1808 1885 Marcio-

1022 1912 1100 1940 nistis
1115 1909 1249 1938 haereticis
1263 1908 1357 1943 luget,
1384 1913 1563 1942 segregatur,
1592 1909 1622 1932 ut.
1646 1905 1673 1932 in
1697 1905 1751 1932 line
1775 1903 1804 1931 51

1023 1964 1146 1986 canonis.

1060 2045 1187 2073 ZONAR.
1202 2043 1358 2072 Canouibus
1372 2042 1524 2070 institutum
1541 2041 1601 2074 fuit,
1617 2045 1647 2068 ut
1666 2040 1693 2068 in
1707 2039 1811 2067 Subba-

1024 2093 1060 2121 tis
1076 2094 1148 2126 (uno
1159 2098 1257 2126 magno
1271 2093 1383 2123 excepto
1394 2089 1403 2124 )
1415 2093 1442 2115 et
1458 2088 1484 2115 in
1501 2087 1664 2120 Dominicis,
1678 2092 1706 2115 et
1725 2087 1751 2114 in
1769 2087 1810 2114 re-

1025 2140 1102 2167 stivis
1127 2137 1221 2165 diebus
1248 2143 1300 2163 non
1329 2135 1509 2170 jejunaretur.
1535 2134 1662 2161 Attamen
1689 2133 1811 2161 nonnulli

189 2181 242 2208 τῶν
258 2181 344 2215 ἁγίων
361 2180 500 2216 Πατέρων.
517 2181 546 2207 ὲν
561 2180 629 2207 δέκα
654 2180 736 2216 τυχὸν
759 2181 877 2217 ἡμέραις
897 2183 913 2218 ἢ
932 2184 966 2210 εῐ-

1024 2189 1178 2214 sanctorum
1192 2183 1301 2211 Patrum
1317 2181 1451 2210 in-decem
1465 2180 1534 2208 forte
1545 2180 1640 2208 diebus
1657 2179 1699 2207 vel
1727 2180 1810 2208 etiam

189 2237 261 2260 κοσι,
276 2227 446 2255 καὶτούτων
471 2227 612 2259 ἐπέκεινα,
646 2227 753 2262 ἤσθιον·
783 2229 856 2261 τινὲς
881 2229 972 2257 δὲκαὶ

189 2276 253 2309 ἄχρι
269 2274 323 2301 τῶν
344 2273 549 2308 τεσσαράκοντα
574 2274 625 2309 τὴν
646 2274 776 2308 νηστείαν
802 2275 974 2310 παρέτειναν.

191 2321 296 2356 Ὥσπερ
311 2319 357 2347 οὖν
377 2320 408 2346 οὺ
429 2319 611 2355 παραϐαίνειν
636 2320 738 2347 ἐκεῖνοι
765 2321 828 2353 τοὺς
858 2322 975 2355 κανόνας

192 2367 339 2402 ἐκρίνοντο,
361 2368 390 2393 ὲν
415 2366 567 2398 Σαϐϐάτοις
595 2366 784 2401 νηστεύοντες,
813 2367 901 2400 οὕτως
920 2368 975 2396 οὐδ’

193 2413 219 2439 ei
231 2422 273 2445 τις
284 2414 313 2440 ὲν
329 2413 496 2449 ὡρισμέναις
506 2412 623 2448 ἡμέραις
641 2413 728 2439 ἐθέλει
747 2413 973 2449 ὲγκρατεύεσθαι,

193 2460 241 2487 καὶ
270 2460 314 2487 διὰ
335 2460 422 2486 τόσων
447 2459 560 2491 ἐσθιειν,
581 2459 635 2486 κᾶν
662 2459 800 2487 Σάϐϐατον
830 2461 859 2487 ὲν
880 2461 975 2494 αὑταῖς

194 2507 386 2542 παρεμπίπτῃ,
402 2506 454 2533 κᾶν
469 2505 537 2540 ἄλλη
564 2505 657 2541 ἡμέρα
672 2514 714 2537 τις
737 2505 911 2542 έορτάσιμος,
939 2507 977 2539 ὡς

195 2553 357 2590 παραῦάτης
381 2552 435 2579 τῶν
461 2552 580 2578 κανόνων
609 2550 780 2586 κριθήσεται.
809 2551 839 2578 El
861 2551 890 2578 δὲ
906 2552 977 2579 αὐτὰ

231 2646 252 2662 ¹¹
268 2645 341 2674 Psal.
355 2653 421 2678 xvtt,
438 2646 483 2674 20.

1025 2231 1143 2267 viginti,
1159 2230 1285 2265 ultraque
1301 2229 1360 2256 dies
1383 2228 1451 2255 istos
1465 2248 1473 2261 ,
1498 2234 1550 2255 non
1572 2227 1760 2255 comedebaut.
1778 2227 1814 2254 Et

1025 2277 1110 2306 etiam
1121 2276 1229 2311 quidam
1243 2275 1275 2302 ad
1289 2274 1345 2302 dies
1362 2280 1449 2308 usque
1473 2273 1654 2308 quadraginta
1680 2272 1812 2307 jejunium

1026 2323 1233 2358 protendehanl.
1252 2320 1486 2354 Quemadmodum
1502 2318 1585 2354 igitur
1598 2319 1624 2345 in
1639 2319 1760 2346 sabbatis
1777 2317 1813 2344 illi

1024 2369 1177 2405 jejunantes
1192 2366 1344 2402 transgredi
1367 2372 1486 2394 canones
1513 2372 1565 2392 non
1592 2364 1786 2399 judicabantur
1806 2373 1813 2391 ι

1028 2415 1068 2442 sic
1094 2420 1192 2448 neque,
1219 2412 1241 2439 si
1260 2411 1322 2446 quis
1352 2418 1400 2445 per
1413 2414 1504 2438 certos
1517 2411 1648 2445 quosdam
1676 2409 1732 2436 dies
1751 2408 1816 2436 velit

1030 2459 1177 2491 abstinere,
1192 2461 1220 2485 et
1236 2465 1284 2490 per
1298 2455 1408 2484 totidem
1423 2456 1576 2489 comedere,
1590 2455 1647 2483 sive
1662 2454 1812 2481 Sabhatum

1031 2505 1058 2533 in
1075 2505 1147 2540 ipsos
1162 2503 1298 2535 inciderit,
1314 2503 1371 2530 sive
1384 2502 1453 2530 alius
1469 2502 1527 2530 dies
1540 2501 1636 2534 festus,
1647 2499 1815 2534 iudicabitur

1031 2556 1061 2580 ut
1076 2557 1209 2579 canonum
1227 2553 1422 2585 transgressor.
1439 2548 1467 2576 Si
1482 2555 1545 2576 vero
1559 2548 1585 2575 in
1611 2545 1734 2575 Sabbatis
1747 2552 1815 2581 qua-

808 2680 902 2712 Guill.
925 2680 1086 2720 Beveregii
1107 2684 1200 2713 notae.

231 2744 287 2781 (77)
303 2743 468 2781 Νηστεύων
492 2746 598 2779 κακῶς.
616 2745 739 2781 Reliqua,
753 2754 839 2780 usque
858 2746 890 2772 ad
909 2745 977 2779 ἀφο-

205 2778 304 2810 ιιζεται
322 2779 468 2812 exclusive,
488 2788 520 2808 ex
550 2789 600 2807 tns.
628 2778 774 2809 Bodleiano
796 2778 974 2808 restituimun.

211 2814 385 2843 larcionistas
412 2820 501 2843 autem
521 2816 564 2844 hic
578 2816 684 2849 citatos.
706 2817 787 2844 etiam
808 2816 926 2844 Sabbuto
940 2815 976 2844 ic-

1030 2745 1151 2781 junasse,
1179 2745 1256 2773 testis
1277 2750 1321 2781 est
1345 2741 1512 2781 Epiphanius
1531 2741 1600 2781 hrcr.
1623 2739 1669 2771 42,
1695 2746 1755 2775 par.
1771 2745 1819 2772 tu,

1033 2775 1098 2810 iom.
1117 2775 1214 2817 Lipag.
1233 2780 1298 2813 504,
1315 2775 1476 2815 open—edit.
1491 2775 1583 2803 l‘ctav.
