1950 3071
137 82 186 114 149

747 81 797 111 'IN
818 80 901 110 CAN-
924 79 986 108 LVl
1004 82 1130 111 Al’OS'l’.

1710 82 1761 114 151!

134 139 211 166 τοθεν
223 138 432 172 ἀνεπιλήπτους,
444 136 487 162 ῑνα
504 137 540 171 μὴ
552 136 586 162 δι’
608 136 707 167 αὐτοὺς
723 135 918 171 βλασφημῆται

985 144 1034 164 os:
1058 145 1091 165 ne
1118 141 1227 172 propter
1251 138 1326 170 ipsos
1347 143 1444 165 nomen
1465 137 1511 164 Dei
1530 137 1706 171 vituperetur.
1730 141 1759 165 tu

135 183 166 210 τὸ
182 183 269 218 ὖνομα
283 183 331 210 τοῦ
344 182 423 209 Θεοῦ·
433 182 464 208 τὸ
481 182 509 208 δὲ
522 182 551 208 ὲν
572 182 713 217 καπηλείῳ
728 181 841 208 εἰσιέναι
865 181 920 215 βίον

137 228 258 263 ἄσεμνον
284 227 358 263 ἔχειν
386 228 450 259 τοὺς
472 227 537 254 αὑτὸ
553 227 697 259 ποιοῦντας
724 227 857 260 δείκνυσι,
875 228 922 253 καὶ

137 274 168 300 οὑ
184 273 250 309 περὶ
263 273 365 308 βρῶσιν
383 273 430 300 καὶ
447 273 526 300 πόσιν
543 273 629 309 μόνην
643 273 805 308 διεφθάρθαι
830 273 922 304 αὑτοῖς

137 321 171 345 τὰ
181 320 245 355 ἢθη,
258 319 324 346 ἀλλὰ
342 320 390 346 καὶ
413 320 477 355 περὶ
493 319 542 355 τὴν
563 319 647 355 ἄλλην
662 320 754 346 πᾶσαν
771 319 921 354 διαγωγήν.

138 363 280 399 ’Δσέμνων
292 364 346 400 γὰρ
359 364 464 399 ἀνδρῶν
477 372 506 391 τε
518 364 714 398 καὶγυναικῶν
727 364 756 390 ὲν
767 364 823 395 τοῖς
832 372 924 397 καπη-

139 409 222 441 λείοις
238 409 442 444 συναγομένων,
457 410 471 436 6
490 409 595 441 τούτοις
622 409 923 444 συναναστρεφόμενος,

138 456 189 483 οὑκ
202 456 351 490 ἀμέοεκτος
366 456 442 484 ἔσται
453 456 502 490 τῆς
513 456 624 482 ἐκείνων
639 455 747 486 κακίας.
764 455 924 489 Φθείρο-υσι

140 502 195 537 γὰρ
223 501 281 536 ἤθη
296 502 416 537 χρηστὰ
432 503 544 537 ὁμιλίαι
558 503 658 530 κακαί.
685 501 733 529 Διὸ
747 500 925 537 ἀφορίζεσθαι

138 545 203 577 τοὺς
215 545 356 578 τοιούτους
376 546 526 582 κληρικοὺς
543 547 731 574 διακελεύεται
749 548 763 574 ὁ
782 546 882 573 κανών·
900 546 926 572 εί

138 592 167 617 δὲ
177 590 327 627 ὁδοιπορῶν
340 592 355 618 6
370 592 512 628 κληρικδς,
543 594 591 621 καὶ
609 594 648 629 μὴ
676 594 746 628 ἔχων
762 593 826 620 ἔνθα
842 601 926 619 κατα-

138 636 224 668 λύσει,
237 637 362 664 τουτέστι
394 638 479 675 μονὴν
506 640 650 675 ποιήσεται
673 639 722 667 καὶ
745 638 927 666 διαναπαύσε-

138 690 192 712 ταιν
209 682 240 714 ἐξ
253 682 377 718 ἀνάγκης
393 685 434 716 εἰς
450 685 608 721 πανδοχεῖον
619 684 742 721 εἰσέλθῃ,
757 684 882 716 ἀναίτιος
893 685 926 711 ἂν

140 727 183 763 εἴη
212 729 259 755 καὶ
283 729 469 765 ἀτιμώρητος.
498 731 534 759 Τὸ
560 732 626 759 αὐτό
651 740 719 766 φησι
747 731 794 759 καὶ
819 732 833 758 6
855 731 928 758 εἰκο-

141 773 203 805 στὸς
218 774 350 811 τέταρτος
371 776 419 811 τῆς
433 777 463 804 ἐν
481 778 628 814 Λαοδικείᾳ
643 778 751 805 συνόδου
764 778 866 811 κανὼν,
879 779 927 805 καὶ

139 818 154 844 ὁ
166 821 383 855 τεσσαρακοστδς
393 822 443 857 τῆς
460 823 490 849 ὲν
504 823 679 861 Καρθαγέιιῃ.

137 864 250 892 ΔΡΙΣΤ.
283 865 312 893 ’0
346 867 417 902 δίχα
462 868 518 902 τῆς
547 869 623 896 κατὰ
657 869 759 903 τρίϐον
791 868 928 904 ἀνάγκης

170 912 317 946 κληρικὸς
342 914 386 947 εις
399 914 566 948 καπηλεῖον
588 915 699 942 ἐσθίων
712 914 898 950 ἁφοριστέος.

181 958 212 984 '0
227 959 385 994 παροδεύων
396 960 538 996 κληρικδς,
552 961 577 987 εί
593 961 626 988 δι’
638 961 762 997 ἀνάγκην
778 962 927 990 καταλύσει

141 1005 180 1037 οἷς
191 1005 357 1040 πανδοχεῖον,
388 1007 585 1040 συγγνωστέος·
604 1009 617 1034 6
630 1008 659 1034 δὲ
674 1009 758 1043 χωρὶς
796 1009 929 1035 περιστά-

142 1059 211 1083 σεως
223 1051 263 1084 εἰς
280 1051 427 1087 καπηλεῖον
440 1053 539 1079 ἐσθίων
552 1054 726 1088 ἁφοριστέοῖ.

438 1153 558 1180 ΚΑΝΩΝ
574 1153 638 1181 NE'.

141 1206 177 1233 El
187 1216 231 1240 τις
245 1208 390 1242 κληρικὸς
415 1209 532 1243 ὑϐρίσει
552 1211 605 1237 τὸν
627 1210 808 1244 ἐπίσκοπον,
831 1212 931 1239 καθαι-

174 1255 294 1306 ρείσθω.
315 1255 460 1291 Ἄρχοντα
474 1257 529 1292 γὰρ
546 1257 600 1285 τοῦ
610 1258 688 1286 λαοῦ
707 1265 767 1286 σου
777 1259 833 1286 οὐκ
854 1258 931 1292 ἐρεῖς

177 1308 287 1334 κακως.

430 1366 550 1393 ΚΑΝΩΝ
567 1367 639 1401 NG".

142 1421 163 1447 Ε
167 1421 178 1447 ἶ
194 1429 237 1454 τις
248 1422 390 1456 κληρικὲς
399 1423 512 1457 ὐϐρίσει
524 1425 728 1460 πρεσϐύτερον
745 1426 763 1460 ἢ
776 1425 930 1462 διάκονον,

444 1469 640 1504 ἀφοριζέσθω.

180 1522 279 1551 ΒΔΛΣ.
309 1525 342 1551 Ol
367 1525 452 1552 διττοὶ
475 1526 589 1559 κανόνες
617 1525 690 1556 οὖτοι
708 1531 721 1556 6
738 1534 775 1557 νε¹
803 1531 850 1558 καὶ
864 1531 933 1564 ὁνς¹

146 1568 287 1600 κολάζουσι
299 1570 362 1601 τοὺς
372 1571 501 1606 ὑϐριστὰς
512 1573 672 1608 κληρικούς·
683 1575 740 1602 ἀλλ’
752 1576 766 1602 6
777 1577 825 1611 μὲν
835 1577 870 1603 va’
881 1587 933 1604 κα-

147 1614 300 1650 θαιρεῖσθαι
313 1624 380 1651 φησι
390 1617 436 1643 τὸν
445 1617 575 1653 κληρικδν
586 1619 632 1645 τὸν
641 1619 789 1655 ὑδρίσαντα
799 1622 844 1649 τὸν
857 1623 934 1650 ἐπίσ-

147 1668 242 1686 κοπον·
252 1661 267 1687 6
276 1661 304 1687 δὲ
317 1660 360 1694 νς¹
372 1661 553 1698 ἀφορίζεσθαι
561 1663 709 1700 διορίζεται
723 1667 769 1693 τὸν
785 1668 934 1703 ὑϐρίσαντα

148 1705 278 1740 κληρικδν
288 1708 496 1745 πρεσϐύτερονή
506 1710 639 1744 διάκονον,
647 1712 756 1745 πάντως
764 1714 844 1742 διὰτὸ
851 1715 934 1751 τιμὴν

149 1751 262 1779 πλείονα
276 1755 471 1788 χρεωστετσθαι
485 1756 525 1791 τῷ
534 1758 686 1793 ὲπισκόπῳ.
710 1759 742 1786 Οἱ
758 1761 808 1795 μὲν
824 1762 935 1794 κανόνες

150 1796 225 1823 οὓτω
245 1798 381 1833 διαιροῦσι
405 1800 455 1835 τὴν
473 1802 611 1838 τιμωρίαν
631 1804 686 1830 τῶν
711 1804 848 1840 ὑϐριστῶν
867 1807 935 1842 κλη-

150 1842 246 1876 ρικῶν.
256 1842 286 1870 ’0
292 1843 320 1870 δὲ
330 1845 466 1878 πολιτικὸς
481 1847 563 1882 νόμος
572 1849 660 1877 πάντα
673 1850 804 1887 ὑϐριστὴν
822 1853 936 1887 ἀτιμοῦ-

151 1889 378 1936 σθαιδιορίςεται,
389 1892 438 1918 σὺν
445 1892 484 1927 τῷ
490 1893 588 1921 διδόναι
594 1896 641 1922 καὶ
647 1905 700 1931 χρη
704 1898 822 1933 ματικὴν
829 1900 934 1936 ποινήν.

106 1938 109 1941 ’
149 1935 264 1970 Νομίζω
274 1934 320 1963 οὖν
328 1937 406 1973 ὅτιτῇ
415 1938 513 1974 ἀτιμίᾳ
521 1940 698 1969 ἐπακολουθεῖ
708 1943 754 1970 καὶ
765 1934 935 1981 καθαίρεσις.

184 1982 308 2011 ΖΩΝΔΡ.
323 1982 356 2010 Οἱ
385 1984 435 2019 μὲν
450 1985 588 2021 ἀρχιερεῖς
613 1987 654 2019 είς
676 1988 762 2016 τύπον
785 1989 862 2022 δντες
887 1992 936 2019 τοῦ

150 2028 255 2063 Κυρίου
271 2029 351 2064 ἡμῶν
377 2030 465 2065 Ἰησοῦ
474 2031 604 2066 Χριστοῦ,
625 2034 673 2060 καὶ
696 2035 801 2070 κεφαλὴ
819 2036 867 2064 τοῦ
887 2037 937 2072 τῆς

157 2073 322 2109 Ἐκκλησίας
337 2073 464 2110 σώματος
477 2076 661 2113 λογιζόμενοι,
686 2081 734 2107 καὶ
754 2081 876 2114 πλείονος
895 2091 936 2109 τι-

151 2119 205 2174 μῖὶς
218 2120 386 2174 είσινέςιοι.
405 2122 453 2174 Διδ
464 2121 511 2149 καὶ
522 2122 537 2149 6
550 2123 699 2159 ἑνυδρίσας
720 2125 812 2159 αὐτοῖς
838 2127 937 2156 καθαι-
951 2145 974 2174 D

151 2166 250 2200 ρετται.
267 2166 338 2193 οῑδὲ
349 2167 534 2203 πρεσϐύτεροι
549 2169 597 2196 καὶ
621 2169 741 2198 διάκονοι
768 2172 867 2208 χειρῶν
883 2173 937 2201 σώ-

150 2211 244 2244 ζοντες
263 2212 361 2246 τύπον,
385 2213 424 2245 ὡς
449 2214 484 2241 δι’
506 2215 597 2242 αὑτῶν
626 2215 675 2248 τὰς
706 2217 937 2253 ὲκκλησιαστικὰς

150 2256 301 2292 διοικήσεις
331 2258 507 2294 ἐνεργοῦντος
534 2260 582 2287 τοῦ
610 2261 779 2297 ἐπισκόπου,
806 2265 937 2300 τιμᾶσθαι

152 2302 203 2337 μὲν
218 2303 339 2330 κάκεῖνοι
364 2304 445 2338 ἄξιοι,
461 2306 511 2341 οὑχ
525 2306 563 2338 ὡς
583 2307 597 2334 6
613 2307 762 2342 ἐπίσκοπος
785 2309 824 2337 δέ’
839 2311 869 2338 οὺ
885 2313 937 2347 γὰρ

152 2347 254 2393 δμοίως
271 2349 321 2384 τῆς
335 2350 458 2386 κεφαλῆς
473 2353 521 2379 καὶ
541 2352 595 2380 τῶν
619 2355 720 2389 χειρῶν
746 2357 936 2393 ἐπιμελητέον·

152 2391 193 2439 διδ
208 2392 222 2418 6
236 2393 349 2429 ὑόρίσας
364 2396 463 2428 αὐτοὺς
476 2393 558 2433 ἦττον
569 2397 724 2433 κολάζεται,
744 2391 823 2436 μόνον
839 2391 938 2439 ἀιρορι-

154 2437 274 2473 ζόμενος.

445 2489 567 2518 ΚᾹΝΩΝ
583 2490 647 2520 NE’.
864 2522 866 2524 τ

153 2529 263 2558 ΑΡΙΣΤ.
273 2529 403 2566 Ὑϐρίζων
417 2535 586 2564 ἐπίσκοπον
598 2538 743 2573 κληρικὸς
750 2540 940 2576 καθαιρεῖται.

437 2622 557 2651 κΑΝοΝ
582 2624 654 2661 Nq’.

181 2664 389 2701 Πρεσϐύτερον
403 2666 422 2702 ἢ
436 2667 579 2699 διάκονον
589 2672 714 2709 ὑϐρίζων
722 2673 899 2710 ἀφορίζεται.

193 2787 216 2803 ²¹
231 2787 315 2817 lCor.
329 2796 374 2821 xv.
389 2789 436 2819 35.

973 187 1122 214 cauponam
1140 186 1231 208 autent
1258 181 1375 216 ingredi,
1392 182 1558 210 demonstrat
1584 182 1634 210 hoc
1651 187 1759 217 agentes

973 227 1144 255 inhonestam
1174 227 1258 254 vitam
1285 228 1384 255 ducere
1415 235 1422 255 :
1446 234 1533 262 neque
1561 233 1664 255 tantum
1688 229 1759 255 circa

973 274 1074 306 cibum,
1088 278 1234 308 potumque
1247 278 1387 309 corruptos
1400 274 1466 307 ipsis
1480 281 1569 301 mores
1580 281 1650 306 esse,
1666 282 1759 301 verum

974 320 1054 346 etiam
1069 320 1140 347 circa
1155 327 1264 348 omnem
1291 320 1372 347 aliam
1397 320 1503 347 vivendi
1527 320 1758 348 consuetudinem.

975 364 1043 392 Nam
1062 385 1069 397 ,
1087 372 1149 392 cum
1175 365 1332 400 promiscue
1365 365 1499 392 conﬂuant
1527 365 1552 391 in
1569 372 1717 399 cauponam
1733 369 1760 390 (ει

975 410 1108 438 inhonesti
1125 411 1174 438 viri
1194 416 1222 438 et
1249 411 1396 439 inhonestae
1413 410 1550 441 mulieres.
1575 411 1621 444 qui
1642 417 1703 437 cum
1719 415 1760 436 ta-

976 457 1045 484 libus
1072 462 1246 485 conversatur
1274 465 1366 485 eornm
1391 457 1566 491 turpitudinis
1589 464 1685 491 expers
1710 464 1761 482 non

976 503 1027 531 erit
1047 512 1054 530 :
1070 502 1145 530 Mala
1163 511 1258 538 nempe
1275 503 1405 539 colloquia
1421 508 1590 537 corrumpunt
1608 503 1689 529 bonos
1712 511 1762 528 mo-

976 556 1016 576 res
1028 549 1061 576 ²¹.
1073 548 1134 576 Ideo
1147 556 1231 576 canon
1242 549 1317 584 jubet
1330 548 1481 576 istiusmodi
1491 547 1604 575 clericos
1615 548 1761 580 segregari.

976 594 1053 628 Quod
1069 594 1090 622 si
1103 594 1217 622 clericus
1230 595 1280 622 iter
1293 595 1406 626 faciens,
1423 601 1472 622 nec
1487 594 1589 621 habens
1604 602 1656 629 quo
1671 593 1760 620 diver—

977 645 1017 668 tat
1042 641 1116 677 (hoc
1132 645 1175 669 est
1186 661 1193 674 ,
1207 641 1372 669 mansionem
1398 640 1479 668 faciat
1494 661 1501 672 ,
1522 645 1550 667 et
1565 640 1686 675 quiescat
1697 639 1717 671 ),
1736 639 1762 666 in

977 695 1128 723 cauponam
1143 692 1200 715 tum
1211 695 1261 722 per
1273 687 1461 715 necessitatem
1477 687 1512 714 sit
1527 687 1673 721 ingressus,
1684 685 1762 719 culpa

978 738 1066 766 vacat.
1083 741 1133 761 nec
1149 733 1282 761 obnoxius
1297 737 1338 761 est
1354 732 1398 760 ulli
1413 739 1509 767 poenam
1529 731 1597 758 Dicit
1614 732 1664 758 hoc
1681 731 1763 758 etiam

979 779 1126 807 vicesimus
1141 784 1253 814 quartus
1268 786 1355 806 canon
1369 778 1464 815 synodi
1478 777 1633 810 Laodiczcat,
1649 781 1675 804 et
1700 783 1764 811 qua-

980 824 1148 859 dragesimus
1159 824 1252 860 synodi
1265 822 1487 858 Carthagineusis

978 870 1092 900 ARIST.
1116 870 1231 899 Clericus
1252 870 1296 905 qui
1317 869 1413 904 absque
1442 869 1541 896 itineris
1561 869 1713 896 necessitate
1739 867 1765 894 in

1063 925 1183 951 caupona
1198 916 1322 948 comedit,
1335 915 1597 943 excommunicandus
1615 918 1663 940 est.

1014 962 1121 991 Clerico
1136 964 1186 990 iter
1201 963 1322 995 facienti,
1348 962 1371 989 si
1397 962 1423 989 in
1450 961 1631 988 diversorium
1658 964 1766 994 propter

980 1010 1168 1037 necessitatem
1187 1009 1297 1036 divertit
1310 1029 1317 1039 .
1331 1008 1523 1043 ignoscendum
1550 1011 1592 1033 est
1609 1015 1615 1033 :
1638 1006 1683 1040 qui
1708 1005 1766 1032 sine

980 1056 1024 1083 illa
1041 1061 1131 1083 autem
1152 1055 1353 1082 circumstantia
1367 1055 1394 1082 in
1412 1061 1532 1088 caupona
1551 1053 1704 1084 manducat,
1720 1059 1767 1079 ex-

980 1102 1231 1130 communicandus.
1422 1096 1424 1099 ’

1245 1156 1299 1192 37
1316 1156 1431 1184 canon
1446 1156 1501 1182 ιν.

981 1215 1078 1250 Siquis
1092 1215 1200 1243 clericus
1219 1215 1368 1248 episcopum
1384 1213 1541 1241 contumelia
1566 1213 1692 1248 aﬂ'eceritt
1703 1232 1710 1242 ,
1724 1211 1768 1237 Δει-

1017 1267 1131 1290 υοηαίιιτ
1145 1269 1154 1289 :
1171 1261 1282 1295 vrincipi
1293 1261 1360 1288 enim
1374 1260 1464 1295 populi
1481 1259 1521 1287 tui
1543 1267 1595 1286 non
1618 1258 1770 1285 maledicas.

1277 1361 1394 1391 CANON
1413 1361 1482 1389 LVI.

984 1422 1014 1450 Si
1028 1422 1085 1455 quis
1100 1421 1209 1449 clericus
1237 1421 1415 1455 presbyterum
1442 1418 1481 1446 vel
1502 1418 1642 1445 diaconum
1671 1416 1770 1451 injuria

1218 1468 1345 1502 n/fecerit,
1362 1470 1519 1501 segregelur.

1019 1526 1119 1555 BALS.
1133 1525 1164 1552 lli
1180 1525 1232 1552 duo
1249 1530 1367 1551 canones
1382 1522 1418 1550 55
1433 1527 1460 1549 et
1472 1521 1505 1549 56
1522 1520 1639 1555 puniunt
1658 1519 1771 1552 injurin-

985 1582 1030 1603 sos
1050 1573 1163 1601 clericos
1182 1581 1190 1599 :
1210 1570 1256 1598 sed
1271 1570 1306 1597 55
1328 1568 1393 1596 dicit
1416 1567 1602 1602 deportandum
1629 1564 1770 1594 clericum.

984 1619 1029 1654 qui
1044 1619 1198 1653 episcopum
1226 1615 1324 1650 injuria
1347 1612 1437 1641 aliecit
1475 1612 1509 1639 56
1539 1615 1626 1638 autem
1651 1609 1772 1637 decernit

984 1664 1181 1700 segregandam
1211 1661 1350 1692 clericum,
1365 1659 1410 1694 qui
1435 1658 1632 1694 presbyterum,
1649 1655 1690 1682 rei
1716 1654 1772 1682 dia-

985 1718 1082 1739 conum
1099 1708 1194 1744 injuria
1209 1706 1298 1735 aﬂ‘ecit
1316 1715 1323 1733 :
1342 1705 1420 1740 idque
1439 1704 1502 1739 quia
1530 1703 1656 1737 episeopo
1686 1700 1773 1734 major

986 1758 1074 1785 honor
1085 1755 1208 1783 debetur.
1226 1754 1350 1781 Canones
1360 1751 1468 1786 quidem
1481 1749 1521 1777 sic
1532 1748 1654 1776 dividunt
1671 1746 1772 1780 suppli-

985 1803 1056 1831 cium
1073 1801 1245 1829 insoleutium
1265 1799 1437 1827 clericorum.
1458 1796 1505 1824 Jus
1522 1801 1611 1823 autem
1628 1794 1708 1822 civile
1722 1793 1769 1820 de-

986 1849 1055 1882 ﬁnit,
1071 1846 1201 1883 [quemvis
1228 1845 1352 1879 iniuriam
1381 1843 1522 1870 facientem
1550 1841 1635 1868 notari
1661 1839 1772 1866 infamia

985 1900 1085 1930 praeter
1097 1901 1204 1929 ptenam
1220 1891 1416 1926 pecuniariam.
1434 1889 1565 1917 Existimo
1587 1891 1677 1914 autem
1701 1885 1772 1920 quod

986 1941 1125 1969 infamiam
1140 1938 1262 1973 sequitur
1274 1937 1355 1964 etiam
1368 1935 1512 1970 depositio.

1023 1984 1149 2013 ZONAB.
1165 1983 1311 2012 Pontiﬁces
1321 1983 1347 2009 in
1361 1987 1450 2016 typum
1474 1979 1579 2007 Domini
1604 1977 1688 2006 nostri
1710 1977 1776 2005 Jesu-

986 2032 1088 2061 Christi
1101 2031 1273 2060 exsistentes.
1284 2034 1311 2056 et
1326 2032 1407 2061 caput
1421 2025 1549 2053 Ecclesiae
1572 2023 1693 2058 corporis
1717 2023 1776 2050 exi-

988 2077 1100 2110 stimati,
1119 2075 1221 2109 majore
1235 2074 1317 2102 etiam
1343 2077 1407 2100 sunt
1429 2072 1531 2099 honore
1552 2070 1634 2104 digni.
1653 2069 1775 2103 Quapro-

988 2128 1057 2160 pter,
1076 2123 1121 2157 qui
1134 2121 1236 2156 aliquid
1252 2121 1279 2148 in
1298 2120 1346 2148 hos
1362 2119 1417 2155 agit
1432 2116 1637 2149 contumeliose,
1661 2115 1775 2149 deponi-

990 2176 1045 2198 tur.
1063 2167 1217 2203 Presbyteri
1233 2169 1359 2197 vero.et
1391 2164 1496 2192 diaconi
1521 2169 1651 2191 manuum
1682 2167 1773 2196 typum

989 2220 1115 2251 gerentes
1123 2215 1188 2249 (per
1201 2219 1282 2248 quos,
1303 2212 1332 2239 ut
1347 2218 1394 2246 per
1407 2217 1509 2242 manus,
1523 2207 1669 2244 episcopns
1686 2206 1774 2233 admi-

989 2260 1167 2289 nistrationes
1190 2262 1299 2286 exercet
1327 2256 1527 2285 ecclesiasticas
1545 2255 1555 2290 )
1573 2259 1600 2282 et
1623 2254 1650 2281 hi
1667 2252 1774 2287 quidem

989 2307 1062 2342 digni
1087 2311 1150 2334 sunt
1178 2304 1332 2332 honorari:
1361 2311 1416 2330 non
1450 2308 1539 2329 tamen
1564 2305 1593 2328 ut
1612 2300 1774 2334 episcopus:

989 2361 1040 2382 nec
1051 2353 1122 2380 enim
1144 2351 1249 2385 capitis.
1278 2355 1303 2378 et
1317 2356 1444 2376 manuum
1473 2354 1538 2375 cura
1569 2346 1694 2373 similiter
1727 2345 1776 2370 ha-

990 2399 1077 2427 benda
1093 2401 1142 2426 est.
1155 2397 1325 2431 Quapmpter
1337 2395 1383 2430 qui
1399 2392 1613 2422 contumeliosus
1630 2391 1673 2417 his
1683 2389 1774 2420 fuerit,

991 2445 1081 2473 minus
1092 2444 1210 2480 punitur,
1222 2443 1255 2470 ab
1264 2441 1376 2469 aliorum
1387 2443 1520 2468 conventu
1528 2438 1614 2466 solum
1623 2439 1775 2471 separatus.

1289 2485 1402 2515 CANON
1415 2485 1469 2514 LV.

992 2534 1104 2565 ABlST.
1114 2534 1229 2563 Clericus
1239 2534 1387 2569 episcopum
1401 2530 1558 2559 contumelia
1571 2528 1681 2563 afﬁciens
1698 2525 1776 2559 depo—

1339 2579 1421 2605 nitur.

1278 2622 1392 2652 CANON
1411 2622 1479 2650 LVI.

989 2675 1175 2711 Presbyterum
1199 2672 1237 2702 vel
1254 2672 1392 2699 diaconum
1406 2668 1564 2696 contumelia
1583 2666 1695 2702 αηῖεὶεηε
1731 2672 1774 2691 cx-

1275 2715 1491 2744 communicatur.
