1951 3067
148 121 199 154 173

734 120 775 150 IN
797 120 883 150 CAN.
903 119 1030 150 LXVIII
1051 120 1179 151 APOS'I".

1722 122 1772 154 174

146 179 220 214 ἔχειν
241 177 290 214 τὴν
319 176 488 212 βιασθεῖσαν,
518 176 564 203 καὶ
591 175 628 212 μὴ
645 175 798 211 λαμϐάνειν
823 174 930 209 ἑτέραν,

997 173 1067 209 dque
1082 182 1144 202 cum
1160 175 1202 202 lex
1220 174 1293 202 dicat
1307 175 1332 202 in
1346 175 1416 203 libro
1443 183 1475 203 t.x
1489 195 1495 207 ,
1516 175 1556 203 tit.
1571 175 1606 202 7.7
1621 195 1629 208 ,
1641 184 1700 211 cap.
1725 177 1770 205 8L

147 226 193 252 καὶ
202 225 287 251 ταῦτα
300 224 348 250 τοῦ
364 225 446 258 νόμον
461 223 586 257 λέγοντος
597 224 626 248 ἐν
640 223 735 258 βιϐλίῳ
752 222 784 255 ξ’,
796 221 865 249 τίτλ.
882 221 931 254 λζ’,

148 279 210 305 κεφ.
229 274 285 297 πα’.
307 271 338 296 '0
354 269 515 304 βιασάμενος
535 269 622 304 δκᾶρην
638 269 686 295 καὶ
701 268 817 303 φθείρας
835 267 932 303 αὐτὴν,

149 315 358 351 ρινοκοπείσθω,
371 315 458 346 διδοὺς
474 315 543 350 αὐτῇ
559 315 606 342 καὶ
626 315 656 341 τὺ
678 314 771 350 τρίτον
792 314 842 348 τῆς
867 313 933 340 ὑπο-

148 362 269 392 στάσεως
298 360 392 388 αὑτοῦ.
411 361 505 387 Ἔοικε
538 360 628 386 τοίνυν
650 360 688 391 ὡς
712 359 868 391 ἀκολούθως
894 359 933 394 τῷ

148 408 232 442 τρίτῳ
244 416 306 441 κεφ.
331 407 378 433 τοῦ
394 406 443 438 λζ’,
461 406 549 432 τίτλον
569 406 616 432 τοῦ
648 404 669 439 ξ’
686 405 801 440 βιϐλίου,
825 405 864 440 τῷ
879 405 934 431 διο-

149 453 282 488 ριζομένῳ
300 452 499 487 ἀναγκάζεσθαι
515 451 561 477 τὸν
580 451 650 486 μετὰ
675 451 813 485 σώφρονος
838 459 933 485 γυναι-

149 500 195 528 κὶς
208 498 446 533 παλλακευόμενον
461 499 509 524 καὶ
526 497 566 528 εἰς
582 497 672 532 γάμου
694 497 837 523 κοινωνίαν
865 497 934 532 λαμ-

148 545 240 571 ϐάνειν
262 544 357 578 αὐτὴν,
381 543 429 570 καὶ
453 544 498 569 τὸν
525 543 647 578 παρόντα
683 543 784 569 κανόνα
812 543 933 570 νοεῖσθαι

151 589 199 616 καὶ
226 589 270 615 διὰ
293 588 343 623 τὴν
374 588 434 622 βίαν
463 587 512 622 μὲν
548 586 727 622 ἀφορίζεσθαι
752 589 799 613 τὸν
831 587 933 622 ταύτην

147 635 394 669 πλημμελήσαντα,
411 634 455 660 διὰ
467 634 496 660 δὲ
516 633 565 668 τὴν
582 633 719 668 σωτηρίαν
733 633 783 668 τῆς
797 634 933 668 παρθένου

147 680 352 714 ἀναγκάζεσθαι
371 680 453 706 αὐτὸν
469 679 592 714 νομικῶς
618 679 705 714 ταύτῃ
735 680 931 708 συνάπτεσθαι.

153 726 303 759 Ἀνάγνωθι
321 727 366 753 καὶ
380 726 426 752 τοῦ
445 726 579 760 παρόντος
595 725 783 760 συντάγματος
795 725 883 752 τίτλον
898 725 932 760 θ’,

151 780 214 806 κεφ.
232 772 253 797 λ’
269 773 315 797 καὶ
342 774 375 798 τὰ
391 772 418 797 ἐν
435 771 520 806 αὐτῷ.
546 771 598 797 Καὶ
618 770 722 806 βιϐλίου
739 771 793 798 τῶν
825 772 934 799 Βασιλι-

149 817 204 843 κῶν
222 816 251 849 ξ’,
266 817 354 844 τίτλον
384 820 434 852 νη’,
451 826 513 851 κεφ.
536 815 560 851 γ’
577 817 655 851 λέγον
667 825 674 832 ί
699 818 744 853 Μὴ
760 819 901 853 γαμείσθω
916 819 932 854 ή

148 864 304 898 ἁρπαγεῖσα
321 863 359 897 τῷ
369 863 522 896 ἁρπάζοντε,
538 863 635 898 αὑτήν·
655 863 722 890 ἀλλὰ
742 864 789 890 καὶ
802 865 826 890 εἰ
841 873 933 892 συναι-

148 910 254 937 νέσουσι
267 910 306 945 τῷ
321 910 480 944 συνοικεσὶῳ
500 910 524 935 oi
539 911 627 943 γονεῖς
643 910 739 944 αὐτῆς,
765 911 936 946 περιορίζον-

150 963 205 982 ται.
228 956 283 982 Καὶ
312 955 349 990 μὴ
375 955 523 990 ἐναντιωθῇ
553 963 605 981 σοι.
645 955 750 987 ’Ἄλλως
774 956 830 991 γὰρ
855 957 935 983 κολά-

152 1002 230 1034 ζεται
251 1003 265 1029 ὁ
286 1002 413 1036 ἁρπάσας
441 1002 537 1037 κόρην,
554 1002 601 1043 καὶ
624 1001 715 1033 ἄλλως
739 1003 752 1028 ὁ
776 1003 848 1030 κατὰ
874 1003 936 1038 βίαν

149 1047 264 1082 φθείρας
278 1047 423 1082 παρθένον.
438 1048 492 1074 Καὶ
509 1048 524 1082 ὴ
544 1048 592 1082 μὲν
610 1048 724 1082 ἁρπαγὴ
739 1047 783 1074 διὰ
795 1049 846 1082 τὴν
862 1049 937 1076 ἀναί-

150 1093 223 1119 δειαν
236 1091 282 1118 τοῦ
300 1092 474 1127 ἁρπάσαντος
485 1092 515 1118 οὐ
540 1092 767 1129 συγγινώσκεται·
789 1093 805 1128 ὴ
825 1092 853 1119 δὲ
868 1094 939 1121 κατὰ

152 1136 214 1172 βίαν
229 1137 364 1172 γενομένη
387 1137 487 1170 φθορὰ,
503 1137 550 1163 ἐὰν
566 1136 621 1163 ὑπὸ
642 1137 692 1171 τῆς
710 1137 868 1173 βιασθείσης
888 1147 940 1165 κα-

151 1182 320 1217 ταδέχηται,
360 1182 590 1216 συγγινώσκεται.
631 1182 660 1210 '0
685 1184 776 1218 μέντοι
812 1184 939 1220 παρθένῳ

153 1229 298 1264 συναφθεὶς
325 1229 395 1256 κατὰ
434 1229 547 1264 γνώμην
582 1229 688 1265 ἐκείνης
710 1231 837 1266 ἐτεροίως
855 1239 941 1266 τιμω-

152 1276 251 1309 ρεῖται.
270 1275 339 1310 Φησὶ
353 1275 408 1309 γὰρ
434 1275 448 1301 ὁ
471 1275 555 1309 νόμος
577 1276 606 1301 ἐν
634 1275 728 1311 βιὸλίῳ
752 1276 877 1311 ξ’,τίτλῳ
890 1277 939 1309 λζ’,

152 1329 216 1354 κεφ.
238 1319 267 1347 π’
278 1329 285 1336 ·
308 1321 338 1347 'O
351 1321 480 1356 παρθένῳ
493 1322 562 1357 κόρῃ
577 1321 743 1356 μιγνύμενος
756 1322 863 1357 ἐκείνης
891 1323 942 1359 μὲν

157 1367 331 1401 προαιρέσει,
354 1366 525 1399 ἀγνοούντων
546 1367 574 1393 δέ
588 1367 642 1393 τῶν
666 1368 779 1402 γονέων,
796 1370 847 1403 τῆς
872 1371 943 1404 πρά-

156 1412 224 1445 ξεως
238 1412 504 1447 διαγινωσκομένης,
527 1413 552 1440 et
578 1413 627 1448 μὲν
652 1414 724 1441 θέλει
751 1415 836 1450 αὐτὴν
850 1416 944 1444 λαϐεῖν

154 1457 193 1487 είς
207 1458 336 1490 γυναῖκα,
359 1458 408 1483 καὶ
434 1458 591 1485 συναινοῦσι
604 1460 652 1485 καὶ
667 1460 691 1486 οί
707 1461 808 1494 γονεῖς,
825 1462 943 1494 γινέσθω

984 221 1034 254 Qui
1048 221 1144 256 puella:
1160 221 1213 249 vim
1230 221 1318 254 amart.
1332 226 1359 250 et
1379 229 1438 249 eam
1463 223 1622 256 corrumpit,
1645 223 1670 250 ei
1693 231 1773 251 nares

985 267 1188 298 abscinduntur,
1197 272 1224 294 et
1236 269 1279 295 det
1290 268 1313 295 ei
1326 268 1406 295 etiam
1420 269 1526 296 tertiam
1539 273 1640 302 partem
1659 276 1771 298 suarum

986 311 1155 339 facultatum.
1178 313 1287 340 Videtur
1305 320 1368 348 ergo
1385 313 1429 340 hic
1457 321 1564 349 quoque
1584 321 1674 340 canon-
1693 314 1772 348 intel-‘

984 358 1028 393 ligi
1044 359 1262 386 convenienter?)
1275 359 1354 393 capiti
1371 359 1404 386 57
1417 359 1458 386 tit.
1470 359 1504 386 60
1520 359 1590 390 libri,
1605 354 1772 392 decernenli,I

984 412 1044 431 eum
1061 406 1106 439 qui
1125 413 1185 431 cum
1198 405 1352 432 continente
1365 406 1478 432 muliere
1505 414 1561 433 rem
1591 406 1672 433 habet
1687 425 1694 438 ,
1712 413 1770 434 eam

985 451 1011 477 in
1026 451 1191 478 matrimonii
1211 452 1366 479 societatem
1382 452 1506 487 accipere
1520 461 1527 480 :
1546 456 1572 479 et
1588 457 1699 487 propter
1714 453 1767 481 vim

984 497 1105 532 quidem,
1119 498 1252 532 segregari
1269 505 1329 537 eum
1347 498 1391 532 qui
1407 498 1433 525 in
1445 499 1525 526 istam
1553 499 1693 532 peccavit,
1711 506 1774 532 pro-

984 546 1046 576 pter
1061 542 1174 576 virginis
1189 546 1277 570 autem
1293 543 1405 570 salutem
1424 544 1481 578 cogi
1501 543 1588 578 ipsum
1605 544 1628 571 ei
1653 544 1774 578 legitime

985 587 1116 621 copulari.
1133 587 1203 623 Lege
1220 594 1247 616 et
1263 590 1405 623 praesentis
1419 589 1508 624 operis
1523 590 1564 617 tit.
1580 589 1596 617 9
1610 609 1617 622 ,
1642 597 1702 625 cap.
1727 589 1773 621 50,

984 637 1012 660 et
1023 641 1083 668 qua:
1098 634 1123 661 in
1137 642 1169 661 eo
1185 640 1257 667 sunt.
1274 641 1298 662 et
1317 635 1413 662 librum
1441 635 1550 663 Basilio.
1576 644 1610 663 cx
1627 657 1635 669 ,
1652 637 1693 663 tit.
1719 636 1753 663 58
1766 656 1774 668 ,

985 688 1045 715 cap.
1063 681 1080 709 5
1097 682 1228 709 dicentem
1246 690 1254 709 ε
1270 681 1309 709 Ne
1323 683 1404 709 nnbat
1432 685 1507 717 rapta
1524 684 1548 709 ei
1569 682 1614 716 qui
1643 690 1701 709 eam
1730 690 1775 709 ra-

985 726 1043 762 puit
1061 735 1068 753 :
1083 727 1131 754 sed
1161 727 1183 754 si
1207 727 1252 753 tali
1281 728 1444 754 matrimonii
1463 728 1565 761 copula!
1588 728 1775 755 consenserint

985 773 1044 808 ejus
1060 776 1196 806 parentes,
1218 772 1273 808 44
1288 773 1513 800 cxterminantur.
1530 773 1564 799 Et
1589 781 1622 800 ne
1637 772 1774 801 contraria

985 818 1194 846 existimaveris.
1211 819 1298 845 Aliter
1308 819 1379 846 enim
1398 820 1508 854 punitur
1522 819 1567 854 qui
1586 820 1702 853 puellam
1727 827 1773 846 ra-

987 865 1053 899 puit,
1069 865 1147 891 aliter
1160 865 1204 899 qui
1223 865 1247 891 vi
1261 864 1358 899 virgini
1378 865 1471 892 vitium
1499 866 1598 893 attulit.
1626 866 1657 893 Et
1684 871 1778 900 raptus

986 912 1095 948 quidem
1112 917 1222 946 propter
1235 911 1295 945 ejus
1309 911 1354 946 qui
1371 912 1460 946 rapuit
1479 912 1672 947 impudentiam
1686 931 1694 945 ,
1723 919 1777 939 non

987 958 1168 985 contionatur.
1184 956 1236 984 Per
1247 957 1299 984 vim
1313 961 1402 984 autem
1418 958 1550 992 stupratio
1562 977 1570 990 ,
1588 958 1612 984 si
1635 958 1668 985 ab
1683 965 1715 985 ea
1732 961 1779 989 cui

987 1003 1027 1030 vis
1042 1004 1122 1030 allata
1138 1007 1190 1035 est,
1205 1002 1381 1037 suscipiatur,
1395 1003 1550 1030 remittitur.
1574 1003 1627 1030 Sed
1641 1003 1686 1037 qui
1703 1002 1777 1030 illius

988 1050 1126 1076 voluntate
1141 1056 1201 1075 cum
1220 1048 1323 1083 virgine
1349 1055 1510 1083 congressus
1532 1052 1593 1081 est,
1621 1049 1673 1075 alio
1698 1047 1779 1076 modo

990 1094 1109 1128 punitur.
1125 1093 1169 1120 Ait
1181 1093 1252 1120 enim
1265 1093 1306 1120 lex
1319 1093 1344 1119 in
1361 1092 1428 1120 libro
1443 1101 1476 1119 ιι
1488 1113 1495 1124 ,
1513 1093 1554 1120 tit.
1574 1093 1619 1125 57,
1645 1100 1703 1127 cap.
1720 1093 1755 1120 80
1769 1101 1776 1119 :

990 1140 1116 1174 Quicum
1133 1139 1237 1174 virgine
1256 1139 1343 1173 puella
1357 1139 1431 1171 coiit,
1458 1139 1530 1166 illius
1551 1139 1658 1174 quidem
1685 1139 1780 1166 volun-

992 1190 1056 1218 tate,
1070 1185 1226 1219 parentibus
1239 1188 1328 1211 autem
1347 1183 1545 1219 ignorantibus,
1561 1191 1590 1211 re
1617 1183 1736 1218 cognita,
1755 1183 1778 1211 si

990 1239 1048 1259 eam
1061 1231 1167 1265 quidem
1185 1231 1210 1256 in
1226 1236 1338 1256 uxorem
1356 1228 1455 1256 habere
1467 1229 1593 1262 voluerit,
1605 1233 1633 1256 el
1650 1233 1780 1263 parentes

991 1277 1182 1308 consentiant,
1208 1275 1255 1302 ﬁat
1286 1279 1452 1302 contractus.
1484 1273 1513 1301 Si
1536 1279 1625 1301 autem
1642 1282 1695 1301 una
1717 1282 1780 1309 pars

992 1329 1146 1359 parentum,
1160 1322 1186 1349 id
1205 1326 1246 1349 est
1262 1320 1392 1347 utriusvis
1418 1327 1538 1354 personae
1551 1339 1560 1351 ,
1581 1327 1633 1347 non
1657 1319 1731 1352 velit,
1755 1320 1780 1346 si

993 1371 1067 1398 dives
1082 1369 1188 1404 quidem
1204 1371 1246 1395 est
1261 1366 1307 1400 qui
1322 1365 1417 1393 vitium
1434 1366 1544 1397 attulit,
1564 1365 1670 1393 violata:
1685 1365 1781 1400 puellae

994 1418 1039 1445 det
1053 1423 1132 1444 unam
1147 1414 1205 1442 auri
1222 1413 1329 1441 libram.
1348 1411 1395 1438 Sin
1413 1416 1503 1438 autem
1518 1411 1554 1438 sit
1566 1411 1706 1446 egentior,
1721 1418 1782 1438 sua-

995 1470 1054 1490 rum
1070 1461 1226 1488 facultatum
1242 1458 1383 1486 dimidium
1402 1466 1408 1484 :
1424 1457 1470 1484 sed
1485 1457 1508 1484 si
1537 1457 1563 1485 in
1590 1461 1712 1484 extrema
1744 1457 1781 1484 sit

152 1501 183 1527 τὸ
198 1501 387 1536 συνάλλαγμα·
399 1504 424 1529 εί
434 1503 461 1529 δὲ
478 1503 507 1529 ἓν
516 1503 597 1538 μέρος
611 1503 665 1530 τῶν
675 1505 788 1538 γονέων,
802 1507 939 1535 τουτέστιι

996 1511 1164 1544 paupertate,
1179 1504 1337 1532 verberatus
1350 1507 1377 1530 et
1389 1506 1482 1529 tonsus
1498 1502 1704 1529 exterminetur.

152 1551 284 1586 ἐκατέρου
314 1551 471 1586 προσώπου,
500 1552 531 1578 οὑ
562 1552 681 1589 θελήσει,
697 1555 722 1581 εἰ
743 1555 794 1590 μὲν
817 1555 935 1593 εῡπορός
960 1561 1035 1588 ἐστιν
1064 1555 1216 1592 ὁφθορεὺς,
1238 1555 1271 1588 τῇ
1301 1551 1436 1587 φθαρείσῃ
1469 1551 1563 1577 διδότω
1604 1552 1716 1586 χρυσίου
1741 1551 1783 1578 λί-

152 1607 219 1634 τραν
255 1599 328 1634 μίαν·
362 1601 386 1626 εί
409 1600 438 1626 δέ
464 1600 633 1636 ἐνδεέστερος
649 1603 703 1637 εἴη,
730 1603 762 1630 τὸ
785 1604 871 1638 ἥμισυ
896 1607 947 1642 τῆς
959 1607 1135 1636 ὑποστάσεως
1157 1601 1251 1630 αὑτοῦ.
1280 1601 1311 1627 Ei
1332 1600 1361 1626 δὲ
1389 1599 1529 1630 παντελῶς
1554 1598 1597 1634 εἴη
1619 1598 1783 1634 ἁνεύπορος,

153 1647 319 1682 τυπτόμενος
343 1649 391 1674 καὶ
404 1649 610 1684 κουρευόμενος,
633 1651 806 1686 ἐξοριξέσθω.

189 1696 308 1723 ΖΩΝΔΡ.
330 1695 359 1722 '0
374 1697 508 1732 παρθένον
523 1697 639 1733 φθείρας
657 1698 714 1734 βίᾳ,
733 1700 757 1726 εἰ
771 1701 820 1736 μὲν
837 1711 942 1738 μεμνη-

153 1742 306 1777 στευμένην
330 1743 397 1775 τινὶ,
419 1743 457 1774 ὡς
472 1744 566 1778 μοιχὸς
587 1747 797 1780 τιμωρεῖται-,εί
810 1747 838 1774 δὲ
854 1749 943 1784 ἀμνή-

155 1797 278 1821 στευτον,
313 1788 388 1822 παρὰ
405 1788 454 1823 μὲν
466 1789 513 1815 τοῦ
540 1790 652 1823 κανόνος
678 1792 751 1827 ἐχειν
779 1793 876 1829 αὐτὴν,
895 1795 944 1821 καὶ

157 1834 194 1869 μὴ
225 1833 402 1867 ἀποπέμπειν
431 1834 563 1869 ὁρίζεται,
591 1836 643 1863 κᾶν
662 1838 779 1874 πενιχρὰ
805 1839 867 1875 εἴη,
896 1841 944 1867 καὶ

156 1879 254 1912 ἀναξία
271 1880 336 1911 ἴσως
352 1880 468 1907 ἐκείνου.
492 1881 571 1917 Παρὰ
585 1882 612 1908 δέ
628 1883 676 1909 τοῦ
704 1884 845 1912 πολιτικοῦ
859 1886 942 1922 νόμου

155 1925 243 1955 ἄλλως
259 1927 435 1961 τιμωρεῖται.
778 1944 780 1947 .

155 1972 266 1998 ΔΡΙΣΤ.
292 1973 318 1998 Ὁ
339 1972 528 2007 ,ϐιασάμενος
544 1973 638 2007 κόρην
648 1974 858 2010 ἀφοριζόμενος
874 1985 943 2004 κατ-

214 2017 315 2053 εχέτω,
344 2017 393 2044 καὶ
417 2017 532 2052 ἄπορον
547 2019 644 2053 αὐτὴν
666 2020 878 2055 ὑπάρχουσαν.

196 2063 225 2089 Ὀ
237 2063 402 2097 βιασάμενος
429 2063 563 2098 παρθένον
591 2065 789 2100 ἀμνήστευτον,
808 2067 857 2093 καὶ
875 2076 943 2103 συμ-

156 2107 273 2143 φθαρεὶς
296 2109 376 2143 αὐτῇ,
408 2108 593 2143 ἀφοριζέσθω,
627 2109 665 2145 μὴ
690 2110 794 2142 ἐξέστω
823 2111 852 2138 δὲ
868 2111 944 2147 αὐτῷ

156 2154 253 2189 ἑτέραν
268 2154 372 2187 λαϐεῖν,
389 2154 447 2182 ἀλλ’
466 2155 574 2189 ἐκείνην
591 2156 720 2190 κατέχειν
736 2157 769 2192 ἣν
786 2149 943 2193 ᾑρετίσατο,

156 2199 207 2226 κᾶν
233 2199 350 2241 πενιχρὰ
370 2201 503 2235 τυγχάνῃ.
531 2201 564 2227 Ἦ
583 2201 611 2227 δὲ
635 2201 717 2237 ὀγδόη
747 2203 870 2235 διάταξις
887 2205 945 2239 ὴέν

1032 1699 1159 1729 ZONAR.
1176 1696 1226 1730 Qui
1241 1694 1370 1730 virginem
1382 1694 1409 1721 vi
1423 1694 1553 1728 corrupit,
1567 1693 1590 1720 si
1605 1693 1712 1728 quidem
1725 1693 1782 1728 jam

995 1748 1075 1777 alicui
1093 1747 1265 1780 desponsam,
1283 1742 1367 1769 veluti
1387 1741 1509 1768 mmchus
1526 1740 1635 1774 punitur
1652 1749 1658 1767 :
1675 1741 1715 1768 Sin
1729 1749 1783 1769 non

996 1796 1168 1830 desponsam,
1188 1796 1274 1817 canon
1290 1787 1383 1815 deﬁnit
1407 1786 1478 1814 hunc.
1518 1786 1617 1813 habere
1636 1786 1707 1813 illam
1736 1787 1785 1814 de-

995 1841 1069 1873 bere,
1088 1845 1138 1866 nec
1153 1844 1213 1865 eam
1245 1835 1358 1869 rejicere
1380 1841 1470 1868 posse,
1491 1832 1597 1859 tametsi
1621 1835 1785 1868 paupercula

994 1885 1075 1916 foret,
1101 1883 1201 1917 illoque
1231 1879 1353 1908 lortassis
1380 1878 1499 1913 indigna.
1516 1878 1593 1906 Civili
1622 1883 1710 1906 autem
1726 1879 1785 1914 lego

994 1932 1073 1958 aliter
1088 1929 1207 1964 punitur.

993 1975 1105 2004 ARIST.
1118 1975 1171 2008 Qui
1190 1973 1283 2007 puellm
1307 1973 1358 2000 vim
1381 1972 1509 2004 attulerit,
1524 1971 1783 2002 excommunicatus,

1169 2020 1261 2046 habeat
1275 2025 1297 2045 et
1310 2025 1367 2045 eam
1382 2018 1438 2044 licet
1453 2024 1604 2052 pauperem.

1026 2067 1079 2101 Qui
1095 2065 1193 2100 virgini
1213 2072 1266 2091 non
1292 2064 1431 2098 desponsa:
1452 2063 1505 2089 vim
1521 2062 1653 2096 attulerit,
1671 2069 1786 2097 eamque

994 2109 1438 2144 violaverit,excommunicetur,
1468 2116 1503 2136 ne
1533 2108 1613 2136 liceat
1637 2113 1727 2136 autem
1757 2110 1784 2137 ei

993 2158 1073 2185 aliam
1090 2157 1222 2190 accipere,
1242 2155 1288 2182 sed
1301 2161 1359 2181 eam
1371 2154 1470 2181 habere
1487 2161 1566 2188 quam
1578 2153 1669 2188 elegit,
1686 2161 1783 2188 quam.

996 2205 1041 2230 vis.
1051 2201 1211 2238 paupercula
1233 2201 1278 2227 sit.
1293 2199 1393 2227 Octava
1408 2204 1496 2225 autem
1523 2199 1682 2227 constitutio
1704 2200 1731 2226 in
1751 2199 1786 2227 78

156 2245 196 2280 τῷ
224 2244 265 2280 οη¹
296 2246 437 2280 κεφαλαίῳ
464 2245 512 2272 τοῦ
539 2246 578 2279 λζ’
604 2247 694 2274 τίτλου
722 2248 769 2275 τοῦ
799 2251 822 2282 ξ’
841 2249 939 2284 βιϐλίου

997 2249 1095 2283 capite,
1108 2248 1140 2275 37
1151 2247 1194 2275 tit.
1207 2254 1241 2274 ιχ
1255 2245 1302 2273 lib.
1317 2245 1492 2272 Basilicarum
1508 2245 1606 2279 posita,
1620 2245 1716 2272 statuit
1731 2246 1782 2273 tali

156 2291 211 2317 τῶν
227 2291 380 2318 Βασιλικῶν
409 2292 521 2327 κειμένη
552 2293 718 2328 προστάττει
755 2294 801 2320 τὸν
821 2294 943 2322 τοιοῦτον

159 2336 380 2371 ρινοκοπείσθαι,
406 2338 453 2364 καὶ
483 2339 512 2364 τὸ
540 2338 633 2373 τρίτον
658 2338 709 2374 τῆς
737 2339 832 2371 οὐσίας
853 2341 943 2367 αὑτοῦ

158 2382 258 2408 διδόναι
273 2384 305 2418 τῇ
319 2384 384 2418 παρ’
399 2383 481 2410 αὑτοῦ
497 2384 639 2420 βιασθείσῃ
651 2385 699 2411 καὶ
714 2385 850 2422 φθαρείσῃ
866 2386 945 2421 κόρῃ.

457 2429 576 2455 ΚΛΝΩΝ
592 2430 655 2457 ΞΞΡ.

158 2472 194 2500 EI
222 2481 266 2505 τις
293 2473 460 2506 ἐπίσκοπος
486 2474 505 2508 ἣ
537 2476 740 2509 πρεσϐύτερος
759 2476 778 2510 ἢ
803 2476 948 2509 διάκονος

194 2519 338 2553 δευτέραν
353 2520 540 2554 χειροτονίαν
560 2520 677 2553 δέξεται
697 2522 736 2557 (5)
751 2522 831 2557 παρά
854 2531 945 2556 τινος,

998 2303 1092 2322 nasum
1104 2300 1164 2321 esse
1182 2292 1388 2327 amputandum,
1410 2295 1437 2318 et
1464 2291 1572 2318 tertiam
1598 2295 1701 2325 partem
1726 2292 1787 2319 sub.

997 2340 1104 2368 stantia:
1130 2337 1188 2372 eius
1212 2337 1326 2363 dandam
1355 2335 1451 2370 puella:
1486 2336 1520 2362 ab
1544 2336 1602 2370 ipso
1632 2336 1738 2364 violatae
1759 2342 1786 2365 et

997 2389 1140 2418 corruplzc.
1795 2373 1802 2410 ἱ

1261 2427 1376 2455 CANON
1402 2426 1518 2455 LXVIII.

1000 2476 1031 2504 Si
1045 2476 1102 2511 quis
1118 2476 1261 2509 cpiscopus,
1276 2475 1314 2501 vel
1327 2477 1470 2509 presbyter,
1492 2473 1532 2501 vel
1546 2474 1673 2501 diaconus
1690 2482 1785 2502 secun-

1038 2523 1101 2549 dam
1114 2521 1306 2549 ordinationem
1321 2521 1353 2547 ab
1366 2521 1454 2555 aliqua
1466 2521 1617 2555 susceperit,
1630 2521 1785 2554 deportatur,

767 2593 868 2624 Guill.
891 2594 1052 2632 Beveregu
1069 2585 1172 2623 ιιοιιιδ.⁷

194 2653 231 2688 (5)
251 2651 400 2688 Δευτέρίιν
417 2652 603 2686 χειροτονίαν
627 2652 754 2685 δέξεται.
774 2653 942 2688 Cyprianus,

161 2688 232 2716 Nam
248 2687 406 2720 baptismum
426 2687 504 2721 repeti
525 2687 707 2715 ecclesiastica:
736 2687 873 2720 prohibent
899 2698 943 2716 re-

160 2724 238 2759 θυίων,
253 2728 275 2749 et
305 2723 382 2749 semel
411 2722 584 2759 sancti/iactis
602 2722 676 2759 nulla
702 2724 823 2759 deinceps
850 2732 946 2750 manus

161 2756 255 2786 iterant
268 2765 422 2784 consecrant
449 2757 584 2792 pra'sumit
600 2758 731 2785 accedere.
754 2756 838 2785 Nemo
856 2767 946 2786 sacros

162 2795 267 2821 ordinet
295 2793 375 2819 seruet
398 2795 474 2828 datos
502 2793 595 2818 iterum
619 2798 736 2828 renovat.
755 2794 881 2828 Cyprian.
909 2793 947 2821 De

161 2829 242 2856 nti/ut.
257 2829 326 2861 pett,
338 2835 352 2863 γ
377 2827 474 2862 250,1.
493 2835 580 2862 xxvn,
594 2827 658 2855 edit.
669 2827 854 2856 ManutJSitut
869 2830 948 2856 semet

1000 2654 1149 2686 baptizatus
1163 2652 1259 2679 iterum
1273 2651 1402 2684 baptizari
1421 2658 1472 2676 non
1497 2649 1580 2679 debet,
1603 2649 1645 2686 sig
1660 2653 1684 2675 et
1707 2649 1786 2676 semel

1001 2682 1168 2715 consecratus
1184 2687 1279 2713 iterum
1295 2682 1444 2712 consecrari
1457 2692 1511 2719 non
1522 2689 1614 2716 potest.
1627 2682 1706 2719 Gt‘eg.
1715 2685 1786 2718 apud

1001 2723 1125 2751 Gratian.
1144 2722 1264 2748 distinct.
1281 2719 1326 2752 68,
1346 2727 1406 2754 cap.
1423 2726 1443 2746 ι.
1455 2718 1518 2745 Hac
1542 2723 1631 2745 autem
1650 2718 1686 2744 ita
1703 2719 1785 2746 intel-

1003 2757 1112 2793 ligenda
1143 2760 1272 2793 sumant
1299 2755 1321 2781 is
1347 2755 1434 2793 denuo
1458 2754 1493 2793 ad
1517 2756 1639 2781 eumdem
1664 2754 1787 2782 ordinem

1001 2788 1159 2820 consecrari
1169 2789 1336 2824 nonﬁdcbeat,
1346 2789 1391 2824 qui
1405 2789 1438 2824 ab
1448 2788 1538 2824 aliquo
1550 2793 1726 2816 consecratus
1733 2794 1786 2821 est,

1003 2835 1083 2862 quem
1107 2826 1151 2861 ius
1179 2823 1356 2853 consecrandi
1378 2823 1506 2851 habuisse
1526 2827 1630 2851 certum
1653 2828 1711 2857 est;
1740 2824 1786 2858 qui
