1951 3067
154 138 204 170 173

739 137 780 167 ΙΝ
803 137 889 168 CAN.
909 136 1035 167 LXVIII
1057 137 1185 168 APOST.

1727 139 1777 172 174

152 196 225 230 ἔχειν
246 194 295 230 τὴν
324 193 494 229 βιασθεῖσαν,
523 193 569 220 καὶ
596 192 634 228 μὴ
651 193 803 228 λαμϐάνειν
829 191 936 226 ἑτέραν,

1003 190 1073 225 dque
1088 199 1149 219 cum
1166 192 1207 220 lex
1226 191 1298 220 dicat
1312 192 1337 219 in
1352 191 1422 220 libro
1448 200 1480 220 ιι
1494 212 1501 225 ,
1521 192 1561 220 tit.
1577 193 1611 220 37
1627 212 1634 224 ,
1646 201 1706 228 cap.
1730 195 1776 222 8i.

152 242 293 268 καὶταῦτα
305 241 353 267 τοῦ
369 241 451 274 νόμου
466 240 591 274 λέγοντος
603 241 632 265 ἐν
645 240 741 275 βιϐλίῳ
758 239 790 272 ξ’,
801 238 870 266 τίτλ.
887 238 936 271 λζ’,

153 296 216 321 κεφ.
234 291 291 314 πα’.
313 287 343 313 '0
360 286 521 321 βιασάμενος
540 286 627 321 *κόρην
644 286 691 312 καὶ
706 285 822 320 φθείρας
841 284 937 320 αὐτὴν,

155 332 363 368 ρινοκοπείσθω,
376 332 463 362 διδοὺς
480 333 549 367 αὐτῇ
564 333 611 358 καὶ
632 331 662 358 τὸ
683 331 776 367 τρίτον
797 331 848 365 τῆς
872 330 938 357 ὑπο-

154 379 275 409 στάσεως
304 377 397 405 αὑτοῦ.
417 378 510 404 Ἔοικε
543 377 634 403 τοίνυν
655 377 693 408 ὡς
718 376 873 408 ἀκολούθως
899 376 939 411 τῷ

153 425 237 459 τρίτῳ
250 433 311 458 κεφ.
337 424 383 450 τοῦ
400 423 449 455 λζ’,
466 423 555 449 τίτλου
575 423 621 449 τοῦ
653 421 674 455 ξ’
692 422 806 456 βιϐλίου⁷
831 422 870 458 τῷ
885 422 940 448 διο-

154 470 288 506 ριζομένῳ
305 469 505 503 ἀναγκάζεσθαι
521 469 566 494 τὸν
585 468 655 503 μετὰ
681 468 819 502 σώφρονος
843 476 939 502 γυναι-

155 516 200 545 xl;
214 515 452 550 παλλακευόμεναι
467 515 514 540 καὶ
532 514 572 545 είς
587 514 677 548 γάμου
699 514 842 541 κοινωνίαν
871 514 939 548 λαμ-

153 561 246 587 ϐάνειν
267 561 362 595 αὐτὴν,
387 561 434 586 καὶ
459 561 504 586 τον
530 560 652 594 παρόντα
689 560 790 586 κανόνα
818 560 938 587 νοεῖσθαι

156 606 204 633 καὶ
230 606 275 632 διὰ
298 605 348 639 τὴν
379 605 439 639 βίαν
468 604 518 638 μὲν
553 603 732 638 ἀφορίζεσθαι
758 606 804 631 τὸν
836 603 939 639 ταύτην

153 651 400 686 πλημμελήσαντα,
415 651 459 677 διὰ
473 650 501 677 δὲ
521 650 570 685 τὴν
587 650 724 685 σωτηρίαν
738 651 788 685 τῆς
802 651 938 685 παρθένου

152 697 357 731 ἀναγκάζεσθαι
377 697 458 723 αὑτὸν
474 697 597 731 νομικῶς
624 697 710 731 ταύτῃ
740 697 937 726 συνάπτεσθαι.

158 743 308 776 Ἀνάγνωθι
326 743 371 770 καὶ
385 743 432 768 τοῦ
450 743 584 776 παρόντος
600 742 789 777 συντάγματος
800 743 889 770 τίτλον
904 742 938 777 θ’,

155 797 220 823 κεφ.
237 788 258 814 λ’
275 789 321 814 καὶ
347 790 380 815 τὰ
396 789 423 814 ὲν
440 788 525 823 αὐτῷ.
550 788 604 814 Καὶ
624 787 727 823 βιΰλίου
745 789 799 816 τῶν
830 789 940 816 Βασιλι-

155 834 210 860 κῶν
227 833 256 866 ξ’,
271 834 359 860 τίτλον
389 837 439 869 νη¹,
456 842 518 868 κεφ.
541 833 566 868 γ’
582 834 660 868 λέγον
673 842 680 849 '
703 835 749 870 Μὴ
765 836 906 870 γαμείσθω
921 837 937 871 ἡ

154 881 309 915 ἁρπαγεῖσα
326 880 364 914 τῷ
374 879 527 914 amatam
543 880 640 915 αὐτήν·
660 880 728 907 ἀλλὰ
747 881 794 907 καὶ
807 882 831 908 εἰ
846 890 938 909 συναι-

153 927 260 953 νέσουσι
273 927 312 961 τῷ
327 927 485 961 συνοικεσίῳ
505 927 529 952 οί
544 928 632 960 γονεῖς
648 927 744 961 αὐτῆς,
771 929 941 963 περιορίζον-

155 980 210 999 ται,
233 972 288 998 Καὶ
317 972 354 1007 μὴ
380 972 528 1007 ἐναντιωθῇ
558 980 611 998 σοι.
651 973 755 1004 Ἄλλως
779 973 835 1008 γὰρ
860 974 941 1000 κολά-

157 1019 236 1051 ζεται
257 1020 271 1045 ὁ
292 1019 418 1053 ἁρπάσας
446 1018 543 1054 κόρην,
560 1019 606 1060 καὶ
629 1019 720 1050 ἄλλως
744 1020 757 1045 ὁ
782 1020 853 1046 κατὰ
880 1020 941 1055 βίαν

154 1064 269 1099 φθείρας
283 1064 429 1099 παρθένον.
444 1065 498 1091 Καὶ
514 1066 529 1100 ἡ
549 1065 597 1099 μὲν
615 1065 729 1100 ἁρπαγὴ
745 1065 788 1091 διὰ
800 1065 851 1099 τὴν
867 1066 942 1092 ἀναί-

155 1110 229 1136 δειαν
241 1109 287 1135 τοῦ
305 1110 479 1144 ἁρπάσαντος
491 1109 520 1135 οὐ
545 1109 772 1143 συγγινώσκεται·
794 1110 810 1145 ἡ
830 1110 858 1136 δὲ
873 1111 944 1138 κατὰ

157 1153 219 1188 βίαν
234 1155 369 1189 γενομένη
393 1154 493 1188 φθορὰ,
508 1154 555 1180 ἐὰν
571 1154 626 1180 ὑπὸ
647 1155 697 1189 τῆς
715 1154 873 1190 βιασθείσης
894 1164 945 1182 κα-

155 1199 325 1235 ταδέχηται,
365 1199 595 1232 συγγινώσκεται.
636 1199 665 1227 ’0
691 1201 781 1235 μέντοι
817 1202 944 1237 παρθένῳ

157 1246 304 1280 συναφθεὶς
330 1246 400 1272 κατὰ
438 1246 552 1281 γνώμην
587 1246 693 1282 ἐκείνης
715 1247 842 1283 ἐτεροίως
860 1257 946 1283 τιμω-

157 1293 256 1326 ρεῖται.
275 1291 344 1327 Φησὶ⁸
359 1292 413 1326 γὰρ
439 1292 453 1318 ὁ
476 1292 560 1326 νόμος
583 1293 612 1318 ὲν
639 1292 733 1328 βιϐλίῳ
757 1293 882 1328 ξ’,τίτλῳ
895 1294 944 1326 λζ’,

157 1346 221 1371 κεφ.
243 1336 272 1364 π’
283 1345 290 1352 ·
313 1337 343 1364 '0
357 1337 485 1374 παρθένῳ
498 1339 567 1374 κόρῃ
582 1338 748 1373 μιγνύμενος
761 1339 868 1374 ὲκείνης
896 1340 947 1375 μὲν

162 1383 336 1418 προαιρέσει,
359 1382 530 1416 ἀγνοούντων
551 1384 579 1410 δὲ
592 1384 647 1411 τῶν
671 1385 784 1418 γονέων,
801 1387 851 1421 τῆς
877 1388 948 1422 πρά-

990 238 1039 271 Qui
1053 238 1150 273 puella:
1166 239 1219 266 vim
1236 239 1323 271 alTert,
1337 244 1364 267 et
1384 247 1443 266 eam
1468 241 1627 273 corrumpit,
1650 240 1675 267 ei
1699 247 1779 268 nares

991 284 1193 315 abscindantur,
1203 289 1229 312 et
1241 286 1285 312 det
1295 285 1317 312 ei
1331 285 1411 312 etiam
1425 286 1532 313 leniam
1545 290 1646 319 portent
1665 293 1777 315 suarum

992 328 1161 357 facultatum.
1183 329 1292 357 Videtur
1310 337 1373 364 ergo
1390 330 1435 357 hic
1462 337 1570 366 quoque
1590 338 1680 358 canon-
1698 331 1777 365 intel:

989 375 1034 410 ligi
1050 376 1267 404 eonveuienter5
1280 376 1359 410 capiti
1376 377 1409 403 57
1422 376 1463 403 tit.
1476 376 1509 403 60
1526 377 1596 407 libri.
1611 372 1777 410 decernenti,‘

990 429 1050 448 eum
1066 423 1112 456 qui
1131 430 1190 448 cum
1203 423 1358 450 continente
1371 423 1483 450 muliere
1511 431 1566 450 rem
1596 423 1677 450 habet
1692 443 1699 456 .
1717 430 1776 452 eam

991 468 1016 494 in
1032 468 1197 495 matrimonii
1216 469 1372 496 societatem
1387 469 1511 504 accipere
1525 478 1532 497 :
1551 474 1577 496 et
1593 474 1704 504 propter
1720 470 1772 499 vim

989 514 1110 548 quidem,
1124 515 1258 550 segregari
1274 522 1334 554 eum
1352 515 1397 550 qui
1413 515 1439 542 in
1451 516 1530 543 istam
1558 517 1698 550 peccavit,
1717 523 1779 550 pro-

990 563 1052 597 pter
1067 559 1179 593 virginis
1194 563 1283 587 autem
1298 560 1411 588 salutem
1429 561 1487 595 cogi
1507 560 1593 595 ipsum
1611 561 1633 588 ei
1658 561 1779 595 legitime

990 605 1120 638 copulari.
1139 605 1208 640 Lege
1225 611 1252 633 et
1268 607 1410 640 praesentis
1424 607 1513 641 operis
1528 607 1569 634 tit.
1585 607 1601 634 9
1615 627 1622 639 ,
1647 615 1707 642 cap.
1732 606 1779 638 50,

990 655 1017 677 et
1029 657 1088 685 qua:
1103 651 1128 678 in
1142 659 1174 678 eo
1190 657 1262 684 sunt,
1280 657 1304 679 et
1322 653 1418 680 librum
1447 652 1556 680 Basilic.
1581 661 1615 680 ωε
1632 674 1640 686 ,
1658 655 1699 680 tit.
1724 653 1758 680 58
1771 673 1779 686 ,

990 705 1051 732 cap.
1068 699 1085 725 5
1101 699 1233 726 dicentem
1251 707 1259 726 :
1275 698 1314 726 Ne
1328 700 1409 726 nnbat
1437 703 1513 734 rapta
1529 701 1553 726 ei
1575 699 1619 734 qui
1648 707 1707 726 eam
1735 707 1780 726 ra-

991 744 1048 779 puit
1067 744 1136 771 :sed
1166 744 1188 771 si
1212 743 1258 770 tali
1287 745 1449 771 matrimonii
1468 745 1570 778 copulae
1593 744 1780 773 consenserint

990 790 1050 825 ejus
1066 793 1201 823 parentes,
1223 789 1278 825 44
1293 791 1518 817 exterminautur.
1535 790 1569 817 Et
1594 798 1627 817 ne
1642 788 1780 818 contraria

990 835 1199 863 existimaveris.
1216 835 1302 862 Aliter
1313 836 1384 863 enim
1403 837 1513 870 punitur
1527 836 1572 871 qui
1592 837 1707 870 puellam
1733 845 1778 864 ra-

992 882 1058 916 puit.
1075 882 1151 909 aliter
1165 882 1209 916 qui
1229 882 1252 909 vi
1267 881 1363 916 virgini
1383 883 1476 910 vitium
1504 883 1603 910 attulit.
1631 883 1663 910 Et
1689 888 1783 918 raptus

991 929 1100 964 quidem
1117 934 1227 963 propter
1241 928 1300 962 ejus
1314 929 1359 963 qui
1376 929 1465 963 rapuit
1484 929 1677 964 impudentiam
1692 949 1699 962 ,
1728 937 1782 956 non

992 975 1173 1002 condonatur.
1188 973 1241 1001 Per
1252 975 1304 1001 vim
1318 979 1407 1001 autem
1423 975 1555 1009 stupratio
1567 995 1575 1007 ,
1593 975 1616 1002 si
1640 975 1673 1002 ab
1688 982 1720 1002 ea
1738 978 1784 1006 cui

992 1021 1032 1048 vis
1047 1021 1127 1047 allata
1143 1024 1195 1053 est,
1211 1019 1386 1055 suscipiatur,
1401 1020 1555 1048 remittitur.
1579 1020 1632 1047 Sed
1646 1021 1691 1055 qui
1709 1020 1782 1047 illius

993 1066 1131 1093 voluntate
1147 1073 1206 1092 cum
1226 1065 1328 1100 virgine
1354 1072 1516 1100 congressus
1537 1069 1598 1098 est,
1626 1066 1678 1092 alio
1703 1065 1784 1093 modo

995 1111 1114 1146 punitur.
1129 1111 1174 1137 Ait
1186 1110 1257 1137 enim
1270 1110 1311 1137 lex
1324 1110 1349 1136 in
1365 1109 1433 1137 libro
1448 1118 1481 1136 ιχ
1493 1130 1500 1141 ,
1518 1111 1559 1138 tit.
1579 1111 1624 1143 37,
1650 1117 1708 1144 cap.
1725 1110 1760 1138 80
1775 1119 1782 1136 :

995 1157 1122 1191 Quicum
1139 1156 1242 1191 virgine
1262 1156 1348 1190 puella
1362 1155 1437 1188 coiit,
1463 1156 1535 1183 illius
1556 1157 1663 1191 quidem
1691 1156 1784 1183 volun-

997 1208 1061 1235 tate,
1075 1202 1231 1236 parentibus
1244 1206 1333 1228 autem
1352 1201 1550 1236 ignorantibus,
1566 1208 1595 1228 re
1622 1200 1741 1236 cognita,
1760 1201 1783 1228 si

995 1256 1053 1276 eam
1066 1248 1172 1282 quidem
1190 1248 1215 1274 in
1231 1254 1343 1274 uxorem
1361 1246 1460 1273 habere
1473 1246 1599 1279 voluerit,
1611 1251 1638 1273 et
1655 1251 1784 1280 parentes

996 1294 1188 1325 consentiant,
1213 1293 1259 1319 liat
1291 1296 1457 1320 contractus.
1490 1291 1518 1318 Si
1541 1296 1630 1318 autem
1647 1299 1700 1318 una
1722 1299 1785 1326 pars

997 1346 1151 1376 parentum,
1165 1339 1191 1366 id
1210 1343 1251 1366 est
1267 1338 1397 1365 utriusvis
1423 1344 1543 1372 persona:
1557 1356 1564 1369 .
1586 1345 1638 1365 non
1662 1337 1736 1369 velit,
1761 1337 1785 1364 si

998 1388 1072 1416 dives
1087 1386 1193 1421 quidem
1209 1389 1251 1412 est
1266 1384 1312 1418 qui
1327 1383 1422 1410 vitium
1439 1383 1530 1410 attulit
1542 1403 1549 1414 ,
1569 1383 1675 1410 violata:
1690 1382 1786 1418 puella:

161 1429 228 1462 ξεως
243 1429 509 1464 διαγινωσκομένης,
532 1431 556 1456 εί
582 1430 632 1465 μὲν
657 1431 729 1458 θέλει
756 1433 841 1468 αὐτὴν
855 1433 944 1461 λαϐεῖν

999 1435 1044 1462 det
1058 1440 1137 1460 unam
1153 1431 1210 1459 auri
1227 1431 1334 1458 libram.
1353 1428 1400 1456 Sin
1418 1433 1508 1456 autem
1523 1429 1559 1456 sit
1571 1429 1710 1464 egentior,
1725 1436 1787 1456 sua-

159 1474 198 1505 είς
212 1475 342 1507 γυναῖκα,
364 1475 413 1500 καὶ
438 1475 596 1502 συναινοῦσι
609 1477 656 1502 καὶ
671 1477 696 1503 oi.
712 1478 812 1510 γονεῖς,
830 1479 944 1511 γινέσθω

1000 1487 1059 1507 rum
1075 1478 1231 1506 facultatum
1248 1475 1388 1503 dimidium
1407 1483 1413 1501 :
1429 1475 1475 1501 sed
1490 1475 1513 1502 si
1542 1475 1568 1503 in
1595 1479 1717 1502 extrema
1748 1475 1786 1502 sit

157 1518 188 1544 τὸ
203 1519 392 1553 συνάλλαγμα·
404 1521 428 1546 ει
439 1520 466 1546 δὲ
483 1520 512 1546 ἓν
521 1519 602 1555 μέρος
616 1520 670 1547 τῶν
679 1522 793 1555 γονέων,
808 1524 944 1552 τουτέστιν

1001 1528 1170 1562 paupertate,
1184 1522 1342 1550 verberatus
1355 1524 1382 1546 et
1394 1524 1487 1546 tonsus
1503 1519 1709 1547 exterminetur.

157 1567 289 1603 ἑκατέρου
319 1568 475 1602 προσώπου,
505 1569 535 1595 οὐ
567 1569 686 1606 θελήσει,
702 1571 727 1598 εί
748 1572 798 1607 μὲν
822 1572 940 1610 εὕπορός
965 1578 1040 1605 ἐστιν
1069 1572 1221 1609 ὸφθορεὺς,
1243 1572 1276 1606 τῇ
1306 1569 1441 1604 φθαρείσῃ
1474 1569 1568 1595 διδότω
1609 1569 1720 1604 χρυσίου
1745 1569 1788 1596 λί-

157 1624 224 1651 τραν
260 1617 333 1651 μίαν·
367 1617 391 1643 εί
414 1616 443 1643 δὲ
469 1617 638 1653 ἐνδεέστερος
653 1619 708 1654 εῐη,
735 1620 766 1646 τὸ
790 1621 876 1655 ἥμισυ
902 1625 952 1659 τῆς
964 1624 1140 1653 ὑποστάσεως
1162 1619 1256 1647 αὑτοῦ.
1285 1618 1315 1644 Εἰ
1337 1617 1366 1643 δὲ
1393 1616 1533 1648 παντελῶς
1559 1616 1602 1651 εῐη
1624 1615 1786 1652 ἀνεύπορος,

157 1664 324 1699 τυπτόμενος
348 1665 395 1692 καὶ
409 1666 614 1701 κουρευόμενος,
638 1668 811 1703 ἐξοριζέσθω.

193 1713 313 1740 ΖΩΝΔΡ.
335 1713 364 1739 '0
379 1713 512 1748 παρθένον
528 1713 644 1750 φθείρας
662 1715 719 1751 βίᾳ,
738 1717 761 1743 εἰ
776 1718 825 1753 μὲν
842 1728 947 1756 μεμνη-

159 1759 311 1794 στευμένην
336 1760 402 1792 τινὶ,
424 1760 462 1790 ὠς
477 1761 571 1795 μοιχὸς
591 1764 763 1797 τιμωρεῖται·
774 1764 802 1795 Δεί
815 1765 843 1790 δὲ
859 1766 948 1801 ἀμνή-

160 1813 283 1837 στευτον,
318 1804 393 1839 παρὰ
410 1805 459 1840 μὲν
471 1806 518 1832 τοῦ
545 1807 656 1840 κανόνος
682 1809 756 1844 ἔχειν
784 1810 881 1846 αὐτὴν,
900 1812 949 1838 καὶ

162 1851 199 1886 μὴ
230 1850 406 1884 ἀποπέμπειν
436 1851 568 1886 ὁρίζεται,
596 1853 648 1880 κᾶν
667 1855 784 1890 πενιχρὰ
809 1856 871 1892 εἴη,
901 1858 949 1885 καὶ

161 1896 258 1928 ἀναξία
275 1897 340 1928 ἴσως
357 1897 473 1924 ἐκείνου.
497 1898 576 1934 Παρᾶ
590 1899 617 1925 δὲ
632 1900 681 1927 τοῦ
709 1901 850 1929 πολιτικοῦ
864 1903 948 1939 νόμου

160 1942 248 1972 ἄλλως
264 1943 440 1978 τιμωρεῖται.
782 1961 785 1964 .

159 1988 270 2015 ΔΡΙΣΤ.
297 1989 323 2014 Ὁ
344 1989 532 2024 βιασάμενος
549 1990 642 2024 κόρην
653 1991 863 2028 ἀφοριζόμενος
879 2002 948 2022 κατα

219 2034 320 2069 εχέτω,
349 2035 397 2061 καὶ
422 2034 536 2069 ἄπορον
552 2036 649 2070 αὐτὴν
671 2038 883 2073 ὑπάρχουσαν.

201 2080 229 2106 '0
241 2080 406 2114 βιασάμενος
433 2079 568 2115 παρθένον
596 2081 794 2117 ἁμνήστευτον,
813 2085 861 2111 καὶ
879 2093 948 2120 συμ-

160 2125 277 2159 φθαρεὶς
301 2125 381 2159 αὐτῇ,
413 2125 598 2160 ἀφοριζέσθω,
632 2126 670 2162 μὴ
695 2127 799 2160 ἐξέστω
828 2128 857 2155 δὲ
874 2129 948 2164 αὑτῷ

161 2171 257 2205 ἑτέραν
272 2170 377 2204 λαϐεῖν,
394 2171 452 2198 ἀλλ’
471 2172 579 2206 ἐκείνην
596 2173 725 2208 κατέχειν
741 2174 774 2209 ῆν
791 2166 948 2210 ᾔρετίσατο,

161 2216 212 2242 κᾶν
238 2216 354 2258 πενιχρά
375 2218 508 2252 τυγχάνῃ.
536 2218 569 2244 'H
588 2218 616 2244 δὲ
640 2219 721 2255 ὀγδόη
751 2220 874 2252 διάταξις
892 2222 950 2256 ὴὲν

1037 1715 1165 1746 ZONAR.
1181 1713 1231 1747 Qui
1245 1712 1374 1747 virginem
1387 1711 1413 1738 vi
1428 1711 1558 1745 corrupit,
1572 1711 1595 1738 si
1610 1710 1717 1745 quidem
1730 1710 1787 1745 jam

1000 1765 1080 1794 alicui
1098 1765 1270 1797 desponsam,
1288 1759 1372 1786 veluti
1392 1759 1514 1786 mmelms
1531 1758 1640 1792 punitur
1657 1767 1663 1786 :
1679 1759 1720 1786 sin
1734 1767 1788 1786 non

1001 1813 1173 1847 desponsam,
1193 1813 1279 1834 canon
1295 1804 1388 1832 deﬁnit
1412 1804 1483 1831 hunc.
1524 1804 1622 1830 habere
1641 1803 1712 1831 illam
1741 1805 1789 1831 de<

1000 1858 1074 1890 bere,
1093 1863 1144 1883 nec
1158 1861 1218 1882 eam
1250 1851 1362 1886 rejicere
1384 1858 1475 1885 posse,
1496 1850 1602 1877 tametsi
1625 1853 1790 1885 paupercula

999 1903 1080 1934 foret.
1105 1901 1206 1934 illoque
1236 1896 1358 1925 lortassis
1385 1895 1504 1931 indigna.
1520 1895 1598 1923 Civili
1627 1901 1715 1924 autem
1731 1897 1789 1932 lege

999 1949 1078 1976 aliter
1093 1947 1211 1981 punitur.

998 1992 1110 2021 ARIST.
1123 1991 1176 2025 Qui
1195 1990 1288 2024 puella:
1312 1990 1363 2017 vim
1385 1989 1514 2021 attulerit,
1529 1989 1787 2020 excommunicotus,

1173 2037 1266 2063 habeat
1279 2042 1302 2062 et
1315 2042 1372 2062 eam
1387 2035 1443 2061 licet
1458 2042 1608 2069 pauperem.

1031 2084 1083 2118 Qui
1100 2083 1197 2118 virgini
1217 2089 1270 2108 non
1297 2081 1436 2115 desponsae
1457 2080 1510 2106 vim
1527 2080 1657 2113 attulerit,
1675 2087 1790 2115 eamque

999 2126 1443 2161 violaverit,exeommunicetur,
1473 2133 1508 2153 ne
1538 2125 1617 2153 liceat
1642 2130 1732 2153 autem
1762 2127 1788 2154 ei

998 2175 1077 2203 aliam
1094 2174 1227 2207 accipere,
1246 2172 1293 2199 sed
1306 2179 1364 2198 eam
1375 2171 1476 2198 habere
1492 2178 1571 2205 quam
1583 2170 1674 2205 elegit,
1690 2179 1788 2205 quam-

1000 2221 1046 2248 vis,
1056 2218 1216 2254 paupercula
1237 2218 1282 2244 sit.
1298 2217 1398 2244 Octava
1413 2221 1501 2243 autem
1528 2216 1687 2244 coristitutio
1708 2217 1736 2244 in
1756 2217 1791 2245 78

160 2262 200 2297 τῷ
229 2262 269 2297 οη¹
300 2263 442 2298 κεφαλαίῳ
469 2263 517 2290 τοῦ
544 2263 583 2296 λζ’
608 2264 699 2291 τίτλον
726 2265 774 2292 τοῦ
804 2268 827 2299 ξ’
846 2266 944 2301 βιϐλίου

1001 2267 1100 2301 capite,
1113 2266 1145 2292 57
1156 2265 1198 2292 tit.
1212 2271 1245 2291 ut
1259 2263 1306 2290 lib.
1321 2262 1498 2289 Basilicarum
1513 2262 1611 2296 posita,
1625 2263 1721 2290 statuit
1736 2263 1786 2290 tali

161 2308 215 2334 τῶν
231 2308 385 2335 Βασιλικῶν
414 2310 526 2344 κειμένη
557 2311 723 2345 προστάττει
759 2311 805 2337 τὸν
825 2311 948 2339 τοιοῦτον

164 2353 385 2388 ῥινοκοπεῖσθαι,
412 2355 458 2381 καὶ
487 2356 517 2381 τὸ
545 2355 638 2390 τρίτον
663 2356 714 2391 τῆς
741 2357 837 2388 οὐσίας
857 2357 948 2384 αὑτοῦ

162 2399 262 2425 διδόναι
277 2401 309 2435 τῇ
324 2401 389 2435 παρ’
404 2401 486 2428 αὐτοῦ
502 2401 644 2438 βιασθείσῃ
655 2401 704 2428 καὶ
718 2402 855 2439 φθαρείσῃ
870 2403 949 2438 κόρῃ.

462 2446 580 2473 ΚΔΝΩΝ
597 2447 660 2474 EH'.

162 2490 199 2517 El
227 2498 271 2522 τις
298 2490 464 2523 ἐπίσκοπος
491 2491 510 2526 ἢ
541 2493 745 2526 πρεσϐύτερος
764 2493 783 2527 ἢ
808 2493 952 2526 διάκονος

199 2536 342 2570 δευτέραν
357 2537 545 2571 χειροτονίαν
564 2538 682 2571 δέξεται
702 2539 740 2574 (3)
756 2539 836 2573 παρά
859 2548 950 2572 τινος,

1002 2319 1097 2340 nasum
1109 2317 1169 2338 esse
1187 2309 1392 2344 amputandum,
1415 2312 1442 2335 et
1468 2308 1577 2335 tertiam
1602 2312 1706 2342 partem
1731 2309 1792 2337 sub-

1002 2357 1108 2385 stantiae
1135 2354 1193 2388 eius
1217 2354 1331 2380 dandam
1360 2352 1456 2388 puella:
1491 2353 1525 2380 ab
1549 2353 1607 2387 ipso
1638 2353 1742 2382 violattn
1764 2359 1790 2382 et

1002 2406 1144 2436 corruptas.

1266 2444 1381 2472 CANON
1407 2443 1523 2472 LXVIII.

1004 2493 1035 2521 Si
1049 2493 1107 2528 quis
1123 2493 1266 2526 cpiscopus,
1280 2491 1318 2518 vel
1332 2494 1474 2526 presbyter,
1497 2490 1536 2518 uel
1551 2492 1677 2518 diaconus
1695 2500 1790 2519 secun-

1043 2540 1105 2566 dant
1119 2538 1310 2566 ordinationem
1325 2538 1357 2564 ab
1371 2538 1459 2572 aliquo
1471 2538 1621 2572 susceperit,
1635 2538 1790 2572 deponatur,

772 2610 873 2641 Guill.
896 2611 1057 2649 Beveregu
1073 2602 1176 2640 notaaI

199 2670 235 2705 (5)
256 2668 405 2705 Δευτέριιν
421 2669 608 2702 χειροτονίαν
631 2669 759 2702 δέξεται.
778 2670 947 2705 Cyprianus,

165 2705 237 2733 Nunt
252 2704 410 2737 baptismum
432 2704 509 2737 repeti
530 2704 712 2732 ecclesiasticae
740 2704 878 2737 prohibent
904 2715 947 2733 re-

165 2741 242 2776 gulce,
258 2745 280 2765 et
309 2739 387 2766 semel
416 2739 588 2776 sanctiﬁcatio
606 2739 681 2776 nulla
706 2741 827 2776 deinceps
855 2749 950 2767 manus

166 2773 259 2803 iterant
272 2782 427 2801 consecrant
453 2774 588 2808 pra'sumit
605 2775 736 2802 accedere.
759 2773 843 2802 Ne’mo
861 2784 951 2803 sacros

167 2811 271 2837 ordinet
300 2809 478 2845 sentelﬂdatos
506 2810 599 2835 iterant
623 2815 740 2845 renovat.
759 2810 886 2845 Cyprian.
914 2811 952 2838 De

165 2846 247 2872 ablui.
262 2846 331 2878 pett.,
343 2851 357 2879 γ
382 2844 447 2878 250.
460 2844 479 2871 l.
497 2851 585 2878 xxvu,
599 2844 662 2872 edit.
673 2844 858 2874 Manut.Siznt
874 2847 952 2874 temel

1005 2671 1153 2703 baptizatus
1168 2669 1263 2696 iterant
1278 2667 1407 2701 baptizari
1426 2675 1477 2693 non
1501 2667 1585 2697 debet,
1607 2665 1650 2703 sic
1665 2670 1689 2692 et
1712 2667 1791 2694 cernet

1005 2700 1172 2732 consecratus
1188 2703 1283 2730 iterum
1300 2700 1448 2729 consecrari
1460 2709 1516 2736 non
1526 2705 1619 2733 potest.
1631 2700 1711 2736 Greg.
1720 2703 1791 2735 apud

1005 2739 1130 2768 Gratian.
1148 2739 1269 2766 distinct.
1285 2737 1331 2769 68,
1351 2744 1410 2771 cap.
1428 2743 1447 2763 I.
1460 2735 1522 2763 Haec
1546 2740 1635 2762 autetu
1654 2735 1694 2762 ita
1708 2736 1790 2763 intel-

1007 2774 1117 2810 ligenda
1148 2777 1276 2810 eruntaut
1304 2773 1326 2799 is
1351 2772 1439 2810 denuo
1463 2771 1497 2810 a__d
1522 2774 1644 2797 eumdem
1668 2772 1792 2799 ordinem

1006 2805 1164 2836 consecrari
1174 2807 1341 2842 nonﬁdebeat,
1351 2806 1396 2842 qui
1409 2806 1442 2842 ab
1453 2805 1542 2842 aliquo
1555 2811 1731 2833 consecratus
1738 2811 1791 2839 est,

1007 2852 1088 2880 quem
1112 2843 1156 2878 ius
1183 2842 1360 2871 consecrandi
1383 2841 1510 2869 habuisse
1531 2845 1635 2868 eertum
1657 2846 1716 2874 est;
1744 2841 1791 2875 qui
