1951 3067
170 121 222 153 179

793 121 844 150 ΤΠ
850 114 933 150 EOD.
956 120 1156 151 BALSAMON

1739 116 1791 148 iSl)

169 177 255 212 ceptis
273 177 306 205 iis
323 179 357 206 de
371 178 469 213 quibus
497 178 577 205 verba
605 183 668 204 ante
699 178 821 213 fecimus)
849 178 950 205 etiamsi

1010 177 1122 213 σκευὴν,
1135 177 1200 205 ἄνευ
1216 174 1253 203 ὧν
1265 176 1417 212 εἰρήκαμεν
1433 175 1599 211 ἔμπροσθεν.
1617 174 1668 201 κᾶν
1684 175 1717 201 τὰ
1735 175 1792 200 λοί-

170 231 322 252 extremum
339 224 462 259 spiritum
480 229 552 259 agat.
574 223 707 251 Similiter
728 224 823 259 excipe
841 224 906 251 mihi
926 228 953 250 et

170 277 205 297 ex
241 269 467 304 Quadragesima,
498 269 627 303 Sabbata,
655 274 683 298 et
705 270 762 298 dies
787 270 953 298 Dominicos.

169 316 237 343 Nam
253 317 323 343 etin
348 315 389 342 his
412 316 495 342 etiam
522 316 658 352 jnjunium
681 316 822 347 solvimus.
843 321 871 344 ut
899 316 957 343 vult

171 362 334 396 apostolicus
349 369 436 388 canon
453 362 498 389 66.
514 362 582 390 Nota
598 368 625 390 et
641 371 673 390 ex
699 363 751 391 hoc
767 364 892 398 praesenti
909 371 956 390 ea-

170 415 241 434 none
261 408 369 441 proprie
391 415 474 435 unum
489 416 550 436 esse
563 409 696 443 jejunium
724 410 956 445 quadragesimale

138 487 148 493 Ν
169 452 290 480 Past-hze.
309 453 336 480 Si
350 453 422 480 enim
438 459 531 482 essent
545 460 571 482 et
585 455 648 487 alia,
665 463 759 483 eorum
776 463 862 484 canon
880 463 953 492 quo-

170 505 223 532 que
239 499 420 527 meminisset.
439 499 491 527 Sed
507 506 534 528 et
552 501 574 529 si
589 501 614 528 in
635 501 697 529 aliis
726 502 823 537 jejunii
848 503 955 537 diebus,

170 546 276 574 scilicet
294 551 452 574 sanctorum
467 549 663 582 apostolorum,
689 549 867 578 Dormitionis
891 559 956 578 san-

169 590 300 619 ctissime
311 592 444 626 Deiparte,
459 599 486 620 et
499 592 603 622 Natalis
614 594 955 630 Christi.jejunaverimus,

170 637 274 671 pudore
288 645 340 665 non
358 638 516 666 alliciemur.
533 639 603 674 Lege
613 645 640 666 et
653 647 712 674 quae
727 648 741 668 ει
754 642 833 669 nobis
855 643 955 677 scripta

169 687 234 710 sunt
273 683 300 710 in
338 685 444 711 tertiam
474 685 713 719 interrogationem
748 688 954 722 responsionum

170 727 339 761 synodalium
356 729 489 756 factarum
507 730 532 756 in
557 730 652 758 diebus
677 731 839 766 patriarchze
853 733 955 760 domini

168 771 282 801 Nicolai.

206 863 333 893 ZONAR.
353 865 433 894 Omni
451 869 531 895 modo
547 876 633 896 canon
656 870 781 905 requirit,
808 875 837 897 ut
861 870 953 897 ﬁdeles

170 915 251 944 agant
267 910 293 937 in
306 911 410 946 jejunio
428 919 549 941 sanctam
572 913 683 942 Pascha!
701 914 952 949 Quadragesimam,

170 959 197 982 et
215 957 428 992 uniuscujusque
443 964 602 986 ca-lerarnm
624 960 855 988 hebdomadarum
881 961 952 989 diem

170 1006 309 1035 quartum,
327 1009 407 1038 atque
424 1005 589 1033 Parasceven
610 1016 616 1033 :
636 1007 685 1034 nisi
701 1007 760 1042 quis
777 1007 812 1035 ob
825 1007 951 1036 imbecil-

169 1045 274 1074 litatem
288 1049 410 1083 corporis
423 1049 546 1085 jejunare
560 1059 612 1078 non
631 1053 724 1086 possit.
740 1052 806 1079 Nam
820 1054 952 1088 jejunium

168 1090 220 1119 fuit
234 1092 428 1126 introductum,
458 1096 490 1123 ad
513 1097 726 1124 humiliationem
754 1099 855 1126 carnis.
878 1099 953 1133 Quod

167 1137 191 1164 li
207 1145 271 1166 caro
285 1141 390 1173 morbo,
408 1141 449 1169 vel
470 1142 559 1177 aliqua
578 1144 629 1170 alia
656 1143 814 1172 inﬁrmitate
838 1146 952 1180 laboret,

168 1182 212 1210 illa
228 1192 260 1211 ex
274 1184 376 1220 jejunio
394 1187 546 1215 hutuiliatio
563 1196 614 1215 non
626 1195 668 1216 est
685 1192 850 1219 necessaria.
873 1191 951 1220 Hunc

169 1233 258 1256 autem
274 1238 405 1260 canonem
422 1241 475 1260 non
490 1234 677 1268 observantes,
695 1242 870 1265 consecratos
891 1239 953 1272 qni-

167 1275 227 1302 dem
247 1277 344 1311 deponi
361 1287 446 1306 canon
471 1280 557 1315 jubet,
585 1281 667 1309 laicos
683 1287 772 1309 autem
797 1291 953 1311 excommu~

167 1320 265 1348 nicari.
294 1322 445 1351 Notandum
477 1325 558 1359 igitur
586 1326 656 1360 quod
684 1327 777 1354 eodem
804 1329 831 1355 in
860 1329 954 1357 ordine

169 1371 256 1393 canon
275 1368 360 1401 ponit,
375 1374 496 1396 sanctam
519 1369 631 1398 Pasehaa
653 1370 901 1409 Quadragesirnam,
928 1379 954 1402 et

167 1418 290 1446 quartam
309 1413 413 1448 feriam,
438 1421 465 1444 et
479 1416 658 1446 Parasceven.

1008 225 1070 252 σΘια
1086 224 1165 260 πνέῃ⁴
1188 224 1326 255 Ὡσαύτως
1339 223 1453 256 ὑπέξελέ
1470 231 1515 257 μοι
1532 222 1579 248 καὶ
1599 222 1653 248 ἀπὸ
1666 221 1715 255 τῆς
1725 221 1793 247 Τεσ-

1008 270 1254 306 σαρακονθημέρου
1279 269 1313 296 τὰ
1344 269 1472 296 Σάϐϐατα
1499 268 1547 295 καὶ
1568 267 1618 298 τὰς
1641 267 1790 302 Κυριακάς.

1007 316 1187 352 Καταλύομεν
1209 316 1265 352 γὰρ
1292 316 1393 351 ὁμοίως
1410 315 1456 342 καὶ⁸
1482 315 1522 346 είς
1539 314 1640 344 ταύτας
1661 314 1733 340 κατὰ
1747 313 1792 339 τὸν

1008 362 1050 396 Eg’
1079 363 1257 390 ἀποστολικδν
1292 361 1402 388 κανόνα.
1430 360 1587 395 Σημεῑωσαι
1617 358 1713 385 δὲκαὶ
1737 358 1792 384 ἀπὸ

1007 410 1053 436 τοῦ
1069 409 1201 444 παρόντος
1221 408 1334 439 κανόνος
1347 408 1388 434 ὅτι
1408 406 1512 441 κυρίως
1525 406 1573 441 μία
1588 405 1792 439 ἐστὶνννηστεία

1007 457 1024 491 ἡ
1041 454 1339 491 Τεσσαρακονθήμερος
1362 454 1379 488 ἠ
1403 453 1450 479 τοῦ
1476 453 1590 488 Πάσχα·
1608 453 1631 478 εἰ
1651 451 1706 486 γὰρ
1721 449 1792 486 ἦσαν

1007 502 1053 528 καὶ
1062 501 1152 534 ἄλλαι,
1166 499 1289 536 ἐμνήσθη
1302 500 1336 527 ἃν
1352 500 1398 526 καὶ
1412 498 1515 525 τούτων
1526 499 1539 524 ὁ
1551 497 1650 529 κανὼν,
1663 496 1731 531 πλὴν
1744 497 1791 523 καὶ

1007 548 1076 574 κατὰ
1092 547 1140 580 τὰς
1154 547 1237 578 ἄλλας
1253 546 1412 580 νηστίμους,
1429 545 1513 580 ἤγουν
1529 543 1583 569 τῶν
1602 543 1688 577 ἁγίων
1703 543 1790 569 Ἀπο-

1008 595 1119 625 στόὶων,
1135 594 1183 620 καὶ
1197 593 1245 628 τῆς
1255 593 1420 627 Κοιμήσεως
1431 592 1480 626 τῆς
1495 590 1575 624 ἁγίας
1585 589 1728 620 Θεοτόχου,
1743 588 1791 614 καὶ

1006 640 1055 674 τῆς
1070 640 1222 673 γεννήσεως
1238 637 1285 664 τοῦ
1311 636 1440 671 Χριστοῦ,
1460 634 1647 669 νηστεύοντες,
1672 635 1721 661 οὐκ
1746 635 1791 660 αι-

1008 685 1174 720 σχυνὸμεθα.
1199 684 1368 718 ’Λνάγνωσον
1381 683 1429 709 καὶ
1443 683 1477 709 τὰ
1493 683 1532 717 (ϐ)
1549 682 1615 716 παρ’
1626 681 1705 716 ἡμῶν
1719 688 1789 715 γρα-

1007 732 1091 766 φέντα
1115 731 1157 763 είς
1179 730 1228 763 τὴν
1253 734 1277 764 γ’
1304 729 1437 764 ἐρώτησιν
1468 729 1523 755 τῶν
1541 728 1696 763 γενομένων
1712 735 1791 753 συνο-

1007 777 1089 804 δικῶν
1103 775 1277 810 ἀποκρίσεων
1290 774 1400 801 ἐπὶτῶν
1415 774 1528 810 ἡμερῶν
1543 773 1590 800 τοῦ
1614 773 1789 809 πατριάρχου

1008 822 1091 857 κυροῦ
1106 823 1251 849 Νικολάου.

1042 867 1166 894 ΖΩΝΑΡ.
1202 867 1249 893 Ἐκ
1273 867 1372 898 παντὸς
1399 867 1500 902 τρόπου
1521 867 1535 893 ὁ
1560 866 1650 893 κανὼν
1677 866 1791 892 ἁπαιτεῖ

1005 913 1067 944 τοὺς
1083 913 1195 944 πιστοὺς
1209 912 1257 947 τὴν
1273 912 1355 946 ἁγίαν
1376 912 1607 947 Τεσσαραχοστὴν
1619 911 1667 938 τοῦ
1684 911 1790 947 Πάσχα,

1006 958 1053 983 καὶ
1071 957 1195 992 Τετράδα
1226 957 1273 983 καὶ
1291 957 1472 993 Παρασκευὴν
1496 957 1617 991 ἑκάστης
1635 957 1689 983 τῶν
1702 957 1791 984 ἄλλων

1005 1004 1161 1038 ἑϐδομάδων
1181 1005 1209 1030 ὲν
1222 1004 1336 1039 νηστείᾳ
1352 1004 1466 1038 διάγειν,
1482 1004 1505 1030 εἰ
1524 1004 1560 1038 μή
1578 1012 1619 1034 τις
1634 1003 1678 1029 διὰ
1698 1011 1791 1037 σωμα-

1004 1049 1085 1084 τικὴν
1102 1049 1244 1075 ἀσθένειαν
1263 1058 1330 1084 νηστ
1347 1049 1405 1075 ὑειν
1424 1049 1455 1075 οὐ
1484 1048 1615 1075 δύναται·
1632 1048 1649 1082 ἡ
1670 1047 1724 1082 γὰρ
1741 1057 1790 1082 νη-

1006 1095 1081 1122 στεία
1095 1094 1139 1121 διὰ
1154 1094 1320 1121 ταπείνωσιν
1331 1095 1505 1130 ἐπινενόηται
1520 1094 1569 1127 τῆς
1586 1093 1700 1128 σαρκός.
1716 1093 1746 1118 Εἰ
1764 1092 1788 1118 δ’

1004 1142 1035 1168 ὲκ
1064 1141 1143 1168 νόσου
1169 1141 1186 1176 ἢ
1212 1141 1356 1172 ἀσθενείας
1372 1140 1455 1176 ἄλλης
1482 1140 1554 1171 τινὸς
1581 1139 1789 1173 καταπονοῖτοὴ

1006 1187 1119 1223 σὰρξ,ὴ
1143 1188 1175 1213 ἐκ
1196 1187 1244 1221 τῆς
1274 1187 1405 1222 νηστείας
1430 1185 1596 1217 ταπείνωσις
1622 1185 1714 1219 ἐκείνη
1737 1185 1789 1210 οὐκ

1004 1232 1152 1266 ἀναγκαία,
1170 1232 1240 1262 Τοὺς
1255 1232 1283 1258 δὲ
1314 1231 1351 1267 μὴ
1366 1232 1411 1258 τὸν
1439 1231 1541 1258 κανόνα
1559 1230 1655 1258 τοῦτον
1686 1230 1787 1264 φυλάτ-

1004 1285 1099 1307 τοντας
1126 1277 1290 1312 ίερωμένονς
1317 1277 1366 1311 μὲν
1380 1276 1572 1310 καθαιρεῖσθαι
1596 1274 1760 1311 προστάττει
1775 1276 1789 1301 6

1005 1315 1105 1355 κανὼν,
1134 1323 1245 1354 λαῖκοὺς
1272 1323 1302 1349 δὲ
1330 1322 1520 1357 ἀφορίζεσθαι.
1549 1321 1719 1357 Σημειωτέον
1741 1319 1789 1348 οὖν

1003 1369 1044 1395 ὄτι
1063 1369 1090 1395 ἐν
1116 1369 1161 1404 ῐσῃ
1177 1368 1253 1402 τάξει
1277 1368 1385 1404 τίθησιν
1400 1368 1414 1394 ὁ
1439 1368 1529 1394 κανὼν
1545 1368 1596 1403 τὴν
1620 1368 1700 1403 ἁγίαν
1716 1368 1785 1393 Τεσ-

1006 1414 1179 1449 σαρακοστὴν
1203 1414 1250 1440 τοῦ
1270 1414 1376 1449 Πάσχα,
1401 1414 1448 1440 καὶ
1465 1413 1588 1449 Τετράδα
1618 1413 1667 1440 καὶ
1696 1413 1789 1448 Παρα-

1005 1461 1117 1494 σκευήν.

168 1501 283 1530 ABIST.
298 1503 430 1531 Clericum
446 1514 497 1533 non
514 1507 679 1541 jejunantem
703 1509 950 1546 Quadragest’mam,

1009 1504 1116 1532 ΑΡΙΣΤ,
1139 1506 1194 1532 Τύν
1207 1505 1250 1539 μὴ
1260 1505 1448 1538 νηστεύοντα
1462 1504 1520 1538 τὴν
1533 1504 1790 1539 Τεσσαρακοστὴν

204 1547 243 1574 vel
259 1554 381 1582 quartum
395 1550 473 1581 diem.
485 1551 523 1577 rel
544 1551 705 1579 Parascet-en
719 1554 842 1588 depones,
854 1555 951 1583 laicum

202 1597 289 1620 autem
307 1595 554 1629 exeomnmuicabis,
573 1597 624 1624 nisi
648 1606 694 1631 per
709 1599 888 1632 inﬁrmitatem
903 1601 953 1629 im-

203 1639 320 1666 neditnr.
338 1640 511 1674 Perspicuus.

427 1697 482 1733 ω
499 1698 612 1726 CANON
631 1700 710 1727 Lxx.

168 1750 272 1785 Siquis
290 1752 436 1786 episcopus,
462 1753 502 1780 vel
524 1754 669 1789 prcsby'er.
694 1757 730 1783 vel
752 1757 889 1789 diaconus,
912 1757 952 1784 vel

203 1798 308 1823 omnino
316 1806 347 1824 ea:
355 1799 511 1826 clericorum
521 1802 650 1836 catalogo,
657 1802 761 1836 jejuna!
768 1798 825 1829 cum
837 1803 949 1836 Judtet'l,

201 1842 241 1868 vel
256 1851 314 1869 cum
342 1844 404 1878 ipsis
430 1845 510 1879 festos
532 1846 586 1873 dies
610 1849 674 1881 agit,
699 1849 738 1876 vel
766 1849 797 1875 ab
813 1849 876 1883 ipsi:
891 1849 951 1884 festi

202 1889 280 1915 xenia
302 1890 398 1924 accipit
430 1891 469 1919 (ut
488 1892 559 1918 verbi
583 1893 669 1926 gratia
691 1902 794 1928 azyma,
819 1898 865 1920 aut
888 1894 950 1928 quid

202 1933 263 1968 tale)
277 1934 432 1968 deponatur.
453 1935 484 1963 Si
501 1945 559 1964 vero
573 1938 607 1964 sit
629 1938 725 1970 laicus.
745 1944 906 1974 segregetur.

199 2021 296 2050 BALS.
330 2024 396 2051 Cum
428 2026 618 2060 pra-cepissent
645 2035 693 2062 per
728 2029 796 2056 alios
832 2036 951 2056 canones

164 2069 290 2103 apostoli,
306 2070 371 2104 quid
388 2070 445 2097 ﬁeri
463 2072 559 2099 debeat
573 2072 599 2100 in
616 2080 662 2100 eos
675 2074 719 2107 qui
736 2081 797 2101 cum
813 2074 950 2103 haereticis

165 2118 311 2148 precantur
326 2119 372 2141 aut
383 2123 442 2142 cum
456 2118 710 2149 excommunicatis,
722 2119 778 2152 jam
791 2119 949 2151 decernunt,

165 2165 211 2186 aut
229 2161 273 2194 qui
294 2167 355 2187 cum
374 2160 475 2189 ludatis
501 2161 643 2195 jejunant,
662 2168 710 2190 aut
724 2171 818 2199 azyma
840 2165 947 2192 festivi-

165 2209 249 2232 tatum
272 2206 390 2238 ipsorum
416 2207 558 2241 recipiunt,
579 2213 625 2235 aut
650 2209 722 2236 aliud
744 2211 872 2246 ejusmodi
899 2211 949 2238 ali-

165 2251 236 2285 quod
257 2258 363 2289 munus,
390 2251 412 2278 si
431 2252 539 2286 quidem
565 2252 657 2281 clerici
681 2254 746 2287 sint,
772 2256 880 2289 deponi,
905 2257 947 2284 sin

165 2296 241 2330 laici,
260 2288 491 2326 exconimunicari
512 2308 519 2326 :
535 2307 569 2326 ne
586 2300 686 2328 dixeris
702 2306 790 2328 autem
803 2308 849 2328 eos
860 2302 948 2336 judai-

166 2350 241 2376 zare,
264 2348 390 2377 tanquam
408 2345 477 2372 idem
493 2353 552 2372 curn
566 2345 666 2373 Jntlmis
681 2347 816 2374 sentiant:
838 2348 949 2375 omnino

167 2388 239 2415 enim
257 2395 311 2415 non
327 2388 490 2424 depositioni
509 2390 550 2418 vel
565 2391 748 2426 segregationi
763 2392 849 2419 solum
864 2392 949 2426 subji-

1038 1551 1056 1584 ἢ
1073 1550 1201 1585 Τετράὃα
1219 1552 1268 1578 καὶ
1281 1549 1483 1584 Παρασκευὴν
1495 1551 1640 1584 κληρικὸν
1649 1551 1789 1585 καθαιρή-

1037 1605 1113 1628 σεις,
1128 1597 1182 1623 τὸν
1202 1596 1352 1623 ὃὲλαϊκὸν
1371 1596 1538 1631 ἀφορίσεις,
1553 1598 1578 1624 sl
1588 1596 1631 1632 μὴ
1647 1597 1684 1624 δι’
1695 1597 1786 1624 ἀσθέ-

1039 1651 1122 1670 νειαν
1136 1642 1330 1672 ὲιλποδίζεται.
1344 1643 1448 1677 Σαφής.

1309 1697 1426 1724 ΚΛΝΩΝ
1442 1699 1469 1724 0’

1001 1754 1038 1781 ΕΖ
1052 1762 1097 1786 τις
1108 1753 1274 1787 ἐπίσκοπος
1287 1754 1336 1789 t7),
1349 1754 1368 1788 ἢ
1380 1755 1591 1789 πρεσϐύτερος,
1606 1755 1786 1790 ἢβιάκονος,

1037 1799 1055 1832 ἢ
1071 1799 1148 1831 ὅλως
1159 1799 1211 1825 τοῦ
1220 1799 1388 1833 καταλόγου
1402 1798 1461 1826 τῶν
1472 1799 1634 1833 κληρικῶν,
1646 1803 1788 1834 νηστεύει

1035 1844 1110 1878 μετὰ
1126 1844 1293 1876 Ἰουδαίων,
1313 1844 1333 1878 ἢ
1349 1843 1479 1878 ἑορτάζει
1495 1845 1571 1879 μετὰ
1586 1845 1687 1873 αὐτῶν
1704 1846 1722 1880 ἣ
1738 1846 1786 1873 δέ-

1036 1899 1131 1924 χεται,
1155 1891 1225 1924 παρ’
1241 1890 1340 1917 αὐτῶν
1362 1891 1397 1918 τὰ
1419 1890 1474 1925 τῆς
1499 1891 1605 1925 ἑορτῆς
1636 1892 1721 1924 ξένια
1748 1893 1786 1927 (8)

1038 1934 1124 1971 (οἷον,
1142 1935 1236 1970 ἄζυμα
1261 1935 1279 1969 ἤ
1302 1944 1330 1962 τι
1349 1935 1508 1970 τοιοῦτον),
1526 1937 1732 1970 καθαιρείσθω.
1751 1938 1787 1964 El

1035 1981 1070 2007 δὲ
1080 1981 1186 2013 λιιῖκὸς
1197 1980 1254 2014 εἴη,
1267 1980 1460 2015 ἀφοριζέσθω,

1037 2027 1136 2053 ΒΑΛΣ.
1156 2027 1388 2061 ὐροΘετήσαντες
1410 2028 1434 2053 oi
1451 2027 1598 2054 ἀπόστολοι
1611 2028 1655 2055 διὰ
1684 2028 1787 2062 ἐτέρων

1001 2073 1121 2101 κανόνων
1137 2073 1164 2100 τί
1178 2074 1281 2108 ὀφείλει
1296 2073 1424 2108 γίνεσθαι
1440 2074 1480 2104 είς
1494 2074 1558 2104 τοὺς
1572 2074 1786 2108 συνευχομένους

1002 2118 1071 2152 μετὰ
1084 2118 1258 2153 αἱρετικῶνῆ
1274 2118 1482 2153 ἀφωρισμένων,
1499 2119 1561 2153 ἄρτι
1584 2118 1787 2152 παρακελεύον-

1001 2171 1046 2189 ται
1067 2163 1130 2195 τοὺς
1158 2164 1227 2198 μετὰ
1241 2163 1379 2190 Ἰουδαίων
1400 2163 1608 2198 νηστεύονταςῆ
1623 2163 1787 2197 δεχομένους

1001 2208 1036 2235 τὰ
1051 2209 1104 2235 τῶν
1118 2209 1220 2244 ἑορτῶν
1239 2208 1328 2235 αὐτῶν
1343 2208 1447 2242 ἄζυμα,
1463 2208 1479 2242 ἢ
1493 2208 1585 2242 ἕτερον
1604 2207 1700 2240 ξένιον,
1718 2206 1786 2242 κλη-

1002 2256 1095 2290 ρικοὺς
1115 2255 1164 2289 μὲν
1175 2254 1267 2286 ὄντας,
1284 2253 1488 2288 καθαιρεῖσθαι,
1507 2253 1618 2284 λαῐκοὺς
1633 2253 1672 2285 δὲ,
1688 2253 1786 2287 ἀφορί-

1001 2300 1107 2333 ζεσθαι.
1124 2301 1168 2336 Μὴ
1188 2301 1269 2335 εἴπῃς
1283 2300 1310 2326 δὲ
1322 2299 1434 2330 τούτους
1449 2299 1600 2331 ἰουδαΐζειν,
1616 2299 1653 2330 ὡς
1667 2299 1714 2325 καὶ
1727 2300 1786 2330 τοῖς

1000 2347 1139 2378 Ἰουδαίοις
1156 2347 1310 2382 ὁμόφρονας
1322 2346 1402 2377 ὄντας
1413 2354 1420 2361 ο
1437 2346 1547 2377 παντως
1560 2346 1614 2380 γὰρ
1629 2345 1659 2371 οὐ
1683 2345 1784 2372 καθαι-

1004 2394 1078 2428 ρέσει
1103 2393 1170 2428 μόνῃ
1186 2393 1202 2428 ἢ
1230 2392 1378 2429 ἀφορισμῷ
1397 2391 1699 2426 καθυποόληθήσονται,
1715 2391 1784 2418 ἀλλὰ

774 2460 870 2492 Guill.
888 2461 1051 2501 Beveregii
1072 2464 1166 2492 notae.

202 2519 241 2555 (6)
264 2521 457 2555 Ἀνάγννωσον
471 2523 519 2549 καί
541 2523 588 2548 τὰ.
614 2522 675 2548 Hmc
695 2529 778 2556 usque
805 2523 838 2549 ad
867 2522 945 2549 finem

166 2555 399 2591 interpretationis
426 2565 458 2583 ex
486 2564 536 2583 ms.
554 2557 699 2583 Bodleiano
730 2555 800 2584 nunc
829 2558 944 2591 primum

165 2591 281 2618 edimus.
300 2591 412 2618 Exsmnt
433 2596 536 2622 autem,
555 2599 615 2625 qua:
631 2592 675 2619 hic
689 2591 850 2619 Balsamone
873 2599 946 2619 corn-

165 2631 363 2658 memorautur,
379 2627 412 2653 ad
441 2626 542 2653 calcem
559 2626 720 2653 scholiorum
740 2627 824 2660 ipsius
848 2627 874 2653 in
895 2626 945 2654 No-

166 2667 344 2688 nmcanonem
360 2661 446 2687 Photii
464 2661 488 2686 in
503 2661 621 2688 editione
635 2661 759 2689 Gentiani
774 2660 891 2688 “t‘l'Veli.

202 2694 240 2729 (7)
269 2695 303 2721 Et
331 2704 378 2728 τις
407 2696 585 2727 ἐπίσκοπος.
614 2695 731 2722 Joannes
759 2696 946 2723 Antiochenus

163 2728 238 2766 hunc
253 2737 383 2757 canonent
397 2731 436 2757 sic
451 2730 525 2764 lt‘gll.
543 2731 577 2766 Εἴ
595 2731 800 2766 τιςνέτείσκοπος
820 2731 836 2766 ἢ
851 2730 946 2766 κληρι-

163 2763 353 2801 κρς-νηστειξξι
375 2767 446 2799 μετὰ
467 2763 614 2801 Ἰουδαίων,
637 2765 652 2801 ἢ
681 2763 854 2801 συνεορτάζὲι
885 2763 944 2801 μέτ’

161 2796 263 2836 etEt-(BV;
275 2799 293 2836 ᾗ
315 2796 422 2836 δέχεται
438 2800 528 2836 amem
547 2800 586 2836 τὰν
606 2796 656 2834 τῆς
682 2796 779 2836 ἑορτῆς
796 2796 944 2832 ξένια,ὀ’ἵα

160 2832 254 2868 ἄζυμα
271 2832 293 2869 ἦ
304 2832 432 2868 τοιοῦτον,
462 2832 644 2870 καθαιρείσθω
657 2843 663 2850 ·
683 2832 718 2861 εἶ’
729 2832 833 2868 hinec,
849 2837 945 2871 ἀφορι-

1001 2522 1100 2555 ςέσῡω.
1117 2522 1197 2549 Joan.
1211 2521 1334 2549 Antioch.
1347 2521 1451 2548 collect.
1468 2528 1528 2548 can.
1544 2520 1583 2547 tit.
1599 2520 1643 2555 '57.

1035 2557 1074 2591 (8)
1087 2557 1124 2584 Τὰ
1131 2556 1185 2590 τῆς
1193 2556 1299 2589 ἑορτῆς
1307 2555 1401 2588 ξένια.
1410 2556 1475 2583 Cum
1484 2555 1603 2583 solemne
1612 2554 1706 2591 Purim
1713 2555 1784 2583 cele-

999 2590 1109 2619 brarent
1118 2591 1265 2621 .lu-Iasi.sibi
1277 2592 1388 2618 invicem
1400 2595 1490 2625 partes
1500 2591 1532 2617 de
1542 2590 1665 2617 convivio
1674 2590 1781 2625 mittere

998 2627 1120 2654 solebant
1138 2625 1225 2656 (Εδιιιι.
1241 2634 1278 2657 tx,
1296 2624 1451 2659 19..)Et’sic
1468 2626 1494 2651 in
1511 2626 1570 2652 aliis
1589 2632 1694 2658 quoque
1705 2624 1782 2652 festi-

997 2662 1137 2693 vitatibus,
1155 2660 1324 2687 Christianos
1341 2661 1403 2687 olim
1418 2661 1489 2687 inter
1501 2659 1608 2687 Judznos
1629 2665 1779 2692 versantes,

997 2696 1151 2727 hujusmodi
1169 2696 1203 2722 ab
1216 2696 1248 2722 iis
1261 2696 1397 2729 portiones
1411 2696 1533 2727 accipere
1549 2702 1601 2721 non
1619 2694 1723 2728 puduit.
1745 2695 1781 2721 De

997 2730 1049 2758 hoc
1074 2730 1201 2758 Ecclesiae
1224 2730 1365 2764 primitivza
1383 2730 1511 2764 prmsnles
1539 2729 1668 2757 certiores
1701 2729 1778 2761 facti,

997 2766 1048 2793 hoc
1059 2773 1163 2792 canone
1176 2765 1202 2791 id
1214 2765 1396 2792 interdicunt:
1411 2771 1436 2791 et
1464 2764 1607 2799 ptenasiab
1623 2764 1782 2799 accipienti-

996 2800 1047 2827 bus
1060 2801 1180 2834 exigunt,
1195 2799 1277 2834 idque
1289 2808 1321 2826 ne
1330 2799 1476 2827 Christiani
1487 2807 1548 2827 cum
1559 2798 1661 2827 Judaeis
1674 2798 1779 2834 jejunia

997 2835 1038 2864 vel
1052 2835 1119 2863 festa
1138 2841 1267 2870 peragere
1283 2834 1449 2862 viderentur.
