1951 3067
203 121 251 151 187

833 124 974 155 THEOD.
996 123 1199 155 BALSAMON

1765 128 1815 160 188

202 174 302 209 synodo
321 176 482 209 permissum
499 176 543 208 sit,
570 176 766 205 inobedientem
789 185 821 205 ac
843 183 983 205 contuma-

1045 178 1142 214 ινεδόθη
1170 179 1215 205 διὰ
1241 179 1288 206 τοῦ
1314 181 1438 207 τοιούτου
1457 181 1570 214 κανόνος
1595 183 1627 217 τῇ
1650 182 1754 219 συνόδῳ
1769 185 1817 211 καὶ

203 227 260 247 cent
273 221 426 254 episcopum
439 222 597 255 depositioni
624 223 765 258 subjicere.
784 223 914 251 Dixerunt
934 231 983 250 au-

205 271 257 292 tent
270 266 360 300 aliqui,
376 274 390 292 a
408 267 592 294 misericordia
606 268 686 295 uintis
707 269 823 296 alienum
850 277 923 300 esse.
955 273 984 295 ut

204 311 238 338 ob
267 311 474 339 inobedientiam
502 314 559 340 sive
599 315 795 341 contumaciam
835 315 985 349 deponatur

204 356 364 392 episcopus:
382 357 427 384 sed
445 357 523 385 aliter
538 359 635 386 debere
651 359 722 386 illum
745 360 844 394 puniri.
862 361 889 386 Si
912 360 984 387 enim

205 407 235 427 ea
250 405 332 432 esset,
351 401 485 435 inquiunt,
501 404 683 437 apostolorum
696 405 840 436 sententia,
862 410 892 432 ut
904 406 986 440 depo-

205 451 314 473 neretur
348 447 503 481 episcopus,
538 449 712 484 depositionis
747 451 772 477 in
802 450 852 478 hoc
883 458 986 478 canone

204 492 398 520 meminissent.
408 493 460 520 Alii
474 498 563 521 autem
581 495 714 527 dixerunt,
725 496 794 530 quod
810 503 843 523 ex
860 497 982 531 proxime

204 536 276 563 edita
292 545 306 563 a
323 537 377 564 Deo
396 539 516 566 coronati
538 542 565 566 et
588 541 673 566 sancti
699 540 870 574 imperatoris
896 542 981 569 nostri

204 583 356 609 veneranda
371 582 492 617 Novella,
509 585 664 620 quicunque
679 586 700 613 is
712 586 746 613 sit
762 586 892 614 adversus
907 593 985 620 quem

204 628 275 655 actio
288 629 446 663 intenditur,
459 631 480 657 si
497 631 522 657 in
536 631 666 664 judicium
682 637 803 664 vocetur.
819 637 845 660 et
859 638 918 667 post
930 637 986 660 tres

204 673 419 703 denuntiationes
447 683 495 710 per
515 682 568 704 tres
592 678 706 712 scriptas
730 679 871 705 citationes
898 685 989 705 accer—

204 719 282 750 situs,
299 724 324 745 et
341 727 393 746 non
409 721 528 753 veniens,
540 722 734 749 condemnatur
748 723 790 750 vel
813 731 865 750 ttna
885 728 987 751 tantum

205 768 281 798 parte
294 771 438 799 praesente.
454 767 481 793 Si
497 775 560 801 ergo
578 769 659 794 etiam
680 769 824 803 episcopus
847 777 907 796 cnm
940 771 988 796 da-

206 810 278 837 tione
297 810 377 839 libelli
391 819 423 839 ac
438 813 546 846 scriptis
574 813 699 849 legitimis
724 820 868 842 accusatus
895 815 986 847 fuerit.

205 859 232 882 ct
247 855 328 888 injus
348 862 469 889 vocatus,
492 857 608 892 primum
631 859 739 892 quidem
763 867 811 893 per
848 860 990 886 detntntia-
1007 853 1026 880 Β

206 900 304 933 tiones,
335 902 434 929 deinde
465 904 546 930 etiam
568 911 616 938 per
646 905 695 931 tria
723 906 832 939 scriptis
864 906 990 932 mandata

206 945 306 977 edicta,
325 952 351 973 et
366 954 395 974 se
410 947 513 980 judicio
530 956 581 974 non
596 948 733 980 obtulerit,
754 950 926 977 damnabitur
948 951 990 978 vel

207 997 261 1017 una
273 994 376 1018 tantum
395 996 469 1025 parte
486 997 630 1027 praesente.
646 992 695 1020 Hic
707 1001 770 1028 ergo
796 995 896 1027 vocari,
925 997 991 1030 legi-

208 1035 272 1062 time
286 1035 456 1069 intelligitur.
480 1036 584 1064 scilicet
606 1044 653 1071 per
669 1037 703 1064 '50
726 1038 828 1065 dierum
850 1039 947 1072 edicta,
966 1044 993 1067 ct

207 1089 260 1108 non
286 1087 314 1109 ttt
343 1083 465 1110 nonnulli
495 1083 620 1110 dixerunt
641 1092 689 1119 per
711 1092 858 1118 paucorum
888 1086 992 1112 dierum

209 1128 317 1162 scriptis
340 1130 480 1156 mandatas
507 1130 735 1158 denuntiationes.
756 1131 811 1158 lloc
829 1135 918 1159 autem
940 1132 992 1159 alio

210 1174 291 1201 modo
306 1175 404 1202 dictttm
420 1180 461 1202 est
485 1175 510 1202 in
530 1177 655 1204 tribunali
681 1177 825 1212 imperiali,
851 1183 879 1206 et
908 1178 993 1211 magis

208 1220 235 1247 in
251 1227 331 1247 causa
348 1222 464 1255 episcopi
486 1222 613 1255 Bestente,
642 1227 670 1250 et
690 1222 839 1256 judicatnm
865 1229 917 1254 est,
947 1231 994 1258 per

210 1266 260 1292 tria
275 1265 393 1300 legitima
409 1267 496 1294 edicta
512 1268 609 1295 debere
620 1268 709 1295 vocari
722 1268 887 1303 episcopatu,
900 1269 995 1297 advcr-

210 1319 257 1338 sns
271 1319 351 1346 quem
372 1313 441 1339 actio
454 1312 615 1345 intenditur,
632 1318 658 1340 et
672 1314 707 1340 ita
721 1319 830 1348 propter
852 1319 994 1341 contuma-

210 1357 279 1384 ciam
298 1357 482 1385 condcmnari.
499 1358 677 1386 Condemnari
703 1360 810 1394 quidem
838 1361 992 1395 episcopum

210 1406 397 1430 contumacem
430 1404 506 1437 juxta
540 1405 650 1432 illttstris
679 1406 850 1440 imperatoris
890 1406 991 1433 domini

211 1447 341 1474 llanuelis
360 1448 489 1475 Comneni
506 1449 742 1482 Novellam.extra
754 1456 861 1476 omnem
878 1454 918 1476 est
930 1457 996 1477 cou-

214 1488 383 1518 Ii-oversiam.
411 1492 456 1520 Sic
488 1493 559 1520 enim
586 1499 614 1520 ut
646 1495 745 1521 dictum
773 1500 823 1526 est,
846 1493 995 1528 iudicatum

211 1536 263 1563 fuit
277 1538 346 1570 apud
361 1538 462 1571 regium
479 1543 506 1564 et
521 1539 639 1565 divinum
655 1539 807 1566 tribunal.A
821 1539 925 1567 duobus
948 1547 996 1566 au-

212 1585 264 1607 tem
277 1581 441 1608 antistitibus
456 1587 483 1609 et
509 1590 560 1609 non
580 1582 656 1609 aliter
671 1583 835 1610 vocationem
853 1584 910 1617 ejus
928 1585 996 1624 ﬁeri,

212 1631 241 1653 ttt
256 1626 376 1653 nonttulli
394 1626 531 1659 dixerunt,
549 1634 600 1653 non
615 1633 656 1654 est
671 1627 818 1654 secundant
837 1628 922 1662 legem
947 1636 996 1656 nec

213 1678 228 1698 e
241 1671 371 1698 sententia
381 1672 520 1705 praesentis
531 1669 650 1701 canonis.
666 1670 730 1701 Cum
744 1673 787 1702 ltic
797 1674 867 1702 ettint
881 1675 998 1711 scriptus

213 1716 264 1744 fuit
283 1717 477 1753 neejudicib’us
495 1723 521 1746 et
534 1720 645 1746 notariis
660 1719 886 1753 patriarcbalibus
904 1729 951 1756 per
968 1730 997 1749 se

214 1763 292 1790 ﬁdem
307 1764 398 1791 haberi
414 1765 440 1791 in
461 1771 509 1791 "Su
526 1764 586 1796 fuit,
599 1770 625 1792 et
638 1765 696 1792 ideo
712 1765 919 1793 determinatum
934 1766 995 1800 fuit,

213 1808 362 1836 antistitum
379 1810 534 1837 vocationes
546 1818 560 1836 a
581 1810 685 1837 duobus
700 1809 759 1837 ﬁeri
777 1811 919 1846 episcopis.
943 1811 996 1838 llo-

214 1855 257 1882 die
268 1860 357 1882 autent
375 1863 435 1882 cum
448 1855 585 1889 iudicibus
598 1861 625 1883 et
640 1856 753 1883 notariis
769 1856 997 1889 patriarcltalibus

214 1909 262 1936 per
278 1909 307 1928 se
322 1901 453 1929 habeatur
474 1901 551 1933 ﬁdes.
582 1902 736 1930 necessario
764 1907 791 1929 et
817 1909 877 1936 qua:
902 1904 935 1929 ab
957 1903 996 1930 eis

214 1946 282 1973 ﬁunt
297 1947 394 1980 edicta,
414 1947 553 1981 reprobari
572 1953 624 1973 non
648 1951 771 1980 possunt.
798 1946 882 1974 Recte
908 1948 998 1981 itaque

214 1992 437 2019 condemnabitltr
450 1992 496 2027 qui
513 1999 560 2026 per
574 1999 605 2019 ea
620 1996 748 2019 evocatus
765 1991 844 2019 fuerit
866 1997 893 2019 et
917 1993 943 2019 in
957 1992 1000 2026 ju-

214 2037 286 2064 dicio
303 2045 355 2064 non
374 2037 485 2070 stiterit,
511 2038 727 2072 quandoquidem
750 2037 837 2064 edicta
860 2045 912 2064 non
937 2043 999 2065 sunt

214 2090 248 2110 ex
287 2090 319 2110 eo
363 2083 523 2111 labefactata
562 2083 624 2118 quia
665 2082 699 2109 ab
718 2082 902 2119 ;antistitibus
946 2090 997 2109 tton

216 2129 293 2157 ﬁunt.

251 2262 379 2290 ZONAR.
400 2263 432 2290 Et
449 2262 474 2290 itt
487 2262 656 2297 sexagesimo
668 2262 756 2298 primo
772 2269 876 2290 canone
895 2261 998 2288 dictum

217 2308 267 2335 fuit
280 2315 294 2335 a
310 2307 397 2340 nobis,
411 2308 482 2343 quod
502 2307 658 2343 episcopum
684 2315 737 2334 non
758 2306 847 2341 quivis
872 2314 1000 2333 accusare

218 2359 317 2389 potest,
333 2355 379 2381 sed
392 2354 530 2389 invulpati,
541 2358 568 2381 et
590 2353 733 2380 orthodoxi
763 2352 886 2380 homines
903 2361 910 2378 :
928 2352 1000 2386 quod

217 2405 245 2427 et
258 2399 390 2434 signiﬁcat
406 2399 460 2435 49
476 2399 519 2426 hic
534 2405 632 2430 canon,
652 2398 714 2424 dum
729 2397 806 2430 dicit,
830 2397 861 2424 ab
888 2395 1001 2423 homini-

218 2447 264 2474 bus
284 2446 336 2481 ﬁde
352 2446 449 2481 dignis.
472 2446 495 2472 Δ
519 2445 615 2471 talibus
632 2444 714 2478 igitur
732 2443 753 2470 si
776 2448 916 2470 accusetur
944 2444 1001 2478 epi-

218 2499 326 2528 scopas,
342 2493 367 2519 itt
381 2493 520 2520 absentem
538 2498 591 2517 non
606 2493 712 2524 oportet
738 2489 898 2517 sententiam
918 2489 998 2522 ferre,

219 2538 264 2565 sed
275 2531 339 2564 leum
353 2537 439 2564 citare
455 2543 589 2570 :cuntque
606 2535 720 2566 venerit,
739 2542 781 2568 ea,
800 2542 859 2569 quae
874 2535 1000 2561 dicuntur

219 2583 246 2610 itt
262 2583 359 2617 ipsum,
376 2582 477 2609 audire.
492 2580 636 2615 Postquam
650 2580 765 2607 audierit
780 2585 868 2607 autem
894 2579 936 2606 vel
950 2579 999 2606 ob-

218 2628 290 2663 jecta
310 2628 360 2656 sibi
377 2627 490 2655 crimina
505 2626 642 2658 fatebitur,
661 2625 701 2653 vel
713 2626 836 2654 inliciatis
858 2625 1001 2652 convince-

1034 224 1193 259 καθαιρέσει
1215 225 1430 253 καθυποὸάὶλειν
1451 228 1497 254 τὸν
1525 229 1627 264 ἀπειθῆ
1649 230 1816 257 ἐπίσκοπον.

1034 270 1089 296 Καὶ
1107 267 1184 297 εἶπόν
1200 279 1274 303 τινες
1290 272 1327 303 ὠς
1342 273 1506 307 ἀσυμπαθές
1532 274 1607 300 ἐστιν
1623 274 1652 307 ἐξ
1674 276 1818 307 ἀπειθείας

1035 316 1226 351 καθαιρεῖσθαι
1249 317 1418 345 ἐπίσκοπον
1444 319 1532 351 ἄλλως
1558 320 1587 347 δέ
1616 329 1674 352 πως
1697 322 1819 356 ὀφείλειν

1036 362 1216 397 ἐπιτιμᾶσθαι
1241 363 1333 390 αὐτόν.
1349 365 1381 390 Et
1402 364 1457 399 γὰρ
1477 363 1512 400 ἦν
1535 365 1657 401 θελητὸν,
1674 368 1749 402 φασὶ,
1772 369 1819 395 καὶ

1035 409 1090 439 τοῖς
1117 408 1276 440 ἀποστόλοις
1289 409 1482 445 καθαιρεῖσθαι
1501 411 1547 438 τὸν
1560 412 1720 446 ἐπίσκοπον,
1736 415 1820 449 ἐμνή-

1037 453 1142 488 σθησαν
1159 454 1192 481 ἂν
1216 456 1246 481 ἐν
1269 456 1308 491 τῷ
1330 456 1423 483 κανόνι
1438 458 1485 484 καὶ
1510 458 1709 494 καθαιρέσεως.
1725 460 1819 488 ΙἈλλοι

1036 500 1065 527 δὲ
1089 498 1166 527 εἷπον
1189 501 1227 533 ὠς
1245 502 1292 529 καὶ
1323 502 1378 529 ἀπὸ
1404 504 1454 538 τῆς
1478 504 1599 540 συνεχῶς
1631 505 1821 542 ἐξενεχθείσης

1037 548 1231 582 προσκυνητῆς
1260 549 1361 583 νεαρᾶς
1395 548 1443 576 τοῦ
1479 550 1643 585 θιοστεφοῦς
1669 552 1820 585 κρατίστου

1038 593 1084 618 καὶ
1099 593 1177 627 ἁγίου
1209 594 1288 628 ήμῶν
1313 594 1524 630 αὐτοκράτορος,
1553 596 1626 628 ἄπας
1655 598 1821 633 ὲναγόμενος

1040 639 1280 674 μετακαλούμενος
1304 641 1343 672 είς
1365 641 1396 668 τὸ
1415 641 1600 678 δικαστήριον,
1616 645 1662 671 καὶ
1681 644 1750 679 μετά
1771 645 1822 679 μὲ-

1038 693 1100 720 τρια
1116 685 1263 720 μηνύματα
1276 686 1321 713 διὰ
1340 687 1424 722 τριῶν
1437 688 1658 724 ὲπιφωνημάτων
1672 689 1822 724 ἐγγράφων

1039 730 1127 757 ὲλθετν
1151 731 1393 767 παρεγγυώμενος,
1412 733 1460 760 καὶ
1475 733 1512 768 μὴ
1535 734 1691 769 ἐρχόμενος,
1711 735 1821 762 καταδι-

1039 776 1151 809 κάζεται
1176 777 1224 804 καὶ
1254 778 1423 814 μονομερῶς.
1442 779 1474 806 Et
1498 779 1566 814 γοῦν
1592 780 1640 807 καὶ
1670 781 1822 812 ἐπίσκοπος

1042 823 1112 858 μετὰ
1138 823 1239 855 δόσεως
1265 825 1396 851 λισέλλων
1427 825 1475 852 καὶ
1509 826 1634 861 νομίμων
1673 827 1823 861 ἐγγράφων

1041 871 1227 906 κατηγορηθῇ.
1245 871 1292 897 καὶ
1309 871 1479 907 μετακληθῇ,
1495 872 1602 908 πρῶτον
1619 873 1668 908 μὲν
1679 873 1724 900 διὰ
1736 882 1824 909 μηνυ-

1043 917 1146 952 μάτων,
1166 915 1225 944 altat
1249 918 1296 944 καὶ
1313 918 1358 945 διὰ
1381 918 1464 953 τριῶν
1482 918 1628 954 ἐγγράφων
1646 919 1826 954 ὲπιφωνημά-

1040 972 1104 995 των,
1125 964 1172 990 καὶ
1193 964 1243 990 οὐκ
1265 964 1419 1000 ἀπαντήσει
1443 965 1483 996 είς
1507 964 1538 991 τὸ
1568 965 1755 1000 δικαστήριον,
1772 965 1824 992 κᾶν

1044 1009 1203 1043 μονομερῶς
1226 1010 1504 1045 καταδικασθήσεται.
1532 1010 1569 1037 To
1595 1012 1650 1046 γὰρ
1677 1011 1825 1038 καλεῖσθαι

1043 1054 1159 1080 ἐνταῦθα
1185 1054 1254 1089 μετὰ
1273 1055 1373 1089 νόμους
1395 1056 1506 1086 νοεῖται,
1523 1054 1607 1090 ἤγουν
1630 1055 1664 1082 δι’
1683 1057 1824 1090 ἐπιφωνη-

1044 1101 1137 1135 μάτων
1149 1101 1400 1136 τριακονθημέρων,
1416 1101 1463 1128 καὶ
1478 1102 1526 1136 μὴ,
1544 1101 1581 1133 ὥς
1594 1110 1667 1133 τινες
1681 1101 1769 1133 εἶπον,
1781 1103 1826 1128 διὰ

1045 1146 1211 1181 μηνυμάτων
1225 1147 1372 1182 ἐγγράφων
1396 1147 1596 1183 όλιγοημέρων.
1617 1148 1704 1175 Τοῦτο
1718 1148 1746 1174 δὲ
1762 1148 1825 1175 ὲλα-

1044 1193 1113 1228 λήθη
1125 1193 1261 1228 διαφόρως
1277 1194 1323 1220 ἐπὶ
1347 1194 1468 1229 βήματος
1485 1194 1636 1228 βασιλικοῦ,
1654 1195 1701 1221 καὶ
1726 1195 1826 1229 μᾶλλον

1044 1239 1073 1264 ὲν
1085 1240 1118 1274 τῇ
1130 1239 1257 1266 ὑποθέσει
1274 1239 1321 1265 τοῦ
1333 1240 1480 1266 ἐπισκόπου
1496 1238 1628 1275 Βεσαίνης
1640 1249 1646 1255 ·
1665 1240 1713 1266 καὶ
1729 1240 1827 1274 ἐκρίθη

1044 1285 1089 1312 διὰ
1105 1286 1188 1320 τριῶν
1211 1286 1335 1321 νομίμων
1355 1287 1587 1321 ὲπιφωνημάτων,
1604 1287 1723 1320 ὀρείλειν
1746 1295 1829 1322 μεταί

1045 1331 1186 1358 καλεῖσθαι
1203 1331 1249 1358 τὸν
1271 1333 1436 1366 ὲναγόμενον
1454 1332 1616 1365 ἐπίσκοπον,
1631 1332 1680 1359 καὶ
1696 1332 1783 1363 οὕτως
1797 1333 1828 1365 ἐξ

1046 1377 1187 1406 ἀπειθείας
1222 1377 1462 1410 καταδικάζεσθαι.
1494 1379 1531 1405 Τὸ
1569 1378 1619 1413 μὲν
1646 1379 1830 1411 καταδικάζε-

1047 1424 1108 1452 σθαι
1131 1425 1187 1460 (15)
1210 1425 1256 1452 τὸν
1279 1426 1380 1460 ἀπειθῆ
1398 1426 1547 1453 ἐπίσκοπον
1568 1427 1639 1453 κατά
1665 1426 1715 1461 τὴν
1725 1426 1829 1460 νεαρὰν

1046 1471 1093 1497 τοῦ
1112 1471 1236 1505 ἀοιδίμου
1252 1471 1385 1506 βασιλέως
1404 1473 1488 1507 κυροῦ
1508 1472 1636 1507 Μανουὴλ
1656 1472 1702 1498 τοῦ
1715 1473 1828 1506 Κομνη-

1009 1515 1031 1544 C
1046 1517 1092 1543 νοῦ
1106 1517 1211 1552 ἄμαχόν
1224 1518 1433 1553 ὲστι.Κέκριται
1445 1519 1497 1553 γὰρ
1510 1518 1592 1551 οὕτω,
1601 1518 1692 1549 καθὼς
1709 1518 1828 1553 εἴρηται,

1048 1563 1122 1599 παρὰ
1147 1563 1185 1598 τῷ
1208 1563 1340 1598 βασιλικῷ
1364 1565 1410 1590 καὶ
1432 1564 1496 1600 θείῳ
1521 1564 1634 1600 βήματι.
1658 1565 1694 1590 Τὸ
1713 1564 1741 1590 δὲ
1759 1563 1830 1599 μετὰ

1047 1608 1093 1635 δύο
1115 1609 1265 1644 ἀρχιερέων
1289 1610 1336 1636 καὶ
1359 1609 1397 1645 μὴ
1414 1609 1500 1641 ἄλλως
1523 1619 1582 1641 πως
1601 1611 1650 1645 τὴν
1665 1610 1761 1636 τούτου
1779 1619 1830 1645 με-

1046 1656 1179 1692 τάκλησιν
1190 1657 1322 1691 γίνεσθαι,
1334 1657 1370 1688 ὥς
1383 1666 1453 1689 τινες
1473 1655 1560 1691 εἷπον,
1575 1658 1625 1684 οὐκ
1639 1658 1696 1684 ἐστι
1709 1658 1829 1692 νόμιμον

1047 1704 1107 1730 οὐδὲ
1129 1704 1179 1738 τῆς
1198 1704 1301 1735 ἐννοίας
1323 1703 1370 1730 τοῦ
1392 1705 1525 1738 παρόντος
1545 1705 1668 1736 κανόνος.
1685 1706 1750 1732 Ὅτε
1774 1704 1830 1738 γὰο

1047 1748 1124 1783 οὗτος
1148 1750 1255 1785 ἐγράφη
1282 1749 1345 1777 οὒτε
1370 1749 1506 1777 δικαστῶν
1533 1750 1595 1777 οὔτε
1617 1755 1831 1787 πατριαρχικῶν

1047 1799 1178 1832 νοταρίων
1198 1798 1306 1832 ἐνήργει
1326 1797 1498 1828 αὑτοπιστία,
1519 1798 1565 1822 καὶ
1589 1797 1633 1823 διὰ
1658 1798 1736 1825 τοῦτο
1761 1809 1831 1834 προ-

1048 1844 1149 1870 ϐαίνειν
1163 1843 1268 1878 ὡρίσθη
1280 1842 1329 1872 τὰς
1346 1842 1400 1868 τῶν
1414 1843 1564 1878 ἀρχιερέων
1583 1844 1767 1878 μετακλήσεις
1781 1846 1831 1872 ἐπὶ

1048 1890 1204 1916 ἐπισκόπων
1217 1888 1272 1915 δύο.
1293 1889 1416 1923 Σήμερον
1437 1887 1465 1914 δὲ
1489 1887 1539 1922 τῆς
1554 1888 1608 1914 τῶν
1619 1889 1755 1916 δικαστῶν
1778 1892 1828 1918 καὶ

1047 1936 1101 1962 τῶν
1128 1933 1335 1971 πατριαρχικῶν
1355 1931 1485 1966 νοταρίων
1505 1932 1682 1965 αὑτοπιστίας
1701 1934 1830 1969 ἐνεργού-

1049 1989 1108 2015 σης,
1124 1979 1154 2012 ἐξ
1168 1979 1290 2013 ἀνάγκης
1304 1978 1351 2004 καὶ
1366 1978 1399 2003 τὰ
1415 1977 1448 2003 δι’
1463 1976 1554 2004 αὐτῶν
1570 1979 1699 2014 γινόμενα
1721 1981 1828 2013 ἐπιφω-

1047 2028 1156 2061 νήματα
1189 2025 1280 2058 ἕξουσι
1310 2025 1339 2052 τὸ
1370 2025 1617 2061 ἀπαρεγχείρητον.
1654 2025 1752 2059 Καλῶς
1781 2023 1830 2052 οὖν

1048 2072 1315 2106 καταδικασθήσεται
1329 2072 1343 2097 ὁ
1363 2071 1396 2098 δι’
1420 2071 1511 2098 αὐτῶν
1525 2071 1708 2106 ὲπιφωνηθεὶς
1723 2071 1771 2097 καὶ
1791 2071 1831 2106 μὴ

1047 2119 1205 2153 ἀπαντήσας
1221 2119 1260 2148 εἰς
1275 2118 1304 2143 τὸ
1319 2118 1505 2152 δικαστήριον,
1521 2117 1558 2149 ὡς
1572 2117 1627 2144 τῶν
1645 2117 1829 2152 ἐπιφωνημά-

1012 2184 1038 2214 D
1051 2174 1105 2192 των
1129 2164 1167 2200 μὴ
1188 2164 1407 2198 κατασειομένων
1427 2164 1458 2189 ὲκ
1484 2163 1531 2189 τοῦ
1550 2163 1588 2198 μὴ
1614 2163 1740 2198 γενέσθαι
1753 2162 1832 2197 παρὰ

1051 2210 1211 2245 ἀρχιερέων.

1084 2256 1205 2283 ΖΩΝΔΡ.
1225 2255 1279 2282 Καὶ
1295 2255 1323 2281 ὲν
1339 2254 1377 2290 τῷ
1392 2255 1432 2286 ξαν
1457 2254 1549 2282 κανόνι
1575 2255 1682 2289 εἴρηται
1705 2255 1772 2288 ήμῖν
1792 2254 1832 2285 ὡς

1048 2303 1079 2330 οὗ
1107 2303 1160 2334 πᾶς
1184 2311 1225 2333 τις
1254 2302 1417 2337 κατηγορεῖν
1445 2300 1596 2327 ἐπισκόπου
1627 2300 1748 2331 δύναται,
1772 2300 1832 2326 ἀλλ’

1048 2348 1226 2383 ἀνεπίληπτοι
1241 2348 1380 2382 ἄνθρωποι
1396 2346 1443 2373 καὶ
1459 2346 1609 2381 όρθόδοξοι·
1624 2347 1703 2373 τοῦτο
1719 2345 1764 2372 οὖν
1784 2347 1831 2373 καὶ

1049 2396 1063 2421 ὸ
1080 2393 1169 2420 κανὼν
1191 2391 1267 2425 οὗτος
1281 2393 1357 2428 δηλοῖ
1371 2392 1415 2419 διὰ
1430 2392 1477 2418 τοῦ
1499 2392 1599 2426 λέγειν,
1617 2392 1695 2426 παρὰ
1709 2392 1830 2423 ἀξιοπί-

1050 2448 1132 2468 στων
1143 2440 1315 2474 ἀνθρώπων.
1332 2439 1392 2466 Κᾶν
1407 2438 1453 2465 οὖν
1471 2439 1545 2473 παρὰ
1562 2439 1691 2464 τοιούτων
1709 2446 1830 2472 κατηγο-

1052 2487 1139 2523 ρεῖται
1163 2486 1320 2517 ἐπίσκοπος,
1336 2485 1366 2511 οὺ
1390 2485 1442 2519 χρὴ
1459 2485 1543 2511 αὑτοῦ
1567 2484 1682 2514 ἀπόντος
1707 2483 1832 2518 καταψη-

1052 2531 1188 2567 φίζεσθαι·
1204 2530 1272 2557 ἀλλὰ
1286 2529 1498 2565 μετακαλεῖσθαι
1513 2529 1660 2559 αὐτὸν,καὶ
1671 2528 1829 2562 ἐρχόμενον,

1051 2578 1106 2604 τῶν
1122 2577 1182 2603 κατ’
1198 2576 1280 2603 αὑτοῦ
1305 2575 1458 2609 λεγομὲνων
1476 2575 1595 2601 ἀκούειν.
1614 2573 1744 2604 Ἀκούσας
1761 2572 1800 2603 δὲ,
1815 2573 1832 2607 ἢ

1052 2622 1214 2658 ὁμολογήσει
1238 2621 1270 2648 τὰ
1296 2620 1454 2654 ἐπαγόμενα
1477 2619 1551 2654 αὐτῷ
1575 2619 1735 2653 αἰτιάματα,
1752 2618 1767 2654 ἢ
1785 2617 1835 2651 ἁρ-

830 2692 928 2724 Guill.
942 2690 1108 2729 Beveregii
1127 2694 1210 2721 notae

260 2757 313 2792 (l3)
329 2757 363 2793 Td
376 2757 433 2792 μὲν
445 2754 701 2793 καταδικιίζεσρᾴι..
721 2753 783 2780 llaec
794 2759 887 2793 Iusque
905 2752 938 2793 ad
952 2752 999 2792 ab-

225 2786 311 2818 soluta
339 2786 465 2818 itt'ltunc
487 2799 617 2818 cauonctn
651 2788 817 2816 Balsamonis
845 2786 946 2813 scholia
971 2787 996 2814 in

226 2826 363 2856 impressis
374 2826 513 2855 codicibus
527 2826 628 2854 Grmcis
646 2824 844 2852 desiderantur.
859 2821 909 2849 Sed
922 2821 995 2848 Gon-

1054 2751 1142 2777 tianns
1161 2749 1293 2776 llervetns
1304 2747 1376 2779 legit.
1388 2753 1413 2774 et
1425 2747 1521 2774 Latine.
1533 2746 1625 2773 vertit.
1645 2745 1697 2771 Nos
1707 2744 1833 2771 Grtrrnm

1055 2790 1156 2812 textum
1179 2792 1210 2811 ex
1236 2791 1288 2810 nis.
1313 2782 1457 2810 Bodleiano
1470 2790 1539 2809 nunc
1550 2781 1664 2816 primum
1689 2780 1716 2806 itt
1745 2779 1834 2806 lucent

1052 2821 1224 2849 proferimus.
