1951 3067
198 153 252 188 915

828 150 966 182 ΤΠΕΟῙ).
989 150 1191 181 BALSAMON

1767 150 1819 184 216

199 210 315 236 rtontur.
336 205 393 234 lloc
408 209 497 233 autem
514 204 649 237 fecerunt,
667 203 795 238 quoniam
811 204 879 232 varii
893 204 980 238 nothi,

1037 211 1105 239 popa.
1132 203 1196 230 νόθα
1211 204 1417 239 συγγράμματα
1434 206 1482 232 καὶ
1506 204 1717 240 ψευδεπίγραφα
1735 203 1817 241 ἦσαν,

197 259 225 283 et
242 254 309 281 falso
323 251 455 285 inscripiti
473 250 534 278 libri
547 255 638 283 erant,
650 250 692 278 vel
705 251 853 278 etiamnum
867 255 941 283 sunt,
954 255 982 278 et

197 300 339 329 adulteratl
357 298 466 333 quidam
481 306 488 325 :
504 296 599 332 qualos
613 297 696 325 etiam
718 305 777 333 quae
791 305 840 333 per
857 297 981 326 Clemen-

197 352 251 374 tem
300 344 475 380 promulgata
517 343 626 371 fuerunt
669 343 893 371 Constitutiones.
941 343 983 370 Ab

196 391 330 420 haereticis
344 391 416 418 enim
437 390 599 425 quibusdam
626 394 654 417 et.
680 389 839 417 adulterata
863 394 891 417 et
918 397 981 417 eor-

197 442 282 472 rupta:
298 436 418 464 fuerunt.
435 436 604 472 Quapropter
618 436 684 463 Istas
698 436 809 463 omnino
832 435 884 471 legi
899 436 983 463 vetuit

196 483 363 511 meumenica
380 486 457 510 sexta
471 483 591 518 synodus
615 482 641 509 iu
656 482 775 509 secundo
789 482 877 517 capite
897 489 981 509 cano-

197 535 260 556 num
277 529 311 556 ab
322 536 354 556 ea
370 533 547 556 statutorum.
564 528 631 555 Alite
644 535 710 555 vero
724 527 845 562 quaedam
858 528 983 555 dinume-

197 574 337 607 rationes,
366 574 434 602 alios
465 579 565 609 praeter
591 573 635 601 hic
665 577 840 601 enumeratos
877 573 981 604 libros.

196 621 357 656 permittunt
379 621 460 648 etiam
487 621 550 656 legi,
569 625 596 648 et
623 620 792 654 Sapientiam
818 619 982 653 Salomonis,

195 671 222 694 et
236 666 341 699 Juditli,
356 669 384 693 et
399 665 522 699 Tobiam,
537 671 564 694 et
579 666 758 702 Apocalypsin
769 665 911 700 Theologi.

231 711 262 739 Hi
275 712 385 747 quidem
407 716 472 740 sunt
493 712 576 747 igitur
599 711 896 740 venerandissimorum
918 718 983 744 apo-

195 758 326 786 stolorum
347 758 485 794 octoginta
511 759 630 794 quinque
655 765 785 786 canones.
814 757 982 790 Quibusdam

195 803 324 831 tamenin
341 803 418 831 libris
433 810 553 832 canones
574 804 738 832 habentibus
761 804 936 831 inveniuntur
957 809 983 830 et

195 849 239 876 alii
268 856 407 882 canones,
450 849 667 884 uniuscujusque
706 849 981 877 celebratissimorum

195 894 377 928 apostolorum
403 895 512 922 nomine
532 895 667 929 inscripti.
690 895 743 922 Sed
759 895 785 922 in
800 894 895 922 Trullo
914 902 980 922 con-
995 885 1019 915 Β

195 945 304 975 gregata
333 941 453 976 synodus
478 941 655 968 ducentorum
681 941 776 976 viginti
797 945 899 975 septem
919 948 981 968 san-

195 991 300 1014 ctorum
322 986 443 1019 Patrum,
469 987 519 1014 sub
532 994 615 1022 regno
640 987 813 1022 imperatoris
836 986 982 1014 Justiniani

198 1030 376 1063 ﬂbinotmeli,
393 1039 451 1066 quae
467 1031 538 1059 dicta
553 1038 595 1059 est
610 1035 697 1063 sexta,
710 1036 821 1059 sanctos
839 1037 983 1058 recensens

196 1084 324 1109 canones,
347 1078 387 1105 sic
403 1078 441 1105 ait
457 1087 464 1105 :
479 1077 547 1106 lluic
563 1083 663 1106 sanctae
678 1077 781 1113 synodo
805 1078 891 1105 visum
923 1076 982 1108 fuit,

197 1126 227 1149 ut
255 1123 317 1155 rati,
342 1127 371 1150 et
390 1123 460 1151 lirmi
488 1128 616 1152 maneant
641 1131 760 1151 canones
794 1130 808 1150 a
831 1123 934 1150 sanctis
958 1125 985 1148 et

196 1167 283 1195 beatis
300 1168 427 1196 Patrilius
453 1170 555 1196 n0stris
586 1169 796 1204 praecessoribus
825 1167 927 1202 recepti
958 1171 986 1194 et

197 1211 348 1245 approbati.
367 1211 525 1246 Tradilique
541 1213 619 1240 nobis
637 1214 720 1240 etiam
745 1212 855 1240 nomine
874 1216 984 1239 sancto-

199 1263 257 1283 rum
293 1260 321 1284 et
348 1257 607 1292 gloriosissimornm
642 1258 828 1293 apostolorum
867 1264 984 1284 canones

197 1303 336 1337 octoginta
352 1303 483 1338 quinque.
501 1303 562 1331 Mox
576 1304 744 1338 con‘soriptas
764 1311 780 1330 a
804 1308 898 1331 sancto
922 1302 984 1329 Cle-

199 1351 291 1376 mente
305 1349 531 1381 Constitutiones,
554 1357 615 1376 cum
641 1349 754 1376 dixisset
776 1349 825 1375 has
853 1347 905 1382 legi
930 1354 983 1374 non

199 1398 333 1428 oportere,
362 1398 389 1420 et
414 1401 461 1421 eas
478 1393 628 1429 reiecisset,
643 1393 677 1420 ob
695 1393 720 1420 id
733 1393 803 1428 quod
829 1392 983 1419 a-lulterina

199 1440 334 1474 quaedam,
347 1444 374 1467 et
389 1439 476 1467 aliena
493 1447 507 1466 a
525 1440 624 1473 pietate
639 1440 694 1466 sint
714 1439 779 1473 ipsis
801 1438 834 1465 ad
858 1437 985 1464 Ecclesiae

198 1484 347 1518 perniciem
367 1485 468 1512 inserta
484 1485 517 1512 ab
532 1484 679 1516 haereticis,
704 1483 825 1511 meminit
841 1482 986 1518 synodico-

198 1538 257 1557 rum
276 1538 421 1564 canonum,
433 1535 460 1557 et
470 1530 698 1558 (ncumenicornm
716 1529 892 1564 synodorum,
912 1529 986 1557 loca-

198 1575 266 1602 lium
283 1583 403 1611 quoque,
418 1580 445 1602 et
460 1583 475 1602 a
492 1575 592 1602 divinis
621 1575 746 1603 Palribus
767 1579 844 1602 extra
864 1574 985 1610 synodos

199 1620 330 1648 factorum
345 1621 397 1656 57
407 1628 550 1654 canonum,
563 1621 737 1655 deincepsliis
746 1619 871 1655 subjecit,
880 1619 984 1647 Nemini

198 1666 240 1694 fas
254 1674 314 1695 esse
327 1668 498 1702 supradictas
511 1675 629 1695 canones
649 1667 814 1697 adulterare.
828 1666 871 1694 vel
886 1667 987 1700 impro-

198 1713 274 1746 bare,
289 1714 331 1742 vel
352 1714 419 1741 alios
433 1719 531 1748 praeter
548 1713 702 1749 propositos
720 1714 842 1748 recipere
865 1719 985 1740 canones

200 1760 267 1786 falso
281 1760 436 1794 inscriptos,
460 1768 527 1795 quos
540 1761 648 1795 quidam
672 1760 813 1787 veritatem
839 1759 984 1795 cauponari

199 1806 299 1837 conati,
315 1810 537 1840 composuerunt.
556 1805 622 1832 Cum
637 1806 774 1833 secundus
789 1810 873 1833 sexlze
890 1805 984 1840 synodi

199 1858 286 1878 canon
311 1851 368 1878 [nec
385 1851 503 1884 ordinet,
529 1859 580 1879 nec
596 1859 708 1885 nsquam
728 1851 887 1878 memoriam
904 1849 986 1877 faciat

199 1896 313 1924 aliorum
330 1896 540 1930 apostolicorum
555 1903 688 1923 canonum
708 1899 806 1930 praeter
825 1895 893 1922 istos
912 1899 986 1922 octo-

199 1943 270 1977 ginta
288 1943 418 1977 quinque,
433 1950 486 1970 non
503 1946 611 1977 oportet
625 1941 693 1968 alios
704 1941 782 1973 ullos,
798 1940 844 1974 qui
858 1940 985 1967 dicantur

199 1989 393 2024 apostolorum,
408 1995 527 2016 canones
546 1987 701 2023 approbari.
719 1987 765 2014 sed
781 1987 867 2021 magis
892 1993 986 2020 repro-

200 2035 268 2068 liari,
283 2035 414 2070 obeloque
437 2033 571 2069 transﬁgi.
588 2039 616 2060 et
639 2033 714 2069 rejici
738 2037 889 2068 :tanquam
916 2031 985 2059 falso

200 2083 345 2117 inscriptos
370 2087 397 2110 et
421 2090 472 2109 non
504 2070 650 2116 legitim‘os,
679 2084 706 2108 et
734 2084 810 2108 extra
843 2086 984 2106 numerum

200 2135 294 2155 eorum
318 2135 387 2162 quos
402 2127 496 2155 .divini
521 2127 665 2162 sanctique
690 2126 784 2154 Patres
803 2125 909 2161 judicio
935 2132 985 2152 suo

200 2173 418 2208 ceniproharunt.

201 2265 314 2293 ARIST.
326 2263 470 2299 Sexaginta
484 2264 612 2291 librorum
630 2272 714 2291 cotton
731 2268 834 2290 (aulum
854 2268 893 2291 est
911 2271 987 2291 vene-

534 2309 645 2336 randus.

235 2356 281 2384 Isti
300 2354 348 2383 soli
368 2355 427 2382 libri
445 2355 551 2383 clericis
569 2360 596 2382 et
619 2355 696 2382 lairis
718 2355 866 2383 venerandi
888 2355 988 2382 sancti-

202 2411 254 2438 que
267 2403 390 2438 judicare
405 2402 514 2435 debent,
531 2401 635 2429 scilicet
650 2401 754 2429 Veteris
767 2401 874 2436 quidem
892 2402 988 2429 Testa-

202 2449 294 2482 menti,
311 2447 393 2475 Musis
411 2447 540 2482 quinque,
556 2447 680 2479 Genesis,
699 2448 815 2480 Exodns,
840 2446 987 2480 Leviticus,

202 2495 322 2528 Numeri,
340 2493 588 2521 Deuteronomium.
601 2493 666 2521 Jesn
685 2494 730 2520 lilii
749 2493 821 2521 Nave
838 2502 915 2522 unus.
940 2494 987 2521 Juv

202 2543 288 2570 ilicum
307 2545 335 2570 et
347 2541 420 2568 Ruth
440 2548 522 2568 unus.
538 2539 641 2574 Regum
653 2545 778 2575 quatuor.
792 2539 987 2568 Dereliclorum

200 2596 232 2615 ex
264 2588 331 2615 libro
357 2587 460 2614 dierum
482 2587 546 2614 duo.
565 2586 658 2614 Esdraa
686 2585 752 2613 duo.
780 2586 878 2613 Esther
906 2593 986 2614 unus.

202 2633 415 2662 Maccabaeorum
445 2637 511 2661 tres.
535 2632 586 2660 Job
613 2639 692 2659 unus.
717 2631 892 2662 Psalterium.
908 2639 986 2659 unus.

202 2680 354 2708 Salomonis
370 2684 435 2707 tres.
458 2679 615 2707 Proverbia.
641 2679 830 2707 Ecclesiastes.
849 2678 988 2706 Canticum

203 2726 382 2753 canticorum.
399 2726 611 2761 [Prophetarum
639 2725 792 2752 duodecim.
821 2723 936 2758 Insuper
963 2729 991 2751 et

202 2775 279 2797 extra
292 2771 342 2798 hos
365 2776 393 2799 et
416 2771 562 2806 Sapientia:
584 2769 761 2798 eruditissimi
789 2769 898 2797 Sirach.
922 2769 990 2796 Novi

203 2821 293 2843 autem
322 2816 489 2845 Testamenti
520 2816 667 2852 Evangelia
691 2819 829 2851 quatuor,
852 2815 970 2843 Mattlnei
985 2845 992 2858 '

204 2860 298 2895 Marci,
314 2861 402 2898 Lucae,
418 2862 542 2892 Joannis.
555 2862 631 2891 Pauli
640 2861 766 2898 Epistola:
775 2861 989 2897 quatuordecim.

1032 250 1049 284 ἢ
1063 250 1109 276 καί
1126 251 1196 276 εἱσι·
1214 251 1248 277 τὰ
1267 250 1295 276 δὲ
1316 251 1364 277 καὶ
1379 251 1572 286 νενοθευμένα,
1588 249 1644 278 οἶαι
1668 252 1715 278 καὶ
1729 252 1757 278 αἱ
1772 252 1818 286 διὰ

1032 295 1078 323 τοῦ
1093 296 1253 332 Κλήμεντος
1267 284 1499 332 ἐκπεφωνημέναι
1509 297 1650 331 διαταγαί.
1670 297 1724 324 Καὶ
1737 284 1819 324 αὗται

1033 343 1080 369 καὶ
1096 343 1173 378 παρὰ
1189 343 1342 376 κακοδόξων
1365 343 1447 370 τινῶν
1462 344 1642 379 ὲνοθεύθησάν
1657 352 1685 371 τε
1703 345 1751 371 καὶ
1765 353 1820 370 πα-

1034 389 1219 425 ρεφθάρησαν.
1246 389 1292 416 Διδ
1311 390 1358 417 καὶ
1384 389 1618 424 ἀναγινώσκεσθαι
1646 390 1714 422 ὅλως
1735 390 1821 422 αὐτὰς

1033 435 1223 470 ἀπηγόρευσεν
1247 436 1263 471 ἡ
1281 435 1459 471 οἰκουμενικὴ
1475 436 1544 474 ἕκτη
1563 435 1672 467 σύνοδος
1687 437 1717 462 ὲν
1735 444 1821 469 κεφα-

1032 481 1100 516 λαίῳ
1129 481 1249 517 δευτέρῳ
1268 482 1322 508 τῶν
1340 482 1406 517 παρ’
1424 482 1508 516 αὐτῆς
1522 482 1658 508 τεθέντων
1686 482 1819 509 κανόνων.

1033 527 1111 558 Τινὲς
1126 526 1154 552 δὲ
1167 527 1222 554 τῶν
1239 527 1328 554 ἄλλων
1357 527 1578 563 ἀπαριθμήσεων
1607 527 1822 562 παραχωροῦσιν

1033 572 1269 607 ἀναγινώσκεσθαι
1281 573 1349 608 πρὸς
1365 574 1421 605 τοῖς
1437 573 1555 600 ἐνταῦθα
1570 573 1822 608 ἀπηριθμημένοις,

1033 619 1082 646 καὶ
1105 619 1153 653 τὴν
1177 619 1279 653 Σοφίαν
1300 619 1483 654 Σολομῶντος,
1506 619 1554 645 καὶ
1568 619 1684 654 Ὶουόὴθ,
1703 619 1751 646 καὶ.
1765 618 1822 645 Τω-

1034 664 1106 696 σίαν,
1120 664 1168 691 καὶ
1183 665 1232 700 τὴν
1250 664 1436 699 ’Δποκάλυψιν
1449 663 1495 691 τοῦ
1511 664 1654 698 Θεολὸγου,

1065 707 1145 737 Οὗτοι
1169 710 1218 745 μὲν
1233 707 1280 737 οὖν
1294 711 1362 737 εἰσιν
1374 711 1399 737 οἱ
1414 711 1468 737 τῶν
1484 710 1646 737 πανσέπτων
1662 709 1822 736 ἀποστόλων

1033 759 1074 782 ιιι-ε’
1093 755 1216 788 κανόνες.
1237 756 1417 791 Εὗρίσκονται
1443 756 1471 782 δὲ
1496 755 1525 781 ἐν
1540 763 1596 782 τισι
1613 756 1667 781 τῶν
1687 755 1750 786 τοὺς
1767 763 1822 780 κα-

1033 803 1110 834 νόνας
1125 802 1243 837 ἐχόντων
1268 801 1379 837 βιϐλίων
1402 801 1450 828 καὶ
1472 802 1562 838 ἕτεροι
1578 801 1690 832 κανόνες
1706 801 1749 827 ἐπ’
1764 801 1824 828 ὀνό-

1035 857 1101 883 ματι
1115 848 1231 875 ἑκάστου
1253 847 1308 874 τῶν
1336 847 1525 881 πανευῖθήμων
1542 847 1701 873 ἀποστόλων
1728 847 1823 880 ἐπιγε-

1032 895 1198 929 γραμμένοι.
1219 893 1291 920 Ἀλλ’
1304 895 1320 928 ὴ
1349 894 1378 920 ὲν
1391 893 1429 928 τῷ
1454 893 1581 928 Τρούλλιρ
1596 892 1823 926 συναθροισθεῖσα

1033 940 1141 971 σύνοδος
1150 939 1215 965 ’τῶν
1230 939 1288 971 ext."
1312 939 1397 973 ἁγίων
1413 939 1544 973 Πατέρων
1559 938 1606 965 ἐπὶ
1623 938 1671 972 τῆς
1684 937 1824 972 βασιλεῐας

1032 985 1079 1012 τοῦ
1095 985 1296 1020 αὐτοκράτορος
1317 983 1507 1011 Ἰουστινιανοῦ
1526 983 1575 1010 τοῦ
1597 983 1789 1018 Ῥινοτμήτου,
1802 983 1820 1018 ὴ

1033 1032 1167 1068 λεγομένη
1178 1032 1258 1066 ἕκτη,
1268 1031 1457 1066 ἀπαρίθμησιν
1475 1031 1649 1066 ποιησαμένη
1671 1031 1725 1057 τῶν
1740 1030 1822 1061 ἱερῶν

1035 1078 1175 1109 κανόνων,
1193 1077 1265 1104 οὕτω
1284 1077 1384 1112 φησίν·
1403 1077 1498 1110 Ἔδοξε
1518 1078 1552 1112 τῇ
1567 1077 1634 1110 ἀγίᾳ.
1653 1076 1739 1111 ταύτῃ
1757 1083 1823 1102 συν-

1034 1124 1086 1159 όδῳ
1100 1124 1191 1159 μένειν
1205 1123 1329 1159 βεϐαίους
1343 1123 1391 1150 καὶ
1404 1122 1536 1158 ἀσφαλεῖς
1549 1122 1612 1153 τοὺς
1636 1122 1688 1148 ὑπὸ
1700 1121 1754 1148 τῶν
1769 1120 1824 1155 πρὸ

1034 1169 1113 1205 ἡμῶν
1130 1169 1216 1202 ἁγίων
1232 1169 1278 1196 καὶ
1301 1168 1445 1204 μακαρίων
1461 1169 1590 1203 Πατέρων
1606 1167 1753 1202 δεχθέντας
1775 1166 1824 1193 καὶ

1035 1214 1221 1250 κυρωθέντας,
1233 1214 1301 1242 ἀλλά
1319 1214 1372 1250 μὴν
1389 1215 1436 1240 καὶ
1459 1213 1662 1249 παραδοθέντας
1681 1213 1748 1246 ἡμῖν
1763 1210 1824 1237 ὀνό-

1036 1269 1102 1295 ματι
1129 1260 1183 1286 τῶν
1209 1259 1296 1293 ἁγίων
1323 1259 1372 1285 καὶ
1394 1258 1574 1291 ἐνδοξοτάτων
1601 1256 1760 1284 ἀποστόλων
1781 1254 1825 1282 πε¹

1035 1305 1160 1337 κανόνας.
1171 1304 1237 1331 Εἶτα
1252 1304 1318 1339 περὶ
1331 1304 1386 1330 τῶν
1399 1304 1476 1336 παρὰ
1493 1303 1540 1329 τοῦ
1557 1302 1634 1336 ἁγίου
1661 1302 1824 1335 Κλήμεντος

1036 1351 1246 1386 συγγραφεισῶν
1263 1350 1426 1383 Διατάξεων,
1456 1349 1570 1376 alno-31a
1588 1348 1625 1383 μὴ
1640 1348 1740 1382 χρῆναι
1757 1345 1826 1372 ταύ-

1035 1406 1084 1429 τας
1097 1396 1344 1437 ἀναγινώσκεσθαι,
1361 1396 1410 1422 καὶ
1436 1394 1644 1429 ἀποδαλλομένη
1674 1393 1772 1424 αὑτὰς,
1785 1391 1825 1423 ὥς

1035 1441 1182 1476 αἰρετικῶν
1207 1441 1272 1468 νόθα
1299 1440 1372 1473 τινὰ)
1387 1439 1524 1472 καὶ.ξένα
1547 1439 1597 1472 τῆς
1622 1438 1761 1469 εὐσεὸεἱας
1778 1437 1825 1463 ἐπὶ

1035 1486 1108 1522 λύμῃ
1120 1486 1169 1521 τῆς
1189 1486 1352 1523 Ἐκκλησίας
1361 1481 1457 1516 αὐταῖς
1472 1485 1702 1521 παρενειράντων,
1718 1485 1824 1519 μέμνη-

1036 1541 1081 1559 ται
1092 1532 1146 1558 τῶν
1170 1532 1317 1559 συνοδικῶν
1341 1532 1473 1563 κανόνων,
1500 1531 1555 1558 τῶν
1571 1539 1600 1557 τε
1626 1529 1825 1563 οἰκουμενικῶν

1038 1577 1153 1604 συνόδων
1170 1577 1215 1604 καὶ
1228 1577 1282 1604 τῶν
1297 1578 1428 1609 τοπικῶν,
1443 1577 1491 1603 καὶ
1514 1576 1569 1603 τῶν
1588 1575 1665 1610 παρᾶ
1677 1575 1758 1600 θείων
1773 1574 1826 1600 Πα-

1036 1623 1122 1658 τέρων
1138 1623 1215 1654 ἐκτὸς
1231 1623 1347 1650 συνόδων
1376 1623 1530 1658 γενομένων
1546 1623 1677 1649 κανόνων.
1705 1621 1760 1647 Καὶ
1776 1619 1825 1646 ἐπὶ

1035 1669 1141 1700 τούτοις
1154 1669 1251 1702 ἐπάγει
1269 1669 1367 1704 μηδενὶ
1390 1669 1491 1702 ἐξεῖναι
1508 1669 1572 1699 τοὺς
1597 1666 1824 1702 προδηλωσέντας

1037 1715 1259 1749 παραχαράττειν
1282 1715 1408 1746 κανόνας.
1424 1715 1440 1749 ἡ
1458 1714 1579 1744 ἀθετεῖν,
1595 1714 1611 1748 ἢ
1626 1713 1735 1748 ἑτέρους
1749 1711 1826 1745 παρᾶ

1036 1760 1099 1790 τοὺς
1115 1760 1312 1795 προκειμένους
1339 1760 1542 1795 παραδέχεσθαι
1559 1759 1675 1790 κανόνας
1692 1758 1824 1792 ψευδεπι-

1036 1806 1158 1839 γράφους
1189 1806 1241 1832 ὑπό
1270 1815 1352 1834 τινων
1366 1803 1544 1836 συντεθέντας
1561 1806 1614 1832 τῶν
1630 1806 1678 1840 τὴν
1695 1805 1826 1839 ἀλήθειαν

1037 1850 1205 1884 καπηλεύειν
1231 1852 1476 1886 ἐπιχειρησάντων.
1506 1851 1599 1877 Ταῦτα
1624 1851 1671 1877 τοῦ
1698 1851 1827 1885 δευτέρου

1038 1897 1149 1928 κανόνος
1172 1898 1221 1932 τῆς
1238 1898 1321 1934 ἕκτης
1348 1898 1459 1925 συνόδου
1475 1898 1694 1932 διαταττομένου.
1715 1896 1762 1923 καὶ
1776 1905 1827 1931 μη-

1036 1943 1121 1979 δαμοῦ
1138 1943 1232 1978 μνείαν
1251 1944 1437 1979 ποιησαμένου
1456 1944 1555 1979 ἐτέρων
1572 1943 1759 1970 ἀποστολικῶν
1775 1952 1827 1970 κι-

1036 1988 1138 2021 νόνων,
1167 1989 1243 2023 παρὰ
1270 1990 1334 2021 τοὺς
1368 1988 1409 2015 πε¹
1437 1989 1486 2015 οὐκ
1514 1989 1690 2024 ὲγκρίνεσοαι
1706 1989 1746 2014 δεῖ
1762 1990 1828 2020 τοὺς

1036 2034 1199 2071 λεγομένους
1216 2035 1313 2067 ἄλλους
1341 2035 1397 2062 τῶν
1424 2035 1581 2061 ἀποστόλων
1604 2035 1739 2066 κανόνας,
1765 2034 1828 2060 ἀλλ’

1036 2081 1232 2116 ἀποκρίνεσθαι
1258 2080 1369 2116 μᾶλλον,
1392 2080 1563 2112 όόελίζεσοαί
1581 2089 1611 2107 τε
1637 2081 1684 2107 καὶ
1706 2079 1829 2107 ἀποϐάλ-

1035 2128 1130 2156 λεσθαι
1143 2137 1151 2145 ι
1168 2128 1206 2160 ὡς
1227 2127 1479 2163 ψευδεπιγράφους.
1506 2128 1554 2154 καὶ
1578 2127 1674 2157 νόθους
1704 2127 1827 2154 καὶτῶν

1037 2173 1283 2208 ἀπηριθμημένων,
1296 2173 1344 2199 καὶ
1357 2174 1413 2204 τοῖς
1428 2172 1511 2204 θείοις
1523 2172 1572 2198 καὶ
1589 2171 1670 2208 ἱεροῖς
1685 2170 1828 2206 Πατράσιν

1002 2221 1025 2249 D
1039 2218 1242 2254 ὲγκεκριμένων
1256 2219 1346 2249 ἐκτός.

1062 2265 1174 2292 ΛΡΙΣΤ,
1195 2265 1361 2299 Σεϐάσμιος
1380 2264 1400 2297 ἡ
1420 2262 1672 2298 ἐξηκοντάϐιϐλος
1687 2262 1795 2298 μόνον.

1073 2359 1166 2386 Ταῦτα
1189 2358 1258 2393 μόνα
1286 2357 1352 2384 πᾶσι
1375 2357 1515 2392 κληρικοῖς
1541 2356 1588 2383 καὶ
1613 2356 1718 2386 λαϊκοῖς
1733 2354 1826 2390 βιϐλία

1038 2404 1174 2438 σεϐάσμια
1194 2403 1241 2430 καὶ
1256 2404 1321 2437 ἆγια
1333 2403 1469 2436 ὀφείλουσι
1484 2401 1641 2442 κρίνεσθαι·
1667 2402 1751 2437 ήγουν
1774 2401 1826 2435 τῆς

1039 2450 1088 2485 μὲν
1114 2449 1234 2480 παλαιᾶς
1262 2449 1400 2484 Διαθήκης
1422 2449 1519 2476 πέντε·
1549 2448 1674 2479 Γένεσις,
1699 2448 1826 2480 Ἐξοδος,

1038 2494 1179 2523 Λευῖτικὸν
1192 2515 1198 2527 ,
1228 2493 1374 2530 Ἀριθμοὶ,
1399 2494 1613 2529 Δευτερονὸμιον
1626 2502 1633 2509 ·
1649 2493 1738 2528 Ἰησοῦ
1765 2493 1826 2520 υἱοῦ

1038 2541 1115 2576 Ναυῆ
1130 2541 1159 2568 ’ἐν
1169 2550 1176 2558 ·
1188 2541 1298 2576 Κριτῶν
1306 2541 1353 2567 καὶ
1372 2540 1449 2567 Ῥοὺθ
1466 2540 1496 2567 ἓν
1506 2548 1513 2555 ·
1527 2539 1677 2567 Βασιλειῶν
1688 2540 1807 2574 τέσσαρα
1819 2547 1827 2555 ·

1038 2588 1285 2623 Παραλειπομένων
1302 2589 1351 2622 τῆς
1365 2586 1454 2622 βίϐλου
1483 2586 1536 2613 τῶν
1549 2586 1660 2621 ἡμερῶν
1682 2585 1744 2612 δύο·
1759 2585 1827 2612 Ἐσ-

1037 2634 1088 2669 δρα
1104 2633 1150 2660 δύο
1160 2641 1168 2649 '
1189 2634 1289 2669 Ἐσθὴρ
1298 2633 1327 2660 ἓν
1336 2641 1344 2648 ’
1359 2632 1596 2667 Βιακκαῦαίωνιίσ
1614 2631 1677 2659 ’1ὼό
1691 2631 1720 2658 ἓν
1729 2639 1738 2645 ·
1750 2630 1826 2666 ψαλ-

1038 2680 1133 2715 τήριον
1152 2679 1182 2707 ἓν
1194 2688 1200 2695 ·
1217 2679 1388 2714 Σολομῶντος
1410 2679 1473 2714 τρία
1486 2687 1493 2694 ·
1519 2677 1687 2714 Παροιμίαι·
1706 2676 1828 2711 Ἐκκλη-

1041 2727 1172 2762 σιαστής·
1201 2725 1297 2762 ᾏσμα
1327 2725 1480 2761 ᾀσμάτων⁹
1515 2724 1663 2760 προφητῶν
1691 2722 1826 2749 δεκαδύο·

1040 2772 1140 2805 ἔξωθεν
1151 2771 1179 2798 δὲ
1192 2771 1294 2798 τούτων
1307 2771 1354 2797 καὶ
1370 2770 1397 2796 αι
1415 2769 1510 2804 Σοφίαι
1526 2768 1573 2795 τοῦ
1595 2767 1768 2802 πολυμαθοῦς
1781 2766 1828 2793 Σι-

1042 2818 1109 2853 ρὰχ·
1134 2816 1184 2852 τῆς
1199 2816 1227 2843 δὲ
1241 2816 1336 2850 καινῆς
1361 2815 1498 2850 Διαϐήκης
1513 2813 1667 2848 Εὖαγγέλια
1687 2813 1828 2848 τέσσαρατ

1042 2862 1195 2894 Ματθαίου,
1213 2862 1337 2895 Μάρκου,
1363 2861 1466 2894 Λουκᾶ,
1481 2860 1620 2888 Ἰωάννου·
1638 2859 1744 2888 Παύλου
1766 2859 1830 2886 ἐπι-
