  <div class='ocr_page' id='page_1' title='image "/cluster/home/n/w/nwhite01/storage/ocr_20150623/137/njp.32101077773115/125.png"; bbox 0 0 1951 3067; ppageno 0'>
   <div class='ocr_carea' id='block_1_1' title="bbox 234 93 284 126">
    <p class='ocr_par' dir='ltr' id='par_1_1' title="bbox 234 93 284 126">
     <span class='ocr_line' id='line_1_1' title="bbox 234 93 284 126; baseline 0.02 -1"><span class='ocrx_word' id='word_1_1' title='bbox 234 93 284 126; x_wconf 83' lang='lat'><strong>227</strong></span> 
     </span>
    </p>
   </div>
   <div class='ocr_carea' id='block_1_2' title="bbox 861 90 1229 121">
    <p class='ocr_par' dir='ltr' id='par_1_2' title="bbox 861 90 1229 121">
     <span class='ocr_line' id='line_1_2' title="bbox 861 90 1229 121; baseline -0.003 0"><span class='ocrx_word' id='word_1_2' title='bbox 861 93 1001 121; x_wconf 77' lang='lat' dir='ltr'><strong>&#39;l‘llEUD.</strong></span> <span class='ocrx_word' id='word_1_3' title='bbox 1031 90 1229 120; x_wconf 71' lang='lat' dir='ltr'><strong>BALSAMON</strong></span> 
     </span>
    </p>
   </div>
   <div class='ocr_carea' id='block_1_3' title="bbox 1807 89 1865 122">
    <p class='ocr_par' dir='ltr' id='par_1_3' title="bbox 1807 89 1865 122">
     <span class='ocr_line' id='line_1_3' title="bbox 1807 89 1865 122; baseline 0 0"><span class='ocrx_word' id='word_1_4' title='bbox 1807 89 1865 122; x_wconf 65' lang='lat'><strong>223</strong></span> 
     </span>
    </p>
   </div>
   <div class='ocr_carea' id='block_1_4' title="bbox 233 142 1027 180">
    <p class='ocr_par' dir='ltr' id='par_1_4' title="bbox 233 144 1018 180">
     <span class='ocr_line' id='line_1_4' title="bbox 233 144 1018 180; baseline -0.009 -3"><span class='ocrx_word' id='word_1_5' title='bbox 233 148 446 176; x_wconf 84' lang='lat' dir='ltr'><strong>Novatiattorum</strong></span> <span class='ocrx_word' id='word_1_6' title='bbox 462 146 584 179; x_wconf 61' lang='lat' dir='ltr'><strong>haeresis,</strong></span> <span class='ocrx_word' id='word_1_7' title='bbox 598 150 625 173; x_wconf 88' lang='lat' dir='ltr'><strong>et</strong></span> <span class='ocrx_word' id='word_1_8' title='bbox 641 153 655 173; x_wconf 76' lang='grc' dir='ltr'><strong>ιι</strong></span> <span class='ocrx_word' id='word_1_9' title='bbox 669 145 770 180; x_wconf 83' lang='lat' dir='ltr'><strong>nuptiis</strong></span> <span class='ocrx_word' id='word_1_10' title='bbox 784 150 811 173; x_wconf 86' lang='lat' dir='ltr'><strong>et</strong></span> <span class='ocrx_word' id='word_1_11' title='bbox 832 144 955 173; x_wconf 88' lang='lat' dir='ltr'><strong>carnittnt</strong></span> <span class='ocrx_word' id='word_1_12' title='bbox 970 151 1018 171; x_wconf 89' lang='lat' dir='ltr'><strong>esu</strong></span> 
     </span>
    </p>
   </div>
   <div class='ocr_carea' id='block_1_5' title="bbox 1080 142 1865 180">
    <p class='ocr_par' dir='ltr' id='par_1_5' title="bbox 1080 142 1865 178">
     <span class='ocr_line' id='line_1_5' title="bbox 1080 142 1865 178; baseline 0 -9"><span class='ocrx_word' id='word_1_13' title='bbox 1080 144 1189 178; x_wconf 75' lang='grc' dir='ltr'>ιῖρεσις,</span> <span class='ocrx_word' id='word_1_14' title='bbox 1213 143 1260 170; x_wconf 79' lang='grc' dir='ltr'>καὶ</span> <span class='ocrx_word' id='word_1_15' title='bbox 1283 144 1300 178; x_wconf 83' lang='grc' dir='ltr'>ἡ</span> <span class='ocrx_word' id='word_1_16' title='bbox 1324 143 1437 178; x_wconf 76' lang='grc' dir='ltr'>ἄκαιρος</span> <span class='ocrx_word' id='word_1_17' title='bbox 1455 143 1544 178; x_wconf 69' lang='grc' dir='ltr'>ἀποχὴ</span> <span class='ocrx_word' id='word_1_18' title='bbox 1559 142 1605 170; x_wconf 72' lang='grc' dir='ltr'>τοῦ</span> <span class='ocrx_word' id='word_1_19' title='bbox 1622 142 1722 177; x_wconf 74' lang='grc' dir='ltr'>γάμου,</span> <span class='ocrx_word' id='word_1_20' title='bbox 1739 143 1786 169; x_wconf 70' lang='grc' dir='ltr'>καὶ</span> <span class='ocrx_word' id='word_1_21' title='bbox 1808 145 1865 177; x_wconf 73' lang='grc' dir='ltr'><strong>τῆς</strong></span> 
     </span>
    </p>
   </div>
   <div class='ocr_carea' id='block_1_6' title="bbox 235 191 1020 228">
    <p class='ocr_par' dir='ltr' id='par_1_6' title="bbox 235 191 1020 228">
     <span class='ocr_line' id='line_1_6' title="bbox 235 191 1020 228; baseline -0.008 -7"><span class='ocrx_word' id='word_1_22' title='bbox 235 195 389 228; x_wconf 79' lang='lat' dir='ltr'><strong>importuna</strong></span> <span class='ocrx_word' id='word_1_23' title='bbox 407 192 580 224; x_wconf 92' lang='lat' dir='ltr'><strong>abstittentia,</strong></span> <span class='ocrx_word' id='word_1_24' title='bbox 593 196 622 217; x_wconf 90' lang='lat' dir='ltr'><strong>ttt</strong></span> <span class='ocrx_word' id='word_1_25' title='bbox 643 191 699 217; x_wconf 83' lang='lat' dir='ltr'><strong>vult</strong></span> <span class='ocrx_word' id='word_1_26' title='bbox 721 191 738 218; x_wconf 83' lang='lat'><strong>5</strong></span> <span class='ocrx_word' id='word_1_27' title='bbox 761 197 848 218; x_wconf 86' lang='lat' dir='ltr'><strong>canon</strong></span> <span class='ocrx_word' id='word_1_28' title='bbox 874 193 974 224; x_wconf 85' lang='lat' dir='ltr'><strong>apost.,</strong></span> <span class='ocrx_word' id='word_1_29' title='bbox 992 193 1020 216; x_wconf 84' lang='lat' dir='ltr'><strong>et</strong></span> 
     </span>
    </p>
   </div>
   <div class='ocr_carea' id='block_1_7' title="bbox 235 234 1020 274">
    <p class='ocr_par' dir='ltr' id='par_1_7' title="bbox 235 234 1020 274">
     <span class='ocr_line' id='line_1_7' title="bbox 235 234 1020 274; baseline -0.008 -7"><span class='ocrx_word' id='word_1_30' title='bbox 235 240 292 267; x_wconf 88' lang='lat' dir='ltr'><strong>alii.</strong></span> <span class='ocrx_word' id='word_1_31' title='bbox 316 241 370 274; x_wconf 77' lang='lat' dir='ltr'><strong>Ego</strong></span> <span class='ocrx_word' id='word_1_32' title='bbox 387 243 477 266; x_wconf 84' lang='lat' dir='ltr'><strong>autem</strong></span> <span class='ocrx_word' id='word_1_33' title='bbox 495 239 566 268; x_wconf 86' lang='lat' dir='ltr'><strong>dico.</strong></span> <span class='ocrx_word' id='word_1_34' title='bbox 588 238 658 272; x_wconf 87' lang='lat' dir='ltr'><strong>quod</strong></span> <span class='ocrx_word' id='word_1_35' title='bbox 680 245 760 264; x_wconf 79' lang='lat' dir='ltr'><strong>omne</strong></span> <span class='ocrx_word' id='word_1_36' title='bbox 785 241 925 270; x_wconf 88' lang='lat' dir='ltr'><strong>peccatum</strong></span> <span class='ocrx_word' id='word_1_37' title='bbox 948 234 1020 270; x_wconf 87' lang='lat' dir='ltr'><strong>quod</strong></span> 
     </span>
    </p>
   </div>
   <div class='ocr_carea' id='block_1_8' title="bbox 235 281 1020 319">
    <p class='ocr_par' dir='ltr' id='par_1_8' title="bbox 235 281 1020 319">
     <span class='ocr_line' id='line_1_8' title="bbox 235 281 1020 319; baseline -0.006 -8"><span class='ocrx_word' id='word_1_38' title='bbox 235 284 313 311; x_wconf 71' lang='lat' dir='ltr'><strong>aliert</strong></span> <span class='ocrx_word' id='word_1_39' title='bbox 338 284 484 319; x_wconf 75' lang='lat' dir='ltr'><strong>perniciem</strong></span> <span class='ocrx_word' id='word_1_40' title='bbox 504 282 745 317; x_wconf 38' lang='lat' dir='ltr'><strong>attimtc,‘anintale</strong></span> <span class='ocrx_word' id='word_1_41' title='bbox 759 287 882 313; x_wconf 83' lang='lat' dir='ltr'><strong>vocatur,</strong></span> <span class='ocrx_word' id='word_1_42' title='bbox 904 281 961 307; x_wconf 86' lang='lat' dir='ltr'><strong>sive</strong></span> <span class='ocrx_word' id='word_1_43' title='bbox 986 287 1020 306; x_wconf 79' lang='lat' dir='ltr'><strong>cx</strong></span> 
     </span>
    </p>
   </div>
   <div class='ocr_carea' id='block_1_9' title="bbox 235 325 1019 363">
    <p class='ocr_par' dir='ltr' id='par_1_9' title="bbox 235 325 1019 363">
     <span class='ocr_line' id='line_1_9' title="bbox 235 325 1019 363; baseline -0.009 -5"><span class='ocrx_word' id='word_1_44' title='bbox 235 329 450 363; x_wconf 80' lang='lat' dir='ltr'><strong>carporali,si\&#39;e</strong></span> <span class='ocrx_word' id='word_1_45' title='bbox 467 336 499 355; x_wconf 84' lang='lat' dir='ltr'><strong>ex</strong></span> <span class='ocrx_word' id='word_1_46' title='bbox 526 328 635 355; x_wconf 82' lang='lat' dir='ltr'><strong>animali</strong></span> <span class='ocrx_word' id='word_1_47' title='bbox 666 328 829 362; x_wconf 89' lang='lat' dir='ltr'><strong>appetitione</strong></span> <span class='ocrx_word' id='word_1_48' title='bbox 857 325 1019 360; x_wconf 93' lang='lat' dir='ltr'><strong>principium</strong></span> 
     </span>
    </p>
   </div>
   <div class='ocr_carea' id='block_1_10' title="bbox 235 372 1021 409">
    <p class='ocr_par' dir='ltr' id='par_1_10' title="bbox 235 372 1021 409">
     <span class='ocr_line' id='line_1_10' title="bbox 235 372 1021 409; baseline -0.005 -7"><span class='ocrx_word' id='word_1_49' title='bbox 235 375 359 409; x_wconf 84' lang='lat' dir='ltr'><strong>accipiat.</strong></span> <span class='ocrx_word' id='word_1_50' title='bbox 376 373 522 409; x_wconf 70' lang='lat' dir='ltr'><strong>Propterea</strong></span> <span class='ocrx_word' id='word_1_51' title='bbox 549 374 620 400; x_wconf 88' lang='lat' dir='ltr'><strong>enitn</strong></span> <span class='ocrx_word' id='word_1_52' title='bbox 643 380 734 400; x_wconf 79' lang='lat' dir='ltr'><strong>omnia</strong></span> <span class='ocrx_word' id='word_1_53' title='bbox 758 377 867 406; x_wconf 84' lang='lat' dir='ltr'><strong>peccata</strong></span> <span class='ocrx_word' id='word_1_54' title='bbox 891 372 1021 398; x_wconf 83' lang='lat' dir='ltr'><strong>animales</strong></span> 
     </span>
    </p>
   </div>
   <div class='ocr_carea' id='block_1_11' title="bbox 236 419 1022 455">
    <p class='ocr_par' dir='ltr' id='par_1_11' title="bbox 236 419 1022 455">
     <span class='ocr_line' id='line_1_11' title="bbox 236 419 1022 455; baseline -0.005 -8"><span class='ocrx_word' id='word_1_55' title='bbox 236 422 326 455; x_wconf 86' lang='lat' dir='ltr'><strong>lapsus</strong></span> <span class='ocrx_word' id='word_1_56' title='bbox 341 426 419 448; x_wconf 89' lang='lat' dir='ltr'><strong>vocat</strong></span> <span class='ocrx_word' id='word_1_57' title='bbox 438 419 566 446; x_wconf 76' lang='lat' dir='ltr'><strong>Ecclesia.</strong></span> <span class='ocrx_word' id='word_1_58' title='bbox 588 419 657 452; x_wconf 81' lang='lat' dir='ltr'><strong>Quill</strong></span> <span class='ocrx_word' id='word_1_59' title='bbox 684 419 765 445; x_wconf 86' lang='lat' dir='ltr'><strong>etiam</strong></span> <span class='ocrx_word' id='word_1_60' title='bbox 784 426 871 445; x_wconf 89' lang='lat' dir='ltr'><strong>canon</strong></span> <span class='ocrx_word' id='word_1_61' title='bbox 897 421 1022 451; x_wconf 84' lang='lat' dir='ltr'><strong>peccato-</strong></span> 
     </span>
    </p>
   </div>
   <div class='ocr_carea' id='block_1_12' title="bbox 236 463 1020 498">
    <p class='ocr_par' dir='ltr' id='par_1_12' title="bbox 236 463 1020 498">
     <span class='ocr_line' id='line_1_12' title="bbox 236 463 1020 498; baseline -0.005 -5"><span class='ocrx_word' id='word_1_62' title='bbox 236 474 294 493; x_wconf 87' lang='lat' dir='ltr'><strong>rum</strong></span> <span class='ocrx_word' id='word_1_63' title='bbox 309 466 495 493; x_wconf 88' lang='lat' dir='ltr'><strong>tanttttnmodo</strong></span> <span class='ocrx_word' id='word_1_64' title='bbox 511 465 665 491; x_wconf 79' lang='lat' dir='ltr'><strong>animalium</strong></span> <span class='ocrx_word' id='word_1_65' title='bbox 683 464 813 496; x_wconf 81' lang='lat' dir='ltr'><strong>meminit,</strong></span> <span class='ocrx_word' id='word_1_66' title='bbox 829 468 858 490; x_wconf 94' lang='lat' dir='ltr'><strong>ut</strong></span> <span class='ocrx_word' id='word_1_67' title='bbox 869 471 927 498; x_wconf 74' lang='lat' dir='ltr'><strong>qua:</strong></span> <span class='ocrx_word' id='word_1_68' title='bbox 940 463 1020 490; x_wconf 87' lang='lat' dir='ltr'><strong>etiam</strong></span> 
     </span>
    </p>
   </div>
   <div class='ocr_carea' id='block_1_13' title="bbox 235 510 1022 547">
    <p class='ocr_par' dir='ltr' id='par_1_13' title="bbox 235 510 1022 547">
     <span class='ocr_line' id='line_1_13' title="bbox 235 510 1022 547; baseline -0.006 -8"><span class='ocrx_word' id='word_1_69' title='bbox 235 513 384 547; x_wconf 80' lang='lat' dir='ltr'><strong>corporalia</strong></span> <span class='ocrx_word' id='word_1_70' title='bbox 400 511 641 546; x_wconf 89' lang='lat' dir='ltr'><strong>comprehendant.</strong></span> <span class='ocrx_word' id='word_1_71' title='bbox 655 510 730 544; x_wconf 88' lang='lat' dir='ltr'><strong>Quod</strong></span> <span class='ocrx_word' id='word_1_72' title='bbox 748 515 838 536; x_wconf 73' lang='lat' dir='ltr'><strong>antem</strong></span> <span class='ocrx_word' id='word_1_73' title='bbox 861 517 913 536; x_wconf 92' lang='lat' dir='ltr'><strong>tton</strong></span> <span class='ocrx_word' id='word_1_74' title='bbox 927 510 1022 543; x_wconf 83' lang='lat' dir='ltr'><strong>punia-</strong></span> 
     </span>
    </p>
   </div>
   <div class='ocr_carea' id='block_1_14' title="bbox 236 557 1022 592">
    <p class='ocr_par' dir='ltr' id='par_1_14' title="bbox 236 557 1022 592">
     <span class='ocr_line' id='line_1_14' title="bbox 236 557 1022 592; baseline -0.006 -8"><span class='ocrx_word' id='word_1_75' title='bbox 236 563 280 584; x_wconf 91' lang='lat' dir='ltr'><strong>tur</strong></span> <span class='ocrx_word' id='word_1_76' title='bbox 296 558 456 592; x_wconf 81' lang='lat' dir='ltr'><strong>haptizatus,</strong></span> <span class='ocrx_word' id='word_1_77' title='bbox 477 563 503 584; x_wconf 91' lang='lat' dir='ltr'><strong>et</strong></span> <span class='ocrx_word' id='word_1_78' title='bbox 530 557 555 584; x_wconf 88' lang='lat' dir='ltr'><strong>itt</strong></span> <span class='ocrx_word' id='word_1_79' title='bbox 579 557 678 583; x_wconf 81' lang='lat' dir='ltr'><strong>clerum</strong></span> <span class='ocrx_word' id='word_1_80' title='bbox 713 559 878 589; x_wconf 79' lang='lat' dir='ltr'><strong>aSsumpttts,</strong></span> <span class='ocrx_word' id='word_1_81' title='bbox 914 559 1022 588; x_wconf 88' lang='lat' dir='ltr'><strong>propter</strong></span> 
     </span>
    </p>
   </div>
   <div class='ocr_carea' id='block_1_15' title="bbox 237 601 1021 635">
    <p class='ocr_par' dir='ltr' id='par_1_15' title="bbox 237 601 1021 635">
     <span class='ocr_line' id='line_1_15' title="bbox 237 601 1021 635; baseline -0.006 -5"><span class='ocrx_word' id='word_1_82' title='bbox 237 603 450 634; x_wconf 67' lang='lat' dir='ltr'><strong>t‘nrttiCationem,</strong></span> <span class='ocrx_word' id='word_1_83' title='bbox 475 603 516 629; x_wconf 89' lang='lat' dir='ltr'><strong>vel</strong></span> <span class='ocrx_word' id='word_1_84' title='bbox 541 603 654 633; x_wconf 74' lang='lat' dir='ltr'><strong>ctedem,</strong></span> <span class='ocrx_word' id='word_1_85' title='bbox 675 609 755 635; x_wconf 86' lang='lat' dir='ltr'><strong>quam</strong></span> <span class='ocrx_word' id='word_1_86' title='bbox 774 605 836 627; x_wconf 85' lang='lat' dir='ltr'><strong>ante</strong></span> <span class='ocrx_word' id='word_1_87' title='bbox 862 601 1021 633; x_wconf 88' lang='lat' dir='ltr'><strong>baptismum</strong></span> 
     </span>
    </p>
   </div>
   <div class='ocr_carea' id='block_1_16' title="bbox 239 645 1022 682">
    <p class='ocr_par' dir='ltr' id='par_1_16' title="bbox 239 645 1022 682">
     <span class='ocr_line' id='line_1_16' title="bbox 239 645 1022 682; baseline -0.005 -7"><span class='ocrx_word' id='word_1_88' title='bbox 239 649 358 680; x_wconf 82' lang='lat' dir='ltr'><strong>admisit,</strong></span> <span class='ocrx_word' id='word_1_89' title='bbox 393 648 451 682; x_wconf 85' lang='lat' dir='ltr'><strong>lege</strong></span> <span class='ocrx_word' id='word_1_90' title='bbox 470 648 505 674; x_wconf 78' lang='grc'>20</span> <span class='ocrx_word' id='word_1_91' title='bbox 521 656 581 674; x_wconf 84' lang='lat' dir='ltr'><strong>catt.</strong></span> <span class='ocrx_word' id='word_1_92' title='bbox 611 648 695 674; x_wconf 78' lang='lat' dir='ltr'><strong>sant-ti</strong></span> <span class='ocrx_word' id='word_1_93' title='bbox 711 646 805 678; x_wconf 85' lang='lat' dir='ltr'><strong>Basil.,</strong></span> <span class='ocrx_word' id='word_1_94' title='bbox 823 650 849 672; x_wconf 89' lang='lat' dir='ltr'><strong>et</strong></span> <span class='ocrx_word' id='word_1_95' title='bbox 874 653 931 680; x_wconf 75' lang='lat' dir='ltr'><strong>qua:</strong></span> <span class='ocrx_word' id='word_1_96' title='bbox 949 645 975 672; x_wconf 88' lang='lat' dir='ltr'><strong>itt</strong></span> <span class='ocrx_word' id='word_1_97' title='bbox 990 652 1022 671; x_wconf 90' lang='lat' dir='ltr'><strong>eo</strong></span> 
     </span>
    </p>
   </div>
   <div class='ocr_carea' id='block_1_17' title="bbox 237 692 851 728">
    <p class='ocr_par' dir='ltr' id='par_1_17' title="bbox 237 692 851 728">
     <span class='ocr_line' id='line_1_17' title="bbox 237 692 851 728; baseline -0.007 -6"><span class='ocrx_word' id='word_1_98' title='bbox 237 701 309 726; x_wconf 87' lang='lat' dir='ltr'><strong>sunt,</strong></span> <span class='ocrx_word' id='word_1_99' title='bbox 323 700 349 722; x_wconf 80' lang='lat' dir='ltr'><strong>et</strong></span> <span class='ocrx_word' id='word_1_100' title='bbox 361 699 516 722; x_wconf 83' lang='lat' dir='ltr'><strong>sanctorum</strong></span> <span class='ocrx_word' id='word_1_101' title='bbox 534 693 714 728; x_wconf 79' lang='lat' dir='ltr'><strong>apostolorum</strong></span> <span class='ocrx_word' id='word_1_102' title='bbox 732 700 792 720; x_wconf 87' lang='lat' dir='ltr'><strong>can.</strong></span> <span class='ocrx_word' id='word_1_103' title='bbox 809 692 851 718; x_wconf 79' lang='lat' dir='ltr'><strong>i7.</strong></span> 
     </span>
    </p>
   </div>
   <div class='ocr_carea' id='block_1_18' title="bbox 273 738 1021 773">
    <p class='ocr_par' dir='ltr' id='par_1_18' title="bbox 273 738 1021 773">
     <span class='ocr_line' id='line_1_18' title="bbox 273 738 1021 773; baseline -0.008 -5"><span class='ocrx_word' id='word_1_104' title='bbox 273 740 399 768; x_wconf 78' lang='lat' dir='ltr'><strong>ZONAR.</strong></span> <span class='ocrx_word' id='word_1_105' title='bbox 417 739 579 767; x_wconf 87' lang='lat' dir='ltr'><strong>Sanctorum</strong></span> <span class='ocrx_word' id='word_1_106' title='bbox 594 746 702 773; x_wconf 83' lang='lat' dir='ltr'><strong>quoque</strong></span> <span class='ocrx_word' id='word_1_107' title='bbox 713 738 895 772; x_wconf 86' lang='lat' dir='ltr'><strong>apostolorum</strong></span> <span class='ocrx_word' id='word_1_108' title='bbox 910 741 1021 771; x_wconf 75' lang='lat' dir='ltr'><strong>octoge-</strong></span> 
     </span>
    </p>
   </div>
   <div class='ocr_carea' id='block_1_19' title="bbox 238 782 1024 820">
    <p class='ocr_par' dir='ltr' id='par_1_19' title="bbox 238 782 1024 820">
     <span class='ocr_line' id='line_1_19' title="bbox 238 782 1024 820; baseline -0.008 -6"><span class='ocrx_word' id='word_1_109' title='bbox 238 788 322 815; x_wconf 87' lang='lat' dir='ltr'><strong>simus</strong></span> <span class='ocrx_word' id='word_1_110' title='bbox 336 795 434 818; x_wconf 86' lang='lat' dir='ltr'><strong>canon,</strong></span> <span class='ocrx_word' id='word_1_111' title='bbox 451 786 496 820; x_wconf 88' lang='lat' dir='ltr'><strong>qui</strong></span> <span class='ocrx_word' id='word_1_112' title='bbox 510 793 541 813; x_wconf 77' lang='lat' dir='ltr'><strong>ex</strong></span> <span class='ocrx_word' id='word_1_113' title='bbox 558 785 650 820; x_wconf 78' lang='lat' dir='ltr'><strong>gentili</strong></span> <span class='ocrx_word' id='word_1_114' title='bbox 671 784 736 816; x_wconf 83' lang='lat' dir='ltr'><strong>vita,</strong></span> <span class='ocrx_word' id='word_1_115' title='bbox 763 789 811 810; x_wconf 91' lang='lat' dir='ltr'><strong>aut</strong></span> <span class='ocrx_word' id='word_1_116' title='bbox 837 783 958 817; x_wconf 89' lang='lat' dir='ltr'><strong>improba</strong></span> <span class='ocrx_word' id='word_1_117' title='bbox 984 782 1024 808; x_wconf 90' lang='lat' dir='ltr'><strong>vi-</strong></span> 
     </span>
    </p>
   </div>
   <div class='ocr_carea' id='block_1_20' title="bbox 1073 188 1866 224">
    <p class='ocr_par' dir='ltr' id='par_1_20' title="bbox 1073 188 1866 224">
     <span class='ocr_line' id='line_1_20' title="bbox 1073 188 1866 224; baseline -0.001 -10"><span class='ocrx_word' id='word_1_118' title='bbox 1073 189 1260 224; x_wconf 75' lang='grc' dir='ltr'>κρεωφαγίας,</span> <span class='ocrx_word' id='word_1_119' title='bbox 1273 188 1346 215; x_wconf 80' lang='grc' dir='ltr'>κατὰ</span> <span class='ocrx_word' id='word_1_120' title='bbox 1361 189 1408 215; x_wconf 73' lang='grc' dir='ltr'>τὸν</span> <span class='ocrx_word' id='word_1_121' title='bbox 1421 188 1441 215; x_wconf 82' lang='grc' dir='ltr'>ε’</span> <span class='ocrx_word' id='word_1_122' title='bbox 1454 189 1554 215; x_wconf 79' lang='grc' dir='ltr'>κανόνα</span> <span class='ocrx_word' id='word_1_123' title='bbox 1571 189 1625 215; x_wconf 82' lang='grc' dir='ltr'><strong>τῶν</strong></span> <span class='ocrx_word' id='word_1_124' title='bbox 1641 188 1727 221; x_wconf 83' lang='grc' dir='ltr'>ἁγίων</span> <span class='ocrx_word' id='word_1_125' title='bbox 1742 188 1866 214; x_wconf 68' lang='grc' dir='ltr'>ἀποστί-</span> 
     </span>
    </p>
   </div>
   <div class='ocr_carea' id='block_1_21' title="bbox 1073 233 1867 269">
    <p class='ocr_par' dir='ltr' id='par_1_21' title="bbox 1073 233 1867 269">
     <span class='ocr_line' id='line_1_21' title="bbox 1073 233 1867 269; baseline -0.001 -9"><span class='ocrx_word' id='word_1_126' title='bbox 1073 233 1137 266; x_wconf 80' lang='grc' dir='ltr'>λων,</span> <span class='ocrx_word' id='word_1_127' title='bbox 1159 235 1207 260; x_wconf 70' lang='grc' dir='ltr'>καὶ</span> <span class='ocrx_word' id='word_1_128' title='bbox 1229 235 1330 269; x_wconf 74' lang='grc' dir='ltr'>ἑτέρων</span> <span class='ocrx_word' id='word_1_129' title='bbox 1344 243 1352 250; x_wconf 87' lang='grc'><strong>·</strong></span> <span class='ocrx_word' id='word_1_130' title='bbox 1371 234 1427 268; x_wconf 83' lang='grc' dir='ltr'><strong>ἐγὼ</strong></span> <span class='ocrx_word' id='word_1_131' title='bbox 1445 234 1473 260; x_wconf 72' lang='grc' dir='ltr'>δέ</span> <span class='ocrx_word' id='word_1_132' title='bbox 1489 243 1562 269; x_wconf 80' lang='grc' dir='ltr'>φημι</span> <span class='ocrx_word' id='word_1_133' title='bbox 1575 234 1612 266; x_wconf 80' lang='grc' dir='ltr'><strong>ὡς</strong></span> <span class='ocrx_word' id='word_1_134' title='bbox 1635 235 1689 260; x_wconf 78' lang='grc' dir='ltr'>πᾶν</span> <span class='ocrx_word' id='word_1_135' title='bbox 1710 234 1867 268; x_wconf 72' lang='grc' dir='ltr'>ἁμάρτημα</span> 
     </span>
    </p>
   </div>
   <div class='ocr_carea' id='block_1_22' title="bbox 1073 279 1867 315">
    <p class='ocr_par' dir='ltr' id='par_1_22' title="bbox 1073 279 1867 315">
     <span class='ocr_line' id='line_1_22' title="bbox 1073 279 1867 315; baseline -0.001 -9"><span class='ocrx_word' id='word_1_136' title='bbox 1073 279 1175 313; x_wconf 77' lang='grc' dir='ltr'>ἐπάγον</span> <span class='ocrx_word' id='word_1_137' title='bbox 1190 281 1222 314; x_wconf 83' lang='grc' dir='ltr'>τῇ</span> <span class='ocrx_word' id='word_1_138' title='bbox 1238 279 1310 314; x_wconf 86' lang='grc' dir='ltr'>ψυχῇ</span> <span class='ocrx_word' id='word_1_139' title='bbox 1329 280 1432 314; x_wconf 79' lang='grc' dir='ltr'>βλάϐην</span> <span class='ocrx_word' id='word_1_140' title='bbox 1447 280 1564 315; x_wconf 75' lang='grc' dir='ltr'>ψυχικὸν</span> <span class='ocrx_word' id='word_1_141' title='bbox 1578 279 1754 314; x_wconf 78' lang='grc' dir='ltr'>ὀνομάζεται,</span> <span class='ocrx_word' id='word_1_142' title='bbox 1768 279 1820 306; x_wconf 78' lang='grc' dir='ltr'>κᾶν</span> <span class='ocrx_word' id='word_1_143' title='bbox 1831 280 1867 306; x_wconf 82' lang='grc' dir='ltr'>ἐκ</span> 
     </span>
    </p>
   </div>
   <div class='ocr_carea' id='block_1_23' title="bbox 1075 325 1867 361">
    <p class='ocr_par' dir='ltr' id='par_1_23' title="bbox 1075 325 1867 361">
     <span class='ocr_line' id='line_1_23' title="bbox 1075 325 1867 361; baseline -0.003 -9"><span class='ocrx_word' id='word_1_144' title='bbox 1075 326 1235 361; x_wconf 80' lang='grc' dir='ltr'><strong>σωματικῆς</strong></span> <span class='ocrx_word' id='word_1_145' title='bbox 1264 325 1380 361; x_wconf 81' lang='grc' dir='ltr'><strong>ὀρέξεως</strong></span> <span class='ocrx_word' id='word_1_146' title='bbox 1407 326 1516 360; x_wconf 75' lang='grc' dir='ltr'><strong>δέξηται</strong></span> <span class='ocrx_word' id='word_1_147' title='bbox 1545 325 1594 360; x_wconf 82' lang='grc' dir='ltr'>τὴν</span> <span class='ocrx_word' id='word_1_148' title='bbox 1618 326 1723 360; x_wconf 78' lang='grc' dir='ltr'>ἀρχὴν,</span> <span class='ocrx_word' id='word_1_149' title='bbox 1747 325 1800 351; x_wconf 70' lang='grc' dir='ltr'>κᾶν</span> <span class='ocrx_word' id='word_1_150' title='bbox 1833 326 1867 351; x_wconf 77' lang='grc' dir='ltr'>ἐκ</span> 
     </span>
    </p>
   </div>
   <div class='ocr_carea' id='block_1_24' title="bbox 1073 370 1866 406">
    <p class='ocr_par' dir='ltr' id='par_1_24' title="bbox 1073 370 1866 406">
     <span class='ocr_line' id='line_1_24' title="bbox 1073 370 1866 406; baseline -0.001 -9"><span class='ocrx_word' id='word_1_151' title='bbox 1073 371 1203 406; x_wconf 77' lang='grc' dir='ltr'><strong>ψυχικῆς.</strong></span> <span class='ocrx_word' id='word_1_152' title='bbox 1228 372 1277 398; x_wconf 69' lang='grc' dir='ltr'>Διὰ</span> <span class='ocrx_word' id='word_1_153' title='bbox 1293 371 1348 406; x_wconf 75' lang='grc' dir='ltr'><strong>γὰρ</strong></span> <span class='ocrx_word' id='word_1_154' title='bbox 1362 370 1442 397; x_wconf 80' lang='grc' dir='ltr'>τοῦτο</span> <span class='ocrx_word' id='word_1_155' title='bbox 1460 371 1507 397; x_wconf 65' lang='grc' dir='ltr'><strong>κα)⁸</strong></span> <span class='ocrx_word' id='word_1_156' title='bbox 1522 370 1611 397; x_wconf 79' lang='grc' dir='ltr'>πάντα</span> <span class='ocrx_word' id='word_1_157' title='bbox 1626 371 1660 396; x_wconf 80' lang='grc' dir='ltr'><strong>τὰ</strong></span> <span class='ocrx_word' id='word_1_158' title='bbox 1673 371 1866 405; x_wconf 79' lang='grc' dir='ltr'>ἁμαρτήματα</span> 
     </span>
    </p>
   </div>
   <div class='ocr_carea' id='block_1_25' title="bbox 1074 415 1868 451">
    <p class='ocr_par' dir='ltr' id='par_1_25' title="bbox 1074 415 1868 451">
     <span class='ocr_line' id='line_1_25' title="bbox 1074 415 1868 451; baseline -0.004 -9"><span class='ocrx_word' id='word_1_159' title='bbox 1074 416 1178 451; x_wconf 77' lang='grc' dir='ltr'>ψυχικὰ</span> <span class='ocrx_word' id='word_1_160' title='bbox 1193 417 1341 451; x_wconf 73' lang='grc' dir='ltr'><strong>σφάλματα</strong></span> <span class='ocrx_word' id='word_1_161' title='bbox 1356 417 1372 451; x_wconf 80' lang='grc' dir='ltr'><strong>ἡ</strong></span> <span class='ocrx_word' id='word_1_162' title='bbox 1404 416 1551 447; x_wconf 76' lang='grc' dir='ltr'><strong>Ἐκκλησία</strong></span> <span class='ocrx_word' id='word_1_163' title='bbox 1571 416 1764 450; x_wconf 75' lang='grc' dir='ltr'>κατονομάζει.</span> <span class='ocrx_word' id='word_1_164' title='bbox 1778 415 1836 440; x_wconf 82' lang='grc' dir='ltr'><strong>Καὶ</strong></span> <span class='ocrx_word' id='word_1_165' title='bbox 1853 415 1868 439; x_wconf 88' lang='grc' dir='ltr'>ὁ</span> 
     </span>
    </p>
   </div>
   <div class='ocr_carea' id='block_1_26' title="bbox 1075 460 1867 497">
    <p class='ocr_par' dir='ltr' id='par_1_26' title="bbox 1075 460 1867 497">
     <span class='ocr_line' id='line_1_26' title="bbox 1075 460 1867 497; baseline -0.004 -8"><span class='ocrx_word' id='word_1_166' title='bbox 1075 463 1164 489; x_wconf 85' lang='grc' dir='ltr'>κανὼν</span> <span class='ocrx_word' id='word_1_167' title='bbox 1189 462 1217 488; x_wconf 74' lang='grc' dir='ltr'>δὲ</span> <span class='ocrx_word' id='word_1_168' title='bbox 1247 462 1335 497; x_wconf 86' lang='grc' dir='ltr'>μόνων</span> <span class='ocrx_word' id='word_1_169' title='bbox 1348 462 1471 497; x_wconf 72' lang='grc' dir='ltr'>ἐμνήσθη</span> <span class='ocrx_word' id='word_1_170' title='bbox 1496 461 1706 497; x_wconf 81' lang='grc' dir='ltr'><strong>ἁμαρτημάτων</strong></span> <span class='ocrx_word' id='word_1_171' title='bbox 1727 460 1867 496; x_wconf 77' lang='grc' dir='ltr'>ψυχικῶν,</span> 
     </span>
    </p>
   </div>
   <div class='ocr_carea' id='block_1_27' title="bbox 1075 507 1867 543">
    <p class='ocr_par' dir='ltr' id='par_1_27' title="bbox 1075 507 1867 543">
     <span class='ocr_line' id='line_1_27' title="bbox 1075 507 1867 543; baseline -0.003 -9"><span class='ocrx_word' id='word_1_172' title='bbox 1075 509 1112 540; x_wconf 79' lang='grc' dir='ltr'>ὡς</span> <span class='ocrx_word' id='word_1_173' title='bbox 1137 509 1316 543; x_wconf 81' lang='grc' dir='ltr'>περιεχόντων</span> <span class='ocrx_word' id='word_1_174' title='bbox 1343 509 1389 534; x_wconf 80' lang='grc' dir='ltr'>καὶ</span> <span class='ocrx_word' id='word_1_175' title='bbox 1412 508 1446 534; x_wconf 81' lang='grc' dir='ltr'><strong>τὰ</strong></span> <span class='ocrx_word' id='word_1_176' title='bbox 1464 508 1591 542; x_wconf 72' lang='grc' dir='ltr'>σαρκικὰ.</span> <span class='ocrx_word' id='word_1_177' title='bbox 1609 508 1675 541; x_wconf 83' lang='grc' dir='ltr'>Περὶ</span> <span class='ocrx_word' id='word_1_178' title='bbox 1701 507 1792 541; x_wconf 86' lang='grc' dir='ltr'>μέντοι</span> <span class='ocrx_word' id='word_1_179' title='bbox 1816 507 1867 532; x_wconf 72' lang='grc' dir='ltr'>τοῦ</span> 
     </span>
    </p>
   </div>
   <div class='ocr_carea' id='block_1_28' title="bbox 1077 551 1869 589">
    <p class='ocr_par' dir='ltr' id='par_1_28' title="bbox 1077 551 1869 589">
     <span class='ocr_line' id='line_1_28' title="bbox 1077 551 1869 589; baseline -0.003 -9"><span class='ocrx_word' id='word_1_180' title='bbox 1077 554 1114 589; x_wconf 87' lang='grc' dir='ltr'>μὴ</span> <span class='ocrx_word' id='word_1_181' title='bbox 1134 554 1297 586; x_wconf 76' lang='grc' dir='ltr'>κολάζεσθαι</span> <span class='ocrx_word' id='word_1_182' title='bbox 1323 555 1368 581; x_wconf 66' lang='grc' dir='ltr'>τὸν</span> <span class='ocrx_word' id='word_1_183' title='bbox 1391 554 1590 589; x_wconf 76' lang='grc' dir='ltr'>βαπτισθέντα,</span> <span class='ocrx_word' id='word_1_184' title='bbox 1619 554 1667 580; x_wconf 76' lang='grc' dir='ltr'>καὶ</span> <span class='ocrx_word' id='word_1_185' title='bbox 1689 551 1869 587; x_wconf 77' lang='grc' dir='ltr'>κληρωθέντα</span> 
     </span>
    </p>
   </div>
   <div class='ocr_carea' id='block_1_29' title="bbox 1075 598 1868 634">
    <p class='ocr_par' dir='ltr' id='par_1_29' title="bbox 1075 598 1868 634">
     <span class='ocr_line' id='line_1_29' title="bbox 1075 598 1868 634; baseline -0.003 -9"><span class='ocrx_word' id='word_1_186' title='bbox 1075 599 1119 625; x_wconf 78' lang='grc' dir='ltr'><strong>διὰ</strong></span> <span class='ocrx_word' id='word_1_187' title='bbox 1130 600 1178 634; x_wconf 83' lang='grc' dir='ltr'>τὴν</span> <span class='ocrx_word' id='word_1_188' title='bbox 1191 599 1243 632; x_wconf 83' lang='grc' dir='ltr'>πρὸ</span> <span class='ocrx_word' id='word_1_189' title='bbox 1257 599 1304 625; x_wconf 84' lang='grc' dir='ltr'>τοῦ</span> <span class='ocrx_word' id='word_1_190' title='bbox 1324 599 1510 634; x_wconf 75' lang='grc' dir='ltr'><strong>βαπτίσματος</strong></span> <span class='ocrx_word' id='word_1_191' title='bbox 1529 599 1657 634; x_wconf 77' lang='grc' dir='ltr'>πορνείαν</span> <span class='ocrx_word' id='word_1_192' title='bbox 1679 599 1696 633; x_wconf 79' lang='grc' dir='ltr'><strong>ἢ</strong></span> <span class='ocrx_word' id='word_1_193' title='bbox 1718 598 1762 624; x_wconf 80' lang='grc' dir='ltr'>τὸν</span> <span class='ocrx_word' id='word_1_194' title='bbox 1785 598 1868 632; x_wconf 71' lang='grc' dir='ltr'>φόνον</span> 
     </span>
    </p>
   </div>
   <div class='ocr_carea' id='block_1_30' title="bbox 1075 644 1869 679">
    <p class='ocr_par' dir='ltr' id='par_1_30' title="bbox 1075 644 1869 679">
     <span class='ocr_line' id='line_1_30' title="bbox 1075 644 1869 679; baseline -0.001 -9"><span class='ocrx_word' id='word_1_195' title='bbox 1075 645 1212 679; x_wconf 82' lang='grc' dir='ltr'>ἀνάγνωθι</span> <span class='ocrx_word' id='word_1_196' title='bbox 1224 646 1269 671; x_wconf 63' lang='grc' dir='ltr'>τὴν</span> <span class='ocrx_word' id='word_1_197' title='bbox 1283 649 1307 672; x_wconf 71' lang='grc' dir='ltr'>κ’</span> <span class='ocrx_word' id='word_1_198' title='bbox 1327 647 1427 672; x_wconf 78' lang='grc' dir='ltr'>κανόνα</span> <span class='ocrx_word' id='word_1_199' title='bbox 1440 645 1487 672; x_wconf 80' lang='grc' dir='ltr'>τοῦ</span> <span class='ocrx_word' id='word_1_200' title='bbox 1511 645 1589 679; x_wconf 83' lang='grc' dir='ltr'>ἁγίου</span> <span class='ocrx_word' id='word_1_201' title='bbox 1609 644 1749 671; x_wconf 82' lang='grc' dir='ltr'>Βασιλείου</span> <span class='ocrx_word' id='word_1_202' title='bbox 1769 644 1818 670; x_wconf 70' lang='grc' dir='ltr'>καὶ</span> <span class='ocrx_word' id='word_1_203' title='bbox 1831 645 1869 670; x_wconf 74' lang='grc' dir='ltr'><strong>τὰ</strong></span> 
     </span>
    </p>
   </div>
   <div class='ocr_carea' id='block_1_31' title="bbox 1076 689 1782 724">
    <p class='ocr_par' dir='ltr' id='par_1_31' title="bbox 1076 689 1782 724">
     <span class='ocr_line' id='line_1_31' title="bbox 1076 689 1782 724; baseline 0.001 -9"><span class='ocrx_word' id='word_1_204' title='bbox 1076 690 1104 716; x_wconf 80' lang='grc' dir='ltr'>ἐν</span> <span class='ocrx_word' id='word_1_205' title='bbox 1119 690 1194 724; x_wconf 80' lang='grc' dir='ltr'><strong>αὑτῷ</strong></span> <span class='ocrx_word' id='word_1_206' title='bbox 1211 691 1257 717; x_wconf 69' lang='grc' dir='ltr'><strong>καὶ</strong></span> <span class='ocrx_word' id='word_1_207' title='bbox 1269 691 1323 716; x_wconf 82' lang='grc' dir='ltr'>τῶν</span> <span class='ocrx_word' id='word_1_208' title='bbox 1338 691 1424 724; x_wconf 83' lang='grc' dir='ltr'>ἁγίων</span> <span class='ocrx_word' id='word_1_209' title='bbox 1445 691 1603 717; x_wconf 72' lang='grc' dir='ltr'>ἀποστόλων</span> <span class='ocrx_word' id='word_1_210' title='bbox 1618 690 1718 716; x_wconf 87' lang='grc' dir='ltr'>κανόνα</span> <span class='ocrx_word' id='word_1_211' title='bbox 1738 689 1782 721; x_wconf 74' lang='grc' dir='ltr'><strong>ιζ’.</strong></span> 
     </span>
    </p>
   </div>
   <div class='ocr_carea' id='block_1_32' title="bbox 1116 735 1869 771">
    <p class='ocr_par' dir='ltr' id='par_1_32' title="bbox 1116 735 1869 771">
     <span class='ocr_line' id='line_1_32' title="bbox 1116 735 1869 771; baseline -0.003 -9"><span class='ocrx_word' id='word_1_212' title='bbox 1116 737 1238 763; x_wconf 77' lang='grc' dir='ltr'><strong>ΖΩΝᾹΡ.</strong></span> <span class='ocrx_word' id='word_1_213' title='bbox 1270 737 1324 762; x_wconf 73' lang='grc' dir='ltr'><strong>Καὶ</strong></span> <span class='ocrx_word' id='word_1_214' title='bbox 1345 738 1358 761; x_wconf 86' lang='grc' dir='ltr'>ὀ</span> <span class='ocrx_word' id='word_1_215' title='bbox 1383 736 1562 771; x_wconf 72' lang='grc' dir='ltr'><strong>ὀγδοηκοστὸς</strong></span> <span class='ocrx_word' id='word_1_216' title='bbox 1585 735 1675 762; x_wconf 85' lang='grc' dir='ltr'>κανὼν</span> <span class='ocrx_word' id='word_1_217' title='bbox 1697 735 1750 761; x_wconf 83' lang='grc' dir='ltr'>τῶν</span> <span class='ocrx_word' id='word_1_218' title='bbox 1779 735 1869 768; x_wconf 79' lang='grc' dir='ltr'>ἁγίων</span> 
     </span>
    </p>
   </div>
   <div class='ocr_carea' id='block_1_33' title="bbox 1077 781 1869 817">
    <p class='ocr_par' dir='ltr' id='par_1_33' title="bbox 1077 781 1869 817">
     <span class='ocr_line' id='line_1_33' title="bbox 1077 781 1869 817; baseline -0.005 -7"><span class='ocrx_word' id='word_1_219' title='bbox 1077 783 1235 810; x_wconf 72' lang='grc' dir='ltr'><strong>ἀποστόλων</strong></span> <span class='ocrx_word' id='word_1_220' title='bbox 1252 783 1296 809; x_wconf 74' lang='grc' dir='ltr'><strong>τὸν</strong></span> <span class='ocrx_word' id='word_1_221' title='bbox 1313 782 1343 814; x_wconf 75' lang='grc' dir='ltr'>ἐξ</span> <span class='ocrx_word' id='word_1_222' title='bbox 1365 782 1473 808; x_wconf 77' lang='grc' dir='ltr'>ὲθνικοῦ</span> <span class='ocrx_word' id='word_1_223' title='bbox 1497 783 1555 817; x_wconf 80' lang='grc' dir='ltr'>βίου</span> <span class='ocrx_word' id='word_1_224' title='bbox 1585 782 1767 817; x_wconf 73' lang='grc' dir='ltr'>προσελθόντα</span> <span class='ocrx_word' id='word_1_225' title='bbox 1789 781 1806 816; x_wconf 86' lang='grc' dir='ltr'>ἢ</span> <span class='ocrx_word' id='word_1_226' title='bbox 1834 782 1869 807; x_wconf 84' lang='grc' dir='ltr'>ἐκ</span> 
     </span>
    </p>
   </div>
   <div class='ocr_carea' id='block_1_34' title="bbox 239 825 1027 866">
    <p class='ocr_par' dir='ltr' id='par_1_34' title="bbox 239 829 1023 866">
     <span class='ocr_line' id='line_1_34' title="bbox 239 829 1023 866; baseline -0.006 -6"><span class='ocrx_word' id='word_1_227' title='bbox 239 834 432 861; x_wconf 80' lang='lat' dir='ltr'><strong>vendira‘tionc</strong></span> <span class='ocrx_word' id='word_1_228' title='bbox 452 832 608 864; x_wconf 85' lang='lat' dir='ltr'><strong>accesserit,</strong></span> <span class='ocrx_word' id='word_1_229' title='bbox 638 839 808 866; x_wconf 80' lang='lat' dir='ltr'><strong>nequaquam</strong></span> <span class='ocrx_word' id='word_1_230' title='bbox 846 831 937 857; x_wconf 88' lang='lat' dir='ltr'><strong>subito</strong></span> <span class='ocrx_word' id='word_1_231' title='bbox 965 829 1023 863; x_wconf 89' lang='lat' dir='ltr'><strong>epi-</strong></span> 
     </span>
    </p>
   </div>
   <div class='ocr_carea' id='block_1_35' title="bbox 1080 825 1869 866">
    <p class='ocr_par' dir='ltr' id='par_1_35' title="bbox 1080 827 1869 863">
     <span class='ocr_line' id='line_1_35' title="bbox 1080 827 1869 863; baseline -0.004 -9"><span class='ocrx_word' id='word_1_232' title='bbox 1080 829 1181 863; x_wconf 61' lang='grc' dir='ltr'>ῳαύλης</span> <span class='ocrx_word' id='word_1_233' title='bbox 1198 827 1337 862; x_wconf 79' lang='grc' dir='ltr'><strong>διαγωγῆς</strong></span> <span class='ocrx_word' id='word_1_234' title='bbox 1351 827 1388 862; x_wconf 84' lang='grc' dir='ltr'>μὴ</span> <span class='ocrx_word' id='word_1_235' title='bbox 1402 827 1500 855; x_wconf 82' lang='grc' dir='ltr'>αὐτίκα</span> <span class='ocrx_word' id='word_1_236' title='bbox 1514 827 1737 862; x_wconf 76' lang='grc' dir='ltr'><strong>προχειρίζεσθαι</strong></span> <span class='ocrx_word' id='word_1_237' title='bbox 1753 827 1869 852; x_wconf 73' lang='grc' dir='ltr'>ἐπίσκο-</span> 
     </span>
    </p>
   </div>
   <div class='ocr_carea' id='block_1_36' title="bbox 238 875 1024 916">
    <p class='ocr_par' dir='ltr' id='par_1_36' title="bbox 238 875 1024 916">
     <span class='ocr_line' id='line_1_36' title="bbox 238 875 1024 916; baseline -0.009 -9"><span class='ocrx_word' id='word_1_238' title='bbox 238 887 349 916; x_wconf 83' lang='lat' dir='ltr'><strong>scopum</strong></span> <span class='ocrx_word' id='word_1_239' title='bbox 365 879 451 906; x_wconf 86' lang='lat' dir='ltr'><strong>creari</strong></span> <span class='ocrx_word' id='word_1_240' title='bbox 463 878 594 906; x_wconf 84' lang='lat' dir='ltr'><strong>decernit.</strong></span> <span class='ocrx_word' id='word_1_241' title='bbox 607 877 639 903; x_wconf 86' lang='lat' dir='ltr'><strong>Et</strong></span> <span class='ocrx_word' id='word_1_242' title='bbox 654 877 743 912; x_wconf 80' lang='lat' dir='ltr'><strong>magni</strong></span> <span class='ocrx_word' id='word_1_243' title='bbox 753 876 840 909; x_wconf 86' lang='lat' dir='ltr'><strong>Pauli,</strong></span> <span class='ocrx_word' id='word_1_244' title='bbox 852 875 1024 902; x_wconf 81' lang='lat' dir='ltr'><strong>Timotheum</strong></span> 
     </span>
    </p>
   </div>
   <div class='ocr_carea' id='block_1_37' title="bbox 239 923 1025 961">
    <p class='ocr_par' dir='ltr' id='par_1_37' title="bbox 239 923 1025 961">
     <span class='ocr_line' id='line_1_37' title="bbox 239 923 1025 961; baseline -0.009 -8"><span class='ocrx_word' id='word_1_245' title='bbox 239 934 287 961; x_wconf 85' lang='lat' dir='ltr'><strong>per</strong></span> <span class='ocrx_word' id='word_1_246' title='bbox 313 925 472 960; x_wconf 81' lang='lat' dir='ltr'><strong>Epistulam,</strong></span> <span class='ocrx_word' id='word_1_247' title='bbox 493 924 599 958; x_wconf 87' lang='lat' dir='ltr'><strong>qualem</strong></span> <span class='ocrx_word' id='word_1_248' title='bbox 628 923 785 957; x_wconf 86' lang='lat' dir='ltr'><strong>episcopum</strong></span> <span class='ocrx_word' id='word_1_249' title='bbox 809 929 868 949; x_wconf 77' lang='lat' dir='ltr'><strong>esse.</strong></span> <span class='ocrx_word' id='word_1_250' title='bbox 891 925 1025 955; x_wconf 86' lang='lat' dir='ltr'><strong>oporteat,</strong></span> 
     </span>
    </p>
   </div>
   <div class='ocr_carea' id='block_1_38' title="bbox 239 968 1025 1004">
    <p class='ocr_par' dir='ltr' id='par_1_38' title="bbox 239 968 1025 1004">
     <span class='ocr_line' id='line_1_38' title="bbox 239 968 1025 1004; baseline -0.008 -5"><span class='ocrx_word' id='word_1_251' title='bbox 239 971 386 1003; x_wconf 69' lang='lat' dir='ltr'><strong>educentis,</strong></span> <span class='ocrx_word' id='word_1_252' title='bbox 413 978 488 1001; x_wconf 88' lang='lat' dir='ltr'><strong>voce,</strong></span> <span class='ocrx_word' id='word_1_253' title='bbox 510 978 542 996; x_wconf 86' lang='lat' dir='ltr'><strong>ne</strong></span> <span class='ocrx_word' id='word_1_254' title='bbox 567 969 684 1004; x_wconf 91' lang='lat' dir='ltr'><strong>eligatur</strong></span> <span class='ocrx_word' id='word_1_255' title='bbox 708 969 870 1003; x_wconf 84' lang='lat' dir='ltr'><strong>neophytus,</strong></span> <span class='ocrx_word' id='word_1_256' title='bbox 896 968 1025 994; x_wconf 87' lang='lat' dir='ltr'><strong>admone-</strong></span> 
     </span>
    </p>
   </div>
   <div class='ocr_carea' id='block_1_39' title="bbox 242 1014 1026 1050">
    <p class='ocr_par' dir='ltr' id='par_1_39' title="bbox 242 1014 1026 1050">
     <span class='ocr_line' id='line_1_39' title="bbox 242 1014 1026 1050; baseline -0.005 -6"><span class='ocrx_word' id='word_1_257' title='bbox 242 1025 312 1044; x_wconf 89' lang='lat' dir='ltr'><strong>mur.</strong></span> <span class='ocrx_word' id='word_1_258' title='bbox 341 1016 445 1043; x_wconf 84' lang='lat' dir='ltr'><strong>Ideireo</strong></span> <span class='ocrx_word' id='word_1_259' title='bbox 470 1015 550 1049; x_wconf 86' lang='lat' dir='ltr'><strong>hujus</strong></span> <span class='ocrx_word' id='word_1_260' title='bbox 573 1016 654 1041; x_wconf 82' lang='lat' dir='ltr'><strong>etiam</strong></span> <span class='ocrx_word' id='word_1_261' title='bbox 683 1015 777 1050; x_wconf 84' lang='lat' dir='ltr'><strong>synodi</strong></span> <span class='ocrx_word' id='word_1_262' title='bbox 803 1014 909 1045; x_wconf 86' lang='lat' dir='ltr'><strong>Patres,</strong></span> <span class='ocrx_word' id='word_1_263' title='bbox 937 1020 1026 1047; x_wconf 88' lang='lat' dir='ltr'><strong>nequc</strong></span> 
     </span>
    </p>
   </div>
   <div class='ocr_carea' id='block_1_40' title="bbox 240 1058 1024 1097">
    <p class='ocr_par' dir='ltr' id='par_1_40' title="bbox 240 1058 1024 1097">
     <span class='ocr_line' id='line_1_40' title="bbox 240 1058 1024 1097; baseline -0.004 -9"><span class='ocrx_word' id='word_1_264' title='bbox 240 1062 390 1097; x_wconf 83' lang='lat' dir='ltr'><strong>quempiam</strong></span> <span class='ocrx_word' id='word_1_265' title='bbox 419 1061 451 1088; x_wconf 89' lang='lat' dir='ltr'><strong>ad</strong></span> <span class='ocrx_word' id='word_1_266' title='bbox 480 1061 559 1087; x_wconf 78' lang='lat' dir='ltr'><strong>(idem</strong></span> <span class='ocrx_word' id='word_1_267' title='bbox 587 1061 771 1092; x_wconf 82' lang='lat' dir='ltr'><strong>accedentem,</strong></span> <span class='ocrx_word' id='word_1_268' title='bbox 804 1059 855 1086; x_wconf 87' lang='lat' dir='ltr'><strong>nisi</strong></span> <span class='ocrx_word' id='word_1_269' title='bbox 878 1058 1024 1090; x_wconf 86' lang='lat' dir='ltr'><strong>catecltesi,</strong></span> 
     </span>
    </p>
   </div>
   <div class='ocr_carea' id='block_1_41' title="bbox 241 1104 1026 1142">
    <p class='ocr_par' dir='ltr' id='par_1_41' title="bbox 241 1104 1026 1142">
     <span class='ocr_line' id='line_1_41' title="bbox 241 1104 1026 1142; baseline -0.004 -7"><span class='ocrx_word' id='word_1_270' title='bbox 241 1112 372 1142; x_wconf 87' lang='lat' dir='ltr'><strong>quantum</strong></span> <span class='ocrx_word' id='word_1_271' title='bbox 396 1107 464 1134; x_wconf 84' lang='lat' dir='ltr'><strong>satis</strong></span> <span class='ocrx_word' id='word_1_272' title='bbox 490 1106 581 1138; x_wconf 77' lang='lat' dir='ltr'><strong>fuerit,</strong></span> <span class='ocrx_word' id='word_1_273' title='bbox 609 1106 754 1137; x_wconf 86' lang='lat' dir='ltr'><strong>eruditum,</strong></span> <span class='ocrx_word' id='word_1_274' title='bbox 787 1113 849 1132; x_wconf 81' lang='lat' dir='ltr'><strong>mox</strong></span> <span class='ocrx_word' id='word_1_275' title='bbox 879 1104 1026 1139; x_wconf 85' lang='lat' dir='ltr'><strong>baptizare,</strong></span> 
     </span>
    </p>
   </div>
   <div class='ocr_carea' id='block_1_42' title="bbox 241 1151 1028 1187">
    <p class='ocr_par' dir='ltr' id='par_1_42' title="bbox 241 1151 1028 1187">
     <span class='ocr_line' id='line_1_42' title="bbox 241 1151 1028 1187; baseline -0.005 -6"><span class='ocrx_word' id='word_1_276' title='bbox 241 1162 307 1182; x_wconf 74' lang='lat' dir='ltr'><strong>neve</strong></span> <span class='ocrx_word' id='word_1_277' title='bbox 325 1153 491 1187; x_wconf 81' lang='lat' dir='ltr'><strong>baptizatum</strong></span> <span class='ocrx_word' id='word_1_278' title='bbox 509 1152 593 1184; x_wconf 90' lang='lat' dir='ltr'><strong>illico,</strong></span> <span class='ocrx_word' id='word_1_279' title='bbox 605 1152 658 1179; x_wconf 86' lang='lat' dir='ltr'><strong>nisi</strong></span> <span class='ocrx_word' id='word_1_280' title='bbox 672 1152 794 1186; x_wconf 79' lang='lat' dir='ltr'><strong>ejusdem</strong></span> <span class='ocrx_word' id='word_1_281' title='bbox 819 1151 880 1178; x_wconf 83' lang='lat' dir='ltr'><strong>ﬁdei</strong></span> <span class='ocrx_word' id='word_1_282' title='bbox 900 1155 1028 1178; x_wconf 82' lang='lat' dir='ltr'><strong>constan-</strong></span> 
     </span>
    </p>
   </div>
   <div class='ocr_carea' id='block_1_43' title="bbox 241 1196 1027 1232">
    <p class='ocr_par' dir='ltr' id='par_1_43' title="bbox 241 1196 1027 1232">
     <span class='ocr_line' id='line_1_43' title="bbox 241 1196 1027 1232; baseline -0.006 -6"><span class='ocrx_word' id='word_1_283' title='bbox 241 1200 289 1231; x_wconf 91' lang='lat' dir='ltr'><strong>tia,</strong></span> <span class='ocrx_word' id='word_1_284' title='bbox 308 1198 424 1230; x_wconf 73' lang='lat' dir='ltr'><strong>vitmttne</strong></span> <span class='ocrx_word' id='word_1_285' title='bbox 441 1198 546 1224; x_wconf 87' lang='lat' dir='ltr'><strong>ratione</strong></span> <span class='ocrx_word' id='word_1_286' title='bbox 566 1198 673 1232; x_wconf 89' lang='lat' dir='ltr'><strong>penitus</strong></span> <span class='ocrx_word' id='word_1_287' title='bbox 699 1196 849 1230; x_wconf 74' lang='lat' dir='ltr'><strong>explorata,</strong></span> <span class='ocrx_word' id='word_1_288' title='bbox 877 1196 903 1222; x_wconf 94' lang='lat' dir='ltr'><strong>in</strong></span> <span class='ocrx_word' id='word_1_289' title='bbox 926 1196 1027 1223; x_wconf 87' lang='lat' dir='ltr'><strong>elerum</strong></span> 
     </span>
    </p>
   </div>
   <div class='ocr_carea' id='block_1_44' title="bbox 240 1241 1028 1278">
    <p class='ocr_par' dir='ltr' id='par_1_44' title="bbox 240 1241 1028 1278">
     <span class='ocr_line' id='line_1_44' title="bbox 240 1241 1028 1278; baseline -0.006 -6"><span class='ocrx_word' id='word_1_290' title='bbox 240 1244 360 1278; x_wconf 81' lang='lat' dir='ltr'><strong>cooptari</strong></span> <span class='ocrx_word' id='word_1_291' title='bbox 377 1243 466 1274; x_wconf 84' lang='lat' dir='ltr'><strong>liceat,</strong></span> <span class='ocrx_word' id='word_1_292' title='bbox 493 1243 646 1270; x_wconf 84' lang='lat' dir='ltr'><strong>decrevere.</strong></span> <span class='ocrx_word' id='word_1_293' title='bbox 673 1241 789 1274; x_wconf 73' lang='lat' dir='ltr'><strong>Quodsi</strong></span> <span class='ocrx_word' id='word_1_294' title='bbox 817 1241 892 1274; x_wconf 78' lang='lat' dir='ltr'><strong>cujus</strong></span> <span class='ocrx_word' id='word_1_295' title='bbox 918 1241 1028 1275; x_wconf 85' lang='lat' dir='ltr'><strong>probata</strong></span> 
     </span>
    </p>
   </div>
   <div class='ocr_carea' id='block_1_45' title="bbox 241 1285 1029 1321">
    <p class='ocr_par' dir='ltr' id='par_1_45' title="bbox 241 1285 1029 1321">
     <span class='ocr_line' id='line_1_45' title="bbox 241 1285 1029 1321; baseline -0.005 -6"><span class='ocrx_word' id='word_1_296' title='bbox 241 1289 307 1316; x_wconf 81' lang='lat' dir='ltr'><strong>satis</strong></span> <span class='ocrx_word' id='word_1_297' title='bbox 321 1295 424 1314; x_wconf 89' lang='lat' dir='ltr'><strong>morum</strong></span> <span class='ocrx_word' id='word_1_298' title='bbox 440 1287 581 1321; x_wconf 77' lang='lat' dir='ltr'><strong>integritas</strong></span> <span class='ocrx_word' id='word_1_299' title='bbox 593 1286 744 1318; x_wconf 81' lang='lat' dir='ltr'><strong>videbatur,</strong></span> <span class='ocrx_word' id='word_1_300' title='bbox 761 1285 878 1312; x_wconf 82' lang='lat' dir='ltr'><strong>decursu</strong></span> <span class='ocrx_word' id='word_1_301' title='bbox 901 1285 1029 1319; x_wconf 88' lang='lat' dir='ltr'><strong>teutporis</strong></span> 
     </span>
    </p>
   </div>
   <div class='ocr_carea' id='block_1_46' title="bbox 242 1331 1028 1365">
    <p class='ocr_par' dir='ltr' id='par_1_46' title="bbox 242 1331 1028 1365">
     <span class='ocr_line' id='line_1_46' title="bbox 242 1331 1028 1365; baseline -0.004 -5"><span class='ocrx_word' id='word_1_302' title='bbox 242 1333 352 1361; x_wconf 82' lang='lat' dir='ltr'><strong>animali</strong></span> <span class='ocrx_word' id='word_1_303' title='bbox 368 1333 485 1360; x_wconf 82' lang='lat' dir='ltr'><strong>crimine</strong></span> <span class='ocrx_word' id='word_1_304' title='bbox 504 1332 619 1359; x_wconf 80' lang='lat' dir='ltr'><strong>infectus</strong></span> <span class='ocrx_word' id='word_1_305' title='bbox 637 1339 698 1358; x_wconf 81' lang='lat' dir='ltr'><strong>esse</strong></span> <span class='ocrx_word' id='word_1_306' title='bbox 720 1331 942 1365; x_wconf 84' lang='lat' dir='ltr'><strong>deprehenditur.</strong></span> <span class='ocrx_word' id='word_1_307' title='bbox 967 1338 1028 1358; x_wconf 90' lang='lat' dir='ltr'><strong>eum</strong></span> 
     </span>
    </p>
   </div>
   <div class='ocr_carea' id='block_1_47' title="bbox 242 1377 1029 1413">
    <p class='ocr_par' dir='ltr' id='par_1_47' title="bbox 242 1377 1029 1413">
     <span class='ocr_line' id='line_1_47' title="bbox 242 1377 1029 1413; baseline -0.005 -7"><span class='ocrx_word' id='word_1_308' title='bbox 242 1386 351 1406; x_wconf 85' lang='lat' dir='ltr'><strong>cessare</strong></span> <span class='ocrx_word' id='word_1_309' title='bbox 363 1379 469 1413; x_wconf 79' lang='lat' dir='ltr'><strong>jubent.</strong></span> <span class='ocrx_word' id='word_1_310' title='bbox 488 1377 625 1410; x_wconf 62' lang='grc' dir='ltr'>ουτω-ηυγ</span> <span class='ocrx_word' id='word_1_311' title='bbox 650 1385 724 1409; x_wconf 80' lang='lat' dir='ltr'><strong>vero,</strong></span> <span class='ocrx_word' id='word_1_312' title='bbox 749 1377 885 1411; x_wconf 87' lang='lat' dir='ltr'><strong>quodnam</strong></span> <span class='ocrx_word' id='word_1_313' title='bbox 910 1377 945 1403; x_wconf 83' lang='lat' dir='ltr'><strong>sit</strong></span> <span class='ocrx_word' id='word_1_314' title='bbox 971 1377 1029 1402; x_wconf 89' lang='lat' dir='ltr'><strong>ani-</strong></span> 
     </span>
    </p>
   </div>
   <div class='ocr_carea' id='block_1_48' title="bbox 243 1423 1031 1458">
    <p class='ocr_par' dir='ltr' id='par_1_48' title="bbox 243 1423 1031 1458">
     <span class='ocr_line' id='line_1_48' title="bbox 243 1423 1031 1458; baseline -0.003 -8"><span class='ocrx_word' id='word_1_315' title='bbox 243 1424 311 1451; x_wconf 85' lang='lat' dir='ltr'><strong>male</strong></span> <span class='ocrx_word' id='word_1_316' title='bbox 327 1427 477 1458; x_wconf 84' lang='lat' dir='ltr'><strong>peccatum,</strong></span> <span class='ocrx_word' id='word_1_317' title='bbox 495 1430 577 1450; x_wconf 89' lang='lat' dir='ltr'><strong>curve</strong></span> <span class='ocrx_word' id='word_1_318' title='bbox 592 1423 750 1449; x_wconf 83' lang='lat' dir='ltr'><strong>animalium</strong></span> <span class='ocrx_word' id='word_1_319' title='bbox 768 1427 870 1448; x_wconf 90' lang='lat' dir='ltr'><strong>tatttuttt</strong></span> <span class='ocrx_word' id='word_1_320' title='bbox 895 1429 949 1449; x_wconf 91' lang='lat' dir='ltr'><strong>non</strong></span> <span class='ocrx_word' id='word_1_321' title='bbox 971 1429 1031 1448; x_wconf 86' lang='lat' dir='ltr'><strong>cor-</strong></span> 
     </span>
    </p>
   </div>
   <div class='ocr_carea' id='block_1_49' title="bbox 243 1468 1027 1504">
    <p class='ocr_par' dir='ltr' id='par_1_49' title="bbox 243 1468 1027 1504">
     <span class='ocr_line' id='line_1_49' title="bbox 243 1468 1027 1504; baseline -0.004 -7"><span class='ocrx_word' id='word_1_322' title='bbox 243 1471 375 1503; x_wconf 88' lang='lat' dir='ltr'><strong>poralium</strong></span> <span class='ocrx_word' id='word_1_323' title='bbox 388 1477 494 1504; x_wconf 87' lang='lat' dir='ltr'><strong>quoque</strong></span> <span class='ocrx_word' id='word_1_324' title='bbox 506 1469 549 1496; x_wconf 89' lang='lat' dir='ltr'><strong>hic</strong></span> <span class='ocrx_word' id='word_1_325' title='bbox 563 1469 671 1495; x_wconf 85' lang='lat' dir='ltr'><strong>inducta</strong></span> <span class='ocrx_word' id='word_1_326' title='bbox 686 1468 797 1499; x_wconf 89' lang='lat' dir='ltr'><strong>mentio,</strong></span> <span class='ocrx_word' id='word_1_327' title='bbox 809 1475 868 1494; x_wconf 86' lang='lat' dir='ltr'><strong>cum</strong></span> <span class='ocrx_word' id='word_1_328' title='bbox 879 1468 1027 1502; x_wconf 66' lang='lat' dir='ltr'><strong>praesertim</strong></span> 
     </span>
    </p>
   </div>
   <div class='ocr_carea' id='block_1_50' title="bbox 243 1513 1030 1551">
    <p class='ocr_par' dir='ltr' id='par_1_50' title="bbox 243 1513 1030 1551">
     <span class='ocr_line' id='line_1_50' title="bbox 243 1513 1030 1551; baseline -0.005 -6"><span class='ocrx_word' id='word_1_329' title='bbox 243 1517 392 1551; x_wconf 83' lang='lat' dir='ltr'><strong>corporalia</strong></span> <span class='ocrx_word' id='word_1_330' title='bbox 411 1516 488 1550; x_wconf 82' lang='lat' dir='ltr'><strong>longe</strong></span> <span class='ocrx_word' id='word_1_331' title='bbox 503 1515 682 1549; x_wconf 75' lang='lat' dir='ltr'><strong>frequentius,</strong></span> <span class='ocrx_word' id='word_1_332' title='bbox 697 1513 824 1542; x_wconf 85' lang='lat' dir='ltr'><strong>animalia</strong></span> <span class='ocrx_word' id='word_1_333' title='bbox 842 1521 894 1540; x_wconf 90' lang='lat' dir='ltr'><strong>non</strong></span> <span class='ocrx_word' id='word_1_334' title='bbox 912 1514 947 1540; x_wconf 88' lang='lat' dir='ltr'><strong>ita</strong></span> <span class='ocrx_word' id='word_1_335' title='bbox 959 1521 1030 1548; x_wconf 65' lang='lat' dir='ltr'><strong>saepe</strong></span> 
     </span>
    </p>
   </div>
   <div class='ocr_carea' id='block_1_51' title="bbox 242 1560 1029 1597">
    <p class='ocr_par' dir='ltr' id='par_1_51' title="bbox 242 1560 1029 1597">
     <span class='ocr_line' id='line_1_51' title="bbox 242 1560 1029 1597; baseline -0.005 -7"><span class='ocrx_word' id='word_1_336' title='bbox 242 1563 411 1597; x_wconf 86' lang='lat' dir='ltr'><strong>depositione</strong></span> <span class='ocrx_word' id='word_1_337' title='bbox 448 1561 605 1588; x_wconf 89' lang='lat' dir='ltr'><strong>multetttur.</strong></span> <span class='ocrx_word' id='word_1_338' title='bbox 642 1560 758 1593; x_wconf 87' lang='lat' dir='ltr'><strong>Quidattt</strong></span> <span class='ocrx_word' id='word_1_339' title='bbox 791 1560 880 1594; x_wconf 80' lang='lat' dir='ltr'><strong>igitur,</strong></span> <span class='ocrx_word' id='word_1_340' title='bbox 925 1560 1029 1587; x_wconf 88' lang='lat' dir='ltr'><strong>crimen</strong></span> 
     </span>
    </p>
   </div>
   <div class='ocr_carea' id='block_1_52' title="bbox 243 1605 1031 1643">
    <p class='ocr_par' dir='ltr' id='par_1_52' title="bbox 243 1605 1031 1643">
     <span class='ocr_line' id='line_1_52' title="bbox 243 1605 1031 1643; baseline -0.004 -9"><span class='ocrx_word' id='word_1_341' title='bbox 243 1616 323 1636; x_wconf 81' lang='lat' dir='ltr'><strong>omne</strong></span> <span class='ocrx_word' id='word_1_342' title='bbox 337 1616 390 1643; x_wconf 85' lang='lat' dir='ltr'><strong>quo</strong></span> <span class='ocrx_word' id='word_1_343' title='bbox 408 1607 513 1634; x_wconf 70' lang='lat' dir='ltr'><strong>lLDdlllH‘</strong></span> <span class='ocrx_word' id='word_1_344' title='bbox 528 1607 619 1634; x_wconf 82' lang='lat' dir='ltr'><strong>anima</strong></span> <span class='ocrx_word' id='word_1_345' title='bbox 644 1606 762 1633; x_wconf 83' lang='lat' dir='ltr'><strong>animale</strong></span> <span class='ocrx_word' id='word_1_346' title='bbox 787 1613 801 1632; x_wconf 92' lang='lat' dir='ltr'><strong>a</strong></span> <span class='ocrx_word' id='word_1_347' title='bbox 819 1606 919 1633; x_wconf 84' lang='lat' dir='ltr'><strong>sanctis</strong></span> <span class='ocrx_word' id='word_1_348' title='bbox 942 1605 1031 1632; x_wconf 86' lang='lat' dir='ltr'><strong>Patri-</strong></span> 
     </span>
    </p>
   </div>
   <div class='ocr_carea' id='block_1_53' title="bbox 243 1651 1031 1688">
    <p class='ocr_par' dir='ltr' id='par_1_53' title="bbox 243 1651 1031 1688">
     <span class='ocr_line' id='line_1_53' title="bbox 243 1651 1031 1688; baseline -0.003 -7"><span class='ocrx_word' id='word_1_349' title='bbox 243 1655 305 1686; x_wconf 90' lang='lat' dir='ltr'><strong>btts,</strong></span> <span class='ocrx_word' id='word_1_350' title='bbox 321 1654 365 1688; x_wconf 88' lang='lat' dir='ltr'><strong>qui</strong></span> <span class='ocrx_word' id='word_1_351' title='bbox 382 1655 454 1680; x_wconf 87' lang='lat' dir='ltr'><strong>hutte</strong></span> <span class='ocrx_word' id='word_1_352' title='bbox 467 1660 600 1680; x_wconf 86' lang='lat' dir='ltr'><strong>ean0nem</strong></span> <span class='ocrx_word' id='word_1_353' title='bbox 613 1653 733 1685; x_wconf 82' lang='lat' dir='ltr'><strong>edidere,</strong></span> <span class='ocrx_word' id='word_1_354' title='bbox 751 1656 934 1686; x_wconf 89' lang='lat' dir='ltr'><strong>nuncupatum</strong></span> <span class='ocrx_word' id='word_1_355' title='bbox 947 1651 1031 1679; x_wconf 77' lang='lat' dir='ltr'><strong>fuisse</strong></span> 
     </span>
    </p>
   </div>
   <div class='ocr_carea' id='block_1_54' title="bbox 243 1699 1030 1734">
    <p class='ocr_par' dir='ltr' id='par_1_54' title="bbox 243 1699 1030 1734">
     <span class='ocr_line' id='line_1_54' title="bbox 243 1699 1030 1734; baseline -0.004 -7"><span class='ocrx_word' id='word_1_356' title='bbox 243 1700 413 1727; x_wconf 82' lang='lat' dir='ltr'><strong>existimant.</strong></span> <span class='ocrx_word' id='word_1_357' title='bbox 431 1700 482 1726; x_wconf 84' lang='lat' dir='ltr'><strong>Alii</strong></span> <span class='ocrx_word' id='word_1_358' title='bbox 497 1699 621 1726; x_wconf 87' lang='lat' dir='ltr'><strong>animalia</strong></span> <span class='ocrx_word' id='word_1_359' title='bbox 634 1705 744 1734; x_wconf 86' lang='lat' dir='ltr'><strong>peccata</strong></span> <span class='ocrx_word' id='word_1_360' title='bbox 761 1706 791 1726; x_wconf 87' lang='lat' dir='ltr'><strong>ea</strong></span> <span class='ocrx_word' id='word_1_361' title='bbox 807 1699 910 1731; x_wconf 82' lang='lat' dir='ltr'><strong>dicunt,</strong></span> <span class='ocrx_word' id='word_1_362' title='bbox 923 1706 983 1732; x_wconf 75' lang='lat' dir='ltr'><strong>qtne</strong></span> <span class='ocrx_word' id='word_1_363' title='bbox 998 1706 1030 1725; x_wconf 87' lang='lat' dir='ltr'><strong>ex</strong></span> 
     </span>
    </p>
   </div>
   <div class='ocr_carea' id='block_1_55' title="bbox 245 1743 1030 1781">
    <p class='ocr_par' dir='ltr' id='par_1_55' title="bbox 245 1743 1030 1781">
     <span class='ocr_line' id='line_1_55' title="bbox 245 1743 1030 1781; baseline -0.005 -8"><span class='ocrx_word' id='word_1_364' title='bbox 245 1747 327 1773; x_wconf 90' lang='lat' dir='ltr'><strong>anitni</strong></span> <span class='ocrx_word' id='word_1_365' title='bbox 357 1745 616 1781; x_wconf 85' lang='lat' dir='ltr'><strong>perturbationibus,</strong></span> <span class='ocrx_word' id='word_1_366' title='bbox 644 1745 772 1776; x_wconf 82' lang='lat' dir='ltr'><strong>elatione,</strong></span> <span class='ocrx_word' id='word_1_367' title='bbox 797 1743 912 1775; x_wconf 83' lang='lat' dir='ltr'><strong>exempli</strong></span> <span class='ocrx_word' id='word_1_368' title='bbox 937 1751 1030 1776; x_wconf 87' lang='lat' dir='ltr'><strong>causa,</strong></span> 
     </span>
    </p>
   </div>
   <div class='ocr_carea' id='block_1_56' title="bbox 246 1789 1034 1828">
    <p class='ocr_par' dir='ltr' id='par_1_56' title="bbox 246 1789 1034 1828">
     <span class='ocr_line' id='line_1_56' title="bbox 246 1789 1034 1828; baseline -0.004 -8"><span class='ocrx_word' id='word_1_369' title='bbox 246 1793 383 1828; x_wconf 86' lang='lat' dir='ltr'><strong>superbia,</strong></span> <span class='ocrx_word' id='word_1_370' title='bbox 401 1792 638 1826; x_wconf 85' lang='lat' dir='ltr'><strong>inobedienliaqne</strong></span> <span class='ocrx_word' id='word_1_371' title='bbox 649 1792 784 1818; x_wconf 86' lang='lat' dir='ltr'><strong>oriuntur.</strong></span> <span class='ocrx_word' id='word_1_372' title='bbox 804 1789 870 1816; x_wconf 79' lang='lat' dir='ltr'><strong>Nam</strong></span> <span class='ocrx_word' id='word_1_373' title='bbox 885 1791 942 1817; x_wconf 64' lang='lat' dir='ltr'><strong>haec</strong></span> <span class='ocrx_word' id='word_1_374' title='bbox 967 1797 1034 1824; x_wconf 82' lang='lat' dir='ltr'><strong>quo-</strong></span> 
     </span>
    </p>
   </div>
   <div class='ocr_carea' id='block_1_57' title="bbox 246 1835 1030 1872">
    <p class='ocr_par' dir='ltr' id='par_1_57' title="bbox 246 1835 1030 1872">
     <span class='ocr_line' id='line_1_57' title="bbox 246 1835 1030 1872; baseline -0.004 -8"><span class='ocrx_word' id='word_1_375' title='bbox 246 1845 298 1872; x_wconf 82' lang='lat' dir='ltr'><strong>que</strong></span> <span class='ocrx_word' id='word_1_376' title='bbox 317 1839 466 1868; x_wconf 84' lang='lat' dir='ltr'><strong>hominem.</strong></span> <span class='ocrx_word' id='word_1_377' title='bbox 484 1837 536 1864; x_wconf 92' lang='lat' dir='ltr'><strong>nisi</strong></span> <span class='ocrx_word' id='word_1_378' title='bbox 554 1837 695 1864; x_wconf 86' lang='lat' dir='ltr'><strong>curatione</strong></span> <span class='ocrx_word' id='word_1_379' title='bbox 714 1836 853 1869; x_wconf 84' lang='lat' dir='ltr'><strong>tollantur,</strong></span> <span class='ocrx_word' id='word_1_380' title='bbox 867 1835 1030 1870; x_wconf 88' lang='lat' dir='ltr'><strong>depositioni</strong></span> 
     </span>
    </p>
   </div>
   <div class='ocr_carea' id='block_1_58' title="bbox 245 1880 1031 1916">
    <p class='ocr_par' dir='ltr' id='par_1_58' title="bbox 245 1880 1031 1916">
     <span class='ocr_line' id='line_1_58' title="bbox 245 1880 1031 1916; baseline -0.004 -7"><span class='ocrx_word' id='word_1_381' title='bbox 245 1882 390 1909; x_wconf 76' lang='lat' dir='ltr'><strong>obnoxium</strong></span> <span class='ocrx_word' id='word_1_382' title='bbox 414 1881 549 1909; x_wconf 86' lang='lat' dir='ltr'><strong>reddunt:</strong></span> <span class='ocrx_word' id='word_1_383' title='bbox 567 1881 647 1915; x_wconf 81' lang='lat' dir='ltr'><strong>idque</strong></span> <span class='ocrx_word' id='word_1_384' title='bbox 660 1881 712 1916; x_wconf 74' lang='lat'><strong>61</strong></span> <span class='ocrx_word' id='word_1_385' title='bbox 729 1881 770 1907; x_wconf 85' lang='lat' dir='ltr'><strong>vel</strong></span> <span class='ocrx_word' id='word_1_386' title='bbox 788 1887 880 1907; x_wconf 88' lang='lat' dir='ltr'><strong>corum</strong></span> <span class='ocrx_word' id='word_1_387' title='bbox 897 1880 1031 1914; x_wconf 78' lang='lat' dir='ltr'><strong>exemplo,</strong></span> 
     </span>
    </p>
   </div>
   <div class='ocr_carea' id='block_1_59' title="bbox 245 1923 1030 1961">
    <p class='ocr_par' dir='ltr' id='par_1_59' title="bbox 245 1923 1030 1961">
     <span class='ocr_line' id='line_1_59' title="bbox 245 1923 1030 1961; baseline -0.003 -9"><span class='ocrx_word' id='word_1_388' title='bbox 245 1928 290 1961; x_wconf 81' lang='lat' dir='ltr'><strong>qui</strong></span> <span class='ocrx_word' id='word_1_389' title='bbox 307 1927 447 1954; x_wconf 74' lang='lat' dir='ltr'><strong>Novatiani</strong></span> <span class='ocrx_word' id='word_1_390' title='bbox 465 1926 637 1958; x_wconf 86' lang='lat' dir='ltr'><strong>dicebantur,</strong></span> <span class='ocrx_word' id='word_1_391' title='bbox 659 1925 738 1952; x_wconf 79' lang='lat' dir='ltr'><strong>facile</strong></span> <span class='ocrx_word' id='word_1_392' title='bbox 753 1929 875 1960; x_wconf 81' lang='lat' dir='ltr'><strong>apparet.</strong></span> <span class='ocrx_word' id='word_1_393' title='bbox 892 1923 946 1952; x_wconf 82' lang='lat' dir='ltr'><strong>Nec</strong></span> <span class='ocrx_word' id='word_1_394' title='bbox 957 1924 1030 1951; x_wconf 87' lang='lat' dir='ltr'><strong>enim</strong></span> 
     </span>
    </p>
   </div>
   <div class='ocr_carea' id='block_1_60' title="bbox 247 1972 1032 2008">
    <p class='ocr_par' dir='ltr' id='par_1_60' title="bbox 247 1972 1032 2008">
     <span class='ocr_line' id='line_1_60' title="bbox 247 1972 1032 2008; baseline -0.003 -8"><span class='ocrx_word' id='word_1_395' title='bbox 247 1974 284 2000; x_wconf 82' lang='lat' dir='ltr'><strong>illi</strong></span> <span class='ocrx_word' id='word_1_396' title='bbox 303 1974 437 2008; x_wconf 81' lang='lat' dir='ltr'><strong>opinionis</strong></span> <span class='ocrx_word' id='word_1_397' title='bbox 452 1981 545 2000; x_wconf 85' lang='lat' dir='ltr'><strong>errore</strong></span> <span class='ocrx_word' id='word_1_398' title='bbox 564 1973 652 2007; x_wconf 81' lang='lat' dir='ltr'><strong>aliquo</strong></span> <span class='ocrx_word' id='word_1_399' title='bbox 669 1972 882 2006; x_wconf 86' lang='lat' dir='ltr'><strong>decipiebantur,</strong></span> <span class='ocrx_word' id='word_1_400' title='bbox 900 1972 947 1999; x_wconf 86' lang='lat' dir='ltr'><strong>sed</strong></span> <span class='ocrx_word' id='word_1_401' title='bbox 972 1979 1032 1999; x_wconf 87' lang='lat' dir='ltr'><strong>cum</strong></span> 
     </span>
    </p>
   </div>
   <div class='ocr_carea' id='block_1_61' title="bbox 246 2010 1034 2053">
    <p class='ocr_par' dir='ltr' id='par_1_61' title="bbox 246 2010 1034 2053">
     <span class='ocr_line' id='line_1_61' title="bbox 246 2010 1034 2053; baseline -0.001 -7"><span class='ocrx_word' id='word_1_402' title='bbox 246 2027 275 2046; x_wconf 87' lang='lat' dir='ltr'><strong>se</strong></span> <span class='ocrx_word' id='word_1_403' title='bbox 293 2027 384 2053; x_wconf 82' lang='lat' dir='ltr'><strong>puros,</strong></span> <span class='ocrx_word' id='word_1_404' title='bbox 399 2019 524 2047; x_wconf 89' lang='lat' dir='ltr'><strong>insolenti</strong></span> <span class='ocrx_word' id='word_1_405' title='bbox 540 2018 650 2046; x_wconf 82' lang='lat' dir='ltr'><strong>fastidio</strong></span> <span class='ocrx_word' id='word_1_406' title='bbox 661 2018 724 2045; x_wconf 89' lang='lat' dir='ltr'><strong>elati</strong></span> <span class='ocrx_word' id='word_1_407' title='bbox 740 2019 922 2051; x_wconf 80' lang='lat' dir='ltr'><strong>nominarent,</strong></span> <span class='ocrx_word' id='word_1_408' title='bbox 934 2010 972 2046; x_wconf 56' lang='lat' dir='ltr'><strong>~et</strong></span> <span class='ocrx_word' id='word_1_409' title='bbox 987 2026 1034 2046; x_wconf 89' lang='lat' dir='ltr'><strong>eos</strong></span> 
     </span>
    </p>
   </div>
   <div class='ocr_carea' id='block_1_62' title="bbox 247 2061 1034 2099">
    <p class='ocr_par' dir='ltr' id='par_1_62' title="bbox 247 2061 1034 2099">
     <span class='ocr_line' id='line_1_62' title="bbox 247 2061 1034 2099; baseline -0.001 -8"><span class='ocrx_word' id='word_1_410' title='bbox 247 2065 293 2099; x_wconf 79' lang='lat' dir='ltr'><strong>qui</strong></span> <span class='ocrx_word' id='word_1_411' title='bbox 311 2065 474 2091; x_wconf 85' lang='lat' dir='ltr'><strong>turbulentis</strong></span> <span class='ocrx_word' id='word_1_412' title='bbox 485 2065 568 2091; x_wconf 87' lang='lat' dir='ltr'><strong>etiant</strong></span> <span class='ocrx_word' id='word_1_413' title='bbox 588 2061 753 2098; x_wconf 87' lang='lat' dir='ltr'><strong>temporibus</strong></span> <span class='ocrx_word' id='word_1_414' title='bbox 773 2065 839 2098; x_wconf 88' lang='lat' dir='ltr'><strong>lapsi</strong></span> <span class='ocrx_word' id='word_1_415' title='bbox 866 2069 930 2091; x_wconf 81' lang='lat' dir='ltr'><strong>sunt</strong></span> <span class='ocrx_word' id='word_1_416' title='bbox 951 2065 1034 2091; x_wconf 77' lang='lat' dir='ltr'><strong>etiam</strong></span> 
     </span>
    </p>
   </div>
   <div class='ocr_carea' id='block_1_63' title="bbox 245 2109 1033 2145">
    <p class='ocr_par' dir='ltr' id='par_1_63' title="bbox 245 2109 1033 2145">
     <span class='ocr_line' id='line_1_63' title="bbox 245 2109 1033 2145; baseline -0.001 -8"><span class='ocrx_word' id='word_1_417' title='bbox 245 2111 434 2145; x_wconf 85' lang='lat' dir='ltr'><strong>resipiscentes</strong></span> <span class='ocrx_word' id='word_1_418' title='bbox 446 2111 607 2145; x_wconf 78' lang='lat' dir='ltr'><strong>repellebant</strong></span> <span class='ocrx_word' id='word_1_419' title='bbox 615 2118 663 2137; x_wconf 90' lang='lat' dir='ltr'><strong>ttec</strong></span> <span class='ocrx_word' id='word_1_420' title='bbox 670 2109 783 2143; x_wconf 80' lang='lat' dir='ltr'><strong>digamis</strong></span> <span class='ocrx_word' id='word_1_421' title='bbox 791 2110 1033 2137; x_wconf 78' lang='lat' dir='ltr'><strong>contmunieabmtt.</strong></span> 
     </span>
    </p>
   </div>
   <div class='ocr_carea' id='block_1_64' title="bbox 247 2155 1070 2191">
    <p class='ocr_par' dir='ltr' id='par_1_64' title="bbox 247 2155 1070 2191">
     <span class='ocr_line' id='line_1_64' title="bbox 247 2155 1070 2191; baseline 0.004 -10"><span class='ocrx_word' id='word_1_422' title='bbox 247 2158 415 2191; x_wconf 78' lang='lat' dir='ltr'><strong>Quapropter</strong></span> <span class='ocrx_word' id='word_1_423' title='bbox 431 2157 464 2183; x_wconf 86' lang='lat' dir='ltr'><strong>ob</strong></span> <span class='ocrx_word' id='word_1_424' title='bbox 483 2156 634 2190; x_wconf 78' lang='lat' dir='ltr'><strong>superbiam</strong></span> <span class='ocrx_word' id='word_1_425' title='bbox 655 2160 681 2182; x_wconf 86' lang='lat' dir='ltr'><strong>el.</strong></span> <span class='ocrx_word' id='word_1_426' title='bbox 704 2155 818 2182; x_wconf 84' lang='lat' dir='ltr'><strong>fratrum</strong></span> <span class='ocrx_word' id='word_1_427' title='bbox 846 2155 937 2182; x_wconf 88' lang='lat' dir='ltr'><strong>odium</strong></span> <span class='ocrx_word' id='word_1_428' title='bbox 960 2163 975 2182; x_wconf 86' lang='lat' dir='ltr'><strong>e</strong></span> <span class='ocrx_word' id='word_1_429' title='bbox 994 2156 1028 2182; x_wconf 82' lang='lat' dir='ltr'><strong>ﬁ-</strong></span> <span class='ocrx_word' id='word_1_430' title='bbox 1046 2155 1070 2184; x_wconf 84' lang='lat' dir='ltr'><strong>D</strong></span> 
     </span>
    </p>
   </div>
   <div class='ocr_carea' id='block_1_65' title="bbox 247 2201 1030 2235">
    <p class='ocr_par' dir='ltr' id='par_1_65' title="bbox 247 2201 1030 2235">
     <span class='ocr_line' id='line_1_65' title="bbox 247 2201 1030 2235; baseline -0.003 -5"><span class='ocrx_word' id='word_1_431' title='bbox 247 2203 346 2230; x_wconf 84' lang='lat' dir='ltr'><strong>delintn</strong></span> <span class='ocrx_word' id='word_1_432' title='bbox 364 2203 491 2230; x_wconf 83' lang='lat' dir='ltr'><strong>societate</strong></span> <span class='ocrx_word' id='word_1_433' title='bbox 501 2201 631 2228; x_wconf 89' lang='lat' dir='ltr'><strong>eliutinati</strong></span> <span class='ocrx_word' id='word_1_434' title='bbox 647 2205 719 2228; x_wconf 86' lang='lat' dir='ltr'><strong>sunt.</strong></span> <span class='ocrx_word' id='word_1_435' title='bbox 732 2201 833 2233; x_wconf 88' lang='lat' dir='ltr'><strong>Quodsi</strong></span> <span class='ocrx_word' id='word_1_436' title='bbox 855 2203 1030 2235; x_wconf 86' lang='lat' dir='ltr'><strong>quamobrem</strong></span> 
     </span>
    </p>
   </div>
   <div class='ocr_carea' id='block_1_66' title="bbox 248 2246 1032 2281">
    <p class='ocr_par' dir='ltr' id='par_1_66' title="bbox 248 2246 1032 2281">
     <span class='ocr_line' id='line_1_66' title="bbox 248 2246 1032 2281; baseline -0.001 -8"><span class='ocrx_word' id='word_1_437' title='bbox 248 2248 285 2274; x_wconf 89' lang='lat' dir='ltr'><strong>illi</strong></span> <span class='ocrx_word' id='word_1_438' title='bbox 304 2248 337 2273; x_wconf 86' lang='lat' dir='ltr'><strong>ab</strong></span> <span class='ocrx_word' id='word_1_439' title='bbox 350 2247 470 2274; x_wconf 83' lang='lat' dir='ltr'><strong>Ecclesia</strong></span> <span class='ocrx_word' id='word_1_440' title='bbox 488 2253 598 2281; x_wconf 86' lang='lat' dir='ltr'><strong>quoque</strong></span> <span class='ocrx_word' id='word_1_441' title='bbox 616 2246 791 2280; x_wconf 84' lang='lat' dir='ltr'><strong>ejicerentur,</strong></span> <span class='ocrx_word' id='word_1_442' title='bbox 807 2247 874 2273; x_wconf 86' lang='lat' dir='ltr'><strong>satis</strong></span> <span class='ocrx_word' id='word_1_443' title='bbox 895 2254 934 2277; x_wconf 72' lang='lat' dir='ltr'><strong>ea:</strong></span> <span class='ocrx_word' id='word_1_444' title='bbox 953 2247 1032 2280; x_wconf 70' lang='lat' dir='ltr'><strong>justte</strong></span> 
     </span>
    </p>
   </div>
   <div class='ocr_carea' id='block_1_67' title="bbox 247 2292 1032 2327">
    <p class='ocr_par' dir='ltr' id='par_1_67' title="bbox 247 2292 1032 2327">
     <span class='ocr_line' id='line_1_67' title="bbox 247 2292 1032 2327; baseline 0.001 -9"><span class='ocrx_word' id='word_1_445' title='bbox 247 2300 335 2319; x_wconf 72' lang='lat' dir='ltr'><strong>causa:</strong></span> <span class='ocrx_word' id='word_1_446' title='bbox 352 2293 414 2319; x_wconf 68' lang='lat' dir='ltr'><strong>visa)</strong></span> <span class='ocrx_word' id='word_1_447' title='bbox 431 2297 492 2319; x_wconf 88' lang='lat' dir='ltr'><strong>sunt</strong></span> <span class='ocrx_word' id='word_1_448' title='bbox 507 2299 514 2318; x_wconf 91' lang='lat'><strong>:</strong></span> <span class='ocrx_word' id='word_1_449' title='bbox 531 2292 575 2326; x_wconf 89' lang='lat' dir='ltr'><strong>qui</strong></span> <span class='ocrx_word' id='word_1_450' title='bbox 600 2292 753 2326; x_wconf 76' lang='lat' dir='ltr'><strong>arrogantia</strong></span> <span class='ocrx_word' id='word_1_451' title='bbox 779 2297 885 2319; x_wconf 85' lang='lat' dir='ltr'><strong>tumens</strong></span> <span class='ocrx_word' id='word_1_452' title='bbox 906 2293 1032 2327; x_wconf 82' lang='lat' dir='ltr'><strong>episeopo</strong></span> 
     </span>
    </p>
   </div>
   <div class='ocr_carea' id='block_1_68' title="bbox 247 2339 1032 2373">
    <p class='ocr_par' dir='ltr' id='par_1_68' title="bbox 247 2339 1032 2373">
     <span class='ocr_line' id='line_1_68' title="bbox 247 2339 1032 2373; baseline 0 -9"><span class='ocrx_word' id='word_1_453' title='bbox 247 2346 296 2365; x_wconf 81' lang='lat' dir='ltr'><strong>suo</strong></span> <span class='ocrx_word' id='word_1_454' title='bbox 312 2346 364 2365; x_wconf 90' lang='lat' dir='ltr'><strong>tton</strong></span> <span class='ocrx_word' id='word_1_455' title='bbox 382 2339 561 2373; x_wconf 80' lang='lat' dir='ltr'><strong>obtemperet,</strong></span> <span class='ocrx_word' id='word_1_456' title='bbox 581 2343 608 2365; x_wconf 89' lang='lat' dir='ltr'><strong>et</strong></span> <span class='ocrx_word' id='word_1_457' title='bbox 625 2339 650 2364; x_wconf 91' lang='lat' dir='ltr'><strong>itt</strong></span> <span class='ocrx_word' id='word_1_458' title='bbox 678 2339 827 2372; x_wconf 84' lang='lat' dir='ltr'><strong>pertinacia</strong></span> <span class='ocrx_word' id='word_1_459' title='bbox 846 2344 947 2371; x_wconf 83' lang='lat' dir='ltr'><strong>manet,</strong></span> <span class='ocrx_word' id='word_1_460' title='bbox 968 2339 1032 2373; x_wconf 90' lang='lat' dir='ltr'><strong>quid</strong></span> 
     </span>
    </p>
   </div>
   <div class='ocr_carea' id='block_1_69' title="bbox 247 2382 1032 2418">
    <p class='ocr_par' dir='ltr' id='par_1_69' title="bbox 247 2382 1032 2418">
     <span class='ocr_line' id='line_1_69' title="bbox 247 2382 1032 2418; baseline -0.001 -8"><span class='ocrx_word' id='word_1_461' title='bbox 247 2390 337 2410; x_wconf 71' lang='lat' dir='ltr'><strong>causm</strong></span> <span class='ocrx_word' id='word_1_462' title='bbox 355 2383 390 2409; x_wconf 85' lang='lat' dir='ltr'><strong>sit</strong></span> <span class='ocrx_word' id='word_1_463' title='bbox 406 2382 582 2417; x_wconf 83' lang='lat' dir='ltr'><strong>quamobrem</strong></span> <span class='ocrx_word' id='word_1_464' title='bbox 603 2390 657 2410; x_wconf 92' lang='lat' dir='ltr'><strong>non</strong></span> <span class='ocrx_word' id='word_1_465' title='bbox 683 2383 706 2410; x_wconf 91' lang='lat' dir='ltr'><strong>is</strong></span> <span class='ocrx_word' id='word_1_466' title='bbox 730 2390 837 2418; x_wconf 86' lang='lat' dir='ltr'><strong>quoque</strong></span> <span class='ocrx_word' id='word_1_467' title='bbox 864 2383 1032 2418; x_wconf 78' lang='lat' dir='ltr'><strong>depositione</strong></span> 
     </span>
    </p>
   </div>
   <div class='ocr_carea' id='block_1_70' title="bbox 247 2429 1031 2464">
    <p class='ocr_par' dir='ltr' id='par_1_70' title="bbox 247 2429 1031 2464">
     <span class='ocr_line' id='line_1_70' title="bbox 247 2429 1031 2464; baseline 0.003 -10"><span class='ocrx_word' id='word_1_468' title='bbox 247 2429 393 2463; x_wconf 84' lang='lat' dir='ltr'><strong>puniatur?</strong></span> <span class='ocrx_word' id='word_1_469' title='bbox 410 2430 441 2456; x_wconf 78' lang='lat' dir='ltr'><strong>Et</strong></span> <span class='ocrx_word' id='word_1_470' title='bbox 460 2436 523 2455; x_wconf 88' lang='lat' dir='ltr'><strong>vero</strong></span> <span class='ocrx_word' id='word_1_471' title='bbox 534 2430 644 2464; x_wconf 88' lang='lat' dir='ltr'><strong>quintus</strong></span> <span class='ocrx_word' id='word_1_472' title='bbox 669 2434 824 2457; x_wconf 87' lang='lat' dir='ltr'><strong>sanctorum</strong></span> <span class='ocrx_word' id='word_1_473' title='bbox 848 2429 1031 2464; x_wconf 87' lang='lat' dir='ltr'><strong>apostolorunt</strong></span> 
     </span>
    </p>
   </div>
   <div class='ocr_carea' id='block_1_71' title="bbox 247 2475 1031 2510">
    <p class='ocr_par' dir='ltr' id='par_1_71' title="bbox 247 2475 1031 2510">
     <span class='ocr_line' id='line_1_71' title="bbox 247 2475 1031 2510; baseline -0.003 -7"><span class='ocrx_word' id='word_1_474' title='bbox 247 2483 345 2506; x_wconf 78' lang='lat' dir='ltr'><strong>canon,</strong></span> <span class='ocrx_word' id='word_1_475' title='bbox 363 2482 408 2502; x_wconf 91' lang='lat' dir='ltr'><strong>eos</strong></span> <span class='ocrx_word' id='word_1_476' title='bbox 421 2475 466 2510; x_wconf 92' lang='lat' dir='ltr'><strong>qui</strong></span> <span class='ocrx_word' id='word_1_477' title='bbox 485 2483 583 2503; x_wconf 84' lang='lat' dir='ltr'><strong>uxores</strong></span> <span class='ocrx_word' id='word_1_478' title='bbox 600 2483 664 2502; x_wconf 87' lang='lat' dir='ltr'><strong>suas</strong></span> <span class='ocrx_word' id='word_1_479' title='bbox 691 2476 780 2510; x_wconf 89' lang='lat' dir='ltr'><strong>specie</strong></span> <span class='ocrx_word' id='word_1_480' title='bbox 798 2475 935 2509; x_wconf 79' lang='lat' dir='ltr'><strong>religionis</strong></span> <span class='ocrx_word' id='word_1_481' title='bbox 957 2475 1031 2510; x_wconf 79' lang='lat' dir='ltr'><strong>ejici-</strong></span> 
     </span>
    </p>
   </div>
   <div class='ocr_carea' id='block_1_72' title="bbox 248 2520 1031 2556">
    <p class='ocr_par' dir='ltr' id='par_1_72' title="bbox 248 2520 1031 2556">
     <span class='ocr_line' id='line_1_72' title="bbox 248 2520 1031 2556; baseline -0.003 -8"><span class='ocrx_word' id='word_1_482' title='bbox 248 2526 306 2554; x_wconf 88' lang='lat' dir='ltr'><strong>ttttt,</strong></span> <span class='ocrx_word' id='word_1_483' title='bbox 324 2522 474 2555; x_wconf 82' lang='lat' dir='ltr'><strong>segregari,</strong></span> <span class='ocrx_word' id='word_1_484' title='bbox 491 2525 545 2547; x_wconf 92' lang='lat' dir='ltr'><strong>tum</strong></span> <span class='ocrx_word' id='word_1_485' title='bbox 559 2521 582 2547; x_wconf 79' lang='lat' dir='ltr'><strong>si</strong></span> <span class='ocrx_word' id='word_1_486' title='bbox 598 2521 624 2547; x_wconf 90' lang='lat' dir='ltr'><strong>in</strong></span> <span class='ocrx_word' id='word_1_487' title='bbox 641 2529 673 2548; x_wconf 90' lang='lat' dir='ltr'><strong>eo</strong></span> <span class='ocrx_word' id='word_1_488' title='bbox 688 2526 820 2556; x_wconf 89' lang='lat' dir='ltr'><strong>perstent,</strong></span> <span class='ocrx_word' id='word_1_489' title='bbox 835 2522 917 2548; x_wconf 87' lang='lat' dir='ltr'><strong>etiam</strong></span> <span class='ocrx_word' id='word_1_490' title='bbox 936 2520 1031 2554; x_wconf 85' lang='lat' dir='ltr'><strong>deponi</strong></span> 
     </span>
    </p>
   </div>
   <div class='ocr_carea' id='block_1_73' title="bbox 229 2559 1032 2602">
    <p class='ocr_par' dir='ltr' id='par_1_73' title="bbox 229 2559 1032 2602">
     <span class='ocr_line' id='line_1_73' title="bbox 229 2559 1032 2602; baseline -0.001 -9"><span class='ocrx_word' id='word_1_491' title='bbox 229 2559 331 2602; x_wconf 46' lang='lat' dir='ltr'><strong>&#39;jttbet.</strong></span> <span class='ocrx_word' id='word_1_492' title='bbox 349 2567 502 2599; x_wconf 84' lang='lat' dir='ltr'><strong>Quinetiam</strong></span> <span class='ocrx_word' id='word_1_493' title='bbox 525 2567 681 2594; x_wconf 88' lang='lat' dir='ltr'><strong>trieesitnus</strong></span> <span class='ocrx_word' id='word_1_494' title='bbox 698 2572 791 2594; x_wconf 80' lang='lat' dir='ltr'><strong>sextus</strong></span> <span class='ocrx_word' id='word_1_495' title='bbox 808 2567 963 2593; x_wconf 87' lang='lat' dir='ltr'><strong>eoruntdctn</strong></span> <span class='ocrx_word' id='word_1_496' title='bbox 987 2573 1032 2592; x_wconf 84' lang='lat' dir='ltr'><strong>ca-</strong></span> 
     </span>
    </p>
   </div>
   <div class='ocr_carea' id='block_1_74' title="bbox 247 2611 1033 2647">
    <p class='ocr_par' dir='ltr' id='par_1_74' title="bbox 247 2611 1033 2647">
     <span class='ocr_line' id='line_1_74' title="bbox 247 2611 1033 2647; baseline -0.001 -8"><span class='ocrx_word' id='word_1_497' title='bbox 247 2622 298 2639; x_wconf 90' lang='lat' dir='ltr'><strong>nott</strong></span> <span class='ocrx_word' id='word_1_498' title='bbox 315 2620 362 2640; x_wconf 90' lang='lat' dir='ltr'><strong>eos</strong></span> <span class='ocrx_word' id='word_1_499' title='bbox 377 2613 531 2647; x_wconf 87' lang='lat' dir='ltr'><strong>quicunque</strong></span> <span class='ocrx_word' id='word_1_500' title='bbox 550 2613 738 2647; x_wconf 89' lang='lat' dir='ltr'><strong>episcoporum</strong></span> <span class='ocrx_word' id='word_1_501' title='bbox 761 2612 865 2639; x_wconf 83' lang='lat' dir='ltr'><strong>calculo</strong></span> <span class='ocrx_word' id='word_1_502' title='bbox 886 2612 919 2638; x_wconf 88' lang='lat' dir='ltr'><strong>ad</strong></span> <span class='ocrx_word' id='word_1_503' title='bbox 938 2611 1033 2646; x_wconf 64' lang='lat' dir='ltr'><strong>prafe—</strong></span> 
     </span>
    </p>
   </div>
   <div class='ocr_carea' id='block_1_75' title="bbox 246 2659 1032 2692">
    <p class='ocr_par' dir='ltr' id='par_1_75' title="bbox 246 2659 1032 2692">
     <span class='ocr_line' id='line_1_75' title="bbox 246 2659 1032 2692; baseline -0.003 -7"><span class='ocrx_word' id='word_1_504' title='bbox 246 2664 338 2686; x_wconf 89' lang='lat' dir='ltr'><strong>cturas</strong></span> <span class='ocrx_word' id='word_1_505' title='bbox 351 2659 508 2692; x_wconf 87' lang='lat' dir='ltr'><strong>spiritttales</strong></span> <span class='ocrx_word' id='word_1_506' title='bbox 520 2659 606 2685; x_wconf 81' lang='lat' dir='ltr'><strong>vocati</strong></span> <span class='ocrx_word' id='word_1_507' title='bbox 624 2666 724 2685; x_wconf 87' lang='lat' dir='ltr'><strong>munus</strong></span> <span class='ocrx_word' id='word_1_508' title='bbox 744 2659 821 2686; x_wconf 87' lang='lat' dir='ltr'><strong>obire</strong></span> <span class='ocrx_word' id='word_1_509' title='bbox 835 2659 1032 2691; x_wconf 73' lang='lat' dir='ltr'><strong>recusaverint,</strong></span> 
     </span>
    </p>
   </div>
   <div class='ocr_carea' id='block_1_76' title="bbox 246 2703 1030 2739">
    <p class='ocr_par' dir='ltr' id='par_1_76' title="bbox 246 2703 1030 2739">
     <span class='ocr_line' id='line_1_76' title="bbox 246 2703 1030 2739; baseline 0.001 -10"><span class='ocrx_word' id='word_1_510' title='bbox 246 2703 333 2730; x_wconf 86' lang='lat' dir='ltr'><strong>donec</strong></span> <span class='ocrx_word' id='word_1_511' title='bbox 360 2704 387 2730; x_wconf 89' lang='lat' dir='ltr'><strong>id</strong></span> <span class='ocrx_word' id='word_1_512' title='bbox 414 2705 583 2739; x_wconf 83' lang='lat' dir='ltr'><strong>suscipiant,</strong></span> <span class='ocrx_word' id='word_1_513' title='bbox 616 2708 771 2738; x_wconf 72' lang='lat' dir='ltr'><strong>segregatos</strong></span> <span class='ocrx_word' id='word_1_514' title='bbox 811 2711 870 2730; x_wconf 85' lang='lat' dir='ltr'><strong>esse</strong></span> <span class='ocrx_word' id='word_1_515' title='bbox 900 2703 1030 2730; x_wconf 87' lang='lat' dir='ltr'><strong>decernit.</strong></span> 
     </span>
    </p>
   </div>
   <div class='ocr_carea' id='block_1_77' title="bbox 248 2747 1031 2784">
    <p class='ocr_par' dir='ltr' id='par_1_77' title="bbox 248 2747 1031 2784">
     <span class='ocr_line' id='line_1_77' title="bbox 248 2747 1031 2784; baseline 0.001 -10"><span class='ocrx_word' id='word_1_516' title='bbox 248 2747 319 2782; x_wconf 78' lang='lat' dir='ltr'><strong>Ergo</strong></span> <span class='ocrx_word' id='word_1_517' title='bbox 368 2750 392 2776; x_wconf 81' lang='lat' dir='ltr'><strong>si</strong></span> <span class='ocrx_word' id='word_1_518' title='bbox 436 2751 461 2777; x_wconf 79' lang='lat' dir='ltr'><strong>id</strong></span> <span class='ocrx_word' id='word_1_519' title='bbox 486 2757 622 2784; x_wconf 88' lang='lat' dir='ltr'><strong>nonqttatn</strong></span> <span class='ocrx_word' id='word_1_520' title='bbox 656 2749 846 2783; x_wconf 81' lang='lat' dir='ltr'><strong>susceperint,</strong></span> <span class='ocrx_word' id='word_1_521' title='bbox 883 2753 1031 2783; x_wconf 85' lang='lat' dir='ltr'><strong>perpetua,</strong></span> 
     </span>
    </p>
   </div>
   <div class='ocr_carea' id='block_1_78' title="bbox 250 2793 1030 2829">
    <p class='ocr_par' dir='ltr' id='par_1_78' title="bbox 250 2793 1030 2829">
     <span class='ocr_line' id='line_1_78' title="bbox 250 2793 1030 2829; baseline 0.001 -10"><span class='ocrx_word' id='word_1_522' title='bbox 250 2793 340 2826; x_wconf 86' lang='lat' dir='ltr'><strong>quoad</strong></span> <span class='ocrx_word' id='word_1_523' title='bbox 381 2794 514 2828; x_wconf 81' lang='lat' dir='ltr'><strong>vixerint,</strong></span> <span class='ocrx_word' id='word_1_524' title='bbox 553 2795 738 2829; x_wconf 69' lang='lat' dir='ltr'><strong>segregatione</strong></span> <span class='ocrx_word' id='word_1_525' title='bbox 776 2794 949 2821; x_wconf 88' lang='lat' dir='ltr'><strong>tenebuntur.</strong></span> <span class='ocrx_word' id='word_1_526' title='bbox 980 2793 1030 2827; x_wconf 91' lang='lat' dir='ltr'><strong>Qui</strong></span> 
     </span>
    </p>
   </div>
   <div class='ocr_carea' id='block_1_79' title="bbox 1077 871 1870 908">
    <p class='ocr_par' dir='ltr' id='par_1_79' title="bbox 1077 871 1870 908">
     <span class='ocr_line' id='line_1_79' title="bbox 1077 871 1870 908; baseline -0.004 -7"><span class='ocrx_word' id='word_1_527' title='bbox 1077 883 1128 901; x_wconf 90' lang='grc' dir='ltr'><strong>πον</strong></span> <span class='ocrx_word' id='word_1_528' title='bbox 1150 875 1325 908; x_wconf 77' lang='grc' dir='ltr'>ἐπισκήπτει.</span> <span class='ocrx_word' id='word_1_529' title='bbox 1353 873 1432 899; x_wconf 75' lang='grc' dir='ltr'>Καὶό</span> <span class='ocrx_word' id='word_1_530' title='bbox 1448 873 1535 907; x_wconf 81' lang='grc' dir='ltr'><strong>μέγας</strong></span> <span class='ocrx_word' id='word_1_531' title='bbox 1555 873 1584 899; x_wconf 76' lang='grc' dir='ltr'>δὲ</span> <span class='ocrx_word' id='word_1_532' title='bbox 1612 872 1718 903; x_wconf 75' lang='grc' dir='ltr'>Παῦλος</span> <span class='ocrx_word' id='word_1_533' title='bbox 1742 871 1870 907; x_wconf 74' lang='grc' dir='ltr'>Τιμοθέῳ</span> 
     </span>
    </p>
   </div>
   <div class='ocr_carea' id='block_1_80' title="bbox 1076 916 1870 955">
    <p class='ocr_par' dir='ltr' id='par_1_80' title="bbox 1076 916 1870 955">
     <span class='ocr_line' id='line_1_80' title="bbox 1076 916 1870 955; baseline -0.006 -8"><span class='ocrx_word' id='word_1_534' title='bbox 1076 920 1202 955; x_wconf 75' lang='grc' dir='ltr'>γράφων.</span> <span class='ocrx_word' id='word_1_535' title='bbox 1218 920 1265 946; x_wconf 74' lang='grc' dir='ltr'>καὶ</span> <span class='ocrx_word' id='word_1_536' title='bbox 1277 916 1333 945; x_wconf 77' lang='grc' dir='ltr'>οἷον</span> <span class='ocrx_word' id='word_1_537' title='bbox 1347 917 1416 945; x_wconf 70' lang='grc' dir='ltr'>εἶναι</span> <span class='ocrx_word' id='word_1_538' title='bbox 1440 919 1480 945; x_wconf 82' lang='grc' dir='ltr'>δεῖ</span> <span class='ocrx_word' id='word_1_539' title='bbox 1500 919 1544 944; x_wconf 81' lang='grc' dir='ltr'>τὸν</span> <span class='ocrx_word' id='word_1_540' title='bbox 1559 919 1599 949; x_wconf 81' lang='grc' dir='ltr'>είς</span> <span class='ocrx_word' id='word_1_541' title='bbox 1620 917 1774 952; x_wconf 76' lang='grc' dir='ltr'>ἐπισκοπὴν</span> <span class='ocrx_word' id='word_1_542' title='bbox 1799 925 1870 952; x_wconf 81' lang='grc' dir='ltr'>προ-</span> 
     </span>
    </p>
   </div>
   <div class='ocr_carea' id='block_1_81' title="bbox 1077 961 1869 1001">
    <p class='ocr_par' dir='ltr' id='par_1_81' title="bbox 1077 961 1869 1001">
     <span class='ocr_line' id='line_1_81' title="bbox 1077 961 1869 1001; baseline -0.003 -8"><span class='ocrx_word' id='word_1_543' title='bbox 1077 967 1211 1001; x_wconf 83' lang='grc' dir='ltr'>αγόμενον</span> <span class='ocrx_word' id='word_1_544' title='bbox 1223 965 1443 999; x_wconf 78' lang='grc' dir='ltr'>διαταττόμενος,</span> <span class='ocrx_word' id='word_1_545' title='bbox 1459 965 1506 990; x_wconf 72' lang='grc' dir='ltr'>καὶ</span> <span class='ocrx_word' id='word_1_546' title='bbox 1515 964 1551 999; x_wconf 77' lang='grc' dir='ltr'>μὴ</span> <span class='ocrx_word' id='word_1_547' title='bbox 1563 964 1689 998; x_wconf 74' lang='grc' dir='ltr'>νεόφυτον</span> <span class='ocrx_word' id='word_1_548' title='bbox 1705 961 1774 990; x_wconf 81' lang='grc' dir='ltr'>εἶναί</span> <span class='ocrx_word' id='word_1_549' title='bbox 1787 972 1869 997; x_wconf 77' lang='grc' dir='ltr'>φησι.</span> 
     </span>
    </p>
   </div>
   <div class='ocr_carea' id='block_1_82' title="bbox 1078 1007 1870 1046">
    <p class='ocr_par' dir='ltr' id='par_1_82' title="bbox 1078 1007 1870 1046">
     <span class='ocr_line' id='line_1_82' title="bbox 1078 1007 1870 1046; baseline -0.004 -7"><span class='ocrx_word' id='word_1_550' title='bbox 1078 1013 1123 1039; x_wconf 77' lang='grc' dir='ltr'><strong>Διὸ</strong></span> <span class='ocrx_word' id='word_1_551' title='bbox 1136 1013 1184 1038; x_wconf 75' lang='grc' dir='ltr'>καὶ</span> <span class='ocrx_word' id='word_1_552' title='bbox 1196 1013 1219 1037; x_wconf 88' lang='grc' dir='ltr'>οἱ</span> <span class='ocrx_word' id='word_1_553' title='bbox 1233 1011 1355 1046; x_wconf 78' lang='grc' dir='ltr'>Πατέρες</span> <span class='ocrx_word' id='word_1_554' title='bbox 1366 1007 1439 1037; x_wconf 73' lang='grc' dir='ltr'>οὗτοι</span> <span class='ocrx_word' id='word_1_555' title='bbox 1450 1010 1572 1045; x_wconf 66' lang='grc' dir='ltr'>ὁρίζουσι</span> <span class='ocrx_word' id='word_1_556' title='bbox 1589 1011 1657 1044; x_wconf 73' lang='grc' dir='ltr'>μήτε</span> <span class='ocrx_word' id='word_1_557' title='bbox 1671 1011 1716 1035; x_wconf 72' lang='grc' dir='ltr'>τὶν</span> <span class='ocrx_word' id='word_1_558' title='bbox 1730 1011 1762 1044; x_wconf 80' lang='grc' dir='ltr'><strong>τῇ</strong></span> <span class='ocrx_word' id='word_1_559' title='bbox 1775 1010 1870 1036; x_wconf 74' lang='grc' dir='ltr'>πίστει</span> 
     </span>
    </p>
   </div>
   <div class='ocr_carea' id='block_1_83' title="bbox 1079 1055 1870 1092">
    <p class='ocr_par' dir='ltr' id='par_1_83' title="bbox 1079 1055 1870 1092">
     <span class='ocr_line' id='line_1_83' title="bbox 1079 1055 1870 1092; baseline -0.004 -8"><span class='ocrx_word' id='word_1_560' title='bbox 1079 1058 1300 1092; x_wconf 65' lang='grc' dir='ltr'>προσερχόμενον</span> <span class='ocrx_word' id='word_1_561' title='bbox 1321 1057 1421 1083; x_wconf 72' lang='grc' dir='ltr'>αὐτίκα</span> <span class='ocrx_word' id='word_1_562' title='bbox 1441 1055 1634 1091; x_wconf 76' lang='grc' dir='ltr'>βαπτίζεσθαι,</span> <span class='ocrx_word' id='word_1_563' title='bbox 1651 1056 1674 1081; x_wconf 81' lang='grc' dir='ltr'><strong>εί</strong></span> <span class='ocrx_word' id='word_1_564' title='bbox 1695 1056 1732 1090; x_wconf 83' lang='grc' dir='ltr'>μὴ</span> <span class='ocrx_word' id='word_1_565' title='bbox 1751 1056 1870 1090; x_wconf 72' lang='grc' dir='ltr'>ἀρκούν-</span> 
     </span>
    </p>
   </div>
   <div class='ocr_carea' id='block_1_84' title="bbox 1078 1101 1869 1138">
    <p class='ocr_par' dir='ltr' id='par_1_84' title="bbox 1078 1101 1869 1138">
     <span class='ocr_line' id='line_1_84' title="bbox 1078 1101 1869 1138; baseline -0.004 -8"><span class='ocrx_word' id='word_1_566' title='bbox 1078 1112 1131 1134; x_wconf 75' lang='grc' dir='ltr'>τως</span> <span class='ocrx_word' id='word_1_567' title='bbox 1144 1102 1323 1138; x_wconf 83' lang='grc' dir='ltr'>κατηχηθείη,</span> <span class='ocrx_word' id='word_1_568' title='bbox 1338 1103 1406 1137; x_wconf 87' lang='grc' dir='ltr'>μήτε</span> <span class='ocrx_word' id='word_1_569' title='bbox 1420 1101 1602 1137; x_wconf 84' lang='grc' dir='ltr'>βαπτισθέντα</span> <span class='ocrx_word' id='word_1_570' title='bbox 1611 1102 1692 1132; x_wconf 76' lang='grc' dir='ltr'>εὐθὺς</span> <span class='ocrx_word' id='word_1_571' title='bbox 1707 1103 1747 1132; x_wconf 84' lang='grc' dir='ltr'><strong>είς</strong></span> <span class='ocrx_word' id='word_1_572' title='bbox 1765 1102 1869 1136; x_wconf 74' lang='grc' dir='ltr'>κλῆρον</span> 
     </span>
    </p>
   </div>
   <div class='ocr_carea' id='block_1_85' title="bbox 1079 1147 1871 1182">
    <p class='ocr_par' dir='ltr' id='par_1_85' title="bbox 1079 1147 1871 1182">
     <span class='ocr_line' id='line_1_85' title="bbox 1079 1147 1871 1182; baseline -0.001 -7"><span class='ocrx_word' id='word_1_573' title='bbox 1079 1148 1309 1178; x_wconf 76' lang='grc' dir='ltr'>κατατάττεσθαι,</span> <span class='ocrx_word' id='word_1_574' title='bbox 1328 1149 1412 1182; x_wconf 85' lang='grc' dir='ltr'>μήπω</span> <span class='ocrx_word' id='word_1_575' title='bbox 1431 1147 1509 1174; x_wconf 77' lang='grc' dir='ltr'>δόντα</span> <span class='ocrx_word' id='word_1_576' title='bbox 1528 1147 1652 1182; x_wconf 80' lang='grc' dir='ltr'>δοκίμιον</span> <span class='ocrx_word' id='word_1_577' title='bbox 1669 1148 1779 1180; x_wconf 74' lang='grc' dir='ltr'>ἑαυτοῦ,</span> <span class='ocrx_word' id='word_1_578' title='bbox 1795 1149 1871 1180; x_wconf 76' lang='grc' dir='ltr'>ὅπως</span> 
     </span>
    </p>
   </div>
   <div class='ocr_carea' id='block_1_86' title="bbox 1078 1195 1871 1230">
    <p class='ocr_par' dir='ltr' id='par_1_86' title="bbox 1078 1195 1871 1230">
     <span class='ocr_line' id='line_1_86' title="bbox 1078 1195 1871 1230; baseline 0.001 -9"><span class='ocrx_word' id='word_1_579' title='bbox 1078 1205 1109 1222; x_wconf 78' lang='grc' dir='ltr'><strong>τε</strong></span> <span class='ocrx_word' id='word_1_580' title='bbox 1123 1195 1189 1229; x_wconf 82' lang='grc' dir='ltr'>περὶ</span> <span class='ocrx_word' id='word_1_581' title='bbox 1204 1195 1253 1230; x_wconf 84' lang='grc' dir='ltr'>τὴν</span> <span class='ocrx_word' id='word_1_582' title='bbox 1270 1196 1362 1222; x_wconf 88' lang='grc' dir='ltr'>πίστιν</span> <span class='ocrx_word' id='word_1_583' title='bbox 1378 1195 1445 1230; x_wconf 76' lang='grc' dir='ltr'>ἔχει,</span> <span class='ocrx_word' id='word_1_584' title='bbox 1458 1196 1505 1222; x_wconf 77' lang='grc' dir='ltr'>καὶ</span> <span class='ocrx_word' id='word_1_585' title='bbox 1521 1195 1597 1227; x_wconf 79' lang='grc' dir='ltr'><strong>ὅπως</strong></span> <span class='ocrx_word' id='word_1_586' title='bbox 1609 1197 1674 1230; x_wconf 73' lang='grc' dir='ltr'>περὶ</span> <span class='ocrx_word' id='word_1_587' title='bbox 1690 1197 1736 1222; x_wconf 72' lang='grc' dir='ltr'><strong>τὸν</strong></span> <span class='ocrx_word' id='word_1_588' title='bbox 1752 1197 1818 1230; x_wconf 76' lang='grc' dir='ltr'>βίον.</span> <span class='ocrx_word' id='word_1_589' title='bbox 1839 1196 1871 1223; x_wconf 73' lang='lat' dir='ltr'><strong>Ei</strong></span> 
     </span>
    </p>
   </div>
   <div class='ocr_carea' id='block_1_87' title="bbox 1079 1241 1869 1277">
    <p class='ocr_par' dir='ltr' id='par_1_87' title="bbox 1079 1241 1869 1277">
     <span class='ocr_line' id='line_1_87' title="bbox 1079 1241 1869 1277; baseline 0.001 -10"><span class='ocrx_word' id='word_1_590' title='bbox 1079 1241 1107 1267; x_wconf 83' lang='grc' dir='ltr'>δὲ</span> <span class='ocrx_word' id='word_1_591' title='bbox 1122 1242 1169 1268; x_wconf 77' lang='grc' dir='ltr'>καὶ</span> <span class='ocrx_word' id='word_1_592' title='bbox 1186 1241 1254 1276; x_wconf 79' lang='grc' dir='ltr'>μετὰ</span> <span class='ocrx_word' id='word_1_593' title='bbox 1272 1241 1434 1276; x_wconf 77' lang='grc' dir='ltr'>δοκιμασίας</span> <span class='ocrx_word' id='word_1_594' title='bbox 1450 1242 1565 1276; x_wconf 80' lang='grc' dir='ltr'>γένηται</span> <span class='ocrx_word' id='word_1_595' title='bbox 1580 1242 1763 1277; x_wconf 76' lang='grc' dir='ltr'>ἀνεπίληπτος</span> <span class='ocrx_word' id='word_1_596' title='bbox 1778 1242 1869 1275; x_wconf 80' lang='grc' dir='ltr'>δόξας,</span> 
     </span>
    </p>
   </div>
   <div class='ocr_carea' id='block_1_88' title="bbox 1081 1288 1872 1324">
    <p class='ocr_par' dir='ltr' id='par_1_88' title="bbox 1081 1288 1872 1324">
     <span class='ocr_line' id='line_1_88' title="bbox 1081 1288 1872 1324; baseline 0.003 -11"><span class='ocrx_word' id='word_1_597' title='bbox 1081 1289 1223 1323; x_wconf 78' lang='grc' dir='ltr'>προϊόντος</span> <span class='ocrx_word' id='word_1_598' title='bbox 1239 1288 1267 1314; x_wconf 79' lang='grc' dir='ltr'>δὲ</span> <span class='ocrx_word' id='word_1_599' title='bbox 1282 1288 1329 1314; x_wconf 84' lang='grc' dir='ltr'>τοῦ</span> <span class='ocrx_word' id='word_1_600' title='bbox 1344 1288 1443 1322; x_wconf 87' lang='grc' dir='ltr'>χρόνου</span> <span class='ocrx_word' id='word_1_601' title='bbox 1460 1288 1614 1323; x_wconf 80' lang='grc' dir='ltr'>ἁμάρτημὰ</span> <span class='ocrx_word' id='word_1_602' title='bbox 1629 1297 1656 1314; x_wconf 85' lang='grc' dir='ltr'><strong>τι</strong></span> <span class='ocrx_word' id='word_1_603' title='bbox 1673 1289 1787 1323; x_wconf 79' lang='grc' dir='ltr'>ψυχικὸν</span> <span class='ocrx_word' id='word_1_604' title='bbox 1799 1289 1872 1324; x_wconf 83' lang='grc' dir='ltr'>ἔχων</span> 
     </span>
    </p>
   </div>
   <div class='ocr_carea' id='block_1_89' title="bbox 1081 1333 1871 1369">
    <p class='ocr_par' dir='ltr' id='par_1_89' title="bbox 1081 1333 1871 1369">
     <span class='ocr_line' id='line_1_89' title="bbox 1081 1333 1871 1369; baseline 0.003 -10"><span class='ocrx_word' id='word_1_605' title='bbox 1081 1333 1237 1367; x_wconf 74' lang='grc' dir='ltr'>ἐλεγχθείη,</span> <span class='ocrx_word' id='word_1_606' title='bbox 1253 1333 1388 1360; x_wconf 78' lang='grc' dir='ltr'>παύεσθαι</span> <span class='ocrx_word' id='word_1_607' title='bbox 1407 1334 1502 1360; x_wconf 82' lang='grc' dir='ltr'>τοῦτον</span> <span class='ocrx_word' id='word_1_608' title='bbox 1522 1334 1720 1361; x_wconf 81' lang='grc' dir='ltr'>διατάττονται.</span> <span class='ocrx_word' id='word_1_609' title='bbox 1743 1336 1871 1369; x_wconf 82' lang='grc' dir='ltr'>’Λπορεῖ-</span> 
     </span>
    </p>
   </div>
   <div class='ocr_carea' id='block_1_90' title="bbox 1081 1379 1872 1416">
    <p class='ocr_par' dir='ltr' id='par_1_90' title="bbox 1081 1379 1872 1416">
     <span class='ocr_line' id='line_1_90' title="bbox 1081 1379 1872 1416; baseline 0.004 -11"><span class='ocrx_word' id='word_1_610' title='bbox 1081 1387 1128 1405; x_wconf 82' lang='grc' dir='ltr'><strong>ται</strong></span> <span class='ocrx_word' id='word_1_611' title='bbox 1139 1379 1168 1405; x_wconf 78' lang='grc' dir='ltr'>δὲ</span> <span class='ocrx_word' id='word_1_612' title='bbox 1185 1379 1211 1405; x_wconf 84' lang='grc' dir='ltr'><strong>τί</strong></span> <span class='ocrx_word' id='word_1_613' title='bbox 1233 1379 1265 1406; x_wconf 80' lang='grc' dir='ltr'>ἂν</span> <span class='ocrx_word' id='word_1_614' title='bbox 1290 1380 1333 1414; x_wconf 77' lang='grc' dir='ltr'><strong>εἴη</strong></span> <span class='ocrx_word' id='word_1_615' title='bbox 1351 1380 1381 1406; x_wconf 84' lang='grc' dir='ltr'>τὸ</span> <span class='ocrx_word' id='word_1_616' title='bbox 1401 1380 1516 1415; x_wconf 65' lang='grc' dir='ltr'>ψυχικὸν</span> <span class='ocrx_word' id='word_1_617' title='bbox 1541 1381 1703 1416; x_wconf 75' lang='grc' dir='ltr'>ἁμάρτημα,</span> <span class='ocrx_word' id='word_1_618' title='bbox 1720 1383 1766 1408; x_wconf 63' lang='grc' dir='ltr'><strong>καὶ</strong></span> <span class='ocrx_word' id='word_1_619' title='bbox 1786 1382 1830 1408; x_wconf 82' lang='grc' dir='ltr'><strong>διὰ</strong></span> <span class='ocrx_word' id='word_1_620' title='bbox 1845 1383 1872 1409; x_wconf 86' lang='grc' dir='ltr'><strong>τί</strong></span> 
     </span>
    </p>
   </div>
   <div class='ocr_carea' id='block_1_91' title="bbox 1080 1424 1872 1463">
    <p class='ocr_par' dir='ltr' id='par_1_91' title="bbox 1080 1424 1872 1463">
     <span class='ocr_line' id='line_1_91' title="bbox 1080 1424 1872 1463; baseline 0.004 -13"><span class='ocrx_word' id='word_1_621' title='bbox 1080 1424 1205 1459; x_wconf 76' lang='grc' dir='ltr'>ψυχικῶν</span> <span class='ocrx_word' id='word_1_622' title='bbox 1226 1425 1349 1461; x_wconf 75' lang='grc' dir='ltr'>ἐμνήσθη</span> <span class='ocrx_word' id='word_1_623' title='bbox 1375 1426 1465 1460; x_wconf 84' lang='grc' dir='ltr'>μόνον,</span> <span class='ocrx_word' id='word_1_624' title='bbox 1490 1426 1549 1452; x_wconf 82' lang='grc' dir='ltr'>ἀλλ’</span> <span class='ocrx_word' id='word_1_625' title='bbox 1571 1427 1632 1461; x_wconf 77' lang='grc' dir='ltr'>οὐχὶ</span> <span class='ocrx_word' id='word_1_626' title='bbox 1655 1427 1702 1453; x_wconf 75' lang='grc' dir='ltr'>καὶ</span> <span class='ocrx_word' id='word_1_627' title='bbox 1730 1428 1872 1463; x_wconf 79' lang='grc' dir='ltr'><strong>σαρκικῶν</strong></span> 
     </span>
    </p>
   </div>
   <div class='ocr_carea' id='block_1_92' title="bbox 1042 1470 1871 1517">
    <p class='ocr_par' dir='ltr' id='par_1_92' title="bbox 1042 1470 1871 1517">
     <span class='ocr_line' id='line_1_92' title="bbox 1042 1470 1871 1517; baseline 0.004 -21"><span class='ocrx_word' id='word_1_628' title='bbox 1042 1487 1064 1517; x_wconf 76' lang='lat' dir='ltr'><strong>c</strong></span> <span class='ocrx_word' id='word_1_629' title='bbox 1084 1470 1226 1505; x_wconf 74' lang='grc' dir='ltr'>καθαιρεῖν</span> <span class='ocrx_word' id='word_1_630' title='bbox 1246 1471 1346 1506; x_wconf 74' lang='grc' dir='ltr'>μᾶλλον</span> <span class='ocrx_word' id='word_1_631' title='bbox 1361 1473 1524 1506; x_wconf 77' lang='grc' dir='ltr'>πεφυκότων</span> <span class='ocrx_word' id='word_1_632' title='bbox 1541 1473 1605 1503; x_wconf 74' lang='grc' dir='ltr'>τοὺς</span> <span class='ocrx_word' id='word_1_633' title='bbox 1623 1474 1871 1507; x_wconf 70' lang='grc' dir='ltr'>περιπεπτωκότας</span> 
     </span>
    </p>
   </div>
   <div class='ocr_carea' id='block_1_93' title="bbox 1080 1517 1872 1553">
    <p class='ocr_par' dir='ltr' id='par_1_93' title="bbox 1080 1517 1872 1553">
     <span class='ocr_line' id='line_1_93' title="bbox 1080 1517 1872 1553; baseline 0 -8"><span class='ocrx_word' id='word_1_634' title='bbox 1080 1519 1185 1549; x_wconf 79' lang='grc' dir='ltr'>αὐτοῖς.</span> <span class='ocrx_word' id='word_1_635' title='bbox 1211 1518 1265 1544; x_wconf 84' lang='grc' dir='ltr'>τῶν</span> <span class='ocrx_word' id='word_1_636' title='bbox 1291 1517 1414 1552; x_wconf 81' lang='grc' dir='ltr'>ψυχικῶν</span> <span class='ocrx_word' id='word_1_637' title='bbox 1438 1517 1465 1544; x_wconf 80' lang='grc' dir='ltr'><strong><em>δέ</em></strong></span> <span class='ocrx_word' id='word_1_638' title='bbox 1485 1526 1517 1551; x_wconf 84' lang='grc' dir='ltr'><strong>γε</strong></span> <span class='ocrx_word' id='word_1_639' title='bbox 1542 1518 1581 1549; x_wconf 76' lang='grc' dir='ltr'>ὡς</span> <span class='ocrx_word' id='word_1_640' title='bbox 1605 1518 1648 1544; x_wconf 80' lang='grc' dir='ltr'><strong>ἐπ’</strong></span> <span class='ocrx_word' id='word_1_641' title='bbox 1666 1519 1816 1553; x_wconf 71' lang='grc' dir='ltr'>ἐλάχιστον.</span> <span class='ocrx_word' id='word_1_642' title='bbox 1839 1520 1872 1545; x_wconf 74' lang='grc' dir='ltr'><strong>Οἱ</strong></span> 
     </span>
    </p>
   </div>
   <div class='ocr_carea' id='block_1_94' title="bbox 1082 1563 1871 1599">
    <p class='ocr_par' dir='ltr' id='par_1_94' title="bbox 1082 1563 1871 1599">
     <span class='ocr_line' id='line_1_94' title="bbox 1082 1563 1871 1599; baseline 0.001 -9"><span class='ocrx_word' id='word_1_643' title='bbox 1082 1564 1131 1598; x_wconf 82' lang='grc' dir='ltr'>μὲν</span> <span class='ocrx_word' id='word_1_644' title='bbox 1142 1564 1188 1590; x_wconf 77' lang='grc' dir='ltr'>οὖν</span> <span class='ocrx_word' id='word_1_645' title='bbox 1203 1564 1266 1594; x_wconf 76' lang='grc' dir='ltr'>τοὺς</span> <span class='ocrx_word' id='word_1_646' title='bbox 1280 1563 1325 1589; x_wconf 84' lang='grc' dir='ltr'>τὸν</span> <span class='ocrx_word' id='word_1_647' title='bbox 1341 1563 1442 1589; x_wconf 84' lang='grc' dir='ltr'>κανόνα</span> <span class='ocrx_word' id='word_1_648' title='bbox 1455 1564 1618 1598; x_wconf 66' lang='grc' dir='ltr'>ἓκθεμένους</span> <span class='ocrx_word' id='word_1_649' title='bbox 1634 1565 1729 1598; x_wconf 84' lang='grc' dir='ltr'>ἁγίους</span> <span class='ocrx_word' id='word_1_650' title='bbox 1745 1565 1871 1599; x_wconf 80' lang='grc' dir='ltr'>Πατέρας</span> 
     </span>
    </p>
   </div>
   <div class='ocr_carea' id='block_1_95' title="bbox 1081 1608 1872 1645">
    <p class='ocr_par' dir='ltr' id='par_1_95' title="bbox 1081 1608 1872 1645">
     <span class='ocr_line' id='line_1_95' title="bbox 1081 1608 1872 1645; baseline 0.001 -9"><span class='ocrx_word' id='word_1_651' title='bbox 1081 1611 1136 1636; x_wconf 78' lang='grc' dir='ltr'>πᾶν</span> <span class='ocrx_word' id='word_1_652' title='bbox 1151 1609 1306 1644; x_wconf 76' lang='grc' dir='ltr'>ἁμάρτημα</span> <span class='ocrx_word' id='word_1_653' title='bbox 1326 1609 1367 1639; x_wconf 79' lang='grc' dir='ltr'><strong>εἰς</strong></span> <span class='ocrx_word' id='word_1_654' title='bbox 1393 1608 1483 1643; x_wconf 84' lang='grc' dir='ltr'>ψυχὴν</span> <span class='ocrx_word' id='word_1_655' title='bbox 1509 1609 1592 1644; x_wconf 81' lang='grc' dir='ltr'>φέρον</span> <span class='ocrx_word' id='word_1_656' title='bbox 1611 1609 1659 1645; x_wconf 84' lang='grc' dir='ltr'>τὴν</span> <span class='ocrx_word' id='word_1_657' title='bbox 1677 1610 1778 1645; x_wconf 64' lang='grc' dir='ltr'>βλάϐην</span> <span class='ocrx_word' id='word_1_658' title='bbox 1793 1611 1872 1645; x_wconf 83' lang='grc' dir='ltr'>ψυχι-</span> 
     </span>
    </p>
   </div>
   <div class='ocr_carea' id='block_1_96' title="bbox 1081 1655 1872 1693">
    <p class='ocr_par' dir='ltr' id='par_1_96' title="bbox 1081 1655 1872 1693">
     <span class='ocr_line' id='line_1_96' title="bbox 1081 1655 1872 1693; baseline 0.003 -11"><span class='ocrx_word' id='word_1_659' title='bbox 1081 1655 1128 1682; x_wconf 77' lang='grc' dir='ltr'><strong>κδν</strong></span> <span class='ocrx_word' id='word_1_660' title='bbox 1142 1655 1302 1689; x_wconf 77' lang='grc' dir='ltr'>ὠνομάσθαι</span> <span class='ocrx_word' id='word_1_661' title='bbox 1327 1655 1423 1689; x_wconf 78' lang='grc' dir='ltr'>φασίν·</span> <span class='ocrx_word' id='word_1_662' title='bbox 1444 1656 1466 1681; x_wconf 81' lang='lat' dir='ltr'><strong>oi</strong></span> <span class='ocrx_word' id='word_1_663' title='bbox 1486 1655 1513 1682; x_wconf 76' lang='grc' dir='ltr'>δὲ</span> <span class='ocrx_word' id='word_1_664' title='bbox 1528 1655 1632 1690; x_wconf 78' lang='grc' dir='ltr'>ψυχικὰ</span> <span class='ocrx_word' id='word_1_665' title='bbox 1644 1665 1726 1690; x_wconf 90' lang='grc' dir='ltr'>φασιν</span> <span class='ocrx_word' id='word_1_666' title='bbox 1742 1657 1872 1693; x_wconf 74' lang='grc' dir='ltr'>ἁμαρτή-</span> 
     </span>
    </p>
   </div>
   <div class='ocr_carea' id='block_1_97' title="bbox 1083 1700 1872 1738">
    <p class='ocr_par' dir='ltr' id='par_1_97' title="bbox 1083 1700 1872 1738">
     <span class='ocr_line' id='line_1_97' title="bbox 1083 1700 1872 1738; baseline 0.003 -10"><span class='ocrx_word' id='word_1_667' title='bbox 1083 1711 1156 1737; x_wconf 79' lang='grc' dir='ltr'>ματα</span> <span class='ocrx_word' id='word_1_668' title='bbox 1173 1701 1207 1727; x_wconf 80' lang='grc' dir='ltr'><strong>τὰ</strong></span> <span class='ocrx_word' id='word_1_669' title='bbox 1223 1702 1255 1727; x_wconf 82' lang='grc' dir='ltr'>ὲκ</span> <span class='ocrx_word' id='word_1_670' title='bbox 1274 1700 1402 1736; x_wconf 81' lang='grc' dir='ltr'>ψυχικῶν</span> <span class='ocrx_word' id='word_1_671' title='bbox 1418 1701 1512 1727; x_wconf 82' lang='grc' dir='ltr'>παθῶν</span> <span class='ocrx_word' id='word_1_672' title='bbox 1528 1704 1670 1735; x_wconf 63' lang='grc' dir='ltr'>γινόμεναι,</span> <span class='ocrx_word' id='word_1_673' title='bbox 1684 1700 1740 1729; x_wconf 64' lang='grc' dir='ltr'>οἷον</span> <span class='ocrx_word' id='word_1_674' title='bbox 1761 1704 1790 1736; x_wconf 75' lang='grc' dir='ltr'>ἐξ</span> <span class='ocrx_word' id='word_1_675' title='bbox 1811 1705 1872 1738; x_wconf 69' lang='grc' dir='ltr'>οἰή-</span> 
     </span>
    </p>
   </div>
   <div class='ocr_carea' id='block_1_98' title="bbox 1082 1747 1872 1784">
    <p class='ocr_par' dir='ltr' id='par_1_98' title="bbox 1082 1747 1872 1784">
     <span class='ocr_line' id='line_1_98' title="bbox 1082 1747 1872 1784; baseline 0.005 -11"><span class='ocrx_word' id='word_1_676' title='bbox 1082 1756 1151 1778; x_wconf 78' lang='grc' dir='ltr'>σεως</span> <span class='ocrx_word' id='word_1_677' title='bbox 1175 1747 1222 1774; x_wconf 70' lang='grc' dir='ltr'><strong>καὶ</strong></span> <span class='ocrx_word' id='word_1_678' title='bbox 1246 1747 1447 1781; x_wconf 59' lang='grc' dir='ltr'>ὑπερηφανίας,</span> <span class='ocrx_word' id='word_1_679' title='bbox 1475 1747 1520 1773; x_wconf 69' lang='grc' dir='ltr'>καὶ</span> <span class='ocrx_word' id='word_1_680' title='bbox 1543 1748 1685 1784; x_wconf 55' lang='grc' dir='ltr'>ἁνηκοῆιςε</span> <span class='ocrx_word' id='word_1_681' title='bbox 1706 1750 1761 1775; x_wconf 75' lang='grc' dir='ltr'>Καὶ</span> <span class='ocrx_word' id='word_1_682' title='bbox 1782 1750 1872 1777; x_wconf 82' lang='grc' dir='ltr'>ταῦτα</span> 
     </span>
    </p>
   </div>
   <div class='ocr_carea' id='block_1_99' title="bbox 1082 1793 1870 1828">
    <p class='ocr_par' dir='ltr' id='par_1_99' title="bbox 1082 1793 1870 1828">
     <span class='ocr_line' id='line_1_99' title="bbox 1082 1793 1870 1828; baseline 0.005 -9"><span class='ocrx_word' id='word_1_683' title='bbox 1082 1793 1136 1828; x_wconf 83' lang='grc' dir='ltr'><strong>γὰρ</strong></span> <span class='ocrx_word' id='word_1_684' title='bbox 1151 1793 1313 1826; x_wconf 78' lang='grc' dir='ltr'>καθαιρέσει</span> <span class='ocrx_word' id='word_1_685' title='bbox 1334 1793 1511 1828; x_wconf 76' lang='grc' dir='ltr'><strong>ἀθεράπευτα</strong></span> <span class='ocrx_word' id='word_1_686' title='bbox 1536 1793 1651 1828; x_wconf 80' lang='grc' dir='ltr'>μένοντα</span> <span class='ocrx_word' id='word_1_687' title='bbox 1665 1795 1847 1823; x_wconf 73' lang='grc' dir='ltr'>ὐποόἁὶλουσι</span> <span class='ocrx_word' id='word_1_688' title='bbox 1863 1805 1870 1812; x_wconf 93' lang='grc'><strong>·</strong></span> 
     </span>
    </p>
   </div>
   <div class='ocr_carea' id='block_1_100' title="bbox 1082 1838 1871 1874">
    <p class='ocr_par' dir='ltr' id='par_1_100' title="bbox 1082 1838 1871 1874">
     <span class='ocr_line' id='line_1_100' title="bbox 1082 1838 1871 1874; baseline 0.004 -8"><span class='ocrx_word' id='word_1_689' title='bbox 1082 1839 1162 1872; x_wconf 79' lang='grc' dir='ltr'>δῆλον</span> <span class='ocrx_word' id='word_1_690' title='bbox 1192 1839 1220 1865; x_wconf 77' lang='grc' dir='ltr'>δὲ</span> <span class='ocrx_word' id='word_1_691' title='bbox 1246 1838 1325 1865; x_wconf 74' lang='grc' dir='ltr'>τοῦτο</span> <span class='ocrx_word' id='word_1_692' title='bbox 1343 1840 1373 1864; x_wconf 78' lang='grc' dir='ltr'>ἐκ</span> <span class='ocrx_word' id='word_1_693' title='bbox 1399 1839 1454 1865; x_wconf 79' lang='grc' dir='ltr'>τῶν</span> <span class='ocrx_word' id='word_1_694' title='bbox 1481 1840 1658 1874; x_wconf 79' lang='grc' dir='ltr'>καλουμένων</span> <span class='ocrx_word' id='word_1_695' title='bbox 1679 1841 1871 1870; x_wconf 76' lang='grc' dir='ltr'>Ναυατιανῶν.</span> 
     </span>
    </p>
   </div>
   <div class='ocr_carea' id='block_1_101' title="bbox 1089 1886 1871 1921">
    <p class='ocr_par' dir='ltr' id='par_1_101' title="bbox 1089 1886 1871 1921">
     <span class='ocr_line' id='line_1_101' title="bbox 1089 1886 1871 1921; baseline 0.005 -9"><span class='ocrx_word' id='word_1_696' title='bbox 1089 1887 1204 1912; x_wconf 82' lang='grc' dir='ltr'>Ἐκεῖνοι</span> <span class='ocrx_word' id='word_1_697' title='bbox 1217 1886 1270 1920; x_wconf 76' lang='grc' dir='ltr'>γὰρ</span> <span class='ocrx_word' id='word_1_698' title='bbox 1288 1886 1317 1911; x_wconf 75' lang='grc' dir='ltr'>οὐ</span> <span class='ocrx_word' id='word_1_699' title='bbox 1336 1886 1404 1921; x_wconf 76' lang='grc' dir='ltr'>πρὸς</span> <span class='ocrx_word' id='word_1_700' title='bbox 1431 1886 1519 1921; x_wconf 73' lang='grc' dir='ltr'>δόγμα</span> <span class='ocrx_word' id='word_1_701' title='bbox 1543 1888 1716 1921; x_wconf 65' lang='grc' dir='ltr'>ἐσφάλλοντο·</span> <span class='ocrx_word' id='word_1_702' title='bbox 1732 1889 1798 1916; x_wconf 69' lang='grc' dir='ltr'>ἀλλὰ</span> <span class='ocrx_word' id='word_1_703' title='bbox 1814 1891 1871 1916; x_wconf 70' lang='lat' dir='ltr'><strong>Ka-</strong></span> 
     </span>
    </p>
   </div>
   <div class='ocr_carea' id='block_1_102' title="bbox 1084 1930 1872 1968">
    <p class='ocr_par' dir='ltr' id='par_1_102' title="bbox 1084 1930 1872 1968">
     <span class='ocr_line' id='line_1_102' title="bbox 1084 1930 1872 1968; baseline 0.006 -11"><span class='ocrx_word' id='word_1_704' title='bbox 1084 1932 1184 1966; x_wconf 75' lang='grc' dir='ltr'>θαροὺς</span> <span class='ocrx_word' id='word_1_705' title='bbox 1200 1932 1313 1962; x_wconf 77' lang='grc' dir='ltr'>ἑαυτοὺς</span> <span class='ocrx_word' id='word_1_706' title='bbox 1328 1930 1357 1963; x_wconf 72' lang='grc' dir='ltr'><strong>ἐξ</strong></span> <span class='ocrx_word' id='word_1_707' title='bbox 1379 1931 1494 1966; x_wconf 73' lang='grc' dir='ltr'>οἰήσεως</span> <span class='ocrx_word' id='word_1_708' title='bbox 1517 1933 1709 1966; x_wconf 73' lang='grc' dir='ltr'>ὀνομάζοντες,</span> <span class='ocrx_word' id='word_1_709' title='bbox 1731 1934 1791 1961; x_wconf 68' lang='grc' dir='ltr'>οὔτε</span> <span class='ocrx_word' id='word_1_710' title='bbox 1810 1937 1872 1968; x_wconf 65' lang='grc' dir='ltr'>τοὺς</span> 
     </span>
    </p>
   </div>
   <div class='ocr_carea' id='block_1_103' title="bbox 1084 1978 1872 2015">
    <p class='ocr_par' dir='ltr' id='par_1_103' title="bbox 1084 1978 1872 2015">
     <span class='ocr_line' id='line_1_103' title="bbox 1084 1978 1872 2015; baseline 0.006 -12"><span class='ocrx_word' id='word_1_711' title='bbox 1084 1978 1112 2003; x_wconf 75' lang='grc' dir='ltr'>ἐν</span> <span class='ocrx_word' id='word_1_712' title='bbox 1136 1978 1265 2012; x_wconf 77' lang='grc' dir='ltr'>διωγμοῖς</span> <span class='ocrx_word' id='word_1_713' title='bbox 1290 1978 1497 2012; x_wconf 74' lang='grc' dir='ltr'>παραπεσόντας</span> <span class='ocrx_word' id='word_1_714' title='bbox 1519 1979 1716 2012; x_wconf 75' lang='grc' dir='ltr'>μετανοοῦντας</span> <span class='ocrx_word' id='word_1_715' title='bbox 1738 1981 1872 2015; x_wconf 71' lang='grc' dir='ltr'>ὲδέχιντι,</span> 
     </span>
    </p>
   </div>
   <div class='ocr_carea' id='block_1_104' title="bbox 1084 2022 1873 2061">
    <p class='ocr_par' dir='ltr' id='par_1_104' title="bbox 1084 2022 1873 2061">
     <span class='ocr_line' id='line_1_104' title="bbox 1084 2022 1873 2061; baseline 0.005 -13"><span class='ocrx_word' id='word_1_716' title='bbox 1084 2022 1145 2049; x_wconf 77' lang='grc' dir='ltr'>οὔτε</span> <span class='ocrx_word' id='word_1_717' title='bbox 1166 2023 1292 2057; x_wconf 79' lang='grc' dir='ltr'>διγὰμοις</span> <span class='ocrx_word' id='word_1_718' title='bbox 1316 2022 1486 2050; x_wconf 80' lang='grc' dir='ltr'>ἐκοινώνουν.</span> <span class='ocrx_word' id='word_1_719' title='bbox 1515 2025 1560 2050; x_wconf 56' lang='grc' dir='ltr'>Διδ</span> <span class='ocrx_word' id='word_1_720' title='bbox 1577 2025 1623 2050; x_wconf 76' lang='grc' dir='ltr'>καὶ</span> <span class='ocrx_word' id='word_1_721' title='bbox 1646 2025 1873 2061; x_wconf 73' lang='grc' dir='ltr'>ἐξεκηρύχθησαν</span> 
     </span>
    </p>
   </div>
   <div class='ocr_carea' id='block_1_105' title="bbox 1084 2068 1873 2108">
    <p class='ocr_par' dir='ltr' id='par_1_105' title="bbox 1084 2068 1873 2108">
     <span class='ocr_line' id='line_1_105' title="bbox 1084 2068 1873 2108; baseline 0.006 -14"><span class='ocrx_word' id='word_1_722' title='bbox 1084 2069 1132 2104; x_wconf 78' lang='grc' dir='ltr'><strong>τῆς</strong></span> <span class='ocrx_word' id='word_1_723' title='bbox 1146 2069 1199 2095; x_wconf 82' lang='grc' dir='ltr'>τῶν</span> <span class='ocrx_word' id='word_1_724' title='bbox 1213 2070 1316 2095; x_wconf 81' lang='grc' dir='ltr'>πιστῶν</span> <span class='ocrx_word' id='word_1_725' title='bbox 1337 2068 1500 2104; x_wconf 76' lang='grc' dir='ltr'>ὁμηγύρεως</span> <span class='ocrx_word' id='word_1_726' title='bbox 1523 2071 1566 2096; x_wconf 74' lang='grc' dir='ltr'><strong>διὰ</strong></span> <span class='ocrx_word' id='word_1_727' title='bbox 1594 2071 1644 2105; x_wconf 79' lang='grc' dir='ltr'>τὴν</span> <span class='ocrx_word' id='word_1_728' title='bbox 1658 2072 1745 2106; x_wconf 71' lang='grc' dir='ltr'>οἴησιν</span> <span class='ocrx_word' id='word_1_729' title='bbox 1760 2073 1805 2098; x_wconf 75' lang='grc' dir='ltr'><strong>καί</strong></span> <span class='ocrx_word' id='word_1_730' title='bbox 1823 2073 1873 2108; x_wconf 81' lang='grc' dir='ltr'>τὴν</span> 
     </span>
    </p>
   </div>
   <div class='ocr_carea' id='block_1_106' title="bbox 1088 2114 1874 2149">
    <p class='ocr_par' dir='ltr' id='par_1_106' title="bbox 1088 2114 1874 2149">
     <span class='ocr_line' id='line_1_106' title="bbox 1088 2114 1874 2149; baseline 0.005 -9"><span class='ocrx_word' id='word_1_731' title='bbox 1088 2115 1264 2149; x_wconf 75' lang='grc' dir='ltr'>μισαδελφίαν</span> <span class='ocrx_word' id='word_1_732' title='bbox 1282 2114 1382 2141; x_wconf 75' lang='grc' dir='ltr'>αὐτῶν.</span> <span class='ocrx_word' id='word_1_733' title='bbox 1404 2115 1434 2140; x_wconf 83' lang='grc' dir='ltr'>Εἰ</span> <span class='ocrx_word' id='word_1_734' title='bbox 1450 2115 1516 2148; x_wconf 75' lang='grc' dir='ltr'>γοῦν</span> <span class='ocrx_word' id='word_1_735' title='bbox 1534 2116 1631 2142; x_wconf 81' lang='grc' dir='ltr'>ἐκεῖνοι</span> <span class='ocrx_word' id='word_1_736' title='bbox 1652 2117 1696 2143; x_wconf 81' lang='grc' dir='ltr'>διὰ</span> <span class='ocrx_word' id='word_1_737' title='bbox 1721 2118 1807 2144; x_wconf 70' lang='grc' dir='ltr'>ταῦτα</span> <span class='ocrx_word' id='word_1_738' title='bbox 1825 2121 1874 2146; x_wconf 78' lang='grc' dir='ltr'>καὶ</span> 
     </span>
    </p>
   </div>
   <div class='ocr_carea' id='block_1_107' title="bbox 1082 2160 1873 2195">
    <p class='ocr_par' dir='ltr' id='par_1_107' title="bbox 1082 2160 1873 2195">
     <span class='ocr_line' id='line_1_107' title="bbox 1082 2160 1873 2195; baseline 0.004 -9"><span class='ocrx_word' id='word_1_739' title='bbox 1082 2161 1132 2194; x_wconf 75' lang='grc' dir='ltr'><strong>τῆς</strong></span> <span class='ocrx_word' id='word_1_740' title='bbox 1163 2160 1325 2194; x_wconf 80' lang='grc' dir='ltr'>Ἑκκλησίας</span> <span class='ocrx_word' id='word_1_741' title='bbox 1350 2160 1555 2195; x_wconf 75' lang='grc' dir='ltr'>ἁπεόλήθησαν,</span> <span class='ocrx_word' id='word_1_742' title='bbox 1584 2162 1642 2193; x_wconf 71' lang='grc' dir='ltr'><strong>πῦς</strong></span> <span class='ocrx_word' id='word_1_743' title='bbox 1667 2163 1715 2188; x_wconf 74' lang='grc' dir='ltr'>οὐκ</span> <span class='ocrx_word' id='word_1_744' title='bbox 1743 2163 1776 2189; x_wconf 81' lang='grc' dir='ltr'>ἂν</span> <span class='ocrx_word' id='word_1_745' title='bbox 1801 2165 1815 2189; x_wconf 82' lang='grc' dir='ltr'>ὁ</span> <span class='ocrx_word' id='word_1_746' title='bbox 1838 2165 1873 2190; x_wconf 71' lang='grc' dir='ltr'>δι’</span> 
     </span>
    </p>
   </div>
   <div class='ocr_carea' id='block_1_108' title="bbox 1084 2206 1873 2244">
    <p class='ocr_par' dir='ltr' id='par_1_108' title="bbox 1084 2206 1873 2244">
     <span class='ocr_line' id='line_1_108' title="bbox 1084 2206 1873 2244; baseline 0.005 -13"><span class='ocrx_word' id='word_1_747' title='bbox 1084 2207 1172 2240; x_wconf 67' lang='grc' dir='ltr'>οἴησιν</span> <span class='ocrx_word' id='word_1_748' title='bbox 1197 2206 1339 2239; x_wconf 75' lang='grc' dir='ltr'>ἐπισκόπῳ</span> <span class='ocrx_word' id='word_1_749' title='bbox 1368 2206 1450 2232; x_wconf 81' lang='grc' dir='ltr'>αὑτοῦ</span> <span class='ocrx_word' id='word_1_750' title='bbox 1469 2206 1507 2240; x_wconf 84' lang='grc' dir='ltr'>μὴ</span> <span class='ocrx_word' id='word_1_751' title='bbox 1523 2206 1683 2241; x_wconf 77' lang='grc' dir='ltr'>πειθόμενος</span> <span class='ocrx_word' id='word_1_752' title='bbox 1711 2209 1755 2235; x_wconf 75' lang='grc' dir='ltr'><strong>καὶ</strong></span> <span class='ocrx_word' id='word_1_753' title='bbox 1780 2209 1873 2244; x_wconf 67' lang='grc' dir='ltr'>ἀδιόρ-</span> 
     </span>
    </p>
   </div>
   <div class='ocr_carea' id='block_1_109' title="bbox 1084 2249 1872 2287">
    <p class='ocr_par' dir='ltr' id='par_1_109' title="bbox 1084 2249 1872 2287">
     <span class='ocr_line' id='line_1_109' title="bbox 1084 2249 1872 2287; baseline 0.006 -12"><span class='ocrx_word' id='word_1_754' title='bbox 1084 2249 1168 2281; x_wconf 86' lang='grc' dir='ltr'>θωτος</span> <span class='ocrx_word' id='word_1_755' title='bbox 1195 2250 1283 2284; x_wconf 78' lang='grc' dir='ltr'>μένων</span> <span class='ocrx_word' id='word_1_756' title='bbox 1306 2249 1555 2285; x_wconf 80' lang='grc' dir='ltr'>καθαιρεθήσεται;</span> <span class='ocrx_word' id='word_1_757' title='bbox 1573 2251 1627 2277; x_wconf 73' lang='grc' dir='ltr'><strong>Καὶ</strong></span> <span class='ocrx_word' id='word_1_758' title='bbox 1651 2253 1665 2278; x_wconf 84' lang='grc' dir='ltr'>ὁ</span> <span class='ocrx_word' id='word_1_759' title='bbox 1695 2253 1820 2287; x_wconf 73' lang='grc' dir='ltr'>πέμπτος</span> <span class='ocrx_word' id='word_1_760' title='bbox 1844 2256 1872 2281; x_wconf 74' lang='grc' dir='ltr'><strong>ἑὲ</strong></span> 
     </span>
    </p>
   </div>
   <div class='ocr_carea' id='block_1_110' title="bbox 1083 2294 1873 2329">
    <p class='ocr_par' dir='ltr' id='par_1_110' title="bbox 1083 2294 1873 2329">
     <span class='ocr_line' id='line_1_110' title="bbox 1083 2294 1873 2329; baseline 0.008 -9"><span class='ocrx_word' id='word_1_761' title='bbox 1083 2294 1137 2320; x_wconf 79' lang='grc' dir='ltr'>τῶν</span> <span class='ocrx_word' id='word_1_762' title='bbox 1166 2295 1252 2328; x_wconf 85' lang='grc' dir='ltr'>ἁγίων</span> <span class='ocrx_word' id='word_1_763' title='bbox 1285 2295 1440 2322; x_wconf 69' lang='grc' dir='ltr'>ἀποῖτόλων</span> <span class='ocrx_word' id='word_1_764' title='bbox 1477 2295 1567 2322; x_wconf 84' lang='grc' dir='ltr'>κανὼν</span> <span class='ocrx_word' id='word_1_765' title='bbox 1595 2298 1656 2329; x_wconf 77' lang='grc' dir='ltr'>τοὺς</span> <span class='ocrx_word' id='word_1_766' title='bbox 1685 2299 1735 2328; x_wconf 70' lang='grc' dir='ltr'><strong>τὰς</strong></span> <span class='ocrx_word' id='word_1_767' title='bbox 1766 2300 1873 2326; x_wconf 75' lang='grc' dir='ltr'>ἑαυτῶν</span> 
     </span>
    </p>
   </div>
   <div class='ocr_carea' id='block_1_111' title="bbox 1083 2339 1873 2378">
    <p class='ocr_par' dir='ltr' id='par_1_111' title="bbox 1083 2339 1873 2378">
     <span class='ocr_line' id='line_1_111' title="bbox 1083 2339 1873 2378; baseline 0.006 -14"><span class='ocrx_word' id='word_1_768' title='bbox 1083 2339 1216 2372; x_wconf 83' lang='grc' dir='ltr'>γυναῖκας</span> <span class='ocrx_word' id='word_1_769' title='bbox 1234 2339 1370 2374; x_wconf 71' lang='grc' dir='ltr'>προφάσει</span> <span class='ocrx_word' id='word_1_770' title='bbox 1384 2339 1527 2371; x_wconf 78' lang='grc' dir='ltr'>εὐλαϐείας</span> <span class='ocrx_word' id='word_1_771' title='bbox 1545 2341 1725 2374; x_wconf 72' lang='grc' dir='ltr'>ἐκϐάλλοντας</span> <span class='ocrx_word' id='word_1_772' title='bbox 1744 2343 1873 2378; x_wconf 75' lang='grc' dir='ltr'><strong>ἀφορὲζε-</strong></span> 
     </span>
    </p>
   </div>
   <div class='ocr_carea' id='block_1_112' title="bbox 1084 2385 1872 2425">
    <p class='ocr_par' dir='ltr' id='par_1_112' title="bbox 1084 2385 1872 2425">
     <span class='ocr_line' id='line_1_112' title="bbox 1084 2385 1872 2425; baseline 0.01 -16"><span class='ocrx_word' id='word_1_773' title='bbox 1084 2385 1145 2410; x_wconf 86' lang='grc' dir='ltr'>σθαι</span> <span class='ocrx_word' id='word_1_774' title='bbox 1161 2385 1275 2418; x_wconf 79' lang='grc' dir='ltr'>κελεύει,</span> <span class='ocrx_word' id='word_1_775' title='bbox 1293 2385 1473 2420; x_wconf 69' lang='grc' dir='ltr'>ἐπιμένοντας</span> <span class='ocrx_word' id='word_1_776' title='bbox 1495 2387 1523 2413; x_wconf 84' lang='grc' dir='ltr'>δὲ</span> <span class='ocrx_word' id='word_1_777' title='bbox 1537 2387 1584 2414; x_wconf 81' lang='grc' dir='ltr'>καὶ</span> <span class='ocrx_word' id='word_1_778' title='bbox 1598 2388 1803 2425; x_wconf 64' lang='grc' dir='ltr'>καθαιρεῖσθαι.</span> <span class='ocrx_word' id='word_1_779' title='bbox 1816 2391 1872 2417; x_wconf 73' lang='grc' dir='ltr'><strong>Καὶ</strong></span> 
     </span>
    </p>
   </div>
   <div class='ocr_carea' id='block_1_113' title="bbox 1083 2429 1872 2469">
    <p class='ocr_par' dir='ltr' id='par_1_113' title="bbox 1083 2429 1872 2469">
     <span class='ocr_line' id='line_1_113' title="bbox 1083 2429 1872 2469; baseline 0.008 -13"><span class='ocrx_word' id='word_1_780' title='bbox 1083 2431 1097 2456; x_wconf 90' lang='grc' dir='ltr'>ὁ</span> <span class='ocrx_word' id='word_1_781' title='bbox 1121 2429 1165 2462; x_wconf 81' lang='grc' dir='ltr'><strong>λς’</strong></span> <span class='ocrx_word' id='word_1_782' title='bbox 1195 2431 1248 2457; x_wconf 84' lang='grc' dir='ltr'>τῶν</span> <span class='ocrx_word' id='word_1_783' title='bbox 1276 2431 1365 2457; x_wconf 84' lang='grc' dir='ltr'>αὐτῶν</span> <span class='ocrx_word' id='word_1_784' title='bbox 1392 2432 1566 2459; x_wconf 80' lang='grc' dir='ltr'>διατάττεται</span> <span class='ocrx_word' id='word_1_785' title='bbox 1601 2435 1665 2465; x_wconf 79' lang='grc' dir='ltr'>τοὺς</span> <span class='ocrx_word' id='word_1_786' title='bbox 1705 2434 1787 2469; x_wconf 59' lang='grc' dir='ltr'>ψήφῳ</span> <span class='ocrx_word' id='word_1_787' title='bbox 1817 2437 1872 2463; x_wconf 80' lang='grc' dir='ltr'>τῶν</span> 
     </span>
    </p>
   </div>
   <div class='ocr_carea' id='block_1_114' title="bbox 1083 2476 1871 2515">
    <p class='ocr_par' dir='ltr' id='par_1_114' title="bbox 1083 2476 1871 2515">
     <span class='ocr_line' id='line_1_114' title="bbox 1083 2476 1871 2515; baseline 0.008 -13"><span class='ocrx_word' id='word_1_788' title='bbox 1083 2476 1241 2504; x_wconf 64' lang='grc' dir='ltr'>ἐπισκόπων</span> <span class='ocrx_word' id='word_1_789' title='bbox 1260 2477 1298 2509; x_wconf 81' lang='grc' dir='ltr'>εἰς</span> <span class='ocrx_word' id='word_1_790' title='bbox 1311 2478 1479 2513; x_wconf 84' lang='grc' dir='ltr'>προστασίαν</span> <span class='ocrx_word' id='word_1_791' title='bbox 1490 2478 1686 2513; x_wconf 81' lang='grc' dir='ltr'>καλουμένους,</span> <span class='ocrx_word' id='word_1_792' title='bbox 1700 2481 1737 2515; x_wconf 83' lang='grc' dir='ltr'>μὴ</span> <span class='ocrx_word' id='word_1_793' title='bbox 1754 2482 1871 2508; x_wconf 75' lang='grc' dir='ltr'>καταδὲ-</span> 
     </span>
    </p>
   </div>
   <div class='ocr_carea' id='block_1_115' title="bbox 1083 2523 1870 2560">
    <p class='ocr_par' dir='ltr' id='par_1_115' title="bbox 1083 2523 1870 2560">
     <span class='ocr_line' id='line_1_115' title="bbox 1083 2523 1870 2560; baseline 0.008 -12"><span class='ocrx_word' id='word_1_794' title='bbox 1083 2524 1213 2558; x_wconf 79' lang='grc' dir='ltr'>χομένους</span> <span class='ocrx_word' id='word_1_795' title='bbox 1234 2523 1263 2549; x_wconf 80' lang='grc' dir='ltr'>δὲ</span> <span class='ocrx_word' id='word_1_796' title='bbox 1287 2523 1317 2549; x_wconf 56' lang='grc' dir='ltr'>τὶ</span> <span class='ocrx_word' id='word_1_797' title='bbox 1340 2523 1537 2558; x_wconf 65' lang='grc' dir='ltr'>λειτούργημα,</span> <span class='ocrx_word' id='word_1_798' title='bbox 1555 2525 1766 2560; x_wconf 79' lang='grc' dir='ltr'>ἀφωρισμένους</span> <span class='ocrx_word' id='word_1_799' title='bbox 1789 2525 1870 2560; x_wconf 73' lang='grc' dir='ltr'>εἶναι,</span> 
     </span>
    </p>
   </div>
   <div class='ocr_carea' id='block_1_116' title="bbox 1084 2567 1873 2605">
    <p class='ocr_par' dir='ltr' id='par_1_116' title="bbox 1084 2567 1873 2605">
     <span class='ocr_line' id='line_1_116' title="bbox 1084 2567 1873 2605; baseline 0.005 -11"><span class='ocrx_word' id='word_1_800' title='bbox 1084 2568 1134 2599; x_wconf 77' lang='grc' dir='ltr'><strong>ἕως</strong></span> <span class='ocrx_word' id='word_1_801' title='bbox 1145 2567 1177 2594; x_wconf 82' lang='grc' dir='ltr'>ἂν</span> <span class='ocrx_word' id='word_1_802' title='bbox 1191 2567 1402 2600; x_wconf 78' lang='grc' dir='ltr'>καταδέξωνται.</span> <span class='ocrx_word' id='word_1_803' title='bbox 1417 2568 1497 2594; x_wconf 84' lang='grc' dir='ltr'>Ὥστε</span> <span class='ocrx_word' id='word_1_804' title='bbox 1510 2570 1534 2594; x_wconf 88' lang='grc' dir='ltr'>εἰ</span> <span class='ocrx_word' id='word_1_805' title='bbox 1550 2569 1587 2604; x_wconf 85' lang='grc' dir='ltr'>μὴ</span> <span class='ocrx_word' id='word_1_806' title='bbox 1603 2570 1803 2605; x_wconf 81' lang='grc' dir='ltr'>καταδέχοιντο,</span> <span class='ocrx_word' id='word_1_807' title='bbox 1817 2570 1873 2599; x_wconf 80' lang='grc' dir='ltr'>εἷεν</span> 
     </span>
    </p>
   </div>
   <div class='ocr_carea' id='block_1_117' title="bbox 1083 2611 1873 2650">
    <p class='ocr_par' dir='ltr' id='par_1_117' title="bbox 1083 2611 1873 2650">
     <span class='ocr_line' id='line_1_117' title="bbox 1083 2611 1873 2650; baseline 0.003 -11"><span class='ocrx_word' id='word_1_808' title='bbox 1083 2612 1115 2639; x_wconf 83' lang='grc' dir='ltr'>ἂν</span> <span class='ocrx_word' id='word_1_809' title='bbox 1130 2612 1174 2638; x_wconf 82' lang='grc' dir='ltr'><strong>διὰ</strong></span> <span class='ocrx_word' id='word_1_810' title='bbox 1185 2611 1242 2647; x_wconf 79' lang='grc' dir='ltr'>βίον</span> <span class='ocrx_word' id='word_1_811' title='bbox 1255 2612 1452 2647; x_wconf 73' lang='grc' dir='ltr'>ἀφωρισμέναι.</span> <span class='ocrx_word' id='word_1_812' title='bbox 1467 2612 1499 2638; x_wconf 79' lang='grc' dir='ltr'><strong>Οἱ</strong></span> <span class='ocrx_word' id='word_1_813' title='bbox 1511 2613 1539 2639; x_wconf 83' lang='grc' dir='ltr'>δὲ</span> <span class='ocrx_word' id='word_1_814' title='bbox 1551 2613 1596 2640; x_wconf 82' lang='grc' dir='ltr'>διὰ</span> <span class='ocrx_word' id='word_1_815' title='bbox 1611 2613 1669 2648; x_wconf 89' lang='grc' dir='ltr'>βίου</span> <span class='ocrx_word' id='word_1_816' title='bbox 1683 2614 1873 2650; x_wconf 64' lang='grc' dir='ltr'>ἀφωρισμέναι</span> 
     </span>
    </p>
   </div>
   <div class='ocr_carea' id='block_1_118' title="bbox 1083 2657 1873 2696">
    <p class='ocr_par' dir='ltr' id='par_1_118' title="bbox 1083 2657 1873 2696">
     <span class='ocr_line' id='line_1_118' title="bbox 1083 2657 1873 2696; baseline 0.006 -13"><span class='ocrx_word' id='word_1_817' title='bbox 1083 2658 1159 2684; x_wconf 73' lang='grc' dir='ltr'>οὐδὲν</span> <span class='ocrx_word' id='word_1_818' title='bbox 1175 2658 1322 2684; x_wconf 86' lang='grc' dir='ltr'>ἀπεοίκασι</span> <span class='ocrx_word' id='word_1_819' title='bbox 1344 2657 1556 2694; x_wconf 78' lang='grc' dir='ltr'>καθῃρημένων.</span> <span class='ocrx_word' id='word_1_820' title='bbox 1581 2658 1665 2694; x_wconf 83' lang='grc' dir='ltr'>Οἶμαι</span> <span class='ocrx_word' id='word_1_821' title='bbox 1689 2660 1718 2687; x_wconf 63' lang='grc' dir='ltr'>δὲ</span> <span class='ocrx_word' id='word_1_822' title='bbox 1742 2663 1873 2696; x_wconf 85' lang='grc' dir='ltr'>κρεῖσσον</span> 
     </span>
    </p>
   </div>
   <div class='ocr_carea' id='block_1_119' title="bbox 1083 2704 1874 2742">
    <p class='ocr_par' dir='ltr' id='par_1_119' title="bbox 1083 2704 1874 2742">
     <span class='ocr_line' id='line_1_119' title="bbox 1083 2704 1874 2742; baseline 0.006 -12"><span class='ocrx_word' id='word_1_823' title='bbox 1083 2705 1170 2730; x_wconf 74' lang='grc' dir='ltr'>εἰπεῖν</span> <span class='ocrx_word' id='word_1_824' title='bbox 1197 2705 1237 2731; x_wconf 85' lang='grc' dir='ltr'>ὅτι</span> <span class='ocrx_word' id='word_1_825' title='bbox 1263 2705 1317 2730; x_wconf 76' lang='grc' dir='ltr'><strong>πᾶν</strong></span> <span class='ocrx_word' id='word_1_826' title='bbox 1341 2704 1493 2739; x_wconf 81' lang='grc' dir='ltr'>ἁμάρτημα</span> <span class='ocrx_word' id='word_1_827' title='bbox 1515 2705 1627 2737; x_wconf 82' lang='grc' dir='ltr'>δικαίως</span> <span class='ocrx_word' id='word_1_828' title='bbox 1653 2706 1686 2732; x_wconf 80' lang='grc' dir='ltr'>ἂν</span> <span class='ocrx_word' id='word_1_829' title='bbox 1710 2708 1874 2742; x_wconf 77' lang='grc' dir='ltr'>ὀνομάζοιτο</span> 
     </span>
    </p>
   </div>
   <div class='ocr_carea' id='block_1_120' title="bbox 1083 2749 1873 2786">
    <p class='ocr_par' dir='ltr' id='par_1_120' title="bbox 1083 2749 1873 2786">
     <span class='ocr_line' id='line_1_120' title="bbox 1083 2749 1873 2786; baseline 0.008 -13"><span class='ocrx_word' id='word_1_830' title='bbox 1083 2749 1209 2783; x_wconf 78' lang='grc' dir='ltr'>ψυχικὸν,</span> <span class='ocrx_word' id='word_1_831' title='bbox 1227 2749 1264 2779; x_wconf 85' lang='grc' dir='ltr'><strong>ὡς</strong></span> <span class='ocrx_word' id='word_1_832' title='bbox 1279 2749 1311 2774; x_wconf 84' lang='grc' dir='ltr'>ἐκ</span> <span class='ocrx_word' id='word_1_833' title='bbox 1326 2749 1509 2784; x_wconf 81' lang='grc' dir='ltr'>παρατροπῆς</span> <span class='ocrx_word' id='word_1_834' title='bbox 1521 2750 1574 2776; x_wconf 82' lang='grc' dir='ltr'><strong>τῶν</strong></span> <span class='ocrx_word' id='word_1_835' title='bbox 1589 2750 1715 2785; x_wconf 82' lang='grc' dir='ltr'>ψυχικῶν</span> <span class='ocrx_word' id='word_1_836' title='bbox 1727 2751 1873 2786; x_wconf 83' lang='grc' dir='ltr'>δυνάμεων</span> 
     </span>
    </p>
   </div>
   <div class='ocr_carea' id='block_1_121' title="bbox 1083 2795 1876 2835">
    <p class='ocr_par' dir='ltr' id='par_1_121' title="bbox 1083 2795 1876 2835">
     <span class='ocr_line' id='line_1_121' title="bbox 1083 2795 1876 2835; baseline 0.009 -14"><span class='ocrx_word' id='word_1_837' title='bbox 1083 2796 1133 2830; x_wconf 79' lang='grc' dir='ltr'>τὴν</span> <span class='ocrx_word' id='word_1_838' title='bbox 1152 2795 1241 2830; x_wconf 81' lang='grc' dir='ltr'>ἀρχὴν</span> <span class='ocrx_word' id='word_1_839' title='bbox 1258 2795 1328 2830; x_wconf 72' lang='grc' dir='ltr'>ἔχον.</span> <span class='ocrx_word' id='word_1_840' title='bbox 1345 2795 1391 2828; x_wconf 79' lang='grc' dir='ltr'><strong>Εἰς</strong></span> <span class='ocrx_word' id='word_1_841' title='bbox 1408 2796 1469 2822; x_wconf 78' lang='grc' dir='ltr'>τοία</span> <span class='ocrx_word' id='word_1_842' title='bbox 1493 2796 1548 2831; x_wconf 83' lang='grc' dir='ltr'>γὰρ</span> <span class='ocrx_word' id='word_1_843' title='bbox 1562 2797 1617 2823; x_wconf 84' lang='grc' dir='ltr'><strong>τῶν</strong></span> <span class='ocrx_word' id='word_1_844' title='bbox 1636 2797 1699 2832; x_wconf 72' lang='grc' dir='ltr'>περὶ</span> <span class='ocrx_word' id='word_1_845' title='bbox 1713 2799 1761 2833; x_wconf 84' lang='grc' dir='ltr'>τὴν</span> <span class='ocrx_word' id='word_1_846' title='bbox 1781 2799 1876 2835; x_wconf 76' lang='grc' dir='ltr'>ψυχὴν</span> 
     </span>
    </p>
   </div>
  </div>
