1951 3067
210 154 263 186 239

836 143 974 175 THEOD.
991 141 1206 172 lii-\LSAllION1

1778 134 1835 165 2-50

213 213 291 239 annis
313 207 430 244 episcOpi
457 212 551 233 omnes
574 204 643 239 apud
668 203 784 238 primttm
808 210 841 230 ex
864 202 931 238 ipsis
954 200 996 228 bis

1058 199 1149 230 ιὺτῶν,
1166 196 1208 231 ἐφ’
1222 192 1244 231 ᾧ
1274 193 1388 221 λύεσθαι
1407 193 1443 221 τά
1472 192 1537 229 περὶ
1566 191 1621 219 τῶν
1640 191 1834 225 ἀκοινωνήτων

213 256 386 286 conveniant,
415 252 448 280 ad
471 250 615 279 solvendas
641 249 821 277 dubitationes
839 249 870 275 de
887 255 997 275 excom-

214 301 366 332 mnnicatis,
399 304 426 325 et
452 297 571 332 reliqttas
601 295 798 322 ecclesiasticas
821 293 996 328 quaestiones.

212 348 352 376 Acerbitas
369 350 458 372 autem
475 343 518 370 ltic
531 340 645 377 apellata
662 345 703 368 est
723 339 805 366 animi
818 338 996 373 perturbatio.

213 394 343 420 C:etcrum
370 397 429 424 quae
445 389 477 415 de
493 387 590 414 annuis
609 384 718 421 synodis
737 385 787 411 hoc
809 390 912 410 canone
935 390 999 410 eon-

213 439 343 470 tineutur,
366 436 416 463 hoc
436 434 494 462 loco
512 432 665 461 accuratius
682 438 696 458 a
715 430 792 457 ttobls
807 429 927 463 exposita
946 435 997 454 non

211 488 283 514 sunt,
309 487 337 509 ιιι
360 489 420 516 quae
444 489 496 508 non
514 479 568 506 sint
585 479 612 505 in
628 485 693 505 usu:
716 481 743 503 et
769 476 840 511 quod
857 475 874 503 8
897 481 999 502 canone

211 528 307 564 synodi
337 535 396 562 qua:
426 525 475 553 fuit
502 526 529 552 in
556 524 658 557 Trullo,
687 529 715 551 et
742 522 867 550 similiter
890 520 999 548 Novella

212 574 358 602 Justiniani
377 574 434 601 sive
455 571 491 599 20
515 575 542 598 ct
561 570 594 597 Sil
625 569 711 605 capite
731 569 810 604 primi
835 568 877 595 tit.
898 567 925 600 3,
950 566 998 594 lib.

212 621 352 648 Basilicor.
378 622 510 647 statutum
535 622 586 650 est,
607 621 636 644 ut
653 616 735 644 semel
754 620 857 643 tantum
873 613 1001 642 conveni-

213 671 274 694 rent
296 666 426 700 episcopi.
456 664 526 698 Lege
547 667 575 690 ct
592 662 641 690 ista
657 661 756 696 capita.
786 660 882 694 Ουτοι-ο
897 664 924 686 et
938 665 999 685 can.

214 710 247 737 M
262 709 358 744 synodi
377 707 518 735 Sardicen.
553 704 624 741 Lege
649 708 678 731 et
700 703 717 730 8
742 710 802 737 cap.
829 702 871 729 ιιι.
900 700 917 728 ll
933 707 1002 735 prte-

214 755 299 782 sentis
318 755 419 788 operis.

249 841 376 869 ZONAR.
402 838 562 867 Sanctorum
587 843 694 873 quoque
718 835 900 870 apostolorum
925 834 1000 862 multi

1047 243 1198 279 ἀμφίὸολα,
1228 244 1277 269 καὶ
1308 241 1391 268 λοιπὰ
1418 238 1635 275 ἔκκλησιαστικὰ
1669 237 1832 273 ζητήματα.

1054 290 1149 326 Ἀηδία
1167 289 1195 316 δὲ
1209 287 1356 322 ὠνομάσθη
1373 285 1492 314 ἐνταῦθα
1506 286 1523 320 ή
1538 284 1688 320 ἑμπάθεια.
1712 284 1754 310 Ta
1770 284 1835 318 μέν.

1048 345 1090 363 τοι
1102 335 1304 371 περιερχόμενα
1323 333 1363 368 τῷ
1378 332 1495 368 παρόντι
1511 331 1603 358 κανόνι
1615 330 1681 364 περὶ
1688 330 1744 371 τῷν
1769 330 1835 363 tu)-

1049 382 1240 416 σίωνξσυνόδων
1257 380 1510 416 ἀγωνιστικὼτερον
1524 378 1555 405 οὐ
1571 378 1756 413 διελήφθησαν
1767 376 1836 409 παρ’

1048 429 1127 466 ἡμῶν
1168 427 1301 460 ἐνταυθοῖ,
1330 427 1368 458 ὡς
1393 427 1431 462 μὴ
1458 424 1632 461 ἐνεργοῦντα,
1658 423 1705 450 καὶ
1718 423 1758 449 ὅτι
1779 422 1837 448 ἀπὺ

1048 476 1095 502 τοῦ
1103 474 1128 510 η’
1154 474 1265 505 κανόνος
1280 474 1329 508 τῆς
1344 473 1374 500 ὲν
1384 472 1423 507 τῷ
1435 471 1561 507 Τρούλλῳ
1575 470 1693 501 συνόδου,
1705 468 1837 498 ὡσαύτως

1050 521 1099 549 καὶ
1111 520 1165 547 ἀπὸ
1176 518 1393 546 ’1ουστινιανείου
1410 517 1530 552 Νεαρᾶς,
1543 517 1602 551 ήτοι
1616 514 1663 542 τοῦ
1691 514 1716 541 κ’
1728 514 1776 540 καὶ
1792 512 1836 540 ια’

1051 568 1201 602 κεφαλαίου
1213 566 1263 593 τοῦ
1285 564 1309 592 α’
1322 565 1412 592 τίτλου
1424 563 1472 590 τοῦ
1485 563 1510 597 γ’
1523 562 1628 598 βιϐλίου
1640 561 1695 588 τῶν
1724 559 1836 586 Βασιλι-

1050 614 1117 646 κῶν,
1129 614 1245 648 ὥρισται
1268 610 1342 644 ἅπαξ
1376 609 1555 645 συνέρχεσθαι
1573 609 1638 638 τοὺς
1656 606 1835 636 ἐπισκόπους.

1052 660 1107 688 Καὶ
1127 658 1265 693 ἀνάγνωθι
1295 657 1330 684 τὰ
1355 656 1467 684 τοιαῦτα
1481 663 1544 689 κεφ.
1570 654 1651 689 Ζήτει
1669 652 1716 679 καὶ
1738 652 1785 678 τὸν
1795 650 1836 683 λζ’

1052 706 1154 733 κανόνα
1170 705 1224 732 τῶν
1242 703 1328 738 ἁγίων
1343 703 1511 733 ἀποστόλων,
1537 701 1582 728 τὸν
1604 700 1633 726 ιδ’
1656 698 1758 726 κανόνα
1783 697 1837 732 τῆς

1051 752 1081 779 ιν
1107 751 1223 787 Σαρδικῇ
1248 749 1368 776 συνόδου.
1403 747 1553 782 ’Δνάγνωθι
1581 746 1628 773 καὶ
1649 745 1680 772 τὸ
1704 747 1729 780 η’
1750 743 1840 778 κεφά-

1050 797 1127 825 λαιον
1153 797 1200 823 τοῦ
1236 795 1263 830 η’
1283 795 1374 822 τίτλον
1399 793 1447 821 τοῦ
1476 793 1610 828 παρόντος
1635 791 1838 824 συντάγματος.

1088 843 1210 872 ΖΩΝΛΡ.
1217 842 1331 870 Καὶτῶν
1339 841 1422 875 ἁγίων
1432 839 1588 867 ἀποστόλων
1594 838 1716 872 διάφοροι
1725 837 1840 867 κανόνες

214 894 345 919 canentes,
367 886 411 919 qtti
427 892 440 911 a
458 883 515 911 suis
531 882 665 917 episcopis
679 881 813 916 segregati
833 884 908 913 sunt,
925 887 971 906 eos
985 887 999 905 a

1058 891 1262 927 ῑιαλαμὸἀνουσι
1275 890 1312 925 μὴ
1321 888 1446 924 δέχεσθαι
1455 887 1530 922 παρά
1540 894 1618 913 τινων
1627 886 1689 916 τοὺς
1703 884 1779 920 παρὰ
1784 883 1840 910 τῶν

215 934 322 961 netuine
345 932 378 958 ad
390 929 606 958 communionem
627 927 732 954 admitti
746 927 828 954 licere
843 926 1001 954 decernunt.

216 975 349 1013 Quoniam
366 983 428 1003 vero
444 975 656 1010 segregationem
671 972 874 1000 immerentibus
888 971 1002 1005 irrogari

214 1024 376 1060 quandoque
392 1021 532 1055 contingit,
557 1021 591 1046 ob
608 1020 666 1053 ejtts
681 1018 760 1050 forte,
783 1017 827 1053 qui
841 1017 1002 1051 segregavit,

216 1069 396 1099 iracundiam,
418 1066 458 1093 vel
481 1067 659 1097 simultatem,
685 1070 729 1091 attt
744 1065 779 1092 ob
793 1063 876 1090 auittti
897 1068 1004 1098 pertur-

215 1116 351 1144 bationem
370 1114 500 1148 aliquam,
529 1120 609 1146 quam
625 1116 651 1139 et
666 1111 839 1138 acerbitatem
855 1109 898 1137 ltlc
915 1109 1004 1136 nomi-

217 1163 301 1194 navit,
326 1161 428 1188 idcirco
445 1159 516 1186 hunc
532 1164 662 1186 canonetn
680 1157 749 1184 sacri
768 1156 861 1183 Patres
885 1155 1003 1187 edidere,

217 1218 270 1246 quo
300 1208 514 1243 scgregationcs.
541 1206 753 1241 quandocunqtte
780 1203 884 1230 scilicet
911 1201 929 1228 ii
957 1202 1002 1236 qui

218 1256 350 1291 segregati
369 1259 441 1287 sunt,
456 1253 554 1287 injuste
567 1260 596 1279 se
613 1252 646 1278 ab
659 1259 690 1278 eo
705 1251 749 1285 qtti
765 1249 913 1284 segregavit
932 1256 1005 1275 ('Om-

219 1301 345 1329 munione
366 1304 452 1326 motos
467 1305 529 1325 esse
551 1301 762 1331 conquerantur,
790 1293 941 1322 examinari
963 1294 1006 1328 ju—

218 1348 292 1374 bent.
319 1344 384 1371 Eam
399 1350 462 1371 vero
475 1350 564 1370 causa:
579 1342 806 1376 disquisitionem,
828 1347 841 1366 a
861 1340 1006 1374 provinciae

218 1391 354 1426 episcopis
380 1390 515 1421 omnibus,
545 1393 592 1415 aut
619 1392 693 1414 certe
722 1387 743 1414 si
774 1386 819 1420 qui
849 1385 1006 1412 inﬁrmitate

219 1435 393 1468 valetudinis,
423 1437 469 1461 attt
498 1433 595 1460 itinere
623 1431 787 1464 necessario,
819 1432 905 1457 aliave
932 1431 1005 1464 justa

220 1490 301 1510 causa
327 1480 448 1517 itnpediti
476 1480 555 1512 iorte,
582 1487 643 1507 cum
660 1478 770 1512 reliquis
790 1485 841 1504 non
859 1476 1004 1509 adfuerin',

223 1537 237 1556 a
265 1528 388 1564 plttribus
417 1527 511 1554 haberi
534 1526 636 1553 volunt.
684 1524 768 1552 Porro
795 1524 863 1550 duas
890 1523 1006 1558 synodos

226 1557 439 1612 sidgttlisannis,
452 1574 523 1608 quod
538 1578 692 1600 sanctorum
707 1579 812 1606 quoque
824 1557 1006 1605 apostolorum
1020 1557 1042 1587 α

222 1628 327 1648 eanotte
343 1619 476 1647 sancitum
495 1618 555 1651 l'uit,
581 1619 607 1644 iu
632 1625 791 1652 unaquaque
806 1617 944 1652 provincia
961 1623 1009 1642 ce-

223 1667 366 1693 lebrandas
380 1673 440 1693 esse
455 1665 611 1692 decrevere.
642 1663 740 1690 Verum
768 1663 805 1690 illi
830 1662 938 1697 quidem
962 1662 1007 1688 ttni

223 1713 325 1747 synodo
351 1710 499 1742 habendae,
527 1715 649 1744 quartam
680 1707 875 1735 hebdomadetu
910 1706 1009 1734 Pente-

223 1762 330 1789 costcs;
357 1755 433 1782 alteri
449 1745 695 1790 Hyperboretasum,
719 1754 771 1780 ltoc
794 1758 844 1784 est,
866 1752 1009 1780 Octobrem

226 1809 346 1828 mensem
376 1801 569 1835 prteﬁnivere:
601 1799 687 1826 sancti
716 1806 779 1826 νει-ο
805 1799 886 1833 hujus
914 1798 1008 1833 synodi

224 1847 330 1880 Patres,
344 1851 449 1882 tempus
459 1850 658 1874 commutat-ere
671 1853 718 1879 pro
731 1849 824 1879 quarta
837 1845 1011 1872 Pentecostes

226 1893 392 1921 hebdomade
407 1898 467 1919 ante
483 1891 722 1927 Quadragesimam
736 1892 866 1919 celebrari
877 1891 1009 1926 synodum

226 1941 428 1967 decernentes:
459 1940 570 1973 ejusque
593 1939 632 1966 rei
657 1938 800 1966 subdidere
826 1945 954 1965 causam:
972 1937 1007 1966 υι

225 1987 323 2019 omnis,
333 1987 469 2021 inquiunt,
477 1985 531 2021 65
543 1985 792 2020 sitnultastollatur.
803 1985 923 2012 Alterum
935 1992 1011 2011 nam-

226 2039 288 2066 que,
308 2032 353 2066 qui
377 2031 528 2058 immerenti
554 2030 605 2057 sibi
630 2037 735 2065 pmuatn
760 2029 954 2064 segregationis
969 2029 1009 2054 ln-

226 2079 325 2105 llictam
350 2085 410 2105 esse
429 2077 576 2108 existimet,
602 2077 713 2103 omnino
727 2075 880 2111 segreganti
897 2082 1011 2101 succcn-

229 2131 289 2151 sere
303 2130 415 2150 necesse
427 2128 479 2150 est.
518 2121 633 2148 liursum
652 2122 697 2148 ubi
711 2122 913 2148 damnationem
929 2121 963 2148 ab
979 2128 1011 2147 eo

227 2170 273 2204 qui
295 2175 449 2204 segregatus
469 2173 520 2201 est,
544 2176 598 2195 non
625 2175 703 2202 aequo
727 2167 817 2194 animo
841 2168 934 2199 latam,
963 2166 1011 2193 sed

1054 938 1126 965 ίδίων
1134 936 1290 964 ἐπισκόπων
1299 934 1508 970 ἀφορισθέντας.
1526 931 1603 958 Ἐπεὶ
1617 931 1646 958 δέ
1657 939 1732 963 τινας
1747 929 1842 964 ἀφορί-

1052 982 1145 1015 ζεσθαι
1158 981 1195 1016 μὴ
1208 980 1319 1010 δικαίως
1338 978 1481 1014 συμῆαίνει
1492 977 1536 1004 διὰ
1551 976 1637 1011 θυμὺν
1649 975 1715 1007 ἴσως
1734 975 1783 1002 καὶ
1793 983 1842 1009 μι-

1052 1027 1203 1063 κροψυχίαν
1217 1025 1264 1052 τοῦ
1277 1024 1468 1060 ἀφορίσαντος,
1481 1024 1498 1059 ἢ
1512 1023 1544 1049 δι’
1559 1022 1712 1058 ἐμπάθειάν
1726 1024 1797 1052 τινα,
1806 1019 1842 1057 ἣν

1055 1073 1101 1100 iul.
1113 1073 1210 1108 ἀηδίαν
1225 1071 1362 1106 ὠνόμασε,
1379 1070 1425 1096 διὰ
1451 1068 1531 1096 τοῦτο
1545 1068 1591 1094 τὸν
1601 1067 1722 1103 παρόντα
1740 1066 1843 1094 κανόνα

1053 1119 1078 1146 οί
1093 1119 1162 1154 {spot
1181 1117 1301 1152 Πατὲρες
1316 1116 1448 1149 ἐξέθεντο,
1458 1113 1633 1146 ἐξετάζεσθαι
1647 1111 1843 1148 διαταξάμενοι

1052 1165 1115 1197 τοὺς
1127 1164 1305 1199 ἀφορισμοὺς,
1316 1163 1379 1189 ὅταν
1393 1161 1493 1197 δηλαδὴ
1504 1160 1528 1187 oi
1537 1159 1723 1195 ἀφωρισμένοι
1732 1158 1843 1185 αίτιῶν-

1053 1220 1098 1238 ται
1108 1211 1169 1242 τοὺς
1183 1209 1379 1245 ἀφορίσαντας,
1405 1207 1441 1239 ὡς
1459 1207 1535 1242 παρὰ
1563 1206 1594 1232 τδ
1611 1205 1716 1232 δίκαιον
1744 1204 1844 1240 ἀφορι-

1056 1257 1165 1287 σοέντες
1176 1263 1183 1270 ·
1200 1256 1249 1290 τὴν
1264 1255 1292 1280 δὲ
1307 1254 1433 1286 ἐξέτασιν
1446 1253 1522 1287 παρά
1546 1251 1601 1278 τῶν
1622 1250 1779 1278 ἐπισκόπων
1790 1249 1844 1284 τῆς

1055 1303 1191 1338 ἐπαρχίας
1214 1300 1378 1335 γίνεσθαι,ἦ
1403 1300 1521 1331 πάντων,
1539 1298 1556 1333 ἢ
1579 1297 1634 1324 τῶν
1656 1296 1797 1328 πλειόνων,
1816 1295 1845 1321 εἰ

1056 1357 1130 1380 τινας
1146 1349 1184 1384 μὴ
1214 1348 1335 1374 συνιέναι
1349 1347 1404 1378 τοῖς
1419 1346 1522 1377 λοιποῖς
1535 1343 1679 1376 συμὸαίνει
1699 1343 1735 1370 δι’
1756 1341 1844 1370 ἀσθέ-

1057 1403 1130 1421 νειαν
1149 1394 1223 1425 ἴσως,
1239 1393 1255 1429 ἢ
1271 1391 1424 1429 ἀναγκαίαν
1437 1391 1604 1429 ἀποδημίαν,
1620 1390 1637 1425 ἢ
1651 1389 1734 1423 ἄλλην
1751 1389 1845 1423 ἀπαρ-

1056 1440 1166 1474 αίτητον
1187 1440 1287 1466 αἰτίαν.
1317 1427 1444 1465 Γίνεσθαι
1460 1438 1488 1464 δὲ
1508 1427 1632 1469 συνόὸδυς
1646 1435 1707 1463 καθ’
1722 1435 1845 1470 ἑκάστην

1057 1485 1191 1520 ἐπαρχίαν
1207 1484 1343 1519 ὡρίσαντο
1370 1483 1410 1516 δὶς
1424 1483 1470 1510 τοῦ
1487 1482 1625 1514 ἐνιαυτοῦ,
1641 1481 1711 1516 ὅπερ
1724 1481 1772 1507 καὶ
1786 1480 1845 1511 τοῖς

1058 1531 1146 1566 ἁγίοις
1160 1531 1320 1562 ἀποστόλοις
1334 1530 1536 1557 κεκανόνισται.
1558 1528 1628 1556 Ἀλλ’
1651 1528 1677 1554 ot
1694 1527 1745 1562 μὲν
1772 1527 1845 1554 κατᾶ

1058 1579 1109 1614 τὴν
1123 1577 1259 1612 τετάρτην
1274 1575 1410 1611 ἑϐδομάδα
1427 1575 1475 1610 τῆς
1488 1573 1680 1609 Πεντηκοστῆς
1696 1572 1746 1608 τὴν
1774 1572 1845 1606 μίαν

1058 1625 1184 1659 γίνεσθαι
1201 1624 1255 1650 τῶν
1270 1622 1390 1649 συνόδων
1418 1621 1591 1653 διετάξαντο·
1622 1619 1672 1655 τὴν
1698 1619 1721 1646 δ’
1747 1618 1845 1653 ἑτέραν

1059 1671 1128 1698 κατὰ
1143 1670 1188 1697 τὸν
1223 1668 1450 1704 Ὑπερϐερεταῖον
1471 1667 1555 1702 μῆνα,
1572 1667 1655 1702 ἧγουν
1679 1665 1725 1693 τὸν
1740 1664 1842 1692 ’οκτὼ-

1060 1716 1155 1753 6ριον·
1170 1714 1196 1741 οἱ
1220 1714 1247 1741 δὲ
1279 1715 1328 1749 τῆς
1362 1712 1471 1739 συνόδου
1495 1711 1598 1746 ταύτης
1622 1712 1696 1746 ἀγιοι
1723 1710 1846 1746 Πατέρες

1058 1763 1104 1788 τδν
1136 1761 1186 1796 μὲν
1220 1760 1319 1796 καιρὸν
1348 1759 1517 1794 ὲνήλλαξαν,
1544 1758 1606 1785 ἀντὶ
1633 1757 1683 1792 τῆς
1709 1757 1846 1792 τετάρτης

1060 1806 1205 1841 ἑϐδομάδος
1218 1806 1268 1840 τῆς
1296 1804 1488 1839 Πεντηκοστῆς
1510 1804 1564 1838 πρὸ
1586 1803 1635 1837 τῆς
1666 1803 1846 1837 Τεσσαρακο-

1061 1852 1126 1886 στῆς
1139 1851 1281 1886 ὁρίσαντες
1294 1851 1342 1886 τὴν
1358 1849 1466 1876 σύνοδον
1481 1848 1604 1884 γίνεσθαι
1613 1856 1622 1865 ι
1635 1849 1681 1875 καὶ
1689 1847 1739 1882 τὴν
1754 1848 1846 1874 αἰτίαν

1059 1898 1198 1932 ἐπήγαγον
1211 1905 1217 1912 '
1229 1897 1299 1929 Ἵνα,
1310 1896 1387 1931 φασὶ,
1399 1897 1466 1922 πᾶσι
1479 1894 1647 1931 μικροψυχία
1656 1894 1847 1929 περιαιρῆτσι.

1066 1943 1096 1968 ⁸0
1109 1943 1162 1976 γὰρ
1179 1942 1297 1977 νομίζων
1317 1942 1354 1976 μὴ
1371 1941 1566 1977 προσηκόντως
1580 1939 1762 1975 ἀφορισθῆναι
1779 1939 1847 1967 πάν⁴

1060 1997 1114 2019 τως
1134 1988 1277 2014 λυπεῖσθαι
1297 1988 1389 2023 μέλλει
1404 1988 1474 2014 κατά
1498 1986 1546 2013 τοῦ
1570 1986 1771 2021 ἀφορίσαντος·
1798 1986 1848 2012 καὶ

1060 2037 1074 2061 ὁ
1090 2035 1222 2069 ἀφορίσας
1244 2034 1272 2060 δὲ
1296 2032 1403 2060 ἀκούων
1432 2034 1469 2069 μὴ
1496 2032 1676 2067 εὐγνωμόνως
1701 2031 1849 2066 δεχόμενον

1060 2079 1106 2105 τὸν
1120 2078 1301 2112 ἀφορισθέντα
1313 2077 1343 2103 τὸ
1354 2076 1504 2112 ἐπιτίμιον,
1522 2076 1589 2103 ἀλλὰ
1604 2076 1849 2111 καταγογγύςοντα

1062 2123 1145 2150 αὑτοῦ
1164 2123 1213 2149 οὐκ
1233 2123 1346 2155 ἀπαθῶς
1365 2123 1433 2158 πρὸς
1460 2122 1542 2149 αὐτὸν
1565 2122 1741 2149 διακείσεται.
1768 2120 1849 2147 Οὕτω

1061 2170 1088 2196 δὲ
1104 2170 1171 2205 πρὸς
1186 2169 1316 2204 ἀλλήλους
1333 2170 1449 2203 ἑχόντων
1462 2169 1551 2195 αὐτῶν
1579 2168 1637 2199 πῶς
1651 2168 1683 2194 ἂν
1713 2175 1850 2203 προσενε-

228 2215 345 2250 querelis
371 2220 510 2248 exceptam
540 2214 623 2240 fuisse
654 2218 809 2248 segregator
836 2211 1006 2244 inautliverit,

1063 2216 1140 2252 χθείη
1160 2217 1190 2242 τὸ
1202 2215 1288 2251 δῶρον
1303 2215 1432 2250 καθαρῶς
1445 2215 1484 2250 τῷ
1508 2214 1587 2249 Θεῷ;
1609 2215 1658 2240 Διά
1686 2214 1766 2240 τοῦτο
1793 2213 1851 2249 πρὸ

228 2262 280 2288 erit
307 2261 408 2287 homini
437 2268 488 2286 non
520 2259 712 2286 amicissimus.
756 2259 793 2285 Ita
817 2266 882 2285 vero
909 2258 1012 2285 atl'eclis

229 2307 355 2340 utrinque
381 2306 527 2338 tuentibtts,
549 2313 601 2340 qua
627 2306 731 2332 ratione
755 2313 851 2332 tnttntts
871 2304 925 2332 Deo
947 2313 1013 2340 puro

229 2351 377 2379 otIeratnr?
399 2350 516 2378 Proinde
530 2352 641 2378 alterius
655 2351 763 2386 quidem
779 2356 840 2378 ante
856 2351 1013 2385 Quadrage-

230 2398 337 2428 simam,
365 2396 476 2423 alterius
500 2403 562 2423 vero
587 2397 708 2423 auttttntti
734 2400 854 2430 tempore
881 2397 961 2431 (nam
987 2397 1013 2422 in

229 2448 389 2468 autumnum
423 2439 539 2468 October
568 2440 684 2476 incidit)
725 2441 818 2475 synodi
849 2441 1014 2467 celebranda:

229 2488 287 2514 dies
300 2492 340 2513 cst
356 2487 526 2513 constitutus.
551 2486 578 2512 lu
594 2487 703 2521 synodis
717 2491 805 2513 autent
823 2487 891 2518 istis,
905 2490 1016 2514 contro-

229 2534 379 2560 versiarum
407 2532 539 2566 ejusmodi
565 2533 760 2560 discnssionem
793 2533 883 2559 induci
912 2532 1013 2566 placet:

229 2587 351 2615 quosque
371 2579 512 2606 manifesto
539 2584 566 2605 et
592 2579 650 2606 sine
674 2580 858 2606 controversia
886 2584 1015 2606 nocentes

231 2634 293 2653 esse
317 2625 470 2660 apparuerit
488 2625 585 2660 (facile
600 2633 717 2659 namque
733 2625 787 2652 tieri
801 2631 899 2660 potest,
923 2632 953 2652 ttt
966 2626 1016 2652 ob-

228 2672 329 2705 jectum
351 2672 384 2697 ab
401 2672 527 2706 episcopo
543 2671 656 2702 crimen,
685 2671 727 2697 ille
741 2671 784 2697 cui
800 2671 882 2697 ruulta
900 2675 1014 2705 irrogata

230 2722 282 2748 est,
298 2719 448 2752 p'erueget),
463 2722 588 2751 tanquam
605 2724 637 2744 ex
650 2717 805 2750 prtzscripto
829 2717 950 2748 rationis,
965 2717 1015 2742 hoc

231 2766 273 2788 est
293 2763 353 2795 jure
369 2764 557 2789 communione
576 2762 672 2796 privati
687 2763 720 2789 ab
736 2762 861 2789 omnibus
880 2763 1017 2790 habebun-

232 2810 287 2838 tur,
313 2807 399 2834 donec
423 2809 559 2843 episcopis
587 2809 713 2836 omnibus
740 2809 878 2835 wtnmuui
903 2809 1017 2835 consilio

232 2853 376 2881 humanius
401 2852 501 2886 aliquid
526 2855 559 2880 de
576 2854 609 2880 iis
630 2859 747 2880 statuere
771 2854 896 2887 placitum
922 2854 1013 2880 fuerit.

1063 2263 1112 2298 τῆς
1138 2262 1371 2298 Τεσσαρακοστῆς
1389 2261 1553 2296 ᾠκονομήθη
1568 2262 1619 2296 τὴν
1643 2261 1710 2296 μίαν
1737 2260 1850 2287 σύνοδον

1063 2308 1197 2343 γίνεσθαι,
1212 2310 1262 2342 τὴν
1274 2307 1302 2334 δὲ
1317 2308 1414 2343 λοιπὴν
1432 2308 1504 2333 κατὰ
1531 2308 1563 2333 τὸ
1593 2308 1752 2342 μετόπωρον
1772 2314 1781 2322 ’
1802 2308 1851 2333 καὶ

1064 2357 1077 2381 ό
1099 2354 1263 2390 Ὀκτὼΰριος
1281 2353 1309 2380 δὲ
1332 2354 1385 2388 μὴν
1405 2353 1451 2379 τοῦ
1470 2353 1627 2388 μετοπώρου
1644 2353 1738 2387 ⁸ἐστίν.
1755 2353 1800 2379 Ἐν
1821 2353 1852 2379 δὲ

1064 2402 1122 2432 ταῖς
1134 2401 1254 2431 συνόδοις
1269 2400 1382 2432 ταύταις
1400 2398 1575 2432 ἐξετάζεσθαι
1590 2400 1624 2425 τὰ
1637 2399 1752 2426 τοιαῦτα
1763 2399 1852 2433 ζητή-

1066 2446 1371 2481 ματα,διετάξαντυ,καὶ
1384 2445 1408 2471 οἱ
1420 2444 1641 2481 ὁμολογουμένως
1656 2445 1704 2471 καὶ
1715 2444 1752 2479 μὴ
1765 2445 1848 2479 ἀμφισ-

1066 2492 1151 2522 ϐὁλως
1177 2491 1445 2526 προσκεκρουκότες”
1465 2491 1538 2522 εἰκὸς
1564 2491 1619 2525 γὰρ
1644 2492 1788 2526 ἀρνεῖσθαι
1804 2492 1852 2517 τὸν

1066 2538 1263 2572 ἐπιτιμηθέντα
1277 2539 1307 2562 τὸ
1317 2537 1392 2571 παρὰ
1410 2536 1457 2563 τοῦ
1474 2538 1624 2563 ἐπισκόπου
1640 2537 1714 2572 αὐτῷ
1730 2539 1851 2570 ἐπεγκα-

1066 2583 1196 2618 λούμενον
1221 2583 1384 2618 ἁμάρτημα,
1398 2583 1468 2609 κατὰ.
1498 2582 1587 2617 λόγον,
1618 2583 1703 2618 ἤγουν
1725 2583 1854 2616 δικαίως,

1066 2630 1246 2664 ἀκοινώνητοι
1258 2629 1365 2655 ἔσονται
1381 2632 1457 2664 παρὰ
1473 2629 1551 2661 πᾶσι,
1570 2629 1666 2664 μέχρις
1686 2627 1722 2655 ἂν
1751 2628 1854 2660 κοινῶς

1065 2678 1121 2707 τοῖς
1138 2676 1298 2706 ἐπισκόποις
1309 2676 1372 2710 δόξῃ
1385 2675 1646 2710 φιλανθρωπότερόν
1666 2683 1692 2702 τι
1711 2675 1777 2711 περὶ
1803 2675 1853 2701 αὗ-

1066 2721 1121 2746 τών
1136 2720 1339 2754 ἀποφήνασθαι.
1362 2720 1439 2746 ’Δλὶὰ
1448 2720 1520 2746 εἴποι
1536 2729 1576 2751 τις
1592 2720 1624 2747 ἄν
1638 2726 1646 2734 ⁸
1663 2720 1725 2751 Πῶς
1735 2720 1854 2755 οὐχὶ,τῴ

1067 2767 1228 2801 ἁφορίσαντι
1252 2766 1365 2801 ἀνετέθη
1389 2767 1465 2800 παρά
1488 2766 1535 2794 τοῦ
1551 2767 1697 2803 κανόνοςή
1724 2766 1816 2802 ψῆφος
1834 2767 1855 2802 ὴ

1067 2813 1138 2848 ὑπὲρ
1152 2812 1198 2838 τοῦ
1211 2813 1418 2846 ἀφορισθέντος,
1433 2814 1500 2840 ἀλλὰ
1513 2814 1552 2848 τῷ
1565 2814 1648 2850 κοινῴ
1662 2814 1716 2841 τῶν
1729 2814 1847 2840 ἐπισκό-

1068 2867 1142 2892 πων;
1169 2857 1290 2885 Tomos:
1316 2857 1392 2893 οἶμαι
1423 2860 1558 2895 εἰρῆσθαι,
1582 2861 1647 2887 ὃταν
1677 2861 1691 2886 ό
1716 2860 1855 2894 ἀφορίσαι
