1951 3067
141 130 190 166 241

701 139 745 170 ΙΝ
758 139 840 170 CAN.
860 141 884 172 V
898 140 1004 170 CONC.
1025 141 1162 173 NICIEN.
1183 142 1209 172 Ι.

1708 146 1764 178 212

141 191 339 228 σκληρύνηται,
355 193 403 221 καὶ
418 193 457 230 μὴ
476 194 541 232 θέλῃ
558 197 627 231 μετὰ
642 198 740 232 καιρδν
771 198 850 225 λῦσαι
878 199 915 225 rei

975 199 1033 227 Jam
1051 209 1126 232 vero,
1146 201 1219 229 dicet
1229 201 1336 236 aliquis,
1351 209 1400 229 cur
1419 203 1455 229 ad
1467 203 1654 238 episcoporum
1671 203 1760 237 potius

141 237 282 273 ιπιτιμίου
302 239 348 267 τὸν
369 239 524 276 ἄνθρωπον,
547 241 564 277 ἢ
589 243 638 269 ἑὰν
662 243 729 276 ἴσως
751 245 765 271 ό
789 245 924 280 ἀφορίσας

93 304 109 323 ,κ
141 283 291 320 τελευτήσῃ
311 285 350 320 μὴ
361 285 446 318 λύσας
458 287 503 313 τὸν
529 288 740 323 ἐπιτιμηθέντα.
767 291 835 317 Τότε
867 291 923 326 γὰρ

140 328 247 362 ιξέσται
257 331 290 365 τῇ
307 331 419 367 συνόδῳ,
443 332 469 358 εἰ
485 333 578 369 συνίδῃ
593 335 639 361 τὸν
655 336 751 372 καιρὸν
767 336 813 363 τοῦ
833 337 922 364 ἐπιτι-

140 375 204 409 μίου
218 375 368 411 ἀρκοῦντα,
388 378 437 404 καὶ
461 378 511 412 τὴν
538 380 683 414 μετάνοιαν
715 381 763 408 τοῦ
793 383 923 418 ἐπιτιμη-

140 419 240 453 θέντος,
258 421 393 456 ἀνάλογον
404 423 443 458 τῷ
457 424 641 461 ἁμαρτήματι
663 426 837 462 ψηφίσασθαι
850 428 921 464 ὐπὶρ

140 465 231 497 αὐτοῦ.
249 467 297 494 καὶ
306 467 386 495 λῦσαι
403 468 441 504 τῷ
454 469 589 506 ἀνθρώπῳ
609 471 639 498 τὺ
673 473 822 507 ἐπιτίμιον,
840 474 892 502 κᾶν
906 475 921 501 ό

139 511 286 544 ἐπίσκοπος
311 514 394 541 αὑτοῦ
411 514 541 549 ἄτεγκτος
558 517 626 553 μένῃ
641 518 689 545 καὶ
704 518 854 551 ἀνένδοτος,
867 520 920 549 κᾶν

140 556 243 584 ὶπεόίω
256 559 351 593 τυχόν.
373 560 402 587 '0
421 561 471 596 μιν
504 562 552 589 οὖν
565 563 621 590 τῶν
643 564 731 598 ἁγίων
755 565 916 592 ἀποστόλων

140 604 298 637 τριακοστὸς
309 604 425 641 ἕϐδομος
442 608 543 642 κανὼν,
571 609 619 637 καὶ
643 610 658 636 ό
682 609 779 646 παρὼν
805 611 846 643 δὶς
871 612 919 640 τοῦ

140 646 213 679 ίτους
226 648 417 679 διατάττονται
433 653 559 687 γίνεσθαι
575 656 704 688 συνόδους
716 665 724 673 ⁸
753 658 768 684 ό
781 657 810 684 δὲ
824 657 918 691 ὄγδοος

139 692 186 728 τῆς
205 694 400 732 οἰκουμενικῆς
417 699 528 726 συνόδου
542 700 670 737 καινίσας
686 702 767 729 τοῦτο
782 703 856 735 suae
870 704 917 730 τοῦ

139 740 259 768 ινιαυτοῦ
285 742 433 777 διορίζεται
457 745 486 772 ὲν
512 747 614 783 ἑκάστῃ
644 749 765 784 ἐπαρχίᾳ
793 748 918 782 γίνεσθαι

138 783 246 813 σύνοδον
265 788 320 816 ἀπὸ
335 790 383 817 τοῦ
411 791 509 826 Πάσχα
531 793 629 828 μέχρις
653 794 715 822 ὅλου
745 783 793 822 τοῦ
811 795 917 822 Ὀκτω-

138 830 211 867 δρίου
227 835 321 869 μηνὸς,
338 836 367 863 ἑν
382 837 458 872 τόπῳ
472 838 501 865 ὃν
512 840 525 866 ὁ
535 840 586 874 τῆς
603 841 797 876 μητροπόλεως
825 842 913 877 όρίσει

137 877 290 913 ὶρχιιρεύς.
325 881 396 914 Τοὺς
434 883 463 910 δὲ
491 884 529 920 μὴ
558 886 776 922 συνερχομένους
802 887 915 916 ἐπισκό-

136 930 202 956 πους
215 924 400 961 ὑγιαίνοντας,
417 929 463 956 καὶ
480 929 664 966 ἐνδημοῦντας
683 933 744 964 ταῖς
760 933 851 961 αὐτῶν
867 934 918 961 πό-

135 972 202 1002 λισι,
211 972 258 998 καὶ
268 972 306 1008 μή
322 981 383 1001 τινα
395 974 491 1010 ἑτέραν
501 977 630 1011 ἀσχολίαν
642 977 752 1012 εὔλογον
765 979 812 1006 καὶ
823 980 917 1015 ἀπαρ-

136 1015 243 1051 ιίτητον
274 1017 396 1053 ἔχοντας,
411 1020 563 1056 eamme;
588 1022 821 1058 ὲπιπλήττεσθαι⁶
835 1024 920 1059 ἧγουν

136 1061 207 1095 μετὰ
219 1064 371 1100 πραότητος
385 1066 576 1102 ἐπιτιμᾶσθαι.
593 1068 652 1095 Νῦν
671 1068 699 1095 δὲ
707 1069 738 1095 τὸ
762 1069 816 1096 τῶν
839 1070 918 1096 συνό-

137 1106 187 1134 δων
224 1110 327 1137 τούτων
349 1112 439 1148 πάντη
466 1115 708 1150 καταπεφρόνηται
733 1115 771 1145 ὡς
783 1115 918 1150 μηδέποτε

137 1153 272 1187 γίνεσθαι.
305 1157 374 1192 Περὶ
404 1159 551 1193 ἐπιτιμίων
571 1160 626 1186 τῶν
643 1160 680 1196 μὴ
702 1161 919 1196 ἀπαντησάντων

136 1200 164 1225 ιν
178 1201 239 1232 ταῖς
254 1203 375 1236 συνόδοις
386 1204 523 1239 ἀνάγνωθι
541 1205 590 1241 τῆς
619 1206 649 1233 ὲν
677 1207 843 1244 Καρθαγένῃ
867 1216 919 1234 κα-

137 1245 198 1273 νόνα
215 1251 270 1281 ος¹.

974 252 1149 279 Conventum,
1172 254 1252 283 qpam
1268 249 1300 275 ad
1317 249 1471 282 episcopum
1495 249 1581 281 illum,
1605 250 1650 283 qui
1670 257 1761 284 segre-

973 292 1090 325 gationis
1114 298 1208 320 auctor
1233 293 1294 323 fuit.
1318 295 1351 320 de
1375 302 1407 321 eo
1422 295 1466 329 qui
1482 300 1639 330 segregatus
1657 301 1698 323 est
1711 297 1760 323 de-

973 339 1101 366 ci-rnendi
1117 339 1234 367 incultas
1250 340 1357 367 delata?
1387 340 1442 374 Ego
1462 348 1524 368 vero
1542 341 1566 367 id
1585 341 1620 368 ita
1643 341 1762 369 arbitror

973 384 1173 418 accipiendum,
1202 389 1232 411 ut
1245 385 1351 418 quoties
1366 389 1460 412 auctor
1475 386 1671 420 segregatiouis
1700 387 1759 421 epi-

971 436 1071 462 scopus
1097 437 1175 465 aequo
1192 430 1327 457 duriorem
1347 437 1376 458 se
1393 431 1522 464 praebeat,
1535 428 1622 466 neque
1645 433 1759 459 decursu

972 475 1102 508 temporis
1117 474 1251 502 hominem
1268 481 1345 510 poena
1360 475 1490 509 absolvat,
1516 476 1556 503 vel
1581 477 1697 504 nondum
1713 478 1760 504 ab-

969 520 1059 547 soluto
1072 521 1142 549 forte
1154 521 1311 554 decesserit,
1328 525 1391 548 tunc
1400 529 1478 556 quem
1489 527 1515 549 et
1524 522 1647 556 supplicii
1655 523 1761 550 diutur—

970 566 1067 598 nitate,
1082 570 1110 594 et
1119 566 1212 594 dolore
1225 567 1320 600 animi,
1336 567 1404 595 satis
1419 575 1560 602 poenarum
1573 575 1621 602 pro
1637 569 1758 596 criminis

969 614 1074 640 ratione
1094 613 1202 640 dedisse
1217 613 1353 648 cognitum
1370 613 1417 645 sit,
1445 613 1506 641 licet
1529 614 1673 648 episcopus
1698 615 1758 649 ejus

968 659 1145 687 inexorabilis
1163 664 1190 687 et
1219 659 1396 693 implacabilis
1422 665 1586 694 perseveret,
1614 665 1660 687 aut
1687 661 1756 688 forte

969 705 1111 733 defunctus
1124 705 1170 736 sit.
1193 705 1226 733 de
1242 706 1286 733 illo
1300 706 1446 736 statuendi,
1473 706 1662 740 hominemque
1677 714 1755 740 paena

968 751 1122 779 absolvendi
1137 759 1221 786 penes
1233 752 1365 787 synodum
1383 752 1419 779 sit
1437 752 1561 780 facultas.
1591 751 1753 779 Sanctorum

966 797 1050 832 igitur
1073 797 1256 832 apostolorum
1284 805 1370 825 canon
1402 798 1557 825 tricesimus
1584 797 1716 831 septimus
1731 802 1759 825 et

966 849 1088 878 presens
1111 843 1153 871 bis
1176 844 1321 879 quotannis
1344 844 1481 871 habendas
1502 851 1561 870 esse
1576 843 1693 878 synodos
1708 844 1757 870 dc-

967 893 1093 916 cernunt.
1120 887 1238 917 Octavus
1257 895 1346 916 autem
1360 894 1443 917 sexus
1459 889 1634 917 meumenicae
1661 887 1756 923 synodi

969 934 1021 962 bac
1034 934 1175 962 immutata
1191 935 1384 962 constitutione
1404 935 1525 962 decernit
1545 934 1629 962 semel
1647 933 1673 960 in
1690 941 1758 960 una-

968 987 1077 1016 quaque
1100 981 1252 1016 provincia,
1283 980 1396 1016 singulis
1423 981 1514 1012 annis,
1542 985 1663 1013 tempore
1685 978 1757 1013 quod

970 1026 1042 1054 intra
1058 1026 1167 1054 Paschae
1190 1027 1321 1056 solemnia
1344 1028 1377 1054 ad
1395 1026 1537 1055 Octobrem
1562 1033 1650 1060 usque
1664 1029 1756 1052 extre—

966 1078 1041 1099 mum
1053 1072 1208 1105 intercedit,
1221 1072 1282 1100 loco
1295 1079 1362 1099 vero
1376 1079 1419 1104 eo,
1436 1079 1516 1106 quem
1533 1069 1756 1104 metropolitanus

966 1117 1090 1152 elegerit,
1114 1117 1245 1153 synodum
1263 1117 1368 1144 haberi.
1397 1116 1448 1150 Qui
1471 1123 1537 1144 vero
1551 1115 1680 1150 episcopi,
1704 1121 1755 1141 nec

966 1162 1119 1190 valetudine
1149 1162 1279 1198 impediti,
1302 1170 1352 1190 nec
1371 1170 1386 1189 a
1411 1162 1469 1190 suis
1492 1161 1604 1189 urbibus
1622 1166 1755 1188 terrarum

967 1207 1062 1243 spatiis
1076 1207 1214 1241 disiuncti.
1234 1215 1285 1235 nec
1299 1207 1352 1235 alia
1365 1207 1448 1243 jnsta,
1474 1206 1659 1234 necessariave
1672 1211 1755 1232 occu-

967 1254 1078 1289 patione
1109 1254 1387 1282 detenti‘convenire
1418 1252 1601 1289 neglexerint,
1635 1250 1754 1278 fraterne

135 1293 243 1328 corrigi,
269 1295 321 1324 hoc
341 1301 383 1325 cst
405 1297 458 1326 leni
481 1299 713 1328 animadversione
730 1301 819 1336 puniri
838 1302 925 1337 jubet.
946 1302 1050 1331 Nostris
1083 1310 1147 1330 vero
1160 1302 1326 1337 temporibus
1342 1306 1398 1329 tota
1413 1302 1469 1329 hac
1485 1299 1650 1336 synodorum
1684 1296 1755 1324 ratio

135 1345 253 1374 eousque
274 1342 428 1377 negligitur,
455 1348 484 1371 ut
510 1345 634 1379 nuspiam
659 1345 841 1376 celebrentur.

134 1383 195 1412 vide
213 1392 273 1420 syn.
287 1386 381 1415 ϐαι-ιιι.
398 1396 459 1416 can.
478 1389 523 1417 76.

135 1446 245 1476 ΔΡῙΣΤ.
263 1448 297 1474 Οἱ
309 1447 345 1480 ἐξ
371 1447 481 1483 ἐτέρων
497 1448 701 1485 ἀφοριζόμενοι
726 1451 780 1487 ὑφ’
808 1452 918 1487 ἐτέρων

165 1493 209 1528 μὴ
235 1493 524 1529 προσδεχέσθωσαν,
538 1496 621 1530 πλὴν
637 1498 662 1524 εί
685 1497 729 1533 μὴ
744 1497 793 1525 διὰ
814 1506 917 1533 μικρο·

167 1540 293 1575 ψυχίαν,
311 1540 330 1575 ἢ
343 1542 542 1575 φιλονεικίαν,
564 1541 583 1577 ἦ
597 1552 623 1570 τι
637 1543 753 1571 τοιοῦτο
770 1563 778 1575 ,
807 1544 823 1571 ό
842 1544 916 1579 ἀφο-

163 1586 271 1620 ρισμός
280 1586 399 1622 γέγονε-
414 1588 523 1616 τούτου
548 1589 604 1624 γὰρ
630 1589 735 1616 ἕνεκεν
761 1589 816 1624 (48)
830 1589 917 1622 ἔδοξε

150 1657 153 1659 λ
167 1630 217 1665 δίς
231 1631 285 1659 τοῦ
298 1632 386 1666 ἔτους
413 1634 479 1660 καθ’
496 1633 631 1667 ἑκάστην
647 1634 796 1668 ἐπαρχίαν
822 1634 915 1661 σύνο-

166 1678 223 1705 δον
234 1678 371 1714 γίνεσθαι
382 1686 389 1694 ·
401 1679 475 1714 μίαν
490 1679 550 1715 μὲν
575 1681 632 1714 πρὸ
650 1680 706 1714 τῆς
733 1681 917 1714 Τεσσαρακο-

166 1722 255 1758 στῆς,
271 1724 377 1758 ἑτέραν
387 1724 421 1751 δὲ
437 1725 503 1760 περὶ
518 1725 552 1752 τὸ
563 1726 749 1761 μετόπωρον.

166 1781 223 1814 Δεῖ,
242 1781 312 1808 κατὰ
325 1782 375 1817 τὴν
387 1782 549 1818 παροιμίαν,
557 1783 603 1809 τὸν
611 1784 755 1819 τρώσαντα
765 1784 916 1819 ἐπαγαγεῖν

132 1827 182 1854 καὶ
193 1828 241 1862 τὴν
261 1827 332 1855 ῐασιν
342 1836 349 1843 ·
365 1828 413 1855 καὶ
436 1828 473 1864 μὴ
489 1829 534 1855 τὸν
550 1829 602 1856 ὑπὸ
625 1829 671 1856 τοῦ
689 1829 755 1857 ἰδίου
766 1830 915 1858 ἐπισκόπου

131 1872 323 1908 ἀφορισθέντα,
342 1873 386 1908 ὑφ’
405 1873 506 1909 ἑτέρων
519 1874 720 1910 παραδεχοῆναι
732 1874 916 1908 ἀνεξετάστως

131 1919 215 1952 οὕτω,
231 1920 278 1947 καὶ
292 1920 376 1955 χωρὶς
391 1920 585 1956 συζητήσεως·
600 1920 668 1948 ἀλλὰ
682 1921 731 1957 τὴν
752 1921 842 1948 αἰτίαν
866 1922 915 1948 τοῦ

130 1964 285 2000 ἁφορισμοῠ
316 1964 551 1999 κατασκέψασθαι,
579 1966 685 2001 μήποτε
721 1966 771 1993 οὐκ
796 1966 915 2000 εὐλόγως

131 2011 271 2047 ἑπηνέχθη
285 2011 301 2038 ό
316 2010 469 2046 ἀφορισμός
480 2018 488 2026 ο
511 2011 560 2037 οὑκ
573 2011 605 2038 ὲκ
622 2011 815 2048 μικροψυχίας,
833 2011 850 2046 ἢ
868 2012 914 2047 φί-

130 2057 274 2091 λονεικίας,
304 2057 321 2093 ἢ
345 2057 441 2092 ἑτέρας
465 2058 537 2089 τινὸς
562 2057 658 2092 ἀηδίας
679 2057 726 2084 τοῦ
752 2058 913 2086 ἐπισκόπου.

131 2104 192 2131 Ἵνα
207 2103 272 2138 γοῦν
291 2104 361 2140 μήτε
379 2105 403 2130 οἱ
419 2103 622 2139 ἀφοριζόμενοι,
641 2103 678 2136 ὡς
692 2103 798 2140 ἔτυχεν,
814 2104 913 2140 ἀφορί-

131 2149 242 2183 ζωνται,
253 2151 322 2186 μήτε
333 2150 358 2176 οί
374 2150 549 2185 ἀφορίζοντες
566 2150 665 2182 αὐτοὺς
676 2151 819 2177 ἐπίσκοποι
832 2159 914 2177 κατα-

131 2195 413 2230 φρονῶνται,ὲτὲρων
431 2195 544 2226 τούτους
573 2195 732 2222 ἐπισκόπων
760 2196 910 2231 παραδεχοο

131 2241 220 2276 μένων
241 2239 437 2273 ἀνεξετάστως,
453 2240 494 2272 δὶς
515 2241 563 2266 τοῦ
599 2240 676 2272 ἔτους
702 2240 764 2268 καθ’
792 2241 912 2277 ἑκάστην

130 2287 267 2322 ἐπαρχίαν
281 2286 392 2313 σύνοδον
414 2287 539 2321 γίνεσθαι
552 2287 584 2322 τῇ
608 2287 675 2322 ἁγίᾳ
700 2287 787 2323 ταύτῃ
810 2287 913 2323 συνόδῳ

129 2332 234 2366 ἔδοξενι
262 2332 306 2359 τνα
323 2333 398 2366 κοινῇ
414 2331 510 2368 γνώμῃ
537 2331 648 2359 πάντων
669 2332 726 2359 τῶν
753 2333 913 2360 ἐπισκόπων

129 2378 180 2412 τῆς
199 2378 284 2413 αὐτῆς
300 2378 433 2413 ἐπαρχίας
450 2378 505 2404 πᾶν
536 2378 647 2413 ζήτημα
677 2379 909 2413 ἐκκλησιαστικὸν

129 2424 178 2452 καὶ
192 2424 267 2450 πᾶσα
282 2423 432 2458 ἀμφιῦολία
446 2423 543 2459 λύηται
554 2432 562 2440 '
589 2424 680 2456 καθὼς
708 2426 756 2452 καὶ
784 2425 799 2451 ό
811 2425 850 2457 λζ’
860 2434 910 2452 κα-

129 2467 182 2495 νὼν
199 2466 253 2493 τῶν
279 2467 364 2500 ἁγίων
391 2467 548 2494 ἀποστόλων
574 2468 739 2503 διαγορεύει.
764 2469 847 2505 Πλὴν,
873 2469 911 2502 ὡς

128 2513 219 2540 ἐκεῖσε
235 2513 406 2547 ἐγράψαμεν,
429 2513 443 2539 ό
465 2512 556 2547 ὄγδοος
570 2514 661 2541 κανὼν
674 2515 720 2550 τῆς
743 2515 771 2542 ὲν
783 2514 910 2551 Τρούλλῳ

128 2560 211 2592 ἕκτης
228 2558 338 2585 συνόδου
352 2558 398 2585 καὶ
414 2559 427 2585 ὁ
441 2558 519 2591 ἕκτος
535 2559 585 2594 τῆς
601 2559 628 2586 ὲν
645 2560 746 2596 Νικαίᾳ
770 2561 800 2587 τὸ
818 2561 910 2588 δεύτε-

129 2614 176 2641 ρον
191 2605 236 2632 διὰ
254 2605 304 2640 τὴν
317 2604 463 2640 συντριὸὴν
487 2606 535 2632 καὶ
557 2606 588 2632 τὸ
616 2607 713 2639 ἐνδεῶς
741 2607 815 2642 ἔχειν
840 2607 909 2643 πρὸς

128 2651 282 2687 ὁδοιπορίαν
294 2650 357 2683 τοὺς
372 2650 634 2687 συναθροιζομένους
646 2653 814 2685 ἐπισκόπους
836 2654 910 2686 ἅπαξ

898 1349 935 1376 De
953 1348 1061 1376 illorum
1074 1355 1139 1376 vero
1150 1348 1238 1383 poenis
1251 1347 1298 1383 qui
1313 1347 1346 1374 ad
1359 1346 1478 1382 synodos
1492 1353 1544 1373 non
1564 1343 1753 1374 convenerint,

969 1450 1085 1479 ARIST.
1112 1451 1151 1478 Ab
1167 1450 1228 1478 aliis
1243 1449 1462 1477 excommunicati
1482 1448 1514 1475 ab
1538 1448 1599 1475 aliis
1618 1455 1649 1475 ne
1667 1448 1753 1475 susci-

976 1498 1122 1531 vpiantur,
1153 1497 1204 1523 m'u'
1226 1503 1272 1530 per
1296 1495 1550 1530 pusillanimitatem,
1575 1499 1621 1521 aut
1646 1499 1754 1521 conten-

1005 1543 1110 1574 tionem,
1134 1547 1178 1568 aut
1192 1541 1254 1572 quid
1268 1540 1416 1567 istiusmodi
1430 1540 1661 1567 excommunicalio
1681 1541 1754 1575 facta

1002 1589 1047 1615 sit.
1078 1586 1225 1622 Eapropter
1239 1587 1308 1614 enim
1329 1586 1412 1614 visum
1433 1591 1481 1617 est,
1505 1590 1533 1613 ut
1554 1587 1591 1614 bis
1611 1588 1753 1621 quotannis

1003 1636 1031 1662 in
1055 1642 1210 1670 unaquaque
1232 1635 1366 1670 provincia
1389 1635 1504 1669 synodus
1520 1633 1672 1666 celebretur,
1699 1642 1752 1661 una

1000 1681 1104 1715 quidem
1126 1685 1188 1707 ante
1210 1668 1442 1715 Quadragesimam
1497 1679 1581 1706 altera
1605 1681 1677 1707 circa
1701 1687 1752 1706 au-

1002 1732 1135 1755 tumnum.

1002 1783 1124 1818 Oportet.
1141 1787 1172 1810 ut
1185 1782 1223 1810 ait
1238 1782 1420 1816 proverbium,
1435 1781 1619 1809 vulnerantem
1636 1781 1752 1815 adjicere

965 1834 994 1858 et
1016 1829 1159 1861 medelam.
1185 1834 1212 1856 et
1235 1836 1286 1857 non
1303 1836 1319 1855 a
1333 1828 1441 1863 proprio
1456 1828 1583 1862 episcopo
1597 1835 1752 1855 excommu-

965 1876 1083 1904 nicatum
1101 1875 1268 1910 inexplorate
1283 1875 1350 1901 adeo
1368 1879 1395 1901 et
1415 1875 1473 1902 sine
1495 1874 1620 1901 examine
1641 1875 1674 1900 ab
1691 1874 1751 1901 aliis

965 1922 1081 1956 admitti,
1095 1922 1140 1950 sed
1154 1921 1179 1948 in
1194 1921 1481 1949 excommunicationis
1492 1928 1601 1948 causam
1615 1920 1752 1954 inquirere

966 1975 999 1995 ne
1025 1967 1095 1994 forte
1113 1966 1212 2001 injuste
1230 1965 1303 1992 illata
1323 1965 1358 1992 sit
1382 1964 1633 1995 excommunicatio,
1659 1972 1693 1991 ne
1717 1971 1752 1991 ex

964 2013 1187 2049 pusillanimitate
1202 2031 1209 2044 ,
1231 2015 1278 2038 aut
1305 2010 1488 2044 contentione,
1514 2014 1561 2036 aut
1581 2009 1632 2036 alia
1659 2009 1750 2044 aliqua

964 2057 1084 2094 episcopi
1100 2057 1256 2084 acerbitate.
1286 2054 1321 2083 Ut
1339 2057 1429 2089 itaque
1449 2062 1499 2082 nec
1513 2053 1749 2086 excommunicati,

964 2110 996 2133 ut
1007 2104 1156 2138 contingat,
1183 2102 1463 2134 excommunicentur,
1489 2108 1538 2128 nec
1562 2100 1608 2136 qui
1634 2107 1680 2127 eos
1703 2107 1752 2126 ex-

964 2149 1199 2177 communicarunt
1209 2152 1416 2175 contemnantur
1425 2147 1554 2181 episcopi,
1572 2147 1633 2173 dum
1646 2145 1690 2172 alii
1703 2152 1750 2172 eos

964 2195 1082 2230 episcopi
1106 2195 1166 2222 sine
1181 2194 1307 2222 examine
1321 2193 1479 2224 admittunt,
1502 2196 1604 2219 sanctae
1624 2191 1686 2218 huic
1701 2198 1749 2225 sy-

927 2233 953 2263 D
965 2241 1035 2270 nodo
1050 2241 1090 2268 bis
1103 2241 1246 2275 quotannis
1258 2240 1283 2267 in
1296 2246 1455 2273 unaquaque
1467 2237 1604 2281 pravum
1615 2235 1748 2270 synodum
1790 2237 1798 2242 "

966 2287 1060 2316 haberi
1088 2287 1173 2314 visum
1198 2291 1255 2319 est,
1287 2290 1316 2313 ut
1338 2285 1473 2324 communi
1503 2284 1623 2311 omniutn
1649 2283 1675 2310 in
1698 2283 1748 2309 ista
1784 2290 1804 2313 ,-

965 2333 1103 2369 provincia
1134 2333 1322 2367 episcoporum
1347 2330 1503 2363 sententia,
1528 2329 1617 2356 omnis
1635 2328 1748 2363 quaestio

964 2379 1147 2408 ecclesiastica
1168 2383 1196 2406 et
1219 2377 1403 2406 controversia
1428 2376 1517 2404 omnis
1538 2375 1746 2403 determinetur:
1787 2369 1794 2374 ’

964 2431 994 2453 ut
1007 2431 1033 2453 et
1049 2426 1082 2453 57
1095 2434 1180 2453 canon
1195 2431 1348 2453 sanctorum
1362 2425 1545 2460 apostolorum
1568 2423 1660 2450 edicit.
1693 2421 1747 2448 Sed

962 2477 990 2500 ιιι
1005 2472 1040 2500 ibi
1056 2472 1226 2507 scripsimus,
1250 2476 1362 2499 octavus
1383 2476 1465 2498 sextae
1485 2470 1580 2504 synodi
1604 2469 1632 2496 in
1655 2464 1746 2495 Trulla

962 2526 1060 2549 canon,
1084 2523 1111 2545 et
1134 2522 1225 2545 sextus
1249 2517 1363 2544 Nicaeum
1384 2516 1508 2544 secundat
1529 2515 1563 2542 ob
1582 2514 1744 2544 molestiam,

962 2569 990 2592 et
1011 2565 1085 2599 quod
1113 2564 1304 2592 insullicientes
1328 2565 1382 2591 sint
1402 2564 1435 2591 ad
1462 2563 1512 2590 tale
1540 2561 1743 2595 suscipiendum

963 2610 1014 2637 iter
1027 2610 1182 2645 congregati
1208 2610 1339 2645 episcopi,
1361 2609 1444 2637 semel
1459 2608 1604 2643 quotannis
1628 2607 1653 2633 in
1676 2613 1745 2632 una-

962 2663 1068 2691 ouaque
1088 2655 1298 2696 provincialieri
1314 2655 1447 2691 synodum
1472 2654 1658 2684 decreverunt,
1685 2650 1744 2678 loco

743 2743 836 2774 Guill.
850 2744 1010 2784 Beveregii
1029 2749 1123 2777 notae.

160 2817 218 2852 (ιδ)
232 2818 344 2846 Τούτου
368 2817 423 2854 γὰρ
435 2817 552 2846 ἕνεκεν.
575 2817 638 2846 Περ
666 2827 751 2854 usque
769 2822 802 2848 ad
831 2822 910 2849 linem

126 2854 239 2882 "nonis
258 2854 286 2881 in
309 2857 362 2882 hac
375 2854 505 2886 Aristoni,
535 2862 638 2883 necnon
664 2855 799 2885 Simeouis
816 2856 902 2892 Logo~

967 2822 1046 2866 theta;
1058 2823 1187 2857 epitome,
1203 2826 1231 2849 ut
1246 2822 1272 2849 in
1285 2820 1389 2849 Justclli
1398 2819 1560 2866 bibliotheca
1574 2819 1658 2866 edita,
1672 2818 1741 2847 dash

955 2858 1094 2886 dcrautur.
1478 2862 1489 2868 ‘
1599 2868 1617 2892 5;

1579 2893 1615 2922 ἔα.

1574 2924 1584 2936 ς
