1951 3067
125 118 180 150 265

659 114 700 145 ΙΝ
716 113 799 145 CAN.
815 112 887 144 VIII
904 110 1011 143 CONC.
1029 110 1166 143 NIC/EN.
1185 110 1213 142 ἶ.

1691 109 1744 141 266

125 175 279 211 ἀπεϐλήθη,
297 174 344 202 καὶ
368 172 581 209 ὰνεθεματίσϐη,
607 172 645 205 ὡς
662 172 677 198 ὁ
697 172 741 200 τοῦ
769 172 910 208 Παμφίλου

968 172 1063 206 )dium,
1079 171 1108 200 in
1122 172 1234 208 synodo,
1251 178 1312 208 qua;
1327 171 1453 200 Cornelio
1467 171 1653 200 Romanorum
1662 177 1741 206 papa.

123 222 254 254 Εὐσέϐιος
268 221 381 257 ἱστορεῖ.
395 220 463 251 Τοὺς
478 219 542 254 γοῦν
556 218 719 255 αῐρεσιὼτας
734 218 830 246 τούτου
845 226 911 252 προ-

123 268 289 304 ερχομένους
299 266 423 302 δέχεσθαι
432 267 445 293 ὁ
455 265 543 293 κανὼν
554 262 632 297 οὗτος
643 265 738 300 ὁρίζει,
747 265 910 300 ὁμολογοῦν-

121 321 171 344 τας
180 312 326 348 ἐγγράφως
338 312 378 338 ὅτι
386 311 421 338 τὰ
434 310 484 345 τῆς
495 311 642 345 καθολικῆς
650 310 814 346 Ἐκκλησίας
827 311 912 346 τηρήο

124 365 202 384 σουσι
222 357 355 391 δόγματα,
371 356 418 382 καὶ
431 355 494 387 τοὺς
506 355 540 382 δι’
562 355 685 391 ἀνάγκην
700 355 910 391 ἀρνησαμένους

123 403 169 429 τὸν
178 402 295 438 Χριστὸν
303 402 434 435 δέξονται,
443 401 489 427 καὶ
503 398 725 435 οίκὸνομήσουσιν
733 400 832 431 αὐτοὺς
841 400 911 426 κατὰ

123 449 186 479 τοὺς
198 447 310 483 καιροὺς
334 447 501 482 ὡρισμένους
513 447 545 481 τῇ
564 445 692 482 μετανοίᾳ
714 446 769 473 τῶν
785 454 911 482 παραπε-

125 493 283 523 πτωκότων·
291 492 367 519 τοῦτο
374 493 428 528 γάρ
434 493 493 519 ἐστι
499 492 529 518 τδ
536 492 579 526 ἐφ’
587 489 624 518 ὤν
631 491 677 518 καὶ
683 491 777 527 χρόνος
785 491 910 527 ὥρισται,

127 540 174 566 καὶ
185 540 278 575 καιρὸς
290 539 418 566 τέτακται
429 546 435 553 ·
447 539 558 569 καὶτοῖς
567 538 692 572 διγάμοις
703 538 911 574 κοινωνήσουσι,

126 587 174 612 καὶ
202 586 226 611 εἰ
256 584 508 620 κεχειροτονημένοι
536 583 606 610 εἰσὶν
631 584 670 615 είς
698 583 867 615 ἐπισκόπους
893 583 910 619 ἢ

125 630 360 667 πρεσΰυτέρουςῆ
384 630 524 660 διακόνους
546 629 574 656 οἱ
589 629 618 662 ἐξ
643 629 732 657 αὐτῶν
753 630 913 664 προσιόντες

124 679 157 712 τῇ
175 676 336 712 Ἐκκλησίᾳ,
355 676 445 710 μένειν
461 675 558 704 αὐτοὺς
570 676 599 702 ἐν
609 675 648 710 τῷ
664 674 756 710 κλήρῳ
768 676 838 702 κατὰ
848 676 912 708 τοὺς

124 722 242 752 οἰκείους
257 721 391 757 βαθμοὺς,
411 721 458 747 ἐὰν
473 720 539 752 ἴσως
562 720 592 746 ἐν
606 720 666 750 ταῖς
688 719 857 753 ἐκκλησίαις,
882 720 912 749 ἐν

124 764 168 799 αἶς
183 767 438 802 ἐχειροτονήθησαν,
453 766 503 792 οὐκ
523 765 592 792 εἰσὶν
607 765 708 800 ἕτεροι.
727 764 788 791 Ὅτι
804 765 857 800 γὰρ
880 765 910 792 οὺ

125 814 190 848 περὶ
206 814 255 848 τὴν
271 813 362 840 πίστιν
389 811 564 847 ἐσφάλλοντο,
582 811 640 838 ἀλλ’
665 810 704 842 είς
732 811 911 846 μισαδελφίαν

962 219 1043 246 Decio
1066 219 1229 253 imperante,
1252 217 1344 246 Romae
1357 217 1447 246 habita
1464 218 1528 251 fuit,
1553 222 1582 245 ιιι
1611 217 1744 245 Eusebius

961 262 1094 298 Pamphili
1121 266 1276 296 memorat,
1302 262 1405 297 eiectus
1455 266 1536 297 atque
1573 261 1747 290 anathemate

962 309 1105 337 damnatus
1124 314 1177 337 est.
1204 309 1244 337 Ex
1265 308 1311 337 illo
1332 309 1414 344 igitur
1436 309 1624 336 haereticorum
1644 315 1743 343 grege.

961 356 1008 392 qui
1024 362 1084 383 cum
1096 355 1216 383 Ecclesia
1229 355 1256 382 in
1272 355 1387 391 gratiam
1404 355 1492 382 redire
1506 354 1626 389 cupiant,
1637 360 1683 381 eos
1699 353 1744 382 hic

962 409 1048 430 canon
1073 401 1244 436 recipiendos
1261 408 1321 429 esse
1343 401 1476 428 decernit:
1504 400 1585 428 modo
1604 407 1635 428 se
1657 404 1746 428 tamen

961 448 996 476 ab
1015 448 1142 476 Ecclesiae
1160 447 1300 476 catholicae
1320 447 1428 483 placitis
1449 454 1502 474 non
1523 447 1700 480 discessuros,
1716 454 1748 474 ac

961 501 1019 528 eos,
1044 496 1090 529 qui
1111 494 1275 522 necessitate
1289 494 1375 521 coacti
1387 492 1528 521 Christum
1542 497 1570 520 et
1587 493 1670 520 Deum
1697 500 1748 520 ne-

962 542 1101 576 gaverunt
1117 540 1164 567 ubi
1185 543 1284 567 statuta
1301 539 1462 567 criminibus
1477 538 1617 573 expiandis
1629 542 1748 573 tempora

961 585 1138 620 expleverint,
1169 585 1209 620 (id
1236 592 1353 619 namque
1373 584 1456 612 verba
1484 584 1530 612 illa
1556 584 1696 618 indicant,
1719 584 1749 612 in

962 631 1060 665 quibus
1090 635 1117 658 et
1150 635 1256 665 tempus
1278 630 1456 658 constitutum
1481 632 1534 663 est,
1562 634 1589 657 et
1616 629 1748 665 praefinita

962 678 1029 714 dies)
1043 678 1220 711 admissuros,
1235 682 1335 705 etcum
1355 677 1470 713 digamis
1497 678 1749 705 commttnicaturos

961 731 1033 756 esse,
1053 723 1223 758 chirographi
1251 723 1292 751 sui
1317 723 1470 751 testimonio
1490 722 1679 758 proﬁteantur.
1710 723 1750 750 Ac

962 770 1113 806 siquidem,
1142 770 1188 804 qui
1213 776 1246 797 ex
1270 770 1336 804 ipsis
1363 769 1396 796 ad
1423 767 1572 796 Ecclesiam
1592 768 1747 800 accedunt,

962 815 1080 852 episcopi
1098 816 1166 850 jam,
1193 819 1239 842 aut
1263 813 1430 850 presbyteri,
1458 818 1505 841 aut
1531 813 1637 841 diaconi
1665 814 1750 841 creati

124 846 172 885 stati.
195 846 307 894 ἄρνησιν
337 846 479 894 μετανοίας
505 858 561 889 τοῖς
590 857 827 891 παραπεπτωκόσι
863 858 911 884 κα)¹

968 846 1024 891 sunt
1053 868 1142 896 neque
1162 860 1290 889 Ecclesiae
1307 859 1389 893 forte,
1415 867 1531 894 quarum
1551 858 1703 886 ministerio
1730 858 1749 885 ii

123 905 331 940 ἐπιστρέφουσι,
346 904 390 931 διὰ
407 903 487 930 τοῦτο
503 904 549 930 καὶ
565 903 615 938 τὴν
631 904 800 937 χειροτονίαν
820 904 912 931 αὐτῶν

123 952 139 982 ή
170 951 276 982 σύνοδος
292 950 412 983 ἐδέξατο,
437 951 484 977 καὶ
511 949 604 984 μένειν
624 949 723 980 αὐτοὺς
746 950 775 976 ἐν
794 950 850 981 τοῖς
873 951 912 977 ol-

122 996 208 1027 ιείοις
233 996 348 1032 βαθμοῖς
375 997 531 1032 διωρίσατο,
568 997 593 1022 εί
626 995 664 1030 μὴ
690 995 840 1028 ἐπίσκοπος
867 997 910 1032 εἴη

123 1041 153 1067 ἐν
168 1042 200 1076 τῇ
216 1041 345 1076 καθολικῇ
371 1043 420 1074 τῆς
437 1041 541 1072 πόλεως
556 1041 662 1075 ἐκείνης
681 1041 826 1077 ἐκκλησίᾳ.
839 1042 869 1068 El
883 1042 912 1069 δέ

124 1087 154 1112 ἐν
169 1085 303 1121 ἐκκλησίᾳ.
321 1086 390 1112 είσὶν
416 1086 479 1112 ἔνθα
495 1086 645 1119 ἐπίσκοπος
670 1089 687 1124 ἢ
713 1088 915 1122 πρεσϐύτερος,-

122 1132 139 1159 ὀ
151 1131 201 1165 μὲν
219 1131 368 1161 ἐπίσκοπος
377 1131 432 1163 ἕξει
443 1131 474 1157 τὸ
483 1131 532 1166 τῆς
545 1132 698 1168 ἐπισκοπῆς
709 1133 818 1168 ἀξίωμα
825 1133 872 1160 καὶ
882 1133 912 1161 τὺ

125 1177 212 1213 ὄνομα
225 1185 232 1193 ⁸
247 1179 261 1205 ὁ
279 1178 306 1204 δὲ
325 1177 400 1212 παρὰ
418 1178 475 1209 τοῖς
496 1177 635 1213 Καθαροῖς
660 1179 828 1215 κεκλημένος
854 1180 912 1207 ἐπί-

125 1232 226 1255 σκοπος
250 1224 266 1259 ἢ
301 1224 486 1259 πρεσϐυτέρου
516 1224 572 1257 ἔξει
594 1225 696 1260 τιμὴν,
716 1226 819 1262 ἤτέως
842 1235 913 1262 χωρ-

129 1271 295 1304 ιπισκόπου,
309 1271 352 1297 ἴνα
366 1271 404 1306 τῷ
425 1272 518 1306 κλήρῳ
538 1273 786 1308 συγκαταλέγηται,
808 1275 855 1301 καὶ
874 1273 911 1310 μὴ

125 1317 221 1344 τούτου
241 1317 364 1353 ἐκπέσῃ·
384 1317 408 1344 εί
424 1318 462 1352 μή
489 1325 540 1344 που
563 1318 790 1351 συγκαταϐαίνων
813 1320 827 1346 ὁ
851 1320 912 1347 ἐπί-

125 1369 227 1393 σκοπος
254 1362 303 1396 τῆς
331 1361 479 1396 καθολικῆς
510 1361 673 1398 Ἐκκλησίας
699 1363 807 1400 θελήσει
830 1364 911 1391 αὑτὸν

124 1406 212 1442 ὄνομα
236 1407 281 1433 καὶ
308 1406 390 1442 τιμὴν
417 1407 567 1434 ἐπισκόπου
594 1407 678 1443 ἔχειν.
695 1409 732 1436 Οὐ
755 1410 846 1444 μέντοι
864 1411 912 1437 καὶ

126 1452 164 1482 ὡς
176 1452 324 1484 ἐπίσκοπος
341 1453 494 1488 ἐνεργήσει,
517 1452 561 1479 ἵνα
577 1453 615 1488 μή
641 1454 670 1480 ὲν
687 1455 720 1490 τῇ
747 1455 815 1491 αὐτῇ
835 1455 911 1482 πόλει

124 1497 173 1530 δύο
186 1494 252 1525 ὦσιν
265 1497 418 1526 ἐπίσκοποι.

965 913 1028 937 sunt
1047 907 1169 942 ascripti,
1185 907 1251 934 alios
1269 906 1378 938 habent,
1395 909 1472 933 suum
1498 905 1524 932 in
1539 904 1613 932 clero
1630 904 1751 940 dignita-

963 955 998 983 tis
1012 954 1134 982 ordinent
1151 953 1280 980 retinere.
1300 952 1377 985 Quod
1390 951 1464 979 enim
1484 950 1510 978 in
1528 950 1581 979 ﬁde
1591 950 1658 978 nihil
1678 950 1752 985 ejus-

962 1000 1034 1028 modi
1079 999 1203 1028 homines
1229 998 1398 1031 oil'enderint,
1424 997 1470 1025 sed
1500 1001 1603 1025 tantum
1631 994 1752 1024 fraterno

962 1047 1043 1079 odio,
1058 1046 1190 1080 veniaque
1215 1044 1298 1080 lapsis
1314 1048 1341 1071 et
1351 1043 1572 1079 resipiscentibus
1595 1043 1751 1077 deneganda

964 1092 1113 1127 peccarint,
1139 1094 1280 1125 propterea
1302 1089 1501 1117 ordinationem
1521 1096 1614 1116 eorum
1641 1088 1751 1115 admisit

965 1134 1094 1171 synodus,
1112 1138 1139 1161 et
1157 1135 1182 1161 in
1197 1139 1248 1161 suo
1266 1139 1429 1168 quemquam
1451 1132 1546 1167 gradu,
1561 1131 1614 1159 nisi
1626 1138 1687 1159 cum
1709 1131 1751 1158 al-

965 1186 1005 1208 ter
1018 1182 1044 1208 in
1064 1181 1158 1208 eadem
1175 1179 1242 1206 urbe
1255 1178 1451 1206 catholicarum
1471 1178 1590 1213 partium
1607 1178 1751 1213 episcopus

965 1228 1046 1260 foret,
1071 1232 1181 1255 manere
1195 1225 1290 1252 voluit.
1316 1225 1351 1251 At
1371 1224 1394 1252 si
1416 1224 1443 1252 in
1458 1223 1578 1252 Ecclesia
1595 1229 1668 1255 sunt,
1689 1231 1750 1258 qua:

963 1273 1130 1308 episcopum,
1150 1276 1198 1299 aut
1217 1270 1406 1306 presbyterum
1430 1270 1539 1302 habeat,
1566 1269 1685 1305 episcopi
1701 1277 1752 1298 no-

964 1326 1038 1351 men,
1061 1325 1093 1345 ac
1116 1317 1273 1353 dignitatem
1298 1315 1352 1350 7o
1372 1315 1429 1350 ipse
1458 1315 1601 1349 retinebit;
1624 1316 1670 1350 qui
1688 1323 1752 1343 vero

965 1364 1034 1398 apud
1047 1363 1179 1391 Catharos
1195 1362 1337 1397 episcopus
1355 1361 1444 1388 dictus
1467 1360 1565 1393 fuerat,
1586 1361 1751 1397 presbyteri,

964 1413 1011 1437 aut
1035 1407 1222 1443 chorepiscopi
1243 1407 1277 1434 ad
1287 1414 1424 1434 summum
1445 1406 1549 1434 honore
1565 1406 1703 1442 fungetur,
1721 1413 1752 1433 ut

965 1455 991 1482 in
1005 1454 1077 1483 clero
1093 1457 1313 1485 connumeretur,
1334 1459 1420 1487 eoque
1437 1459 1491 1480 non
1513 1452 1630 1485 excidat,
1645 1452 1698 1480 nisi
1713 1453 1752 1480 ei-

925 1497 947 1526 C
968 1501 1028 1529 dom
1044 1500 1168 1529 catholici
1183 1500 1301 1534 episcopi
1317 1498 1494 1533 indulgentia,
1513 1499 1632 1535 episcopi
1652 1506 1750 1526 nomen

128 1544 314 1578 honoremque
333 1544 482 1578 permittat.
500 1543 665 1574 Functiones
687 1548 776 1574 tamen
795 1547 914 1582 episcopi
929 1548 1064 1583 proprias,
1086 1555 1120 1575 ne
1134 1546 1188 1574 duo
1203 1545 1283 1574 unius
1297 1545 1372 1573 urbis
1389 1545 1508 1580 episcopi
1545 1545 1600 1573 sint
1613 1565 1622 1579 ,
1648 1553 1752 1581 nequa-

126 1597 206 1623 quam
219 1594 354 1618 exerceat.

125 1635 238 1663 ΔΡΙΣΤ,
278 1638 311 1663 Ol
327 1637 484 1672 λεγόμενοι
513 1639 641 1673 Καθαροί
675 1641 914 1676 προσερχόμενοι

155 1680 275 1715 πρῶτον
314 1683 557 1717 όμολογείτωσαν
569 1684 832 1719 ότισυνθήσονται
852 1688 915 1721 τοῖς

160 1726 327 1760 ἐκκλησίας
352 1727 484 1762 θεσμοῖς,
511 1729 561 1755 καὶ
585 1729 810 1762 κοινωνήσουσι
833 1731 914 1764 6mi-

158 1780 240 1806 μοις,
254 1773 303 1798 καὶ
321 1773 558 1808 συγχωρήσουσι
574 1775 635 1807 τοῖς
654 1777 913 1809 παραπεπτωκόσι.

164 1818 221 1857 Καὶ
243 1818 336 1851 οὕτως
351 1819 367 1845 ό
393 1819 605 1854 εὑρισκόμενος
632 1822 914 1857 κεχειροτονημένος

161 1863 252 1896 εῑηὲν
272 1862 312 1896 τῷ
335 1863 434 1890 αὐτῶν
457 1864 598 1899 τάγματι,
621 1862 686 1892 οἷον
703 1868 720 1893 ό
735 1867 793 1901 μὲν
807 1869 915 1902 κυρίως

161 1910 328 1943 ἐπίσκοπος
343 1910 388 1943 ειη
400 1910 579 1944 ἐπίσκοπος.
598 1911 630 1937 '0
644 1911 677 1938 δὲ
687 1915 766 1947 παρὰ
780 1914 842 1948 τοῖς
857 1916 914 1942 Κα-

163 1955 264 1989 θαροῖς
291 1955 459 1989 ἐπίσκοπος
484 1957 503 1990 ἢ
529 1958 756 1993 χωρεπίσκοπος
775 1961 863 1994 ἔστω,
892 1961 912 1997 ἢ

162 2004 366 2039 πρεσϐυτέρου
389 2005 478 2039 τιμὴν
502 2005 521 2039 ἢ
553 2005 721 2034 ἐπισκόπου
736 2007 909 2041 κεκτήσθω·

161 2053 198 2079 οὐ
209 2052 264 2087 γὰρ
277 2052 398 2080 ἔσονται
408 2052 463 2079 δύο
473 2054 514 2086 εἰς
525 2053 598 2088 μίαν
607 2053 777 2088 ἐκκλησίαν
787 2055 910 2083 ἐπίσκο-

162 2104 222 2123 ποι.

170 2143 236 2170 Ἀπδ
252 2143 306 2170 τῶν
319 2141 545 2178 προσερχομένων
559 2143 593 2178 τῇ
606 2142 671 2178 ἁγίᾳ
685 2142 732 2170 τοῦ
747 2143 815 2170 Θεοῦ
833 2143 912 2170 καθο-

967 1639 1082 1669 ARIST.
1100 1639 1211 1667 Cat/tari
1227 1637 1292 1665 dicti
1303 1638 1452 1664 accedentes
1465 1638 1549 1672 primo
1566 1638 1751 1672 proﬁteantur,

1002 1686 1072 1722 quod
1085 1685 1214 1713 Ecclesia
1227 1683 1407 1711 sanctionibus
1423 1685 1577 1717 assentient,
1600 1688 1624 1711 et
1643 1693 1701 1711 cum
1713 1685 1754 1711 di-

1002 1733 1084 1767 gnmis
1101 1731 1347 1763 comntunicabunt,
1364 1729 1517 1764 veniamque
1549 1730 1632 1764 lapsis
1657 1738 1751 1757 conce-

1003 1780 1074 1807 dent.
1093 1778 1127 1806 Et
1141 1778 1177 1806 sic
1189 1778 1234 1813 qui
1248 1781 1365 1813 repertus
1391 1781 1428 1804 est
1443 1777 1591 1809 ordinatus,
1615 1777 1643 1804 in
1663 1778 1753 1804 eodem

1003 1825 1095 1852 ordine
1109 1825 1282 1852 constituatur
1302 1831 1311 1850 :
1332 1827 1360 1849 ut
1383 1823 1406 1850 si
1425 1830 1481 1849 vere
1501 1826 1539 1849 est
1561 1823 1707 1857 episcopus,
1720 1823 1753 1850 tit

1002 1872 1148 1906 episcopus.
1169 1869 1220 1902 Qui
1243 1877 1300 1896 vero
1315 1870 1384 1903 apud
1396 1867 1525 1895 Catharos
1538 1869 1673 1902 episcopus
1690 1868 1751 1903 fuit,

1004 1919 1038 1944 sit
1056 1916 1256 1951 chorepiscopus
1280 1915 1318 1942 vel
1334 1915 1489 1949 presbyteri,
1511 1914 1551 1941 uel
1564 1914 1678 1949 episcopi
1703 1915 1752 1941 ho-

1002 1971 1065 1990 nore
1079 1963 1201 1998 gaudeat.
1216 1960 1250 1989 In
1266 1969 1318 1988 una
1333 1961 1403 1988 enim
1417 1960 1526 1988 ecclesia
1542 1961 1595 1987 duo
1607 1968 1659 1987 non
1675 1965 1751 1988 erunt

1001 2016 1126 2044 episcopi.

1002 2140 1042 2168 Ex
1066 2139 1099 2167 iis
1123 2139 1168 2175 qui
1189 2139 1223 2166 ad
1247 2143 1367 2167 sanctam
1391 2138 1554 2167 catholicam
1575 2143 1602 2167 et
1623 2140 1751 2174 apostoli-

129 2189 192 2224 λικῇ
208 2189 255 2216 καὶ
269 2189 434 2224 ἁποστολικῇ
454 2188 604 2225 Ἐκκλησία
620 2189 644 2215 οἱ
659 2189 708 2224 μὲν
723 2189 911 2224 βαπτίζονται,

968 2192 1026 2212 eam
1044 2184 1090 2212 Dei
1106 2183 1254 2212 Ecclesiam
1268 2183 1391 2217 veniunt,
1404 2183 1525 2211 nonnulli
1540 2183 1648 2218 quidam
1664 2183 1753 2218 bapti-

130 2236 154 2262 σί
174 2235 202 2262 δὲ
232 2235 311 2271 μύρῳ
334 2234 468 2270 χρίονται,
495 2235 520 2261 oi
541 2234 569 2261 δέ
587 2235 667 2269 μόνον
683 2234 911 2271 ἀναθεματίζουσι

130 2280 180 2314 τὴν
195 2280 261 2306 ἰδίαν
275 2280 322 2306 καὶ
336 2281 429 2306 πᾶσαν
442 2279 526 2315 ἄλλην
545 2279 661 2315 αἵρεσιν.
677 2280 709 2307 Ol
732 2280 798 2314 γοῦν
820 2280 913 2307 δελεα-

132 2326 239 2356 σθέντες
254 2325 306 2352 ὑπὸ
329 2325 376 2351 τοῦ
390 2325 528 2356 Ναυάτου,
545 2325 593 2352 καὶ
608 2325 731 2360 Καθαροὶ
746 2325 811 2361 παρ’
828 2326 911 2353 αὑτοῦ

129 2371 336 2405 ὀνομασθέντες,
351 2370 389 2402 ὡς
406 2370 443 2406 μὴ
458 2370 666 2405 καταδεχόμενοι
693 2370 741 2406 τήν
765 2371 912 2406 μετάνοιαν

129 2416 412 2452 τῶνὰμαρτησόιντων,
421 2416 518 2442 καὶτὸν
525 2416 649 2453 δεύτερον
655 2417 743 2452 γάμον
752 2417 910 2452 κωλύοντες,

128 2461 177 2488 ἐὰν
189 2462 222 2497 τῇ
241 2460 386 2496 Ἐκκλησία
399 2460 575 2496 προσέλθωσι,
588 2461 636 2487 καὶ
654 2461 842 2496 ὁμολογήσωσι
863 2462 911 2488 καὶ

128 2506 261 2541 διγάμους
268 2506 478 2540 παραδέχεσθαι,
493 2507 607 2539 καὶτοῖς
621 2507 802 2543 ἁμαρτήμασι
827 2515 911 2542 μεταρ-

126 2553 240 2587 νοήσασι
261 2552 423 2585 συγχωρεῖν,
438 2551 486 2578 καὶ
501 2550 594 2583 ἁπλῶς
609 2552 675 2579 πᾶσι
694 2553 750 2584 τοῖς
761 2552 909 2588 ἐκκλησια-

127 2596 229 2627 στικοϊς
247 2594 439 2622 ἐπακολουθεῖν
457 2596 587 2630 δόγμασι,
605 2597 653 2631 τὴν
678 2597 747 2624 ἰδίαν
770 2597 910 2632 ἀναθεμα-

125 2642 248 2675 τίξοντες
277 2641 383 2676 αἵρεσιν
397 2643 445 2669 καὶ
469 2643 517 2675 τὰς
531 2643 623 2676 ἄλλοις,
651 2643 908 2679 προσδεχθήσονται,

125 2688 173 2714 καὶ
190 2687 264 2722 μόνῳ
278 2687 317 2721 τῷ
332 2687 402 2722 ἁγίῳ
419 2688 497 2724 μύρῳ
518 2688 722 2724 χρισθήσονται.
738 2688 794 2715 Καὶ
810 2689 834 2715 εί
858 2688 909 2724 μέν

125 2741 196 2765 τινες
215 2733 305 2759 αὐτῶν
319 2734 388 2760 είσιν
405 2734 421 2768 ἢ
450 2734 596 2761 ἐπίσκοποι
608 2734 625 2769 ἢ
653 2734 864 2771 χωρεπίσκοποι,
878 2735 908 2761 ἐν

125 2780 159 2813 τῇ
175 2779 243 2814 αὐτῇ
260 2778 341 2805 πάλιν
353 2778 417 2815 ἀξίᾳ
434 2779 571 2814 μενοῦσιν,
587 2781 611 2806 εί
627 2781 663 2815 μή
678 2789 730 2807 που
746 2781 775 2807 ἐν
789 2781 822 2815 τῇ
837 2781 906 2816 αὒτῇ

126 2825 201 2853 πόλει
231 2825 327 2858 ἔτερος
353 2825 500 2857 ἐπίσκοπος
530 2824 580 2860 τῆς
612 2824 759 2862 καθολικῆς
791 2826 906 2860 Ἐκκλη-

302 2871 438 2902 Ριτῐιοῐι.
458 2874 515 2902 ΟΒ.
538 2869 717 2903 CXXXVII.’

964 2235 1071 2264 tantur,
1094 2230 1138 2258 alii
1159 2234 1247 2258 autem
1275 2234 1412 2265 unguento
1438 2229 1589 2262 illinuntur,
1613 2229 1658 2256 alii
1689 2236 1752 2257 vero

964 2277 1051 2304 solum
1071 2284 1147 2303 suam
1164 2280 1192 2304 et
1205 2276 1285 2303 aliam
1296 2283 1402 2303 omnem
1423 2275 1549 2303 haeresim
1565 2280 1750 2303 exsecrantur.

963 2321 1014 2354 Qui
1048 2321 1139 2356 itaque
1170 2328 1186 2348 a
1207 2320 1311 2349 Novato
1337 2321 1441 2356 decepti
1465 2325 1492 2349 et
1516 2320 1628 2349 Cathari
1657 2321 1692 2349 ab
1718 2329 1752 2349 eo

962 2367 1097 2396 nominati
1114 2372 1178 2395 sunt
1194 2372 1223 2395 ut
1241 2367 1456 2402 resipiscentiam
1473 2374 1566 2395 eorum
1585 2367 1631 2401 qui
1657 2374 1754 2401 pecca-

963 2418 1027 2441 runt
1047 2420 1100 2441 non
1124 2413 1286 2448 recipientes
1311 2417 1338 2440 et
1361 2413 1493 2440 secundas
1509 2413 1683 2448 prohibentes
1700 2421 1752 2440 nu-

962 2459 1044 2494 ptias,
1061 2459 1083 2486 si
1097 2460 1130 2486 ad
1150 2458 1298 2486 Ecclesiam
1315 2459 1448 2492 venerint,
1467 2463 1495 2486 et
1511 2458 1628 2487 confessi
1649 2457 1750 2486 fuerint

962 2511 992 2531 se
1003 2508 1031 2531 et
1053 2504 1172 2538 digamos
1185 2504 1368 2536 admissuros,
1382 2507 1410 2532 et
1425 2503 1458 2531 iis
1480 2511 1550 2538 quos
1573 2507 1744 2538 peccatorum

961 2549 1086 2585 paenituit
1102 2550 1206 2577 veniam
1223 2551 1332 2578 daturos
1343 2554 1370 2578 et
1393 2550 1483 2577 omnia
1499 2557 1610 2584 prorsus
1626 2549 1753 2577 ecclesia.

961 2597 1028 2624 stica
1052 2597 1243 2625 observaturos
1265 2597 1402 2633 dogmata,
1418 2601 1446 2625 et
1467 2603 1544 2625 suam
1570 2600 1598 2624 et
1614 2596 1682 2624 alias
1704 2603 1752 2623 ex-

961 2647 1101 2671 secrantes
1122 2643 1240 2672 haereses
1263 2644 1449 2676 admittentur,
1477 2648 1505 2671 et.
1530 2647 1634 2671 tantum
1659 2649 1754 2671 nncto

960 2694 1097 2723 unguento
1113 2689 1262 2717 illinentur.
1278 2689 1312 2717 Et
1328 2690 1350 2718 si
1366 2690 1474 2725 quidem
1487 2689 1571 2724 aliqui
1587 2696 1681 2717 eorum
1697 2690 1754 2719 sint

959 2735 1077 2771 episcopi
1091 2740 1139 2763 aut
1148 2735 1344 2772 chorepiscopi,
1357 2736 1382 2763 in
1392 2735 1484 2763 eadem
1494 2743 1589 2763 rursus
1604 2737 1750 2764 manebunt

960 2780 1104 2816 dignitate,
1119 2781 1170 2809 nisi
1187 2781 1257 2809 forte
1274 2781 1301 2808 in
1318 2781 1413 2809 eadem
1436 2780 1547 2809 civitate
1566 2781 1636 2810 alius
1659 2783 1755 2810 catho-

963 2827 1021 2856 licae
1037 2827 1164 2856 Ecclesiae
1185 2828 1340 2857 inveniatur
1356 2827 1511 2863 episcopus.
1531 2833 1594 2857 ante
1611 2829 1754 2859 adventum

1576 2873 1593 2904 9
