1951 3067
116 149 166 183 269

148 204 300 240 σίιμένων,
317 202 406 230 τοῦτο
420 203 456 229 οὐ
480 202 634 236 προκρίνει
657 200 697 233 τῷ
725 200 832 227 κανόνι
861 198 902 231 τῷ
915 201 939 229 Α

147 248 392 284 ἐκκλησιαστικῷ
408 247 475 283 (56).
491 245 690 287 Tripodes-ssc
713 245 769 280 γὰρ
795 247 898 272 καθαι-

144 297 281 330 ροῦνται.
293 304 300 310 ·
770 296 772 298 ⁷

147 343 245 370 ΒΑΛΣ.
259 342 329 374 Τοὺς
341 340 520 377 ἀρνησιθέους
529 338 727 376 μετανοοῦντας
742 337 898 373 εἰλικρινῶς

113 387 254 423 δεχόμεθα,
273 387 398 422 ἱερᾶσθαι
413 387 441 413 δὲ
457 386 487 413 οὔ
509 384 740 421 παραχωροῦμεν,
764 384 833 411 ἀλλὰ
851 383 898 410 καὶ

114 433 261 468 κληρικοὺς
280 433 361 464 ὄντας
377 430 677 467 καθαιροῦμεν,καθὼς
707 429 787 456 τοῦτό
816 437 899 464 φησιν

114 479 128 506 ὁ
142 478 180 514 ξβ¹
192 478 373 510 ἀποστολικδς
392 478 493 504 κανών.
512 477 545 503 Et
557 485 629 507 τινες
643 476 709 510 γοῦν
735 476 768 502 ἐκ
796 474 899 502 τούτων

116 524 368 560 ἐχειροτονήθησαν,
383 522 554 557 ἀγνοούντων
604 521 658 547 τῶν
693 520 898 555 χειροτονησάν-

114 578 176 600 των,
209 569 285 603 ἢκαὶ
297 568 418 600 εἰδότων,
458 567 528 602 μετὰ
557 567 705 600 διάγνωσιν
731 564 898 600 καθαιρεθή-

115 623 215 647 σονται,
228 615 265 647 ὡς
282 615 320 650 μὴ
331 613 517 649 ὠφελούμενοι
535 613 567 639 ὲκ
583 613 632 647 τῆς
651 611 830 647 χειροτονίας,
845 610 899 636 κᾶν

113 660 142 686 ὲν
156 660 260 695 είδήσει
301 659 348 686 τοῦ
392 659 634 694 χειροτονήσαντος
662 656 732 691 αὕτη
776 655 897 689 γέγονεν.

116 707 195 738 Ἴσως
224 707 278 742 γὰρ
305 704 367 732 εἶπέ
383 715 423 737 τις
451 704 614 739 ὠφελεῖσθαι
637 703 735 734 αὐτοὺς
761 702 814 728 ἀπὸ
850 701 898 728 τοῦ

113 753 335 788 χειροτονηθῆναι
351 752 427 787 παρὰ
451 751 604 786 ἀνθρώπων
631 750 741 777 εἰδότων
753 749 783 775 τὸ
794 747 898 775 τούτων

113 799 275 834 ἁμάρτημα,
291 799 337 825 καὶ
347 795 402 824 οἷον
416 797 654 832 συγχωρησάντων
669 796 735 822 αὐτὸ
773 795 818 821 διὰ
842 795 893 829 τῆς

113 845 289 880 χειροτονίας.
304 844 397 871 Ταῦτα.
427 843 456 870 δὲ
484 843 547 878 περὶ
561 843 655 878 ἱερέων
700 841 747 868 καὶ
766 840 897 867 διακόνων

112 878 163 916 ναὶ.
173 889 274 916 λοιπῶν
301 888 462 924 ἐκληπτέον,
495 888 525 914 ού
552 887 604 923 μὴν
630 887 696 922 περὶ
725 885 894 912 ἐπισκόπων.
913 878 935 908 Β

113 935 180 970 Περὶ
202 934 305 961 τούτων
320 935 374 969 γὰρ
389 934 466 969 ζήτει
477 933 524 959 τὸν
541 933 575 968 ιβ’
591 932 693 959 κανόνα
705 932 754 966 τῆς
769 932 800 958 ἐν
835 930 897 965 Ἀγ-

112 983 183 1017 κύρᾳ
199 982 308 1009 συνόδου
323 982 372 1008 καὶ
391 982 425 1007 τὰ
440 982 468 1007 ὲν
481 980 557 1016 αὗτῷ
570 980 722 1016 γραφέντα.

147 1028 268 1055 ΖΩΝΔΡ.
281 1028 350 1059 Τοὺς
362 1027 408 1053 τὸν
427 1027 530 1062 Κύριον
545 1026 623 1061 ἡμῶν
646 1025 751 1060 Ἰησοῦν
779 1024 898 1059 Χριστὸν

111 1074 330 1108 ἀρνησαμένους,
346 1072 406 1100 εἶτα
429 1072 649 1107 μετανοήσαντας
680 1071 719 1102 είς
749 1071 899 1106 ἱερωσύνην

111 1121 285 1154 προάγεσθαι
301 1120 331 1145 οὺ
349 1121 412 1155 χρή.
428 1120 488 1151 Πῶς
501 1120 556 1154 γὰρ
569 1119 660 1153 ἱερεὺς
674 1118 776 1150 ἔσεται,
801 1116 830 1148 ὃς
843 1117 898 1143 τῶν

112 1166 293 1200 ἁγιασμάτων
307 1165 350 1192 διὰ
368 1166 426 1200 βίου
443 1165 493 1191 οὐκ
517 1164 653 1197 ἀξιοῦται,
680 1164 705 1190 εἰ
734 1162 771 1198 μὴ
800 1163 829 1189 ὲν
859 1161 898 1197 τῷ

112 1212 222 1247 θανάτῳ
237 1211 319 1239 αὐτοῦ
334 1219 342 1244 ;
362 1213 386 1237 εί
401 1211 423 1238 δ’
446 1212 510 1240 ίσως
523 1211 685 1244 ἀγνοοῦντος
715 1209 762 1236 τοῦ
779 1217 898 1244 χειροτο-

110 1258 221 1289 νοῦντος
236 1258 252 1290 ἢ
270 1258 317 1284 καὶ
335 1258 437 1289 εἰδότος
459 1257 610 1292 ἱερωσύνης
625 1255 768 1291 ἀξιωθείη,
802 1255 899 1281 καθαι-

112 1302 223 1337 ρεθῆναι
235 1302 326 1334 αὑτὸν,
339 1303 363 1328 εί
377 1302 447 1337 μετὰ
461 1301 549 1328 ταῦτα
580 1301 727 1336 γνωσθείη,
758 1301 772 1327 ὁ
802 1300 899 1335 παρὼν

110 1348 202 1375 κανὼν
214 1348 398 1375 διατάττεται.
413 1347 450 1374 Τὸ
466 1347 520 1382 γὰρ
539 1347 667 1381 ἀθέσμως
695 1347 844 1381 γενόμενον
859 1346 899 1380 τῷ

111 1394 205 1420 κανόνι
220 1394 250 1420 οὑ
263 1394 416 1429 προκρίνει,
447 1393 510 1421 ἀντὶ
522 1393 581 1425 τοῦ,
610 1393 661 1420 οὐκ
690 1393 843 1428 ἐμποδίζει,
868 1393 898 1419 οὐ

111 1440 227 1475 βλάπτει

110 1532 225 1558 ΛΡΙΣΤ.
249 1533 281 1558 οι
305 1532 579 1566 παραπεπτωκότες
609 1530 665 1566 (57)
699 1529 718 1564 ἢ
746 1528 853 1563 ἀγνοίᾳ
879 1527 899 1561 ἢ

146 1578 256 1612 γνώσει
270 1576 330 1604 τῶν
340 1576 633 1612 χειροτονησάντων,
656 1575 706 1602 καὶ
732 1574 898 1609 προαχθέν-

145 1633 206 1656 τες,
223 1624 495 1657 καθαιρείσθωσαν.

148 1671 207 1698 Κᾶν
220 1671 357 1706 ἠγνόησαν
372 1670 397 1697 οἱ
412 1669 655 1705 χειροτονήσαντες
674 1667 728 1696 τῶν
740 1675 897 1704 χειροτονηα

109 1716 214 1743 θέντων
226 1717 261 1742 τὰ
274 1717 446 1750 πταίσματα,
459 1715 532 1750 qua!
541 1715 570 1741 ὲν
584 1714 685 1749 είδήσει
696 1713 798 1740 τούτων
811 1713 898 1746 ὅντες,

110 1762 324 1798 παρεῦλέψαντο
361 1760 459 1792 ταῦτα,
484 1760 522 1795 τῷ
550 1758 772 1795 ὲκκλησιαστικῷ
808 1759 899 1786 κανόνι

110 1809 192 1835 τοῦτο
204 1809 234 1834 οὐ
252 1808 329 1842 φέρει
343 1807 505 1842 κατάκριμα
521 1815 528 1822 ⁸
551 1806 621 1833 ἀλλὰ
644 1805 690 1832 καὶ
725 1805 795 1840 μετὰ
820 1805 900 1831 τοῦτο

110 1854 280 1889 γνωσθέντες
303 1853 329 1879 οί
354 1852 601 1887 χειροτονηθέντες,
624 1851 661 1882 ὡς
677 1851 898 1886 ἀμαρτήσαντες,

110 1898 372 1934 καθαιρεθήσονται.

418 1944 537 1972 ΚΑΝΩΝ
549 1944 600 1971 IA’.

109 1992 181 2026 Περὶ
195 1991 253 2019 τῶν
271 1992 468 2026 παραϐάντων
492 1989 582 2026 χωρίς
609 1987 746 2023 ἀνάγκης
763 1989 782 2023 ἢ
810 1988 900 2023 χωρὶς

146 2039 332 2073 ἀφαιρέσεως
354 2038 562 2072 ὑπαρχόντων,
578 2036 597 2070 ἢ
615 2035 705 2070 χωρὶς
743 2035 900 2068 κινδύνου,

151 2085 170 2120 ἥ
182 2094 264 2118 τινος
274 2084 422 2117 τοιούτου,
438 2083 453 2110 ὃ
469 2082 593 2118 γέγονεν
602 2082 651 2108 ἐπὶ
661 2081 716 2116 τῆς
724 2080 900 2115 τυραννίδος

147 2131 292 2158 Λικινίαν
305 2130 393 2162 ἔδοξε
410 2129 446 2163 τῇ
457 2128 587 2160 συνόδῳ,
596 2130 621 2154 εὶ
630 2128 679 2155 καὶ
688 2127 805 2160 ἀνάξιοι
820 2125 901 2162 ἦσαν

148 2177 384 2212 φιλανθρωπίας.
397 2176 475 2211 ὅμως
490 2175 740 2210 χρηστεύσασθαι
765 2176 808 2206 εὶς
844 2175 899 2200 αὐ-

149 2223 229 2254 τούς.
253 2223 340 2248 Ὅσοι
354 2222 410 2248 οὖν
424 2222 556 2256 γνησίως
577 2219 812 2256 μεταμελῶνται,
834 2220 899 2255 τρία
915 2222 938 2250 Ι)

149 2268 202 2301 ἐτη
219 2268 255 2294 ἐν
284 2268 485 2302 ἀκροωμένοις
509 2267 695 2301 ποιήσουσιν
723 2267 763 2300 ὡς
786 2266 898 2298 πιστοὶ,

152 2315 200 2340 καὶ
222 2313 298 2340 ἑπτὰ
335 2314 388 2347 ἐτη
417 2314 643 2341 ὑποπεσοῦνται
663 2322 670 2330 ·
699 2313 754 2340 δύο
789 2313 823 2339 δὲ
847 2314 898 2347 ἐτη

150 2360 240 2395 χωρὶς
261 2360 435 2395 προσφορᾶς
465 2360 689 2395 κοινωνήσουσι
712 2359 753 2392 τῷ
765 2359 828 2392 ,λαῷ
839 2360 899 2386 τῶν

150 2405 259 2441 εὐχῶν.

627 143 668 174 IN
687 142 770 174 CAN.
790 141 834 173 XI
851 140 955 173 CONC.
975 140 1112 172 NIC/EN.
1132 141 1158 173 1,

1680 136 1732 167 270

987 197 1163 225 ecclesiastico
1189 196 1284 224 tanoni
1314 204 1367 223 non
1411 194 1587 230 praeiudicat.
1614 193 1640 220 Ii
1664 194 1733 221 enim

985 245 1081 278 cogniti
1095 245 1271 278 deponunlur.

984 334 1082 362 BALS.
1110 334 1163 362 Eos
1183 334 1228 368 qui
1263 333 1346 360 Deum
1378 335 1552 367 negaverunt.
1574 330 1598 359 si
1627 331 1734 361 sincere

949 380 1136 415 paenitentiam
1160 383 1253 414 agunt,
1274 378 1437 412 recipimus,
1464 377 1496 404 ad
1525 384 1617 404 sacros
1644 380 1733 404 autem

948 425 1058 452 ordines
1074 431 1122 451 eos
1137 431 1190 451 non
1207 423 1387 455 admittimus,
1403 423 1451 450 sed
1472 427 1509 453 et,
1527 421 1549 449 si
1565 421 1620 448 sint
1628 420 1733 452 clerici,

949 467 1108 504 deponimus
1121 488 1128 501 ,
1153 474 1182 496 ut
1203 468 1268 496 dicit
1286 468 1322 495 (i2
1336 467 1500 503 apostolicus
1524 474 1622 495 canon.
1639 465 1668 493 Si
1688 467 1733 501 qui

949 521 1013 550 ergo
1031 521 1064 541 ex
1077 515 1136 541 istis
1153 513 1272 541 ordinati
1291 518 1366 548 sunt,
1383 513 1477 541 insciis
1491 513 1544 541 illis
1559 513 1605 548 qui
1622 513 1734 540 ordina-

948 564 1026 592 runt,
1054 559 1097 586 vel
1111 559 1192 586 etiam
1211 559 1368 592 scientibus,
1388 562 1532 594 pestquam
1552 558 1579 586 id
1599 558 1735 593 cognitum

949 605 1040 634 fuerit.
1056 605 1233 639 deponentur,
1248 609 1277 631 ut
1289 604 1336 639 qui
1346 612 1378 631 ex
1391 604 1562 632 ordinatione
1573 610 1625 631 nan
1638 603 1736 638 juven-

948 653 1003 683 tur,
1031 651 1095 678 licet
1115 651 1173 686 ipsa
1195 650 1299 678 sciente
1325 650 1371 678 illo
1394 649 1441 685 qui
1464 649 1583 680 ordinat.
1599 648 1671 676 facta
1688 648 1734 676 sit.

948 695 1044 724 Posset
1054 696 1124 723 enim
1134 695 1250 724 fortasse
1262 696 1361 731 aliquis
1371 696 1462 724 dicere
1471 695 1533 723 illos
1544 695 1645 730 iuvari,
1656 703 1689 722 ex
1703 701 1736 722 eo

948 741 1020 777 quod
1035 742 1069 770 ab
1087 741 1242 769 hominibus
1258 746 1349 769 essent
1367 741 1496 774 ordinati,
1520 741 1616 776 quibus
1640 747 1735 767 eorum

948 792 1090 823 peccatum
1102 787 1239 821 cognitum
1250 787 1311 820 fuit,
1320 788 1398 822 ctqui
1409 795 1457 822 per
1464 787 1660 814 ordinationem
1670 786 1735 814 illud

948 833 1146 868 quodammodo
1160 834 1353 868 permiserunt.
1369 832 1432 861 Haec
1447 837 1536 860 autem
1561 833 1594 860 de
1608 832 1737 860 sacerdo-

950 879 1021 907 tibus
1037 883 1066 907 et
1088 878 1210 907 diaconis
1223 883 1250 907 et
1265 879 1377 914 reliquis
1396 883 1461 907 sunt
1480 879 1663 914 intelligenda,
1682 885 1735 905 non

947 930 1038 953 autem
1058 926 1090 953 de
1114 925 1264 960 episcopis,
1287 925 1322 953 de
1339 925 1373 952 iis
1398 925 1470 952 enim
1501 931 1593 960 quaere
1616 932 1679 952 can.
1702 924 1736 952 12

947 971 1043 1007 synodi
1059 971 1086 998 in
1103 971 1222 1006 Ancyra,
1237 975 1264 998 et
1276 978 1335 1005 quae
1348 971 1375 997 in
1392 977 1425 998 eo
1444 970 1545 1006 scripta
1560 975 1632 998 sunt.

983 1027 1109 1055 ZONAR.
1126 1027 1176 1061 Qui
1190 1027 1330 1055 Christum
1349 1028 1493 1055 Dominum
1518 1027 1602 1056 semel
1618 1028 1738 1063 abnega-

949 1078 1055 1106 verunt,
1073 1073 1134 1100 licet
1153 1073 1363 1107 resipiscentes,
1380 1073 1412 1099 ad
1428 1080 1521 1100 sacros
1538 1072 1646 1100 ordines
1660 1074 1736 1101 evehi

950 1125 1002 1145 non
1022 1122 1138 1153 oportet.
1160 1118 1220 1151 Quo
1240 1122 1321 1154 pacto
1342 1125 1458 1153 namque
1475 1118 1623 1146 sacerdotis
1650 1119 1737 1146 oliicia

950 1164 1040 1197 obeat,
1065 1165 1107 1192 cui
1125 1170 1305 1200 praeterquam
1319 1169 1471 1192 extremum
1493 1165 1617 1200 spiritum
1635 1166 1736 1200 agenti,

950 1210 984 1237 ad
1002 1217 1142 1237 sacrorum
1158 1218 1300 1238 munerum
1321 1210 1524 1245 perceptionem
1541 1211 1662 1245 aspirare
1680 1211 1739 1238 nul-

949 1256 1056 1283 latenus
1084 1255 1172 1283 licet?
1195 1255 1272 1289 Quod
1295 1256 1318 1283 si
1341 1255 1403 1292 quis
1427 1256 1506 1290 forte,
1524 1264 1557 1284 eo
1574 1257 1619 1292 qui
1637 1257 1740 1285 creavit

951 1302 1047 1335 inscio,
1063 1307 1109 1329 aut
1129 1302 1211 1330 etiam
1227 1303 1344 1335 sciente,
1361 1303 1513 1330 sacerdotio
1528 1303 1625 1338 dignus
1641 1303 1740 1330 habea—

951 1352 1003 1382 tur,
1029 1348 1179 1382 hominem,
1208 1355 1237 1376 re
1259 1349 1405 1384 patefacta,
1420 1349 1464 1377 hie
1480 1356 1566 1377 canon
1587 1349 1684 1384 deponi
1697 1348 1740 1384 ju-

950 1394 1007 1422 bet.
1024 1393 1117 1429 Neque
1130 1394 1202 1421 enim
1216 1395 1286 1429 quod
1302 1399 1396 1422 contra
1419 1395 1507 1430 legum
1531 1395 1676 1423 interdicta
1699 1395 1739 1422 ef-

950 1438 1050 1467 fectum
1078 1444 1129 1472 est,
1155 1439 1253 1467 canoni
1280 1439 1467 1475 pra-judicium
1481 1439 1580 1473 aﬂ‘ert,
1613 1441 1664 1468 hoc
1685 1447 1738 1473 est,

950 1486 1022 1514 illius
1037 1487 1227 1514 auctoritatem
1247 1494 1299 1514 non
1318 1487 1452 1518 retundit,
1472 1495 1523 1514 nec
1536 1487 1616 1514 laedit.

951 1531 1064 1560 ARIST.
1073 1531 1125 1564 Qui
1140 1532 1208 1566 lapsi
1222 1535 1293 1564 sunt,
1320 1532 1374 1559 sive
1391 1532 1496 1564 insciis,
1510 1533 1561 1559 sive
1582 1533 1691 1560 consciis
1706 1534 1738 1560 iis

1012 1578 1058 1605 aui
1074 1586 1118 1605 eos
1130 1578 1299 1611 ordinarunt,
1313 1584 1336 1605 et
1352 1579 1476 1613 promoti,
1494 1579 1671 1612 deponantur;

985 1668 1114 1702 Quamvis
1136 1669 1181 1703 qui
1205 1676 1252 1696 eos
1275 1669 1402 1697 ordinant
1423 1665 1585 1705 eorum’qui
1610 1671 1740 1698 ordinau-

952 1720 996 1743 tur
1010 1714 1108 1743 delicta
1125 1715 1265 1749 ignorant,
1284 1715 1325 1743 vel
1340 1716 1420 1743 etiam
1441 1715 1558 1750 cognitis
1580 1718 1737 1751 connivent,

950 1763 1002 1790 hoc
1021 1761 1124 1789 nullum
1138 1761 1322 1790 ecclesiastico
1338 1762 1522 1790 canoniaii‘ert
1543 1763 1738 1798 pra-judicium,

951 1809 999 1836 sed
1026 1813 1053 1835 et
1075 1812 1169 1843 postea
1191 1808 1237 1843 qui
1258 1808 1376 1836 ordinati
1402 1814 1476 1842 sunt,
1499 1816 1626 1844 peccasso
1656 1810 1740 1846 depo-

951 1860 1059 1882 nentur.

1249 1943 1364 1972 CANON
1393 1944 1438 1972 XI.

951 1991 991 2018 De
1012 1991 1046 2017 iis
1065 1992 1109 2026 qui
1132 1991 1187 2018 sine
1219 1991 1391 2024 necessitate,
1424 1991 1464 2018 vel
1497 1991 1554 2018 sine
1581 1991 1739 2026 facultatum

987 2044 1096 2063 suarum
1117 2037 1260 2070 ablatione,
1278 2037 1317 2064 vel
1329 2037 1386 2064 sine
1406 2037 1460 2064 ulla
1479 2037 1605 2071 periculo,
1627 2038 1667 2065 uel
1687 2039 1737 2064 ali-

986 2091 1036 2118 qua
1064 2083 1193 2118 ejusmodi
1213 2084 1369 2117 transgressi
1390 2088 1462 2115 sunt,
1486 2083 1556 2118 quod
1577 2084 1624 2110 sub
1641 2082 1740 2111 Licinii

988 2129 1127 2165 tyrannide
1149 2129 1251 2164 factum
1282 2135 1337 2161 est.
1369 2130 1469 2164 synodo
1501 2130 1584 2156 visunt
1610 2134 1667 2163 est,
1690 2132 1739 2157 etsi

987 2176 1150 2203 humanitate
1167 2175 1269 2210 indigni
1290 2180 1371 2208 sunt;
1393 2176 1531 2202 clementia
1551 2179 1639 2203 tamen
1655 2176 1682 2202 in
1694 2184 1738 2203 eos

987 2222 1036 2249 uti.
1057 2221 1210 2256 Quicunque
1224 2229 1284 2256 ergo
1296 2229 1418 2257 germane
1430 2221 1580 2256 paenitentia
1595 2222 1738 2253 ducuntur.

989 2275 1040 2294 tres
1054 2275 1138 2294 annos
1158 2268 1227 2294 inter
1243 2268 1378 2295 auditores
1397 2269 1517 2302 exigenl,
1541 2271 1568 2293 ut
1585 2267 1688 2302 ﬁdeles,
1714 2273 1737 2294 et

988 2318 1084 2347 septem
1096 2313 1172 2340 annis
1187 2317 1384 2348 prosternamur
1396 2321 1406 2340 .'
1427 2313 1528 2340 duobus
1546 2317 1633 2340 autem
1650 2313 1737 2344 annis,

988 2363 1085 2396 absque
1103 2360 1244 2393 oblatione,
1272 2365 1348 2388 erum
1371 2361 1524 2388 orationum
1557 2368 1616 2387 cum
1641 2360 1737 2395 poeula

987 2407 1134 2440 participes.

729 2473 824 2504 Guill.
846 2473 1007 2513 Beveregii
1024 2475 1119 2503 notae.

150 2539 207 2576 (56)
223 2540 264 2576 Οὐ
287 2539 442 2576 προκρίνει
470 2538 510 2570 τῷ
542 2538 646 2565 κανόνι
669 2536 708 2569 τῷ
730 2537 895 2576 ἐκκλησια-

104 2573 216 2608 στικῷ.
232 2575 269 2601 Ex
286 2576 326 2602 Ius
336 2575 424 2601 verbis
445 2579 510 2601 satis
530 2579 623 2608 aperte
648 2577 753 2601 constat
777 2573 894 2606 aliquem

104 2617 246 2639 c.m0nem
264 2610 475 2637 ecclesiasticum
490 2615 551 2635 aute
567 2609 636 2636 hanc
665 2608 796 2642 synodum
826 2615 893 2633 con-

103 2650 237 2674 stitutum
253 2653 323 2678 esse,
337 2652 389 2679 quo
404 2650 511 2671 cautum
529 2643 626 2674 fuerat,
653 2648 683 2669 ut
702 2642 794 2679 clerici
824 2642 893 2679 lapsi

103 2681 242 2716 gradibus
257 2682 313 2707 suis
327 2677 537 2716 deponerentur.
555 2679 609 2705 Hoc
626 2683 717 2706 autem
740 2677 813 2704 nullo
838 2678 892 2716 alio

102 2712 274 2753 praesentem
302 2712 488 2753 antecedente,
518 2719 695 2753 praeterquam
726 2712 896 2753 sesag’esimo

101 2747 234 2780 secundo
249 2751 431 2785 apostolorum
469 2747 573 2776 canone
602 2747 737 2785 sancitum
762 2748 894 2785 legimus:

101 2789 145 2815 ad
165 2793 244 2820 quem
266 2783 406 2820 propterea
426 2785 519 2812 Patres
538 2786 588 2811 hoc
604 2784 662 2810 loco
679 2788 832 2820 respectum
849 2783 896 2808 hn-

101 2818 214 2853 buisse,
230 2818 369 2858 cuipiam,
388 2821 437 2847 nisi
457 2820 539 2846 nimio
553 2820 669 2858 partium
700 2818 792 2858 studio
806 2824 897 2858 Vocem-

99 2862 186 2889 cato,
201 2853 288 2890 primo
303 2857 400 2884 intuitu
416 2860 504 2890 patet;
520 2862 605 2889 usque
619 2855 697 2886 adeo,
709 2853 744 2880 ὐτ
767 2853 895 2887 antiquus

951 2535 1002 2562 iste
1015 2543 1101 2562 canon
1120 2534 1322 2562 ecclesiasticus
1336 2535 1379 2562 hic
1403 2536 1492 2563 denuo
1504 2536 1680 2564 conﬁrmatus
1708 2544 1736 2566 et

950 2571 1067 2606 ulterius
1094 2571 1243 2604 explicatus
1276 2570 1405 2606 rvideatur
1443 2572 1680 2606 (quemadmodum
1708 2574 1736 2600 in

949 2604 1108 2640 praefatione
1124 2606 1158 2632 ad
1178 2605 1342 2639 apostolicos
1369 2604 1487 2632 canones
1514 2607 1735 2641 praenotaviinus)

948 2647 1028 2675 quem
1038 2640 1164 2667 consulas
1181 2641 1271 2672 velim,
1288 2648 1340 2667 una
1368 2649 1429 2668 cum
1449 2641 1672 2668 annotationibus
1698 2640 1733 2669 ad

946 2676 1047 2703 dictum
1064 2680 1152 2709 apost.
1167 2683 1227 2702 can.
1243 2675 1290 2701 62.

986 2711 1042 2746 (57)
1064 2712 1097 2737 01
1111 2710 1391 2746 uapazszwxdtec.
1413 2709 1589 2746 llaicrAlexii
1617 2710 1735 2740 Aristeni

950 2744 1030 2779 hujus
1047 2747 1158 2772 canonis
1172 2744 1295 2779 Epitome
1309 2746 1335 2771 in
1348 2745 1453 2772 Justelli
1474 2745 1574 2773 Codice
1594 2747 1734 2774 desidera-

953 2785 1005 2807 lur.
1021 2780 1123 2816 _Verum
1138 2781 1164 2816 in
1180 2781 1323 2814 Symeonis
1338 2781 1480 2815 logotheta:
1494 2781 1611 2816 Syuopsi
1638 2782 1734 2810 iisdem

951 2814 1043 2852 verbis
1058 2815 1224 2852 concipitur,
1237 2822 1298 2852 quae
1311 2816 1353 2842 hic
1370 2814 1577 2852 imprimuntur;
1598 2816 1649 2845 nisi
1663 2818 1735 2852 quod

951 2850 998 2877 καί
1013 2855 1076 2878 ante
1093 2849 1277 2884 προαχθέντες
1293 2851 1318 2877 in
1329 2858 1359 2878 ea
1376 2849 1529 2878 omittatur.
