1951 3067
239 175 288 209 2‘71

861 172 999 203 'IHEOD.
1021 172 1113 201 B.\LS
1122 171 1219 201 AMON

1797 173 1865 204 272'

280 231 377 260 BALS.
409 231 444 258 62
469 237 556 258 canon
587 228 752 265 apostolicus
777 232 873 256 tractat
905 228 938 255 de
964 227 1017 254 cie.

1106 226 1208 253 ΒΔΑΣ.
1242 225 1271 253 '0
1287 225 1325 262 εβ⁹
1353 226 1534 258 ἁποστολικδς
1558 226 1647 255 κανὼν
1679 227 1862 263 διαλαμϐάνει

238 278 302 306 ricis
315 277 359 312 qui
373 283 420 311 per
435 275 489 303 vim
507 275 667 310 transgressi
692 278 772 301 sunt:
794 280 913 309 presens
928 277 1017 299 autent

237 330 335 354 canon,
354 321 387 349 de
402 321 435 348 iis
449 320 494 355 qui
510 321 569 348 sine
587 321 612 348 vi
627 320 765 348 Christum
783 323 971 354 negaverunt:
993 321 1021 345 et

238 368 305 395 dicit
321 374 367 394 eos
383 370 510 401 oportere
525 366 606 400 recipi
617 386 625 398 ,
643 366 664 393 si
679 372 806 401 germane
818 385 826 397 ,
847 364 873 392 id
887 368 929 392 est
947 370 1018 395 vere,

239 412 424 448 pmnitentiam
445 415 546 446 agant:
569 415 597 438 et
616 411 702 438 tribus
722 410 830 444 quidem
845 409 925 437 annis
949 412 1021 435 stare

238 463 315 486 extra
333 457 484 492 templum;
507 462 535 484 et
553 457 600 484 Dei
625 457 678 491 72
699 455 812 491 hymnos
832 455 925 482 audire
944 463 951 481 :
976 461 1020 481 se-

239 508 311 538 ptem
335 507 424 529 autem
444 502 524 529 annis
551 501 689 529 substerni
706 501 763 528 sive
783 500 853 527 intra
878 499 1019 526 ecclesiam

239 552 328 578 stare,
350 545 397 573 sed
428 549 487 580 post
510 545 661 576 ambonem,
677 549 705 572 et
735 551 796 571 cum
821 542 1022 570 catechumenis

239 593 324 620 exire.
349 592 488 626 Completo
516 595 605 618 autent
630 589 788 624 septennio,
815 596 875 616 cntn
900 587 1021 615 ﬁdelibus

239 638 346 672 quidem
360 645 412 664 una
428 635 783 671 comprecahunturintegre
795 643 801 662 :
812 638 874 669 post
884 633 1022 661 biennium

239 692 304 712 vero
323 683 395 719 digni
409 682 581 710 habebuntur
594 681 781 709 sacramentis.

277 772 404 801 ZONAR.
429 772 466 800 De
485 772 518 800 iis
545 771 589 807 qui
607 771 642 799 ob
672 769 827 798 violentiam
852 768 964 797 multam
997 771 1024 796 et

242 820 431 848 necessitatem
448 818 527 845 ﬁdem
547 822 689 853 negarunt,
706 816 750 844 alii
768 823 887 843 canones
904 817 1023 843 exstant.

240 865 289 893 llic
316 871 406 892 autem
429 871 476 892 eos
497 864 594 899 tangit,
621 863 666 897 qui
687 870 735 891 sua
755 862 894 889 voluntate
921 869 935 888 a
961 859 1023 888 ﬁdei

240 911 380 946 proposito
402 896 583 936 descit/erunt.
611 896 650 936 Alc
666 908 819 942 huiusmodi
838 907 946 942 quidem
972 906 1024 933 ho-
1040 896 1061 924 Β

241 958 339 989 mittes,
354 956 425 988 licet,
447 955 546 990 inquit,
564 955 688 988 indignos
706 953 794 987 venia,
813 953 837 980 si
859 957 949 980 tamen
965 958 1026 987 ger-

243 1010 320 1030 mana
340 1003 512 1036 pmnileutiu,
530 1001 580 1027 hoc
594 1005 653 1032 est,
677 1006 759 1031 vera,
786 1006 839 1026 non
863 998 924 1025 ﬁcta
939 1001 966 1024 et
987 997 1024 1024 si-

243 1048 341 1076 mulata
361 1048 420 1074 duci
437 1051 554 1078 constet,
573 1046 752 1079 ardoremque
767 1045 849 1072 anitni
866 1051 919 1070 non
933 1043 1025 1078 vulga-

243 1101 299 1120 rem
314 1100 369 1128 prae
390 1100 419 1120 se
441 1092 539 1124 ierant,
557 1099 591 1118 ex
610 1090 776 1125 indulgentia
800 1089 928 1117 videlicet
956 1097 1025 1123 qua.

242 1140 314 1171 dam.
332 1139 446 1166 ﬁdelium
464 1145 575 1166 numero
596 1137 735 1172 aggregari
750 1136 848 1171 placet.
868 1135 900 1162 Et
917 1136 1025 1162 mandat

243 1190 272 1212 ut
297 1184 440 1211 triennium
468 1183 576 1219 quidem
596 1183 665 1210 inter
687 1182 828 1210 audientes
845 1186 942 1215 agant,
963 1188 1024 1208 cum

242 1230 342 1264 quibus
362 1229 465 1258 scilicet
485 1233 562 1255 extra
581 1228 708 1262 templum
735 1227 840 1263 religati
869 1228 896 1254 in
922 1227 1024 1261 porticu

244 1276 404 1307 consistant,
426 1275 577 1309 divinisque
593 1274 741 1308 Scriptnris
756 1273 896 1301 audiendis
912 1277 1025 1306 Vacent,

244 1327 346 1355 Septem
359 1321 437 1348 annis
457 1321 483 1347 in
502 1320 686 1348 substratione
705 1319 768 1351 sint,
786 1320 836 1347 hoc
856 1323 908 1352 est,
933 1319 958 1346 in
980 1326 1027 1346 ec-

244 1368 354 1395 clesiam
366 1367 474 1402 quidem
491 1366 688 1401 ingrediantur,
705 1373 798 1393 verum
813 1370 874 1400 post
884 1365 1025 1392 umbonem

245 1418 329 1446 stent,
349 1417 377 1440 et
400 1420 459 1440 cum
482 1412 686 1440 catechumenis
712 1417 827 1445 exeant;
854 1411 964 1439 bietmio
986 1412 1029 1438 de-

1072 271 1139 306 περὶ
1153 271 1207 298 τῶν
1226 271 1297 298 κατὰ
1310 271 1372 307 βίαν
1386 272 1572 307 παραϐάντων
1598 272 1739 308 κληρικῶν
1753 280 1760 289 ·
1777 275 1791 300 ὸ
1828 275 1864 300 δὲ

1070 318 1170 353 παρὼν
1185 318 1252 354 περὶ
1265 318 1321 346 τῶν
1335 311 1421 354 χωρὶς
1434 319 1496 354 βίας
1523 320 1722 356 ἀρνησαμένων
1729 321 1776 348 τὸν
1789 322 1865 356 Χρι-

1071 363 1134 391 στόν
1148 371 1156 379 ·
1172 364 1218 390 καί
1231 373 1297 399 φησι
1308 363 1433 399 δέχεσθαι
1446 365 1569 398 τούτους,
1586 367 1706 400 γνησίως
1720 367 1779 402 ἦτοι
1792 368 1866 402 ἁληη

1071 409 1125 441 θῶς
1146 410 1366 444 μετανοοῦνταςο
1382 411 1429 437 καὶ
1445 411 1508 446 τρία
1538 411 1589 446 μὲν
1622 411 1669 446 ἔτη
1700 412 1753 444 ἔξω
1781 413 1864 440 ἵστα-

1073 455 1135 482 σθαι
1148 455 1196 482 τοῦ
1211 454 1287 487 ναοῦ,
1304 457 1351 482 καὶ
1375 456 1529 491 ἀκροᾶσθαι
1553 457 1608 484 τῶν
1632 457 1773 492 ὑμνῳδιῶν
1810 459 1864 485 τοῦ

1071 501 1149 531 Θεοῦ,
1161 500 1232 527 ἑπτὰ
1249 500 1277 527 δὲ
1292 500 1339 536 ἐτη
1353 501 1530 534 ὑποπίπτειν,
1555 502 1619 537 ἦτοι
1640 502 1767 530 ῐστασθαι
1784 503 1866 535 ἐντὸς

1072 547 1122 579 τῆς
1139 546 1301 580 ἐκκλησίας.
1317 546 1430 574 ὃπισθεν
1451 547 1543 583 μέντοι
1574 547 1621 574 τοῦ
1649 547 1790 582 ἄμσωνος,
1812 550 1866 576 καὶ

1073 592 1231 627 ὲξέρχεσθαι
1248 593 1318 626 μετὰ
1331 593 1385 619 τῶν
1413 593 1638 629 κατηχουμένων.
1665 594 1866 630 Πληρωθείσης

1072 637 1101 664 δὲ
1112 638 1161 672 τῆς
1178 637 1328 670 ἑπταετίας
1343 638 1518 670 συνεύξονται
1539 639 1589 673 μὲν
1602 639 1671 674 μετὰ
1686 640 1739 666 τῶν
1754 641 1867 668 πιστῶν

1073 681 1288 717 καθολὸκληρον,
1315 682 1370 709 τῶν
1392 682 1421 709 δὲ
1444 682 1623 718 ἁγιασμάτων
1651 683 1722 718 μετὰ
1758 683 1867 710 διετίαν

1073 727 1285 762 ἀξιωθησονται.

1110 772 1234 799 ΖΩΝΛΡ.
1248 772 1357 808 Ἕτεροι
1376 773 1426 807 μὲν
1447 773 1559 805 κανόνες
1574 773 1638 809 περὶ
1673 773 1728 801 τῶν
1754 774 1786 800 ἑκ
1801 774 1867 809 βίας

1075 818 1178 853 πολλῆς
1192 817 1240 845 καὶ
1254 818 1377 853 ἀνάγκης
1393 819 1594 854 ἀρνησαμένων
1624 819 1674 855 τὴν
1689 820 1782 846 πίστιν
1803 821 1868 847 δια-

1075 864 1235 900 γορεύουσιν
1247 872 1254 879 ·
1271 865 1285 891 6
1299 865 1328 891 δὲ
1341 864 1437 900 παρὼν
1454 866 1519 901 περὶ
1534 866 1589 892 τῶν
1618 867 1704 902 χωρὶς
1737 867 1866 902 ἀνάγκης

1075 910 1258 944 παραὸάντων
1273 909 1464 944 διαλαμϐάνει,
1481 910 1529 942 οὓς
1559 911 1609 938 καὶ
1642 911 1769 944 ἀναξίους
1794 910 1868 940 εἶναι

1075 954 1283 990 φιλανθρωπίας
1304 955 1397 989 φησίν.
1407 955 1477 981 Ἀλλ’
1496 955 1571 990 ὅμως
1587 955 1711 987 καὶτοὺς
1725 956 1868 988 τοιούτους

1076 1000 1121 1027 διὰ
1136 1000 1307 1035 χρηστότητα
1319 1001 1436 1035 δέχεται,
1451 1002 1475 1027 εί
1490 1001 1609 1036 γνησίως
1654 1002 1867 1036 μεταμέλονται,

1075 1044 1217 1070 τουτέστιν
1236 1044 1354 1079 ἀληθῶς,
1369 1043 1427 1071 ἀλλ’
1440 1044 1470 1071 οὺ
1485 1045 1570 1076 νόθως
1599 1046 1647 1072 καὶ
1677 1046 1867 1081 ἐψευσμένως,

1078 1090 1148 1124 μετὰ
1160 1089 1326 1126 θερμότητος
1343 1090 1371 1117 δὲ
1394 1091 1441 1117 καὶ
1485 1091 1641 1126 προθυμίας
1666 1092 1779 1126 πολλῆς.
1809 1092 1870 1118 Καὶ

1074 1136 1139 1170 τρία
1156 1135 1204 1170 μὲν
1223 1135 1271 1170 ἐτη
1298 1136 1449 1170 ἀκροᾶσθαι
1475 1137 1672 1170 διακελεύεται,
1708 1138 1792 1173 ἤγουν
1813 1137 1871 1170 ἔξω

1075 1181 1126 1216 τῆς
1143 1181 1293 1216 ἐκκλησίας
1321 1181 1448 1208 ίπτασθαι
1483 1183 1512 1209 ὲν
1535 1182 1574 1218 τῷ
1599 1182 1716 1218 νάρθηκι
1739 1183 1786 1210 καὶ
1813 1183 1872 1209 τῶν

1078 1228 1160 1254 θείων
1175 1227 1286 1255 ἀκούειν
1303 1227 1431 1263 Γραφῶν,
1445 1229 1515 1255 ἑπτὰ
1544 1228 1573 1255 δὲ
1598 1229 1647 1264 ἐτη
1689 1229 1871 1262 ὑποπίπτειν,

1078 1273 1138 1308 ἦτοι
1160 1272 1236 1304 ἐντὸς
1254 1272 1302 1307 μὲν
1317 1273 1365 1307 τῆς
1380 1273 1528 1308 ἐκκλησίας
1544 1273 1729 1309 είτέρχεσθαι,
1742 1274 1770 1300 ἐν
1783 1273 1813 1300 δὲ
1830 1273 1873 1308 τῷ

1079 1318 1191 1345 δπισθεν
1205 1319 1237 1354 μέ
1244 1319 1343 1354 ρειτοῦἐ
1353 1321 1479 1355 ἄμϐωνας
1496 1320 1620 1347 ῖστασθαι
1633 1321 1679 1347 καὶ
1688 1321 1787 1354 ἐξιέναι
1801 1320 1874 1354 μετὰ

1080 1364 1136 1392 τῶν
1153 1366 1268 1398 πιστῶν,
1280 1366 1317 1401 μὴ
1332 1367 1424 1402 μέντοι
1441 1369 1486 1393 καὶ
1500 1366 1548 1402 τῆς
1560 1367 1615 1393 τῶν
1631 1367 1806 1403 ἁγιασμάτων
1821 1375 1874 1402 με·

1083 1411 1227 1446 ταλήψεως
1244 1411 1398 1446 ἀξιοῦσθαι,
1413 1412 1466 1444 ἕως
1479 1413 1512 1440 ἃν
1526 1413 1544 1447 ἡ
1555 1413 1641 1440 διετία
1651 1413 1785 1450 παρέλθῃ.

247 1467 320 1487 tuum
340 1467 400 1486 cum
434 1459 556 1487 ﬁdelibus
583 1460 726 1486 stationem
752 1458 886 1489 habeant,
912 1464 1028 1491 cumque
1046 1456 1079 1484 iis
1103 1456 1253 1492 precationi
1291 1462 1404 1490 vacent,
1434 1464 1486 1485 non
1515 1462 1605 1484 tamen
1639 1457 1674 1484 Id
1713 1462 1873 1486 sanctorum

245 1506 454 1540 perceptionem.
474 1506 523 1533 nisi
538 1505 630 1540 elapso
652 1505 774 1533 decennii
793 1508 922 1538 tempore,
942 1503 1132 1530 admittuntur.

245 1552 357 1581 AlilST.
399 1551 530 1588 Quotquot
568 1552 636 1579 citra
662 1550 843 1578 necessitatem
876 1555 1022 1583 transgreu

1086 1549 1198 1577 ΔΡΙΣΤ.
1218 1549 1304 1576 Ὅσοι
1317 1549 1405 1584 χωρὶς
1421 1549 1554 1584 ἀνάγκης
1575 1549 1762 1584 παρέϐησαν,
1779 1551 1807 1578 ει
1823 1549 1874 1578 καὶ

280 1607 350 1632 sunt,
372 1600 475 1627 etiamsi
494 1599 569 1626 t-enia
589 1600 640 1625 sint
657 1599 776 1633 indigni,
812 1598 921 1633 aliquali
946 1602 1032 1624 tamen

282 1649 356 1675 renia
368 1647 469 1681 dignati
481 1644 618 1671 duodecim
631 1652 713 1671 annos
726 1648 938 1679 prosternamur.

282 1694 444 1728 Quicunque
456 1692 535 1718 tidem
550 1691 618 1718 citra
639 1691 829 1718 necessitatem
847 1691 1029 1724 ahnegarnnt,

251 1747 406 1776 quanquam
429 1738 598 1765 humanitate
633 1737 686 1764 sint
715 1737 834 1771 indigni,
857 1736 1034 1763 nihilominus

248 1785 337 1818 aliqua
356 1783 519 1818 indulgentia
540 1786 685 1810 censentur
707 1781 799 1816 digni,
824 1786 853 1808 ut
873 1782 918 1816 qui
944 1789 977 1808 cx
1001 1781 1034 1809 iis

249 1830 367 1864 legitime
390 1829 575 1864 ptenitentlam
605 1827 722 1863 egerint,
743 1831 798 1854 tres
822 1827 930 1861 quidem
947 1834 1034 1854 annos

250 1879 321 1905 inter
347 1877 491 1910 audientes
510 1875 567 1902 sive
587 1875 614 1901 in
636 1874 740 1901 foribus
759 1878 830 1901 stent
850 1873 982 1905 basilicis,
1007 1878 1035 1900 et

250 1924 355 1950 divinas
370 1922 525 1956 Scripturas
541 1921 659 1948 audiant.
675 1919 728 1946 Sed
737 1924 796 1954 post
810 1919 874 1947 illud
887 1919 1033 1947 triennium

251 1970 321 1996 intra
348 1968 469 1996 ecclesiae
501 1966 630 1994 ambitum
661 1965 888 1998 introducantur,
918 1970 945 1992 et
972 1973 1033 1992 eum

251 2014 489 2043 succumbentibus
512 2013 538 2040 in
563 2012 665 2047 postica
685 2012 808 2039 ambonis
831 2016 906 2047 parte
932 2017 1033 2047 septem

252 2069 337 2088 minus
351 2063 537 2094 permaneant.
557 2065 609 2086 una
630 2065 691 2085 cum
710 2058 967 2085 catechumenorum
988 2064 1036 2084 οιι

252 2107 411 2135 clamatione
421 2110 561 2133 exeuntes.
575 2105 609 2132 Et
623 2109 683 2140 pust
699 2104 867 2139 septenuium
889 2103 1033 2138 expletum,

254 2161 301 2188 per
319 2153 386 2180 alios
405 2152 472 2179 duos
487 2159 572 2180 annos
589 2159 641 2180 una
656 2159 717 2178 cum
734 2151 857 2178 ﬁdelibus
875 2150 1033 2182 consistant,

254 2198 395 2232 participes
409 2205 470 2225 eum
493 2198 534 2226 eis
551 2198 735 2233 precationum
750 2204 835 2230 usque
849 2196 883 2223 ad
898 2202 1034 2230 mystago-

1119 1593 1299 1629 συγγνώμης
1323 1592 1403 1628 ἦσαν
1433 1593 1563 1626 ἀνάξιοι,
1583 1594 1765 1629 συγγνώμης
1789 1598 1874 1630 τινὸς

1119 1640 1301 1675 ἀξιούμενοι,
1317 1639 1430 1667 δώδεκα
1457 1640 1509 1672 ἐτη
1522 1641 1779 1667 ὐποπιπτέτωσαν
1795 1642 1872 1677 (58).

1120 1686 1197 1713 Ὅσοι
1210 1687 1258 1721 τὴν
1289 1686 1380 1713 πίστιν
1409 1686 1605 1721 ἀπηρνήσαντο
1635 1687 1719 1722 χωρὶς
1747 1687 1875 1724 ἀνάγκης

1084 1732 1137 1759 κᾶν
1154 1732 1259 1765 ἀνάξιοι
1295 1732 1502 1767 φιλανθρωπίας
1519 1730 1599 1767 ἦσαν,
1616 1732 1690 1767 ὅμως
1705 1733 1875 1768 συγγνώμης

1084 1777 1156 1808 τινὸς
1173 1777 1310 1810 ἀξιοῦνται
1329 1784 1336 1791 ·
1349 1776 1420 1804 ὥστε
1443 1777 1507 1809 τοὺς
1521 1777 1638 1812 γνησίως
1667 1778 1697 1812 ἐξ
1711 1779 1800 1805 αὐτῶν
1823 1788 1876 1814 με·

1085 1823 1302 1859 ταμςλουμένους
1312 1823 1373 1859 τρία
1384 1824 1432 1859 μὲν
1443 1823 1488 1858 ἔτη
1499 1825 1527 1850 ἐν
1537 1825 1591 1855 τοῖς
1604 1825 1801 1859 ἀκροωμένοις,
1813 1825 1875 1861 ἦτοι

1085 1871 1113 1897 ὲν
1128 1872 1183 1902 τοῖς
1193 1871 1339 1905 βασιλικοῖς
1352 1871 1461 1897 ἑστάναι
1475 1871 1590 1904 πυλῶσι,
1607 1872 1654 1898 καὶ
1672 1871 1726 1898 τῶν
1746 1872 1828 1898 θείων
1846 1873 1876 1899 δὲ

1085 1916 1234 1952 ἀκροᾶσθαι
1245 1917 1370 1952 Γραφῶν.
1381 1916 1458 1943 Μετὰ
1469 1916 1516 1943 καὶ
1529 1916 1574 1943 τὸν
1587 1917 1678 1952 τριετῆ
1688 1917 1783 1953 χρόνον
1798 1918 1876 1944 ἔνδον

1084 1962 1133 1988 τοῦ
1156 1962 1304 1997 περιὸόλου
1320 1962 1370 1997 τῆς
1386 1961 1536 1996 ἐκκλησίας
1547 1961 1721 1997 είσαχθῆναι,
1737 1962 1785 1989 καὶ
1802 1963 1876 1998 μετὰ

1084 2007 1139 2035 τῶν
1151 2007 1359 2037 ὑποπιπτόντων
1367 2007 1396 2034 ὲν
1411 2007 1449 2042 τῷ
1461 2007 1577 2042 ἁπισθὶῳ
1594 2008 1672 2043 μέρει
1682 2008 1729 2034 τοῦ
1744 2008 1876 2042 ἅμόωνος

1085 2052 1157 2079 ἑπτὰ
1171 2052 1220 2087 ἐτη
1230 2051 1396 2085 διατελέσαι,
1409 2053 1444 2087 τῇ
1460 2052 1514 2079 τῶν
1539 2052 1755 2088 κατηχουμένων
1781 2053 1876 2088 ὲκφω·

1085 2099 1162 2133 νὴσει
1179 2097 1427 2133 συνεξερχομένους
1443 2106 1450 2114 ⁸
1463 2098 1510 2125 καὶ
1521 2098 1591 2133 μετὰ
1633 2099 1797 2133 παρέλευσιν
1824 2100 1874 2126 τοῦ

1087 2143 1237 2175 ἑπταετοῦς
1252 2143 1349 2179 χρόνου
1364 2144 1411 2170 ἐπὶ
1419 2144 1496 2171 δυσὶν
1508 2144 1598 2176 ἄλλοις
1616 2143 1691 2170 ἔτεσι
1713 2144 1782 2178 μετὰ
1815 2145 1873 2171 τῶν

1087 2191 1189 2218 πιστῶν
1199 2190 1248 2226 τὴν
1271 2190 1401 2217 σύστασιν
1416 2190 1555 2223 δέξασθαι,
1567 2190 1766 2229 κοινωνοῦντας.
1779 2191 1874 2223 αὺτοῖς

253 2244 324 2278 giam
349 2244 526 2277 completam,
548 2243 646 2271 divinae
667 2247 756 2270 autem
772 2241 969 2271 communionis
989 2249 1026 2268 nCl

1090 2236 1144 2262 τῶν
1182 2235 1344 2271 προσευχῶν
1380 2235 1461 2271 μέχρι
1491 2235 1718 2271 συμπληρώσεως
1749 2235 1800 2270 τῆς
1825 2245 1876 2271 p.0-

255 2291 315 2317 istis
335 2290 437 2318 duobus
453 2292 532 2318 annis
553 2291 700 2326 participes
716 2290 796 2317 ﬁant.
816 2289 869 2317 Sed
886 2288 919 2316 iis
938 2289 1024 2316 exacti

1088 2280 1244 2315 σταγωγίας
1260 2280 1310 2315 τῆς
1325 2280 1399 2312 θείας
1414 2281 1540 2316 μέντοιγε
1555 2281 1733 2316 μεταλήψεως
1748 2281 1809 2308 οὐδὲ
1826 2282 1875 2307 ἐπὶ

256 2341 285 2364 et
295 2337 485 2371 mysteriorum
499 2337 706 2372 participatione
719 2336 791 2372 digni
806 2336 988 2364 habebuntur.

552 2463 664 2492 CANON
691 2464 748 2492 ΧΗ.

259 2510 310 2543 Qui
325 2515 411 2538 autent
422 2520 438 2538 a
454 2511 541 2546 gratia
553 2512 656 2546 quidem
670 2512 778 2544 euocati,
797 2517 820 2538 et
834 2511 947 2545 priurum
963 2519 1038 2539 suum

291 2556 414 2583 arderent
441 2556 624 2589 ostenderunt,
656 2561 679 2582 et
707 2556 812 2590 cingula
848 2556 1037 2590 deposuerunt,

291 2607 381 2637 postea
403 2608 491 2629 autent
511 2607 540 2629 ut
561 2610 638 2629 canes
653 2602 688 2628 ad
707 2609 783 2628 suum
799 2602 923 2629 vomitum
943 2603 1037 2629 reversi

1087 2327 1143 2357 τοῖς
1153 2325 1215 2352 δυσὶ
1238 2326 1346 2356 τούτοις
1376 2327 1548 2361 μετασχῶσιν
1572 2327 1671 2354 ἐτεσιν.
1696 2326 1780 2353 Ἀλλὰ
1806 2327 1877 2362 μετά

1087 2372 1167 2398 τοῦτο
1183 2371 1293 2406 καὶτῆς
1329 2371 1448 2407 μετοχῆς
1475 2371 1529 2398 τῶν
1546 2372 1727 2408 ἁγιασμάτων
1754 2371 1876 2408 ἀξιωθήο

1088 2426 1191 2444 σονται.

1409 2461 1528 2488 ΚΑΝΩΝ
1544 2461 1594 2489 III.

1094 2509 1126 2535 οι
1144 2508 1177 2535 δὲ
1191 2507 1435 2542 προσκληθέντες
1452 2507 1511 2541 μὲν
1521 2508 1582 2534 ἀπὸ
1594 2508 1651 2541 τῆς
1680 2507 1813 2543 χάριτος,
1827 2507 1878 2534 καὶ

1125 2555 1183 2588 τὴν
1197 2555 1316 2589 πρώτην
1334 2553 1430 2588 ὁρμὴν
1445 2552 1662 2587 ἐνδειξάμενυι,
1687 2553 1738 2580 καὶ
1764 2553 1875 2581 ἀποθέ-

1123 2609 1209 2635 μενοι
1225 2601 1276 2634 τὰς
1292 2600 1383 2633 ζώνας
1399 2600 1465 2634 (59),
1486 2601 1561 2634 μετὰ
1580 2601 1614 2627 δὲ
1641 2600 1734 2628 ταῦτα
1760 2601 1810 2628 ἐπὶ
1823 2601 1876 2628 τὸν

870 2658 964 2689 Guill.
980 2659 1141 2698 Bcveregii
1160 2662 1255 2690 notw.

293 2709 348 2745 (58)
371 2709 646 2745 ’Υποπιπτέτωσαη
661 2708 717 2745 Vos
733 2707 784 2745 ista
810 2708 854 2735 hic
866 2707 921 2745 late
944 2708 1028 2735 sumi-

257 2743 302 2772 tur
317 2743 364 2778 pro
376 2745 447 2771 omni
472 2750 551 2777 pmna
565 2743 758 2776 ptenitentihus
777 2743 911 2776 imposita,
927 2751 1023 2776 usque-

256 2780 320 2806 dum
335 2779 366 2804 ad
387 2779 602 2805 communionem
620 2778 784 2812 recipiantur
801 2786 809 2804 :
827 2779 894 2804 adeo
920 2783 946 2804 ut
964 2778 1030 2804 ὑπο-

257 2814 433 2840 πιπτέτωσαν
447 2812 491 2839 hic
509 2813 578 2840 idem
594 2813 738 2847 signiﬁcat,
757 2812 827 2846 quod
845 2812 1030 2847 άφοριζὲσθω-

258 2857 318 2875 σαν.
334 2849 394 2879 Quo
410 2847 518 2881 quidem
537 2854 617 2874 sensu
633 2852 728 2874 unctor
743 2847 878 2881 Epitomes
898 2855 1029 2875 canonum

258 2891 288 2909 ca
305 2890 368 2910 vuce
382 2882 481 2916 smpius
501 2881 595 2910 utitur.
616 2881 692 2910 Unde
709 2882 754 2910 ubi
778 2882 873 2910 Patres
892 2882 993 2911 Μοιριιὶ
1006 2883 1034 2910 iu

1081 2709 1204 2743 proximo
1231 2716 1334 2736 canone
1346 2708 1450 2740 dicunt,
1462 2708 1530 2736 δέκα
1545 2708 1603 2744 ἐτηη
1622 2709 1876 2742 ὐποπιπτέτωσαν,

1082 2744 1108 2770 in
1122 2746 1238 2777 epitome
1257 2744 1379 2778 ejusdem
1396 2744 1510 2771 canonis
1540 2745 1582 2771 vis
1603 2744 1717 2772 istorum
1733 2746 1878 2774 verborqu

1083 2779 1244 2813 exprimitur
1257 2786 1304 2812 per
1317 2778 1557 2813 ἀφοριξέσθωσαν.

1119 2812 1180 2846 (59)
1198 2812 1254 2840 Καὶ
1264 2813 1442 2847 ἀποθέμενοι
1464 2814 1517 2846 τὰς
1534 2813 1640 2845 ζώνας.
1656 2813 1706 2840 Hic
1723 2815 1878 2843 ἀποθέσθαι

1089 2849 1140 2879 τὰς
1154 2848 1253 2880 ζώνας,
1273 2848 1345 2883 idem
1368 2853 1420 2879 est,
1437 2849 1508 2882 quod
1519 2848 1622 2875 militia:
1635 2849 1802 2883 renuntiare;
1823 2852 1878 2878 ίιωε

1089 2887 1178 2911 autem
1193 2883 1318 2917 loquendi
1334 2882 1451 2911 formula
1469 2883 1567 2912 exinde
1581 2888 1642 2911 orta
1655 2889 1710 2916 est,
1725 2882 1801 2918 quod
1815 2894 1876 2913 cunt
