1951 3067
218 128 274 159 2“”5

855 121 996 156 ΤΗΕΟΒᾸ
1017 123 1220 155 BALSAMON

1790 121 1847 152 976

219 183 301 212 etiam
320 182 422 211 caelesti
443 188 552 210 munere
563 184 692 214 vocatos.
711 183 791 215 atque
810 180 964 208 utsolidam
978 180 999 206 ir

1060 180 1121 215 ρίαν
1130 177 1337 214 ἐνδειξαμένων,
1355 177 1402 209 οὓς
1415 177 1462 205 καὶ
1477 177 1530 213 ὑπὸ
1547 177 1596 212 τῆς
1625 176 1702 208 Θείας
1721 177 1844 213 χάριτος

219 237 290 258 verte
307 229 366 256 ﬁdei
380 227 547 263 professione
560 227 741 255 constantiam
759 225 917 259 retinerent,
937 226 1006 253 divi-

220 275 292 302 nitus
310 274 483 301 conﬁrmatos
507 273 624 304 asserit.
649 273 746 300 deinde
772 277 874 300 mutato
892 272 1005 300 consilio

218 321 334 355 priorem
360 319 486 346 militiam
514 319 716 354 repetiverunt,
744 319 778 346 ad
806 325 920 353 eamque
954 318 1004 345 sibi

217 366 331 399 aditum,
349 365 392 393 vel
408 371 529 401 argento,
551 365 592 393 vel
613 365 755 393 beneﬁciis
777 365 873 392 iterum
891 371 1004 399 aperue-

217 416 292 439 runt.
310 412 347 439 Ac
369 412 473 447 argenti
489 411 596 446 quidem
617 411 726 438 nomine
741 411 853 445 pecunia
879 410 1006 445 intelligi-

219 463 271 490 tur,
304 457 430 486 beneﬁcii
461 465 542 491 vero,
568 457 696 492 quidquid
724 457 753 484 in
776 457 890 484 alterum
913 457 1006 490 gratim

215 503 446 539 benignitatisque
482 504 641 532 collocatur.
681 503 844 531 Beneﬁcium
888 510 1006 537 namque

215 550 311 577 Latina
327 557 378 577 vox
391 555 444 582 est,
457 550 626 585 εὐεργεσίαν,
639 549 661 577 si
679 549 773 577 Graece
784 549 1004 584 interpretemur,

215 595 351 622 indicans.
375 596 423 623 llle
445 603 509 623 vero
534 596 693 623 beneﬁcium
721 595 869 622 contulisse
894 594 1004 627 dicitur,

215 642 262 676 qui
282 642 324 668 vel
339 643 481 676 pecuniam
503 642 615 676 largitus
633 642 683 674 sit.
706 642 746 669 vel
764 641 1004 675 quomodocunqne

216 688 327 715 alterius
346 677 476 715 voluntati
498 689 700 715 obsecundarit.
724 687 790 714 Illud
810 691 899 713 autem
926 686 1004 719 plane

215 739 320 762 certum
334 738 387 766 est,
402 733 503 761 nemini
520 734 636 760 reditum
652 734 684 760 ad
701 732 852 761 istiusmodi
867 733 1002 764 militiam,

217 779 268 805 nisi
292 778 419 805 abdicata
445 778 576 813 religione
604 778 734 812 patuisse.
762 777 898 813 Ejusmodi
921 777 1003 812 igitur

216 824 380 858 hominibus,
397 829 455 860 post
467 824 613 852 triennium
632 825 703 851 inter
716 824 855 852 audientes
867 828 1002 855 exactum,

1056 224 1192 260 κληθῆναί
1217 232 1310 260 φησιν,
1326 222 1364 254 ὡς
1374 222 1409 249 δι’
1421 223 1529 257 ἐκείνης
1543 221 1766 257 ὲπιρῤωσθὲντας
1774 222 1848 258 πρὸς

1058 269 1108 305 τὴν
1124 270 1250 296 ἔνστασιν
1266 270 1314 304 τῆς
1332 268 1479 303 ὁμολογίας
1498 267 1550 301 τῆς
1583 267 1711 300 πίστεως,
1730 265 1790 293 εῐτα
1813 268 1847 294 ἐν

1058 316 1224 351 μεταμελείᾳ
1238 316 1395 350 γενομένων
1412 314 1460 341 καὶ
1473 311 1554 345 αὖθις
1566 315 1607 344 είς
1629 314 1680 348 τὴν
1704 314 1847 349 προτέραν

1056 363 1260 390 ἐπανελθόντων
1301 361 1458 397 στρατείαν,
1487 359 1534 386 καὶ
1556 359 1660 394 ταύτην
1697 360 1847 394 ἀργυρίοις

1055 409 1291 444 ἀνακτησαμένων
1307 408 1324 443 ἦ
1349 407 1528 443 βενεφικίοις.
1551 407 1601 434 Διά.
1637 406 1686 439 μὲν
1713 406 1767 441 γὰρ
1787 405 1848 432 τῶν

1056 457 1198 492 ἀργυρίων
1209 457 1338 491 δηλοῦται
1351 457 1384 483 τὰ
1395 458 1540 493 χρήματα,
1553 456 1599 483 διὰ
1615 455 1643 482 δὲ
1674 454 1731 481 τῶν
1767 454 1848 488 βενε-

1056 503 1156 537 φικίων
1169 503 1242 530 ἅπαν
1260 500 1331 534 εἶδος
1348 503 1460 538 χάριτός
1475 512 1505 529 τε
1531 503 1578 529 καὶ
1602 501 1764 534 δεξιώσεως.
1788 500 1849 533 Τῆς

1056 553 1110 586 γὰρ
1124 551 1246 578 Λατίνων
1268 550 1411 576 διαλέκτου
1438 546 1506 576 οὖσα
1529 550 1546 584 ὴ
1568 549 1653 581 λέξις,
1682 546 1848 581 εὐεργεσίαν

1055 596 1130 632 δηλοῖ
1140 596 1208 630 πρὸς
1229 594 1370 629 Ἑλληνίδα
1402 593 1663 630 μεθερμηνευομένη
1690 592 1844 619 διάλεκτον.

1056 642 1205 676 Εὐεργετεϊ
1224 641 1252 667 δέ
1273 640 1348 675 τιςῆ
1378 640 1508 675 χρήματα
1541 639 1679 673 παρέχων,
1713 638 1729 673 ἦ
1754 637 1847 668 ἄλλως

1055 687 1161 722 θέλημα
1175 687 1332 721 οῑονόήποτε
1348 685 1459 720 πληρῶν
1475 694 1557 716 τινος.
1590 685 1675 720 Δῆλον
1688 684 1716 710 δὲ
1733 684 1847 714 πάντως

1054 734 1094 760 ὅτι
1110 732 1198 764 οὐδεὶς
1210 732 1334 764 τοιοῦτος
1358 731 1636 766 ἀναστρατεύσασθαι
1651 730 1770 766 ἠδυνήθη
1799 730 1846 762 ἂν,

1055 778 1079 804 εἰ
1092 777 1130 812 μὴ
1150 778 1182 813 τῇ
1195 777 1284 814 πλάνῃ
1299 777 1437 804 συνέθετο.
1453 776 1522 808 Τοὺς
1539 776 1604 811 γοῦν
1619 777 1758 807 τοιούτους
1773 775 1847 810 μετὰ

1055 823 1105 858 τὴν
1130 822 1224 858 τριετῆ
1249 823 1382 857 ἀκρόασιν
1406 821 1453 848 ἐπὶ
1484 822 1626 849 δεκαετίαν
1652 822 1848 848 ὑποπίπτεινό

216 871 337 898 decennii
353 871 512 903 substratio,
533 875 558 898 et
574 878 634 897 cum
651 871 853 898 cateclmmenis
866 871 999 898 abscessic

1057 870 1148 897 κανὼν
1173 869 1357 902 διατάττεται,
1383 869 1430 896 καὶ
1464 869 1566 902 ἐξιέναι
1589 869 1657 904 μετὰ
1679 868 1734 895 τῶν
1758 877 1848 903 κατηρ-

217 917 435 949 inulttenomine.
450 919 560 944 decreto
576 918 689 945 canonis
708 917 852 951 prmﬁnita.
868 916 1001 951 Episcopo

216 968 319 995 tamen,
338 964 360 991 si
377 963 490 998 alicujus
504 963 530 990 in
548 963 653 991 luendis
666 963 754 998 poenis
768 964 893 991 ardorem
908 963 1001 995 animi,

216 1010 242 1036 in
268 1009 439 1045 propitiando
463 1009 579 1038 Numine
606 1010 757 1046 lacrymas,
788 1014 1002 1044 conceptumque

215 1056 315 1083 divinae
329 1056 478 1091 Maiestatis
494 1057 618 1084 timorem
631 1057 658 1083 in
672 1056 768 1091 primis
780 1055 1003 1083 animadverterit

215 1107 241 1128 et
255 1102 390 1129 hominem
409 1102 444 1129 ob
460 1102 578 1137 irrogata
593 1102 723 1137 supplicia
743 1103 878 1136 patienter
899 1101 999 1133 dolere,

214 1152 241 1174 et
256 1147 335 1175 bonis
348 1149 511 1181 actionibus,
530 1148 582 1176 hoc
596 1153 638 1176 est
663 1149 793 1176 virtutum
810 1148 1000 1176 exercitationi

213 1199 323 1226 operam
345 1192 421 1226 dare,
447 1199 478 1219 ac
495 1193 517 1220 si
534 1200 628 1220 manus
645 1192 703 1226 ejus
719 1193 842 1220 abundet
858 1192 1001 1227 indigenti-

213 1237 263 1264 lnts
279 1237 400 1272 elargiri.
416 1237 437 1264 si
456 1237 581 1272 denique,
596 1244 650 1264 uno
667 1238 759 1269 verbo,
775 1237 857 1270 serio,
871 1245 923 1263 non
938 1237 999 1264 ﬁcta

213 1282 305 1315 specie
321 1282 538 1316 resipiscentiam
558 1284 788 1310 demonstrantcm
805 1282 951 1315 invenerit,
966 1282 1000 1310 de

214 1328 309 1354 iisdem
328 1329 415 1362 pteuis
434 1328 538 1363 aliquid
561 1336 610 1363 pro
625 1328 738 1355 arbitrio
759 1328 913 1356 remittendi
932 1336 999 1356 con-

214 1374 317 1400 ceditur
332 1373 456 1401 facultas.
484 1373 512 1401 Si
530 1381 609 1408 quem
625 1381 689 1401 vero
708 1374 840 1408 impositis
853 1374 941 1409 pcenis
955 1374 995 1402 le-

213 1420 283 1446 viter
301 1420 373 1454 tangi
384 1420 485 1451 videat,
504 1425 585 1455 atque
602 1427 634 1447 eo
650 1419 722 1453 quod
739 1420 879 1448 ecclesiam
894 1421 999 1456 ingredi

214 1464 398 1497 permittitur,
423 1466 491 1492 satis
511 1470 552 1492 est
572 1470 727 1497 contentus,
751 1470 777 1492 et
801 1473 854 1492 non
885 1466 999 1494 moleste

214 1510 276 1541 l'ert,
302 1518 353 1538 nec
379 1511 472 1538 dolore
496 1516 618 1539 movetur
639 1512 710 1546 quod
734 1511 803 1539 inter
827 1511 920 1540 ﬁdeles
943 1520 995 1540 non

212 1557 403 1588 constituatur,
418 1558 463 1584 sed
481 1558 553 1591 quod
572 1562 632 1591 post
650 1558 789 1585 ambonent
812 1562 875 1590 stet,
892 1563 919 1586 et
935 1566 997 1586 cum

213 1602 416 1629 catecltnntenis
431 1608 510 1629 exeat
529 1603 592 1637 (hoc
612 1603 683 1629 enim
706 1611 760 1637 pra:
774 1611 802 1631 se
816 1603 867 1631 fert
878 1604 997 1638 speciem

213 1648 391 1682 ingrediendi,
410 1650 458 1676 sed
485 1649 529 1682 qui
550 1649 589 1676 sic
614 1649 775 1684 ingreditur,
793 1657 858 1676 vere
881 1657 934 1677 non
956 1650 999 1676 in-

213 1692 344 1728 greditur)
361 1693 412 1720 sibi
428 1694 550 1721 suﬁicere
564 1694 712 1721 arbitratur
726 1703 734 1728 ;
751 1700 838 1722 totum
854 1696 887 1722 ab
900 1702 933 1722 eo
948 1695 997 1723 de-

212 1739 339 1766 cennium
363 1740 388 1767 iu
405 1741 596 1768 substrationis
620 1747 699 1775 pmna
723 1749 809 1769 canon
831 1742 934 1777 expleri
950 1742 996 1777 ju-

212 1784 265 1812 bet.

248 1831 359 1859 ARIST.
377 1833 429 1865 Qui
442 1834 491 1859 t-im
505 1834 575 1868 passi
586 1838 611 1861 et
625 1835 751 1862 restitisse
764 1836 822 1868 visi,
840 1836 933 1862 deinde
948 1837 997 1862 im-

247 1880 337 1909 pietati
358 1886 560 1912 consenserunt,
586 1881 758 1914 militiamque
781 1886 996 1916 resumpserunt,

246 1925 399 1952 decennium
414 1927 683 1953 excommunicentur.
695 1926 923 1957 Considerandum
938 1935 996 1954 vero

245 1976 282 1996 est
306 1971 332 1997 in
354 1971 474 1998 omnibus
495 1972 653 2005 pamitentiw
679 1981 771 2007 genus.
801 1972 835 1999 Et
856 1974 878 1999 si
906 1974 929 2000 is
952 1975 996 2009 qui

246 2023 347 2047 ramum
368 2017 495 2050 suscipit,
519 2024 546 2043 se
571 2016 758 2051 ferventior-am
788 2017 816 2044 in
847 2018 996 2052 pwraitendo

246 2063 364 2096 gesserit,
378 2063 518 2089 humanius
533 2070 592 2089 cum
605 2071 635 2090 eo
651 2068 714 2098 agat
727 2064 872 2098 episcopus,
882 2065 995 2092 severius

246 2115 305 2134 vero
323 2108 347 2134 si
358 2107 533 2143 frigidiorem.

251 2196 411 2232 Quicunque
429 2197 519 2234 divina
540 2198 628 2225 vocati
650 2198 746 2232 gratia,
773 2198 860 2233 primo
888 2199 993 2234 quidem
1012 2212 1034 2239 ο

218 2243 317 2277 impetu
345 2243 475 2276 compulsi
499 2243 525 2270 in
562 2243 703 2279 impietate
735 2245 894 2273 societatem
925 2245 995 2273 inire

216 2288 339 2315 reluctati
369 2292 450 2321 sunt,
476 2289 544 2316 adeo
565 2294 594 2317 ut
624 2290 768 2318 militarem
793 2292 875 2319 etiam
897 2299 994 2319 zonam

211 2332 394 2366 deponerent,
420 2338 513 2368 postea
538 2334 665 2362 cedentes
685 2343 746 2370 qua:
771 2341 833 2363 sunt
850 2337 993 2371 impiorum

210 2377 307 2402 iterum
331 2376 455 2411 sapiunt,
481 2377 549 2405 adeo
573 2384 602 2405 ut
623 2379 656 2406 ad
680 2380 797 2414 priorem
816 2381 928 2408 redeant
947 2381 993 2408 isti

210 2427 321 2455 statum,
338 2427 364 2448 ct
376 2422 500 2450 militiam
515 2431 607 2452 rursus
618 2426 775 2460 suscipiant,
790 2434 837 2460 per
847 2427 993 2454 triennium

210 2471 281 2494 stent
296 2467 435 2495 audientes
446 2489 454 2501 ,
479 2476 529 2502 per
545 2469 704 2498 decennium
728 2472 947 2505 succumbentes,
964 2476 992 2500 et

207 2513 246 2540 sic
280 2513 448 2548 perfectione
484 2515 557 2551 digiti
584 2515 744 2544 habeantur.
779 2517 870 2545 Liceat
904 2522 992 2545 autem

159 2554 163 2556 ί
207 2559 341 2594 episcopis
364 2564 390 2588 et
413 2561 545 2594 minuere,
557 2567 583 2589 et
595 2570 694 2597 augere
715 2563 858 2598 Sttppiitia,
875 2563 907 2590 ad
923 2570 989 2590 con-

206 2612 348 2632 versornm
364 2606 570 2641 respicientibus
581 2608 777 2642 paenitentiam,
790 2609 811 2635 si
823 2615 884 2636 cum
896 2609 993 2636 timore

207 2657 230 2677 ct
250 2651 390 2685 patientia,
407 2657 433 2680 et
444 2652 579 2689 lacrymis,
597 2659 642 2680 aut
656 2654 830 2689 contemptim
845 2659 872 2682 et
886 2653 992 2681 indide-

207 2701 298 2724 reuter
311 2697 366 2724 ﬁat.

479 2787 532 2822 74
543 2786 656 2814 CANON
678 2786 745 2813 xui.

241 2826 280 2856 De
299 2828 330 2856 iis
353 2838 439 2858 autem
462 2833 505 2867 qui
527 2832 664 2865 ρτρίίιιηι,
681 2831 791 2867 antiqua
815 2837 837 2859 ct
861 2833 988 2860 canonica

1054 915 1319 951 χουμένων.Δίδωσι
1333 915 1406 951 δὲτῇ
1427 916 1518 950 κρίσει
1541 914 1589 941 τοῦ
1613 915 1766 941 ἐπισκόπου
1793 915 1846 941 καὶ

1054 960 1152 996 μειοῦν
1167 960 1202 987 τὰ
1214 961 1353 996 ἐπιτίμια,
1371 962 1396 988 εί
1411 961 1486 996 εὖροι
1502 961 1549 987 τὸν
1570 959 1755 995 μετανοοῦντα
1775 960 1844 995 θερ-

1053 1007 1161 1043 μότητα
1184 1008 1213 1033 ὲν
1229 1008 1261 1042 τῇ
1296 1007 1429 1042 μετανοίᾳ
1443 1007 1680 1039 ἐπιδεικνύμενον,
1715 1007 1763 1033 καὶ
1796 1006 1846 1033 δά-

1054 1061 1137 1088 κρυσι
1153 1053 1198 1079 τὸν
1220 1053 1288 1080 Θεὸν
1316 1052 1482 1088 ἱλεούμενον,
1508 1053 1556 1079 καὶ
1594 1052 1633 1088 τῷ
1652 1052 1727 1088 φόϐῳ
1757 1051 1844 1079 αὐτοῦ

1053 1099 1288 1135 στοιχειούμενον,
1304 1099 1351 1126 καὶ
1370 1100 1421 1135 τὴν
1443 1100 1474 1126 ἐκ
1490 1099 1543 1126 τῶν
1571 1099 1720 1134 ἐπιτιμίων
1749 1099 1845 1126 κάκω-

1052 1154 1094 1173 σιν
1115 1145 1300 1180 ὑπομένοντα,
1326 1145 1374 1172 καὶ
1401 1145 1611 1180 ἀγαθοεργίαις,
1634 1145 1718 1180 ἤγουν
1735 1143 1844 1180 ἀρετῶν

1050 1192 1226 1228 ἀσκήσεικαὶ
1245 1192 1392 1227 μεταδόσει
1408 1194 1441 1228 τῇ
1459 1192 1529 1227 πρὸς
1556 1193 1620 1224 τοὺς
1633 1192 1791 1225 δεομένους,
1817 1193 1844 1218 ει

1051 1239 1180 1275 εὐποροίη
1197 1240 1213 1275 ἡ
1231 1240 1293 1274 χεὶρ
1309 1239 1403 1272 αὑτοῦ,
1420 1239 1632 1275 προσκείμενον,
1658 1239 1705 1266 καὶ
1728 1238 1759 1265 τὸ
1772 1238 1844 1270 ὅλως

1049 1285 1147 1317 εἰπεῖν,
1163 1286 1192 1313 ἐν
1206 1285 1334 1321 ἀληθείᾳ,
1359 1285 1406 1312 καὶ
1427 1285 1478 1312 οὐκ
1503 1286 1532 1312 ἐν
1568 1285 1689 1321 σχήματι
1711 1284 1761 1321 τὴν
1792 1293 1845 1320 με-

1049 1330 1161 1357 τάνοιαν
1189 1331 1408 1366 ἐνδεικνύμενον.
1433 1331 1505 1358 Εῑδὲ
1536 1331 1692 1366 ἀδιαφόρως
1708 1333 1755 1358 καὶ
1770 1332 1844 1358 ἀνει-

1052 1376 1142 1411 μένως
1159 1376 1210 1412 ὁρᾷ
1224 1377 1271 1404 τὸν
1284 1378 1483 1412 ἐπιτιμηθέντα
1515 1378 1584 1413 πρὸς
1604 1378 1654 1413 τὴν
1680 1377 1844 1412 ἐπιτίμησιν

1054 1421 1240 1456 διακείμενον,
1250 1422 1297 1448 καὶ
1310 1423 1351 1448 ὃτι
1364 1423 1432 1454 ὅλως
1442 1423 1654 1458 παραχωρεῖται
1669 1423 1783 1450 εἰσιέναι
1799 1424 1844 1455 είς

1049 1465 1099 1501 τὴν
1114 1465 1267 1501 ἐκκλησίαν
1286 1466 1467 1501 ἀρκούμενον,
1483 1467 1531 1494 καὶ
1547 1468 1576 1494 οὐ
1595 1467 1760 1502 δακνόμενον
1787 1467 1840 1494 καὶ

1052 1510 1232 1546 λυπούμενον,
1245 1511 1285 1538 ὅτι
1300 1512 1330 1538 οὐ
1351 1512 1509 1539 συνίσταται
1536 1513 1593 1544 τοῖς
1620 1513 1737 1546 πιστοῖς,
1771 1512 1844 1540 ἀλλὰ

1011 1547 1033 1577 C
1050 1557 1097 1584 καὶ
1111 1557 1140 1584 τὸ
1154 1557 1266 1585 ὄπισθεν
1279 1558 1327 1585 τοῦ
1341 1558 1466 1593 ἄμϐωνος
1483 1558 1622 1591 ἵστασθαι,
1650 1559 1698 1586 καὶ
1736 1559 1843 1592 ἐξιέναι

1051 1603 1120 1638 μετὰ
1136 1603 1191 1630 τῶν
1208 1604 1432 1639 κατηχουμένων,
1447 1604 1526 1631 τοῦτο
1540 1605 1593 1639 γὰρ
1606 1604 1681 1639 δηλοῖ
1699 1605 1729 1631 τὸ
1747 1605 1844 1641 σχῆμα

1050 1650 1098 1676 τοῦ
1114 1649 1238 1683 εἰσιέναι,
1267 1651 1297 1677 οὐ
1336 1650 1390 1686 γὰρ
1420 1650 1528 1686 ἀληθῶς
1559 1650 1674 1677 εἴσεισιν
1705 1652 1719 1677 ὁ
1752 1650 1845 1684 οὕτως

1052 1695 1156 1727 εἰσιὼν,
1171 1695 1273 1730 ἀρκοῦν
1293 1696 1367 1731 αὑτῷ
1380 1696 1568 1732 λογιζόμενος,
1581 1695 1627 1722 τὸν
1653 1696 1713 1722 ὅλον
1728 1695 1778 1730 τῆς
1794 1697 1843 1722 δε-

1048 1742 1159 1773 καετίας
1177 1742 1272 1776 χρόνον
1289 1742 1318 1768 ἐν
1344 1742 1384 1777 τῷ
1419 1743 1553 1778 ἐπιτιμίῳ
1577 1743 1627 1776 τῆς
1655 1742 1845 1774 ὑποπτώσεως

1047 1787 1169 1822 πληροῦν
1182 1789 1263 1815 αὑτὸν
1281 1789 1492 1816 διακελεύεταιὸ
1508 1788 1606 1816 κανών.

1047 1833 1158 1860 ΔΡΙΣΤ.
1176 1835 1209 1861 Οιί
1220 1835 1403 1869 βιαζόμενοι,
1420 1835 1471 1861 καὶ
1488 1835 1633 1868 δόξαντες
1645 1834 1840 1868 ἀντιστηναι,

1082 1877 1146 1906 εἶτα
1162 1881 1356 1915 καταθέμενοι
1397 1880 1434 1915 τῇ
1446 1881 1580 1914 ἀσεϐείᾳ,
1604 1881 1655 1907 καὶ
1684 1881 1844 1915 ἀναστρα-

1082 1925 1276 1960 τευσάμενοι,
1297 1926 1455 1953 δεκαετίαν
1482 1925 1737 1961 ἀφοριζέσοωσαν.
1764 1928 1842 1953 Σκο-

1076 1972 1190 2004 πητέον
1205 1972 1239 1998 δὲ
1253 1972 1299 2007 ἐφ’
1315 1972 1410 2000 ἅπασι
1426 1974 1458 1999 τὸ
1474 1971 1556 2006 εἶδος
1571 1974 1626 2007 τῆς
1646 1973 1810 2008 μετανοίας
1829 1980 1840 1989 '

1084 2017 1133 2043 καὶ
1164 2018 1344 2051 θερμοτέρως
1377 2018 1437 2052 μὲν
1482 2019 1752 2054 μεταμελουμένου
1783 2020 1842 2047 τοῦ

1080 2062 1248 2097 δεξαμένου
1275 2063 1308 2089 τὸ
1345 2063 1495 2098 ἐπιτίμιον
1513 2067 1796 2099 φιλανθρωπότερον
1822 2067 1841 2094 ὁ

1080 2108 1249 2141 ἐπίσκοπος
1264 2108 1450 2141 διατιθέσθω,
1459 2109 1649 2144 ¹ψυχροτέρως
1658 2111 1701 2143 δὲ,
1715 2110 1839 2145 δραστι-

1081 2154 1220 2188 κώτερον.

1085 2200 1163 2226 Ὅσοι
1177 2199 1231 2226 ὑπὸ
1246 2201 1294 2235 τῆς
1314 2200 1390 2234 θείας
1405 2202 1516 2239 χάριτος
1528 2202 1747 2238 προσκληθέντες
1759 2202 1836 2230 κατὰ

1049 2245 1099 2280 μὲν
1111 2245 1162 2280 τὴν
1178 2246 1289 2282 πρώτην
1317 2247 1406 2283 ὁρμὴν
1436 2248 1593 2283 βιασθέντες
1621 2247 1766 2274 συνθέσθαι
1800 2249 1835 2283 τῇ

1046 2292 1174 2328 εὐσεὸείᾳ
1189 2293 1371 2328 ἀντέστησαν,
1383 2293 1454 2320 ὥστε
1477 2295 1525 2320 καὶ
1554 2294 1605 2328 τὴν
1631 2294 1837 2329 στρατιωτικὴν

1045 2338 1197 2365 ἀποθέσθαι
1213 2338 1301 2373 ζώνην
1316 2347 1322 2354 ·
1337 2337 1396 2365 εἶτα
1408 2339 1579 2372 ὑπείξαντες,
1602 2339 1747 2366 κατέθεντο
1767 2347 1838 2374 φρο-

1045 2384 1100 2409 νεῖν
1119 2383 1152 2408 τὰ
1168 2383 1222 2410 τῶν
1239 2384 1358 2416 ἀσεϐῶν,
1369 2384 1439 2410 ὥστε
1455 2386 1494 2416 είς
1510 2384 1560 2420 τὴν
1576 2385 1714 2420 προτέραν
1734 2385 1837 2417 αὐτοὺς

1045 2429 1214 2463 καταστῆναι
1226 2430 1319 2465 τιμὴν,
1337 2431 1384 2456 καὶ
1401 2430 1450 2464 τὴν
1464 2431 1612 2465 στρατείαν
1638 2429 1715 2462 αὖθις
1729 2431 1837 2457 ἐπανα-

1044 2473 1138 2500 λαϐεῖν
1155 2482 1161 2489 ·
1189 2474 1235 2500 ἐπὶ
1260 2476 1381 2510 τριετίαν
1419 2475 1540 2503 έστωσαν
1579 2476 1761 2512 ἀκροώμενοι,
1786 2476 1836 2503 ἐπὶ

1044 2518 1188 2546 δεκαετίαν
1200 2520 1401 2552 ὑποπίπτοντες
1418 2529 1424 2537 -
1440 2522 1487 2547 καὶ
1502 2522 1573 2549 οὕτω
1584 2524 1634 2558 τῆς
1662 2522 1836 2554 τελειώσεως

1047 2563 1245 2596 ἀξιούσθωσαν.
1256 2564 1372 2598 Ἐξέστω
1386 2565 1413 2591 δὲ
1423 2567 1479 2596 τοῖς
1489 2566 1648 2597 ἐπισκόποις
1664 2567 1710 2592 καὶ
1722 2566 1834 2600 μειοῦν,

1045 2609 1089 2635 καὶ
1106 2609 1199 2640 αὔξειν
1223 2609 1257 2635 τὰ
1272 2610 1407 2645 ἐπιτίμια,
1425 2611 1493 2645 πρὸς
1506 2611 1555 2647 τὴν
1581 2612 1726 2647 μετάνοιαν
1764 2612 1837 2646 ἀφο-

1044 2654 1113 2689 ρῶσι
1130 2654 1184 2680 τῶν
1196 2656 1423 2690 ἐπιστρεφόντων,
1450 2657 1505 2683 εἴτε
1526 2657 1574 2684 σὺν
1598 2657 1682 2691 φόόῳ,
1698 2658 1746 2683 καὶ
1764 2658 1836 2684 ὑπο-

1045 2701 1123 2735 μονῇ,
1140 2702 1186 2726 καὶ
1209 2700 1325 2736 δάκρυσι
1357 2701 1472 2736 γίνεται,
1500 2703 1555 2730 εἴτε
1582 2704 1834 2739 καταφρονητικῶς

1043 2747 1089 2773 καὶ
1106 2747 1270 2782 ἀδιαφόρως.

1346 2794 1465 2821 ΚᾹΝΩΝ
1477 2795 1525 2822 ll".

1045 2838 1113 2873 Περὶ
1128 2838 1162 2866 δὲ
1176 2838 1233 2867 τῶν
1245 2839 1448 2872 ἐξοόευόντων
1461 2842 1477 2868 ὀ
1494 2841 1622 2875 παλαιὸς
1637 2842 1685 2869 καί
1710 2850 1836 2869 κανονι-
