1951 3067
102 141 152 174 281

618 141 663 172 IN
680 140 764 173 CAN.
798 140 850 172 XV
867 140 971 170 COXC.
993 140 1128 173 NICEN.
1151 142 1175 173 1.

1670 137 1725 170 282

136 199 233 227 ΒΑΛΣ.
263 199 293 227 ’0
308 199 358 236 μὲν
377 199 556 233 ἀποστολικδς
585 202 619 227 ιε’
646 200 755 231 κανὼν,
781 198 885 234 Μηκέτι

975 198 1072 227 BALS.
1090 199 1260 234 Apostoiicus
1274 199 1382 234 quidem
1406 196 1530 225 decimus
1551 195 1661 230 quintus
1677 202 1725 222 ca-

100 245 302 282 λειτουργείτω,
316 247 412 282 φησὶν,
424 247 438 273 ὁ
449 246 579 281 κληρικδς
590 247 604 274 ό
617 246 694 280 παρὰ
711 244 824 280 γνώμην
839 243 885 270 τοῦ

101 293 202 319 οίκείου
214 292 363 319 ἐπισκόπου
379 293 433 320 ἀπὺ
447 293 551 325 πόλεως
565 293 604 324 είς
622 293 699 319 πόλιν
720 290 887 326 μεθιστάμε-

108 345 164 369 νος·
190 338 204 364 ό
225 338 252 364 δέ
279 338 375 372 παρὼν
389 339 479 365 κανὼν
491 338 525 365 τὰ
548 338 617 365 αὐτὰ
634 338 681 364 καὶ
698 338 761 372 περὶ
777 336 887 363 ἐπισκό-

102 389 162 407 πων
177 381 361 416 διοριζόμενος
378 381 479 410 ἀκυοον
495 381 564 410 εἷναί
576 391 641 418 φησι
656 382 686 409 τὸ
699 383 774 418 παρὰ
794 379 881 409 ταῦτα

103 426 169 458 ῐσως
181 428 374 463 γενησόμενον.

360 472 462 507 Ἑτέρα
479 472 629 508 ἑρμηνεία.

140 518 193 544 Τοῦ
206 517 236 545 ιδ’
261 519 438 546 ἀποστολικοῦ
465 521 575 552 κανόνος
591 520 640 555 τὴν
665 519 714 555 μιν
735 520 789 546 ἀπδ
816 529 887 555 παρ-

105 563 194 594 οικίας
206 565 245 596 είς
261 565 407 598 παροικίαν
428 565 555 592 ἐπίϐασιν
572 564 631 600 ἤτοι
655 565 821 601 ἐπιπήδησιν
834 567 889 593 τῶν

105 609 261 636 ἐπισκόπων
273 611 435 643 κωλύοντος,
447 611 495 646 τὴν
504 611 532 638 δὲ
544 612 686 646 μετάθεσιν
697 612 889 647 ἐπιτρέποντος

104 654 149 682 διὰ
166 655 285 691 μεγάλην
300 657 347 683 καὶ
359 656 469 690 εὔλογον
490 657 580 684 αἰτίαν
593 665 600 672 ·
625 658 672 684 καὶ
693 657 741 684 τοῦ
770 657 808 689 ις’
836 666 888 684 κα-

105 701 181 733 νόνος
202 702 252 737 τῆς
278 703 306 729 ἐν
336 703 486 738 Ἀντιοχείᾳ
514 703 621 730 συνόδου
637 703 822 738 διοριζομένου
844 703 889 730 τὸν

107 746 273 781 σχολάζοντα
294 747 341 773 ἐπὶ
353 748 538 782 σχολάζουσαν
557 737 816 784 μεταϐαίνεινγμετά
830 748 889 775 δια-

105 792 232 824 γνιίσεως
245 792 292 818 καὶ
301 792 501 828 παρακλήσεως
516 793 622 825 τελείας
638 793 748 820 συνόδου
760 802 768 809 ·
800 793 891 820 ὡσαύ-

105 846 159 869 τως
174 839 222 864 καὶ
236 838 282 866 τοῦ
299 838 323 865 α’
343 839 390 866 καὶ
401 839 526 874 δευτέρου
542 839 653 870 κανόνος
667 839 717 873 τῆς
731 841 759 866 ἐν
772 840 888 875 Σαρδικῇ

106 885 216 911 συνόδου
243 885 369 920 μεγάλως
395 886 564 918 κολαζόντων
585 885 686 913 τὸνδιὰ
707 885 821 921 μεθόδου
842 885 890 912 καὶ

105 929 262 965 οἰκονομίας
277 930 382 966 φαύλης
399 931 448 964 τὴν
468 931 605 966 λαχοῦσαν
622 931 702 958 αὐτὸν
714 931 892 967 καταλιμπά-

105 983 197 1008 νοντα,
214 975 262 1003 καὶ
279 975 391 1010 μείζονα
412 977 560 1011 ἐκκλησίαν
578 977 745 1012 ἁρπάζοντα,
772 978 819 1004 καὶ
844 976 890 1004 τοῦ

106 1020 240 1055 παρόντος
263 1024 294 1048 ιε’
314 1022 428 1053 καίνόνος
463 1022 511 1056 τῆς
539 1020 564 1049 α’
600 1023 709 1049 συνόδου
733 1023 893 1050 παντάπασι

110 1066 159 1101 μὲν
175 1066 325 1098 κωλύοντος
338 1067 387 1102 τὴν
411 1067 465 1094 ἀπὸ
481 1067 584 1099 πόλεως
597 1069 636 1099 είς
650 1069 728 1095 πόλιν
742 1069 893 1104 μετάϐασιν

107 1110 161 1136 τῶν
169 1111 335 1144 ἐπισκόπων,
346 1111 401 1138 τῶν
410 1112 616 1146 πρεσϐυτέρων,
623 1114 670 1139 καὶ
681 1113 734 1139 τῶν
746 1113 889 1147 διακόνων,

110 1155 148 1190 μὴ
175 1156 335 1188 κολάζοντος
355 1156 383 1182 δέ
400 1156 511 1192 ταύτην,
536 1157 604 1183 ἀλλὰ
617 1157 803 1192 διοριζομένου
825 1159 894 1185 ἀκυ-

110 1201 224 1242 ροῦσθαι
244 1202 274 1228 τὸ
298 1202 526 1236 κατασκεύασμα,
539 1203 587 1229 καὶ
598 1204 837 1232 ἀποκαθίστασθαι
858 1207 893 1242 τῇ

110 1247 232 1282 προτέρᾳ
245 1247 379 1283 ἐκκλησίᾳ
390 1249 435 1275 τὸν
450 1249 611 1282 ἐπίσκοπον,
641 1250 657 1285 ἥ
680 1250 726 1277 τὸν
741 1251 894 1285 πρεσὸύτε-

112 1301 168 1327 ρον,
183 1292 254 1328 ῆτὸν
269 1293 391 1320 διάκονον
403 1294 442 1324 είς
455 1295 488 1330 ἣν
503 1295 757 1331 ἐχειροτονήθησαν,
769 1295 842 1324 sinat
853 1306 894 1330 τις

110 1338 296 1366 ἐναντιοῦσθαι
309 1340 372 1371 τοὺς
381 1339 497 1371 κανόνας
512 1341 646 1376 ἀλλήλοις,
663 1342 732 1370 ἄλλα
756 1343 804 1369 καὶ
826 1343 895 1370 ἄλλα

111 1383 352 1419 θεσμοθετοῦντας.
374 1386 444 1413 Ἀλλ’
457 1387 506 1414 οὐκ
523 1388 583 1414 ἔστι
597 1388 686 1415 τοῦτο.
703 1389 825 1424 Διαφορὰ
840 1390 895 1425 γάρ

115 1430 187 1457 ἐστιν
201 1430 325 1466 ἀλλήλοις
335 1433 516 1467 μεταθέσεως,
534 1434 721 1469 μεταῦάσεως,
740 1436 787 1462 καὶ
801 1436 897 1463 ἐπιϐα-

111 1476 182 1507 σίας.
208 1476 361 1508 Μετάθεσις
388 1477 442 1513 γάρ
469 1479 543 1506 ἐστιν
570 1480 587 1515 ή
610 1480 663 1506 ἀπὸ
690 1481 837 1516 παροικίας
856 1482 896 1513 είς

936 253 1002 277 non,
1029 244 1068 271 Ne
1090 244 1205 278 amplius
1222 244 1372 276 ministret,
1394 242 1499 276 inquit,
1537 239 1653 268 clericus
1679 239 1726 273 qui

937 294 1035 325 pra-ter
1059 290 1161 324 proprii
1181 289 1300 324 episcopi
1324 289 1506 320 sententiam,
1528 294 1542 313 η
1562 286 1672 313 civitate
1698 284 1724 311 in

937 336 1076 363 civitatem
1105 335 1215 363 transit.
1247 334 1371 362 Praesens
1394 339 1483 361 autem
1510 339 1597 360 canon
1631 330 1726 358 eadem

936 380 1018 407 etiam
1047 379 1081 407 de
1102 379 1239 414 episcopis
1252 378 1394 410 deﬁniens,
1418 376 1526 404 irritum
1547 381 1608 402 esse
1633 372 1726 400 statuit

937 426 1008 462 quod
1023 430 1121 461 prater
1135 426 1191 453 haec
1209 424 1325 452 l'ortasse
1339 424 1439 451 factum
1461 422 1552 449 fuerit.

1206 481 1297 508 Altera
1316 479 1455 513 expositio.

974 529 1040 556 Cum
1064 528 1098 555 M
1119 535 1206 555 canon
1222 526 1384 562 apostolicus
1400 532 1413 551 a
1433 522 1561 558 parochia
1591 521 1618 548 in
1646 526 1727 554 paro-

939 575 1028 603 chiam
1057 574 1227 601 invasionem
1259 580 1305 599 seu
1336 570 1515 605 irruptionem
1549 566 1691 602 prohibeat
1719 573 1728 592 :

940 620 1147 649 translationem
1163 624 1252 645 autem
1267 622 1377 653 propter
1395 622 1520 650 magnam
1543 618 1570 640 et
1585 613 1726 640 honestam

940 673 1050 693 causam
1068 664 1218 699 permittat,
1234 669 1259 690 et
1275 662 1308 689 16
1323 669 1407 689 canon
1426 658 1554 687 Antioch.
1575 657 1668 693 synodi
1682 656 1729 682 ἀει

940 715 1090 743 cernat.ut
1103 710 1149 744 qui
1172 713 1248 737 vacat
1274 709 1299 735 in
1325 710 1465 734 vacantem
1479 704 1619 732 ecclesiam
1638 707 1728 728 trans-

941 762 994 789 eat,
1030 764 1091 784 cum
1120 754 1309 788 dijudicatioue
1334 757 1361 780 ct
1381 750 1581 778 examinatione
1601 747 1728 784 perfecta:

941 801 1038 837 synodi
1053 810 1060 828 :
1076 800 1200 827 similiter
1209 799 1310 832 primus
1323 801 1350 824 ct
1363 796 1497 824 secundus
1521 802 1607 822 canon
1621 792 1728 820 Sardic.

942 848 1037 884 synod.
1055 854 1117 874 cum
1133 845 1209 872 valde
1222 845 1316 879 puniat
1328 843 1374 878 qui
1387 842 1507 876 improba
1518 841 1561 867 via
1571 847 1600 867 ac
1611 838 1728 870 ratione.

942 883 1074 928 caraquae
1095 893 1180 927 ipsum
1198 890 1292 918 sortita
1313 893 1371 922 est,
1391 888 1534 922 relinquit,
1553 890 1580 913 et
1600 883 1728 920 majorem

940 939 1082 966 ecclesiam
1102 942 1216 972 occupat
1244 939 1271 963 et
1302 935 1400 970 arripit
1419 943 1426 960 :
1449 938 1476 960 et
1501 940 1622 968 praesens
1634 931 1666 958 15
1682 937 1730 958 ca-

942 990 995 1009 non
1015 981 1107 1016 primae
1126 981 1221 1016 synodi
1247 979 1391 1006 transitum
1405 978 1604 1013 episcoporum,
1619 975 1730 1010 presby-

943 1033 1064 1055 terorum
1097 1030 1125 1053 et
1156 1026 1329 1052 diaconorum
1358 1031 1372 1050 a
1399 1024 1508 1050 civitate
1538 1023 1564 1049 in
1591 1021 1730 1048 civitatem

942 1073 1052 1100 omnino
1078 1071 1238 1107 prohibeat,
1266 1077 1326 1097 eum
1353 1074 1441 1096 autem
1468 1075 1520 1094 non
1547 1067 1658 1101 puniat,
1682 1065 1730 1092 sed

945 1119 1050 1146 irritum
1073 1125 1135 1145 esse
1156 1118 1284 1144 decernat
1310 1116 1336 1142 id
1355 1115 1424 1150 quod
1456 1113 1555 1141 factum
1583 1112 1677 1144 fuerit,
1702 1115 1731 1139 et

942 1164 1025 1200 priori
1051 1163 1174 1191 ecclesite
1189 1162 1294 1190 restitui
1314 1162 1473 1196 episcopum
1486 1164 1512 1185 et
1528 1159 1731 1194 presbyterum,

942 1210 986 1237 vel
1007 1209 1163 1242 diaconum,
1191 1207 1216 1235 in
1231 1214 1311 1242 quam
1324 1205 1439 1233 ordinati
1452 1202 1733 1237 erant,dixeritqnis-

946 1257 1016 1291 piam
1046 1262 1164 1283 canones
1187 1253 1238 1281 sibi
1261 1253 1376 1280 invicem
1391 1258 1553 1287 repugnare,
1571 1253 1600 1277 ut
1612 1249 1663 1277 alia
1687 1253 1732 1276 at-

944 1310 998 1338 que
1012 1301 1064 1328 alia
1081 1300 1245 1328 sancientes.
1259 1298 1292 1325 At
1311 1306 1363 1325 non
1379 1298 1415 1325 ita
1432 1302 1483 1324 est.
1503 1296 1570 1324 Nam
1593 1300 1636 1324 est
1654 1294 1733 1322 dili‘c—

944 1348 1033 1376 rentia
1047 1347 1117 1374 inter
1131 1345 1336 1373 translationem
1347 1364 1354 1375 .
1375 1343 1561 1370 transitionem
1576 1347 1604 1370 et
1615 1341 1734 1369 invasio—

944 1400 1016 1421 nem.
1032 1391 1188 1419 Translatio
1207 1390 1279 1417 enim
1293 1393 1344 1420 est.
1363 1397 1423 1424 quae
1436 1389 1464 1416 iit
1475 1396 1488 1416 a
1502 1387 1628 1424 parochia
1646 1387 1673 1414 in
1686 1394 1735 1422 pa-

944 1438 1065 1466 rochiam
1082 1437 1232 1465 traductio:
1243 1437 1351 1472 quando
1366 1435 1482 1463 fortasse
1498 1435 1643 1469 episcopus
1659 1433 1734 1460 varia

945 1493 976 1512 ac
998 1483 1136 1518 multiplici
1162 1483 1273 1510 scientia
1305 1472 1467 1509 instructus-
1487 1481 1521 1508 ab
1542 1480 1733 1514 episcoporum

111 1523 257 1558 παροικίαν
269 1524 419 1559 μετένεξις,
441 1526 504 1552 ὅταν
516 1526 596 1561 τυχὸν
609 1527 758 1559 ἐπίσκοπος
777 1528 894 1562 παντοίᾳ

946 1529 1119 1557 multitudine
1130 1548 1138 1561 ,
1155 1529 1181 1556 in
1198 1527 1284 1562 majus
1299 1527 1420 1554 ecclesia:
1440 1526 1527 1553 viduze
1545 1526 1578 1552 de
1593 1532 1656 1553 vera
1672 1524 1737 1552 reii-

111 1569 192 1604 σοφία
211 1570 419 1604 κεκοσμημένος
434 1571 590 1607 μετακληθῇ
609 1572 685 1607 παρὰ
701 1572 820 1608 πλήθους
834 1574 895 1600 ἐπι-

112 1614 221 1641 σκόπων
235 1615 274 1646 είς
291 1615 405 1650 μείζονα
419 1615 567 1651 ἐκκλησίας
586 1617 756 1653 χηρευοὺσης
771 1617 896 1653 βοήθειαν

110 1659 319 1696 κινδυνευούσης
335 1662 399 1696 περὶ
421 1661 471 1697 τὴν
485 1663 636 1690 εὑσέὃειαν.
659 1661 721 1690 Οἴόν
742 1672 770 1690 τι
785 1664 897 1698 γέγονεν

111 1707 152 1736 εἰς
184 1707 229 1733 τὸν
256 1708 342 1742 μέγαν
365 1708 515 1745 Γρηγόριον
537 1710 582 1737 τὸν
603 1711 743 1745 Θιολόγον,
767 1711 821 1738 ἀπὺ
842 1712 898 1740 τῶν

112 1751 240 1786 Σασίμων
252 1753 291 1784 είς
306 1754 592 1782 Κωνσταντινούπολιν
614 1756 805 1791 μετατεθέντα.
838 1757 895 1784 Καὶ

113 1794 186 1822 ἐστιν
210 1795 278 1831 αὕτη
303 1798 498 1833 συγχωρητέα,
524 1798 615 1830 καθὼς
648 1799 815 1834 παρίσταται
843 1799 898 1826 ἀπὸ

112 1839 160 1866 τοῦ
199 1840 228 1866 ιδ’
255 1842 368 1874 κανόνος
392 1842 446 1870 τῶν
465 1843 552 1877 ἁγίων
577 1844 744 1872 ἀποστόλων.
771 1845 898 1872 Μετάϐα-

114 1887 157 1919 σίς
184 1888 268 1921 ἐστιν,
295 1890 360 1916 ὅταν
385 1898 428 1921 τις
454 1890 602 1925 σχολάζων,
623 1892 744 1927 δηλονότι
766 1892 804 1928 μὴ
829 1893 899 1927 ἔχων

114 1935 271 1969 παροικίαν,
287 1935 325 1965 ὡς
347 1935 400 1962 ὑπὸ
421 1935 505 1963 ἐθνῶν
518 1938 717 1973 κατεχομένην,
739 1938 898 1974 ἀναγκασθῇ

113 1980 190 2015 παρὰ
211 1981 368 2008 ἐπισκόπων
391 1982 497 2009 πολλῶν
527 1983 567 2015 είς
584 1983 765 2018 σχολάζουσαν
793 1985 899 2018 ἐκκλη-

115 2027 176 2054 σίαν
199 2028 350 2062 μεταϐῆναι
369 2028 413 2056 διὰ
427 2029 457 2056 τδ
475 2030 539 2065 περὶ
561 2029 610 2064 τὴν
634 2030 789 2065 όρθοδοξίαν
804 2031 852 2057 καὶ
864 2030 900 2057 τὰ

113 2071 195 2098 λοιπὰ
209 2072 426 2108 ἐκκλησιαστικὰ
440 2074 650 2110 χρησιμώτατον
661 2075 755 2102 αὑτοῦ.
772 2075 827 2102 Καὶ
841 2075 899 2102 ἐστι

114 2119 162 2144 καὶ
175 2117 244 2153 αὕτη
259 2119 354 2146 δεκτέα
369 2120 445 2155 παρὰ
457 2121 512 2152 τοῖς
525 2120 607 2153 θείοις
623 2121 716 2148 κανόσι
730 2121 783 2148 τῶν
793 2122 822 2148 ἐν
839 2122 899 2148 Ἀν-

115 2164 220 2199 τιοχείᾳ.
242 2165 423 2192 συνελθόντων
434 2166 520 2200 ἁγίων
541 2167 682 2203 Πατέρων.
702 2168 844 2199 Ἐπίὸασις
871 2168 900 2195 δέ

946 1577 1026 1611 gione
1045 1576 1072 1602 in
1096 1574 1247 1608 periculum
1272 1573 1413 1606 adductaz,
1429 1572 1559 1600 auxilium
1583 1570 1734 1598 accersitus

946 1610 1038 1648 i'ucrit.
1055 1619 1130 1653 Quod
1155 1625 1253 1654 magno
1277 1617 1409 1652 Gregorio
1432 1610 1568 1650 Theologo
1584 1623 1632 1643 usu
1650 1613 1734 1648 venit,

946 1666 992 1701 qui
1009 1674 1024 1693 a
1041 1664 1155 1693 Sasimis
1175 1663 1430 1699 Constantinopolin
1457 1663 1604 1690 translatus
1617 1665 1658 1689 est
1674 1669 1681 1688 :
1707 1665 1736 1688 et

947 1719 978 1739 ea
1004 1715 1046 1740 est
1076 1710 1268 1746 permittenda,
1296 1709 1513 1744 quandoquidem
1538 1715 1554 1734 a
1578 1711 1734 1734 sanctorum

948 1756 1130 1791 apostolorum
1156 1754 1189 1783 M
1207 1762 1312 1783 canone
1336 1754 1485 1782 inducitur.
1517 1752 1655 1780 Transitio
1682 1756 1736 1784 est,

948 1802 1055 1837 quando
1080 1809 1181 1829 vacans
1213 1802 1339 1829 videlicet
1362 1801 1515 1835 quispiam,
1551 1807 1604 1826 non
1633 1797 1737 1826 habens

947 1848 1106 1884 parochiam
1132 1855 1193 1883 qua!
1218 1856 1234 1875 a
1258 1847 1403 1882 gentilibus
1426 1845 1576 1878 detinetur,
1602 1852 1617 1872 a
1645 1844 1737 1871 multis

948 1894 1082 1929 episcopis
1109 1895 1137 1921 in
1158 1899 1298 1922 vacantem
1323 1892 1467 1920 ecclesiam
1484 1890 1601 1919 transire
1625 1894 1737 1918 coactus

949 1940 1030 1967 fuerit
1053 1944 1164 1975 propter
1179 1940 1238 1974 ejus
1253 1940 1278 1966 in
1299 1942 1371 1966 recta
1397 1939 1430 1966 de
1452 1937 1505 1965 ﬁde
1526 1936 1688 1965 sententiam
1710 1940 1738 1962 ct

950 1985 1062 2019 reliquis
1084 1984 1278 2012 ecolesiasticis
1298 1984 1443 2010 utilitatem
1465 1991 1473 2009 :
1497 1987 1526 2010 et
1540 1986 1582 2008 est
1597 1982 1654 2009 hac
1667 1986 1738 2014 qn:-

949 2037 1002 2064 que
1016 2029 1186 2064 suscipienda
1203 2037 1217 2056 a
1232 2029 1330 2056 divinis
1346 2028 1494 2056 canonibus
1509 2030 1669 2054 sam-torum
1685 2025 1738 2051 Pa-

950 2077 1020 2101 trum
1039 2072 1126 2107 quiin
1145 2072 1288 2100 Antiochia
1302 2075 1496 2099 convenerunt.
1516 2069 1623 2098 lnvasio
1647 2074 1737 2096 autem

951 2123 992 2146 est
1015 2118 1111 2151 libera,
1131 2118 1174 2145 vel
1190 2117 1271 2144 etiam
1292 2125 1353 2144 cum
1374 2116 1455 2144 matis
1476 2115 1581 2143 artibus
1603 2114 1738 2148 improbo-

951 2171 1003 2199 que
1023 2162 1136 2191 consilio
1151 2183 1160 2195 ,
1189 2162 1248 2198 ejus
1267 2162 1312 2197 qui
1342 2165 1440 2195 vacat,
1463 2161 1504 2188 vel
1525 2160 1568 2194 qui
1590 2159 1670 2187 etiam
1691 2159 1739 2186 ha—

115 2209 214 2244 ἐστινῆ
227 2210 374 2247 αὐτόνομος
390 2212 406 2248 ἦ
419 2213 465 2239 καὶ
480 2213 550 2248 μετὰ
566 2214 720 2249 οἰκονομίας
739 2214 842 2250 φαύλης
852 2214 895 2241 τοῐ

955 2210 1000 2237 bet
1033 2209 1175 2237 ecclesiam
1209 2208 1349 2244 episcopi,
1384 2207 1418 2235 ad
1453 2207 1559 2234 viduam
1595 2205 1738 2233 ecclesiam

117 2255 308 2290 σχολάζοντος.
339 2257 355 2293 ἥ
382 2258 431 2285 καὶ
457 2259 504 2286 τοῦ
531 2259 640 2294 ἐχοντος
667 2260 816 2295 ἐκκλησίαν
842 2261 902 2288 ἐπιε-

118 2302 229 2334 σκόπου,
245 2303 311 2338 πρὸς
325 2303 492 2339 χηρεύουσαν
504 2305 653 2340 ἐκκλησίαν
667 2305 822 2342 παράλογος
837 2315 903 2342 μετ-

118 2346 224 2379 ένεξις·
252 2349 286 2382 ἢν
307 2349 432 2377 τοσοῦτον
467 2351 492 2377 oi
521 2351 550 2378 ἐν
583 2345 700 2387 Σαρδικῇ
730 2351 902 2384 συνελθόντες

118 2392 191 2426 ἆγιοι
217 2394 336 2429 Πατέρες
360 2395 546 2428 ἐϐδελύξαντο,
567 2397 638 2423 ὥστε
656 2398 703 2424 καὶ
718 2397 901 2432 ἀκοινώνητον

117 2436 188 2465 εἶναι
210 2440 292 2466 παντὶ
317 2441 473 2476 Χριστιανῷ
498 2442 544 2469 τὸν
564 2442 684 2478 ἐργάτην
708 2444 809 2478 ταύτης
837 2443 902 2469 διω-

118 2485 246 2520 ρίσαντο,
274 2487 321 2513 καὶ
345 2487 412 2522 μηδέ
436 2489 465 2514 ἐν
485 2489 545 2520 ταῖς
564 2489 732 2520 τελευταίαις
752 2489 902 2521 ἀναπνοαῖς

117 2530 215 2566 λαῖκῆς
240 2531 381 2564 κοινωνίας
394 2533 536 2565 ἀξιοῦσθαι
551 2534 640 2561 αὐτόν.
663 2533 732 2561 ὀδέ
751 2535 782 2560 ιε’
809 2534 901 2562 κανὼν

117 2577 167 2610 τῆς
180 2580 203 2602 α’
230 2577 351 2609 συνόδου,
372 2579 435 2612 περὶ
465 2579 579 2614 μηδενὸς
591 2579 713 2607 τοιούτου
729 2580 825 2615 μνείαν
841 2589 903 2608 ποι-

117 2621 244 2656 ούμενος,
275 2621 331 2648 οὐδ’
343 2622 516 2650 ἐναντιοῦται
530 2632 584 2650 τινι
598 2624 652 2650 τῶν
665 2625 796 2660 ἀνωτέρω
815 2633 901 2652 κατα-

117 2667 294 2702 Δστρωθέντων
318 2668 448 2696 κανόνων.
475 2669 544 2697 Οὔτε
561 2670 614 2706 γὰρ
628 2671 693 2706 περὶ
717 2671 900 2705 μεταθέσεως,

118 2713 181 2740 οὔτε
213 2714 278 2749 περὶ
311 2714 499 2749 μεταϐάσεως,
525 2714 587 2742 οὔτε
608 2716 672 2751 περὶ
694 2715 840 2747 ἐπιϐασίας
862 2716 899 2742 δι-

118 2758 224 2786 δάσκει·
251 2758 318 2786 ἀλλὰ
333 2758 432 2786 κωλύει
456 2759 486 2786 τὸ
501 2760 682 2795 μεταπίπτειν
704 2759 866 2793 ἐπίσκοπον,
884 2760 900 2796 ἦ

120 2805 314 2839 πρεσῆύτερον,
335 2805 351 2840 ἢ
372 2805 494 2832 διάκονον
509 2805 563 2832 ἀπὸ
578 2805 680 2835 πόλεως
696 2806 736 2837 είς
758 2805 833 2832 πόλιν
845 2806 901 2831 ἐτέ-

122 2850 334 2886 ρανὰνήκουσαν
350 2852 381 2886 τῇ
408 2851 475 2887 αὐτῇ
505 2851 644 2887 παροικίᾳ,
672 2850 767 2886 ὥσπερ
792 2851 858 2878 ποτέ
885 2850 899 2876 ό

955 2257 1053 2292 injusta
1077 2255 1225 2291 aggressio.
1257 2255 1362 2288 Quam,
1392 2252 1436 2288 qui
1470 2253 1496 2279 in
1524 2251 1628 2278 Sardic.
1660 2257 1739 2285 syno-

954 2302 988 2330 do
1013 2301 1068 2338 76
1104 2304 1291 2329 convenerunt
1321 2299 1409 2327 sancti
1439 2297 1552 2330 Patres,
1585 2297 1653 2324 adeo
1693 2296 1740 2323 ad-

953 2349 1053 2376 versati
1091 2352 1183 2381 sunt,
1218 2351 1247 2374 ut
1279 2346 1327 2381 qui
1363 2353 1424 2372 eam
1467 2344 1637 2376 admiserit,
1677 2350 1741 2370 eum

953 2401 1015 2420 eum
1039 2393 1113 2420 nullo
1135 2399 1214 2427 posse
1230 2391 1390 2419 Christiano
1413 2388 1617 2417 cornmunicare
1634 2392 1739 2414 statue«

953 2439 1019 2471 rint,
1037 2443 1065 2466 et.
1079 2446 1128 2466 nec
1140 2438 1172 2472 fin
1187 2443 1309 2465 extremo
1328 2437 1435 2472 quidem
1463 2434 1558 2470 spiritu
1584 2441 1644 2460 eum
1670 2432 1738 2459 laica

952 2485 1142 2514 communione
1162 2484 1273 2519 dignum
1298 2483 1464 2515 censuerint,
1489 2481 1522 2508 15
1544 2484 1633 2508 autem
1643 2479 1738 2514 prima

953 2531 1049 2568 synodi
1064 2539 1150 2559 canon
1165 2531 1198 2559 de
1209 2530 1282 2558 nullo
1296 2529 1428 2565 ejusmodi
1438 2528 1602 2555 mentionem
1618 2525 1737 2557 iaciens,

954 2577 1020 2604 nulli
1033 2583 1140 2609 eorum,
1152 2576 1197 2611 qui
1209 2576 1334 2611 superius
1349 2574 1428 2610 positi
1444 2577 1518 2606 sunt,
1532 2572 1628 2600 canoni
1641 2571 1738 2598 adver-

953 2614 1028 2650 satur
1042 2631 1050 2650 :
1063 2630 1150 2658 neque
1165 2622 1237 2650 enim
1259 2622 1293 2649 de
1317 2620 1508 2652 translatione,
1526 2625 1576 2645 nec
1588 2617 1622 2644 de
1639 2615 1738 2644 transis

953 2666 1038 2699 tione,
1056 2674 1106 2694 ncc
1124 2667 1158 2694 de
1175 2666 1314 2694 invasione
1336 2666 1414 2692 docet
1434 2672 1442 2691 :
1464 2663 1510 2690 sed
1534 2661 1657 2696 prohibet
1680 2661 1738 2695 epi-

953 2719 1074 2746 scopum,
1099 2711 1142 2739 vel
1168 2712 1372 2747 presbyterum,
1396 2709 1436 2737 vel
1461 2708 1603 2735 diaconum
1620 2706 1653 2733 ab
1671 2707 1738 2734 urbe

953 2757 980 2785 in
1000 2759 1092 2785 urbem
1116 2759 1150 2785 ad
1170 2766 1247 2785 suam
1266 2757 1420 2792 parochiam
1440 2755 1618 2790 pertinentem
1644 2758 1740 2782 trans-

953 2811 1043 2831 meare
1056 2812 1088 2832 ac
1099 2804 1247 2836 transilire,
1268 2803 1338 2830 sicut
1359 2802 1403 2829 ille
1435 2801 1511 2829 Derci
1526 2800 1669 2836 episcopus
1688 2801 1737 2827 do-

953 2851 1042 2879 minus
1060 2849 1186 2885 Joannes,
1199 2853 1310 2878 conatus
1332 2852 1373 2878 est
1390 2847 1468 2877 Derci
1495 2849 1621 2880 tltrOuum
1647 2851 1736 2875 traul-
