1951 3067
232 116 284 148 253

859 117 999 148 THEOD.
1020 116 1220 147 BALSAMON

1812 115 1870 148 284

232 172 303 198 terre
328 170 355 197 in
381 170 597 206 Philippopolim,
625 171 650 198 In
676 178 727 206 qua
764 171 931 205 superiorem
958 171 1015 205 ipse

1083 171 1216 201 πὶσκοπος
1233 169 1336 205 Δέρκου
1360 169 1463 201 ἐκεῖνος
1477 168 1572 205 κύριος
1611 169 1740 205 Ἰωάννης
1753 171 1869 206 ἐπεχεί-

229 216 445 251 iurisdictionem
455 216 564 248 ltabeat,
576 224 608 243 eo
619 218 689 251 qttod
701 222 772 244 esset
785 217 829 244 illa
842 217 1017 251 frequentior,

232 267 260 290 et
282 264 333 290 luit
355 263 482 298 synodico
507 262 670 296 prohibitus.
698 263 842 298 Propterea
864 262 937 290 enim
966 271 1017 290 non

233 311 341 344 punitur
370 310 425 335 lucc
447 314 560 336 conatus
593 310 757 344 episcopus,
782 309 830 337 sed
842 310 867 336 in
899 310 1016 344 priorem

231 363 307 381 suam
320 354 475 381 cathedram
492 354 642 383 reducitur.
663 355 739 388 Quod
755 355 806 383 hoc
822 360 910 382 autem
924 362 1016 382 verum

232 401 277 432 sit,
290 408 321 427 ex
339 400 405 434 ipsis
420 401 533 435 canonis
546 401 637 428 verbis
647 401 810 434 declaratur,
824 409 884 436 qum
900 401 1018 428 civitatis

232 446 424 478 meminerunt,
445 454 498 473 non
520 446 665 480 parocltize.
685 446 802 474 Utidem
820 446 893 474 enim
913 446 1018 480 episco-

232 497 282 524 pus
303 491 402 518 multas
421 491 529 526 quidem
552 492 650 518 habeat
675 492 801 519 civitates
822 492 893 519 intra
918 492 1018 518 limites

231 538 302 569 ejus,
319 536 375 562 ﬁeri
398 541 485 570 potest
503 545 509 563 :
526 537 572 564 scd
591 545 760 572 nequaquam
778 542 806 564 ιιι
819 537 917 564 tnultas
936 544 1017 572 paro-

231 581 308 608 chias
320 589 368 609 sett
393 583 535 610 diteceses.
560 582 613 610 Sed
626 588 654 609 et
668 590 699 610 ex
717 590 748 610 eo
763 581 836 617 quod
851 589 936 608 canon
956 588 1017 616 pre-

231 629 403 664 sbyterorum
420 629 631 656 etdiaconorum
657 629 790 660 meminit,
813 628 951 655 evidenter
972 635 1017 654 ve-

233 674 298 700 ritas
309 675 471 701 ostenditur.
483 674 548 707 Qum
563 675 634 701 enitn
652 674 804 705 translatio,
819 673 861 700 vel
878 673 1015 705 transitio,

232 719 273 745 vel
297 719 400 746 invasio
421 720 446 746 itt
472 719 515 746 his
539 728 656 754 ttttquam
678 723 766 754 potest
781 718 915 746 tractari?
938 717 1015 745 Nulla

232 764 359 792 omnino:
380 765 427 792 sed
448 764 503 792 sola
519 766 710 792 transmutatio
735 765 768 792 ab
784 765 851 792 urbe
867 765 892 792 in
910 764 1014 796 urbem,

232 817 284 836 non
307 810 433 842 alienant,
457 810 502 837 sed
520 811 552 836 ad
569 810 741 844 parochiam,
759 809 785 836 itt
801 817 882 844 quatit
898 808 1015 835 ordinati

1075 225 1141 252 ρησε
1164 215 1210 243 τὸν
1223 215 1318 250 Θρόνον
1341 215 1390 250 τῆς
1415 215 1517 250 Δέρκου
1536 217 1701 250 μεταγαγεῖν
1715 217 1756 248 είς
1769 218 1799 243 τὸ
1815 217 1868 244 τοῦ

1070 263 1151 290 tanta
1162 261 1419 297 πρωτοπαπαδίκιον
1427 260 1519 294 αὐτοῦ,
1530 261 1573 287 διὰ
1584 261 1614 287 τὸ
1624 262 1871 296 πολυανθρωποτέ-

1073 317 1122 343 ραν
1138 305 1222 337 εἶναι.
1244 307 1291 334 καὶ
1307 306 1430 342 ἐκωλύθη
1447 306 1605 337 συνοδικῶς.
1626 306 1675 332 Διὰ
1699 306 1753 341 γὰρ
1784 307 1868 333 τοῦτο

1072 354 1132 381 οῦδὲ
1150 353 1293 385 κολάζεται
1305 353 1319 379 ὁ
1330 352 1408 378 τοῦτο
1422 352 1602 387 ἐπιχειρήσας
1620 351 1780 385 ὲπίσκοποέ,
1794 352 1869 379 ὰ).λά

1069 400 1118 434 τὴν
1135 400 1272 434 προτέραν
1292 398 1374 425 αὑτοῦ
1391 397 1528 432 καθέδραν
1551 397 1729 431 ἐπανάγεται.
1748 398 1809 424 Ὀτι
1836 398 1867 424 δὲ

1069 445 1147 472 τοῦτο
1161 445 1260 480 ἀληθές
1277 445 1347 475 ἐστι,
1363 442 1488 478 δηλοῦται
1502 443 1549 469 καὶ
1572 443 1620 470 ἀπ’
1641 443 1731 470 αὐτῶν
1742 444 1797 469 τῶν
1814 444 1870 478 ρη-

1071 491 1165 524 μάτων
1176 489 1224 516 τοῦ
1239 490 1350 520 κανόνος
1363 509 1370 521 ,
1398 488 1503 518 πόλεως
1528 488 1706 522 μεμνημένου
1733 488 1782 514 καὶ
1801 488 1869 522 οὐχὶ

1071 536 1236 572 παροικιῶν.
1253 536 1306 562 Τὸν
1322 536 1403 562 αὑτὸν
1417 536 1472 571 γὰρ
1484 536 1585 563 nativa
1598 535 1746 562 ἐπίσκοπον
1761 534 1867 565 πολλὰς

1072 583 1122 618 μὲν
1141 583 1234 614 πόλεις
1251 582 1324 617 ἔχειν
1338 582 1375 614 ὠς
1391 577 1623 617 ἐνορίαν.δυνατόν
1636 583 1704 612 ἐστι,
1718 581 1819 612 πολλὰς
1834 580 1866 607 δὲ

1070 629 1219 664 Παροικίας
1228 629 1363 662 οὐδαμῶς.
1382 629 1462 655 Ἀλλὰ
1471 629 1517 655 καὶ
1526 630 1579 656 ἀπὸ
1591 628 1637 655 τοῦ
1647 627 1801 662 μεμνῆσθαι
1814 627 1864 653 τδν

1069 674 1187 701 τοιοῦτον
1201 675 1302 701 κανόνα
1312 675 1504 710 πρεσϐυτέρων
1520 675 1566 701 καὶ
1582 675 1716 702 διακόνων
1735 672 1866 708 ἐναργῶς

1069 720 1236 756 παρίσταται
1259 721 1275 755 ὴ
1293 720 1417 755 ἀλήθεια.
1431 721 1496 748 Ποία
1512 721 1566 756 γὰρ
1582 719 1756 756 μετᾱῦειιιςῆ
1776 721 1866 753 μετά-

1069 766 1148 798 ϐασις
1172 766 1189 802 ἦ
1213 767 1340 798 ἑπίῦασις
1362 767 1407 794 ἐπὶ
1432 767 1536 794 τούτων
1561 765 1756 805 τρακταῖσοείη
1773 765 1862 797 ποτές

1069 813 1178 843 πάντως
1205 813 1328 847 οὐδεμία·
1349 813 1523 848 μετάπτωσις
1543 813 1570 840 δὲ
1598 813 1666 847 μόνη
1687 811 1741 838 ἀπὸ
1755 811 1864 842 πόλεως

232 859 295 881 sttnt
310 856 501 889 pertinentem,
518 861 546 882 et
558 861 699 889 propterea
717 863 768 882 non
785 856 966 889 deponuntur,
987 859 1016 880 ut

1085 859 1108 889 ῖς
1131 858 1208 884 πόλιν
1222 858 1272 885 οὐκ
1284 858 1439 894 ἀλλοτρίαν,
1458 858 1525 884 ἀλλὰ
1541 859 1573 893 τῇ
1593 857 1740 892 παροικίᾳ,
1765 857 1807 887 εἰς
1825 855 1865 890 ἢν

232 902 276 935 qui
292 907 368 928 extra
389 902 454 928 ﬁnes
466 909 529 929 suos
541 909 617 928 sat-ra
637 901 761 934 fecerint,
776 902 822 929 sed
834 901 967 934 ecclesia),
983 901 1015 929 ad

233 955 312 983 quam
329 947 445 975 ordinati
459 952 533 981 sunt,
546 948 736 976 restituuntur.

270 1078 395 1106 ZONAR.
413 1079 452 1107 Nc
465 1087 497 1107 ex
512 1080 564 1107 alia
585 1080 698 1108 ecclesia
714 1079 740 1108 in
753 1080 845 1113 aliaat,
865 1081 1017 1116 cpiscopus,

232 1126 382 1161 presbyter,
406 1130 452 1153 aut
474 1126 606 1154 diaconus
620 1127 715 1162 migret
730 1132 888 1154 sanctorum
911 1135 1020 1162 quoque

232 1172 414 1206 apostolorum
429 1172 540 1199 decreto
565 1173 745 1199 constitutum
772 1178 823 1200 est.
846 1172 899 1200 Sed
930 1173 1021 1207 negle-

232 1224 302 1244 ctam
327 1223 352 1244 et
381 1223 562 1253 contemptam
587 1218 809 1246 constitutioncm
836 1219 886 1246 ltnc
914 1225 1021 1246 canone

232 1265 350 1298 synodus
379 1264 495 1291 restituit
510 1273 517 1291 :
542 1272 575 1292 ac
593 1265 651 1292 sive
666 1264 700 1292 de
722 1265 862 1299 migrando
880 1272 895 1291 e
909 1265 1020 1292 civitate

234 1311 261 1336 in
275 1309 411 1336 civitatem
435 1310 515 1336 aliam
541 1311 684 1345 cpiscopus
699 1311 844 1346 quispiam,
865 1311 1020 1346 presbyter,

234 1361 282 1382 aut
297 1356 428 1383 diaconus
440 1357 577 1392 cogitarit,
593 1358 650 1384 sive
665 1358 753 1391 reipsa
769 1358 902 1392 migrarit,
919 1358 1023 1392 cogita-

239 1407 319 1436 taque
344 1402 499 1437 perfecerit,
521 1403 627 1430 irritum
644 1404 670 1431 id
694 1404 802 1435 haberi,
826 1404 924 1438 cuique
937 1403 1023 1438 pritno

235 1447 356 1475 ecclesia:
380 1449 519 1476 ordinatus
536 1453 577 1476 est
607 1449 641 1476 ad
665 1457 723 1477 eatn
744 1449 940 1476 restituendum
962 1455 1024 1476 esse

236 1494 367 1521 decernit.
396 1493 490 1528 Neque
503 1495 575 1522 enim
600 1494 685 1522 licere
709 1495 827 1530 cuipiam
851 1494 974 1521 absolute
992 1501 1023 1521 ac

1069 902 1274 938 ἐκληρώοησαν.
1291 903 1454 938 ἀνήκουσαν.
1467 903 1517 929 Διὰ
1528 903 1582 937 γὰρ
1598 902 1677 929 τοῦτο
1688 900 1749 928 οὒδέ
1762 900 1864 927 καοαι-

1069 948 1178 984 ροῦνται
1201 948 1238 980 ὡς
1252 949 1318 984 παρ’
1339 949 1447 984 ἐνορῖαν
1469 949 1714 984 ἱερουργήσαντες,
1740 946 1812 974 ἀλλᾶ
1825 947 1862 981 τῇ

1069 994 1191 1030 προτέρᾳ
1203 994 1346 1030 ἐκκλησίᾳ,
1362 995 1402 1026 είς
1414 994 1448 1030 ἣν
1459 994 1506 1021 καὶ
1521 993 1775 1030 ἐχειροτονήθησαν,
1788 992 1863 1018 ἀπο-

1070 1039 1258 1067 καθίστανται.

1105 1085 1224 1113 ΖΩΝᾹΡ.
1238 1085 1274 1112 Τὸ
1295 1085 1332 1121 μὴ
1349 1086 1471 1120 μετιέναι
1485 1085 1513 1118 ἐξ
1535 1085 1684 1120 ἐκκλησίας
1704 1084 1742 1117 είς
1761 1084 1862 1118 ἑτέραν

1070 1131 1255 1167 ἐπίσκοπεν,ἠ
1272 1132 1467 1167 πρεσὸύτερον,
1477 1132 1492 1167 ἢ
1502 1132 1635 1165 διάκονον,
1651 1131 1696 1157 καὶ
1711 1131 1767 1162 τοίς
1775 1130 1863 1165 ἱεροῖς

1071 1177 1259 1204 κεκανὸνισιαι
1282 1178 1453 1209 ἀποστόλοις.
1481 1178 1561 1204 Ἀλλὰ
1586 1177 1783 1212 παρορώμενον
1811 1176 1862 1202 καὶ

1071 1223 1325 1258 καταφρονούμενον
1338 1223 1367 1250 τὸ
1381 1223 1518 1258 διάταγμα
1539 1225 1554 1258 ἡ
1575 1223 1639 1258 ἁγία
1657 1223 1765 1254 σύνοδος
1786 1221 1859 1257 αὕτη

1072 1268 1115 1294 διὰ
1130 1269 1176 1295 τοῦ
1197 1270 1331 1305 παρόντος
1348 1270 1460 1301 κανόνος
1482 1270 1649 1302 ἀνεκαίνισε,
1667 1267 1861 1303 διορισιμένη,

1071 1314 1125 1341 κᾶν
1145 1315 1306 1350 ἐπιχειρήσῃ
1337 1315 1488 1350 μεταϐῆναι
1517 1316 1549 1342 ἐκ
1572 1315 1674 1346 πόλεως
1699 1315 1738 1345 είς
1761 1314 1862 1349 ἑτέραν

1072 1360 1150 1387 πόλιν
1176 1360 1333 1392 ἐπίσκοπος,
1360 1361 1375 1396 ἢ
1394 1360 1589 1397 πρεσϐύτερος,
1619 1361 1635 1396 ἦ
1654 1361 1788 1392 διάκονος,
1806 1359 1862 1386 κᾶν

1074 1407 1219 1442 μεταϐαίη,
1234 1405 1279 1433 καὶ
1293 1408 1333 1438 εἰς
1348 1407 1427 1442 ἔργον
1439 1406 1528 1442 ἀγάγῃ
1545 1407 1575 1433 τδ
1596 1407 1774 1441 ἐπιχείρημα,
1791 1405 1863 1432 ἀκυ-

1075 1451 1187 1486 ροῦσθαι
1205 1453 1253 1487 τὴν
1267 1453 1366 1488 πρᾶξιν
1381 1453 1476 1485 αὑτοῦ,
1504 1454 1551 1480 καὶ
1575 1452 1809 1480 ἀποκαθίστασθαι
1832 1452 1863 1478 ἐν

1074 1494 1091 1533 ᾖ
1121 1499 1356 1533 χειροτονοῦμενος
1381 1498 1538 1534 ὠνομάσθη·
1569 1499 1662 1534 ἕτερος
1684 1499 1738 1533 γὰρ
1768 1497 1862 1524 κανὼν

235 1541 293 1566 sine
313 1541 422 1568 nomine
433 1542 480 1569 sed
497 1545 571 1568 certo
585 1541 628 1569 vel
640 1541 817 1576 episcopatui,
834 1541 874 1568 vel
887 1540 1017 1572 ecclesiae,

1082 1543 1243 1572 ἱιατάττεται
1256 1544 1355 1581 μηδένα
1364 1544 1583 1581 ὰπολελνμένως,
1597 1545 1681 1580 ἤγουν
1696 1544 1861 1579 ἀνωνύμως,

235 1585 276 1611 νει
289 1587 452 1613 monasterio
472 1587 628 1614 nominatim
645 1586 780 1614 addictum
796 1585 935 1614 ordinibus
953 1586 1020 1614 insl-

236 1632 317 1666 gniri,
333 1632 418 1659 altero
432 1640 536 1660 canone
549 1633 690 1660 deﬁnitum
703 1638 753 1661 est.

236 1677 350 1705 AlilS’l‘.
381 1678 516 1706 Erivitnte
528 1680 556 1706 in
571 1681 700 1708 civitatem
716 1689 796 1715 neque
810 1682 953 1715 episcopus,
974 1688 1021 1707 nec

271 1725 415 1759 presbyter,
440 1734 486 1753 nec
508 1726 635 1753 diaconus
658 1727 801 1754 transiliat.
825 1727 949 1762 Alioquin
977 1735 1021 1754 ec-

272 1770 357 1797 clesiis
382 1771 409 1797 in
438 1772 531 1805 quibus
562 1773 678 1799 ordinati
705 1777 788 1806 sunt,
815 1781 906 1800 rursus
941 1773 1020 1799 resti-

273 1820 391 1843 tuentur.

275 1861 321 1888 llic
333 1869 419 1889 canon
435 1871 487 1890 non
504 1868 606 1890 tantum
625 1864 811 1899 episcoporum
830 1864 1021 1891 translationes

236 1909 346 1934 munitio
359 1908 435 1942 tollit,
453 1910 500 1936 sed
516 1915 543 1936 et
557 1911 776 1945 presbyterorum
790 1915 816 1937 et
830 1909 1019 1942 diaconorum,

237 1958 265 1980 et
281 1961 328 1981 eos
339 1963 446 1989 quoque
460 1958 505 1990 qui
522 1956 572 1982 tale
582 1956 646 1991 quid
654 1955 744 1983 facere
759 1957 798 1983 vel
816 1956 1020 1990 aggrediuntur,

239 2001 354 2029 restituit
371 2009 476 2029 rursum
489 2002 613 2029 ecclesiis
634 2003 660 2029 in
683 2003 781 2037 quibus
798 2002 915 2029 ordinati
935 2001 1020 2030 fuere.

238 2046 343 2074 Primus
360 2053 448 2075 autem
475 2054 502 2076 et
525 2050 661 2076 secundus
680 2049 706 2076 in
728 2049 840 2076 Sardica
865 2055 951 2076 canon
974 2055 1021 2074 eos

237 2094 355 2121 Severius
388 2095 474 2128 punit,
502 2095 792 2123 excommunicationis
813 2094 944 2130 supplicio
972 2101 1021 2121 eos

237 2139 396 2173 Sttbjicielts.

520 2184 635 2212 CANON
651 2185 720 2213 XVI.

239 2230 391 2266 Quicunque
407 2236 501 2258 temere
515 2236 538 2258 ct
551 2232 752 2264 inconsiderate,
772 2241 817 2260 nec
833 2233 882 2260 Dei
901 2235 1021 2261 timomn

274 2286 328 2311 pra:
352 2279 434 2305 oculis
459 2278 590 2310 habentes,
609 2287 654 2306 nec
671 2279 877 2307 ecclesiasticum
895 2289 1019 2308 annonem

274 2325 393 2357 scientes,
427 2325 570 2359 presbyteri
602 2325 641 2352 vel
666 2326 780 2358 diaconi,
814 2326 851 2353 vel
876 2328 1021 2362 quicunque

275 2371 380 2397 omnino
396 2371 423 2397 in
439 2379 537 2398 canone
553 2377 729 2403 recensentur,
750 2371 782 2398 ab
804 2373 918 2399 ecclesiis
940 2381 1022 2399 seces-

275 2414 367 2446 serint,
384 2415 403 2440 ii
414 2415 441 2440 in
454 2414 541 2441 aliena
560 2415 670 2442 ecclesia
692 2416 763 2442 nulla
780 2417 855 2443 modo
872 2418 949 2451 recipi
977 2418 1021 2444 tle-

276 2460 351 2492 bent,
373 2460 419 2487 sed
447 2462 550 2487 omnino
565 2462 672 2496 cogendi
697 2466 757 2488 sunt
780 2463 807 2489 in
822 2471 884 2489 suns
906 2463 1022 2497 ipsorum

275 2505 412 2539 putor/tius
430 2506 525 2533 redire.
553 2506 596 2533 Vel
611 2507 632 2533 si
647 2513 805 2541 perseverent
820 2527 827 2538 ,
850 2516 893 2535 eos
918 2517 933 2535 a
953 2517 1023 2535 com-

277 2553 400 2579 munione
423 2557 556 2587 separntos
574 2561 628 2580 esse
648 2559 756 2587 oportet.
773 2553 819 2581 Sin
841 2559 928 2581 autem
942 2555 1023 2581 etiam

277 2605 356 2624 (tusus
372 2598 451 2631 fuerit
469 2598 599 2631 quispiam
616 2606 675 2625 eum
692 2599 736 2633 qui
753 2600 787 2625 ad
804 2599 884 2626 aliunt
899 2600 1021 2633 pertinet,

277 2641 452 2674 subtipere,et
467 2643 494 2668 in
508 2642 615 2669 σιτία-εἰη
631 2651 679 2669 tua
695 2643 827 2675 ordinare,
842 2652 893 2670 non
912 2652 1023 2671 consen-

278 2689 355 2714 tiente
367 2689 473 2722 proprio
487 2689 615 2722 episcopo,
626 2697 699 2724 aqua
713 2691 819 2718 recessit
829 2691 874 2726 qui
885 2691 912 2717 in
925 2698 1024 2718 canone

277 2739 405 2766 rensctur,
421 2735 497 2762 irrita
516 2735 549 2762 sit
567 2736 712 2765 ordinatio.

1071 1591 1297 1626 χειροτονεῖσθαι,
1309 1591 1365 1617 ἀλλ’
1378 1593 1416 1624 εἰς
1432 1592 1512 1628 τήνδε
1529 1592 1578 1627 τὴν
1594 1590 1759 1626 ἐπισκοπὴν,
1776 1589 1793 1626 ἢ
1809 1589 1864 1628 τὴν

1071 1637 1229 1671 ἐκκλησίαν,
1245 1637 1322 1673 ἢτὴν
1341 1638 1437 1673 μονήν.

1074 1683 1180 1712 ΔΡΙΣΤ.
1201 1683 1252 1710 Ἐκ
1272 1685 1387 1718 πόλεως
1402 1686 1445 1718 εἰς
1474 1685 1566 1712 πόλιν
1581 1684 1654 1719 μήτε
1674 1683 1859 1717 ἐπίσκοπος,

1104 1727 1180 1762 μήτε
1208 1730 1417 1764 πρεσϐύτερος,
1437 1731 1455 1764 ἢ
1481 1730 1621 1763 διάκονος
1647 1729 1862 1764 μεταϐαινέτω·

1106 1774 1171 1800 ἐπεὶ
1184 1774 1277 1802 πάλιν
1289 1776 1538 1810 ἀποδοθήσονται
1553 1776 1616 1808 ταῖς
1629 1775 1808 1809 ἐκκλησίαις
1825 1776 1863 1802 ἐν

1107 1818 1155 1854 αῖς
1167 1822 1432 1855 κεχειροτόνηνται.

1105 1867 1203 1894 Κανὼν
1217 1865 1294 1898 οὗτος
1309 1868 1338 1894 οὐ
1359 1868 1438 1903 μόνον
1453 1868 1503 1899 τὰς
1525 1868 1578 1894 τῶν
1593 1868 1752 1894 ἐπισκόπων
1772 1876 1862 1902 μετα-

1072 1913 1160 1944 Θέσεις
1185 1914 1323 1945 παντελῶς
1337 1915 1453 1950 ἀναιρεῖ,
1470 1914 1539 1941 ἀλλὰ
1556 1914 1603 1941 καὶ
1621 1915 1676 1940 τῶν
1706 1914 1864 1948 πρεσσυτέ-

1075 1967 1130 1994 ρων
1147 1959 1193 1985 καὶ
1209 1959 1351 1992 διακόνων,
1378 1960 1424 1986 καὶ
1436 1960 1506 1991 ,τοὺς
1522 1960 1751 1995 ἐπιχειρήσαντας
1766 1958 1862 1986 τοιοῦ-

1071 2004 1117 2030 τόν
1145 2013 1171 2030 τι
1198 2004 1309 2039 ποιῆται
1336 2005 1510 2040 ἀποκαθιστᾷ
1526 2004 1607 2031 πάλιν
1621 2005 1682 2036 ταῖς
1699 2004 1864 2038 ἐκκλησίαις

1071 2051 1100 2077 ἐν
1115 2048 1159 2082 αἷς
1174 2051 1427 2086 κεχειροτόνηνταισ
1447 2052 1460 2077 ὁ
1476 2051 1504 2077 δὲ
1527 2050 1576 2086 τῆς
1597 2051 1625 2077 ἐν
1641 2051 1761 2086 Σαρδικῇ
1780 2050 1863 2086 πρῶ-

1070 2105 1116 2128 τος
1131 2096 1178 2123 καὶ
1191 2096 1316 2131 δεύτερος
1329 2097 1420 2124 χανὼν
1433 2097 1643 2133 αὐστηροτέρως
1657 2096 1757 2128 αὐτοὺς
1770 2105 1863 2132 τιμω-

1071 2143 1124 2178 ρεῖ,
1138 2143 1336 2178 ἀκοινωνησιας
1355 2143 1466 2175 τούτους
1488 2143 1648 2171 ὑποϐάλλων
1664 2143 1808 2178 ἐπιτιμίῳ.

1359 2190 1479 2216 ΚΑΝΩΝ
1496 2188 1561 2223 tq'.

1073 2234 1159 2262 Ὀσοι
1173 2235 1396 2270 ῥιψοκινδύνως
1418 2235 1495 2270 μήτε
1514 2235 1567 2262 τὸν
1586 2236 1680 2270 φόϐον
1705 2234 1757 2262 τοῦ
1782 2235 1861 2263 Θεοῦ

1107 2280 1164 2314 πρὸ
1174 2279 1335 2315 ὀφθαλμῶν
1348 2281 1481 2315 ἔχοντες,
1490 2281 1566 2316 μήτε
1580 2282 1633 2308 τὸν
1642 2281 1860 2315 ἐκκλησιαστι-

1107 2326 1163 2353 κὸν
1191 2327 1305 2353 κανόνα
1337 2327 1461 2360 εἰδότες,
1483 2327 1713 2362 ἀναχωρήσουσι
1729 2326 1786 2360 τῆς
1809 2327 1863 2354 ἐκ-

1110 2372 1252 2405 κλησίας,
1271 2373 1468 2406 πρεσϐύτεροι
1492 2373 1511 2407 ἢ
1530 2371 1674 2405 διάκονοι,
1693 2372 1712 2406 ἥ
1729 2372 1808 2404 ὅλως
1827 2372 1862 2399 ἐν

1107 2417 1147 2450 τῷ
1176 2418 1281 2444 κανόνι
1306 2417 1509 2452 ἐξεταζόμενοι
1523 2426 1530 2434 ·
1557 2416 1640 2445 οὗτοι
1660 2417 1797 2452 οὐδαμῶς
1812 2417 1862 2444 δε-

1106 2462 1169 2489 κτοὶ
1179 2462 1353 2496 ὀφείλουσιν
1369 2461 1444 2491 εἶναι
1454 2464 1488 2491 ὲν
1500 2464 1584 2497 ἑτέρᾳ
1594 2463 1741 2498 ἐκκλησίᾳ
1755 2471 1762 2478 ·
1779 2464 1863 2491 ἀλλὰ

1109 2507 1213 2534 πᾶσαν
1226 2509 1329 2542 αὐτοῖς
1351 2510 1486 2543 ἀνάγκην
1499 2509 1662 2544 ἐπάγεσθαι
1685 2509 1758 2544 χρὴῗν
1784 2510 1860 2537 ἀνα-

1109 2552 1250 2585 στρέφειν
1262 2554 1303 2585 εὶς
1324 2553 1375 2586 τὰς
1394 2553 1509 2580 ἑαυτῶν
1526 2553 1693 2587 παροικίας,
1715 2553 1734 2588 ἣ
1757 2552 1861 2588 ἐπιμέ-

1108 2606 1216 2630 νοντας
1232 2599 1452 2633 ἀκοινωνήτους
1463 2598 1539 2627 εἷναι
1548 2599 1704 2634 προσήκει.
1716 2600 1747 2625 Et
1760 2599 1795 2625 δὲ
1807 2601 1859 2627 καὶ

1109 2643 1271 2678 τολμήσειέ
1290 2654 1333 2678 τις
1350 2645 1525 2680 ὑφαρπάσαι
1552 2645 1606 2672 τὸν
1625 2644 1664 2677 τῷ
1682 2643 1771 2678 ἑτέρῳ
1796 2644 1862 2672 δια-

1106 2690 1245 2724 φέροντα,
1265 2691 1312 2717 καὶ
1330 2691 1539 2725 χειροτονῆσαι
1550 2691 1586 2718 ἐν
1598 2690 1634 2725 τῇ
1644 2690 1738 2717 αὐτοῦ
1748 2690 1862 2724 ἐκκλη-

1111 2736 1174 2769 σίᾳ,
1189 2735 1231 2770 μὴ
1241 2737 1532 2772 συγκατατιθεμένου
1561 2737 1614 2764 τοῦ
1632 2736 1710 2763 ἰδίου
1735 2736 1862 2763 ἐπισκό-

1103 2790 1173 2813 που,
1187 2780 1223 2808 οὖ
1233 2782 1426 2816 ἀνεχώρησεν
1437 2785 1453 2810 ὁ
1464 2783 1498 2809 ἐν
1514 2781 1553 2814 τῷ
1567 2782 1672 2809 κανόνι
1690 2781 1861 2817 ἐξεταζόμε‹

1110 2835 1173 2861 νος,
1189 2827 1299 2861 ᾶκιιρος
1313 2827 1390 2855 ἔστω
1405 2829 1422 2863 ἡ
1439 2828 1614 2863 χειροτονία.
