1951 3067
96 107 147 138 285

617 106 660 137 IN
677 106 757 137 CAN.
779 107 846 138 XVI
858 107 963 139 CONC.
979 109 1116 140 NICEN.
1139 111 1164 141 Ι.

1660 114 1713 146 2ῖ6

134 162 230 189 ΒΔΛΣ.
239 162 305 188 Ἀπὸ
320 161 366 189 τοῦ
377 161 470 193 τέλους
483 162 530 188 τοῦ
541 165 570 188 ιε’
592 163 702 194 κανόνος
713 171 876 197 παρίσταται

961 165 1061 192 BALS.
1089 166 1125 193 Ex
1150 167 1202 194 tlue
1225 167 1322 195 decimi
1348 169 1435 203 quinti
1454 170 1567 198 canonis
1591 173 1713 200 ostendi«

96 209 135 235 ὅτι
175 208 274 239 πάντες
313 209 337 234 οί
365 208 632 244 χειροτονούμενοιῆ
659 210 698 240 εἰς
730 209 880 241 ἐπισκοπὰς

97 253 268 288 ἐκληροῦντο,
299 253 359 287 ἦτοι
384 253 608 287 ὲχειρστονοῦντο,
636 253 652 288 ἢ
678 255 718 285 εἰς
749 254 882 289 μοναστή-

97 308 152 333 ρια,
177 299 193 334 ἢ
223 299 263 330 εἰς
284 298 373 330 θείους
400 298 496 328 ναούς-
530 298 590 325 ὅθεν
622 299 776 330 ἀκολούθως
795 300 882 334 τούτῳ

97 346 143 371 καὶ
163 346 176 371 ό
193 348 220 376 ς’
244 344 334 371 κανὼν
343 344 393 379 τῆς
407 345 435 370 ὲν
462 344 613 378 Χαλκηδόνι
629 345 739 371 συνόδου
756 345 803 371 καὶ
831 345 846 371 ὁ
866 343 881 371 ι’

97 391 259 424 δέορίζονται
285 390 356 425 οὖτῳ
378 390 440 421 τοὺς
457 389 604 424 κληρικοὺς
619 390 753 424 γίνεσθαι,
769 390 815 416 καὶ
831 390 882 425 τὴν

103 436 175 470 παρὰ
193 435 281 461 ταῦτα
297 434 482 469 γενησομένην
506 434 676 468 χειροθεσίαν
701 433 879 469 ἀκυροῦσθαι.

98 481 143 506 Διὸ
172 481 219 506 καὶ
236 481 358 507 δέδοκται
372 480 408 514 μὴ
423 479 495 515 ἔχειν
509 480 552 506 ἐπ’
568 479 660 510 ἁδείας
673 480 734 506 τινὰ
750 479 882 515 κληρικὸν

99 526 152 552 ἀπὸ
171 525 318 560 παροικίας
334 526 375 557 είς
391 526 540 560 παροικίαν
554 524 727 560 μεταϐαίνειν
742 526 789 552 καὶ
802 525 882 559 ἀμεί-

99 572 158 597 ϐειν
175 572 219 598 τὸν
236 571 335 606 κλῆρον
349 572 412 598 ἄνευ
424 572 534 607 γραφῆς
549 572 716 606 ἁπολυτικῆς
729 570 775 598 τοῦ
790 579 881 606 χειρο-

99 617 262 652 τονήσαντος
287 617 392 643 τοῦτον.
411 617 478 648 Τοὺς
490 617 519 643 δὲ
539 617 792 651 μετακαλουμένους
817 617 882 652 κλη-

102 663 195 697 ρικοὺς
213 663 289 697 παρὰ
305 663 359 689 τῶν
374 662 620 698 χειροτονησάντων
644 663 753 695 αὐτοὺς,
778 663 825 688 καὶ¹
844 662 880 698 μὴ

102 709 293 743 πειθομένους,
340 709 522 744 ἀναστρέφειν
556 710 756 744 άκοινωνήτους
790 709 882 740 αὐτοῖς

102 753 181 789 εἶναι,
224 756 307 790 ἧγουν
346 755 383 790 μὴ
419 755 641 790 παραχωρεῖσθαι
679 756 882 790 συνιερουργεῖν

99 801 214 832 τούτοις.
236 802 283 832 Είς
299 800 379 827 τοῦτο
394 801 447 836 γὰρ
472 801 503 827 τὺ
527 801 564 836 μὴ
581 802 718 828 κοινωνεῖν
742 801 880 836 ἐκλαμϐά-

98 848 226 878 νεται,οὺ
244 847 296 882 μὴν
311 848 350 878 εἰς
367 847 396 874 τὸ
420 847 461 881 μὴ
483 847 688 881 ἐκκλησιάζειν,
707 847 723 882 ἢ
738 847 778 879 είς
796 847 826 874 τὸ
843 847 880 882 μὴ
898 836 918 865 Β

101 892 320 928 μεταλαμϐάνειν
353 893 408 918 τῶν
438 892 630 927 ἁγιασμάτων,
645 893 799 924 ἀκολούθως
816 893 883 920 πάν-

100 946 153 968 τως
165 936 205 971 τῷ
221 936 250 962 ιε’
268 937 437 971 ἀποστολικῷ
455 937 557 968 κανόνι,
571 937 610 971 τῷ
632 937 811 972 διοριζομένῳ
843 937 881 973 μὴ

99 983 270 1018 λειτουργεῖν
287 983 350 1014 τοὺς
365 982 520 1013 τοιούτους.
554 983 584 1010 '0
598 983 625 1010 δὲ
642 986 679 1015 ις’
701 982 883 1014 ἅποστολικὸς

100 1028 190 1055 κανὼν
205 1028 350 1064 ἀφορισμῷ
371 1028 573 1056 καθυποϐόιλλει
596 1029 642 1056 τὴν
657 1029 805 1063 δεξάμενον
817 1029 879 1055 ἐπί-

101 1082 202 1101 σκοπον
218 1075 247 1106 ὲξ
263 1075 359 1109 ἐτέρας
380 1076 531 1110 παροικίας
543 1075 674 1110 κληρικὸν
695 1076 759 1101 ἄνευ
777 1075 879 1101 ἀπολυ-

100 1120 180 1154 τικῆς
203 1120 313 1156 γραφῆς
332 1120 380 1147 τοῦ
412 1121 654 1156 χειροτονήσαντος
682 1121 775 1148 αὐτόν.
799 1121 882 1147 Ὥστε

101 1166 193 1197 καλῶς
208 1167 282 1193 ποιεῖ
302 1167 316 1193 ὁ
341 1166 412 1193 κατὰ
440 1166 553 1199 καιροὺς
573 1167 622 1201 τῆς
638 1166 767 1201 Μεγάλης
786 1166 883 1202 ἐκκλη-

103 1213 162 1243 σίας
177 1212 360 1248 χαρτοφὺλαε,
378 1212 416 1248 μὴ
439 1211 615 1248 παραχωρῶν
635 1213 692 1243 τοῖς
709 1211 884 1248 ἐξωχειροτο-

101 1259 192 1292 νήτοις
216 1259 335 1293 ἱερεῦσιν
352 1259 517 1295 ἱερουργεῖν,
543 1259 580 1294 μὴ
607 1259 805 1294 προκομίζουσι
835 1267 884 1286 συ-

102 1306 233 1336 στατικὰς
245 1306 290 1332 καὶ
300 1305 470 1337 ἀπολυτικὰς
490 1306 599 1341 γραφὰς
610 1304 665 1332 τῶν
677 1306 886 1341 χειροτονησάν-

101 1360 156 1378 των
180 1352 287 1383 αὐτούς.
314 1352 462 1386 Ἀνάγνωθι
489 1353 536 1379 καὶ
568 1352 612 1379 τδν
629 1352 666 1379 λε’
691 1353 878 1388 ἅποστολικὺν,
909 1354 1021 1388 κανόνα,
1042 1355 1152 1383 συνόδου
1184 1355 1349 1392 Ἀντιοχείας
1379 1355 1493 1388 κανόνας
1517 1358 1551 1390 ιγ’

103 1400 214 1427 συνόδου
237 1400 350 1434 Ἐφέσου
368 1400 469 1427 κανόνα
486 1403 520 1435 η’.

138 1468 255 1496 ΖΩΝΛΡ.
276 1468 304 1495 '0
326 1467 374 1503 μὲν
389 1467 440 1502 πρὸ
459 1467 552 1494 τούτου
566 1465 656 1494 κανὼν
680 1467 743 1499 τοὺς
776 1468 885 1503 ἀναχω-

933 213 987 239 tur,
1003 211 1074 244 quod
1085 219 1178 237 omnes
1193 211 1237 244 qui
1252 213 1423 246 ordinantur,
1437 215 1477 240 vel
1489 214 1522 241 ad
1543 215 1714 249 episcopatus

932 256 1127 290 eliguntur77
1137 257 1195 283 sive
1207 258 1379 290 ordinantur,
1391 256 1433 286 vel
1444 258 1477 285 ad
1492 260 1665 292 monasteria,
1674 259 1715 287 Vel

931 301 964 327 ad
981 301 1086 328 divinas
1107 301 1186 329 aedes.
1208 301 1285 330 Unde
1301 303 1324 330 ei
1342 309 1537 338 consequenter
1551 309 1577 331 et
1599 305 1616 332 €-
1629 313 1714 332 canon

932 346 1060 374 Chalced.
1073 355 1133 382 syu.
1153 352 1179 374 et
1205 348 1237 374 10
1262 352 1386 375 statuunt
1406 349 1518 377 clericos
1542 350 1582 377 sic
1600 350 1666 381 fieri,
1690 355 1717 376 et

931 401 991 427 qtue
1013 393 1091 419 aliter
1105 393 1174 419 facta
1191 394 1280 425 fuerit,
1298 402 1423 421 manuum
1437 394 1635 429 impositiouem
1652 397 1718 423 ἰτγὶα

933 444 985 465 tam
1013 439 1117 465 haberi.
1147 439 1279 472 Quocirca
1291 441 1371 467 etiam
1401 441 1501 475 placuit
1532 449 1583 468 non
1605 449 1665 468 esse
1690 441 1717 468 in

931 484 1022 511 clerici
1042 489 1175 518 potestate
1191 492 1204 510 a
1217 485 1326 512 civitate
1343 486 1370 512 in
1388 486 1528 513 civitatem
1547 487 1672 521 migrare,
1692 490 1719 513 et

931 530 1034 558 clerum
1051 534 1217 557 commutare
1230 530 1289 557 sine
1305 531 1468 558 dimissoriis
1485 531 1582 558 litteris
1600 530 1657 564 ejus
1673 530 1719 564 qui

931 576 1067 603 ordinavit
1084 584 1091 602 :
1109 576 1224 603 clericos
1237 581 1325 603 autem
1344 577 1389 611 qui
1404 578 1437 605 ab
1449 578 1489 604 eis
1503 577 1548 612 qui
1561 578 1721 605 ordinarunt

932 623 1015 657 ipsos,
1031 628 1189 654 evocantur,
1206 627 1233 649 et
1256 623 1344 650 redire
1362 631 1413 649 non
1435 624 1642 656 pet-suadentur,
1661 631 1721 651 esse

932 675 945 694 a
956 669 1147 695 communione
1157 673 1306 702 separatos,
1314 668 1340 694 id
1352 673 1390 695 est
1403 676 1454 695 non
1467 668 1584 703 permitti
1595 669 1633 696 eis
1646 674 1671 695 ut
1683 668 1722 695 si-

932 713 1154 740 mulsacrificent.
1164 713 1190 740 ln
1203 721 1234 740 ea
1244 714 1314 740 enim
1324 714 1520 749 significatione
1531 721 1582 741 non
1595 721 1721 741 commu—

932 759 1024 786 nicare
1039 759 1171 793 accipitur
1185 768 1192 786 ι
1205 767 1256 786 non
1269 763 1358 788 atttem
1372 760 1398 787 in
1410 768 1440 787 ca
1457 767 1516 794 quae
1527 765 1580 791 est,
1592 760 1618 787 in
1630 760 1721 788 cccle-

933 805 1000 832 siam
1011 812 1063 831 non
1075 805 1215 836 accedere,
1229 805 1268 832 vel
1279 810 1446 832 sacramenta
1462 813 1513 832 non
1536 806 1699 840 participare
1712 815 1719 833 :

934 851 1014 886 idque
1038 851 1150 878 omnino
1169 852 1197 878 fit
1216 857 1417 886 consequenter
1439 851 1473 878 15
1491 851 1588 879 canoni
1613 857 1721 885 aposto«

933 895 995 928 lico,
1026 896 1069 930 qui
1082 896 1208 923 decernit
1232 905 1280 925 eos
1303 905 1356 924 non
1379 897 1546 925 ministrare.
1571 897 1603 925 16
1629 902 1718 924 autem

932 950 1019 969 canon
1042 943 1206 977 apostolicus
1229 944 1407 978 scgregationi
1436 943 1543 977 subjicit
1565 943 1646 970 etiatn
1664 943 1722 978 epi—

933 997 1042 1024 scopum
1058 991 1103 1024 qui
1118 998 1150 1017 ex
1165 990 1215 1016 alia
1233 991 1360 1024 parocbia
1376 990 1504 1017 clericum
1523 989 1633 1022 recipit,
1662 988 1721 1015 sine

932 1035 1095 1064 dimissoriis
1120 1035 1217 1063 litteris
1242 1035 1300 1070 eius
1319 1035 1363 1069 qui
1387 1043 1447 1062 eutn
1466 1035 1610 1062 ordinavit.
1631 1034 1722 1067 Quare

933 1085 1006 1108 recte
1022 1081 1086 1108 facit
1111 1081 1132 1108 is
1153 1081 1197 1114 qui
1217 1088 1265 1115 pro
1277 1086 1396 1115 tempore
1420 1086 1460 1107 εει
1475 1080 1576 1114 Magum
1595 1079 1722 1107 Ecclesite

934 1126 1140 1161 chartopbylar,
1162 1135 1215 1154 non
1229 1127 1378 1161 permiteus
1392 1127 1425 1154 iis
1437 1126 1482 1161 qui
1505 1131 1581 1153 extra
1600 1125 1718 1153 ordinati

935 1177 1008 1204 sunt,
1029 1173 1227 1205 sacerdotibus,
1246 1172 1411 1204 sacriﬁcare.
1431 1172 1481 1199 uisi
1502 1177 1529 1199 et
1547 1173 1722 1199 commenda-

938 1218 1012 1244 titias
1033 1221 1060 1244 et
1085 1219 1253 1246 dimissorias
1272 1218 1376 1245 litteras
1392 1225 1486 1244 eorttm
1511 1225 1525 1244 tt
1543 1218 1641 1251 quibus
1659 1223 1724 1244 sunt

937 1263 1056 1290 ordinati
1081 1263 1207 1291 afferant.
1232 1264 1301 1298 Lege
1326 1268 1352 1291 et
1372 1263 1404 1290 35
1429 1270 1492 1292 cau.
1515 1268 1601 1297 apost.
1627 1262 1723 1297 synod.

938 1308 1064 1336 Antioch.
1079 1316 1140 1336 can.
1158 1310 1191 1337 l5
1205 1314 1230 1336 et
1242 1309 1288 1339 22.
1303 1314 1328 1335 et
1340 1309 1435 1343 synod.
1454 1309 1551 1344 Ephcs.
1564 1316 1625 1335 cun.
1643 1308 1671 1335 8.

1603 1355 1650 1382 καὶ
1683 1352 1726 1381 κδ’

975 1468 1101 1496 ZONAR.
1131 1469 1291 1503 Quicunque
1318 1468 1376 1496 suis
1406 1467 1508 1495 relictis
1533 1465 1668 1497 ecclesiis.
1697 1465 1723 1492 in

104 1517 217 1553 ροῦντας
233 1516 404 1543 τῶνοίκείων
422 1515 574 1548 ἐκκλησιῶν
603 1514 651 1541 καὶ
680 1515 772 1546 ἄλλαις
802 1524 886 1550 προσ·

941 1515 1008 1542 alias
1024 1515 1207 1546 divertissenl,
1223 1513 1346 1541 ecclesiae
1359 1513 1386 1540 in
1398 1521 1449 1547 qua
1460 1514 1574 1548 quisque
1587 1512 1728 1538 ordinatus

105 1561 272 1597 ερχομένους
292 1559 528 1587 ἀποκαθίστασθαι
545 1560 578 1594 τῇ
594 1558 727 1594 ἐκκλησίᾳ
742 1559 890 1593 διορίζεται

103 1610 133 1635 ἑν
182 1606 401 1643 κεχειροτόνηται
415 1606 531 1637 ἕκαστος
547 1613 554 1622 ’
574 1598 663 1637 ὀὗτος
691 1604 719 1631 δὲ
747 1606 810 1636 τοὺς
853 1605 891 1640 μὴ

103 1653 281 1689 πειθομένους
296 1651 471 1685 ἐπανελθεῖν,
503 1651 551 1678 καὶ
590 1650 787 1686 ἀκοινωνήτους
820 1647 891 1677 εἷναι

105 1699 240 1731 θεσπίζει.
259 1699 366 1726 Ἔοικεν
380 1695 426 1725 οὖν
463 1697 651 1724 ἐναντιοῦσθαι
670 1695 708 1731 τῷ
737 1695 768 1723 ιε’
797 1696 891 1723 κανόνι

104 1746 159 1772 τῶν
173 1745 253 1780 ιερῶν
273 1744 442 1771 ἀποστόλων.
467 1744 586 1774 Ἐκεῖνος
596 1743 652 1777 γὰρ
668 1742 733 1773 τοὺς
758 1742 888 1768 καταλεί-

104 1788 209 1823 ψαντας
226 1789 374 1822 κληρικοὺς
389 1788 440 1819 τὰς
454 1787 558 1814 ἑαυτῶν
580 1787 740 1821 παροικίας,
769 1786 817 1814 καὶ
849 1787 890 1818 εἰς

105 1834 189 1868 ἄλλην
205 1834 353 1868 παροικίαν
369 1833 509 1864 παντελῶς
523 1833 712 1868 μεταστάντας
727 1831 804 1867 παρὰ
817 1832 892 1866 γνὼ-

108 1889 161 1915 μην
177 1879 223 1906 τοῦ
240 1879 391 1905 ἐπισκόπου
406 1879 496 1905 αὐτῶν
525 1878 625 1912 μηκέτι
663 1878 830 1913 λειτουργεῖν
844 1886 891 1904 κε-

107 1925 192 1957 λεύει,
222 1925 260 1956 ὡς
288 1924 317 1952 δὲ
347 1924 457 1956 λαῖκοὺς
479 1925 616 1951 κοινωνεῖν
645 1924 788 1959 ἐπιτρέπει
824 1924 890 1952 ἐκεῖ.

104 1970 188 2007 Οἶμαι
202 1971 293 1997 τοίνυν
308 1969 354 1996 ἐπὶ
368 1969 415 1996 τοῦ
441 1970 576 2004 παρόντος
591 1969 703 2001 κανόνος
718 1969 748 1995 τὸ
778 1969 892 1996 ἀκοινω-

104 2019 202 2053 νήτους
229 2017 298 2044 εἶναι
316 2016 401 2048 οὕτως
417 2016 547 2048 νοεῖσθαι,
568 2016 652 2051 ἤγουν
681 2015 717 2051 μὴ
737 2024 892 2048 συγκοινω-

104 2065 159 2091 νεῖν
175 2064 268 2095 αὐτοῖς
285 2062 348 2094 τοὺς
361 2061 517 2096 tantum);
553 2061 667 2096 δηλαδή.
708 2061 790 2088 Ἀλλὰ
820 2061 890 2088 ἀπο-

105 2110 255 2145 τρέπεσθαι
276 2109 306 2136 τὺ
320 2109 526 2143 συνιερουργεῖν
547 2108 639 2138 αὐτοῖς
651 2107 714 2139 τοὺς
728 2106 867 2138 τοιούτους
883 2114 890 2122 ·

942 1566 993 1594 est,
1021 1561 1156 1596 superiori
1180 1567 1284 1587 canone
1308 1560 1411 1587 restitui
1434 1559 1571 1593 iubentur.
1594 1558 1642 1585 llic
1665 1566 1728 1585 veto

941 1616 988 1636 eos
1003 1608 1050 1643 qui
1069 1615 1122 1635 non
1140 1607 1278 1642 paruerint
1296 1606 1408 1636 reverti.
1428 1613 1460 1632 ac
1485 1610 1626 1640 propterea
1651 1611 1728 1630 com-

943 1656 1071 1682 munione
1086 1655 1204 1688 privatos
1217 1660 1277 1680 esse
1297 1651 1427 1679 decernit.
1446 1651 1512 1678 lliuc
1528 1658 1593 1685 ergo
1617 1649 1727 1684 aliquis,

942 1705 1096 1728 sanctorum
1128 1699 1311 1734 apostolorum
1343 1698 1447 1724 decimo
1478 1697 1573 1731 quinto
1608 1696 1727 1728 cauoni,

942 1746 1165 1773 constitutionem
1195 1745 1264 1772 hanc
1293 1742 1430 1770 adversari
1459 1742 1538 1769 facile
1564 1742 1729 1776 suspicetur.

942 1792 1008 1819 Nam
1027 1792 1072 1819 illo
1085 1798 1204 1825 quoque,
1219 1790 1375 1824 quicunque
1390 1789 1481 1815 clerici
1497 1789 1522 1814 in
1544 1788 1626 1814 aliam
1642 1795 1731 1822 parm.-

942 1839 1023 1871 ciam,
1039 1845 1088 1865 stta
1104 1836 1209 1868 relicta,
1220 1835 1304 1862 invito
1317 1835 1447 1870 episcopo
1459 1841 1510 1861 suo
1524 1834 1730 1866 transmearim,

943 1883 1029 1911 sat-ris
1042 1889 1161 1917 unquam
1178 1881 1296 1916 operari,
1311 1881 1382 1908 facta
1398 1881 1574 1907 nihilominus
1599 1880 1729 1907 laicorunt

942 1927 1162 1956 communicandi
1196 1927 1353 1961 potestalcf,
1384 1925 1572 1959 prohibentur.
1605 1924 1732 1951 Commu-

943 1973 1030 2000 nionis
1042 1973 1124 2006 igitur
1137 1971 1315 2006 privationem
1327 1971 1377 1997 hoc
1387 1971 1444 1997 loco
1456 1977 1516 1997 eam
1532 1970 1730 2004 intelligendam

943 2026 1002 2046 esse
1017 2017 1148 2049 arbitror,
1166 2025 1219 2052 qua
1233 2016 1330 2043 initiati
1346 2015 1473 2042 videlicet
1490 2015 1522 2042 iis
1537 2022 1613 2042 sacra
1630 2014 1733 2042 facien-

945 2064 1017 2092 tibus
1034 2063 1109 2091 nullo
1125 2063 1207 2090 modo
1221 2061 1438 2092 communicare.
1459 2060 1506 2088 sed
1532 2068 1579 2088 eos
1604 2061 1629 2087 in
1654 2067 1734 2087 sacro

945 2110 1097 2138 ministerio
1112 2109 1219 2144 penitus
1243 2108 1362 2135 aversari
1386 2107 1527 2142 jubeutttr.
1554 2107 1731 2135 Gommuuio-

107 2155 251 2182 κοινωνίαν
265 2153 383 2181 ἐνταῦθα
395 2153 449 2180 τῶν
474 2153 560 2187 ἁγίων
588 2153 719 2186 Πατέρων
761 2153 820 2187 οὐχὶ
843 2151 886 2187 τὴι

946 2157 1045 2190 nisque
1060 2156 1182 2186 nomine.
1201 2161 1255 2181 non
1283 2161 1424 2181 sacrorum
1451 2153 1642 2189 mysteriorum
1667 2160 1730 2186 per-

108 2202 261 2237 μετάληψιν
277 2202 331 2228 τῶν
346 2200 527 2236 ἁγιασμάτων
540 2200 744 2234 ὁνομασόιντων,
759 2199 827 2226 ἀλλὰ
843 2199 892 2233 τὴν

106 2247 160 2274 τῶν
170 2246 251 2282 ίερῶν
272 2245 516 2282 συμμεταχείρισιν
532 2245 580 2272 καὶ
611 2244 816 2279 κοινοπραξίαν,
846 2244 893 2270 καὶ

107 2292 137 2318 τδ
157 2292 373 2326 συλλειτουργεῖν
401 2292 458 2323 τοῖς
493 2289 592 2326 οἷσπερ
618 2291 785 2325 προσῆλθον.
814 2289 893 2317 Οὕτω

107 2338 162 2373 γὰρ
177 2337 322 2372 νοούμενος
342 2337 356 2363 ὁ
371 2338 466 2372 παρὼν
486 2336 587 2370 κανὼν,
608 2336 639 2363 οὐ
656 2336 801 2371 διαφωνεῖν
822 2335 893 2370 πρὸς

107 2383 153 2409 τὸν
167 2383 344 2409 ἀποστολικδν
353 2383 454 2409 κανόνα
469 2382 540 2414 δόξει
558 2383 621 2410 τινί.
639 2381 707 2409 Εἶτα
729 2382 827 2416 ἐπάγει
843 2382 891 2414 ὡς,

107 2430 132 2456 εί
146 2429 294 2460 ἑπίσκοπός
307 2437 348 2460 τις
360 2429 405 2455 τὸν
425 2428 472 2463 ἀφ’
487 2429 585 2463 ἐτέρας
600 2429 705 2459 πόλεως
729 2429 770 2460 εἰς
795 2428 892 2463 ἑτέραν

110 2473 368 2511 μεταναστεύσαντα
398 2474 528 2509 κληρικδν
553 2476 748 2509 χειροτονήσει,
771 2483 893 2509 προαγα-

106 2521 164 2555 γὼν
178 2521 243 2551 ἴσως
255 2520 335 2546 αὐτὸν
347 2520 388 2551 είς
401 2520 505 2554 βαθμὸν
522 2520 634 2555 μείζονα
661 2521 698 2556 μὴ
725 2520 892 2556 βουλομένου

105 2568 152 2594 cui
166 2565 326 2598 ἐπισκόπου,
344 2566 373 2600 ἐξ
388 2562 420 2592 οὗ
441 2566 625 2602 ἀνεχώρησεν,
648 2566 752 2603 ἄκυρος
775 2567 852 2594 ἔσται
868 2567 885 2602 ἡ

107 2613 274 2649 χειροτονία.

109 2681 222 2708 ΑΡΙΣΤ.
254 2681 342 2707 Ὅσοι
377 2680 572 2715 πρεσϐύτεροι
597 2679 647 2706 καί
674 2679 808 2707 διάκονοι
838 2680 893 2715 τῆς

138 2726 303 2760 ἐκκλησίας
318 2725 582 2760 ἀναχωρήσουσιν,
594 2725 712 2753 ἄδεκτοι
730 2727 773 2759 εις
788 2725 893 2761 ἑτέραν

136 2772 307 2804 ἐκκλησίαν
320 2770 500 2805 γενήσονται
512 2778 520 2786 ·
536 2769 606 2797 ἀλλ’
629 2770 893 2805 ὲπιστρεφέτωσαν

137 2818 181 2851 είς
200 2817 258 2852 τὴν
272 2818 369 2845 αὐτῶν
388 2817 557 2851 παροικίαν.
575 2818 607 2844 Et
623 2815 656 2843 δέ
669 2824 713 2849 τις
729 2817 784 2844 τὸν
800 2816 893 2851 ἑτέρῳ

947 2203 1108 2236 ceptionetn,
1123 2200 1172 2229 sed
1189 2201 1215 2228 in
1232 2201 1317 2228 sacris
1338 2200 1495 2227 muneribus
1517 2207 1549 2226 ac
1572 2198 1732 2226 ministeriis

947 2255 1000 2274 una
1015 2254 1075 2274 cum
1094 2246 1127 2273 iis
1142 2246 1176 2273 ad
1191 2252 1261 2280 quos
1275 2245 1408 2272 accedunt
1421 2243 1552 2271 obeundis
1571 2243 1730 2270 societatem

947 2293 992 2320 hic
1005 2292 1153 2320 aPatrihus
1164 2299 1227 2319 reor
1239 2298 1300 2318 esse
1325 2290 1513 2324 significatam.
1527 2287 1584 2316 [iac
1597 2289 1731 2323 siquidem

947 2339 1052 2366 ratione
1081 2338 1268 2372 explicatum,
1305 2335 1373 2363 nihil
1406 2337 1481 2362 hunc
1507 2336 1540 2362 ab
1581 2334 1734 2369 apostolico

947 2391 1052 2412 canone
1077 2384 1245 2417 discrepare,
1270 2382 1350 2410 facile
1365 2381 1516 2416 apparebit.
1541 2381 1641 2408 Deinde
1665 2381 1730 2407 sub-

943 2429 1015 2464 jicit,
1035 2430 1105 2464 quod
1119 2429 1141 2456 si
1153 2428 1213 2463 quis
1225 2428 1368 2463 episcopus
1380 2427 1506 2455 clericum
1523 2427 1568 2461 qui
1589 2427 1623 2454 ab
1638 2435 1689 2453 una
1703 2426 1732 2453 iu

947 2477 1026 2503 aliam
1042 2477 1135 2504 urbem
1155 2474 1279 2502 transit-it
1300 2473 1478 2506 ordinaverit,
1493 2480 1657 2508 promet-ens
1674 2471 1734 2498 fon

947 2521 1027 2549 lassis
1042 2529 1103 2549 eum
1129 2521 1154 2548 in
1171 2520 1304 2555 majorem
1332 2519 1457 2554 gradum,
1484 2519 1612 2553 episcopo
1633 2525 1647 2543 a
1676 2524 1735 2551 quo

947 2564 1083 2597 discessit,
1099 2571 1151 2591 non
1171 2563 1369 2596 consentiente,
1388 2563 1462 2590 irrita
1476 2562 1529 2589 erit
1548 2562 1693 2589 ordinatio.

947 2677 1060 2706 ARIST.
1078 2677 1210 2711 Quotquot
1225 2675 1370 2710 presbyteri
1387 2674 1425 2701 vel
1438 2672 1544 2700 diaconi
1565 2671 1596 2698 ab
1620 2669 1729 2697 ecclesia

983 2723 1147 2755 recesserint,
1175 2723 1202 2749 in
1220 2721 1302 2748 aliam
1324 2719 1460 2747 ecclesiam
1481 2726 1533 2745 non
1552 2721 1611 2743 sunt
1636 2715 1731 2741 admit.

983 2770 1064 2803 tendi,
1092 2769 1126 2795 ad
1149 2776 1224 2795 suam
1250 2774 1310 2793 vero
1332 2766 1472 2800 parmciam
1497 2768 1672 2790 revertantur.
1699 2761 1730 2788 Si

982 2817 1041 2852 quis
1058 2820 1145 2843 autem
1162 2821 1219 2841 eum
1235 2814 1279 2848 qui
1295 2811 1330 2840 ad
1346 2812 1428 2839 aliam
1450 2811 1571 2845 pertinet,
1594 2810 1650 2837 sine
1666 2816 1732 2843 pra-
