1942 3108
116 132 169 162 345
701 141 741 171 ΙΝ
753 140 839 173 CAN.
859 142 892 173 Vl

944 142 1041 176 IUNC.
1057 143 1113 175 CP.
1132 145 1172 176 II.
1688 152 1743 184 316

116 187 186 213 κατὰ
203 188 267 220 τοὺς
287 188 441 224 Ἰουδαίους.
464 187 544 220 Οὗτοι
560 185 614 229 κὰρ
629 195 698 230 μετά
712 196 742 222 τὸ
763 197 891 232 nauita:

955 200 1097 233 postquam
1114 198 1218 228 Pascha
1232 200 1444 237 celebraverint,
1475 207 1546 233 totos
1563 212 1665 242 septem
1680 208 1740 236 dies

116 233 162 258 ιπι
183 233 257 265 ὅλαις
281 235 350 263 ἑπτὰ
371 237 487 273 ἡμέραις
509 240 680 273 νηστεύουσι,
705 243 830 277 πικρῑδας
853 244 899 270 καὶ

115 277 208 313 ἄζυμα
225 280 361 311 ἐσθίοντες
372 284 442 310 κατὰ
455 283 504 320 τὴν
515 285 561 311 τοῦ
578 286 693 313 παλαιοῦ
708 287 791 323 νόμου
806 289 900 315 διάτα-

116 323 168 354 ξιν.
184 325 255 357 Τοὺς
273 325 301 352 δὲ
317 326 546 361 ἁναὸαπτίζεσθαι
564 331 719 365 ὀφείλοντας
735 331 812 360 εἶπεν
828 333 898 361 εἶναι

115 369 307 404 Εὗνομιανοῦς,
318 373 382 404 τοὺς
393 374 431 404 εἰς
443 375 506 409 μίαν
518 376 663 404 κατάδυσιν
675 378 870 413 βαπτιζομένου
878 389 897 413 ”,

115 415 162 441 καὶ
176 415 373 450 Μοντανιστὰς,
392 420 455 450 τοὺς
470 418 541 447 οὕτω
558 421 707 457 κληθέντας
725 425 778 451 ἀπὸ
793 425 898 452 Μοντα-

115 460 160 486 νοῦ
176 468 257 496 τινος,
274 464 451 499 Παράκλητον
464 465 559 493 ἑαυτὸν
574 470 834 504 προσαγορεύοντος,
851 472 897 498 καὶ

114 505 158 533 διὰ
171 506 217 533 δύο
233 508 341 542 φαύλων
358 513 504 546 γυναικῶν,
518 513 566 547 τῆς
577 522 606 540 τε
621 515 769 549 Πρισκίλας
786 517 833 544 καὶ
848 519 898 552 τῆς

113 551 268 586 Μαξιμίὶας
279 573 287 586 ,
298 554 552 593 ψευδοπροφητείας
566 560 795 595 ἀποφοιῶζοντος
804 571 812 580 ·
828 551 897 598 πρδς

112 597 142 624 δι
164 599 212 626 καὶ
228 599 422 633 Σαδελλιανοὺς
437 604 502 636 τοὺς
519 605 605 638 οὕτως
628 606 827 642 ὀνομασθέντας
842 597 896 636 άπό

112 649 184 675 τινος
210 644 353 673 Σαδελλίου
379 647 504 683 λέγοντος
530 652 598 686 μετὰ
620 653 675 679 τῶν
698 654 785 681 ἄλλων
813 654 894 682 αὐτοῦ

111 687 251 733 ιρλυαριῶν
265 690 310 717 τὸν
324 692 406 719 αὑτὸν
425 691 493 721 εἶναι
511 696 618 732 Πατέρα
628 719 635 729 ,
653 698 699 725 τὸν
715 699 796 726 αὑτὸν
811 700 891 733 ΥΡΝ,

111 731 156 759 τὸν
172 734 253 762 αὐτὸν
267 735 344 770 ἅγιον
360 738 482 774 Πνεῦμα,
498 740 535 772 ὥς
550 731 619 769 εἶναι
634 744 663 770 ἐν
679 746 729 781 μιᾷ
747 731 894 775 ὑποστάσει

110 779 183 812 τρεῖς
199 779 364 816 ὀνομασίας·
383 784 420 816 ὡς
436 786 465 811 ἐν
481 786 617 824 ἀνθρώπῳ
633 779 727 824 σῶμα,
748 791 794 818 καὶ
806 791 894 828 ψυχὴν

948 242 1092 278 jejunant,
1110 245 1229 274 lactucas
1254 253 1374 282 agrestes
1395 254 1422 277 ct
1444 258 1539 286 azyma
1558 254 1738 287 comedentes,

949 286 1027 322 juxta
1053 290 1153 318 veteris
1179 291 1245 327 legis
1267 293 1498 323 constitutionem.
1526 286 1740 332 Rebaptizandos

949 339 1039 362 autem
1055 343 1116 364 esse
1132 337 1199 364 dixit
1215 337 1410 373 Eunomianos,
1427 341 1473 375 qui
1497 349 1548 368 una
1568 343 1739 373 demersione

950 380 1101 415 baptizant,
1120 387 1147 410 et
1169 382 1361 419 Montanistas,
1377 394 1392 413 a
1409 388 1524 421 quodam
1549 388 1676 417 Montano
1689 392 1740 423 ,sic

949 426 1048 460 dictos,
1062 428 1108 461 qui
1131 437 1161 456 se
1182 427 1354 459 Paracletum
1369 433 1521 467 appellabat
1538 443 1547 462 :
1561 441 1589 463 et
1608 443 1657 471 per
1671 438 1739 465 duas

949 472 1086 506 improbas
1104 475 1239 509 mulieres,
1252 475 1402 506 Priscillam
1414 484 1441 506 et
1454 480 1642 514 Maximillam,
1658 483 1738 512 falsas

947 520 1102 553 prophetias
1114 521 1244 550 tttthbi
1260 524 1371 552 numine
1383 525 1489 554 afflatus
1503 528 1609 555 edebat.
1622 529 1739 556 Praeter-

947 570 978 590 ea
1002 569 1089 592 autem
1118 561 1148 593 et'
1168 567 1351 601 Sabellianos,
1377 577 1390 595 a
1416 570 1534 598 Sabellio
1554 572 1670 607 quodam
1697 574 1738 601 sic

947 610 1111 644 nominatos,
1135 613 1180 646 qni
1201 613 1281 640 etiam
1302 622 1361 641 cum
1387 616 1447 643 aliis
1471 611 1631 651 quibusdam
1649 619 1728 653 nugis

946 654 1062 688 dicebat,
1076 659 1198 685 eumdem
1212 666 1272 686 esse
1292 658 1410 694 Patrem,
1427 660 1541 693 Filium.
1561 668 1588 691 et
1607 664 1736 699 Spiritum

947 705 1070 728 sanctum
1084 710 1092 735 ;
1106 708 1133 729 ut
1148 702 1203 730 sint
1219 703 1244 731 in
1259 713 1311 732 una
1330 713 1445 739 persona
1464 707 1515 734 tria
1531 709 1650 740 nomina,
1665 710 1738 736 sicut

946 747 972 776 in
995 746 1102 774 homine
1121 756 1232 783 corpus,
1249 756 1275 777 et
1296 752 1384 778 anima
1404 757 1429 779 et
1446 753 1558 787 spiritus
1577 763 1584 781 :
1604 755 1644 781 vel
1664 760 1691 781 ut
1709 755 1736 782 in

946 792 1005 819 sole
1019 793 1114 827 triplex
1128 793 1260 827 efﬁcacia,
1277 796 1381 824 scilicet
1398 798 1625 826 circumferentia:
1639 801 1735 835 tignra,

109 825 157 850 καὶ
181 825 300 862 πνεῦμα,
324 828 341 863 ἢ
365 829 404 861 ὡς
423 831 451 856 ὲν
473 831 541 867 ἡλίῳ
559 834 633 868 τρεῖς
651 834 792 870 ἐνεργείας
813 825 892 872 ἦκέιύγ

950 837 990 864 vis
1006 838 1177 867 illuminandi
1197 846 1224 868 et
1239 842 1280 869 vis
1294 843 1481 872 calefaciendi.
1500 845 1628 872 Dicuntur
1645 851 1735 874 autem

109 870 139 896 τὸ
170 871 219 905 τῆς
249 875 428 910 περιφερείας
457 877 560 912 σχῆμα,
587 879 618 905 τὸ
646 870 896 914 φωτιττικδνίκαὶ

109 915 139 942 τὸ
166 916 278 946 θάλπον.
300 920 431 954 Λέγονται
457 922 486 949 δὲ
513 923 538 950 oi
567 924 748 953 Μοντανισταὶ
772 927 894 962 Φρύγες,

108 961 124 996 ἢ
152 961 184 989 Ex
211 972 283 996 τινος
310 966 488 1003 αίρεσιάρχου
522 970 628 1005 Φρυγὸς
654 971 670 1006 ἢ
698 972 752 998 ἀπὸ
784 961 832 1000 τοῦ
862 973 896 1000 ἑκ

107 1007 228 1042 Φρυγίας
245 1011 414 1047 ἀναφανῆναι
432 1013 547 1049 πρώτως
564 1015 614 1051 τὴν
628 1017 755 1052 τοιαύτην
777 1018 893 1053 αἵρεσιν.

108 1053 181 1088 Πρὸς
207 1055 312 1089 τούτοις
339 1059 486 1086 καλοῦνται
514 1061 562 1088 καὶ
584 1062 766 1095 Πεπουζιανοὶ
789 1064 843 1091 ἀπό
855 1073 896 1092 τι-

109 1106 155 1129 νος
182 1099 326 1133 Πεπούζας
351 1103 525 1140 καλουμένης
548 1106 615 1141 παρ’
639 1108 729 1135 αὐτῶν
755 1111 826 1135 κατὰ
845 1110 895 1144 τὴν

115 1141 303 1181 Ἰερουσαλήμ.
335 1148 368 1174 οι
391 1149 418 1175 δὲ
444 1150 560 1177 τοιοῦτοι
586 1151 679 1179 λύουσι
705 1154 768 1185 τοὺς
790 1141 895 1190 γάμους

108 1189 146 1220 ὼς
170 1192 319 1226 μυσαροὺς,
344 1194 520 1230 νηστεύουσιν
540 1196 682 1224 ἀλλόκοτον
704 1189 840 1234 νηστείαν,
865 1200 895 1226 τὸ

109 1234 204 1271 Πάσχα
226 1237 442 1274 διαστρέφουσιν,
466 1241 506 1273 είς
527 1242 558 1268 ἓν
576 1243 723 1278 πρόσωπον
741 1245 790 1280 τὴν
812 1246 894 1279 ἁγίαν

107 1280 211 1315 Τριάδα
228 1283 396 1319 συναιροῦσι,
413 1286 461 1312 καὶ
476 1287 632 1321 συγχέουσι,
649 1289 697 1316 καὶ
715 1287 785 1325 αἷμα
799 1291 893 1323 παιδὸς

107 1329 371 1364 κατακαντουμένου,
396 1331 503 1367 ἀλεύρῳ
524 1333 722 1370 συμφύροντες,
743 1337 791 1363 καὶ
811 1337 893 1372 ἀρτο-

107 1371 247 1404 ποιοῦντες
260 1374 470 1410 προσφέρουσιν.
482 1378 536 1404 Καὶ
550 1377 634 1405 ταῦτα
651 1380 700 1415 μὲν
714 1379 809 1413 οὕτως.
829 1381 892 1409 Ἐὰν

106 1416 134 1443 δέ
147 1425 188 1449 τις
200 1417 337 1453 ὀρθόδοξος
348 1421 533 1458 Μοντινιστὴς
546 1425 659 1460 γένηται
674 1425 690 1460 ἢ
704 1426 890 1461 Σαδελλιανδς,

107 1463 154 1489 καὶ
169 1463 310 1500 βάπτισμα
329 1467 476 1502 αἱρετικῶν
488 1469 597 1505 δέξηται
613 1470 630 1506 ἢ
648 1471 685 1506 μὴ
699 1471 818 1507 δέξηται,
836 1471 891 1508 ἄρα

947 882 1117 912 Μοηιιιηίειιε
1144 885 1282 923 Phryges,
1309 888 1349 915 vel
1369 896 1384 915 a
1409 889 1526 924 quodam
1554 891 1735 919 hmresiarcha

946 927 1064 964 Phryge,
1079 929 1119 956 vel
1137 939 1168 957 ex
1184 939 1217 958 eo
1233 933 1302 966 qttod
1319 934 1435 967 primum
1451 943 1466 961 e
1482 934 1598 971 Phrygia
1615 937 1670 963 haec
1685 937 1736 964 hara

947 974 1016 1001 resis
1031 981 1123 1003 exorta
1142 977 1188 1005 sit.
1207 976 1339 1006 Prmterea
1355 986 1444 1007 autem
1463 987 1594 1009 vocantur
1606 987 1632 1009 et
1648 982 1736 1017 Pepu-

946 1019 1028 1053 ziani,
1054 1014 1236 1056 c'x'quadam
1264 1026 1374 1059 regione
1400 1026 1507 1061 Pepuza
1533 1028 1606 1055 dicta
1634 1029 1668 1056 ab
1695 1029 1736 1057 eis

946 1063 1125 1095 Hierusalem.
1156 1067 1208 1100 Qui
1241 1074 1332 1096 autem
1362 1071 1429 1098 tales
1455 1077 1537 1105 sunt,
1568 1074 1674 1108 nuptias
1707 1078 1736 1102 ut

947 1110 1135 1140 nbhorrcndas
1160 1114 1278 1147 solvunt,
1303 1115 1420 1143 alienum
1443 1117 1574 1151 jejunium
1599 1119 1735 1153 jejunum,

945 1154 1048 1183 Pascha
1074 1163 1242 1192 pervertunt,
1271 1165 1393 1188 sanctam
1415 1162 1576 1190 Trinitatem
1599 1164 1626 1191 in
1652 1171 1733 1191 unam

945 1209 1088 1236 personam
1108 1205 1272 1232 contrahunt
1288 1210 1314 1232 et
1330 1206 1510 1240 confundunt,
1526 1214 1552 1235 et
1570 1209 1730 1244 sanguinem

945 1249 1035 1283 pueri,
1050 1250 1096 1282 qui
1112 1255 1226 1284 pnnctus
1248 1250 1339 1284 fuerit,
1361 1251 1455 1280 farinae
1471 1255 1689 1288 commisccnles,
1707 1261 1734 1283 et

943 1301 1028 1328 panes
1047 1295 1191 1328 facientes,
1216 1296 1344 1324 ollerunt.
1369 1298 1401 1325 Et
1417 1299 1473 1326 haec
1497 1301 1606 1334 quidem
1633 1301 1681 1328 ita.
1704 1301 1732 1329 Si

943 1341 1005 1375 quis
1019 1347 1109 1368 autem
1124 1343 1304 1375 orthodoxus,
1322 1343 1484 1372 Montanista
1503 1345 1544 1373 vel
1563 1346 1734 1376 Sabellianus

944 1388 1032 1415 factus
1057 1388 1103 1420 sit,
1129 1392 1156 1415 et
1180 1388 1367 1416 hereticorum
1388 1390 1549 1424 baptismum
1573 1392 1732 1426 susceperit,

944 1440 1007 1460 num
1026 1433 1087 1461 talis
1104 1433 1251 1462 chrismate
1270 1435 1426 1470 inungetur,
1441 1441 1488 1463 aut
1508 1438 1731 1472 rebaptizabitur,

943 1482 972 1504 nt
991 1478 1080 1505 caeteri
1096 1477 1281 1507 Montanistze?
1297 1480 1391 1513 Quaere
1412 1480 1444 1508 de
1465 1481 1516 1508 hoc
1530 1482 1623 1515 prima:
1637 1484 1731 1518 synodi

106 1511 120 1536 δ
141 1510 260 1543 τοιοῦτος
277 1512 354 1548 μύρῳ
369 1514 554 1550 χρισθήσεται,
571 1516 588 1552 ἢ
608 1517 888 1554 άναὸαπτισθήσεται,

944 1529 1004 1550 can.
1019 1522 1051 1550 l9
1063 1528 1091 1550 et
1102 1528 1258 1551 sanctorum
1270 1525 1452 1559 apostolorum
1464 1533 1594 1553 canonem
1609 1528 1653 1555 ᾹἹ.
1664 1527 1731 1554 INota

105 1554 144 1586 ὡς
161 1556 185 1582 οί
202 1556 280 1584 λοποὶ
293 1559 492 1594 Μοντανισταί;
509 1563 588 1597 Ζήτει
616 1565 680 1599 περὶ
694 1563 790 1591 τούτου
805 1566 854 1600 τῆς
867 1564 891 1592 α’

106 1602 217 1629 συνόδου
228 1605 327 1631 κανόνα
346 1605 379 1631 ιϐ’
399 1607 446 1633 καὶ
460 1608 514 1634 τῶν
527 1608 612 1642 ἁγίων
623 1610 780 1637 ἀποστόλων
791 1611 893 1638 κανόνα

942 1573 1031 1595 autem
1045 1576 1078 1595 ex
1094 1569 1218 1603 praesenti
1232 1577 1347 1603 canone,
1363 1570 1435 1606 quod
1450 1577 1544 1599 omnes
1558 1580 1609 1599 una
1624 1573 1730 1600 (temer-

941 1613 1019 1640 sione
1035 1615 1166 1650 baptizati
1185 1616 1401 1650 rebaptizantur.

106 1646 160 1682 μζ.
183 1649 341 1684 Σημείωσαι
357 1651 386 1678 δὲ
406 1652 462 1680 ἀπὸ
482 1653 530 1681 τοῦ
555 1655 688 1691 παρόντος
708 1657 820 1690 κανόνος
842 1658 884 1685 ὅτι
898 1657 998 1692 πάντες
1025 1660 1050 1688 οἱ
1070 1646 1283 1698 ’βαπτιζόμενοι
1320 1664 1359 1696 είς
1381 1663 1446 1699 μίαν
1483 1664 1628 1692 κατάδυσιν
1649 1665 1732 1695 πάλιν

106 1693 294 1729 βαπτίζονται.

141 1743 264 1771 ΖΩΝΔΡ.
287 1745 382 1776 Ὅπως
405 1747 458 1782 χρὴ
479 1747 605 1783 δέχεσθαι
628 1750 692 1782 τοὺς
709 1750 738 1784 ἑξ
756 1751 890 1786 αἱρέσεων

106 1791 344 1825 προσερχομένους
363 1793 396 1828 τῇ
414 1793 480 1829 ὀρθῇ
497 1794 605 1829 πίστει,
621 1796 635 1823 ὸ
658 1796 753 1833 παρὼν
768 1797 890 1824 διδάσκει

108 1835 209 1863 κανών.
229 1836 299 1868 Τοὺς
323 1837 372 1872 μὲν
391 1838 437 1865 οὖν
462 1839 565 1867 τούτων
581 1842 631 1868 οὐκ
656 1842 891 1874 ἀνασαπτίζεσθαι

107 1879 300 1912 διατάττεται,
319 1881 386 1908 ἀλλὰ
400 1882 538 1915 λισέλλους
557 1885 746 1919 ἀπαιτεῖσθαι,
765 1887 891 1922 Εγγραφα

107 1925 229 1968 δηλονότι
241 1925 291 1958 τὰς
301 1926 379 1960 δόξας
389 1928 478 1955 αὐτῶν
489 1929 721 1965 ἀναθεματίζοντα
735 1932 781 1959 καὶ
796 1933 890 1968 στηλι-

108 1967 223 1999 τεύοντα
240 1972 290 2006 τὴν
317 1973 477 2006 κακοδοξίαν
500 1975 590 2002 αὐτῶν
611 1978 658 2004 καὶ
678 1979 768 2006 πᾶσαν
783 1979 891 2014 αῐρεσιν

108 2017 258 2053 ὰναθέματι
273 2018 470 2048 ὑποϐάλλοντα.
485 2021 546 2048 Elei.
555 2022 583 2049 δὲ
592 2020 665 2050 οὗτοι
684 2024 830 2060 ’Δρειανοὶ,
844 2027 893 2054 καὶ

108 2063 314 2098 Μακεδονιανοὶ,
328 2065 374 2092 καὶ
389 2065 566 2102 Ναυατιανοὶ,
581 2069 605 2096 ot
619 2069 732 2102 ἑαυτοὺς
747 2071 893 2106 Καθαροὺς

107 2110 302 2150 ὀνομάζοντες,
319 2109 357 2140 ὧν
370 2112 420 2144 τὰς
432 2113 554 2149 αίρέσεις
567 2115 828 2152 προδεδηλώκαμεν,
844 2118 892 2145 καὶ

107 2157 296 2192 Σαϐϐατιανοὶ,
310 2155 347 2186 ὥν
360 2160 481 2195 ἡγήσατο
492 2160 642 2193 Σαϐϐάτιός
652 2170 695 2193 τις
705 2163 890 2205 πρεσϐύτερος

979 1749 1106 1778 ιοΝΑιι.
1126 1750 1312 1787 Redeuntihus
1324 1751 1357 1779 ad
1373 1755 1473 1779 rectam
1488 1752 1568 1780 ﬁdem
1586 1753 1730 1781 hzereticiso

943 1803 1003 1830 quae
1020 1804 1081 1823 cum
1103 1797 1143 1824 eis
1159 1797 1255 1831 agendi
1278 1797 1348 1825 ratio
1370 1799 1484 1825 tenenda
1503 1798 1549 1831 sit,
1564 1799 1613 1826 hoc
1628 1806 1731 1827 canone

941 1841 1139 1876 praescribitur.
1155 1841 1231 1870 Alios
1253 1843 1366 1875 etenim.
1392 1851 1444 1870 non
1467 1843 1564 1871 iterato
1586 1844 1729 1879 baptismo,

941 1887 989 1915 sed
1009 1887 1116 1916 libellos
1133 1889 1318 1917 tantummodo
1334 1889 1504 1922 exhibentes,
1521 1890 1573 1917 hoc
1589 1896 1640 1922 est,
1660 1890 1730 1918 scri-

943 1936 1002 1968 ptos
1015 1940 1031 1959 a
1043 1940 1072 1960 se
1085 1933 1233 1965 codicillos,
1249 1934 1346 1967 quibus
1357 1934 1499 1968 opiniones
1513 1940 1579 1961 suas‘
1588 1934 1729 1967 damnent,

940 1983 967 2006 et
978 1985 1098 2005 errorem
1113 1985 1192 2006 suum
1209 1978 1320 2005 infamia
1340 1983 1443 2011 notent,
1460 1983 1486 2005 et
1504 1978 1656 2006 universam
1675 1979 1730 2006 ha:-

944 2023 1027 2051 resim
1052 2028 1242 2056 exsecrentur,
1266 2023 1371 2051 admitti
1391 2023 1488 2058 placet.
1506 2023 1572 2051 Sunt
1591 2024 1616 2050 in
1629 2031 1662 2051 eo
1677 2032 1730 2050 nu-

942 2075 1017 2095 mero
1036 2068 1141 2101 Ariani,
1161 2067 1398 2102 Macedoniamque
1410 2073 1438 2096 et
1449 2068 1602 2100 Novatiani.
1614 2069 1668 2100 illi.
1682 2068 1729 2104 qui

943 2120 1002 2141 sese
1017 2113 1150 2141 Catharos
1165 2114 1314 2146 nominant,
1329 2121 1502 2149 quorumque
1520 2114 1636 2142 haereses
1647 2122 1729 2149 supra

944 2158 1142 2188 indicavimus:
1165 2163 1193 2187 et
1210 2158 1377 2193 Sabbatiani,
1391 2159 1490 2194 quibus
1504 2160 1612 2195 praefuit
1626 2160 1730 2188 Sabba-

105 2203 155 2237 τῆς
174 2204 306 2239 αἱρέσεως
321 2206 369 2233 τοῦ
387 2206 515 2234 Ναυάτου
529 2207 655 2239 κάκεῖνος
671 2196 805 2244 ὢνίέχων
863 2219 891 2238 τι

944 2204 997 2231 tius
1013 2203 1122 2238 quidam
1138 2204 1281 2239 presbyter
1293 2205 1317 2232 is
1335 2212 1445 2239 quoque
1457 2212 1490 2232 ex
1507 2205 1603 2233 haeresi
1620 2206 1727 2239 Novati,

107 2251 156 2278 καὶ
170 2251 252 2278 πλέον
264 2252 383 2287 ἐκείνου,
398 2254 446 2281 καὶ
459 2253 507 2281 τὸν
519 2254 681 2290 καθηγητὴν
694 2255 744 2290 τῆς
760 2255 893 2291 αἱρέσεως

107 2297 148 2326 εἰς
163 2297 262 2324 κακίαν
281 2298 375 2331 νικῶν,
394 2299 442 2326 καὶ
459 2300 516 2331 τοῖς
537 2300 674 2333 Ἰουδαίοις
691 2301 891 2338 συνεορτάζων,

107 2341 154 2367 καὶ
167 2341 506 2377 Τεσσαρεσκαιδεκατῖται,
520 2345 545 2372 οἳ
560 2345 592 2372 τὸ
607 2346 702 2382 Πάσχα
717 2347 892 2383 ἑορτάζουσιν

105 2388 156 2414 οὐκ
166 2388 196 2414 ἐν
206 2388 344 2426 κυριακῇ.
359 2390 416 2417 ἀλλ’
429 2391 474 2418 ὅτε
484 2393 795 2428 τεσσαρεσκαιδεκαταία
809 2396 827 2430 ἡ
843 2403 890 2422 σε·

106 2433 172 2470 λήνη
189 2435 321 2470 γένηται,
341 2437 370 2464 ιν
383 2437 426 2473 οἵᾳ
441 2438 475 2465 ἂν
489 2439 579 2475 ἡμέρᾳ
593 2440 662 2476 τύχῃ
682 2441 785 2476 ταύτην
797 2441 889 2477 πλήρη

107 2480 254 2514 γενέσθαι·
286 2483 444 2519 ἑορτάζουσι
472 2485 511 2518 δὲ,
537 2487 717 2522 νηστεύοντες
744 2488 818 2521 τότε,
842 2489 891 2516 καὶ

106 2525 321 2562 ἀγρυπνοῦντες,
335 2528 383 2555 καὶ
392 2528 650 2566 ’Δπολλιναριασταί
661 2540 668 2547 ’
679 2533 729 2559 οὐκ
740 2533 891 2560 ἀναὸαπτί-

107 2570 199 2612 ζονται
221 2569 268 2599 οὖν
282 2570 369 2605 οὗτοι,
388 2574 429 2601 ὃτι
443 2565 507 2611 περὶ
523 2565 551 2603 ib
569 2576 645 2612 ἅγιον
662 2578 804 2614 βάπτισμα
828 2580 890 2607 κατ’

105 2607 184 2643 οὐδὲν
194 2617 260 2652 ἡμῖν
272 2617 458 2654 διαφέρονται,
471 2607 529 2648 ἀλλ’
549 2607 647 2658 ἐπίσης
662 2607 724 2656 ’τοῖς
738 2607 890 2661 ὀρθοδόξοις

108 2660 296 2696 βαπτίζονται.
318 2663 576 2700 ’Δναθεματίζοντες
593 2665 639 2696 οὖν
656 2668 771 2703 ἕκαστος
786 2671 836 2706 τὴν
850 2672 889 2698 ol-

106 2707 184 2734 κείαν
199 2707 307 2743 αἳρεσιν
323 2709 416 2742 ίδικῶς
425 2730 433 2743 ,
450 2711 499 2739 καὶ
514 2713 604 2740 πᾶσαν
617 2714 646 2741 δι
660 2715 757 2748 κοινῶς
770 2717 888 2752 αἵρεσιν,

106 2753 229 2788 χρίονται
250 2754 290 2790 τῷ
311 2755 382 2791 ἁγίῳ
406 2755 497 2792 μύρῳ,
522 2759 571 2786 καὶ
595 2759 629 2787 τὰ
652 2760 720 2788 ἄλλα
749 2762 889 2790 τελοῦνται

108 2798 180 2826 κατὰ
198 2799 244 2827 τὸν
259 2801 369 2829 κανόνα.
381 2803 412 2830 Οί
426 2803 454 2830 δὲ
468 2803 630 2839 sommo
646 2808 693 2834 καὶ
706 2808 885 2836 Σαδελλιανοὶ

107 2840 146 2872 ὗν
161 2845 190 2873 αί
203 2845 324 2882 αἱρέσεις
338 2848 389 2886 ἤδη
399 2842 467 2886 παρ’
481 2851 549 2887 ἡμῖν
558 2851 742 2888 ὲδηλώθησαν,
756 2854 803 2882 καὶ
816 2855 888 2884 Μον-

943 2249 990 2277 sed
1003 2249 1049 2283 qui
1071 2248 1171 2284 aliquid
1190 2254 1281 2277 tamen
1301 2250 1335 2277 ad
1351 2257 1411 2278 eam
1430 2250 1589 2283 addidisset,
1604 2257 1632 2279 et
1646 2252 1729 2287 magi-

941 2299 1026 2323 strum
1038 2295 1170 2323 Novatum
1186 2295 1359 2330 improbitate
1375 2301 1545 2332 superasset,
1563 2296 1728 2333 festivosque

942 2342 999 2369 dies
1008 2349 1069 2369 cum
1081 2340 1182 2369 Iudaeis
1193 2341 1244 2369 coli
1259 2342 1348 2370 vellet.
1357 2342 1424 2370 Cum
1436 2342 1477 2371 his
1489 2343 1727 2377 Quartadecimanl

941 2393 1049 2422 quoque
1065 2387 1110 2422 qui
1127 2387 1240 2415 Pascha
1253 2387 1385 2416 solemnia
1402 2396 1454 2416 non
1469 2389 1513 2416 die
1526 2388 1666 2417 Dominica
1680 2389 1728 2417 sed

941 2431 1045 2459 decima
1061 2437 1157 2467 quarta
1172 2433 1246 2465 luna,
1263 2440 1425 2468 quocunque
1443 2434 1551 2462 tandem
1563 2434 1607 2462 die
1620 2435 1727 2470 plenam

941 2475 1014 2504 illam
1030 2477 1089 2504 fleri
1111 2477 1271 2512 contigerit,
1293 2478 1407 2513 jejuniis
1426 2484 1515 2506 autent
1538 2483 1566 2506 et
1588 2479 1728 2514 pervigilio
1762 2507 1764 2510 ς

941 2525 1047 2549 noctem
1063 2522 1192 2550 ducentes
1205 2522 1262 2558 98
1275 2523 1414 2551 celebrant
1425 2529 1453 2552 et
1465 2524 1676 2559 Apollinaristaa.
1685 2524 1727 2551 Ab

941 2567 984 2595 his
997 2567 1078 2603 igitur
1095 2568 1263 2601 hominibus.
1280 2570 1408 2606 quoniam
1425 2571 1451 2598 in
1463 2578 1506 2602 ea,
1519 2578 1578 2604 que
1591 2570 1626 2598 de
1641 2569 1726 2605 bapti-

939 2622 999 2642 smo
1013 2620 1064 2648 est,
1078 2616 1230 2652 disciplina,
1243 2616 1310 2645 nihil
1323 2625 1338 2645 a
1351 2618 1431 2647 nobis
1440 2618 1608 2653 discrepant,
1619 2618 1726 2645 eodem-

939 2667 991 2695 que
1011 2668 1134 2696 prorsus,
1156 2669 1210 2698 quo
1226 2663 1382 2696 orthodoxi,
1403 2664 1456 2691 ritu
1473 2663 1655 2698 baptizantur,
1678 2663 1725 2690 ba—

939 2707 1068 2742 ptismum
1084 2713 1228 2744 propterea
1247 2709 1331 2743 repeti
1347 2717 1400 2737 non
1420 2714 1536 2744 oportet.
1555 2709 1625 2737 Suos
1641 2709 1725 2744 igitur

939 2752 1088 2788 sigillatim,
1110 2759 1137 2781 et
1160 2754 1230 2782 alios
1254 2755 1402 2789 generatim
1423 2763 1455 2783 ac
1474 2755 1600 2783 universe
1618 2761 1724 2783 errores

939 2799 1075 2832 detestati,
1096 2807 1175 2827 sacro
1193 2799 1341 2828 chrismate
1358 2802 1532 2834 intinguntur,
1551 2800 1658 2836 aliaque
1678 2807 1724 2827 ca—

941 2851 1011 2872 none
1032 2845 1188 2882 praescripta
1205 2849 1344 2880 peragunt.
1369 2845 1527 2874 Eunomiaui
1544 2853 1609 2875 vero
1630 2851 1657 2874 et
1675 2845 1724 2873 ὅςι-

1813 148 1826 163 0
