1942 3108
82 167 138 200 353

622 168 662 199 1N
676 168 757 199 CAN.
778 167 823 198 Ill
844 167 949 199 CONC.
971 169 1103 200 EPIIES.
1128 169 1184 201 Ili.

1657 173 1710 206 354

118 223 386 258 ἐ.ιιι.ἱινδρόμησιιν
419 222 496 258 ,πρὸς
523 223 557 250 τὸ
594 223 651 258 τῆς
678 224 870 256 ἀποστασίας

961 231 1139 257 rerurrenml,
1156 225 1176 252 ii
1195 226 1312 259 omnino,
1336 230 1366 253 ut
1385 232 1484 255 canem
1503 228 1601 263 synodo
1625 229 1710 256 uisum

119 270 280 304 συνέδριον
295 279 302 286 ο
325 271 449 303 τούτους
467 270 565 303 πάντη
581 271 657 297 κατὰ
676 270 709 297 τὸ
723 270 818 302 δόξαν
834 269 872 304 τῇ

119 316 190 352 ἁγίᾳ
208 316 328 348 συνόδῳ
338 316 518 350 ἀλλοτρίους
534 314 611 343 εἶναι
631 316 687 350 τῆς
704 316 871 349 ἱερωσύνης

121 363 170 390 καὶ
188 362 243 389 τοῦ
255 356 375 396 ,βαθῂοῦ
390 362 558 389 ἐκπίπτειν.

122 408 220 434 ΒΛΛΣ.
236 407 278 432 Τὰ
291 407 338 433 τοῦ
353 407 486 441 παρόντος
499 407 521 442 β’
531 406 643 437 κανόνος
658 404 872 441 ήρμηνεύθησαν

86 455 116 481 ὲν
130 454 168 489 τῷ
180 457 203 480 α’
218 453 321 485 κανόνι,
333 452 370 484 ὡς
385 453 419 479 τὰ
435 452 504 479 αὐτὰ
520 451 617 486 ἐκείνῳ
629 450 873 486 διαλαμϐάνοντος.

87 499 254 535 Προστίθησι
281 498 309 525 δὲ
334 496 411 529 οὗτος
435 498 647 535 καθῃρημένους
663 496 734 524 εἶναι
748 497 796 524 καὶ
809 497 873 529 τοὺς

88 546 299 581 ῦπογράψαντας
316 544 365 579 μὲν
377 546 406 571 ἐν
420 546 453 579 τῇ
467 544 628 580 καθαιρέσει
644 543 692 570 τοῦ
704 543 869 578 Νεστορίου,

87 592 201 627 ⁹(ιστερον
228 592 257 618 δὲ
287 591 487 627 προστεθέντας
513 590 552 625 τῷ
579 591 658 626 μέρει
681 589 728 616 τοῦ
748 589 871 616 Ἰωάννου

93 639 268 674 ’Δντιοχεία;.
286 639 347 666 Ὅτι
361 638 388 665 δὲ
401 639 415 664 6
431 637 521 665 κανὼν
539 639 568 665 ἐν
588 637 628 672 τῷ
642 637 715 664 τέλει
733 636 872 672 μέμνηται

86 685 291 721 ἀλλοτριώσεως
317 685 469 721 ἱερωσύνης
491 685 539 712 καὶ
566 685 729 716 ἐκπτώσεως
754 683 871 719 βαθμοῦ,

86 733 146 759 eius
163 732 383 767 ὲκλαμϐάνεσθαι
397 732 447 767 τὴν
464 731 514 766 μὲν
530 731 710 766 ἀλλοτρίωσιν
730 731 780 766 τῆς
793 731 872 765 ἱερω-

87 778 171 812 σύνης
185 778 225 809 εἱς
251 777 314 809 τοὺς
341 777 519 808 ἐπισκάπους,
536 778 586 811 τὴν
612 777 641 803 δὲ
667 776 804 803 ἔκπτωσιν
823 775 871 802 τοῦ

86 823 193 858 βαθμοῦ
220 823 259 855 εἱς
287 823 334 855 οὓς
363 823 465 857 κυρίως
493 824 517 849 οι
536 822 636 858 βαθμοὶ
662 821 871 857 ἐξελὴφθησαν·

85 870 157 896 ὥστε
171 870 217 896 καὶ
228 869 290 900 τοὺς
302 868 501 904 προστεθέντας
514 869 660 904 κληρικοῦς
673 868 711 902 τῷ
728 868 806 903 μέρει
817 866 871 893 τῶν

86 899 331 948 ἀποστατησάντων
355 899 530 947 ὁπωσδήποτε
557 899 770 948 Longaque-vdua
790 909 871 938 εἶναι.
889 899 910 927 Β

86 959 162 990 Τέως
185 958 214 985 δὲ
240 959 253 985 6
276 957 300 984 α’
324 958 414 985 κανὼν
433 958 498 993 περὶ
513 958 672 984 ἐπισκόπων
688 957 819 991 λέγωνέν
833 956 873 991 τῷ

86 1004 168 1034 τέλει.
185 1003 252 1038 φησὶ
266 1003 313 1030 καὶ
327 1003 376 1038 τὴν
389 1003 544 1039 ἐπισκοπὴν
560 1003 676 1038 βαθμόν.

121 1050 245 1077 ΖΩΝΛΡ.
263 1049 316 1076 Τοῦ
347 1049 513 1083 Ἀντιοχείας
544 1048 668 1075 Ἰωάννου
695 1047 743 1074 καὶ
767 1047 871 1074 Θεοδω-

87 1095 170 1130 ρήτου
193 1094 241 1122 καὶ
270 1095 343 1126 Ἴδα,
371 1094 408 1126 ὡς
425 1094 545 1129 εἴρηται.
571 1093 789 1120 ἐναντιωθέντων
814 1093 872 1124 τοῖς

86 1141 178 1173 δόξασι
203 1140 242 1176 τῷ
264 1139 407 1175 ἀθροισμῷ
422 1139 477 1166 τῶν
499 1138 641 1174 Πατέρων,
655 1139 727 1170 τινὲς
746 1138 794 1164 καὶ
817 1138 873 1165 τῶν

86 1187 174 1215 ἄλλων
203 1186 362 1213 ἐπισκόπων
386 1184 599 1220 συνυπήχθησαν
624 1183 750 1217 ἐκείνοις,
774 1183 799 1210 οἱ
823 1183 872 1219 μὲν

84 1232 294 1266 ἀπολειφθέντες
308 1231 358 1266 τῆς
377 1230 498 1261 συνόδου,
513 1229 538 1256 οἱ
562 1228 590 1255 δέ
612 1229 873 1264 συμπαρουσιάσαν-

85 1287 141 1312 τες,
157 1279 204 1305 καὶ
219 1277 268 1313 τὴν
282 1277 332 1311 τῆς
347 1275 534 1310 καθαιρέσεως
551 1274 599 1301 τοῦ
619 1273 767 1309 Νεστορίου
783 1273 872 1308 ψῆφον

85 1325 145 1354 ταῖς
168 1322 283 1353 οἰκείαις
308 1321 484 1356 ὑπογραφαῖς
509 1318 722 1354 βεϐαιώσαντες.
736 1319 804 1354 Περὶ
818 1319 872 1345 τῶν

85 1369 215 1396 τοιούτων
233 1368 280 1395 οὖν
295 1368 309 1394 6
326 1367 423 1402 παρὼν
445 1366 626 1401 διαλαμὸάνει
649 1365 740 1393 κανὼν
762 1364 870 1392 ἐκπτώ-

85 1424 148 1447 τους
173 1413 244 1442 εἶναι
263 1414 314 1449 τῆς
331 1413 482 1448 ἱερωσύνης
503 1412 623 1445 ἐκείνους
642 1411 870 1446 διαταττόμενοςο

85 1461 165 1488 τοῦτο
180 1461 244 1496 περὶ
256 1460 310 1487 τῶν
325 1460 484 1487 ἐπισκόπων
500 1458 611 1493 νοητέον
627 1466 634 1475 ·
660 1458 691 1484 τὸ
713 1457 742 1484 δέ
761 1457 809 1484 καὶ
823 1456 871 1484 τοῦ

85 1508 191 1543 βαθμοῦ
220 1506 404 1537 ἐκπίπτοντας
435 1505 500 1540 περὶ
527 1503 667 1539 κληρικῶν
695 1503 869 1538 ἐκληπτέον’

84 1550 157 1580 οὗτοι
179 1552 233 1587 γὰρ
259 1551 311 1578 ὑπὸ
336 1549 458 1586 βαθμούς
482 1550 564 1578 εἰσιν.
591 1550 622 1577 Οἱ
644 1549 695 1584 μὲν
719 1549 767 1576 οὖν
787 1550 872 1584 ἱερεῖς

87 1599 210 1634 μείζονάς
241 1599 294 1624 εισι
315 1596 420 1632 βαθμοῦ
446 1597 506 1630 ἦτοι
533 1596 623 1629 ἀξίας,
650 1597 674 1622 οἱ
699 1595 728 1623 δὲ
751 1595 871 1623 διάκονοι

84 1644 210 1680 ἥττονος,
223 1644 270 1670 καὶ
287 1642 405 1676 καθεξῆς
423 1642 447 1668 οἱ
466 1641 566 1668 λοιποί.

85 1691 199 1718 ΔΡΙΣΤ.
227 1690 281 1717 Καὶ
297 1689 381 1722 ὅστις
400 1688 551 1722 Νεστορὶῳ
574 1688 721 1722 σύμφρων
735 1687 786 1714 και
804 1687 873 1722 ὀμό-

216 1745 298 1771 ςρρων
317 1736 495 1768 ἐπίσκοπος,
514 1733 736 1768 ἀποκήρυκτος.

389 1782 508 1809 ΚΑΝΩΝ
522 1782 562 1808 1".
776 1811 781 1816 _

86 1831 121 1858 El
136 1829 169 1855 δέ
183 1837 263 1861 τινες
278 1828 337 1854 τῶν
354 1828 389 1854 ἐν
407 1827 522 1860 ἑκάστῃ
537 1827 623 1853 ,πόλει
639 1827 657 1861 ἢ
679 1826 759 1860 χώρᾳ
771 1828 872 1859 unpl-

125 1875 189 1902 κῶν
209 1874 268 1902 ὑπὸ
286 1874 452 1907 Νεστορὶου
469 1872 588 1899 καὶτῶν
601 1872 662 1899 σὺν
680 1872 760 1904 αὐτῷ
777 1872 872 1899 ὄντων

122 1922 177 1954 τῆς
195 1920 361 1954 ἱερωσύνης
375 1919 574 1951 ἐκωλύθησαν
583 1917 633 1945 διὰ
646 1918 678 1944 τὸ
695 1917 788 1951 ὀρθῶς
801 1926 873 1951 φρο-

121 1968 197 1997 νεῖν,
207 1965 422 1999 ἐδικαιώσαμεν
429 1964 478 1990 καὶ
486 1964 610 1997 τούτους
617 1964 670 1991 τὸν
676 1963 872 1991 ιδιονάπολα-

126 2014 189 2041 δεῖν
204 2013 335 2046 βαθμόν.
350 2010 463 2043 Κοινῶς
478 2009 512 2037 δὲ
524 2009 593 2043 τοὺς
609 2009 645 2044 τῇ
660 2009 808 2043 ὀρθοδόξῳ
821 2009 870 2036 καὶ

121 2058 313 2093 οιιιουμενικῇ
324 2057 444 2090 συνόδῳ
452 2055 702 2091 συμφρονοῦντας
709 2055 871 2089 κληρικοὺς

121 2105 284 2139 κελεύομεν
299 2103 362 2136 τοῖς
387 2100 642 2134 ἀποστατήσασιν
665 2100 684 2134 ἢ
707 2100 871 2134 ἀφισταμέ-

120 2160 185 2183 νοις
207 2149 386 2180 ἐπισκόποις
407 2145 570 2182 μηδ’“ὅλως
596 2144 774 2172 ὑποκεῖσθαι
796 2145 872 2171 κατὰ

119 2197 236 2232 μηδένα
246 2196 369 2230 τρόπον.

958 275 1008 302 est,
1026 272 1078 298 sint
1095 279 1111 297 ιι
1126 272 1272 299 sacerdotio
1287 272 1382 306 alieni,
1396 279 1419 300 ει
1429 275 1513 309 gradu
1528 275 1662 303 excidam.

960 406 1057 434 BALS.
1078 406 1128 435 llic
1147 415 1232 434 canon
1249 409 1385 436 secundus
1404 412 1431 437 in
1445 411 1533 445 primo
1548 419 1652 439 canone
1668 419 1710 441 est

924 456 1073 487 expositus,
1088 458 1116 480 ut
1130 453 1175 488 qui
1191 453 1285 481 eadem
1298 461 1358 481 cum
1375 454 1421 482 illo
1435 460 1542 483 tractet.
1557 457 1606 484 Hic
1618 462 1707 484 autem

923 497 1057 532 adiungit,
1073 506 1121 526 eos
1141 500 1221 526 etiam
1241 507 1302 527 esse
1325 500 1470 534 depositas,
1485 502 1529 536 qui
1550 502 1575 528 in
1593 501 1710 530 Nestorii

924 545 1033 580 quidem
1051 546 1217 580 depositione
1239 547 1476 583 subseripserunt,
1494 549 1604 577 Joannis
1619 556 1707 578 autem

924 589 1084 617 Antioclneni
1097 591 1166 625 parti
1179 595 1270 625 postea
1282 598 1465 621 accesserunt.
1475 593 1607 626 Quoniam
1619 601 1709 622 autem

928 643 1047 670 pmsens
1062 644 1148 664 canon
1164 637 1190 664 in
1205 637 1256 665 line
1272 638 1393 665 meminit
1406 639 1576 668 alienationis
1587 648 1601 667 ιι
1616 648 1710 668 sacer-

923 681 1008 713 dotio,
1026 685 1053 709 et
1070 689 1150 709 casus
1164 689 1178 708 a
1202 682 1298 717 gradu,
1315 683 1358 710 dic
1377 683 1413 710 ita
1432 684 1517 719 accipi
1536 690 1564 712 ut
1578 685 1710 712 alienetur

923 728 1030 762 quidem
1046 735 1059 754 a
1072 729 1224 756 sacerdotio
1239 729 1392 766 episcopus,
1407 738 1420 756 a
1435 732 1519 765 gradu
1532 736 1621 759 autem
1634 732 1709 759 exci-

923 772 988 801 dunt
1012 773 1116 804 clerici,
1133 774 1159 801 in
1175 775 1272 809 quibus
1289 776 1396 810 proprie
1418 777 1519 811 gradus
1540 782 1683 804 sumuntur
1700 786 1708 805 ε

923 819 959 847 ita
977 824 1006 846 ut
1019 820 1108 848 clerici
1126 821 1236 856 quidem
1257 821 1288 848 ad
1304 826 1408 856 partem
1428 829 1519 849 eorum
1537 822 1583 858 qui
1599 823 1709 858 deiece-

925 870 989 892 runt
1009 866 1250 901 quomodocunque
1266 868 1437 900 accedentes,
1452 867 1506 894 sint
1525 867 1650 902 depositi.
1666 858 1708 895 ln-

927 911 1005 937 terim
1022 916 1111 939 autem
1132 919 1219 941 canon
1237 913 1341 947 primus
1362 912 1475 947 loquens
1491 913 1517 940 in
1538 913 1594 941 {ine
1608 914 1640 941 de
1653 913 1712 948 epi-

925 956 1025 991 scopis,
1044 958 1227 993 episcopatum
1243 966 1350 994 quoque
1365 959 1479 994 gradum
1497 959 1574 987 dicit.

961 1048 1087 1076 ZONAR.
1108 1049 1175 1076 Cum
1199 1049 1386 1078 Antiocbenus
1409 1051 1565 1085 patriarcha
1588 1051 1709 1081 Joannes

925 1099 952 1122 et
967 1094 1153 1124 '[beodoretus
1167 1100 1194 1123 et
1208 1095 1275 1129 lbas,
1289 1102 1444 1124 sanctorum
1462 1097 1573 1124 Patrum
1588 1099 1709 1133 decreta,

925 1145 955 1166 ιιι
970 1140 1098 1173 diximus,
1114 1141 1253 1169 inﬁrmare
1268 1143 1358 1169 conati
1374 1142 1500 1175 fuissent,
1518 1143 1586 1171 alios
1603 1152 1712 1180 quoque

926 1185 953 1213 in
979 1193 1054 1213 suam
1077 1187 1238 1215 sententiam
1265 1188 1393 1222 pnesules
1418 1189 1571 1221 adduxere,
1595 1197 1709 1224 quorum

926 1231 1009 1266 aliqui
1026 1239 1078 1258 non
1099 1237 1228 1259 venerant
1243 1232 1269 1259 in
1286 1237 1449 1260 conventum
1467 1234 1573 1268 synodi,
1587 1234 1631 1261 alii
1649 1242 1709 1262 cum

925 1277 1072 1305 adfuissent
1093 1277 1175 1305 etiam
1201 1278 1317 1306 Nestorii
1342 1279 1537 1313 depositionem
1562 1280 1619 1307 suis
1642 1281 1710 1308 sub-

925 1323 1117 1358 scriptionibus
1133 1323 1335 1353 coniirmarant.
1353 1324 1424 1359 Quos
1440 1326 1547 1360 quidem
1565 1331 1707 1361 propterea

929 1376 1029 1400 canon,
1056 1369 1127 1397 sacri
1154 1370 1273 1398 muneris
1295 1370 1441 1405 dignitate,
1467 1371 1623 1405 spuliandos
1648 1379 1709 1399 esse

925 1415 1058 1449 decernit,
1071 1415 1142 1450 quod
1156 1417 1189 1443 de
1201 1415 1335 1450 episcopis
1350 1416 1550 1452 intelligendum
1566 1421 1608 1445 est
1623 1427 1629 1444 :
1644 1418 1709 1445 illud

925 1466 1025 1494 autem,
1042 1461 1126 1494 gradu
1141 1461 1268 1488 excidere
1282 1461 1322 1501 de.
1331 1462 1438 1489 clericis
1452 1462 1640 1496 accipiendum
1658 1472 1666 1491 :
1681 1463 1709 1491 lli

925 1506 996 1534 enim
1020 1507 1070 1534 sub
1090 1507 1220 1541 gradibus
1242 1507 1428 1534 continentur.
1454 1507 1615 1535 Sacerdotes
1636 1508 1708 1535 enim

925 1553 1055 1587 majorem
1079 1554 1190 1588 gradum
1216 1553 1274 1580 sive
1295 1553 1465 1587 dignitatem,
1492 1553 1596 1581 diaconi
1617 1559 1707 1582 autem

924 1599 1067 1632 minorem,
1083 1603 1110 1626 et
1121 1599 1160 1626 sic
1173 1599 1301 1634 deinceps
1317 1598 1414 1633 reliqui
1433 1599 1566 1627 obtinent.

921 1687 1034 1716 AlilS'l‘.
1057 1687 1090 1715 Et
1102 1687 1248 1724 quicunque
1261 1688 1396 1721 episcopus
1410 1687 1532 1714 Nestorio
1549 1688 1707 1722 auentilur.
1762 1689 1767 1695 '

1149 1735 1276 1769 fut'etque,
1291 1734 1462 1761 abdicandus.

1168 1780 1244 1814 101
1263 1779 1377 1807 CANON
1390 1779 1431 1807 Ill.

920 1825 950 1853 Si
963 1825 1008 1861 qui
1029 1830 1115 1852 autem
1135 1826 1163 1852 in
1180 1834 1334 1870 unaquaque
1351 1826 1423 1858 urbe,
1443 1827 1484 1852 vel
1505 1827 1607 1861 regione
1622 1825 1710 1853 clerici

955 1871 1003 1898 sub
1020 1870 1144 1898 Nesiario
1170 1876 1194 1898 et
1215 1872 1248 1898 iis
1267 1872 1310 1905 qui
1326 1879 1383 1897 cum
1404 1872 1469 1904 ipso,
1488 1871 1632 1897 sacerdotio
1647 1876 1708 1898 sunt

956 1917 1101 1947 interdicti.
1121 1925 1150 1943 eo
1173 1917 1242 1951 quod
1265 1921 1335 1943 recte
1359 1916 1485 1948 sentiant,
1512 1921 1539 1942 ut
1565 1917 1585 1943 ii
1609 1923 1709 1950 quoque

956 1963 1089 1997 proprium
1114 1962 1225 1997 gradum
1253 1961 1390 1994 recipiant,
1411 1961 1514 1995 justum
1544 1961 1707 1987 censuimus.

957 2009 1136 2037 Communilcr
1146 2014 1234 2036 autem
1247 2009 1376 2040 omnibus,
1393 2010 1437 2042 qui
1452 2016 1509 2034 cum
1524 2008 1669 2035 orllaodoxa
1684 2011 1708 2034 et

956 2056 1204 2092 universalirynodo
1217 2055 1392 2086 consentiunt,
1405 2054 1504 2080 clericis
1516 2053 1650 2087 jubemus,
1665 2053 1708 2085 iis.

956 2103 1001 2138 qui
1014 2102 1175 2130 desciverunt
1191 2101 1230 2128 vel
1245 2101 1393 2127 desciscunt
1408 2118 1415 2132 ,
1434 2099 1562 2134 episcopis
1578 2098 1650 2125 nullo
1663 2106 1711 2133 ρετ

954 2149 1024 2176 nilus
1045 2149 1121 2175 modo
1140 2147 1247 2180 subjici.

121 2243 218 2270 ΒΑΛΣ.
236 2242 297 2268 Τῶν
325 2240 437 2268 εἰκότων
459 2237 493 2275 ἦν
512 2247 590 2269 τινας
615 2238 766 2273 κληρικοὺς
792 2237 870 2272 ὀρθο-

957 2235 1055 2263 BALS.
1072 2236 1119 2263 Est
1133 2235 1281 2263 verisimile
1294 2234 1397 2270 aliquos
1414 2235 1526 2262 clericos
1541 2234 1705 2262 ortbodoxos

84 2290 177 2322 δόξους
204 2288 242 2322 μὴ
268 2287 402 2323 φρονῆσαι
427 2285 461 2312 τὰ
483 2284 531 2311 τοῦ
556 2284 707 2319 Νεστορίου
732 2283 749 2318 ἢ
767 2283 801 2310 τὰ
815 2282 871 2309 τῶν

86 2334 340 2370 συμφρονησάντων
367 2332 442 2366 αὐτῷ
460 2331 631 2363 ἐπισκόπων,
646 2331 695 2357 καὶ
722 2330 767 2356 διὰ
791 2330 871 2356 τοῦτο

87 2381 284 2415 ἀφορισθῆναι.
303 2380 537 2413 Ἀποκαθίστησιν
553 2376 599 2404 οὖν
622 2378 635 2403 6
652 2376 744 2404 κανὼν
759 2376 871 2408 τούτους

87 2428 127 2459 εἱς
141 2427 203 2457 τοῦς
218 2426 335 2457 οἰκείους
352 2426 482 2460 βαθμοὺς,
501 2424 685 2459 προπεπάγων
711 2423 749 2459 μὴ
774 2423 871 2458 μόνους

87 2472 188 2503 αὐτοὺς
216 2471 287 2506 ἔχειν
313 2471 376 2502 τοὺς
406 2469 507 2500 οἰκείας
532 2470 695 2504 ἐπιτιμίας,
725 2469 793 2496 ἀλλὰ
822 2470 872 2496 καὶ

87 2519 194 2548 πάντας
218 2515 281 2547 τοὺς
305 2515 454 2550 κληρικοὺς
476 2514 530 2540 τῶν
551 2514 681 2541 τοιούτων
710 2513 871 2541 ἐπισκόπων

89 2563 151 2598 μηδ’
178 2562 246 2593 ὅλως
267 2560 430 2587 ὑποκεῖσθαι
453 2560 545 2590 αὐτοῖς
573 2559 611 2591 ὡς
636 2560 870 2595 ἀποστατήςασιν.

123 2608 243 2636 ΖΩΝΑΡ.
264 2607 442 2642 Πατριάρχης
456 2607 505 2639 ὣν,
526 2606 564 2638 ὡς
578 2606 698 2641 εἴρηται,
722 2606 870 2632 Κωνσταν-

87 2654 270 2685 τινουπόλεως
283 2654 297 2680 6
311 2653 469 2687 Νεστόριος,
484 2650 607 2688 ἂφῶρισᾴ
625 2660 702 2683 τινας
720 2652 871 2687 κληρικοῦς

90 2701 128 2736 μὴ
144 2698 367 2735 συμφρονοῦντας
385 2698 470 2734 αὐτῷ.
498 2698 553 2725 Καὶ
566 2698 595 2724 ἐν
610 2697 703 2729 ωιλαις
717 2697 745 2724 δὲ
760 2697 871 2723 πόλεσιν

87 2749 112 2774 οἱ
127 2744 319 2781 ὁμοδοξοῦντες
338 2744 434 2779 ἐκείνῳ
454 2743 599 2771 ἐπίσκοποι
621 2744 651 2770 τὸ
666 2743 732 2770 αὐτὸ
750 2742 870 2777 πιποιήυ

88 2801 165 2820 κασι.
183 2792 253 2822 Τοὺς
267 2790 314 2817 οὖν
326 2790 376 2823 τῆς
394 2789 546 2824 ἱερωσύνης
568 2788 753 2820 κωλυθέντας,
773 2787 812 2820 ὡς
833 2787 871 2823 μὴ

89 2838 291 2873 συντιθεμένοις
313 2838 346 2872 τῇ
368 2836 416 2863 τοῦ
436 2834 585 2870 Νεστορίου
608 2834 656 2861 καὶ
680 2833 733 2861 τῶν
750 2833 870 2869 ὸμοφρό-

88 2894 141 2916 νων
168 2883 243 2920 αὐτῷ
259 2883 412 2919 κακοδοξίᾳ,
427 2883 443 2918 ἡ
460 2882 526 2918 ἁγία
543 2881 652 2912 σύνοδος
673 2880 718 2908 διὰ
732 2879 780 2907 τοῦ
798 2888 869 2915 παρ.

923 2291 975 2310 non
990 2282 1109 2311 sensisse
1123 2282 1204 2315 idem,
1219 2281 1289 2316 quod
1310 2279 1450 2308 Nestorius
1471 2284 1498 2307 et
1519 2279 1563 2314 qui
1582 2279 1618 2306 illi
1640 2285 1705 2307 con-

922 2327 1072 2354 sentiebant
1087 2326 1215 2360 episcopi,
1227 2330 1251 2352 et
1264 2329 1404 2364 propterea
1421 2324 1504 2351 fuisse
1518 2324 1704 2351 excommuni-

921 2378 1006 2400 catos.
1026 2371 1075 2400 llic
1088 2379 1152 2406 ergo
1165 2378 1250 2398 canon
1263 2378 1310 2398 eos
1324 2370 1441 2398 restituit
1459 2370 1485 2397 in
1506 2370 1630 2405 proprios
1642 2377 1688 2404 gra
1697 2384 1705 2390 -

922 2420 971 2446 dus
981 2440 988 2451 ,
1005 2417 1123 2446 inferens
1137 2421 1276 2451 praeterea.
1292 2423 1338 2444 eos
1353 2423 1407 2443 non
1424 2415 1510 2443 solum
1528 2415 1627 2442 habere
1641 2422 1705 2442 suos

922 2465 1038 2492 honores
1052 2470 1085 2491 ac
1099 2462 1258 2498 dignitates,
1282 2461 1329 2489 sed
1349 2468 1443 2489 omnes
1456 2461 1548 2488 talium
1564 2461 1705 2495 episcopo-

902 2513 906 2516 ’
923 2521 982 2541 rnm
996 2513 1108 2541 clericos
1128 2511 1169 2540 eis
1186 2517 1356 2546 nequaquam
1378 2509 1486 2545 subjici,
1506 2513 1535 2536 ut
1549 2509 1594 2544 qui
1617 2507 1705 2536 desci-

921 2560 1019 2586 verint.

958 2603 1084 2633 ZONAR.
1102 2603 1168 2631 Cum
1184 2602 1399 2637 patriarcharum
1420 2599 1570 2631 Nestorius,
1584 2604 1613 2625 ut
1633 2598 1705 2625 dixi‘

923 2659 992 2683 mus,
1008 2648 1239 2684 Constantinopoli
1259 2652 1373 2683 gereret.
1390 2646 1501 2675 clericos
1519 2645 1650 2680 quosdam
1670 2645 1704 2671 ab

923 2698 982 2733 ipso
999 2696 1190 2724 dissentientes
1210 2693 1465 2722 excommunicavit.
1479 2690 1552 2718 Idem
1567 2694 1655 2717 autem
1676 2694 1704 2717 et

922 2745 948 2772 in
975 2744 1035 2771 aliis
1059 2742 1171 2770 urbibus
1192 2748 1208 2767 a
1229 2738 1396 2767 Nestoriana:
1420 2736 1544 2764 factionis
1569 2735 1704 2770 episcopis

923 2788 1084 2816 factitatum.
1112 2786 1166 2813 Eos
1194 2785 1284 2818 itaque
1313 2783 1358 2817 qui
1387 2789 1402 2809 a
1424 2781 1576 2809 sacerdotio
1602 2780 1703 2815 depulsi

922 2838 984 2862 sunt
1000 2841 1032 2861 eo
1053 2832 1124 2868 quod
1143 2830 1220 2858 malae
1243 2828 1370 2861 Nestorii,
1384 2827 1461 2863 eique
1479 2826 1702 2855 consentientium

922 2879 1053 2915 opinioni,
1066 2883 1206 2906 assensqu
1222 2880 1275 2903 non
1293 2874 1454 2910 praeberent,
1471 2881 1519 2909 per
1535 2873 1607 2901 bunc
1619 2879 1703 2900 cano-
