1942 3108
222 140 257 170 75
437 130 438 133 “
825 139 961 169 THEOD.
985 138 1183 169 BALSAMON

1724 154 1726 157 τ
1760 131 1812 164 3τϐ

203 203 265 223 esse
289 196 479 231 indicavimus.
501 195 596 229 Itaque
623 201 650 222 et
673 182 795 230 epis'copi
823 201 930 226 nomen,
957 198 979 221 el

1035 195 1208 221 πεπτωκότα.
1225 193 1279 220 Καὶ
1298 191 1448 227 ὡρίσαμεν,
1465 190 1512 217 καὶ
1529 190 1633 216 δίκαιον
1647 187 1810 223 ἡγησάμεθα

202 241 370 276 dignitatem,
378 241 647 275 communionemque
657 240 690 268 ab
697 247 730 278 eo
739 239 847 268 retineri
858 239 979 266 decrevi-

202 294 274 318 mus,
301 291 329 314 et
347 284 453 321 just‘um
467 286 629 314 censuimus.
655 285 694 314 lta
711 286 825 317 scilicet,
847 290 875 312 ut
890 284 914 312 ei
937 291 980 311 se-

201 333 316 360 cretiora
339 331 418 367 adyta
445 331 556 364 intrare,
579 331 668 366 ibique
690 330 901 361 communicare,
926 337 978 356 non

201 382 289 404 tamen
301 381 348 403 aut
363 377 411 411 ipsi
420 384 497 405 sacra
509 377 608 410 facere,
622 382 667 404 aut
678 376 816 404 ordinibus
827 375 978 411 quempiam

199 423 332 457 insignire
353 423 394 451 fas
410 424 457 456 sit,
472 423 523 451 nisi
541 423 580 451 vel
592 424 733 458 episcopus
749 422 833 457 aliqui
846 429 907 449 eum
927 421 977 448 sibi

198 469 300 496 socium
317 469 343 496 in
360 470 444 498 sacris
453 469 612 504 peragendis
627 469 668 496 vel
681 468 831 496 ordinando
841 467 977 499 asciverit,

198 513 240 542 vel
257 515 293 542 ab
305 515 365 549 ipso
382 515 499 550 regionis
513 515 591 542 istius
601 515 726 550 episcopo
738 515 791 542 tale
800 513 936 549 quippiam
952 512 977 540 ei

198 559 329 597 faceresit
343 562 514 595 permissum.
531 562 618 595 Atque
632 561 688 588 hac
703 561 809 595 quidem
820 567 880 592 nos,
893 559 979 594 inquit

198 605 329 641 synodus,
341 605 443 632 homini
457 605 627 633 indulsimus.
647 605 722 638 Quod
742 605 764 632 si
776 603 916 639 benignius
929 603 978 630 ali-

197 651 273 686 quid,
290 651 330 678 vel
345 658 428 684 nunc,
449 651 491 678 vel
508 651 536 679 in
549 655 699 686 posterum,
723 650 759 678 illi
775 649 976 681 consulueritis,

198 697 225 724 id
238 701 292 730 est,
307 698 330 724 sl
341 697 401 731 plus
414 697 514 732 aliquid
529 698 601 732 juris
611 697 652 725 vel
664 696 794 732 privilegii
811 696 847 724 illi
861 703 976 723 conoes-

198 743 298 776 seritis,
311 743 389 771 nobis
411 748 550 778 acceptum
567 745 630 772 erit.
646 743 687 771 Es
701 743 751 770 hac
766 742 862 778 synodi
875 742 977 769 consti-

197 789 302 816 tutione
324 789 453 824 colligunt
467 789 587 823 quidam,
601 789 683 816 licere
698 788 833 823 episcopis
847 788 978 816 ecclesias

195 842 271 868 sitas,
279 835 410 870 dignitate
420 835 565 870 episcopali
577 835 750 863 nihilominus
764 839 878 868 retenta,
887 835 977 862 dimit-

197 882 338 909 tere.'Sed
358 889 407 916 ego
423 881 590 908 contrarium
609 881 696 916 potius
722 881 786 909 hinc
807 886 872 916 puto
897 880 978 913 efﬁci,
994 875 1015 903 Β

195 928 268 962 quod
286 927 350 954 olim
365 927 411 962 qui
427 926 627 962 episcopalibus
650 927 840 954 renuntiarunt
852 926 978 954 omnibus

197 981 257 1008 quas
272 979 435 1008 acceperunt
449 973 544 1007 privati
560 977 633 1004 sunt,
654 976 680 999 et
700 980 787 1007 neque
805 973 850 1007 jus
869 973 978 1007 aliquod

197 1019 350 1054 episcopale
371 1023 434 1053 post
458 1018 684 1046 renuntiationem
708 1019 861 1046 retinebant
892 1026 979 1053 neque

197 1065 315 1099 episcopi
332 1064 545 1099 appellabantur.
564 1063 592 1091 Si
613 1064 698 1096 enim,
714 1064 868 1099 episcopatu
884 1072 979 1098 quam-

197 1112 239 1139 vis
257 1111 390 1146 deposito,
404 1111 492 1138 adhuc
511 1110 673 1145 episcopalia
697 1110 758 1145 jura
784 1111 895 1138 retineri
920 1119 979 1139 mos

197 1163 268 1191 erat,
286 1165 336 1185 cur
347 1158 454 1185 tandem
472 1157 622 1191 lacrymans
649 1156 807 1184 Eustathius
819 1157 977 1185 iusanctam

197 1204 328 1240 synodum
341 1204 426 1245 venit.
447 1203 551 1237 sibique
565 1203 685 1237 episcopi
698 1203 827 1230 honorem
840 1211 871 1230 at:
881 1211 978 1231 nomen

198 1251 323 1286 precibus
340 1250 463 1279 obtinere
482 1249 638 1277 contendit?
649 1254 676 1277 et
691 1249 724 1277 de
739 1257 769 1277 ea
784 1257 814 1277 re
826 1250 930 1277 litteras
946 1250 979 1276 ad

200 1298 364 1334 Pamphyliae
376 1298 507 1333 synodum
529 1298 630 1326 dandas
647 1298 780 1332 Ephesina
791 1298 847 1325 haec
862 1298 980 1334 synodus

200 1345 325 1374 censuit?
347 1344 441 1372 Potius
465 1345 546 1379 igitur
564 1344 715 1372 antistitum
733 1345 852 1372 numeris
872 1345 979 1379 episco-

200 1391 268 1427 palis
285 1385 507 1419 tletrectationent
533 1397 582 1417 nec
599 1390 657 1418 sine
670 1389 747 1425 culpa
766 1397 836 1422 esse,
855 1397 905 1416 nec
917 1394 980 1417 tunc

198 1438 292 1469 fuisse,
313 1444 345 1464 ev
365 1437 415 1463 hac
430 1436 541 1471 epistola
561 1440 690 1471 apparet,
706 1443 766 1470 quae
782 1436 863 1468 dicit;
884 1442 943 1462 curn
964 1441 979 1461 a

198 1484 314 1518 negotiis
337 1482 511 1510 vehementer
537 1481 688 1509 abhorrens
711 1488 766 1516 prae
789 1480 862 1508 curis
889 1480 980 1507 animo

1032 240 1106 275 ἐχειν
1122 239 1204 266 αὺτδν
1216 239 1247 265 τὸ
1260 238 1346 273 ὄνομα
1366 238 1416 272 τῆς
1429 237 1582 271 ἐπισκοπῆς
1595 236 1641 262 καὶ
1653 234 1703 270 τὴν
1716 234 1810 269 τιμὴν,

1032 287 1080 314 καὶ
1094 286 1143 321 τὴν
1156 278 1308 317 κοινωνίαν,
1325 284 1356 311 τὸ
1367 283 1441 315 me;
1455 283 1502 310 τοῦ
1520 281 1715 321 θυσιαστηρίου
1730 280 1812 307 εἰσιέ-

1032 340 1075 358 ναι
1091 319 1205 365 δηλαδὴ,
1220 331 1267 356 καὶ
1283 328 1513 365 μεταλαμϐάνειν,
1529 328 1599 362 μήτε
1613 319 1641 354 δέ
1660 326 1811 362 ἱερουργεῖν

1031 378 1125 411 αὐτὸν,
1155 378 1225 412 μήτε
1250 377 1422 412 χειροτονεῖν,
1449 375 1472 401 εἰ
1501 375 1538 410 μὴ
1563 373 1811 409 συμπαραληφθείη

1032 423 1098 459 παρ’
1136 423 1231 458 ἐτέρου
1263 422 1435 453 ἐπισκόπου,
1462 421 1533 447 ὥστε
1565 419 1811 453 συλλειτουργῆσαι

1030 469 1155 505 ἐκείνῳῆ
1172 468 1424 503 συγχειροτονῆται,
1443 468 1460 504 ἦ
1474 465 1638 501 ἐπιτραπείη
1652 464 1772 492 τοιοῦτον
1783 472 1811 490 τι

1031 516 1144 551 ποιῆσαι
1166 516 1240 550 παρὰ
1259 514 1305 542 τοῦ
1322 514 1371 550 τῆς
1396 514 1500 549 ἐνορίας
1518 513 1626 547 ἐκείνης
1648 511 1810 538 ἐπισκόπου.

1032 562 1087 589 Καὶ
1102 562 1183 597 ἡμεῖς
1202 562 1251 596 μὲν
1266 561 1365 592 ταῦτα,
1381 560 1462 594 φησὶν
1483 560 1499 594 ἡ
1519 557 1639 590 σύνοδος,
1652 556 1810 591 δεδώκαμεν

1030 608 1105 642 αὐτῷ
1117 616 1125 623 ι
1139 608 1163 633 εί
1178 608 1207 634 δέ
1227 616 1253 634 τι
1273 606 1451 642 βουλεύσεσθε
1466 605 1649 641 χρηστότερον
1667 600 1746 638 ὑμεῖς
1765 602 1811 629 ἐπ’

1029 654 1124 686 αὑτοῦ,
1142 654 1159 690 ἢ
1173 654 1220 680 νῦν
1236 653 1252 688 ἢ
1271 653 1342 688 μετὰ
1357 653 1455 684 ταῦτα.
1477 652 1561 687 ἧγουν
1578 652 1603 678 εί
1618 651 1666 678 καὶ
1679 650 1761 677 πλέον
1782 658 1810 676 τι

1029 701 1200 736 παράσχοιτε
1223 700 1300 735 αὐτῷ
1315 700 1418 727 δίκαιον
1437 700 1453 736 ἦ
1477 698 1638 734 προνόμιον,
1662 698 1709 724 καὶ
1728 696 1809 723 τοῦτο

1030 747 1146 782 ἀρεστὸν
1157 748 1224 782 ἡμῖν
1246 746 1328 779 δόξει.
1354 746 1402 773 Ἐκ
1416 746 1519 781 ταύτης
1544 744 1686 778 συνοδικῆς
1711 743 1811 770 οἰκονο-

1031 793 1097 828 μίας
1111 792 1212 819 οἴονταί
1227 801 1300 823 τινες
1323 791 1475 819 ἐνδεδύσθαι
1488 790 1545 822 τοῖς
1560 790 1721 821 ἐπισκόποις
1735 798 1809 824 παρ-

1029 837 1163 865 αιτεῖσθαι
1186 838 1236 869 τὰς
1267 836 1415 871 ἐκκλησίας
1432 835 1533 869 αὐτῶν,
1558 835 1607 870 τὴν
1621 835 1650 862 δὲ
1674 834 1834 871 ἁρχιεριυ-ζ

1031 883 1114 918 σύνην
1141 884 1339 918 παρακρατεῖν.
1361 881 1446 916 Οἶμαι
1473 881 1502 908 δὲ
1526 881 1681 908 τούναντίον
1709 879 1810 915 μᾶλλον
1828 906 1839 914 ί

1029 929 1155 956 ἐντεῦθεν
1169 928 1444 963 καταλαμϐάνεσθαι,
1469 928 1510 954 ὅτι
1538 927 1623 954 πάλαι
1639 927 1664 952 ol
1678 926 1727 957 τὰς
1747 925 1811 951 ἐπι-

1030 977 1135 1008 σκοπάς
1150 975 1377 1010 παραιτούμενοι,
1398 972 1427 1000 εἴ
1443 983 1473 1001 τε
1488 974 1526 1005 ὡς
1551 973 1676 1008 ἐδέχοντο
1701 972 1811 999 πάντων

1030 1023 1193 1056 ἐξέπιπτον,
1207 1022 1255 1047 καὶ
1269 1020 1332 1047 οὔτε
1356 1020 1551 1056 ἀρχιερατικόν
1564 1028 1592 1046 τι
1614 1019 1720 1045 δίκαιον
1738 1018 1810 1052 μετὰ

1028 1070 1078 1104 τὴν
1095 1068 1260 1103 παραίτησιν
1276 1065 1362 1102 εἶχον,
1379 1066 1442 1092 οὔτε
1456 1066 1599 1092 ἐπίσκοποι
1617 1063 1790 1099 ὠνομάζοντο
1801 1071 1810 1079 ο

1030 1116 1054 1141 εἰ
1069 1114 1124 1150 γὰρ
1137 1111 1170 1149 ἦν
1186 1113 1274 1145 ἔθνος,
1285 1112 1356 1139 ὥστε
1378 1112 1424 1139 τὸν
1436 1111 1686 1146 ,παραιτησάμενον
1715 1110 1793 1144 ἀρχιε
1803 1123 1810 1129 -

1031 1161 1130 1198 ρατικὰ
1148 1160 1241 1187 δίκαια
1260 1159 1343 1194 ἔχειν,
1365 1158 1391 1185 τί
1409 1159 1509 1194 δήποτε
1528 1159 1542 1184 ὁ
1558 1156 1708 1188 sommo;
1738 1156 1809 1191 μετὰ

1029 1208 1153 1242 δακρύων
1171 1205 1284 1242 προσῄει
1294 1207 1327 1241 τῇ
1344 1205 1404 1242 ἱερᾷ
1417 1205 1527 1239 συνόδῳ,
1548 1204 1595 1230 καὶ
1610 1204 1700 1240 ᾐτεῖτο
1717 1202 1811 1229 καλεῖ-

1034 1254 1097 1280 σθαι
1111 1253 1273 1284 ἐπίσκοπος,
1293 1251 1342 1277 καὶ
1357 1252 1508 1277 ἐπισκόπου
1528 1250 1600 1285 ἔχειν
1612 1249 1713 1284 τιμήν;
1729 1247 1777 1274 καὶ
1792 1247 1809 1282 ἡ

1030 1300 1139 1330 σύνοδος
1163 1299 1267 1333 ἔγραφε
1287 1298 1351 1332 περὶ
1378 1297 1473 1324 τούτου
1491 1297 1523 1332 τῇ
1546 1296 1617 1323 κατὰ
1645 1294 1812 1329 Παμφυλίαν

1031 1347 1151 1380 συνόδῳς
1169 1345 1270 1380 μᾶλλον
1288 1345 1337 1380 μὲν
1354 1342 1401 1371 οὖν
1417 1343 1471 1370 ἀπὸ
1486 1343 1536 1376 τῆς
1549 1342 1695 1376 ἐπιστολῆς
1708 1340 1811 1374 ταύτης

1030 1394 1078 1420 καὶ
1089 1393 1118 1419 τὺ
1133 1392 1201 1424 ὅλως
1217 1390 1410 1427 παραιτεῖσθαι
1437 1390 1502 1421 τοὺς
1518 1389 1657 1424 ἀρχιερεῖς
1680 1387 1729 1418 τὰς
1750 1387 1811 1412 ἐπι-

1030 1439 1136 1469 σκοπάς
1151 1438 1201 1464 οὒκ
1213 1437 1380 1471 ἀνέγκλητον
1403 1434 1529 1468 φαίνεται
1549 1432 1631 1465 εἶναι,
1650 1432 1712 1459 οὐδὲ
1737 1431 1812 1465 γίνε-

1031 1485 1092 1511 σθαι
1106 1483 1177 1515 τότε,
1194 1482 1331 1516 λεγούσης
1347 1481 1385 1513 ὼς
1399 1479 1558 1516 ἀπειρηκὼς
1574 1479 1644 1515 πρὸς
1660 1479 1708 1509 τὰς
1731 1486 1813 1512 φρον-

197 1529 372 1560 concidisset,
405 1528 623 1566 rentyttistiouis,
658 1527 792 1555 nescimus
831 1525 976 1560 quomodo,

1031 1532 1105 1562 τίδας
1123 1532 1163 1557 ἐκ*
1175 1529 1276 1564 πολλῆς
1292 1526 1518 1562 ἀπραγμοσύνης,
1540 1525 1743 1561 παραιτήσεως,
1761 1523 1812 1550 οὐκ

199 1575 317 1603 libellum
331 1574 437 1601 obtulit.
451 1572 597 1608 Oportebat
612 1572 683 1600 enim
694 1572 777 1608 :eum,
790 1575 818 1599 ut
831 1571 873 1599 cui
886 1578 979 1599 sacer-

198 1621 296 1648 dotalis
317 1627 381 1647 eura
406 1619 490 1647 semel
507 1618 632 1646 mandata
657 1622 709 1652 est,
723 1617 749 1645 ei
768 1624 828 1646 cum
846 1615 978 1652 spirituali

198 1668 296 1694 robore
310 1667 446 1697 inslstere,
466 1670 494 1693 et
505 1664 612 1693 labores
624 1657 706 1692 veluti
727 1664 827 1696 subire,
847 1668 875 1690 et
896 1662 980 1689 sudo-

199 1720 266 1744 rem,
299 1713 343 1740 cui
371 1718 475 1740 merces
496 1711 634 1747 proposita
654 1715 717 1743 est,
741 1710 866 1737 lubenter
893 1707 980 1737 susci-

199 1765 271 1793 pere.
799 1782 801 1784 τ

234 1802 291 1830 Non
324 1801 409 1829 fuisse
439 1801 521 1836 igitur
553 1800 659 1835 antiqui
693 1801 777 1828 moris
803 1800 980 1828 ecclesiarum

199 1847 422 1879 renuutiatioues,
438 1847 536 1874 exinde
552 1846 619 1874 satis
637 1850 751 1878 constat,
775 1845 846 1880 quod
862 1843 980 1880 synodus
996 1849 998 1851 ’

197 1894 304 1927 scribit,
339 1893 411 1927 quod
443 1893 580 1920 nescimus
606 1891 742 1927 quomodo
773 1890 981 1918 renuntiationis

198 1937 317 1966 libellum
333 1937 439 1965 obtulit.
461 1936 659 1964 Admirantium
685 1944 801 1969 namque
822 1934 886 1963 iacti
903 1935 980 1962 uovi—

188 1989 282 2011 .tatem
305 1987 334 2016 et
361 1982 540 2010 dubitantium
555 1986 614 2009 erat
638 1982 737 2013 dicere,
756 1981 826 2015 quod
845 1981 982 2008 nescimus

197 2030 333 2065 quomodo
349 2030 374 2057 id
386 2030 488 2056 factum
506 2029 566 2056 fuit.
581 2029 608 2056 Si
629 2036 692 2056 vero
703 2036 746 2056 res
757 2029 854 2055 usitata
867 2027 961 2054 fuisset
972 2048 980 2059 ,

198 2078 232 2104 de
257 2084 288 2103 ea
305 2084 357 2103 non
378 2075 558 2103 dubitaretur.
584 2075 648 2107 Quae
669 2081 733 2102 vero
752 2073 899 2108 subjiciunt
914 2072 981 2109 [cui

198 2129 314 2156 namque
328 2121 410 2149 semel
426 2119 585 2155 episcopalis
597 2127 661 2147 cura
673 2119 834 2147 demandata
849 2119 943 2146 fuisset
955 2119 979 2145 ei

198 2168 325 2195 insistere
338 2166 410 2193 illum
425 2164 556 2201 oportuit]
573 2169 601 2192 et
611 2172 669 2199 qua:
685 2170 843 2199 sequuntur,
864 2173 906 2198 ea,
921 2164 981 2191 ttul-

197 2215 251 2241 hm
267 2213 397 2249 ejusmodi
410 2211 587 2239 sacerdotalis
596 2211 685 2238 Oneris
701 2211 851 2246 deponendi
865 2211 980 2240 faculta-
997 2213 1018 2241 Ι)

199 2265 253 2287 lem
267 2259 363 2292 fuisse,
380 2258 445 2293 quin
464 2257 488 2284 id
512 2258 600 2291 potius
613 2258 731 2285 maxime
746 2260 857 2285 vetitum
875 2263 901 2285 et
926 2259 982 2286 cri-

198 2305 333 2333 minosum
359 2304 452 2336 fuisse,
473 2303 538 2331 satis
552 2309 645 2339 aperte
659 2304 860 2332 demonstrant.
877 2303 981 2331 Etenim

198 2350 221 2378 si
236 2351 282 2385 qui
299 2357 370 2377 nunc
386 2349 501 2384 primum
523 2349 556 2376 ad
575 2349 719 2384 pastoralis
735 2356 806 2377 curae
822 2349 982 2376 sollicitudi-

199 2401 415 2427 ttem.vocantur,
432 2394 484 2422 nisi
496 2394 605 2422 decreto
627 2399 739 2428 pareant
752 2394 900 2422 secundum
919 2402 984 2429 apo-

198 2439 329 2468 stolorum
341 2440 433 2475 .109
457 2439 623 2473 trigesimum
640 2445 755 2472 sextum,
769 2443 796 2467 et
806 2439 982 2467 Antiochense

199 2486 295 2522 synodi
312 2486 446 2513 decimum
464 2485 607 2520 septimum
632 2492 775 2517 canonem,
800 2487 886 2520 quoad
903 2494 982 2513 recu-

199 2533 276 2560 sandi
293 2533 373 2559 ﬁnem
386 2532 517 2563 facerent,
532 2536 724 2567 segregenlur;
741 2532 877 2566 quomodo
890 2532 919 2564 ii,
935 2533 980 2567 qui

199 2578 370 2606 ordinantur.
384 2582 411 2604 et
426 2577 513 2612 populi
527 2585 620 2604 curam
638 2582 827 2611 susceperunt,
841 2577 867 2604 ei
885 2586 981 2606 renun-

199 2625 307 2653 tiantes.
327 2629 354 2651 et
368 2624 487 2652 oblatum
512 2623 562 2650 sibi
578 2623 668 2650 divina
693 2623 779 2658 gratia
800 2625 980 2653 ministerium

198 2670 381 2710 repudiantes.
396 2669 476 2697 lacile
490 2668 678 2696 admittentur.
689 2674 716 2695 et
727 2676 780 2695 non
802 2677 879 2703 poena
892 2672 982 2704 potius

200 2715 366 2748 aiﬁcientur,
383 2716 430 2742 sed
453 2718 480 2742 et
495 2713 646 2748 praemium,
674 2714 794 2749 episcopi
809 2715 912 2742 scilicet
933 2724 982 2743 no-

199 2767 260 2787 rncn
276 2766 303 2787 et
320 2761 460 2793 honorem,
483 2759 639 2788 habebunt?
655 2759 721 2787 Nam
737 2768 767 2786 ea
784 2761 892 2795 quidem
915 2769 983 2796 prm-

200 2806 246 2832 mii
260 2805 319 2834 loco
331 2807 443 2838 homini,
455 2808 526 2842 quia
540 2809 671 2844 partecia,
692 2807 718 2834 in
736 2814 818 2842 quam
830 2805 983 2835 destinatus

202 2852 301 2892 tucrat,
327 2859 380 2879 non
407 2859 457 2880 suo
473 2853 549 2886 vitio,
566 2854 613 2881 scd
637 2854 777 2890 impotenti
802 2854 982 2882 multitudinis

1031 1578 1110 1612 ῐσμεν
1136 1578 1220 1608 ὅπως,
1248 1574 1431 1611 προσεκόμισε
1459 1572 1571 1608 βιβλίον.
1597 1571 1671 1598 Ἐδει
1697 1570 1753 1605 γὰρ
1772 1569 1811 1601 ὡς

1030 1623 1106 1656 ἅπαξ
1130 1620 1373 1657 ἐγκεχειρισμένον
1400 1619 1541 1654 ἱερατικὴν
1564 1617 1693 1653 φροντίδα
1709 1615 1813 1649 ταύτης

1030 1669 1139 1704 ἔχεσθαι
1171 1667 1231 1703 μετ’
1267 1665 1418 1701 εύρωστῑας
1448 1658 1654 1698 πνευματὶκῆς,
1680 1661 1726 1688 καὶ
1756 1657 1812 1687 οἷον

1029 1713 1247 1741 ἀνταποδύεσθαι
1265 1712 1323 1743 τοῖς
1345 1711 1448 1742 πόνοις,
1464 1710 1513 1736 καὶ
1532 1709 1635 1744 ἱδρῶτα
1652 1707 1698 1734 τὸν
1727 1706 1813 1740 ἔμμι-

1031 1761 1094 1787 σθον
1109 1759 1230 1785 ἐθελοντὶ
1252 1757 1411 1792 ὑπομένειν.
1425 1756 1489 1783 Ὀτι
1506 1755 1555 1790 μὲν
1569 1753 1617 1781 οὖν
1635 1754 1684 1780 οὐκ
1702 1752 1762 1783 ἔθος
1777 1749 1813 1787 ἦν

1031 1804 1216 1841 παραιτήσεις
1239 1802 1395 1838 ἐκκλησιῶν
1415 1800 1542 1837 γίνεσθαι
1559 1801 1631 1832 τότε,
1650 1798 1813 1834 ἐμφαίνεται

1029 1853 1086 1880 ἀπὸ
1104 1852 1150 1879 τοῦ
1165 1850 1268 1886 γράψαι
1293 1849 1344 1886 τὴν
1360 1848 1468 1877 σύνοδον
1497 1848 1534 1879 ὡς
1557 1847 1607 1874 οὐκ
1623 1847 1713 1880 ’ἴσμεν
1738 1844 1814 1875 ὃπως

1031 1897 1221 1933 παραιτήσεως
1235 1895 1419 1932 προσεκόμισε
1437 1891 1738 1930 βιδλίονεενιζομένων
1758 1891 1813 1924 γὰρ

1031 1943 1078 1970 ἐπὶ
1089 1945 1122 1978 τῇ
1136 1943 1236 1978 πράξει
1253 1942 1300 1968 καὶ
1313 1941 1492 1976 ἀπορούντων
1510 1940 1543 1975 ἦν
1557 1939 1588 1966 τὸ
1603 1939 1693 1972 λέγειν
1710 1937 1747 1968 ὡς
1763 1936 1814 1962 οὐκ

1034 1989 1111 2023 ῐσμεν
1132 1989 1207 2020 ὃπως
1226 1988 1336 2021 ἐγένετο
1350 1987 1422 2015 τότε,
1439 1987 1471 2013 El
1493 1987 1522 2013 δέ
1547 1984 1671 2020 συνήθως
1694 1982 1814 2017 ἐγένετο,

1031 2036 1081 2062 οὐκ
1106 2034 1139 2061 ἂν
1154 2024 1298 2069 ἠπορεῖτο,⁷
1316 2033 1353 2059 Τὸ
1376 2031 1404 2058 at
1415 2065 1423 2070 '
1437 2031 1595 2066 ἐπιφέρειν·
1613 2027 1679 2056 ἐδει¹
1695 2028 1751 2063 γὰρ
1776 2027 1815 2055 ti);

1031 2079 1107 2113 ἅπαξ
1127 2078 1366 2114 ἐγκεχειρισμένον
1393 2077 1534 2113 ιερατικὴν
1560 2074 1690 2111 φροντίδα
1703 2073 1816 2108 ἔχεσθαι

1031 2127 1144 2160 ταύτης,
1158 2125 1206 2152 καὶ
1218 2118 1256 2151 ’τὰ
1277 2124 1340 2159 ἑξῆς
1353 2124 1461 2150 δίδωσιν
1478 2123 1591 2152 ἐννοεῖν,
1607 2122 1648 2148 ὅτι
1668 2120 1698 2146 τὺ
1713 2118 1817 2153 παραί-

1031 2172 1140 2199 τεῖσθαι
1157 2173 1205 2202 τὰς
1225 2170 1366 2205 ἱερατικὰς
1381 2169 1524 2204 φροντίδας
1540 2169 1591 2195 οὐκ
1612 2167 1818 2202 ἐπιτετραμμέ-

1034 2226 1095 2249 νον,
1130 2217 1188 2243 am
1214 2215 1454 2251 ὑποτετραμμὲνον
1484 2214 1587 2250 μᾶλλόν
1617 2214 1676 2239 ἐστι
1699 2212 1817 2239 καὶ-ὑπ’

1034 2263 1163 2289 αἰτίασιν.
1190 2262 1221 2289 Ei
1238 2261 1299 2296 ςγὰρ
1322 2262 1346 2288 οἱ
1369 2262 1430 2296 ἄρτι
1461 2260 1577 2296 πρώτως
1596 2259 1758 2292 καλούμενοι
1777 2258 1819 2289 εἰς

1033 2307 1216 2342 ποιμαντικὴν
1229 2306 1403 2341 λειτουργίαν
1421 2305 1497 2336 λαοῦ,
1517 2305 1542 2330 ει
1560 2304 1597 2340 μὴ
1609 2303 1747 2330 πείθοιντο
1759 2303 1819 2334 τοῖς

1032 2353 1228 2388 ψηφιζομένοις
1244 2352 1353 2383 αὐτοὺς,
1378 2350 1567 2385 άφωρισμένοι
1589 2349 1655 2380 εἰσὶ,
1678 2350 1749 2375 κατὰ
1772 2348 1820 2374 τὸν

1032 2399 1077 2431 λς’
1104 2398 1206 2426 κανόνα
1222 2399 1275 2425 τῶν
1292 2397 1378 2432 ἁγίων
1401 2397 1559 2424 ἀποστόλων
1576 2397 1628 2428 ἕως
1643 2396 1676 2424 ἃν
1700 2391 1819 2423 καταδέ-

1034 2444 1145 2477 ξωνται,
1160 2444 1207 2470 καὶ
1230 2443 1302 2470 κατᾶ
1324 2441 1370 2470 τδν
1393 2443 1425 2475 ιζ’
1451 2443 1501 2474 τῆς
1520 2443 1549 2469 ἐν
1569 2441 1722 2477 Ἀντιοχείᾳ
1740 2441 1820 2466 συνό-

1034 2491 1091 2522 δου,
1109 2491 1166 2523 πῶς
1182 2491 1207 2517 οἱ
1224 2492 1464 2527 χειροτονηθέντες
1479 2492 1525 2518 καὶ
1542 2491 1590 2526 τὴν
1607 2490 1654 2517 τοῦ
1670 2488 1736 2516 λαοῦ
1750 2497 1820 2523 προ-

1035 2537 1147 2563 στασίαν
1177 2536 1392 2571 καταδεξάμενοι
1415 2537 1606 2572 ’ἀπραγμόνως
1643 2535 1820 2570 δεχθήσονται

1034 2584 1260 2619 παραιτούμενοι,
1279 2583 1328 2610 καὶ
1346 2583 1565 2618 τδέγχειρισθὲν
1585 2583 1678 2613 αὐτοῖς
1693 2578 1746 2610 ὑπὸ
1766 2580 1820 2615 τῆς

1034 2628 1108 2660 θείας
1121 2630 1231 2664 χάριτος
1247 2628 1435 2664 λειτούργημα
1448 2628 1676 2663 ἀπαναινόμενοι,
1691 2627 1742 2653 οὐκ
1757 2627 1816 2652 ἐπι-

1033 2675 1234 2710 τιμηθήσονται
1254 2675 1365 2709 μᾶλλον,
1378 2674 1445 2700 ἀλλὰ
1460 2674 1507 2700 καὶ
1520 2675 1604 2709 γέρας
1617 2674 1709 2706 ἕξουσι
1722 2672 1752 2699 τὸ
1769 2682 1821 2699 κα-

1034 2721 1139 2748 λεῖσθαι
1153 2721 1312 2753 ἐπίσκοποι,
1331 2720 1379 2746 καὶ
1393 2719 1539 2755 τυγχάνειν
1555 2719 1639 2754 τιμῆς
1657 2719 1819 2754 ἀρχιερατι-

1034 2768 1104 2802 id“:
1121 2768 1190 2802 ὅπερ
1216 2768 1233 2802 ἡ
1258 2768 1287 2793 ἐν
1302 2767 1456 2802 ’Δντιοχείᾳ
1474 2765 1581 2797 σύνοδος
1608 2765 1645 2796 ὠς
1673 2764 1820 2799 πρεσσείον

1033 2813 1165 2847 ἀπένειμε
1186 2812 1224 2847 τῷ
1240 2812 1460 2847 χειροτονηθέντι
1476 2813 1516 2842 εἰς
1532 2810 1692 2845 παροικίαν,
1712 2810 1759 2835 καὶ
1779 2808 1819 2843 μὴ

1033 2858 1156 2893 δεχθέντι
1172 2858 1248 2893 παρὰ
1271 2857 1319 2883 τοῦ
1347 2857 1438 2883 ἐκεῖσε
1452 2856 1518 2883 λαοῦ
1542 2855 1572 2881 ού
1591 2855 1655 2891 παρ’
1670 2854 1760 2882 αἰτίαν
1777 2854 1818 2880 οι-
