1942 3108
216 138 268 169 399

249 202 349 227 ralum,
362 202 393 221 ne
403 200 495 219 nomen
515 190 561 216 Dei
576 188 768 221 blasphematur
781 194 790 213 :
812 185 926 213 civitatis
953 192 1002 211 aue
1017 188 1039 214 Α

251 251 300 271 tem
316 243 461 276 episcopum
482 243 580 272 oportet
591 245 649 264 eam
661 244 738 271 quum
748 243 796 268 par
808 239 845 260 es!
873 238 1004 260 monaste-

250 298 348 317 norum
369 295 460 314 curam
475 292 573 320 gerere.

254 431 350 458 BALS.
376 429 443 457 Nota
471 427 592 463 permitti
620 425 768 461 episcopis,
800 429 830 451 ut
863 422 1005 450 monachis

218 479 338 506 civilium
356 477 526 512 negotiorum
541 474 808 502 administrationem
835 471 1005 497 concedant:

220 526 291 562 quod
305 525 326 552 si
343 523 481 560 episcopis
512 522 564 549 hoc
582 520 714 548 indultum
738 523 792 551 est,
810 517 894 544 tnulto
922 516 1007 550 magis

221 572 431 607 imperatoribus
450 568 626 605 permittitur.
655 567 710 593 Eos
726 566 771 600 qui
804 572 879 599 pure,
901 563 951 590 hoc
966 566 1007 590 est

221 627 284 646 vere
300 623 327 645 et
339 625 392 644 non
409 615 533 642 simulate
545 618 609 641 sunt
634 611 773 642 monachi,
803 608 932 637 honorari
962 609 1008 634 de-

221 664 285 691 bere
308 663 374 689 dicit
388 668 475 688 canon
489 669 496 686 :
515 666 563 687 eos
578 665 643 686 vero
669 657 714 692 qui
731 654 882 683 monachali
909 653 1007 680 amictu

224 715 350 744 tanquam
366 711 496 742 prietextu
512 709 637 736 utuntur,
654 708 679 730 et
698 702 822 729 homines
858 700 1007 734 decipiunt,

211 754 410 790 treprimendos
422 757 450 780 et
466 752 492 779 in
508 758 564 778 suae
585 755 704 776 tonsurze
725 748 814 775 locum
831 745 1009 773 remittendos

224 807 284 826 esse
295 799 382 825 visum
398 802 448 828 est,
476 800 506 823 ut
521 796 565 829 qui
580 801 645 822 cttm
659 793 789 820 ecclesias
817 797 873 818 tum
903 789 1009 823 negotia

225 845 315 872 civilia
329 844 499 879 perturbent.
529 841 581 868 Per
603 840 720 867 medium
748 839 820 865 enim
839 838 927 864 forum
949 845 1010 871 pru-

226 892 392 926 gredientes,
409 894 436 915 et
455 886 676 917 seszecularibus
701 884 818 919 negotiis
847 883 1011 918 ingerentes,

229 938 341 964 fortasse
364 935 444 963 etiam
468 934 609 965 docentes,
635 931 805 966 perturbant,
824 929 875 956 hoc
894 932 936 955 est
959 928 1012 954 hu-

229 991 307 1011 mana
321 987 348 1010 et
363 981 451 1009 divina
467 979 592 1007 dividunt
607 985 639 1004 ac
649 976 827 1007 confundunt,
843 981 893 1001 nec
908 973 1012 1004 sinunt,

229 1035 255 1056 ιιι
274 1037 305 1056 ea
331 1036 362 1055 ex
388 1027 495 1061 propria
517 1031 565 1052 sua
582 1027 676 1050 natura
701 1025 901 1049 exerceantur:
929 1026 1014 1046 εωειι-

231 1077 297 1103 laria
312 1074 415 1102 scilicet
429 1071 534 1106 negotia
546 1077 561 1096 a
579 1069 671 1095 laicis:
701 1066 860 1094 monachica
888 1070 976 1091 autem
988 1069 1015 1091 et

228 1119 410 1148 cccleSiastica
439 1117 515 1144 abiis
530 1116 574 1150 qui
592 1119 660 1142 sunt.
669 1113 722 1139 Deo
739 1111 866 1139 dedicati.
882 1110 1014 1144 Quoniam

233 1172 334 1198 autent,
365 1164 462 1199 inquit,
492 1163 573 1190 iidem
603 1165 713 1196 propter
732 1157 907 1185 ambitionem
932 1156 1015 1191 etiam

232 1212 396 1239 monasteria
413 1210 563 1243 deinlegro
590 1209 711 1234 excitare
735 1209 881 1235 conantur,
897 1210 929 1229 ne
961 1204 1017 1237 epi-

231 1266 311 1291 scopo
326 1256 518 1291 subjiciuntur,
533 1254 674 1281 deliuitutn
687 1257 730 1278 est
744 1251 845 1278 nemini
869 1250 951 1277 livere
975 1249 1016 1276 vel

231 1302 424 1331 monaSIerium
458 1301 500 1327 vel
513 1298 662 1326 oratorium
689 1302 788 1332 praeter
803 1296 926 1331 episcopi
941 1303 1016 1322 men-

234 1357 286 1377 tem
305 1356 389 1383 usque
404 1347 543 1374 excitare:
559 1345 657 1380 subjici
684 1348 773 1371 autem
800 1342 947 1370 tnonachos
960 1349 1018 1368 om-

233 1403 281 1423 nes
296 1395 412 1430 regionis
423 1393 561 1427 episcopo,
575 1395 603 1418 et
622 1391 732 1417 fortiter
747 1396 923 1424 perseverare
936 1388 962 1414 in
981 1395 1013 1414 ea

234 1441 375 1468 mansione
387 1440 474 1474 inqua
487 1437 556 1465 tonsi
569 1442 643 1464 sunt.
656 1436 756 1470 Adjicit
770 1439 860 1462 autetn
874 1442 921 1461 eos
936 1435 1018 1460 etiam

235 1494 324 1514 rerum
343 1484 588 1513 ecclesiasticarum
616 1481 818 1510 communionis
851 1486 877 1507 et
901 1479 1019 1507 admini-

234 1533 374 1560 stralionis
390 1539 442 1559 non
467 1538 527 1558 esse
553 1528 714 1564 participes,
741 1535 791 1555 nec
814 1527 897 1554 etiam
924 1533 1017 1553 earum

235 1587 295 1614 quae
310 1578 342 1605 ad
358 1577 438 1604 vitam
461 1576 611 1611 pertinent,
629 1582 677 1600 seu
702 1572 836 1604 civilium,
867 1571 919 1598 nisi
951 1571 1021 1597 forte

238 1625 356 1653 civitatis
379 1624 522 1658 episcopus
548 1622 588 1648 eis
610 1625 720 1655 propter
735 1627 811 1646 usum
840 1617 1022 1645 necessarium

239 1674 290 1699 ltoc
303 1669 469 1706 permiserit.
485 1668 586 1695 Servos
612 1671 703 1693 autem
727 1671 824 1700 praeter
847 1663 1020 1690 dominorum

238 1718 403 1743 voluntatem
419 1721 473 1741 non
493 1720 553 1740 esse
566 1711 716 1739 toudendos
745 1711 883 1736 decretum
900 1713 956 1735 cst:
982 1707 1023 1734 vel

238 1771 298 1790 eum
313 1767 398 1794 certe,
410 1760 457 1796 qui
473 1760 523 1786 hoe
535 1759 673 1785 decretum
684 1755 890 1789 transgreditur,
905 1762 964 1782 esse
978 1762 1024 1781 ex—

241 1807 482 1836 communiratutn.
495 1804 553 1831 Jant
569 1811 631 1830 vero
642 1802 720 1837 117
733 1801 854 1828 civitatis
867 1801 1023 1835 episcopum

240 1859 357 1889 oportet,
371 1852 468 1887 inquit,
483 1849 711 1877 monasteriorum
731 1855 826 1874 curam
839 1852 943 1881 gerere.
956 1845 1024 1872 Nota

240 1907 305 1935 ergo
319 1900 389 1934 quod
407 1896 532 1925 monachi
551 1895 606 1922 illic
629 1900 802 1929 perseverare
812 1897 840 1920 ct
867 1898 1027 1926 permanere

242 1946 349 1977 debent,
367 1944 410 1971 ubi
426 1942 528 1970 saeculo
547 1939 742 1968 renuntiarunt
759 1945 806 1964 seu
818 1937 888 1964 tonsi
902 1936 1024 1963 fuerunt:

242 1997 268 2018 et
291 1990 363 2025 quod
378 1997 410 2016 ex
424 1987 604 2023 permissioue
626 1984 748 2019 episcopi
776 1986 889 2017 possunt
902 1981 1027 2008 monachi

244 2044 297 2064 non
310 2036 396 2063 solum
414 2032 601 2061 ecclesiastica
632 2031 738 2065 negotia
763 2028 964 2060 administrare,
982 2027 1029 2054 sed

243 2091 274 2111 ea
289 2083 371 2111 etiam
385 2088 445 2114 qua:
460 2081 492 2106 ad
511 2079 593 2105 vitam
611 2077 760 2112 pertinent,
794 2075 845 2109 hoc
861 2079 903 2101 est
926 2074 1028 2100 ctthia.

246 2130 275 2157 Si
291 2135 380 2156 autent
396 2129 447 2154 hoc
465 2130 555 2160 potest
570 2124 660 2152 facere
686 2123 848 2158 episcopalis
874 2121 1029 2156 permiSsio,

247 2178 272 2204 id
297 2176 381 2203 multo
406 2173 491 2205 magis
523 2171 604 2198 faciet
627 2174 747 2204 potestas
773 2168 944 2203 itnperialis,
972 2174 1032 2201 qua:

247 2224 327 2250 etiam
346 2221 489 2255 episcopos
499 2221 648 2252 promovet.
670 2214 815 2250 Propterea
831 2215 915 2246 enim,
936 2219 965 2240 ut
991 2217 1032 2239 est
1049 2217 1070 2242 ι)

249 2273 474 2298 consentaneum,
506 2264 549 2290 ille
576 2264 657 2290 etiam
693 2261 919 2296 metropolitanus
955 2259 1034 2285 Sides

250 2317 352 2348 absque
367 2312 421 2339 ullo
436 2310 627 2346 impedimento
655 2308 760 2342 itnperii
785 2307 891 2342 negotia
916 2305 1034 2332 admini-

251 2361 366 2391 strabat,
386 2359 412 2385 in
438 2363 553 2392 persona
585 2354 758 2389 imperatoris
790 2352 892 2379 domini
918 2350 1035 2378 Michael

230 2408 343 2434 ‘Bucte.
379 2405 447 2437 Quin
480 2407 507 2429 et
538 2401 584 2429 ille
609 2399 790 2428 Neoczcsareaa
815 2397 1038 2432 metropolitanus

255 2451 393 2480 maritima
408 2449 528 2477 civitatis
543 2448 604 2482 jura
617 2445 799 2480 conscripsit:
822 2449 857 2470 vet
881 2443 926 2470 alii
955 2443 1037 2470 etiam

255 2498 390 2537 antistites
404 2503 436 2523 ac
450 2493 576 2522 monachi
595 2493 661 2527 imp.
691 2495 719 2518 et
745 2490 854 2526 publica
885 2489 1039 2516 tninisterio

256 2546 449 2573 exercuerunt.
463 2541 533 2575 Lege
544 2546 570 2567 et
583 2540 699 2574 primum
713 2542 794 2572 caput
810 2537 906 2571 synodi
927 2542 1039 2569 congte-

257 2597 324 2626 gata:
352 2590 376 2616 in
406 2587 505 2622 templo
533 2590 689 2613 sanctorum
718 2582 913 2618 apostolorum.
944 2582 1040 2614 Qtuere

257 2638 337 2666 etiatn
349 2636 383 2663 de
403 2636 503 2665 servis,
526 2632 571 2666 qui
602 2635 699 2665 praeter
718 2630 890 2656 dominorum
916 2627 1041 2654 volunta-

260 2688 311 2709 tem
327 2685 391 2708 sunt
419 2679 556 2710 monachi,
586 2676 620 2703 26
644 2683 705 2710 cap.
731 2675 808 2710 pruni
833 2674 874 2700 tit.
900 2673 1042 2707 praesentis

259 2729 356 2763 operis.

298 2814 423 2841 ZUNAR.
445 2814 494 2846 Qui
508 2820 569 2840 vcre
580 2819 611 2838 ac
622 2811 738 2842 sincere,
749 2809 800 2836 hoc
811 2813 852 2836 est
863 2809 953 2835 animo
964 2815 1044 2842 puro,

265 2869 315 2887 nec
333 2861 384 2887 ulla
407 2859 587 2887 simulationis
603 2861 649 2884 aut
665 2856 805 2893 pravitatis
826 2855 887 2883 labe
901 2855 1044 2889 iuluscato,

845 126 983 157 THEOD.
1005 122 1205 155 BALSAMON

1787 109 1846 141 4ἢο

1089 190 1154 208 του.
1173 181 1228 207 Τὸν
1247 178 1282 205 δὲ
1299 176 1525 212 παραϐαίνοντα
1553 172 1662 200 τοῦτον
1680 170 1765 205 ἡμῶν
1788 171 1847 197 τὸν

1090 229 1164 262 ὅρον
1177 227 1328 260 ὡρίσαμεν
1347 223 1552 256 ἀκοινώνητον
1571 220 1663 247 εἷναι.
1677 219 1728 244 ἵνα
1739 217 1782 251 μὴ
1807 218 1845 242 τὸ

1091 275 1186 308 ὄνομα
1210 272 1263 298 τοῦ
1294 270 1369 298 Θεοῦ
1399 264 1620 302 ,ϐλασφημῆται
1636 273 1643 279 ·
1663 265 1716 290 τὸν
1738 263 1846 299 μέντοι

1089 322 1258 348 ἐπίσκοπον
1269 318 1325 353 τῆς
1337 318 1453 349 πόλεως
1468 314 1526 349 χρὴ
1545 313 1604 346 τὴν
1618 311 1753 338 δέουσαν
1770 312 1848 344 πρό-

1091 377 1179 396 νοιαν
1193 366 1344 394 ποιεῖσθαι
1357 364 1417 392 τῶν
1429 360 1655 398 μοναστηρίων.

1092 415 1192 442 ΒΔΔΣ.
1213 413 1372 450 Σημείωσαι
1390 412 1432 438 ὅτι
1448 410 1554 444 ἐφεῖται
1573 408 1629 438 τοῖς
1639 404 1799 434 ἐπισκόποις
1812 402 1848 428 τὸ

1057 463 1218 498 ἐπιτρέπειν
1236 460 1364 496 μοναχοῖς
1385 458 1519 490 διοίκησιν
1537 453 1688 481 πολιτικῶν
1713 450 1848 486 πραγμά-

1056 518 1111 537 των
1124 495 1133 526 λ
1146 509 1194 536 καὶ
1211 495 1259 534 ἐὰν
1270 507 1328 538 τοῖς
1341 504 1504 534 ἐπισκόποις
1519 501 1600 528 τοῦτο
1616 497 1738 532 ἐνεδόθη,
1754 495 1848 530 πολλῷ

1058 556 1143 582 πλέον
1155 555 1212 586 τοῖς
1229 552 1387 589 βασιλεῦσιν
1401 549 1606 586 ἑγκεχώρητσι.
1623 546 1691 576 Τοὺς
1704 541 1848 577 καθαρῶς,

1058 601 1199 629 τουτέστιν
1230 599 1340 634 ἀληθῶς
1356 597 1403 624 καὶ
1419 596 1456 632 μὴ
1470 594 1530 622 καθ’
1541 593 1697 627 ὑπόκρισιν,
1715 589 1852 624 μονάζον-

1059 657 1109 680 τας
1136 646 1268 683 τιμᾶσθαί
1287 653 1370 680 φησιν
1385 645 1399 670 ὸ
1413 642 1504 670 κανών
1514 649 1522 655 ·
1537 641 1601 671 τοὺς
1615 640 1643 665 δὲ
1656 637 1695 673 τῷ
1708 634 1852 672 μοναχικῷ

1061 681 1183 730 σχήματι
1198 690 1389 727 κεχρημένους
1412 689 1450 720 ὡς
1477 688 1506 714 ὲν
1519 686 1707 722 προσχήματι,
1720 684 1767 709 καὶ
1779 681 1853 707 πλα-

1061 727 1165 771 νῶντας
1188 739 1253 770 τοὺς
1284 736 1458 772 ἀνθρώπους,
1478 731 1710 768 σωφρονίζεσθαι,
1739 728 1787 755 καὶ
1810 727 1854 758 εἰς

1060 788 1112 819 τὰς
1128 787 1299 821 ἁποκάρσεις
1312 783 1403 815 αὐτῶν
1420 780 1581 817 πέμπεσθαι
1596 779 1733 809 δέδοκται,
1749 776 1788 807 ὡς
1803 782 1855 800 τα-

1064 835 1212 871 ράττοντας
1228 834 1279 864 τάς
1290 840 1321 858 τε
1335 829 1485 865 ἐκκλησίας
1501 828 1550 855 καὶ¹
1570 827 1605 854 τὰ
1634 825 1763 852 πολιτικὰ
1782 822 1857 857 πρά-

1063 869 1168 919 γματα.
1186 880 1332 915 Προῖόντες
1357 878 1413 914 γὰρ
1436 877 1480 903 διὰ
1499 877 1584 912 μέσης
1594 874 1643 908 τῆς
1660 872 1774 908 ἀγορᾶς,
1805 869 1858 896 καὶ

1065 917 1306 964 παρεμϐάλλοντες
1322 924 1436 955 ἑαυτοὺς
1450 922 1594 957 κοσμικοῖς
1611 919 1769 954 πράγμασι.
1787 917 1858 946 ἴσως

1064 975 1093 1002 δὲ
1106 974 1153 1002 καὶ
1166 973 1354 1002 διδάσκοντες,
1370 969 1550 1004 ταράττουσι,
1566 965 1692 992 τουτέστι
1707 961 1857 998 μερίζουσι

1065 1022 1113 1048 καὶ
1129 1019 1274 1054 συγχέουσι
1293 1017 1327 1044 τὰ
1337 1017 1397 1043 θεῖα
1410 1015 1457 1041 καὶ
1469 1014 1504 1040 τὰ
1518 1012 1689 1048 ἀνθρώπινα,
1703 1010 1741 1045 μὴ
1754 1008 1860 1038 ἐῶντες

1065 1068 1152 1095 ταῦτα
1167 1067 1239 1093 κατα
1255 1065 1304 1100 τὴν
1328 1063 1435 1090 οἰκείαν
1460 1061 1543 1096 φύσιν
1569 1058 1754 1093 ἐνεργεῖσθαι,
1771 1056 1861 1091 ἧγουν

1066 1114 1101 1140 τὰ
1115 1113 1164 1148 μὲν
1175 1110 1360 1147 πραγ-ματικᾶι
1372 1109 1425 1135 ὑπὸ
1439 1107 1493 1134 τῶν
1506 1106 1619 1138 λαῖκῶν,
1632 1104 1667 1130 τὰ
1678 1103 1706 1130 δὲ
1722 1101 1863 1138 μοναχικὰ

1068 1160 1115 1186 καὶ
1129 1155 1346 1191 ἐκκλησιαστικὰ
1362 1155 1415 1181 ὑπὸ
1431 1154 1486 1180 τῶν
1500 1151 1721 1186 ἀνατεθειμένων
1735 1148 1775 1184 τῷ
1788 1148 1861 1182 Θεῷ.

1074 1207 1150 1232 Ἐπεὶ
1166 1206 1204 1235 δὲ,
1235 1204 1330 1239 φησὶν,
1345 1203 1369 1229 οἱ
1386 1202 1464 1229 αὐτοὶ
1479 1200 1523 1227 διὰ
1548 1199 1696 1234 φιλαρχίαν
1710 1197 1758 1224 καὶ
1777 1204 1865 1238 μονα-

1083 1230 1150 1232 _"“
1170 1230 1203 1235 "'
1241 1230 1247 1239 ι
1267 1230 1272 1239 l
1324 1230 1330 1234 '
1555 1230 1560 1234 ι
1617 1230 1622 1234 1
1636 1230 1650 1233 ν·
1778 1230 1782 1231 ν
1811 1230 1818 1238 ‘

1070 1254 1170 1287 στήρια
1190 1249 1339 1286 πειρῶνται
1369 1249 1402 1274 ἐκ
1418 1248 1514 1281 καινῆς
1534 1245 1677 1280 ἀνεγεῖραι
1703 1243 1747 1278 ἐφ’
1770 1239 1793 1277 ᾧ
1822 1242 1864 1276 μὴ

1070 1298 1231 1326 ὑποκεῖσθαι
1261 1296 1300 1331 τῷ
1326 1295 1482 1329 ὲπισκόπῳ,
1513 1292 1621 1327 ὡρίσθη
1647 1290 1684 1326 μὴ
1708 1290 1784 1324 ἔχειν
1814 1287 1864 1314 ἐπ’

1070 1345 1162 1376 ἁδείας
1179 1344 1239 1370 τινὰ
1255 1342 1427 1378 ὁπουδήποτε
1447 1340 1635 1376 μοναστήριον
1672 1335 1828 1371 ἀνεγείρειν
1846 1335 1864 1369 ἢ

1071 1391 1218 1426 εὐκτήριον
1233 1389 1310 1425 παρὰ
1323 1389 1439 1424 γνώμην
1453 1387 1501 1414 τοῦ
1517 1386 1681 1416 ἐπισκόπου,
1695 1382 1865 1411 ὑποκεῖσθαι

1071 1437 1100 1463 δὲ
1114 1437 1218 1466 πάντας
1231 1436 1294 1466 τοὺς
1311 1433 1445 1469 μοναχοὺς
1459 1433 1499 1467 τῷ
1513 1431 1584 1458 κατὰ
1598 1430 1691 1466 χώραν
1707 1427 1866 1461 ὲπισκόπῳ.

1073 1483 1120 1509 καὶ
1135 1482 1353 1516 προσκαρτερεῖν
1370 1481 1399 1506 ἐν
1454 1478 1635 1513 ἀπεκὰρησαν
1652 1477 1730 1511 μονῇ.
1747 1473 1867 1509 Προστί-

1072 1527 1136 1561 Θησι
1153 1526 1181 1553 δὲ
1193 1524 1391 1556 εἶναιτούτους
1407 1525 1455 1551 καὶ
1470 1523 1641 1558 ἀμεθέκτους
1651 1521 1701 1555 τῆς
1718 1519 1868 1547 κοινωνίας

1075 1575 1123 1601 καὶ
1139 1573 1300 1607 διοικήσεως
1325 1572 1382 1597 τῶν
1395 1569 1632 1605 ἐκκλησιαστικῶν
1649 1568 1834 1603 πραγμάτων,
1850 1565 1868 1600 ἧ

1074 1619 1128 1646 τῶν
1144 1619 1291 1654 βιωτικῶν,
1310 1618 1370 1651 ἦτοι
1393 1616 1552 1647 πολιτικῶν,
1567 1616 1590 1642 εί
1603 1615 1640 1649 μή
1653 1623 1711 1645 πως
1725 1614 1739 1639 ὸ
1753 1614 1803 1647 τῆς
1818 1612 1871 1638 πό-

1075 1666 1142 1697 λεως
1152 1664 1348 1695 ὲπὶσκοποςδιὰ
1358 1663 1452 1698 χρείαν
1460 1662 1611 1697 ἀναγκαίαν
1623 1660 1764 1694 ἐπιτρέψει
1776 1658 1868 1685 τοῦτο.

1075 1713 1144 1744 Τοὺς
1152 1712 1260 1741 δούλους
1267 1711 1295 1737 δὲ
1301 1710 1377 1745 παρὰ
1383 1710 1494 1745 γνώμην
1504 1709 1558 1735 τῶν
1565 1707 1703 1735 δεσποτῶν
1714 1706 1750 1741 μὴ
1757 1704 1871 1733 ἀποκεί-

1078 1768 1134 1793 ρειν
1143 1758 1257 1792 ὥρισται
1269 1757 1285 1792 ἢ
1297 1756 1351 1792 μὴν
1368 1756 1414 1782 τὸν
1432 1755 1635 1790 παραϐαίνοντα
1654 1754 1752 1784 ταῦτα,
1772 1751 1870 1778 τοῦτον

1076 1804 1120 1830 τὸν
1136 1805 1210 1838 ὅρον,
1221 1801 1400 1837 ἀκοινώνητον
1407 1798 1486 1827 εἶναι.
1499 1800 1550 1826 Τὸν
1558 1800 1650 1835 μέντοι
1658 1798 1808 1825 ἐπίσκοπον
1818 1796 1871 1830 τῆς

1077 1851 1182 1880 πόλεως
1207 1848 1271 1883 χρὴ,
1298 1848 1376 1882 φησι.
1403 1845 1577 1882 προνοεῖσθαι
1592 1845 1645 1871 τῶν
1664 1843 1870 1880 μοναστηρίων.

1080 1896 1237 1932 Σημείωσαι
1251 1892 1297 1921 οὖν
1313 1895 1353 1920 ὅτι
1369 1894 1459 1919 ἐκεῖσε
1477 1894 1501 1918 οἱ
1522 1892 1635 1927 μοναχοὶ
1650 1889 1874 1925 προσκαρτερεῖν

1079 1944 1126 1969 καὶ
1145 1940 1274 1976 μονάζειν
1290 1939 1455 1973 ὀφείλουσιν,
1480 1937 1545 1964 ἔνθα
1560 1937 1592 1972 δὴ
1608 1937 1656 1963 καὶ
1685 1935 1871 1967 ἀπετάξαντο.

1080 1989 1164 2022 ἤγουν
1187 1986 1388 2020 ἁπεκάρησαν·
1418 1984 1466 2010 καὶ
1493 1985 1534 2010 ὅτι
1561 1983 1621 2009 κατ’
1646 1981 1798 2016 ἐπιτροπὴν
1824 1981 1874 2006 τοῦ

1081 2032 1231 2059 ἐπισκόπου
1249 2030 1378 2056 δύνανται
1406 2029 1519 2064 μοναχοὶ
1536 2029 1648 2055 διοικεῖν
1674 2027 1704 2053 οὺ
1729 2026 1811 2061 μόνον
1828 2026 1876 2051 ὲκ-

1082 2077 1266 2113 κ).ησιαστικᾶ
1281 2078 1443 2112 πράγματα,
1459 2076 1528 2102 ἀλλὰ
1542 2076 1590 2102 καὶ
1606 2071 1733 2110 βιωτικὰ,
1748 2073 1875 2099 τουτέστι

1083 2125 1221 2150 πολιτικά.
1239 2123 1269 2149 Et
1283 2122 1310 2149 δὲ
1323 2123 1436 2149 δύναται
1456 2121 1535 2148 τοῦτο
1553 2122 1640 2147 ποιεῖν
1666 2121 1682 2155 ή
1704 2119 1876 2152 ἑπισκοπικὴ

1084 2169 1230 2204 επιτροπὴ,
1248 2169 1340 2204 πολλῷ
1353 2169 1435 2195 πλέον
1455 2169 1564 2203 ποιήσει
1578 2168 1594 2202 ἡ
1609 2166 1736 2201 βασιλικὴ
1764 2165 1877 2197 ἐξουσία

1086 2217 1102 2250 ἡ
1119 2215 1330 2250 προῦαλλομὲνη
1352 2215 1401 2240 καὶ
1422 2214 1598 2243 ἐπισκόπους.
1625 2211 1676 2239 Διὰ
1702 2212 1757 2246 γὰρ
1783 2210 1878 2242 τοῦτο,

1088 2262 1125 2293 ὼς
1141 2261 1223 2294 ἔοικε,
1233 2262 1280 2288 καὶ
1294 2262 1308 2287 6
1326 2260 1528 2296 μητροπολίτης
1542 2261 1646 2290 ἐκεῖνος
1659 2259 1674 2285 ὸ
1688 2258 1769 2293 Σίδης
1785 2258 1879 2292 ἀπαρ-

1089 2307 1258 2343 εμποδίστως
1282 2308 1317 2334 τὰ
1339 2309 1387 2342 τῆς
1412 2307 1552 2342 βασιλείας
1575 2305 1708 2341 ᾠκονόμει
1735 2304 1880 2340 προσώπῳ

1090 2355 1136 2381 τοῦ
1152 2354 1286 2389 βασιλέως
1311 2354 1396 2389 κυροῦ
1411 2353 1523 2388 Μιχαὴλ
1540 2352 1586 2378 τοῦ
1599 2352 1709 2382 Δουκός.
1724 2349 1780 2378 Καὶ
1793 2352 1807 2377 ό
1824 2359 1880 2386 μη-

1090 2402 1252 2437 τροπολίτης
1275 2401 1377 2430 ἐκεῖνος
1402 2398 1621 2434 Νεοκαισαρείας
1642 2397 1820 2433 ἀνεγράψατο
1844 2398 1880 2422 τὰ

1091 2448 1142 2482 τῆς
1157 2448 1260 2479 πόλεως
1275 2447 1409 2474 θαλάσσια
1421 2446 1523 2478 δίκαια,
1543 2446 1590 2472 καὶ
1606 2444 1681 2471 ἄλλοι
1707 2444 1802 2470 πολλοὶ
1830 2443 1883 2477 ἀρ-

1093 2496 1194 2530 χιερεῖς
1211 2495 1257 2521 καὶ
1274 2493 1387 2528 μοναχοὶ
1404 2492 1564 2527 παρομοίως
1579 2491 1739 2526 ἑνήργησαν
1756 2488 1884 2519 δουλείας

1095 2540 1236 2575 βασιλικὰς
1262 2540 1309 2566 καὶ
1342 2539 1524 2573 δημοσιακάς.
1561 2537 1731 2570 Ἀνάγνωσον
1756 2535 1806 2562 καὶ
1836 2535 1883 2561 τὸν

1095 2589 1118 2611 α’
1136 2585 1236 2611 κανόνα
1260 2585 1310 2618 τῆς
1334 2585 1362 2610 ὲν
1389 2583 1427 2618 τῷ
1452 2578 1513 2617 “ναῷ
1537 2582 1592 2608 τῶν
1623 2580 1720 2615 Ἁγίων
1750 2579 1886 2605 Ἀποστό-

1095 2631 1149 2657 λων
1165 2630 1396 2664 συγκροτηθείσης
1420 2629 1540 2655 συνόδου.
1560 2629 1639 2663 Ζήτει
1656 2628 1703 2653 καὶ
1728 2626 1796 2662 περὶ
1822 2625 1887 2652 δού-

1096 2677 1150 2703 λων
1169 2676 1339 2711 μοναζόντων
1363 2675 1439 2711 παρὰ
1466 2675 1582 2710 γνώμην
1609 2674 1655 2701 τοῦ
1681 2673 1812 2700 δεσπότου
1835 2671 1886 2698 τοῦ

1097 2722 1142 2755 λς’
1165 2722 1261 2756 κεφαλ.
1291 2722 1337 2748 τοῦ
1364 2725 1387 2748 α’
1414 2721 1504 2748 τίτλου
1534 2720 1582 2746 τοῦ
1602 2720 1751 2756 ξπαρόντος
1787 2718 1889 2745 συντά-

1098 2777 1213 2804 γματος.
1225 2803 1228 2806 ,

1135 2815 1255 2841 ΖΩΝΑΡ.
1271 2814 1359 2858 ξΓιμῆς
1378 2813 1471 2845 ἀξίους
1486 2812 1549 2843 τοὺς
1576 2811 1683 2847 ἀληθῶς
1716 2811 1889 2846 μονάζοντας

1101 2859 1147 2886 καὶ
1172 2856 1335 2894 εἰλικρινῶς,
1354 2858 1414 2885 ἀντὶ
1438 2857 1482 2883 τοῦ
1498 2857 1636 2893 καθαρῶς,
1652 2856 1698 2883 καὶ
1713 2856 1763 2890 οὺ(
1783 2856 1889 2882 ὑποκε-
