1942 3108
73 184 116 217 illi

598 190 641 221 IN
659 191 740 222 CAN.
762 191 800 222 [ν
819 192 922 224 CONC.
945 194 1126 226 CHALCED.

1638 199 1690 229 4112

73 240 200 274 κριμένως
224 240 313 274 ῆτινὶ
335 241 420 276 κακίᾳ
448 242 603 277 ἑπιμίκτως
627 237 770 279 μετιόντας
798 245 859 279 τὴν-

911 251 1081 278 nonasticnm
1108 253 1169 279 vita)
1191 261 1274 287 genus
1300 254 1423 288 elegere,
1450 254 1483 282 iis
1501 254 1630 281 honorem
1654 264 1688 283 ex

74 285 213 320 μοναδικὴν
237 287 376 315 πολιτείαν
390 290 405 324 ἠ
421 290 487 322 ἁγία
503 290 610 322 σύνοδος
626 291 726 327 ἔκρινε.
743 292 812 320 Τοὺς
822 293 850 319 δὲ

73 333 107 368 τῷ
117 333 249 369 μοναδικῷ
266 335 387 369 σχήματι
418 337 605 371 κεχρημένους
620 337 657 368 ὡς
683 339 712 364 ὲν
727 339 849 374 προσχή-

75 387 146 412 ματι,
161 379 222 406 ἀντὶ
239 379 285 406 τοῦ
301 380 335 406 δι’
352 381 483 415 ἐπίδειξιν
497 382 576 416 μόνον
590 384 630 415 εἰς
642 383 750 419 δέλεαρ,
779 385 849 411 ὥστε

71 425 102 450 δι’
116 425 196 452 αὐτοῦ
216 426 278 458 τοὺς
292 426 452 462 ἀνθρώπους
472 427 592 465 ἀπατᾷν,
618 430 663 456 ἵνα
675 431 713 461 ὼς
725 431 756 457 τὸ
771 431 849 465 ἅγιον

73 471 159 506 σχῆμα
175 472 356 508 ἠμφιεσμένοι
370 474 515 508 τιμῶνται,
530 477 579 506 τὰς
590 476 738 510 ἐκκλησίας
757 478 851 504 ὑπεισ-

44 516 50 525 ’
71 517 193 551 δύοντας,
220 519 267 545 κοιλ¹
290 519 426 547 διδάσκειν
449 521 513 551 ἴσως
537 523 754 558 ἐπιχειροῦντας,
780 525 797 560 ἢ
824 534 850 551 τι

71 563 158 598 ἕτερον
193 565 421 600 ἐκκλησιαστικὸν
445 567 578 603 ἐνεργεῖν,
616 570 661 596 καὶ
679 570 719 600 είς
744 570 778 597 τὰ
801 571 850 605 τῆς

73 610 169 641 πόλεως
181 612 332 646 πράγματα
341 613 454 645 ἑαυτοὺς
473 615 667 648 είσωθοῦντας,
679 617 726 643 καὶ
738 616 850 643 διοικεῖν

71 657 152 684 ταῦτα
164 658 300 690 Θέλοντας,
310 659 357 685 καὶ
366 659 438 687 οὕτω
448 661 635 696 ταράσσοντας
645 662 694 694 τὰς
704 663 851 697 ἐκκλησίας

71 711 99 728 τε
117 703 220 736 καὶτὰς
238 705 386 736 πολιτείας,
404 706 454 732 οὐκ
473 707 580 741 άληθῶς
598 708 730 743 μοναχοὺς
743 708 850 741 ἡγεῖται

70 750 88 782 ὴ
103 750 216 781 σύνοδος.
230 751 365 783 Καθάπαξ
387 752 415 778 δὲ
440 754 523 780 παντὶ
537 754 711 788 ἀπηγόρευσε
726 756 850 790 μηδαμοῦ

72 796 216 830 οἰκοδομεῖν
237 799 449 834 μοναστήριονῆ
469 799 625 834 εὐκτήριον,
651 800 688 836 μὴ
717 801 746 827 ὲν
762 794 857 833 πόλει(

72 842 108 876 μὴ
123 842 149 868 ἐν
164 842 255 878 κώμῃ,
271 844 307 878 μὴ
321 845 350 870 ὲν
364 844 488 879 ἐρήμοις,
499 846 545 872 καὶ
558 846 633 881 ὄρεσι
649 848 726 881 παρὰ
737 847 852 883 γνώμην

70 888 115 914 τοῦ
127 889 195 915 κατὰ
225 889 316 925 χώραν
345 891 505 922 ἐπισκόπου,
524 893 645 925 καὶτοὺς
663 894 796 928 μοναχοὺς
812 895 851 929 τῷ

71 935 185 969 ἑκάστης
206 936 311 968 πόλεως
337 937 479 970 ἐπιδ-κόπῳ
507 938 690 974 ὑποτετάχθαι
712 941 852 974 ἐκέλευσε,
869 929 890 956 Β

71 980 116 1006 καὶ
129 981 275 1016 ἡσυχάζειν
290 983 319 1009 ἐν
333 981 374 1014 οἷς
391 984 560 1016 ἀπετάξαντο
574 985 678 1017 τόποις,
698 987 853 1021 ἐργαζομέ-

71 1037 132 1058 νους
144 1028 194 1059 τὰς
211 1028 322 1064 ἀρετὰς,
338 1030 388 1064 καὶ
404 1030 574 1064 ἀμεθέκτους
588 1031 667 1063 ὄντας
683 1034 854 1068 πραγμάτων

70 1074 302 1109 ἒκκλησιαστικων
312 1077 378 1111 ὁμοῦ
388 1077 435 1103 καὶ
453 1077 612 1109 πολιτικῶν,
628 1079 695 1112 μηδὲ
717 1080 854 1113 καταλιμ-

71 1121 167 1146 πάνειν
182 1121 216 1147 τὰ
226 1122 280 1148 ἴδια
298 1123 480 1158 μοναστήρια,
496 1125 542 1150 καὶ
559 1124 856 1158 διοικήσεσικοινωνεῖν

72 1167 255 1200 πραγμάτων,
282 1169 307 1194 εἰ
332 1169 368 1203 μή
397 1178 448 1195 που
464 1170 542 1204 ὁτῆς
574 1171 679 1202 πόλεως
705 1171 857 1202 ἐπίσκοπος

72 1212 217 1247 ἐπιτρέψει
247 1213 304 1240 τισὶ
336 1215 509 1249 πραγμάτων
523 1216 680 1250 οἰκονομίαν
699 1217 741 1242 διὰ
763 1217 856 1251 χρείαν

71 1258 234 1300 ἀναγκαίαν,
259 1260 355 1295 κρίνας
378 1261 443 1292 ἴσως
467 1262 565 1293 αὐτοὺς
596 1263 766 1296 ἐπιτηδείους
790 1264 857 1299 πρὸς

71 1304 199 1340 τοιαύτην
220 1305 371 1340 διοίκησιν,
404 1306 451 1333 καὶ
475 1307 587 1340 ἀπορῶν
609 1307 711 1342 ἑτέρων
738 1308 804 1344 πρὸς
826 1309 857 1335 τὺ

72 1351 188 1385 πρᾶγμα
201 1350 330 1378 τοιοῦτον.
344 1350 437 1378 Ταῦτα
461 1351 536 1387 καὶὴ
550 1353 658 1385 σύνοδος
673 1355 686 1389 ἡ
703 1354 732 1379 ἓν
747 1355 783 1388 τῷ
800 1355 858 1390 ναῷ

70 1396 125 1423 τῶν
143 1397 418 1431 ἈγίωνᾺποπόλων
434 1399 652 1434 συγκροτηοείσα
667 1401 695 1426 ὲν
706 1400 743 1436 τῷ
756 1401 857 1436 πρώτῳ

71 1443 165 1470 κανόνι
190 1444 387 1474 διακελεύεται,
417 1445 465 1471 καὶ
481 1445 495 1470 ὁ
509 1445 543 1478 ιζ’
562 1446 650 1472 κανὼν
675 1448 725 1481 τῆς
741 1447 858 1482 ἑϐδόμης

72 1488 194 1515 συνόδου.
226 1489 305 1524 Ἑξῆς
336 1489 364 1515 δὲ
393 1490 406 1515 ὁ
436 1491 526 1516 κανὼν
554 1488 631 1523 οὗτος
656 1492 795 1526 οἰκονομεῖ
820 1493 857 1528 μὴ

71 1531 270 1570 προσδέχεσθαι
296 1535 405 1566 δούλους
424 1537 453 1562 ἐν
481 1538 657 1572 μοναστηρίῳ
680 1540 797 1572 μονὰσαι
813 1539 857 1565 θέ-

905 296 1001 322 merito
1020 297 1110 324 deberi
1136 302 1230 324 sancta
1252 299 1370 332 synodus
1387 299 1562 326 existimavit.
1580 300 1614 327 At
1629 301 1689 334 qni-

904 351 1011 378 cunque
1033 345 1136 376 hahitu,
1161 345 1187 371 in
1205 350 1374 379 praetextum.
1403 347 1428 373 id
1450 352 1501 378 est.
1519 347 1545 374 in
1568 352 1689 374 ostenta-

905 390 1004 416 tionem
1032 391 1117 418 solum
1145 391 1177 418 ad
1202 392 1387 425 decipiendum
1416 397 1542 422 utuntur.
1565 398 1594 420 ut
1619 393 1690 421 illitis

904 436 1016 463 obtentu
1031 435 1137 464 facilius
1149 438 1270 465 homines
1285 438 1311 464 in
1329 437 1450 465 fraudem
1468 438 1598 471 alliciam,
1613 448 1644 466 ac
1663 440 1689 466 iu

904 485 997 508 sancta
1021 487 1095 509 veste
1121 482 1170 516 ipsi
1193 483 1243 510 sibi
1268 483 1397 510 honorem
1423 490 1599 519 nuncupentur,
1629 494 1690 512 cum

905 526 1005 554 interea
1028 533 1055 554 et
1082 529 1211 556 ecclesias
1227 520 1336 560 obeatii,
1352 534 1379 556 et
1401 529 1427 556 in
1446 526 1479 557 iis
1495 530 1543 557 sibi
1565 530 1634 558 forte
1650 532 1692 556 w-l

904 573 1018 600 docendi
1035 582 1143 607 munus,
1159 575 1200 601 vel
1214 575 1294 602 aliam
1311 576 1502 603 ecclesiasticae
1519 577 1690 604 auctoritatis

904 625 1008 654 partem
1024 627 1164 654 usurpent.
1182 621 1316 656 iidemque
1330 629 1359 649 se
1379 623 1490 650 urbanis
1508 623 1623 657 negotiis
1641 623 1691 648 im-

906 666 1055 699 misceant,
1076 674 1161 701 eaque
1185 667 1374 695 administrare
1397 669 1490 700 velint,
1515 669 1691 702 ecelesia:que

905 713 983 740 simul
1005 721 1036 740 ac
1060 713 1177 740 civitatis
1201 718 1299 741 statum
1329 714 1442 749 proinde
1465 715 1633 748 perturbent,
1657 715 1690 740 iis

904 767 969 787 vero
981 760 1107 787 monachi
1121 767 1218 787 nomen
1235 761 1380 788 convenire
1392 762 1509 797 synodus
1521 761 1591 788 haud
1604 766 1689 795 putat.

905 806 925 833 Α
942 806 1082 834 monachis
1096 814 1160 835 vero
1174 807 1380 842 quibuscunque
1394 807 1586 834 monasterium
1602 812 1692 833 orato-

906 852 1020 882 riumve,
1036 852 1093 879 sive
1110 852 1135 879 in
1158 853 1234 884 urbe,
1252 854 1310 880 sive
1332 853 1358 879 in
1374 853 1483 887 oppido,
1497 854 1554 880 sive
1575 854 1602 879 in
1625 853 1693 879 locis

905 896 1028 928 desertis,
1044 901 1090 923 aut
1107 898 1258 930 montibus,
1282 903 1329 925 aut
1346 898 1435 925 ubivis
1458 899 1583 932 denique,
1607 898 1692 924 invito

906 943 1036 978 cujusque
1065 943 1182 977 regionis
1211 944 1358 978 episcopo,
1391 944 1554 971 exzediticari
1583 952 1693 978 prorsus

905 994 989 1021 vetat,
1018 990 1183 1027 eosdemque
1213 990 1388 1024 singularium
1418 989 1524 1016 urbium
1558 989 1707 1023 episcopis.

905 1034 1042 1068 subjectos
1058 1042 1129 1066 esse,
1147 1039 1172 1061 ct
1189 1036 1215 1062 in
1231 1035 1264 1062 iis
1278 1035 1376 1069 quibus
1391 1035 1516 1062 destinati
1534 1039 1598 1062 sunt
1615 1035 1690 1061 locis.

907 1081 1017 1107 silentio
1033 1080 1117 1106 vitam
1131 1087 1221 1115 agere,
1239 1080 1423 1114 virtutumth
1441 1080 1631 1107 exercitationi
1647 1088 1704 1105 va--

907 1132 981 1156 care,
995 1128 1122 1152 caeterum
1144 1133 1230 1159 neque
1254 1126 1502 1153 ecclesiasticarum
1524 1133 1611 1159 neque
1628 1125 1694 1152 civi-

908 1170 972 1198 lium
998 1172 1166 1206 negotiorum
1196 1175 1298 1206 partem
1328 1171 1408 1198 ullam
1437 1172 1571 1205 attingere
1592 1171 1692 1205 jubet:

907 1224 941 1244 ne
950 1225 996 1251 ]ue
1009 1225 1084 1248 vero,
1096 1221 1125 1244 ut
1142 1217 1223 1244 rebus
1237 1217 1362 1251 gerendis
1377 1225 1474 1244 vacare
1493 1216 1584 1248 liceat,
1600 1223 1695 1243 mona-

907 1262 982 1288 sterii
998 1262 1039 1288 sui
1057 1262 1201 1289 stationem
1219 1262 1390 1296 relinquant,
1417 1263 1467 1289 nisi
1489 1270 1517 1289 re
1540 1263 1693 1290 necessaria

907 1312 1016 1336 coactus
1036 1309 1190 1343 episcopus,
1215 1309 1384 1342 aliorttmque
1406 1308 1544 1336 hominum
1568 1308 1696 1335 facultate

907 1355 1062 1386 destitutus,
1090 1356 1286 1382 monachorum
1314 1355 1411 1388 alicui,
1440 1355 1559 1390 probatae
1591 1356 1640 1382 sibi
1668 1355 1694 1382 iu

906 1409 939 1428 eo
952 1408 1050 1432 genere
1063 1400 1212 1430 intlustritr,
1225 1400 1322 1435 negotii
1337 1401 1553 1433 procurationem
1569 1400 1694 1427 commit-

909 1447 1015 1473 tendam
1036 1454 1096 1474 esse
1113 1447 1320 1474 existimaverit.
1340 1446 1450 1478 Eadem,
1472 1447 1497 1473 iu
1516 1446 1614 1480 templo
1629 1453 1696 1480 quo-

908 1500 960 1526 que
971 1497 1129 1519 sanctorum
1156 1492 1341 1526 apostolorum
1357 1492 1446 1520 habita
1462 1493 1581 1528 synodus
1594 1500 1697 1519 canone

907 1539 1007 1573 primo.
1031 1543 1058 1565 et
1077 1539 1180 1565 decimo
1205 1538 1320 1573 septimo
1343 1545 1448 1565 canone
1471 1539 1591 1574 synodus
1615 1543 1693 1564 sexta

71 1583 177 1613 λοντας.
192 1584 215 1608 εἰ
228 1583 265 1616 μὴ
280 1582 376 1618 γνώμῃ
392 1583 445 1609 τῶν
462 1583 608 1614 δεσποτῶν,
625 1584 667 1610 ἵνα
682 1585 719 1619 μὴ
732 1585 762 1612 τὸ
774 1585 858 1619 ὄνομα

911 1585 1042 1613 decernit.
1057 1584 1124 1611 lliuc
1137 1584 1171 1612 de
1185 1585 1272 1611 servis
1291 1584 1323 1610 ad
1339 1584 1516 1611 monasticam
1535 1584 1628 1615 vitam,
1645 1583 1695 1610 nisi

70 1629 121 1656 τοῦ
145 1629 264 1663 Χριστοῦ
294 1629 499 1663 βλασφημῆται.
538 1630 568 1656 Εἰ
592 1630 646 1665 γὰρ
675 1631 788 1662 ἄκοντος
811 1632 858 1658 τοῦ

70 1675 203 1702 δεσπότου
219 1675 310 1707 δοῦλός
321 1684 392 1706 τινος
410 1678 494 1712 καρῇ.
510 1676 578 1711 βαρὺ
603 1676 683 1704 τοῦτο
697 1678 832 1712 ἡγήσεται
846 1679 860 1704 ὁ

71 1722 169 1756 κύριος
181 1722 279 1754 αὐτοῦ,
292 1723 339 1749 καὶ
352 1722 543 1758 βλασφημήσει
563 1724 632 1750 κατὰ
645 1723 692 1750 τοῦ
707 1724 784 1757 ἁγίου
798 1725 862 1759 σχή-

72 1778 160 1804 ματος
174 1770 220 1795 καὶ
237 1769 292 1795 τῶν
306 1769 440 1804 μοναχῶν·
454 1770 469 1804 ἡ
485 1770 513 1796 δὲ
528 1771 590 1796 κατ’
603 1770 686 1797 αὑτοῦ
701 1771 861 1806 βλασφημία

70 1815 123 1840 καὶ
135 1814 176 1845 εἰς
187 1813 219 1840 τὸ
245 1814 321 1840 Θεῖον
336 1814 403 1841 αὐτὸ
420 1815 590 1851 διαεήσεται.
620 1816 861 1852 Βλασφημηοήσε-

68 1869 120 1887 ται
136 1860 164 1886 δὲ
177 1861 207 1886 τὸ
219 1860 305 1895 ὄνομα
326 1860 373 1887 τοῦ
401 1861 469 1888 Θεοῦ
493 1861 568 1896 παρὰ
596 1862 652 1888 τῶν
667 1863 798 1895 ἀπίστων,
815 1864 862 1890 καὶ

67 1907 120 1932 ὅτε
131 1906 194 1937 τοὺς
212 1907 343 1940 μοναχοὺς
359 1907 457 1941 ὁρῶσιν
467 1908 495 1932 ἐν
509 1908 602 1934 πόλεσι
618 1910 860 1943 περιερχομένους,

67 1952 126 1978 καὶ
141 1950 267 1977 πολιτικὰ
279 1951 448 1986 χειρίζοντας
460 1952 621 1986 πράγματα.
645 1953 795 1985 ’Υποτάξας
809 1954 836 1980 δὲ
848 1956 861 1981 ὁ

66 1996 168 2025 κανὼν
190 1999 246 2029 τοῖς
273 1998 342 2024 κατὰ
359 1998 442 2024 τόπον
459 1999 621 2028 ἐπισκόποις
633 1999 696 2030 τοὺς
717 2001 861 2035 μοναχοὺς,

68 2045 126 2071 καὶ
142 2045 177 2070 τὰ
200 2045 377 2079 μοναστήριι,
402 2043 512 2078 ἐπάγει.
535 2045 587 2071 Τὸν
600 2045 691 2079 μέντοι
715 2047 863 2073 ἐπίσκοπον

68 2092 128 2125 τῆς
140 2091 245 2123 πόλεως
274 2091 326 2126 χρὴ
355 2091 405 2125 τὴν
428 2091 542 2118 δέουσαν
564 2093 694 2127 πρόνοιαν
724 2093 864 2120 ποιεῖσθαι

69 2138 135 2164 τῶν
150 2138 337 2171 μοναστηρίων
349 2145 357 2153 ⁸
374 2137 420 2163 δύο
449 2138 713 2173 πραγματευόμενος
733 2139 762 2164 ἐν
773 2137 865 2173 ταυτῷ

69 2184 109 2210 τό
131 2192 161 2210 τε
175 2184 212 2217 μὴ
224 2184 374 2219 πράγματα
389 2183 462 2218 ἔχειν
475 2181 538 2215 τοὺς
561 2184 693 2218 μοναχοὺς
705 2184 773 2219 μηδὲ
786 2184 866 2219 ὀχλή-

70 2237 138 2259 σεις
154 2228 203 2260 τὰς
227 2229 261 2255 δι’
283 2229 364 2259 αὐτὰ,
383 2228 440 2255 ἀλλ’
469 2226 539 2255 εἶναι
558 2229 792 2264 ἀπερισπάστους,
819 2230 866 2256 καὶ

912 1629 1079 1655 dominorum
1099 1630 1251 1662 voluntate,
1271 1637 1323 1656 non
1342 1629 1529 1661 admittendis,
1548 1637 1582 1656 ne
1595 1628 1696 1655 Christi

912 1683 1009 1702 nomen
1025 1675 1130 1702 scilicet
1145 1675 1357 1709 blasphematur,
1376 1675 1427 1702 hoc
1446 1681 1550 1702 canone
1565 1673 1694 1700 constitu-

913 1726 978 1747 tum.
995 1720 1078 1755 Cujus
1092 1721 1192 1754 etenim
1210 1729 1305 1749 servus
1323 1721 1407 1748 invito
1422 1721 1480 1755 ipso
1498 1720 1625 1747 detonsus
1641 1719 1700 1746 fue-

912 1767 957 1799 rit,
980 1761 1047 1793 t‘cnr
1061 1772 1143 1793 totam
1161 1767 1289 1794 nimirum
1313 1767 1405 1800 iniquo
1422 1766 1513 1793 animo
1537 1766 1615 1797 feret.
1635 1772 1699 1792 san-

911 1818 1038 1847 ctumque
1059 1813 1179 1840 habitum
1205 1813 1405 1843 exsecrabitur.
1440 1817 1578 1846 totumque
1607 1818 1699 1838 mona-

912 1860 1024 1887 chorum
1038 1867 1124 1895 genus
1141 1859 1267 1887 convitiis
1281 1859 1449 1894 proscindat,
1461 1858 1576 1885 convitia
1590 1864 1654 1884 vero
1669 1857 1695 1882 in

911 1906 1031 1934 habitum
1047 1914 1107 1933 eum
1124 1906 1243 1939 conjecta
1259 1905 1291 1931 ad
1305 1905 1393 1939 ipsum
1409 1905 1491 1931 etiam
1504 1903 1587 1930 Deum
1607 1909 1697 1929 trans-

912 1953 998 1980 ibunt.
1016 1952 1140 1979 Divinum
1160 1959 1267 1987 quoque
1285 1959 1396 1981 nomen,
1413 1951 1458 1984 qui
1478 1950 1625 1976 monachos
1643 1954 1698 1976 tota

913 1999 980 2026 urbe
994 1998 1151 2030 volitantes,
1162 1995 1566 2032 publicaequeadministrationi
1583 1995 1709 2021 intentos

913 2045 1050 2077 viderint,
1075 2052 1090 2070 a
1117 2044 1169 2070 [ide
1197 2043 1277 2069 alieni
1316 2041 1441 2069 homines
1466 2040 1702 2075 blasphemabunt.

914 2091 1048 2124 Quoniam
1075 2097 1150 2122 vero,
1174 2088 1305 2123 cujusque
1328 2087 1447 2121 regionis
1472 2085 1621 2120 episcopis,
1644 2084 1703 2118 ejus

914 2135 966 2163 loci
997 2134 1143 2162 tuonachos
1169 2138 1197 2161 et
1223 2132 1389 2159 monasteria
1416 2130 1513 2165 subjici
1542 2137 1627 2156 canon
1658 2128 1704 2155 hic

917 2181 1019 2215 voluit;
1031 2180 1174 2215 episcopus
1188 2178 1317 2211 civitatis,
1332 2178 1429 2212 inquit,
1443 2175 1561 2204 vicissim
1576 2179 1704 2209 opportu-

919 2236 979 2255 nam
1004 2227 1175 2254 monasteriis
1193 2233 1286 2253 curam
1309 2225 1446 2259 impendat
1462 2227 1578 2257 oportet.
1599 2222 1636 2248 Ac
1651 2221 1706 2248 duo

70 2275 240 2309 ἡσυχάζειν,
268 2276 316 2301 καὶ
333 2276 421 2310 μόνων
448 2275 603 2310 φροντίζειν
624 2275 678 2302 τῶν
692 2277 733 2307 είς
746 2276 859 2311 ψυχικὴν.

918 2273 1027 2308 quidem
1052 2273 1109 2300 haec
1130 2272 1211 2300 simul
1232 2270 1508 2303 curabit,.alterum,
1530 2273 1560 2296 ut
1585 2267 1704 2302 operosis

73 2322 274 2348 συντεινόντων
295 2321 440 2355 ὠφέλειαν,
463 2322 509 2348 καὶ
525 2321 555 2348 τὸ
573 2322 619 2348 τὸν
630 2321 780 2348 ἐπίσκοπον
804 2323 866 2348 κάν-

67 2369 176 2395 τεῦθεν
199 2369 293 2403 κέρδος
318 2368 434 2403 ψυχικὸν
462 2369 616 2403 περιποιεῖν
641 2367 742 2403 ἑαυτῷ,
765 2369 811 2394 καὶ
827 2370 867 2400 είς

69 2415 161 2447 δόξαν
172 2412 240 2441 εἶναι
257 2415 334 2441 Θεοῦ.
349 2414 509 2449 Λαμψάτω,
521 2415 587 2449 γὰρ,
618 2414 701 2448 φησὶν
724 2415 737 2440 ὀ
751 2415 865 2449 Κύριος,

70 2462 115 2488 τὸ
141 2460 205 2495 φῶς
227 2460 310 2495 ὑμῶν
331 2462 503 2495 ἔμπροσβεν
513 2460 571 2487 τῶν
587 2459 761 2494 ἀνθρώπων,
789 2460 869 2493 ὅπως

71 2508 172 2534 ἴδωσι
191 2507 228 2534 τὰ
259 2506 338 2534 καλὰ
365 2507 437 2541 ἔργα
460 2506 555 2541 ὑμῶν,
580 2506 629 2532 καὶ
649 2505 802 2538 δοξάσωσι
815 2506 868 2532 τὸν

71 2553 201 2586 Πατέρα
221 2553 304 2588 ὑμῶν
319 2553 373 2580 τὸν
390 2553 425 2579 ἑν
439 2554 502 2594 τοῖς
518 2552 667 2586 οὐρανοῖς.
691 2552 767 2578 Ἐπεὶ
789 2551 818 2578 δὲ
834 2551 869 2577 τὰ

69 2610 91 2627 τ
105 2600 138 2626 ὒν
155 2599 309 2634 ἐκκλησιῶν
324 2599 454 2633 χρήματα
465 2598 591 2633 πτωχικὰ
607 2597 798 2632 ὀνομάζονται,
822 2598 869 2623 καὶ

70 2648 124 2677 εἰς
138 2646 236 2677 ἐνδεεῖς
251 2644 405 2679 ἐτάχθησαν
436 2644 642 2676 ἀναλίσκεσθαι,
668 2644 716 2670 καὶ
745 2643 784 2678 τῷ
809 2644 869 2670 ἐπι-

72 2693 181 2727 σκόπῳ
196 2693 235 2723 εἰς
253 2691 348 2717 ἑαυτὸν
362 2691 394 2716 ἐκ
407 2690 509 2716 τούτων
536 2689 607 2725 πλὴν
632 2690 687 2715 τῶν
709 2689 869 2722 ἀναγκαίων

73 2739 170 2771 πάνυ,
183 2738 226 2764 ὅτε
256 2737 294 2773 μὴ
309 2737 366 2772 ἔχοι
388 2737 503 2766 οἴκοθεν,
527 2736 602 2762 οὐδὲν
621 2736 743 2771 δαπανᾷν
753 2737 869 2770 ἐφεῖται,

70 2787 123 2815 ὡς
138 2786 152 2812 ὸ
170 2788 214 2820 μα’
243 2790 334 2812 κανων
354 2785 409 2811 τῶν
441 2783 526 2817 ἁγίων
549 2783 705 2810 ἀποστόλων
720 2783 787 2818 φησὶ
798 2783 844 2809 καὶ
857 2783 872 2809 ὁ

75 2831 127 2860 κε’
143 2832 192 2867 τῆς
220 2832 248 2858 ἐν
268 2831 417 2866 Ἀντιοχείᾳ
443 2830 564 2858 συνόδου.
590 2829 645 2856 Καὶ
665 2830 721 2860 τοῖς
745 2830 872 2864 μοναχιιϊς

127 2922 149 2937 ⁵⁸
162 2920 256 2948 Matth.
270 2928 298 2950 ν,
317 2921 356 2947 l6.

917 2320 1085 2355 negotiorum
1099 2318 1173 2346 curis
1185 2325 1218 2345 ac
1232 2317 1363 2344 molestiis
1380 2315 1475 2347 soluti,
1490 2313 1661 2348 tranquillam
1678 2319 1706 2339 ct

916 2366 1033 2401 quietam
1051 2365 1146 2395 vitam.
1162 2371 1194 2391 ea
1210 2364 1306 2394 solum.
1318 2362 1388 2390 unde
1406 2361 1509 2388 fructus
1524 2361 1615 2387 animo
1632 2359 1704 2386 exsi-

917 2416 981 2444 stat,
1012 2411 1193 2442 meditantes,
1223 2408 1348 2436 monachi
1375 2411 1455 2442 agant
1483 2416 1491 2434 :
1519 2406 1647 2436 alterum,
1677 2409 1706 2430 ut.

918 2458 1012 2485 eadem
1035 2464 1115 2491 opera
1137 2455 1327 2491 spiritualibus
1341 2453 1535 2485 incrementis,
1553 2451 1708 2485 divinaeque

922 2504 1015 2538 gloria:
1036 2502 1238 2534 emolumentis,
1256 2501 1315 2536 ipse
1333 2508 1441 2535 quoque
1462 2499 1604 2534 episcopus
1624 2495 1706 2529 proli-

922 2550 985 2577 ciat.
1001 2549 1099 2576 Lutea:
1113 2548 1197 2580 enim,
1213 2547 1301 2582 inquit
1311 2545 1451 2577 Dominus,
1464 2544 1509 2570 tua:
1522 2547 1606 2570 vestra
1619 2549 1707 2567 coram

923 2596 1080 2626 hominibus,
1098 2599 1127 2621 ut
1143 2595 1247 2621 videant
1268 2601 1346 2628 opera
1362 2596 1447 2619 vestra
1466 2591 1543 2618 bona,
1561 2593 1585 2614 rt
1608 2586 1708 2622 glﬂriﬁr

923 2647 979 2670 cent
991 2642 1097 2669 Patrem
1119 2645 1230 2668 uestrum
1244 2640 1289 2674 qui
1317 2640 1344 2665 in
1371 2637 1440 2664 caelis
1469 2635 1542 2662 est“
1573 2631 1705 2665 Quoniam

925 2696 989 2715 vero
1010 2686 1184 2726 ecclesizg‘um
1207 2685 1288 2717 bona,
1330 2684 1397 2709 bona
1437 2685 1584 2716 pauperum
1616 2674 1708 2710 appel-

926 2737 1027 2768 lantur,
1072 2723 1275 2769 egeitorumque
1319 2729 1488 2758 sublevanda:
1527 2725 1623 2759 inopia:
1658 2723 1706 2749 de-

927 2783 1128 2814 stinata'sunt;
1146 2787 1180 2808 ne
1202 2779 1329 2813 episcopo
1351 2775 1471 2810 quidem,
1489 2772 1542 2799 nisi
1564 2770 1606 2798 cui
1629 2769 1709 2796 mdlm

927 2829 1082 2856 domestica:
1096 2827 1176 2861 118
1190 2825 1328 2852 facultates
1339 2824 1491 2855 suppetant,
1505 2823 1585 2852 atque
1600 2816 1630 2844 in
1644 2823 1708 2843 usus
