1942 3108
142 195 194 228 433

184 251 260 278 Ἐπεὶ
273 251 301 278 δὲ
316 250 387 278 κατὰ
398 250 444 278 τὸν
461 250 615 286 ’Δπρίλλιον
628 249 701 286 μῆνα
715 250 764 285 τῆς
782 253 816 277 ια’
831 250 925 277 ινδικτ.
941 270 962 296 Α

142 297 191 325 τοῦ
205 297 280 332 ,ςψα’
301 297 378 330 ἔτους
399 297 581 329 ἀπολυθέντος
606 297 795 333 προτκυνητοῦ
825 305 924 332 χρυσο-

142 344 254 371 δοὺλλου
267 344 315 371 τοῦ
332 343 493 378 θεοστεφοῢς
512 343 659 379 κρατίστου
683 344 730 370 καὶ
751 342 829 377 ἁγίου
843 343 923 378 ἡμῶν

142 389 342 424 αὐτοκράτορος
363 390 459 425 κυρίου
479 389 615 416 Ἰσαακίου
639 387 686 415 τοῦ
712 387 855 421 ἰἰγγὲλου,
875 389 924 414 καὶ

142 436 205 468 τοὺς
215 435 449 469 ἀνακαλουμένους
462 435 662 470 μητροπολίτας
677 434 727 465 τὰς
741 432 922 468 διαφερούσας

140 481 246 510 τούτοις
274 480 436 513 ὲπισκοπὰς,
469 481 516 508 καὶ
542 482 582 512 εἰς
608 479 786 516 μητροπόλεις
810 480 922 515 ἢάρχι-

142 527 294 557 επισκοπὰς
320 527 492 562 τιμηθείσας,
518 527 748 562 ἐπιστομίζοντος,
771 526 820 561 οὐχ
842 523 923 561 ἦττον

141 572 169 598 δὲ
193 572 240 598 καὶ
266 572 329 603 τοὺς
348 572 572 609 ἐπιχειρήσοντας
587 574 632 600 ὅτε
649 573 748 608 δήποτε
772 573 821 608 τὴν
847 571 925 607 βασι-

140 617 218 652 λικὴν
231 618 417 652 ἀποστερῆσαι
429 618 570 654 περιωπὴν
583 619 630 645 τοῦ
646 619 757 652 ἀνάγειν
769 617 923 649 ἐπισκοπὰς

140 664 178 693 είς
196 664 403 699 μητροπόλειςῆ
417 665 635 700 άρχιεπισκοπὰς
648 665 719 692 κατὰ
735 665 784 700 τὴν
799 664 922 691 δοθεῖσαν

139 709 233 741 αὐτοῖς
254 709 357 736 ἄνωθεν
378 709 514 744 ἐξουσίαν,
535 711 664 746 ἠρωτήθη
683 711 758 746 παρά
773 717 868 737 τινων·
890 709 923 736 Τί

138 755 198 782 ἔστι
212 756 242 782 τὸ
258 756 452 791 περιεχόμενον
468 756 506 791 τῷ
521 757 612 784 κανόνι
623 758 703 793 χάριν
718 756 765 784 τοῦ
781 756 854 792 ἔχειν
873 756 923 788 τὰς

138 801 301 836 τιμηθείσας
323 802 504 837 μητροπόλεις
527 803 612 838 μόνην
629 803 679 838 τὴν
702 802 798 838 τιμὴν,
815 802 853 834 ὡς
869 801 923 828 τῶν

137 848 225 875 ἄλλων
243 848 355 876 δικαίων
371 850 532 885 σωζομένων
546 849 579 884 τῇ
589 848 660 875 κατὰ
674 848 804 884 ἀλήθειαν
821 856 922 882 μητρο-

137 894 231 931 πόλεις
247 895 338 929 Φαμὲν
363 896 403 922 ὅτι
426 895 472 921 καὶ
497 894 528 921 τὸ
554 894 619 929 περὶ
640 894 736 921 τούτου
767 893 921 928 ἀμφίϐολον

685 193 726 224 ΙΝ
745 193 828 224 CAN.
843 193 901 223 x11
922 177 1019 225 conc
1047 196 1228 228 CHALCED.

1706 196 1758 228 ιιι
1779 204 1782 207 ⁷

1013 252 1147 285 Quoniam
1172 256 1260 280 autem
1284 261 1377 281 mense
1398 253 1492 289 Aprili,
1514 254 1543 281 ll
1568 253 1661 282 indict.
1686 262 1757 282 anno

976 297 1042 324 670i
1068 298 1140 326 edita
1165 307 1271 327 summa
1293 307 1355 327 cum
1381 301 1558 328 veneratione
1585 301 1756 336 suscipienda

973 343 1060 371 Aurea
1084 344 1156 372 bulla
1177 352 1192 372 a
1213 345 1267 372 Deo
1291 346 1414 373 coronati
1428 366 1436 378 ,
1460 346 1599 375 fortissimi
1621 351 1647 374 et
1670 347 1762 375 sancti,

973 389 1070 422 imper.
1088 390 1182 422 nostri,
1199 391 1298 418 domini
1314 391 1406 419 lsaacii
1422 391 1526 425 Angeli,
1543 398 1603 425 quae
1614 395 1642 418 et.
1657 396 1757 420 metro-

974 435 1100 469 politanis
1119 436 1290 471 episcopatus
1311 437 1343 465 ad
1360 445 1389 465 se
1403 439 1570 473 pertinentes
1579 457 1593 470 ,.
1614 443 1641 465 et
1655 443 1756 465 metro-

974 482 1074 515 polium
1090 482 1130 509 vel
1147 483 1427 519 archiepiscopatuum
1449 484 1552 512 honore
1567 485 1700 516 donatos,
1723 483 1758 511 ad

974 534 1004 554 se
1024 528 1225 561 revocantibus,
1248 533 1274 556 et
1298 529 1331 557 iis
1350 529 1440 556 itidem
1458 529 1503 564 qui
1520 529 1686 564 imperialcm
1705 528 1758 556 cir-
1786 528 1788 530 ’

974 571 1204 606 cumspectionem
1219 573 1326 607 privare
1340 573 1519 604 conabuntur.
1536 581 1569 600 ne
1587 573 1759 608 episcopatus

974 615 1002 642 in
1024 617 1185 652 metropoles
1200 621 1228 645 et
1242 619 1490 655 archiepiscopatus
1503 619 1590 654 erigat
1608 620 1757 647 secundum

973 661 1024 688 sibi
1041 663 1130 690 datam
1147 671 1161 691 a
1173 664 1277 698 superis
1292 669 1462 700 potestatem,
1472 672 1503 692 os
1517 665 1647 698 occinuit,
1658 673 1674 693 a
1689 673 1759 692 non-

973 707 1054 736 nullis
1072 710 1213 743 qtiagsitum
1228 715 1279 743 est,
1293 709 1362 744 Quid
1379 716 1421 738 est
1432 711 1502 746 quod
1517 718 1620 739 canone
1636 719 1760 746 compre-

974 753 1108 787 henditur,
1128 760 1158 782 ut
1177 756 1279 784 honore
1297 755 1400 784 aﬂ‘ectze
1421 757 1584 792 metropoles
1603 757 1688 785 solum
1710 758 1760 785 ho-

974 807 1066 827 norem
1078 794 1208 834 habeant,
1224 807 1316 837 utpote
1335 803 1394 831 aliis
1406 803 1514 838 juribus
1529 810 1599 831 veras
1617 804 1759 837 metropoli

973 847 1108 874 servatis?
1136 847 1255 875 Dicimus
1279 850 1311 876 de
1335 856 1368 876 ea
1395 857 1424 876 re
1441 849 1637 877 dubitationem
1656 848 1690 876 ab
1709 850 1759 877 hac

974 892 1145 926 imperatoris
1162 894 1352 922 constitutione
1371 894 1494 922 dissolvi.
1519 894 1666 928 Quasitum
1684 895 1756 922 enim

136 939 229 966 λύεται
245 941 299 967 ἀπὸ
313 941 359 967 τοῦ
371 940 453 967 αὐτοῦ
469 940 608 975 βασιλικοῦ
632 939 838 976 σημειώματος.
854 940 920 966 Συν-

973 943 1027 969 est,
1041 942 1068 965 et
1081 943 1140 973 post
1151 939 1249 966 multas
1261 938 1355 967 allatas
1370 940 1403 966 ad
1417 939 1517 974 justam
1528 946 1588 975 esse
1600 946 1656 967 rem
1668 943 1759 966 osten-

143 986 264 1021 εζητήοη
292 988 356 1023 γὰρ.
385 988 433 1013 καὶ
466 986 535 1022 μετᾶ
560 986 659 1018 πολλὰς
676 986 855 1020 δικαιολογίας
882 985 922 1012 δι-

138 1032 296 1067 ελήφθησαν
318 1034 398 1067 χάριν
419 1033 512 1060 τούτου
529 1033 613 1060 ταῦτα
635 1032 735 1068 ῥητῶς,
754 1032 800 1059 καὶ
816 1026 857 1058 δτι
874 1031 923 1066 μὲν

137 1078 274 1115 καθολικςῖ)
292 1079 364 1114 λόγῳ
379 1079 427 1106 καὶ
447 1078 594 1113 διαγνώσει
610 1077 726 1112 γενικῶς
741 1077 922 1111 ὲκτιΟεμένας

136 1125 193 1156 τὰς·
211 1127 250 1156 εἰς
280 1124 542 1160 ὑπερῆαθμιώτερον
564 1124 658 1159 θρόνον
681 1122 922 1157 ἀναϐιϐαζομένας

137 1171 287 1205 ἐκκλησίας
319 1170 467 1206 προστάξει
507 1169 647 1205 βασιλικῇ.
679 1169 725 1196 καὶ
758 1169 808 1204 τῆς
837 1168 922 1203 τιμῆς

138 1217 279 1250 ἀξιοῦσθαι
293 1216 392 1257 χρεῲν,
406 1217 452 1244 καὶ
471 1216 520 1248 τὰς
536 1215 644 1252 ψήφους
665 1216 694 1241 ὲν
709 1214 786 1250 ἀδείᾳ
806 1213 922 1249 προϐαί-

136 1272 193 1290 νειν
210 1263 280 1290 κατὰ
294 1263 339 1290 τὸν
357 1264 385 1290 ὲν
402 1264 434 1298 τῇ
448 1262 561 1298 Μεγάλῃ
575 1260 726 1296 Ἐκκλησία
742 1259 919 1296 παρηκολου-

136 1309 240 1344 θηκότα
258 1309 342 1335 τύπον
359 1309 500 1336 κανονικὸν
514 1308 568 1335 τῶν
589 1306 796 1343 μητροπολιτῶν
812 1306 917 1333 συνιόν-

135 1364 201 1387 των,
215 1355 264 1382 καὶ
284 1354 518 1390 ἀρχιεπισκόπους
543 1354 590 1380 καὶ
615 1352 818 1389 μητροπολίτας
836 1351 921 1387 ψηφι-

136 1402 269 1437 ζομένωνε
288 1401 306 1436 ἦ
332 1410 361 1428 τε
385 1401 510 1436 βασιλεία
549 1408 601 1436 μου
628 1399 804 1433 διαγινώσκει
831 1399 879 1425 καὶ
902 1400 919 1434 ἡ

137 1447 198 1475 θεία
211 1448 258 1474 καὶ
274 1447 334 1480 ἱερὰ
346 1446 453 1478 σῠνοδος
471 1446 508 1482 τῷ
521 1446 684 1483 διατάγματι
699 1445 794 1480 ἕψεται
814 1446 918 1480 τοὺτῳ²

136 1494 174 1525 ὡς
202 1493 251 1528 τὴν
275 1492 507 1528 ὲκκλησιαστικὴν
542 1490 812 1527 παραφυλαττομένῳ
839 1489 921 1525 ἀκρίο

136 1540 222 1572 δειαν,
238 1539 348 1574 καὶτῆς
363 1539 508 1572 κανονικῆς
526 1537 675 1572 εὐθύτητος
687 1537 724 1571 μὴ
747 1536 918 1562 ἐκπίπτοντι.

141 1585 289 1619 Ἀνάγνωθι
306 1585 353 1612 οὖν
376 1585 416 1616 είς
443 1584 544 1615 πλάτος
562 1583 593 1609 τὸ
617 1582 737 1609 τοιοῦτον
760 1581 916 1617 σημείωμα,

134 1632 182 1658 καὶ
193 1614 254 1658 είπὲ
270 1631 336 1666 πρὸς
357 1614 420 1661 τοὺς
434 1614 563 1663 λέγοντας
584 1628 630 1659 ὼς,
647 1628 672 1654 εί
688 1628 726 1662 μὴ
744 1628 771 1653 ἐν
850 1614 917 1653 eis-
931 1614 953 1644 ο

135 1679 234 1711 γεσῦαι
258 1678 307 1711 τὴν
328 1675 482 1711 ἐπισκοπὴν
508 1676 548 1706 εἰς
573 1673 741 1710 μητρόπολιν
757 1673 773 1708 ἢ
791 1673 918 1708 ἅρχιεπι-

136 1724 241 1758 σκοπὴν
253 1723 389 1758 προστεθῇ
410 1722 486 1758 παρὰ
505 1722 554 1755 τῆς
578 1720 719 1756 βασιλικῆς
743 1719 865 1751 ἐξουσίας
888 1719 918 1745 τὸ

134 1772 184 1802 τὰς
207 1771 313 1805 ψήφους
335 1769 438 1796 τούτων
454 1768 578 1803 γίνεσθαι
599 1767 668 1793 κατὰ
691 1765 848 1801 προτροπὴν
865 1774 917 1791 πα-

132 1817 305 1851 τριαρχικὴν.
323 1815 337 1840 ό
356 1815 416 1842 κατ’
435 1813 566 1849 ἀλήθειαν
592 1811 795 1848 μητροπολίτης
820 1810 917 1845 ποήσει

132 1863 184 1897 τὴν
198 1862 288 1897 ψῆφον
302 1862 392 1889 αὐτῶν
404 1869 412 1877 ·
428 1861 507 1887 τοῦτο
522 1860 576 1895 γὰρ
590 1859 755 1894 φυλάττεται
772 1858 819 1884 καὶ
835 1858 918 1892 μέχρι

133 1909 183 1935 τοῦ
201 1908 249 1934 νῦν
270 1909 309 1938 εις
324 1907 369 1934 τὸν
391 1905 581 1940 οίκουμενικδν
605 1904 776 1940 πατριάρχην
795 1911 918 1938 χειροτοα

134 1954 264 1989 νούμενον
289 1953 364 1987 παρὰ
387 1951 434 1978 τοῦ
455 1950 629 1986 Ἡρακλείας,
644 1950 688 1977 διὰ
712 1949 743 1976 τὸ
770 1946 842 1975 εἶναι
868 1949 917 1984 τὴν

134 1998 421 2028 Κωνσταντινούπολιν
438 1998 497 2033 ἧτοι
517 1997 665 2028 Βυζάντιόν
685 2003 752 2022 ποτε
767 1995 815 2021 τοῦ
835 1994 919 2030 Ἦρα-

133 2047 226 2075 κλείας
245 2046 399 2080 ἐπισκοπὴν
411 2052 419 2060 ο
432 2045 474 2071 ὅτι
493 2043 547 2071 ἀπὸ
563 2043 610 2070 τοῦ
626 2041 746 2069 τοιούτου
761 2040 918 2075 σημειὼμα-

132 2102 179 2125 τος
195 2094 270 2120 πᾶσα
295 2091 409 2126 τοιαύτη
430 2089 601 2124 δικαιολογία
620 2089 814 2124 περιαιρεῖται,
832 2087 879 2114 καὶ
903 2088 918 2113 ό

133 2137 448 2167 Κωνσταντινουπόλεως
470 2136 522 2163 οὐκ
546 2136 575 2169 ἐξ
607 2135 732 2169 ἀνάγκης
764 2132 840 2167 παρὰ
867 2132 914 2159 τοῦ

137 2185 301 2220 ῚΙρα-κλείας
314 2183 519 2219 χειροτονεῖται.
533 2182 655 2216 Εὕρηται
671 2181 726 2215 γὰρ
747 2179 795 2207 καὶ
813 2179 918 2213 Στέφα-

132 2242 177 2265 νος
190 2234 203 2260 ό
219 2231 333 2265 ἁδελφὸς
357 2230 405 2257 τοῦ
421 2229 553 2265 βασιλέως
574 2227 659 2262 κυροῦ
676 2227 790 2258 Λέοντος
805 2225 852 2252 τοῦ
869 2226 916 2252 20-

973 985 1087 1013 dendam
1104 985 1232 1017 rationes,
1249 985 1307 1012 haec
1321 986 1380 1020 ejus
1393 986 1430 1012 rei
1442 986 1529 1020 gratia
1544 993 1672 1021 expresse
1687 985 1757 1013 dicta

973 1035 1047 1063 sunt,
1062 1035 1089 1057 et
1109 1031 1178 1065 quod
1194 1031 1338 1058 universali
1357 1031 1473 1064 ratione,
1489 1037 1517 1058 et
1537 1031 1698 1066 generaliter
1712 1038 1759 1058 ex-

972 1077 1060 1110 posita
1085 1077 1279 1112 dispositione,
1306 1077 1436 1105 ecclesias
1464 1084 1524 1113 quae
1552 1077 1676 1113 jussione
1705 1077 1757 1105 im-

973 1127 1058 1157 perat.
1097 1122 1125 1150 in
1151 1122 1273 1150 altiorem
1303 1123 1429 1151 thronum
1471 1123 1629 1158 eriguntur.
1655 1123 1758 1152 honoro

972 1175 1079 1202 quoque
1093 1168 1188 1203 dignas
1203 1170 1310 1198 censeri
1323 1174 1457 1205 oporteat.
1473 1175 1500 1197 et
1513 1171 1660 1198 electiones
1673 1170 1757 1199 libere

972 1214 1116 1249 procedere
1135 1222 1168 1242 ex
1178 1214 1277 1243 cforma
1296 1215 1435 1247 canonica,
1464 1223 1524 1251 quae
1542 1216 1568 1243 in
1591 1215 1684 1250 Magna
1704 1217 1757 1244 Er-

971 1260 1054 1288 clesia
1066 1265 1210 1288 consecuta
1224 1265 1275 1293 est,
1289 1262 1504 1296 melropolitanis
1514 1263 1752 1293 convenientibus,

972 1312 999 1335 et
1028 1307 1245 1343 archiepiscopos
1277 1315 1310 1336 ac
1337 1309 1558 1343 metropolitanos
1580 1310 1754 1345 eligenliltus,

971 1354 1042 1388 quod
1056 1359 1083 1382 et
1097 1355 1162 1391 imp.
1179 1362 1236 1383 mea
1251 1355 1403 1383 sublimitas
1419 1357 1549 1388 decernit,
1565 1362 1593 1384 et
1606 1357 1675 1384 hanc
1692 1365 1757 1385 cou-

971 1400 1137 1429 stitutionem
1150 1400 1238 1428 divina
1251 1405 1279 1429 et
1293 1407 1387 1430 sancta
1405 1409 1512 1437 quoque
1525 1407 1654 1437 sequetur
1673 1411 1758 1438 syno-

971 1446 1035 1480 dus;
1052 1451 1081 1474 ttt
1093 1455 1153 1481 qua:
1174 1448 1386 1476 ecclesiasticum
1410 1449 1490 1475 ritum
1506 1456 1637 1476 accurare
1656 1454 1756 1480 servet.

970 1496 998 1518 et
1012 1499 1026 1518 a
1044 1493 1173 1520 canonica
1197 1493 1360 1520 rectitudine
1379 1501 1431 1520 non
1457 1492 1574 1520 excidat.
1598 1492 1671 1529 Lege
1690 1501 1756 1528 ergo

970 1536 1067 1564 dill‘use
1081 1537 1150 1565 hanc
1166 1537 1396 1570 constitutionem,
1422 1543 1450 1566 et
1471 1539 1513 1566 dic
1533 1538 1567 1566 iis
1592 1539 1636 1573 qui
1663 1539 1758 1567 dicunt

970 1582 1052 1618 quod,
1070 1583 1123 1611 nisi
1145 1584 1207 1611 dum
1224 1584 1338 1620 erigitur
1353 1584 1524 1619 episcopatus
1544 1585 1570 1612 in
1584 1585 1754 1620 metropolim

972 1630 1013 1656 vel
1038 1630 1309 1666 archiepiscopatum,
1339 1632 1372 1658 ab
1388 1632 1522 1666 imperial.
1547 1637 1679 1665 potestate
1704 1633 1752 1659 ad-

968 1674 1069 1710 jectum
1095 1674 1184 1707 fuerit,
1210 1683 1305 1703 eorum
1330 1676 1479 1704 electiones
1493 1678 1666 1711 patriarcbali
1692 1686 1755 1705 sua-

971 1721 1046 1748 sione
1058 1725 1086 1748 et
1110 1721 1270 1749 auctoritate
1285 1722 1384 1750 debere
1403 1722 1472 1753 ﬁeri.
1499 1730 1578 1751 verus
1597 1725 1755 1759 metropoli-,-

971 1771 1049 1793 tanus
1060 1774 1153 1794 eorum
1166 1767 1324 1795 electionem
1338 1768 1429 1796 faciet.
1446 1768 1503 1796 Hoc
1519 1769 1591 1797 enim
1608 1770 1690 1798 etiam
1705 1771 1757 1798 bu-

971 1817 1072 1845 cusque
1093 1817 1217 1839 servatur
1237 1812 1263 1840 in
1287 1813 1432 1841 universali
1457 1815 1622 1848 patriarcha,
1646 1816 1691 1850 qui
1721 1817 1755 1843 ah

972 1855 1107 1884 Heraclea:
1129 1858 1331 1893 archiepiscopo
1355 1859 1505 1892 ordinatur,
1527 1860 1654 1894 quoniam
1676 1861 1757 1890 fuerit

970 1902 1112 1938 aliquando
1121 1903 1366 1939 Constantinopolis
1383 1904 1441 1932 sive
1454 1904 1609 1940 Byzantium
1620 1906 1754 1934 Heraclea:

970 1949 1098 1976 antistitis
1111 1948 1280 1983 episcopatus
1297 1959 1304 1977 :
1326 1950 1378 1981 dic,
1394 1950 1513 1984 inquam,
1526 1951 1599 1985 quod
1614 1953 1664 1979 hac
1686 1960 1751 1979 con-

970 1994 1110 2021 stitutione
1125 1994 1213 2022 omnis
1226 1994 1296 2029 juris
1309 1995 1421 2022 omnino
1433 1995 1560 2030 allegatio
1575 1997 1687 2029 tollitur.
1704 2005 1755 2024 nec

972 2039 1289 2074 Constantinopolitanus
1312 2041 1466 2068 necessario
1484 2041 1518 2068 ab
1539 2042 1673 2070 Heraclea:
1695 2044 1755 2078 epi-

970 2092 1052 2120 scopo
1067 2086 1218 2120 ordinatur.
1233 2086 1374 2114 Inventum
1388 2092 1430 2114 est
1451 2088 1523 2114 enim
1537 2089 1618 2115 etiam
1638 2089 1756 2125 Stepha-

970 2131 1106 2166 numjimp.
1116 2131 1217 2159 domini
1229 2131 1326 2160 Leonis
1335 2131 1470 2167 Sapientis
1479 2133 1589 2161 fratrem
1598 2128 1750 2163 ordinatum

971 2177 1053 2205 fuisse
1068 2177 1337 2212 Constantinopoleos
1352 2179 1534 2216 patriarcham
1548 2180 1629 2215 128
1641 2188 1655 2207 ιι
1668 2181 1756 2208 Theo~

971 2224 1059 2258 phnne
1077 2223 1282 2257 metropolitano
1305 2223 1506 2252 Caesarea-Et
1523 2226 1622 2258 'paucls
1655 2227 1754 2254 abhinc

131 2279 184 2314 φιιῦ
197 2277 369 2312 πατριάρχης
379 2274 579 2311 χειροτονηθεὶς
591 2271 914 2302 Κωνσταντινουπῦλεως,

972 2269 1047 2296 annis
1061 2268 1191 2297 Leontius
1204 2277 1218 2296 τι
1237 2269 1372 2296 Demetrio
1388 2270 1516 2297 Caesareae
1529 2273 1743 2306 metropolitano.

131 2325 208 2360 παρὰ
222 2324 375 2359 Θεοφάνους
388 2320 593 2357 ,μητροπολίτου
613 2319 791 2353 Καισαρείας,
822 2317 869 2344 καὶ
900 2316 952 2351 πρὸ
971 2314 1070 2348 ὀλίγων
1096 2315 1201 2350 χρόνων
1229 2316 1243 2341 ὁ
1269 2315 1394 2346 Λεόντιος
1424 2316 1499 2351 παρὰ
1526 2317 1683 2352 Δημητρίου
1706 2318 1755 2345 τοῦ

134 2372 313 2407 Καισαρείας.

169 2419 291 2447 ΖΩΝᾹΡ.
319 2416 477 2443 Ἐπίσκοποί
498 2423 582 2446 τινες,
597 2414 641 2441 διὰ
662 2412 848 2449 φιλοπρωτίαν
870 2412 916 2439 καὶ

133 2466 279 2503 φιλαρχίαν
295 2464 453 2500 προσιόντες
474 2464 530 2495 τοῖς
561 2462 701 2497 βασιλεῦσι
727 2461 772 2488 διὰ
797 2469 917 2502 προστα-

137 2513 253 2548 γμάτων
268 2511 414 2546 ἐγγράφων
424 2517 432 2526 ·
446 2509 531 2536 ταῦτα
546 2509 600 2542 γάρ
608 2510 661 2534 εἰσι
672 2507 705 2534 τὰ
716 2506 898 2541 πραγματικά
909 2514 916 2521 ·

131 2559 244 2596 ᾐτοῦντο
254 2558 303 2589 τὰς
315 2557 419 2587 οἰκείας
431 2553 585 2585 ὲπισκοπὲις
599 2555 634 2589 τῇ
649 2553 704 2580 τῶν
721 2552 917 2588 μητροπόλεων

130 2603 282 2639 τιμηθῆναι
309 2601 426 2636 κλήσει·
454 2600 492 2631 ὼς
524 2598 597 2625 οὕτω
627 2598 787 2633 συμϐαίνειν
812 2598 852 2628 εἰς
872 2596 919 2622 δύο

131 2661 142 2677 -.
159 2650 268 2685 ταρχίας
292 2648 343 2684 τὴν
368 2647 431 2682 μίαν
458 2645 629 2681 μερίζεσθαι,
659 2645 707 2674 καὶ
735 2644 764 2670 ἐν
786 2645 820 2678 τῇ
848 2643 917 2677 αὐτῇ

132 2695 254 2730 ἐπαρχίᾳ
271 2693 319 2720 δύο
344 2691 545 2728 μητροπολίτας
568 2688 648 2722 εῖναι,
664 2690 712 2716 καὶ
728 2689 799 2715 οὕτω
826 2688 918 2722 διαφέ-

132 2741 226 2776 ρεσθαι
239 2740 283 2767 ἀλ)
290 2740 364 2773 ἡλοις
386 2738 449 2769 τοὺς
462 2739 511 2772 τῆς
525 2736 660 2771 ἐπαρχίας
681 2735 789 2770 ἐκείνης
805 2734 917 2761 ἐπισκό-

133 2795 213 2816 πους.
231 2786 318 2819 Ὀπερ
335 2783 401 2810 ποτὲ
430 2782 477 2809 καὶ
490 2783 519 2808 ὲν
530 2782 563 2816 τῇ
588 2779 778 2807 Καππαδοκῶν
799 2778 919 2814 ἐπαρχίᾳ

135 2831 304 2867 ωμόἐὸηκε,
318 2830 367 2865 τῆς
385 2828 489 2860 πόλεως
500 2829 554 2854 τῶν
568 2826 680 2853 Τυάνων
698 2825 760 2856 νέας
780 2825 920 2860 μητροπό-

131 2878 202 2909 λεως
225 2876 385 2912 γενομένης,
397 2875 436 2906 ὡς
467 2875 481 2900 ό
504 2872 634 2906 Θεολόγος
661 2871 812 2907 Γρηγόριος
823 2872 852 2898 ἐν
881 2871 920 2906 τῷ

133 2923 272 2958 απιταφίῳ
300 2921 348 2950 τοῦ
374 2920 493 2958 μεγάλου
517 2917 658 2946 Βασιλείου
681 2916 820 2953 φησί.Διὰ
833 2917 919 2944 ταῦτα

1006 2409 1131 2437 ZONAR.
1143 2409 1296 2442 Principem
1310 2409 1447 2443 dignitatis
1463 2409 1548 2436 locum
1561 2401 1679 2445 episcopi
1694 2419 1754 2445 qu:-

967 2457 1028 2485 dain
1046 2453 1364 2487 ambitiosoall‘cctantes,
1376 2454 1552 2488 imperatores
1567 2456 1652 2489 adire,
1670 2462 1751 2490 atquo

969 2507 999 2529 ut
1018 2501 1107 2529 edicto
1123 2508 1183 2532 suo,
1201 2500 1273 2534 quod
1300 2500 1345 2527 hic
1373 2501 1533 2536 pragmatici
1565 2502 1620 2537 typi
1644 2503 1754 2529 nomine

969 2548 1126 2576 intellexere
1147 2546 1251 2580 Patres,
1267 2547 1386 2582 ipsorum
1408 2548 1606 2582 episcopalibus
1622 2548 1751 2576 honorem

969 2594 1149 2629 nietropoleos
1169 2595 1337 2625 decerneret,
1352 2593 1479 2628 precibus
1494 2594 1528 2620 ab
1542 2601 1575 2620 eo
1589 2593 1755 2621 contendere

970 2639 1040 2667 soliti
1054 2643 1127 2666 sunt.
1147 2638 1215 2666 Hinc
1231 2638 1343 2670 factum,
1356 2643 1385 2665 ut
1400 2638 1426 2665 in
1444 2637 1512 2665 duas
1525 2638 1679 2672 provincias
1693 2645 1748 2666 una

970 2685 1144 2717 divideretur,
1159 2684 1279 2718 duosque
1298 2683 1391 2710 cadent
1412 2683 1548 2718 provincia
1565 2683 1752 2717 metropolita-

971 2738 1028 2762 nos,
1041 2730 1183 2765 etquidem
1198 2728 1301 2757 crebris
1316 2728 1350 2755 ob
1361 2728 1476 2761 idipsum
1490 2727 1621 2759 dissidiis.
1638 2733 1751 2756 comen-

969 2776 1138 2810 tionibusque
1153 2775 1298 2802 distractos
1312 2773 1435 2800 haberet.
1451 2773 1527 2806 Quod
1551 2777 1578 2800 et
1598 2773 1624 2800 in
1644 2773 1750 2809 Cappa-

968 2824 1065 2851 docum
1083 2821 1220 2856 provincia
1239 2820 1386 2854 quondam,
1410 2819 1541 2854 Gregorio
1560 2819 1696 2856 Theologo
1722 2821 1748 2848 in

969 2868 1105 2904 epitaphio
1116 2867 1204 2902 magni
1218 2865 1308 2892 Basilii
1325 2864 1469 2898 relerente,
1483 2873 1544 2892 cum
1557 2866 1664 2902 Tyanea
1679 2874 1748 2894 nova

971 2912 1127 2948 metropolis
1139 2912 1285 2940 conStituta
1297 2915 1378 2943 esset,
1393 2910 1493 2938 evenit.
1512 2911 1656 2948 Propterea
1673 2920 1753 2940 cano-
