1942 3108
157 194 209 226 433

700 192 742 223 IN
761 192 843 223 CAN.
859 192 916 222 xu
938 176 1044 224 conc.
1062 195 1243 227 CHALCED.

1721 195 1773 227 iiii

200 249 276 277 Ἐπεὶ
288 249 316 277 δὲ
331 249 402 277 κατὰ
413 249 459 277 τὸν
476 249 631 285 ’Δπρίλλιον
644 249 717 285 μῆνα
731 249 780 284 τῆς
797 252 831 276 ια’
846 248 935 275 nam

1029 250 1162 284 Quoniam
1187 255 1276 279 autem
1299 259 1392 280 mense
1413 252 1508 287 Aprili,
1528 253 1558 280 ll
1583 252 1676 280 indict.
1701 261 1772 281 anno

157 296 206 323 τοῦ
220 296 295 331 ,ςψα’
316 296 393 328 ἔτους
414 296 596 327 ἀπολυθέντος
622 295 810 331 προσκυνητοῦ
840 303 939 330 χρυσο-

158 342 269 370 σούλλου
283 342 331 370 τοῦ
347 342 508 376 θεοστεφοῦς
527 341 675 378 κρατίστου
699 342 746 368 καὶ
766 341 844 376 ἁγίου
859 343 875 377 ἡ
881 342 938 376 μῶν

158 388 358 423 αὐτοκράτορος
379 388 475 423 κυρίου
494 388 630 414 Ίσαακεου
655 386 701 413 τοῦ
728 386 870 420 Ἀγγέλου,
890 387 939 413 καὶ

157 434 220 466 τοὺς
230 435 464 468 ἀνακαλουμένους
477 433 677 469 μητροπολίτας
692 433 742 464 τὰς
756 431 938 467 διαφερούσας

156 480 262 509 τούτοις
289 479 451 511 ὲπισκοπὰς,
485 480 531 507 καὶ
557 481 597 511 εἰς
623 478 802 515 μητροπόλεις
825 478 937 514 ἢὰρχι-

157 526 310 557 επιακοπάς
336 526 507 560 τιμηθείσας,
534 525 764 561 ἐπιστομίζοντος,
787 525 836 560 οὐχ
858 521 938 560 ἦττον

157 570 184 597 δὲ
209 571 255 597 καὶ
281 571 344 602 τοὺς
363 571 588 607 ἐπιχειρήσοντας
602 573 647 599 ὅτε
665 572 764 607 δήποτε
788 571 837 606 τὴν
862 570 940 606 βασι-

155 615 234 650 λικὴν
246 617 433 651 ἀποστερῆσαι
444 617 586 653 περιωπὴν
599 617 646 644 τοῦ
661 618 772 651 ἀνάγειν
785 616 939 648 ὲπισκοπὰς

155 662 194 692 εἰς
211 662 418 698 μητροπόλειςῆ
432 663 650 698 ἀρχιεπισκοπὰς
663 664 734 691 κατὰ
750 663 800 700 τὴν
815 663 938 689 δοθεῖσαν

155 708 248 740 αὐτοῖς
269 707 372 735 ἄνωθεν
394 708 530 742 ἐξουσίαν,
551 710 680 746 ἠρωτήθη
699 709 773 745 παρά
789 716 884 736 τινων·
905 707 939 735 Τί

154 754 213 781 ἐστι
227 755 258 781 τὸ
273 755 467 790 περιεχόμενον
483 755 521 790 τῷ
537 756 628 783 κανόνι
639 757 718 791 χάριν
733 755 781 782 τοῦ
796 755 869 790 ἔχειν
889 755 939 786 τὰς

154 800 317 835 τιμηθείσας
339 801 519 836 μητροπόλεις
542 802 628 836 μόνην
645 802 694 836 τὴν
718 801 813 836 τιμὴν,
830 800 868 833 ὡς
884 800 939 827 τῶν

153 847 240 874 ἄλλων
258 847 371 874 δικαίων
386 848 547 884 σωζομένων
561 848 594 882 τῇ
605 847 675 874 κατὰ
689 846 819 882 ἀλήθειαν
836 854 938 881 μητρο-

153 893 246 930 πόλεις
262 893 353 927 Φαμὲν
378 895 418 921 ὅτι
442 894 488 920 καὶ
513 893 543 919 τὸ
569 893 634 928 περὶ
655 892 751 919 τούτου
783 892 937 927 ἀμφίὁολον

991 296 1057 323 6701
1084 297 1156 325 edita
1180 305 1286 326 summa
1309 306 1371 326 cum
1396 300 1573 327 veneratione
1600 300 1771 335 suscipienda

989 342 1075 370 Aurea
1100 343 1171 371 bulla
1192 351 1207 371 a
1228 344 1283 371 Deo
1307 345 1451 378 coronati,
1475 345 1614 375 fortissimi
1636 350 1663 373 et
1685 346 1778 373 sancti,

989 387 1085 421 imper.
1103 389 1197 420 nostri,
1214 389 1314 417 domini
1329 390 1421 417 lsaacii
1437 390 1541 424 Angeli,
1558 397 1618 424 quae
1629 394 1657 417 et
1673 395 1773 418 metro-

989 434 1115 467 politanis
1134 435 1306 470 episcopatus
1326 436 1357 464 ad
1375 444 1404 464 se
1419 438 1585 472 pertinentes
1595 456 1609 469 ,,
1629 442 1656 464 et
1671 442 1772 464 metro-

990 481 1089 514 polium
1106 481 1145 508 vel
1163 482 1442 518 archiepiscopatuum
1464 483 1567 511 honore
1583 484 1696 510 donatos
1707 501 1715 514 ,
1738 482 1772 509 ad

989 533 1019 552 se
1039 527 1240 560 revocantibus,
1264 532 1290 555 et
1313 528 1346 555 iis
1365 528 1456 555 itidem
1473 528 1518 563 qui
1535 527 1701 562 imperialcm
1720 528 1773 554 cir-
1802 527 1804 530 ’

989 570 1220 605 cumspectionem
1235 572 1342 606 privare
1355 572 1534 602 conabuntur.
1552 579 1585 599 ne
1602 573 1774 607 episcopatus

990 614 1017 641 in
1039 616 1200 651 me‘tropoles
1216 621 1244 644 et
1257 617 1505 653 archiepiscopatus
1518 618 1606 653 erigat
1625 619 1773 646 secundum

989 659 1040 687 sibi
1057 661 1145 689 datam
1162 670 1177 690 a
1188 663 1293 698 superis
1308 668 1477 698 potestatem,
1487 671 1518 691 os
1533 664 1662 696 occludit,
1674 672 1689 692 a
1704 672 1774 691 non-

989 706 1070 734 nullis
1088 709 1228 742 qnatsitum
1243 714 1295 742 est,
1309 709 1377 742 Quid
1395 715 1436 737 est
1447 710 1518 745 quod
1532 717 1636 738 canone
1651 718 1775 745 compre-

990 752 1124 785 henditur,
1144 759 1174 781 ut
1193 755 1295 782 honore
1313 754 1416 783 all‘ectae
1436 756 1599 791 metropoles
1618 756 1704 784 solum
1725 756 1775 783 ho-

990 806 1081 826 norem
1094 792 1223 833 babeant,
1239 805 1332 836 utpote
1350 801 1410 829 aliis
1422 802 1530 837 juribns
1544 809 1614 829 verte
1633 803 1774 836 metropoli

989 845 1124 873 servatis?
1152 845 1271 874 Dicimus
1294 849 1327 874 de
1351 855 1383 875 ea
1410 855 1440 875 re
1456 847 1652 876 dubitationem
1671 847 1705 875 ab
1725 849 1774 876 hac

990 890 1160 925 imperatoris
1177 893 1367 920 constitutione
1386 893 1509 921 dissolvi.
1535 893 1681 927 Quaesitum
1699 893 1772 920 enim

151 938 244 965 λύεται
260 940 314 966 ἀπὸ
328 939 374 966 τοῦ
386 939 468 966 αὑτοῦ
484 939 624 974 βασιλικοῦ
648 947 681 974 ση
688 938 854 972 μειώματος.
869 939 935 965 Συν-

989 942 1042 968 est.
1057 941 1083 963 et
1096 942 1155 972 post
1166 938 1264 965 multas
1276 937 1370 965 allatas
1385 938 1418 965 ad
1432 937 1533 972 justam
1544 944 1603 975 esse
1616 945 1671 966 rem
1683 941 1774 965 osten-

159 985 279 1020 εζητήθη
308 987 372 1022 γὰρ.
401 987 448 1012 καὶ
481 985 550 1020 μετὰ
576 985 675 1017 πολλὰς
691 985 870 1019 δικαιολογίας
897 984 937 1010 δι-

154 1031 312 1066 ελήφθησαν
333 1033 413 1066 χάριν
435 1032 528 1058 τούτου
544 1031 629 1058 ταῦτα
650 1031 750 1066 ῥητῶς,
769 1031 816 1057 καὶ¹
831 1024 872 1057 δτι
889 1030 938 1065 μὲν

152 1077 290 1113 καθολικῷ
307 1078 379 1113 λόγῳ
394 1078 442 1104 καὶ
463 1077 609 1111 διαγνώσει
625 1077 741 1111 γενικῶς
756 1076 938 1111 ὲκτιθεμένας

152 1124 209 1155 τὶις³
226 1125 266 1155 ei;
295 1123 556 1159 ὑπερὸαϐμιώτερον
579 1123 673 1158 θρόνον
697 1121 938 1156 ἀνασιόαζομένας

153 1169 302 1204 ἐκκλησίας
334 1169 483 1205 προστάξει
522 1169 662 1204 βασιλικῇ.
694 1168 741 1195 xui.
774 1167 824 1202 τῆς
853 1167 937 1202 τιμῆς

153 1216 295 1249 ἀξιοῦσθαι
308 1215 408 1251 χρεὼν,
421 1216 468 1242 καὶ
487 1215 536 1246 τὰς
552 1214 659 1250 ψήφους
680 1215 709 1240 ἐν
724 1213 801 1249 ἀδείᾳ
822 1212 937 1248 προϐαί-

152 1271 208 1289 νειν
225 1262 295 1289 κατὰ
310 1262 355 1288 τὸν
371 1251 400 1288 ἓν
418 1263 450 1297 τῇ
463 1261 576 1296 Μεγάλῃ
591 1259 742 1295 Ἐκκλησία
758 1258 934 1294 παρηκολου-

152 1308 255 1343 θηκότα
273 1307 358 1334 τύπον
374 1307 515 1334 κανονικὸν
530 1307 584 1334 τῶν
604 1305 811 1342 μητροπολιτῶν
827 1305 933 1332 συνιόν-

151 1362 216 1386 των,
230 1354 279 1381 καὶ
300 1353 534 1389 ἁρχιεπισκὸπους
558 1353 606 1379 καὶ
631 1351 833 1388 μητροπολίτας
851 1350 936 1386 ψηφι-

151 1400 284 1436 ζομένωνί
304 1400 321 1435 ἦ
347 1409 376 1427 τε
400 1399 526 1434 βασιλεία
565 1407 616 1434 μου
643 1398 819 1432 διαγινώσκει
847 1398 894 1424 καὶ
917 1398 934 1432 ή

153 1446 214 1474 θεία
226 1447 273 1473 καὶ
289 1446 349 1479 ἱερὰ
362 1446 468 1477 σῦνοδσς
486 1445 524 1481 τῷ
536 1444 699 1482 διατάγματι
714 1444 809 1478 ἕψεται
829 1445 933 1479 τούτῳ·

151 1493 189 1524 ὡς
218 1492 267 1527 τὴν
290 1491 523 1526 ὲκκλησιαστικὴν
557 1488 828 1525 παραφυλαττομένῳ
855 1488 936 1524 ἀκρί-

152 1539 237 1571 ϐειαν,
254 1538 301 1565 καὶ
314 1538 364 1573 τῆς
378 1538 523 1571 κανονικῆς
541 1536 690 1571 εὐθύτητος
702 1535 740 1570 μὴ
762 1535 933 1562 ἐκπίπτοντι.

157 1584 305 1618 ’Δνάγνωοι
322 1584 368 1611 οὖν
392 1585 432 1615 είς
459 1583 560 1614 πλάτος
577 1582 608 1608 τὸ
632 1581 753 1608 τοιοῦτον
775 1580 932 1616 σημείωμα,

149 1631 197 1657 καὶ
209 1631 270 1657 είπὲ
284 1630 352 1664 πρὸς
372 1629 436 1660 τοὺς
450 1628 578 1662 λέγοντας
600 1627 646 1658 ὡς,
663 1627 687 1653 εἰ
704 1626 741 1661 μὴ
759 1627 787 1652 ἐν
808 1625 847 1660 τῷ
865 1625 932 1652 ἀνά-

151 1678 249 1710 γεσῢαι
273 1677 323 1710 τὴν
344 1674 497 1709 ἐπισκοπὴν
524 1675 564 1705 εἰς
589 1672 756 1709 μητρόπολιν
773 1672 789 1707 ἢ
807 1672 934 1707 ἀρχιεπι-

152 1723 256 1757 σκοπὴν
269 1722 404 1757 προστεθῇ
425 1721 502 1756 παρὰ
520 1721 570 1753 τῆς
593 1719 734 1755 βασιλικῆς
758 1718 881 1750 ἐξουσίας
903 1718 933 1744 τὸ

150 1770 199 1801 τὰς
223 1770 329 1804 ψήφους
351 1768 453 1795 τούτων
470 1766 593 1802 γίνεσθαι
614 1766 684 1792 κατὰ
706 1764 864 1800 προτροπὴν
881 1773 932 1790 πα-

148 1815 321 1850 τριαρχικὴν,
339 1814 353 1839 ὁ
371 1814 431 1841 κατ’
451 1813 582 1847 ἀλήθειαν
607 1810 811 1847 μητροπολίτης
835 1809 933 1844 ποήσει

148 1862 199 1896 τὴν
213 1861 303 1896 ψῆφον
317 1861 408 1887 αὐτῶν
420 1868 428 1876 ·
443 1860 522 1886 τοῦτο
538 1859 591 1894 γὰρ
606 1858 770 1893 φυλάττεται
788 1858 835 1883 καὶ
850 1857 933 1891 μέχρι

148 1907 198 1934 τοῦ
217 1907 265 1933 νῦν
285 1907 324 1937 είς
340 1906 385 1932 τὸν
406 1904 596 1939 οίκουμιινικδν
621 1903 792 1939 πατριάρχην
811 1910 933 1938 χειροτο-

149 1953 280 1988 νούμενον
304 1951 380 1986 παρὰ
403 1950 449 1977 τοῦ
471 1949 644 1984 Ἡρακλείας.
660 1949 704 1975 διὰ
728 1948 758 1974 τὸ
786 1945 858 1974 εἶναι
884 1948 933 1983 τὴν

150 1997 436 2026 Κωνσταντινούπολιν
453 1997 512 2032 ἦτοι
532 1995 681 2027 Βυζάντιόν
700 2002 767 2021 ποτε
783 1993 830 2020 τοῦ
850 1993 934 2028 Ἦρα-

148 2046 242 2074 κλείας
261 2044 415 2078 ἐπισκοπὴν
427 2051 434 2059 ’
448 2043 490 2069 ὃτι
509 2042 562 2070 ἀπὸ
579 2042 625 2069 τοῦ
641 2041 762 2068 τοιούτου
776 2039 933 2074 σημειώμα-

148 2101 194 2124 τις
210 2093 285 2119 πᾶσα
310 2090 424 2124 τοιαύτη
445 2088 616 2122 δικαιολογία
635 2088 830 2123 περιαιρεῖται,
848 2086 895 2113 καὶ
918 2087 933 2112 ό

148 2135 463 2166 Κωνσταντινουπόλεως
486 2135 538 2161 οὐκ
561 2135 591 2167 ἐξ
623 2134 748 2168 ἀνάγκης
779 2131 855 2166 παρὰ
882 2131 930 2158 τοῦ

153 2184 317 2219 Ἡρακλείας
330 2182 534 2218 χειροτονεῖται.
548 2180 670 2215 Εὕρηται
687 2179 742 2214 γὰρ
763 2178 810 2205 καὶ
829 2178 933 2212 Στέφα-

147 2241 192 2263 νος
205 2233 219 2258 ὁ
234 2230 348 2264 ἀδελφὺς
373 2229 420 2255 τοῦ
436 2228 569 2263 βασιλέως
589 2226 675 2261 κυρρῦ
692 2226 806 2257 Λέοντος
821 2224 868 2251 τοῦ
884 2225 932 2250 Σο-

989 983 1102 1013 dendam
1119 984 1248 1016 rationes,
1264 984 1322 1011 haec
1337 984 1395 1019 ejus
1409 985 1445 1011 rei
1457 985 1544 1019 gratia
1560 991 1687 1020 expresse
1702 984 1772 1012 dicta

989 1034 1062 1061 sunt,
1078 1034 1104 1056 et
1124 1030 1194 1064 quod
1209 1029 1353 1057 universali
1373 1030 1489 1063 ratione,
1505 1036 1532 1057 et
1553 1029 1713 1065 generaliter
1727 1037 1774 1057 ex-

987 1076 1075 1109 posita
1100 1075 1294 1111 dispositione,
1322 1076 1451 1104 ecclesias
1479 1083 1540 1112 quae
1568 1076 1692 1112 jussione
1720 1076 1772 1104 im-

988 1126 1074 1156 perat.
1112 1121 1140 1149 in
1166 1121 1289 1149 altiorem
1318 1122 1444 1150 thronum
1486 1122 1645 1157 eriguntur,
1670 1122 1774 1151 honore

988 1174 1095 1201 quoque
1108 1167 1203 1202 dignas
1219 1168 1325 1196 censeri
1339 1173 1473 1204 oporteat,
1488 1174 1515 1196 et
1529 1170 1675 1197 electiones
1688 1169 1772 1198 bbere

988 1213 1131 1248 procedere
1150 1221 1183 1241 ex
1193 1213 1292 1241 ~forma
1311 1214 1451 1246 canonica,
1479 1222 1539 1250 quze
1557 1215 1584 1242 in
1606 1214 1699 1249 Magna
1719 1215 1772 1243 Er-

987 1259 1069 1287 clesia
1082 1264 1226 1287 consecuta
1239 1264 1290 1292 est,
1305 1260 1520 1295 metropolitanis
1529 1262 1767 1292 convenientibus,

987 1311 1015 1334 et
1043 1306 1260 1342 archiepiscopos
1292 1314 1325 1335 ac
1353 1307 1573 1342 metropolitanos
1596 1309 1770 1344 ειίεοιιιίιιιις,

986 1353 1057 1387 quod
1071 1358 1098 1381 et
1112 1353 1177 1389 imp.
1194 1361 1251 1382 mea
1267 1354 1419 1382 sublimitas
1435 1355 1565 1387 decernit,
1580 1361 1608 1383 et
1621 1356 1691 1383 hanc
1708 1364 1773 1383 con-

986 1399 1152 1427 stitutionem
1165 1400 1254 1427 divina
1267 1404 1294 1428 et
1308 1406 1402 1428 sancta
1420 1408 1527 1436 quoque
1540 1407 1669 1436 sequetur
1689 1410 1773 1436 syno-

986 1445 1051 1479 dus;
1067 1450 1096 1474 ut
1108 1453 1168 1480 quae
1189 1447 1402 1475 ecclesiasticum
1425 1448 1506 1474 ritum
1521 1455 1653 1475 accurare
1671 1453 1771 1479 servet.

985 1495 1013 1517 et
1028 1498 1042 1518 a
1059 1491 1189 1518 canonica
1213 1491 1375 1519 rectitudine
1394 1499 1446 1518 non
1472 1492 1590 1519 excidat.
1613 1491 1686 1527 Lege
1705 1500 1771 1527 ergo

985 1535 1165 1564 dili'usebanc
1181 1536 1412 1569 constitutionem,
1438 1541 1465 1564 et
1486 1537 1528 1565 dic
1548 1538 1582 1565 iis
1607 1538 1651 1572 qui
1679 1538 1773 1565 dicunt

986 1581 1067 1616 quod,
1086 1582 1139 1610 nisi
1160 1583 1223 1610 dum
1240 1583 1353 1618 erigitur
1368 1583 1539 1617 episcopatus
1560 1584 1585 1611 in
1599 1584 1770 1619 metropolitn

987 1629 1028 1655 vel
1053 1629 1325 1664 archiepiscopatum,
1355 1631 1388 1657 ab
1404 1631 1537 1665 imperial.
1563 1636 1695 1664 potestate
1719 1632 1768 1658 ad-

984 1673 1084 1708 jectum
1111 1673 1200 1706 fuerit,
1226 1682 1320 1702 eorum
1345 1675 1494 1703 electiones
1508 1676 1681 1710 patriarchali
1707 1685 1770 1704 sna-

986 1719 1062 1747 si0ue
1073 1724 1101 1747 et
1125 1721 1286 1747 auctoritate
1301 1721 1400 1749 debere
1418 1721 1488 1752 ﬁeri,
1514 1729 1593 1750 verus
1612 1723 1770 1758 metropoli:

987 1770 1065 1792 tanus
1075 1773 1169 1793 eorum
1181 1766 1340 1794 electionem
1354 1767 1445 1795 faciet.
1462 1767 1518 1795 Hoc
1535 1768 1607 1796 enirn
1623 1769 1705 1796 etiam
1720 1769 1772 1796 bu-

986 1817 1087 1844 ousqne
1108 1816 1232 1838 servatur
1252 1811 1279 1838 in
1303 1812 1447 1840 universali
1472 1813 1637 1847 patriarcha,
1661 1815 1706 1850 qui
1736 1816 1771 1842 ab

987 1854 1122 1884 Heraclea:
1144 1857 1347 1892 archiepiscopo
1371 1858 1520 1891 ordinatur,
1542 1859 1669 1893 quoniam
1691 1859 1772 1888 fuerit

985 1901 1127 1937 aliquando
1136 1901 1382 1937 Constantinopolis
1398 1903 1456 1931 sive
1469 1903 1624 1939 Byzantium
1635 1905 1769 1933 Heracleae

985 1947 1113 1976 antistitis
1126 1947 1296 1982 episcopatus
1313 1958 1319 1976 :
1342 1948 1393 1980 dic,
1410 1949 1529 1983 inquam,
1541 1950 1613 1984 quod
1629 1952 1680 1978 hac
1701 1959 1766 1978 con-

985 1992 1125 2020 stitutione
1140 1993 1228 2020 omnis
1242 1993 1312 2028 juris
1325 1994 1436 2021 omnino
1448 1994 1575 2029 allegatio
1591 1995 1702 2028 tollitur,
1719 2004 1770 2023 nec

988 2038 1305 2073 Constantinopolitanus
1328 2040 1482 2067 necessario
1499 2040 1533 2067 ab
1555 2040 1688 2069 Heracleae
1710 2042 1770 2077 epi-

986 2091 1068 2119 scopo
1083 2084 1233 2119 ordinatur.
1249 2085 1389 2112 inventum
1404 2091 1445 2112 est
1466 2087 1538 2114 enim
1552 2088 1633 2114 etiam
1653 2088 1771 2124 Stepha-

986 2130 1121 2165 numjimp.
1131 2130 1233 2158 domini
1244 2130 1341 2158 Leonis
1350 2130 1486 2166 Sapientis
1495 2132 1604 2160 fratrem
1613 2134 1765 2162 ordinatum

987 2175 1069 2203 fuisse
1084 2176 1353 2210 Constantinopoleos
1368 2178 1549 2210 patriarcham
1563 2179 1644 2213 128
1656 2187 1670 2206 a
1683 2179 1771 2207 Theo-

987 2223 1074 2256 phane
1093 2222 1297 2256 metropolitano
1321 2222 1521 2250 CmsareaeVEt
1539 2224 1637 2257 'paucts
1671 2225 1770 2253 abhinc

147 2277 200 2313 φιιῦ
213 2275 384 2311 πατριάρχης
395 2273 595 2310 χειροτονηθεὶς
607 2270 930 2301 Κωνσταντινουπὸλεως,

987 2268 1063 2294 annis
1076 2267 1206 2296 Leontius
1219 2276 1241 2301 at
1252 2267 1388 2295 Demetrio
1403 2268 1532 2297 Caesarea:
1545 2271 1759 2305 metropolitano.

147 2324 223 2359 παρὰ
238 2323 391 2358 Θεοφάνους
404 2319 608 2356 ,μητροπολίτου
629 2317 806 2352 Καισαρείας,
837 2316 884 2343 καὶ
916 2314 968 2350 πρὸ
986 2313 1086 2347 ὀλίγων
1111 2313 1216 2349 χρόνων
1245 2315 1259 2340 ὁ
1284 2313 1410 2345 Λεόντιος
1439 2315 1514 2350 πκρά
1541 2316 1698 2350 Δημητρίου
1722 2317 1770 2343 τοῦ

149 2371 328 2406 Καισαρείας.

184 2418 306 2446 ΖΩΝΑΡ.
335 2415 492 2442 Ἑπίσκοποί
514 2422 598 2445 τινες.
613 2413 657 2440 διὰ
677 2411 863 2448 φιλοπρωτίαν
886 2411 932 2437 καὶ

148 2465 295 2502 φιλαρχίαν
310 2463 469 2499 προσιόντες
489 2462 545 2493 τοῖς
577 2461 716 2496 βασιλεῦσι
743 2460 787 2487 διὰ
813 2468 933 2501 προστα-

152 2512 268 2547 γμάτων
283 2510 430 2545 ἐγγράφων
439 2516 448 2524 ο
461 2508 547 2535 ταῦτα
562 2507 615 2542 γάρ
623 2509 676 2533 εἰσι
687 2506 721 2533 τὰ
732 2505 913 2540 πραγματικά
924 2513 932 2520 ο

146 2558 259 2594 ᾐτοῦντο
269 2556 318 2588 τὰς
330 2556 434 2586 οἰκείας
447 2552 600 2584 ὲπισκοπὰς
615 2554 649 2587 τῇ
665 2551 719 2578 τῶν
736 2560 774 2586 μη
780 2550 932 2586 τροπόλεων

145 2602 298 2638 τιμηθῆναι
325 2600 441 2635 κλήσει·
470 2599 507 2630 ὡς
539 2597 612 2624 οὕτω
642 2596 803 2632 συμϐαίνειν
828 2596 868 2626 εἰς
887 2594 934 2621 δύο

147 2660 158 2676 ι
174 2649 284 2684 -σρχίας
307 2647 358 2682 τὴν
383 2646 447 2681 μίαν
473 2644 644 2680 μερίζεσθαι,
674 2644 722 2673 καὶ
750 2643 780 2669 ὲν
801 2643 835 2677 τῇ
864 2642 932 2676 αὐτῇ

147 2694 270 2729 ἐπαρχίᾳ
286 2692 334 2719 δύο
359 2691 560 2726 μητροπολίτας
583 2688 664 2722 εἶναι,
679 2688 726 2715 καὶ
743 2687 814 2714 οὕτω
841 2687 934 2720 διαφέ-

147 2740 240 2775 ρεσθαι
255 2739 379 2772 ἀλλήλοις
402 2737 464 2768 τοὺς
478 2737 526 2771 τῆς
540 2735 675 2770 ἐπαρχίας
696 2733 804 2768 ἐκείνης
821 2733 933 2760 ἐπισκό-

148 2794 228 2815 πους.
245 2785 333 2818 Ὅπερ
350 2781 415 2809 ποτὲ
445 2782 492 2808 καὶ
506 2781 534 2807 ἐν
546 2781 578 2815 τῇ
603 2778 794 2806 Καππαδοκῶν
814 2777 934 2812 ἐπαρχίᾳ

149 2830 319 2866 ωμσὲΰηκε,
333 2829 382 2864 τῆς
400 2827 505 2858 πόλεως
516 2827 570 2852 τῶν
583 2826 696 2851 Τυάνων
713 2825 776 2855 νέας
795 2824 935 2859 μητροπὸ-

147 2877 217 2908 λεως
240 2874 451 2911 γενομένης.ὼς
482 2873 496 2900 ὁ
519 2871 650 2905 Θεολόγος
677 2870 827 2906 Γρηγόριος
839 2871 867 2896 ἐν
897 2869 936 2905 τῷ

148 2921 287 2957 ιπιταφῐῳ
316 2920 363 2948 τοῦ
390 2919 508 2957 μεγάλου
533 2916 674 2945 Βασιλείαν
696 2915 835 2952 φησεΑιὰ
848 2915 935 2943 ταῦτα

1021 2408 1147 2436 ΖΟΝΑΒ.
1159 2407 1311 2441 Principem
1325 2407 1462 2441 dignitatis
1478 2407 1564 2434 locum
1576 2400 1694 2444 episcopi
1710 2418 1769 2444 qu:-

982 2455 1043 2483 dam
1061 2453 1201 2480 ambitiose
1212 2452 1379 2485 allectantes,
1391 2453 1568 2487 imperatores
1583 2454 1668 2488 adire,
1685 2461 1766 2489 atque

985 2506 1014 2528 nt
1034 2500 1122 2527 edicto
1138 2506 1198 2531 suo,
1217 2499 1288 2533 quod
1316 2499 1360 2526 hic
1389 2500 1549 2534 pragmatici
1580 2501 1635 2536 typi
1660 2502 1769 2528 nomine

984 2547 1141 2575 intellexere
1162 2545 1266 2579 Patres,
1283 2545 1401 2580 ipsorum
1423 2546 1622 2581 episcopalibus
1637 2546 1767 2574 honorem

985 2593 1164 2627 metropoleos
1184 2593 1352 2624 decerneret,
1368 2592 1494 2626 precibus
1510 2593 1543 2619 ab
1558 2599 1590 2619 eo
1605 2591 1770 2619 contendere

985 2638 1055 2666 soliti
1070 2641 1143 2665 sunt.
1162 2636 1230 2665 Hinc
1246 2637 1358 2669 factum,
1372 2641 1400 2663 ιιι
1415 2637 1442 2663 in
1459 2636 1527 2664 duas
1541 2636 1694 2671 provincias
1709 2644 1764 2664 una

985 2684 1160 2715 divideretur,
1175 2683 1294 2717 duosque
1313 2682 1406 2709 eadem
1427 2682 1564 2717 provincia
1580 2681 1767 2716 metropolita-

986 2737 1043 2761 nos,
1056 2733 1082 2755 et
1092 2728 1199 2763 quidem
1214 2727 1317 2755 crebris
1332 2727 1366 2753 ob
1377 2727 1492 2760 idipsunt
1506 2726 1636 2758 dissidiis,
1653 2732 1766 2755 conten-

985 2775 1154 2809 tionibusqne
1169 2774 1313 2801 distractos
1327 2772 1451 2799 haberet.
1466 2771 1542 2805 Quod
1567 2776 1594 2799 et
1613 2772 1640 2798 in
1659 2772 1766 2808 Cappa-

984 2822 1081 2850 ducum
1098 2819 1236 2854 provincia
1254 2819 1402 2853 quondam,
1425 2817 1556 2853 Gregorio
1576 2818 1712 2854 Theologo
1737 2820 1764 2847 in

984 2867 1120 2902 epitaphio
1131 2865 1220 2900 magni
1234 2863 1324 2891 Basilii
1341 2863 1485 2897 referente,
1498 2871 1559 2891 cum
1572 2865 1680 2900 'l‘yanca
1694 2873 1763 2893 nova

987 2911 1142 2947 metropolis
1155 2911 1300 2938 constituta
1313 2913 1394 2943 esset,
1409 2909 1509 2937 evenit.
1527 2909 1671 2946 Propterea
1688 2919 1768 2939 cano-
