1942 3108
263 156 314 189 451

885 159 1024 191 THEOD.
1040 160 1241 191 BALSAMON

1818 164 1877 196 452

265 215 336 242 tibus
353 223 360 240 :
380 222 432 240 nott
457 219 499 240 est
514 218 603 240 autent
620 213 671 242 hoc
684 222 788 246 verum,
806 218 834 240 ut
845 214 997 242 ostenditur
1011 221 1035 242 et

1097 215 1176 241 τοῦτο
1191 214 1306 250 ἀληθὲς,
1326 214 1417 247 καθὼς
1428 215 1552 250 δηλοῦται
1569 216 1622 242 ἀπὸ
1646 215 1693 243 τοῦ
1711 217 1802 250 τέλους
1825 219 1877 246 τοῦ

263 262 316 288 line
326 260 435 287 canonis
449 259 572 293 dicentis,
589 267 668 294 posse
683 260 884 295 imperatorem,
899 260 925 286 in
938 260 969 287 iis
982 267 1041 294 qua:

263 314 277 332 a
292 314 321 333 se
336 305 468 332 innovatae
494 309 559 333 sunt
580 306 621 333 vel
646 305 845 333 inuovabuntur
876 305 1041 337 civitatibus,

262 359 311 386 pro
334 351 532 386 episcopalibus
557 351 671 386 juribus.
694 357 815 380 statuere
837 360 896 387 quae
914 351 1041 378 voluerit.

262 397 331 432 Lege
343 401 371 424 et
388 396 422 424 12
437 405 498 425 can.
516 400 655 432 praesentis
672 406 731 433 syn.
747 403 774 425 et
789 398 823 425 58
835 405 895 432 syu.
911 398 936 424 in
949 397 1039 425 Trull.

261 444 337 474 Quod
357 448 447 470 autent
473 444 540 471 dicit
568 444 613 471 hic
639 451 724 471 canon
755 445 807 471 tale
830 449 892 471 est:
910 443 1042 471 Volebunt

260 489 368 521 quidam
384 496 430 516 cos
443 496 573 520 canones,
588 490 633 523 qui
650 490 682 516 dc
705 489 858 524 regionibus
876 496 922 516 seu
938 489 1040 516 dioece-

260 534 334 560 sibus
346 534 504 568 loquuntur,
520 535 631 570 intelligi
656 535 688 562 de
710 535 847 562 civitatum
865 535 1040 569 regionibus:

261 588 313 606 non
330 586 418 606 autem
441 580 475 607 de
498 580 597 608 vilibus
614 587 646 607 ac
670 580 814 608 ruralibus.
838 580 980 608 Decretum
1000 586 1041 608 est

260 634 335 659 ergo,
352 631 380 652 ut
393 626 510 660 episcopi
524 626 591 652 citra
609 627 822 653 controversiam
840 626 978 652 obtineuut
996 634 1040 653 re-

258 672 354 704 giones
369 677 384 697 a
398 677 428 697 se
453 671 562 704 triginta
584 671 663 697 annis
691 678 746 698 non
763 672 788 697 vi
806 677 957 705 possessas,
982 671 1040 697 sive

259 717 314 743 sint
331 716 434 743 rurales
454 723 502 743 seu
515 723 615 750 parvae.
637 724 697 751 qua:
723 717 804 743 etiam
833 717 956 750 μονοικια
976 716 1039 752 (hoc

258 767 301 789 est
316 769 396 789 unam
414 767 517 789 tantttm
532 763 639 789 dotmtm
658 762 798 797 habentes)
812 763 938 790 dicuntur
955 763 1037 799 :lsive

259 807 313 834 sint
326 806 464 842 ἐγχώριοι,
479 808 505 834 id
521 811 576 837 est,
593 806 691 834 ntnltos
712 808 878 841 habitatores
898 808 1038 835 habentes.

258 853 287 879 Si
301 857 390 879 autetn
411 853 481 879 intra
495 853 603 887 triginta
627 861 713 880 annos
735 853 814 888 134
835 854 911 880 istius
930 854 1039 881 nomine

1095 261 1208 292 κανόνος
1235 261 1360 295 λέγοντος
1386 261 1516 288 δύνασθαι
1547 263 1592 289 τὸν
1613 263 1725 297 βασιλέα
1736 264 1782 290 ἐπὶ
1812 267 1877 296 ταῖς

1095 306 1139 332 ὑπ’
1150 307 1231 333 αι)τοῦ
1243 307 1437 339 καινισθείσαις
1453 307 1469 343 ἦ
1484 308 1740 344 καινισθησομέναις
1761 311 1876 337 πόλεσιν

1095 350 1250 377 iamcuva
1269 351 1302 382 τὰ
1329 350 1461 386 βουλητέα
1477 351 1551 386 αὐτῷ
1566 352 1647 386 χάριν
1666 353 1720 379 τῶν
1730 354 1877 380 ὲπισκοπι-

1094 393 1277 422 κῶνδικαίων.
1291 396 1345 422 Καὶ
1354 395 1489 429 ἀνάγνωθι
1504 397 1548 423 τὸν
1558 395 1590 431 ιβ’
1602 397 1701 423 κανόνα
1715 397 1763 432 τῆς
1772 399 1877 434 7:190:3-

1095 448 1144 473 σης
1158 440 1279 472 συνόδου,
1297 441 1342 467 τὸν
1355 441 1395 476 λη’
1411 443 1463 476 τῆς
1478 443 1506 467 ἐν
1525 442 1564 477 τῷ
1594 443 1722 479 Τρούλλῳ
1750 445 1872 471 συνόδου.

1096 485 1129 511 ’⁸0
1154 485 1182 512 δὲ
1195 486 1267 520 λέγει
1280 484 1294 511 6
1311 485 1404 521 παρὼν
1421 488 1510 513 κανὼν
1533 487 1654 514 τοιοῦτόν
1680 489 1761 516 ἐστιν.
1789 489 1876 515 Ἤθε-

1093 530 1139 557 λόν
1153 539 1225 563 τινες
1241 532 1419 564 ἐξακούεσθαι
1434 533 1496 564 τοὺς
1512 533 1576 567 περὶ
1596 533 1649 559 τῶν
1665 534 1777 568 ὲνοριῶν
1794 536 1878 563 κανόν

1093 584 1140 607 νας
1151 576 1191 606 εἰς
1203 576 1342 608 πολιτικὰς
1359 578 1466 612 ὲνορίας
1479 599 1486 610 ,
1497 579 1527 604 οὺ
1547 579 1599 614 μὴν
1612 579 1660 605 καὶ
1686 581 1726 611 είς
1755 581 1875 613 εὐτελεῖς

1092 621 1245 657 ἀγροικίας.
1274 622 1383 658 Ὦρίσθη
1399 623 1445 649 οὖν
1458 624 1582 659 κατέχειν
1601 625 1715 660 ἀμάχως
1734 627 1797 657 τοὺς
1811 628 1875 652 ἐπι-

1094 669 1226 700 σκόπους·
1256 669 1304 700 τὰς
1327 670 1374 696 ἐπὶ
1389 671 1596 707 τριακονταετίᾳ
1619 673 1784 706 νεμηθείσας
1808 674 1875 709 παρ’

1092 714 1181 740 αὐτῶν
1190 715 1296 749 ὲνορίας
1316 715 1462 747 ἁδιάστως,
1473 717 1525 742 κᾶν
1545 718 1704 751 ἁγροικικαὶ
1719 715 1796 750 ὦσιν,
1813 719 1875 754 ἢτοι

1093 760 1200 794 μικραὶ,
1214 760 1241 786 αἳ
1255 761 1301 787 καὶ
1316 761 1438 795 μονοίκια
1446 763 1580 796 λέγονται,
1593 763 1644 789 κᾶν
1660 764 1800 798 ἐγχώριοι,
1811 765 1874 799 ἦτοι

1092 806 1204 838 πολλοὺς
1213 808 1356 839 κατοίκους
1368 807 1485 843 ἔχουσαι.
1501 809 1531 835 Εἰ
1555 809 1594 842 ὁὶ,
1622 811 1715 844 φησὶν,
1730 811 1807 842 ἐντὸς
1818 812 1874 838 τῶν

1091 851 1238 886 τριάκοντα
1257 852 1325 878 ἑτῶν
1355 852 1475 888 ἑναγάγῃ
1506 853 1599 888 ἔτερος
1612 854 1760 886 ἐπίσκοπος
1792 856 1873 890 χάριν

258 898 391 926 actionem
407 898 478 925 alius
492 900 636 934 episcopus
657 899 815 931 intenderit,
841 900 911 934 apud
928 900 1035 934 provin-

1089 897 1196 930 τούτου,
1206 897 1282 932 παρὰ
1293 899 1326 933 τῇ
1343 898 1444 933 συνόδῳ
1454 898 1503 934 τῆς
1530 899 1664 935 ἐπαρχίας
1681 900 1716 928 τὰ
1733 902 1798 937 περὶ
1808 903 1873 929 τοὺ-

258 945 307 972 cize
321 944 462 981 synodum.
474 946 539 979 quid
557 945 589 972 de
606 952 639 972 eo
655 947 691 972 sit
707 946 880 973 statuendum
907 946 1037 973 observa-

259 991 340 1019 bitur.
353 990 399 1017 Sin
418 996 506 1017 autem
522 991 747 1025 metropolitauus
772 998 851 1018 suum
880 992 1037 1026 episcopum

257 1037 355 1071 injuria
364 1036 472 1069 alliciat,
480 1037 548 1070 apud
558 1036 680 1064 tlimcesis
688 1037 845 1068 exarclnnn,
857 1037 898 1063 vel
909 1038 978 1071 apud
991 1045 1036 1071 pa-

257 1082 402 1108 triarcltam
411 1081 444 1108 de
457 1081 553 1108 limbus
560 1081 661 1115 judicio
671 1081 857 1108 contendetur.
869 1081 934 1115 Qua:
948 1088 1037 1109 autem

258 1128 291 1154 ab
301 1127 506 1161 imperatoribus
519 1134 565 1161 per
573 1127 694 1160 publicas
708 1126 808 1154 formas
826 1127 884 1155 sive
902 1127 1038 1162 jussioncs

258 1174 321 1207 imp.
347 1172 485 1199 innovatis
506 1172 547 1199 vel
573 1179 621 1207 pro
633 1173 791 1200 innovandis
809 1180 823 1199 a
840 1181 870 1200 se
884 1174 1039 1201 civitatibus

256 1219 450 1250 decernuntur.
466 1226 575 1246 manere
589 1222 617 1245 ut
629 1218 735 1246 decreta
746 1218 956 1253 fuerint,utpote
967 1220 1037 1255 quod

256 1265 353 1291 debeat
369 1264 487 1291 Ecclesia
507 1264 583 1298 sequi
598 1272 629 1291 ea
641 1272 700 1299 que
711 1265 750 1291 sic
767 1265 955 1292 decernuntur.
972 1266 1037 1292 Cum

258 1311 316 1337 baac
334 1310 370 1336 ita
397 1317 427 1337 se
451 1310 581 1342 habeant,
602 1317 635 1337 ne
658 1310 758 1337 dixeris
782 1317 829 1337 eos
847 1312 967 1345 quidem,
992 1313 1037 1345 qui

258 1356 366 1390 triginta
385 1355 462 1382 annis
486 1356 545 1382 sine
566 1355 590 1382 vi
613 1355 736 1390 regiones
759 1357 907 1390 possident,
936 1358 1036 1384 moveri

259 1410 311 1427 nun
332 1408 429 1435 posse:
444 1402 488 1436 qui
505 1406 594 1435 autem
612 1409 665 1428 non
681 1406 744 1428 sunt.
768 1402 845 1433 tales,
870 1402 895 1429 id
918 1406 968 1436 est,
991 1410 1038 1430 eos

256 1448 302 1481 qui
320 1447 344 1473 vi
360 1447 508 1481 possident,
528 1447 612 1473 etiant
642 1453 702 1481 post
732 1447 898 1474 tricesimum
925 1455 1035 1481 annum,

256 1493 386 1521 adversus
396 1500 443 1519 eos
453 1493 495 1528 agi
512 1500 599 1527 posse.
615 1492 667 1520 Sed
678 1493 733 1527 lege
743 1498 908 1528 postremum
929 1499 1009 1529 caput
1019 1495 1038 1521 2

257 1539 298 1566 tit.
311 1538 358 1566 lib.
377 1546 390 1564 v
405 1537 514 1566 Basilio.
531 1539 589 1566 sive
604 1546 665 1573 cap.
687 1538 699 1564 ι
727 1537 844 1566 Novella:
863 1539 912 1566 Ill
936 1539 975 1568 sic
995 1541 1036 1568 di-

1090 951 1137 970 του
1166 943 1358 979 τηρηθήσεται.
1376 945 1437 971 Ἐὰν
1445 945 1473 972 δὲ
1489 946 1690 982 μητροπολίτης
1705 947 1784 983 ἀδικῇ
1801 948 1871 974 ἐπί-

1091 997 1191 1016 σκοπον
1199 990 1292 1022 αὑτοῦ,
1300 992 1375 1025 παρὰ
1382 991 1420 1026 τῷ
1433 992 1590 1027 ἑξάρχῳτῆς
1598 993 1755 1027 διοικήσεως
1767 994 1784 1029 ἢ
1796 995 1873 1029 παρὰ

1089 1032 1129 1068 τῷ
1143 1033 1298 1068 πατριάρχῃ
1310 1034 1344 1060 τὰ
1355 1035 1420 1069 περὶ
1434 1035 1482 1069 τῆς
1501 1036 1606 1070 ἐνορῐις
1624 1037 1798 1071 κριθήσεται.
1824 1037 1868 1064 Τὰ

1093 1078 1185 1113 μέντοι
1201 1079 1276 1114 παρὰ
1291 1078 1347 1105 τῶν
1383 1079 1516 1114 βασιλέων
1534 1080 1703 1116 διοριζόμενα
1722 1082 1765 1108 διὰ
1788 1083 1874 1117 δημο-

1091 1124 1158 1151 σίων
1170 1124 1261 1152 τύπων
1277 1125 1335 1160 ἦτοι
1360 1125 1506 1160 βασιλικῶν
1525 1127 1754 1162 προσταγμάτων,
1791 1129 1874 1163 χάριν

1092 1170 1168 1205 παρὰ
1181 1170 1284 1197 τούτων
1299 1170 1492 1197 καινισθεισῶν
1513 1171 1529 1206 ἢ
1550 1172 1804 1208 καινισθησομένων
1820 1174 1870 1200 πό-

1091 1216 1170 1250 λεων,
1188 1217 1279 1250 μένειν
1293 1216 1383 1248 καθὼς
1397 1216 1564 1252 ὼρίσοησαν,
1583 1218 1620 1250 ὡς
1630 1219 1676 1245 καὶ
1692 1220 1741 1254 τῆς
1755 1220 1873 1254 Ἐκκλη-

1092 1264 1152 1294 σίας
1167 1263 1326 1298 ὀφειλούσης
1340 1263 1497 1290 ἀκολουθεῖν
1509 1266 1563 1294 τοῖς
1574 1264 1645 1290 οὕτω
1658 1265 1869 1300 διοριζομένοις.

1090 1306 1198 1332 Τούτων
1211 1306 1296 1338 οὕτως
1311 1308 1436 1342 ἐχόντων,
1455 1308 1492 1343 μὴ
1504 1309 1584 1344 εἴπῃς
1596 1310 1659 1341 τοὺς
1677 1310 1726 1345 μὲν
1735 1310 1873 1343 ἀδιάστως

1091 1352 1256 1387 κατέχοντας
1281 1353 1327 1379 ἐπὶ
1357 1354 1565 1390 τριακονταετίᾳ
1589 1356 1697 1391 ὲνορίαν
1723 1357 1871 1393 diruptam-

1083 1397 1201 1435 uaco»;
1225 1396 1309 1425 εἶναι’
1328 1399 1391 1430 τοὺς
1409 1399 1438 1425 δὲ
1464 1399 1501 1434 μὴ
1531 1399 1676 1434 τοιούτους,
1700 1402 1783 1438 ἠγουν
1808 1405 1872 1436 τοὺς

1091 1445 1162 1471 κατὰ
1190 1444 1251 1480 βίαν
1273 1446 1448 1480 νεμομένους,
1473 1447 1519 1473 καὶ
1547 1447 1616 1481 μετὰ
1648 1451 1871 1483 τριακονταετίαν

1082 1490 1248 1524 -ὲνάγεσθαι,
1265 1489 1345 1517 Ἀλλὰ
1355 1491 1509 1524 ἀνάγνωσον
1521 1491 1551 1517 τὸ
1562 1491 1715 1519 τελευταῖον
1722 1494 1869 1528 κεφάλαιον

1089 1535 1136 1562 τοῦ
1154 1534 1176 1571 β’
1189 1536 1277 1563 τίτλου
1289 1536 1336 1563 τοῦ
1357 1539 1376 1562 ε’
1395 1535 1497 1570 βιϐλίου
1522 1536 1576 1563 τῶν
1603 1538 1764 1571 Βασιλικῶν,
1785 1540 1869 1575 ἤγουν

256 1592 323 1612 cens
341 1584 457 1612 'Omnis
482 1585 553 1612 actio
581 1585 729 1612 venerabili
757 1586 836 1612 domo
867 1591 1034 1621 competens,

1088 1581 1234 1614 κεφάλαιον
1249 1580 1273 1607 α’
1293 1582 1342 1616 τῆς
1368 1581 1420 1617 pta’
1445 1583 1554 1618 νεαρᾶς,
1570 1582 1640 1609 οὕτω
1668 1583 1758 1617 λέγον·
1790 1585 1869 1612 Πᾶσα

256 1631 314 1657 sive
328 1631 364 1657 sit
376 1630 536 1665 personalis,
560 1630 619 1658 sive
634 1631 841 1665 ltypotltccaria,
855 1632 1035 1667 quadraginta

256 1683 342 1703 annos
363 1684 416 1702 non
431 1677 538 1703 excedit
553 1676 776 1703 convenientiDUs
803 1678 948 1712 unicuique
972 1678 1035 1705 reli-

249 1711 336 1755 giosae
349 1721 439 1747 domui
456 1721 616 1754 opportunis
630 1722 891 1755 przescripttouibus,
905 1711 957 1748 sed
972 1730 1035 1757 pro-

254 1766 313 1799 pria
341 1765 450 1799 quidem
482 1770 602 1799 tempora
631 1765 820 1798 servantibus;
849 1770 875 1792 et
897 1767 1034 1801 antiquam

253 1811 337 1844 legem
349 1818 409 1845 qua:
423 1813 498 1837 extra
509 1815 561 1843 est,
571 1809 612 1837 sic
624 1810 756 1837 dicentem
772 1818 778 1837 :
794 1809 917 1838 Prteseus
928 1812 1035 1846 quidem

252 1854 362 1882 Novella
375 1855 532 1882 constitutio
555 1855 678 1887 ecclesiis
688 1849 817 1883 adversus
827 1858 946 1891 privatos
956 1866 1037 1893 agen-

256 1904 329 1929 tibus
342 1902 583 1936 quadrapenariam
595 1909 726 1929 annorum
744 1904 973 1938 praescriptionem
989 1911 1035 1931 ac-

251 1948 417 1974 commodat.
445 1946 480 1973 ΓΙ
505 1953 595 1974 autem
629 1955 715 1975 canon
738 1949 865 1977 Cbalced.
893 1951 988 1986 synodi
1008 1952 1034 1978 in

251 1993 348 2027 quinto
365 2001 423 2028 cap.
443 1994 523 2028 primi
544 1994 587 2020 tit.
603 1993 804 2022 Nomocanouis
819 1995 927 2030 positis,
946 1996 1035 2023 eccle-

251 2040 301 2067 siis
317 2041 449 2067 adversus
466 2040 594 2068 ecclesias
621 2041 773 2075 agentibus,
791 2043 838 2069 dat
858 2042 966 2078 triginta
987 2051 1036 2070 an-

254 2093 352 2112 norum
382 2086 510 2120 spatium.
541 2085 581 2114 Ne
606 2087 713 2114 mireris
744 2092 832 2115 autem
855 2088 931 2116 illud.
948 2089 986 2116 Ex
1004 2097 1034 2116 ea

250 2131 384 2159 enitan
405 2131 525 2164 Novella,
539 2137 567 2159 et
579 2140 612 2159 ex
630 2132 647 2159 5
673 2140 735 2168 cap.
758 2134 775 2160 3
800 2134 841 2161 tit.
862 2134 909 2162 lib.
927 2142 954 2167 v,
978 2135 1035 2163 sive

246 2175 360 2204 Novella
374 2178 422 2204 151
436 2177 557 2204 ecclesiae
571 2185 676 2213 quoque
697 2179 796 2206 habent
808 2179 860 2206 alia
878 2180 1029 2215 privilegia.

252 2221 321 2248 Dicit
333 2222 404 2249 enim
424 2223 477 2250 hoc
495 2227 574 2257 caput
591 2232 598 2249 :
618 2223 671 2250 Pro
691 2223 762 2258 longi
791 2230 881 2252 autem
906 2226 1033 2260 temporis

251 2268 498 2302 pnescriptimtibus
514 2269 547 2296 10
570 2274 598 2296 et
609 2268 646 2295 νο
664 2274 690 2296 et
716 2269 750 2296 50
772 2277 904 2298 annorum
932 2271 1034 2299 sanctis

250 2312 373 2340 ecclesiis
386 2318 413 2340 et
425 2314 549 2343 omnibus
575 2314 636 2342 aliis
663 2315 861 2343 venerabilibus
886 2316 963 2348 locis,
987 2324 1032 2344 so-

249 2359 302 2385 lam
317 2358 351 2385 40
366 2367 497 2386 annorum
514 2360 744 2395 pnescriptionem
769 2361 867 2395 opponi
894 2361 1030 2395 jubemus.

249 2404 305 2433 lloc
317 2407 374 2440 ipso
391 2406 472 2433 etiam
488 2412 596 2434 servato
620 2407 646 2434 in
670 2406 819 2442 legatorum
845 2415 952 2443 quoque
974 2408 1032 2444 pios

249 2459 314 2478 usus
327 2452 418 2479 relicta
435 2457 509 2480 sunt.
527 2452 708 2486 Quamobrem
733 2454 856 2483 ecclesia:
874 2454 993 2489 quidem,
1008 2454 1031 2482 si

247 2503 377 2524 adversus
391 2497 530 2532 religiosas
547 2500 641 2526 domus
654 2506 706 2525 noti
722 2503 815 2533 agunt,
835 2499 894 2526 solo
913 2501 1031 2534 quadra-

246 2544 320 2578 ginta
334 2551 465 2571 anuorum
489 2544 575 2578 spatio
595 2544 786 2577 excluduntur.
803 2545 856 2581 Qui
872 2551 961 2572 autem
984 2546 1032 2572 ad-

247 2597 341 2617 versus
351 2597 398 2617 eas
411 2595 503 2624 agunt,
526 2598 573 2625 per
591 2591 726 2625 legitimas
749 2593 922 2625 exceptiones
936 2591 970 2618 ab
985 2599 1030 2619 ec-

247 2635 338 2662 tlesiis
353 2637 541 2663 extruduntur.
558 2636 690 2664 Caeterum
708 2638 815 2671 quando
825 2638 946 2665 ecclesia:
959 2638 1030 2665 inter

247 2689 277 2707 se
294 2680 407 2722 invicem
423 2687 514 2718 agunt,
528 2675 702 2718 quadraginta
714 2691 846 2710 annorum
862 2683 1028 2718 privilegium

248 2734 300 2753 non
315 2728 458 2760 habebunt,
472 2729 518 2755 Sed
532 2729 594 2762 jure
608 2729 745 2756 communi
763 2733 881 2756 utentur.
892 2728 960 2756 Nota
981 2738 1030 2756 au-

247 2776 301 2798 tem
317 2779 351 2799 ex
365 2774 416 2801 hoc
437 2782 552 2806 canone,
566 2776 637 2809 quod
650 2776 712 2801 licet
732 2776 796 2809 imp.
815 2774 922 2801 auferre
939 2775 1028 2802 eccle-

246 2816 356 2843 siastica
372 2819 520 2854 privilegia.
542 2819 570 2846 Si
580 2820 655 2847 'enim
668 2820 707 2846 eis
731 2820 895 2854 permittitur
912 2827 942 2846 ea
969 2828 1028 2855 qua:

247 2861 379 2890 voluetint
397 2863 431 2892 "de
460 2865 599 2898 regionum
622 2865 719 2893 iinibus
746 2866 872 2894 ordinare
887 2873 936 2901 pro
951 2867 1028 2894 iuno-
1055 2902 1062 2909 Ι

1087 1627 1184 1662 ἀγωγὴ
1201 1628 1377 1663 προσήκουσα
1403 1629 1494 1664 σεπτῷ
1520 1630 1597 1664 οἴκῳ,
1628 1630 1681 1656 εἴτε
1703 1633 1868 1668 προσωπικὴ

1087 1673 1142 1700 εἴτε
1162 1673 1333 1709 ὑποθηκαρία
1351 1675 1432 1710 ὲφτὶν,
1453 1676 1501 1712 οὺχ
1517 1676 1676 1711 ὑπερϐαίνει
1701 1677 1735 1704 τὰ
1765 1686 1868 1704 τεσσα-

1088 1720 1206 1755 ράκοντα
1228 1720 1285 1756 ἐτη,
1302 1721 1356 1747 τῶν
1365 1722 1541 1756 ἀρμοζουσῶν
1552 1723 1658 1758 ἑκάστῳ
1674 1723 1741 1758 οἴκῳ
1755 1724 1869 1760 τοιούτῳ

1086 1766 1180 1800 εὐαγεί
1204 1767 1378 1803 προσκαίρων
1393 1767 1592 1803 παραγραφῶν,
1603 1769 1792 1803 φυλαττουσῶν
1805 1772 1869 1805 μέν-

1086 1819 1160 1846 τοιγε
1175 1812 1237 1843 τοὺς
1252 1812 1367 1843 οἰκείους
1380 1812 1491 1847 χρόνους
1501 1821 1508 1829 ·
1523 1812 1578 1839 καὶ·
1593 1814 1638 1840 τὸν
1659 1813 1760 1847 ἔξωθεν
1781 1816 1865 1842 αὐτοῦ

1079 1857 1198 1890 ,παλαιὸν
1226 1857 1297 1884 οὕτω
1319 1858 1432 1892 λέγοντα
1443 1866 1451 1873 ·
1468 1858 1567 1894 Ἠμὲν
1582 1860 1707 1896 παροῦσα
1721 1863 1804 1897 νεαρὰ
1811 1858 1868 1890 διάη

1085 1903 1162 1935 ταξις
1183 1904 1255 1931 κατὰ
1284 1903 1395 1936 ἰδιωτῶν
1431 1905 1591 1938 ὲναγούσαις
1619 1908 1679 1938 ταῖς
1707 1908 1868 1943 ἐκκλησίαις

1085 1950 1134 1985 τὴν
1166 1950 1442 1985 τεσσαρακονταετίαν
1473 1951 1607 1984 ὑφαπλοῖ·
1633 1953 1648 1979 ό
1673 1953 1701 1979 δὲ
1718 1952 1750 1986 ιζ’
1776 1955 1868 1981 κανὼν

1086 1995 1136 2030 τῆς
1150 1996 1178 2021 ἐν
1201 1996 1353 2030 Χαλκηδόνι
1386 1996 1495 2023 συνόδου
1523 1997 1648 2032 κείμενος
1659 1999 1687 2025 ὲν
1701 1999 1740 2034 τῷ
1766 1999 1788 2026 ε’
1803 2009 1866 2036 κειρ.
1907 2000 1910 2002 ’

1083 2041 1131 2067 τοῦ
1147 2044 1171 2067 α’
1184 2041 1273 2067 τίτλον
1287 2041 1334 2068 τοῦ
1347 2041 1534 2076 Νομοκὼιονος
1548 2045 1608 2075 ταῖς
1617 2044 1779 2080 ἐκκλησίαις
1791 2050 1865 2073 κατὰ

1085 2085 1238 2120 ἐκκλησιῶν
1254 2087 1413 2120 ὲναγούσαις
1438 2089 1659 2122 τριακονταετίαν
1684 2089 1788 2117 δίδωσι.
1817 2091 1865 2125 Μὴ

1085 2132 1227 2167 θαυμάσῃς
1252 2133 1280 2159 δὲ
1304 2133 1398 2160 τοῦτο·
1422 2134 1476 2160 ἀπὸ
1503 2134 1557 2170 γὰρ
1583 2134 1632 2170 τῆς
1659 2135 1786 2172 τοιαύτης
1810 2143 1864 2172 ρια¹

1085 2178 1197 2213 νεαρᾶς,
1213 2180 1264 2206 καὶ
1274 2178 1328 2206 ἀπὸ
1350 2178 1374 2212 γ’
1387 2187 1450 2212 καφ.
1464 2178 1511 2205 τοῦ
1525 2183 1551 2214 γ’
1561 2180 1651 2207 τίτλον
1664 2181 1713 2208 τοῦ
1725 2182 1747 2208 ε’
1760 2182 1864 2217 βιϐλίου

1084 2223 1145 2259 ἦτοι
1160 2224 1209 2258 τῆς
1226 2222 1283 2259 ρλα¹
1305 2225 1403 2258 νεαρᾶς
1428 2225 1474 2251 καὶ
1490 2224 1582 2259 ἕτερον
1598 2226 1743 2261 προνόμιον
1772 2228 1802 2253 al
1820 2229 1865 2254 ἑκ-

1086 2269 1193 2304 κλησίαι
1216 2268 1332 2305 ἔχουσιν.
1353 2269 1422 2305 Φησὶ
1435 2270 1528 2305 γὰρτὸ
1545 2270 1663 2298 τοιοῦτον
1684 2280 1765 2306 κεφ.’
1789 2274 1866 2300 Ἀντὶ

1079 2314 1112 2340 δὲ
1126 2315 1238 2349 χρονίων
1251 2315 1438 2350 παραγραφῶν
1448 2316 1514 2342 δέκα
1530 2318 1576 2342 καὶ
1591 2316 1688 2348 εἰκοσι.
1701 2320 1765 2347 ,καὶ
1785 2321 1864 2353 τριέ-

1078 2368 1166 2386 -κοντα
1176 2361 1305 2387 ἐνιαυτῶν
1314 2362 1374 2392 ταῖς
1382 2361 1476 2394 ἁγίαις
1486 2361 1644 2396 ἐκκλησίαις
1652 2362 1762 2394 καὶτοῖς
1770 2363 1864 2395 ἄλλοις

1084 2405 1170 2432 ἅπασι
1183 2406 1340 2440 σεῦασμίοις
1355 2407 1448 2437 τόποις
1465 2407 1549 2442 μόνην
1561 2407 1610 2442 τὴν
1624 2408 1679 2435 τῶν
1691 2411 1718 2443 μ’
1730 2409 1864 2436 ἐνιαυτῶν

1084 2452 1270 2487 παραγραφὴν
1295 2451 1478 2478 ἁντιτίθεσθαι
1509 2454 1724 2488 προστάττομεν.
1759 2453 1863 2481 Τούτου

1083 2499 1167 2525 αὑτοῦ
1192 2499 1393 2534 φυλαττομένου
1423 2501 1470 2525 καὶ
1496 2500 1542 2526 ἐπὶ
1569 2501 1603 2535 τῇ
1630 2501 1780 2535 ἀπαιτήσει
1806 2501 1862 2528 τῶν

1082 2545 1220 2579 ληγὰτων,
1250 2546 1296 2571 καὶ
1316 2545 1369 2571 τῶν
1385 2545 1572 2580 κληρονομιῶν
1601 2547 1690 2573 αὐτῶν
1721 2548 1762 2578 είς
1782 2547 1864 2574 εὐσε-

1083 2591 1139 2622 6εἰς
1151 2591 1241 2622 αἰτίας
1256 2591 1522 2626 καταλελειμμένων.
1539 2591 1619 2618 Ὥστε
1644 2592 1671 2619 αἱ
1684 2593 1732 2628 μὲν
1760 2593 1861 2628 ἐκκλη-

1084 2637 1155 2670 σίαι,
1183 2637 1219 2672 μὴ
1237 2637 1419 2670 καταιὺαγῶν
1432 2637 1512 2668 οἴκων
1535 2638 1691 2672 ὲνάγουσαι,
1714 2639 1759 2666 διὰ
1774 2642 1863 2675 μόνης

1081 2683 1131 2717 τῆς
1159 2684 1435 2718 τεσσαρακονταετίας
1461 2683 1663 2710 ἀποκλείονται·
1693 2685 1718 2710 οἱ
1739 2684 1768 2711 δὶ
1791 2686 1862 2712 κατὰ

1081 2729 1183 2756 τούτων
1202 2729 1343 2763 ἐνάγοντες
1369 2728 1412 2754 διά
1437 2729 1491 2754 τῶν
1523 2730 1645 2764 νομίμων
1669 2732 1861 2766 παραγραφῶν

1082 2775 1133 2801 ὑπὸ
1142 2774 1195 2800 τῶν
1211 2775 1361 2809 ἐκκλησιῶν
1375 2774 1549 2806 ἐξωθοῦνιαι.
1558 2776 1642 2802 Ὅταν
1654 2776 1745 2810 μέντοι
1761 2777 1862 2810 ἐκκλη-

1082 2821 1137 2848 σίαι
1162 2821 1222 2848 κατ’
1233 2821 1356 2855 ἀλλήλων
1373 2822 1501 2855 ἑνάγωσι,
1518 2821 1605 2856 τὸτῆς
1623 2830 1861 2857 τεσσαρακονταε-

1080 2865 1139 2898 τίας
1154 2866 1204 2892 οὐκ
1228 2866 1317 2901 έχουσι
1331 2865 1484 2902 προνόμιον,
1497 2866 1564 2893 ἀλλὰ
1575 2867 1630 2899 τοῖς
1648 2869 1748 2899 κοινοῖς
1763 2868 1859 2902 νόμοις
