1942 3108
97 153 144 184 481

613 145 654 176 1N
673 144 745 176 CAN
780 142 889 175 XXVII
910 142 1016 173 CONC.
1036 142 1219 173 CllALCED.

1676 143 1731 175 482

133 208 231 236 ΒΔΔΣ.
250 208 280 234 '0
297 206 394 242 παρὼν
415 204 506 232 κανὼν
534 203 584 230 καὶ
621 203 637 229 6
656 201 697 237 λβ¹
720 202 770 237 τῆς
796 201 825 227 ὲν
848 200 887 234 τῷ

973 196 1070 225 BALS.
1100 197 1224 226 Praesens
1253 206 1351 230 canon,
1383 203 1408 225 et
1435 198 1471 225 52
1495 205 1581 225 canon
1609 206 1671 234 syu.
1703 201 1728 226 in

97 255 226 290 Τρούλλῳ
242 254 352 281 συνόδου
366 251 590 287 ἀπαραλλάκτως
602 250 708 285 Ξχουσι,
732 246 887 284 διοριζόμε-

97 311 138 328 νοι
154 302 216 332 τοὺς
232 300 405 336 ἁρπάζοντας
417 298 560 331 γυναῖκας,
574 296 591 331 ἢ
613 295 853 330 συμπράττοντας,
870 294 886 329 ἢ

98 345 313 380 συναιρομένους
324 346 380 374 τοῖς
392 342 559 378 ἁρπάζουσι,
572 341 722 377 κληρικοὺς
733 340 782 375 μὲν
797 340 887 371 δντας,

98 391 304 426 καθαιρεῖσθαι,
318 390 429 421 λαϊκοὶις
458 389 486 415 δὲ
514 387 776 422 ἁναθεματίζεσϐαι.
812 387 889 413 Ἀνά-

98 439 183 471 γνωῦι
197 437 244 464 καὶ
262 436 354 462 τετλου
385 435 407 461 θ’
417 434 463 461 τοῦ
479 435 611 469 παρόντος
627 433 815 466 συντάγματος
843 439 889 456 κε-

98 481 163 515 φάλ.
186 482 208 507 λ’
236 481 284 507 καὶ
306 481 340 507 τὰ
367 481 396 506 ὲν
424 479 514 512 αὐτῷ’
545 477 677 509 ὡσαύτως
714 477 761 503 καὶ
787 476 832 502 τὸν
850 475 888 507 ξζ’

97 527 280 554 ἁποστολικὺν
296 526 407 553 κανόνα.
429 525 536 552 Ἐκεῖσε
549 524 604 559 γὰρ
633 523 804 558 πλατύτερον
835 522 888 549 ὶδι-

97 575 223 609 δὰξαμεν
241 573 299 604 πῶς
315 572 478 608 τιμωρεῖται
494 572 508 597 6
522 570 624 606 ἅρπαξ,
641 570 690 596 καὶ
707 569 765 600 πῶς
790 570 804 595 6
828 567 888 604 βιαν

97 619 268 656 πεποιηκώς.
283 618 405 651 Ἴσωςδέ
421 627 463 648 τις
488 618 555 652 ipsi,
581 617 630 644 καὶ
659 615 720 647 πῶς
748 615 848 651 όμοεως
873 614 888 640 6

98 667 241 700 ἁρπάζων,
255 667 305 693 καὶ
321 666 334 692 ὁ
349 665 547 700 συμπράττων,
580 663 629 691 καὶ
654 663 668 689 6
683 662 886 697 συναιρόμενος,

97 711 260 743 κολάζονται
277 719 285 743 ;
303 708 369 736 Εῐπε
391 707 437 736 οὖν
453 709 494 736 ὅτι
517 707 565 734 καὶ
578 707 640 739 τοὺς
660 706 887 742 συμπράττοντας

97 758 225 789 καὶτοὺς
245 757 457 791 συναιρομένους
472 755 521 790 οὐχ
542 751 623 790 ἦττον
644 752 692 780 τοῦ
714 752 888 788 ἁρπάσαντος

99 802 406 838 μυσαττεταιὸκανών.
438 801 470 828 '0
502 800 551 836 μὲν
579 800 635 834 γὰρ
669 799 801 834 ἁρπάζων
830 798 887 831 ἔχει

97 851 145 876 τοι
163 849 284 883 ἄθεσμον
296 848 387 883 ἔρωτα
403 847 552 883 πρόφασιν,
573 847 599 872 οι
610 847 638 872 δὲ
662 845 762 876 κακίας
802 845 887 879 μόνης
904 872 923 898 Β

97 897 146 922 καὶ
160 895 254 922 ἀδίκου
288 893 509 930 κατηγοροῦνται
541 892 710 927 προθέσεως,
737 900 888 927 καταστρε-

98 941 204 977 φούσης
214 942 264 976 τὴν
274 942 323 976 τῆς
337 941 442 972 πόλεως
456 939 640 974 κοσμιότητα.
659 939 737 965 Ἐστι
760 938 789 965 δὲ
820 946 888 972 συμο

97 989 227 1022 πράττων
243 988 257 1013 ὁ
272 986 475 1021 πραγματικῶς
490 986 542 1019 τὴν
570 985 701 1021 ἁρπαγὴν
728 984 889 1019 καταρτὺων

99 1033 149 1060 σὺν
163 1033 204 1068 τῷ
213 1033 366 1067 ἀρπάζοντι
381 1041 388 1048 θ
405 1032 600 1068 συναιρόμενος
615 1031 642 1058 δὲ
653 1032 667 1057 6
685 1030 730 1058 διὰ
771 1030 890 1064 συμϐου-

97 1078 150 1113 λῆς
167 1079 183 1113 ἢ
206 1079 255 1104 καὶ
281 1079 442 1113 ἐπικουρίας
458 1078 542 1111 ἄλλης
563 1077 718 1111 συντρέχων
736 1076 776 1111 τῷ
795 1076 889 1110 πλημ-

100 1123 262 1158 μελήσαντι.
292 1122 373 1156 Ζήτει
398 1122 446 1148 καὶ
472 1121 509 1147 λε’
538 1121 649 1155 Νεαρὰν
679 1120 726 1147 τοῦ
756 1120 890 1154 βασιλέως

100 1169 186 1204 κυροῦ
204 1169 318 1200 Λέοντος
332 1167 381 1195 τοῦ
397 1168 548 1202 Φιλοσόφου
566 1165 742 1202 τιμωροῦσαν
757 1166 803 1192 τὸν
819 1165 890 1200 μετὰ

100 1214 231 1250 ἁρπαγῆς
250 1213 417 1249 βιασάμενον
433 1214 519 1249 κόρην
534 1213 565 1240 οὺ
584 1213 665 1248 μόνον
691 1212 736 1239 διὰ
761 1211 891 1247 πραγμά-

99 1268 156 1287 των
168 1260 351 1295 ἀφαιρέσεως,
365 1260 434 1287 ἀλλὰ
452 1259 500 1287 καὶ
516 1259 561 1286 διὰ
588 1259 748 1294 σωματικῆς
774 1258 869 1293 ποινῆς
881 1265 889 1274 ’

100 1306 232 1337 ὡσαύτως
247 1306 292 1333 καὶ
310 1307 374 1338 τοὺς
400 1306 613 1340 συναιρομένους
628 1306 722 1336 αὐτοῖς
736 1313 743 1320 ·
758 1305 805 1331 καὶ
832 1305 890 1331 δια-

100 1351 296 1386 λαμὸάνουσαν
306 1352 395 1383 ἄλλως
407 1351 590 1386 τιμωρεῖσθαι
605 1351 668 1382 τοὺς
701 1351 812 1378 ἔνοπλον
837 1351 890 1385 ἀρ·-

102 1398 195 1433 παγὴν
206 1398 426 1432 πονησαμένους,
454 1399 502 1425 καὶ
524 1397 612 1429 ἄλλως
645 1397 709 1428 τοὺς
738 1397 775 1432 μὴ
803 1396 890 1428 οὕτως

101 1444 337 1478 ἁτακτήσαντας·
361 1443 554 1479 τιμωρεῖσθαι
582 1444 611 1470 δὲ
634 1444 682 1470 καὶ
708 1445 754 1469 τὸν
781 1442 891 1478 πατέρα

101 1490 149 1516 ἐὰν
159 1489 343 1523 καταδέξηται
357 1490 389 1516 τὸ
400 1490 522 1523 γεγονός.

941 245 1024 272 Trull.
1042 245 1136 273 eodem
1151 245 1262 271 omnino
1286 244 1366 272 modo
1381 252 1411 271 se
1427 245 1536 276 habent,
1555 245 1728 277 dellnicntcs,

939 300 987 320 eos
1013 292 1058 326 qui
1087 291 1214 318 mulieres
1239 291 1359 325 rapiunt,
1386 292 1429 319 vel
1455 292 1623 325 rapientibus
1647 300 1725 325 opem

940 338 1039 370 ferunt,
1066 337 1108 364 vel
1136 337 1328 370 consentiunt,
1357 337 1380 363 si
1406 338 1461 364 sint
1487 338 1596 372 quidem
1626 338 1728 369 cli-rc,

939 383 1132 418 deponendos:
1150 383 1234 409 laicos
1247 387 1338 410 autem
1352 382 1633 411 anatheinatizattdos.
1660 383 1728 418 Lt-ge

940 435 966 456 et
984 430 1026 456 tit.
1040 430 1056 458 9
1072 430 1214 464 pressantis
1228 429 1329 463 operis,
1348 436 1407 463 cap.
1423 429 1457 456 50
1481 434 1505 455 et
1524 436 1583 463 quae
1599 430 1634 456 ibi
1654 436 1727 458 sunt.

941 475 1070 502 Similiter
1095 479 1122 502 el
1147 474 1181 502 67
1206 475 1380 509 apostolicum
1403 483 1544 502 canonem.
1581 476 1636 503 lllic
1653 477 1725 504 enim

939 521 1026 548 fusius
1041 521 1193 554 docuimus,
1218 522 1352 555 quomodo
1370 523 1479 555 punitur
1494 526 1594 556 raptor,
1617 528 1643 549 et
1661 532 1715 558 quo

941 571 1019 597 modo
1031 570 1077 605 qui
1091 570 1142 597 vim
1153 569 1251 597 attulit.
1275 569 1350 597 Dicet
1358 573 1446 597 autent
1456 570 1570 598 lortasse
1579 573 1726 607 quispiam,

939 620 966 643 et
981 615 1117 650 quomodo
1132 616 1258 643 similiter
1276 616 1321 650 qui
1341 617 1418 650 rapit,
1444 621 1472 644 et
1492 617 1537 652 qui
1561 617 1613 645 fert
1638 626 1728 653 opem.

938 664 965 686 et
985 659 1030 693 qni
1049 659 1195 691 consentit,
1225 659 1395 693 puniuntur?
1431 661 1476 688 Dic
1495 662 1587 696 igitur,
1613 665 1682 697 quod
1702 669 1729 691 ct

939 713 986 733 eos
1000 706 1046 740 qni
1064 712 1141 739 opem
1154 704 1255 737 ferunt,
1270 709 1297 732 et
1310 706 1355 740 qui
1373 707 1555 740 consentiunt,
1572 716 1624 735 non
1639 709 1729 737 minus

938 759 1019 786 quam
1044 759 1105 778 eum
1134 750 1180 786 qui
1213 751 1313 784 rapuit,
1341 757 1482 779 aversatur
1508 757 1534 780 et
1561 755 1623 781 odio
1649 747 1729 782 habet

939 804 1036 824 canon.
1072 796 1121 829 Qui
1145 796 1218 823 enim
1244 797 1341 830 rapuit,
1364 797 1496 824 nefarium
1522 806 1642 826 amorem
1660 809 1728 835 prtu-

940 849 1042 871 textttm
1070 843 1160 870 habet.
1212 842 1249 870 Illi
1276 851 1353 876 vero,
1383 844 1468 871 solitis
1493 845 1675 878 improbitatis
1702 852 1730 874 et

939 890 1024 925 iniqui
1042 890 1173 925 propositi
1195 894 1369 922 accusantur,
1396 891 1466 924 quod
1486 889 1595 925 quidem
1611 891 1729 919 civitatis

941 938 1110 965 honestatem
1128 945 1161 965 ac
1176 938 1259 965 decus
1275 938 1384 964 evertit.
1412 939 1438 966 is
1452 943 1542 965 autent
1561 947 1641 974 opem
1659 940 1730 967 ferre

940 984 1048 1017 dicitur,
1066 984 1110 1019 qtti
1126 984 1199 1011 facto
1214 985 1281 1018 ipso,
1308 991 1369 1010 cttm
1391 991 1424 1011 eo
1447 985 1493 1019 qui
1517 985 1596 1019 rapit,
1622 990 1727 1019 raptum

940 1029 1022 1057 struit
1051 1036 1082 1056 :tc
1110 1029 1228 1055 molitur.
1272 1028 1452 1056 Cousetttiens
1478 1034 1579 1062 autem,
1610 1032 1655 1065 qui
1683 1039 1730 1065 per

940 1074 1096 1106 consilium,
1121 1074 1162 1101 vel
1185 1074 1255 1100 aliud
1281 1075 1361 1100 etiam
1378 1075 1507 1101 auxilium
1531 1083 1592 1102 cum
1618 1083 1661 1108 eo,
1684 1078 1729 1110 qui

941 1126 1080 1157 peccatum
1107 1121 1224 1152 admisit,
1251 1121 1400 1148 concurrit.
1437 1121 1532 1154 Quaere
1557 1127 1583 1149 et
1601 1122 1636 1149 55
1664 1123 1730 1157 imp.

940 1166 1042 1193 dotnini
1067 1165 1167 1193 Leonis
1202 1165 1356 1200 Philosophi
1390 1165 1539 1200 Non-llam,
1577 1168 1730 1202 pnnientcm

939 1218 1012 1242 eum.
1042 1211 1086 1246 qui
1113 1219 1164 1238 tttta
1189 1218 1250 1237 cum
1278 1216 1352 1244 raptu
1378 1212 1473 1246 puellas
1488 1213 1540 1239 viui
1557 1214 1659 1248 attulit,
1678 1223 1730 1242 non

942 1255 1030 1283 solum
1055 1262 1103 1290 per
1131 1262 1221 1282 rerutn
1251 1255 1471 1290 publicationem,
1501 1258 1547 1284 sed
1575 1259 1657 1285 etiam
1685 1267 1732 1294 per

941 1306 1050 1335 penam
1072 1301 1257 1335 corporalem;
1283 1302 1409 1329 similiter
1431 1309 1458 1329 et
1484 1311 1530 1330 eos
1551 1305 1596 1338 qui
1613 1305 1648 1331 illi
1667 1313 1732 1332 ron-

941 1354 1103 1376 scnserunt:
1129 1353 1157 1377 et
1181 1354 1353 1383 tractantur»,
1382 1351 1461 1378 aliter
1478 1352 1566 1385 puniri
1581 1360 1628 1380 eos
1641 1354 1687 1388 qui
1705 1354 1730 1381 vi

941 1398 1044 1421 armata
1073 1401 1230 1430 rapuerunt,
1259 1401 1287 1423 et
1313 1397 1392 1424 aliter
1417 1405 1464 1424 eos
1486 1398 1532 1433 qui
1556 1407 1609 1426 non
1638 1400 1677 1427 sic
1702 1408 1732 1428 se

942 1439 1063 1474 improbe
1076 1445 1234 1475 gesserunt;
1259 1443 1346 1476 puniri
1366 1449 1454 1470 nutent
1470 1444 1551 1471 etiam
1570 1449 1598 1472 et
1614 1449 1729 1479 patrem,

941 1486 964 1513 si
979 1485 1078 1513 factunt
1092 1487 1293 1521 approbaverit.

137 1535 328 1562 ZQNAP.Kal
347 1536 372 1561 οἱ
401 1536 537 1562 πολιτικοὶ
565 1535 644 1570 νόμοι
679 1535 802 1570 σφοδρῶς
826 1535 889 1567 τοὺς

977 1532 1102 1560 ZONAR.
1139 1533 1173 1560 Et
1189 1533 1276 1568 legunt
1298 1533 1415 1560 civilium
1433 1534 1547 1562 decretis
1565 1535 1591 1562 in
1607 1540 1731 1569 raptores

102 1581 229 1615 ἅρπαγας
245 1581 384 1614 γυναικῶν
403 1581 558 1613 κολάζουσι,
575 1583 622 1608 καὶ
637 1582 697 1608 οὐδὲ
714 1583 755 1613 ei;
772 1582 890 1616 γυναῖκα

103 1625 303 1660 συζεύγνυσθαι
336 1626 387 1661 τὴν
421 1627 597 1663 ἁρπαγεῖσαν
635 1627 808 1663 συγχωροῦσι
850 1627 890 1662 τῷ

101 1671 218 1707 Epit-avi,
233 1672 287 1699 κᾶν
312 1673 327 1699 6
342 1673 446 1707 ταύτης
471 1674 563 1708 πατὴρ
598 1675 712 1708 συναινῇ
739 1673 890 1708 συγχωρῶν

101 1717 133 1742 τὸ
144 1717 293 1751 ἐγκλημα-
325 1717 373 1743 καὶ
403 1718 426 1744 οἱ
457 1719 571 1748 κανόνες
599 1717 630 1744 δὲ
652 1717 798 1750 κολάζουσι
829 1718 889 1749 τοὺς

102 1763 250 1794 τοιούτους.
268 1762 353 1795 Οὗτος
367 1763 395 1790 δὲ
409 1764 423 1790 ό
438 1763 530 1790 κανὼν
544 1764 710 1799 δριμύτερον
734 1764 789 1790 τῶν
802 1763 890 1790 ἄλλων

103 1809 283 1843 ἐπεξέρχεται
297 1810 359 1840 τοὺς
375 1809 504 1844 ἁρπαγὴν
516 1809 753 1844 πλημμελοῦντας,
761 1810 824 1840 τοὺς
841 1809 891 1843 μὲν

103 1856 222 1890 κληροὺς
238 1854 392 1889 καθαιρῶν,
409 1855 473 1886 τοὺς
488 1854 516 1880 δὲ
536 1855 645 1885 λαῖκοὺς
667 1854 890 1890 ἀναθεματίζων.

103 1901 159 1927 Καὶ
179 1900 208 1926 οὺ
223 1901 304 1934 μόνον
314 1901 376 1931 τοὺς
386 1899 560 1934 ἁρπάζοντας
575 1902 748 1935 τιμωρεῖται,
759 1900 828 1927 ἀλλὰ
843 1900 891 1926 xui.

101 1946 166 1976 τιὺς
184 1946 412 1980 συμπράττοντας
425 1945 442 1980 ἢ
455 1945 667 1980 συναιρομένους
680 1946 733 1971 ὑπὸ
743 1946 792 1977 τὰς
806 1946 892 1977 αὑτὰς

103 1993 221 2019 ποιεῖται
234 1992 369 2023 κολάσεις,
385 1992 432 2018 καὶ
443 1991 604 2023 εἰκότως.⁹υ
616 1992 664 2026 μὲν
678 1992 732 2027 γὰρ
743 1992 831 2027 ἑαυτῷ
844 1992 892 2026 ἁρ-

101 2037 197 2069 πάζων
207 2038 323 2070 γυναῖκα
332 2037 388 2071 ἔχει
399 2037 444 2064 τὸν
452 2037 541 2072 ἔρωτα
549 2037 617 2072 πρὸς
626 2037 676 2072 τὴν
685 2038 811 2071 ἀθέμιτον
823 2038 892 2072 πρᾶ-

103 2083 144 2115 ξιν
159 2083 239 2109 αὐτὸν
256 2082 417 2117 βιαζόμενον
435 2091 443 2098 ·
454 2083 467 2109 6
479 2083 507 2108 δὲ
525 2084 711 2117 συμπράττων
728 2083 744 2117 ἧ
765 2084 891 2118 συναιρόι

104 2137 184 2162 μενος
201 2128 302 2163 μᾶλλον
315 2129 348 2154 ἂν
365 2128 408 2162 εῐη
420 2128 623 2161 ἁσύγγνωστος,
639 2129 721 2163 μηδὲν
737 2130 807 2164 ἒχων
823 2130 891 2164 πρὸς

102 2174 154 2209 τὴν
169 2173 311 2207 ἐξάγιστον
322 2173 422 2208 πρᾶξιν
436 2173 598 2201 συνελαὺνον
608 2174 713 2209 αὐτὸνῆ
726 2175 775 2210 τὴν
785 2175 890 2202 οἰκείαν

103 2221 216 2250 κακίαν,
237 2219 271 2246 δι’
289 2219 322 2254 ἢν
338 2219 422 2254 μόνην
447 2220 591 2254 συντρέχει
624 2220 663 2254 τῷ
686 2221 735 2255 τὴν
761 2222 890 2256 ἁρπαγὴν

104 2266 293 2300 ἁμαρτάνοντι
309 2273 315 2280 ·
364 2264 594 2300 συμπράττοντας
635 2266 663 2292 δὲ
691 2267 800 2302 νοητέον
827 2268 890 2298 τοὺς

105 2311 305 2346 συνεργοῦντας
333 2310 379 2336 ἐπὶ
394 2311 428 2346 τῇ
456 2310 567 2346 ἁρπαγῇ
583 2318 592 2327 σ
623 2312 834 2347 συναιρομένους
861 2312 890 2339 6's

104 2358 168 2387 τοὺς
213 2357 250 2391 μὴ
273 2355 347 2391 ἔργῳ
375 2355 630 2392 συμὸοηθήσοντας,
676 2357 833 2394 συμσουλὴν
860 2358 890 2385 δὲ

103 2404 153 2431 καὶ
168 2403 223 2438 (56)
242 2403 360 2438 σπουδὴν
368 2403 577 2436 εἰσαγαγόντας,
592 2405 640 2430 καὶ
662 2403 750 2436 οὕτως
777 2405 888 2431 ἐπικου-

104 2449 243 2484 ρήσαντας
283 2447 332 2476 καὶ
376 2447 610 2483 ἁντιλαόομὲνους
650 2449 705 2477 τῶν
755 2450 889 2486 πλημμε-

104 2495 235 2522 λούντων.

104 2539 217 2567 ΛΡΙΣΤ.
240 2541 390 2574 Κληρικὸς
418 2538 556 2574 ἁρπάξων
584 2541 721 2576 γυναῖκα,
743 2542 892 2575 ἀνεκκλη-

140 2585 269 2619 σίαστος
280 2593 289 2602 ο
301 2588 317 2613 d
337 2585 372 2612 ce
387 2588 492 2621 λαΐνεος
519 2588 597 2615 ἔστω
631 2587 763 2622 ἀνάθεμα
779 2596 787 2604 ο
818 2588 893 2614 κατὰ

139 2631 227 2659 τοῦτο
237 2631 286 2659 καὶ
303 2634 319 2659 ὀ
333 2633 558 2667 συναψάμενος.

940 1578 1082 1605 mulierum
1095 1579 1346 1613 graves-admodum
1362 1587 1448 1613 pinna:
1458 1581 1624 1615 constitutae,
1641 1582 1731 1608 vetitis

940 1623 1033 1656 etiam,
1044 1625 1170 1659 quamvis
1182 1632 1229 1651 eas
1241 1625 1390 1651 ollensione
1401 1626 1512 1653 dimissa
1530 1626 1642 1661 virginis
1655 1632 1731 1662 pater

941 1671 1082 1704 approbet,
1111 1670 1227 1705 raptoris
1242 1678 1302 1698 cum
1329 1676 1403 1706 raptu
1420 1672 1532 1699 muliere
1547 1673 1648 1706 nuptiis
1670 1681 1678 1700 :
1703 1678 1730 1700 et

941 1723 1072 1743 canonem
1100 1724 1208 1751 quoque
1229 1718 1431 1749 unctionibus,
1457 1725 1492 1745 ne
1517 1718 1677 1753 impunitum
1703 1719 1731 1746 id

941 1762 1047 1790 facinus
1063 1763 1271 1797 relinqueretur,
1288 1763 1434 1796 provisum.
1455 1762 1554 1790 Verum
1576 1764 1619 1792 hic
1641 1772 1730 1792 canon

942 1809 1003 1836 aliis
1028 1810 1150 1836 severius
1186 1809 1212 1835 iu
1239 1815 1363 1843 raptores
1387 1809 1588 1842 animadvertit,
1615 1810 1731 1838 clericos

941 1855 1049 1888 quidem
1063 1855 1209 1888 deponens,
1235 1855 1261 1882 iit
1287 1856 1373 1882 laicos
1387 1863 1452 1882 vero
1468 1856 1611 1883 anathema
1625 1857 1730 1884 denun-

942 1900 1022 1927 tians.
1062 1899 1118 1927 Nec
1131 1900 1218 1927 solum
1234 1900 1334 1935 rapinae
1349 1905 1485 1932 auctores,
1511 1903 1558 1928 sed
1581 1909 1627 1929 eos
1650 1902 1730 1929 etiam

941 1945 986 1980 qni
1003 1953 1081 1980 opem
1096 1947 1185 1973 ferunt
1199 1947 1239 1973 vel
1260 1947 1431 1973 consentiunt
1453 1947 1547 1974 iisdem
1565 1949 1651 1982 pinnis
1667 1949 1732 1974 sub-

939 1991 1011 2027 jicit.
1045 1991 1138 2025 Neque
1171 1993 1196 2019 id
1213 1993 1325 2026 quidem
1354 1992 1462 2026 injuria.
1500 1992 1550 2025 Qui
1572 1993 1671 2019 etenim
1697 2001 1729 2020 ex

941 2040 1020 2070 raptu
1050 2036 1101 2063 sibi
1123 2043 1232 2063 uxorem
1262 2037 1446 2071 cumparuvit,
1480 2039 1512 2064 ad
1537 2037 1639 2065 facinus
1664 2038 1729 2065 illud

941 2079 1147 2114 perpelrandum
1171 2079 1348 2114 impellentem
1375 2088 1406 2107 se
1430 2088 1549 2109 antorem
1574 2089 1623 2116 pro
1646 2090 1730 2109 excu-

941 2126 1046 2153 satione
1070 2125 1160 2157 habet,
1184 2125 1228 2159 qui
1253 2132 1318 2152 vero
1344 2133 1421 2160 opem
1446 2119 1560 2153 fert'aut
1583 2128 1729 2160 consentit,

942 2179 1003 2198 cum
1025 2170 1091 2198 nihil
1108 2171 1143 2197 sit
1159 2170 1230 2204 quod
1249 2170 1282 2198 ad
1298 2171 1491 2205 nequissimam
1515 2173 1648 2199 actionem
1661 2172 1730 2200 inci-

944 2221 1001 2242 tare
1023 2216 1097 2243 illttm
1121 2220 1247 2251 poterat,
1275 2222 1374 2251 praeter
1399 2217 1534 2252 propriam
1557 2209 1729 2252 pravitatem,

943 2269 991 2297 per
1003 2270 1083 2297 qttam
1097 2263 1180 2290 solam
1203 2272 1263 2291 cum
1279 2269 1387 2299 raptore
1401 2265 1526 2292 convenit
1539 2265 1731 2300 concurritque

942 2309 1020 2335 venia
1033 2309 1118 2342 magis
1131 2309 1257 2345 indignus
1266 2314 1318 2338 est.
1333 2311 1371 2338 Ac
1381 2310 1516 2346 adjutores
1528 2311 1635 2346 quidem
1652 2311 1731 2339 intel-

943 2354 1061 2389 ligimus,
1067 2355 1112 2390 qui
1121 2356 1154 2383 ad
1160 2355 1248 2383 scelus
1256 2357 1416 2391 patrandqu
1423 2363 1532 2391 operam
1542 2362 1623 2384 suam
1627 2356 1730 2393 raptori

944 2402 1165 2428 commodarum:
1177 2403 1331 2429 consentire
1346 2409 1409 2429 vero
1421 2410 1467 2429 eos
1477 2402 1603 2434 dicimus,
1615 2409 1730 2436 quorum

944 2453 1042 2473 manus
1058 2447 1166 2480 quidem
1189 2453 1203 2473 ι
1221 2447 1325 2475 scelere
1342 2446 1440 2480 abfuit,
1455 2447 1567 2475 consilio
1583 2451 1673 2474 tamen
1698 2454 1732 2473 ac

943 2490 1034 2517 studio
1051 2490 1267 2524 delinquentibus
1288 2492 1425 2526 suppetias
1446 2499 1479 2519 ac
1501 2499 1579 2526 opem
1599 2493 1729 2518 tulerunt.

943 2535 1055 2563 ARIST.
1083 2535 1199 2563 Clericus
1215 2537 1350 2564 mulierem
1365 2539 1470 2572 rapiens
1485 2538 1597 2565 ecclesia
1614 2537 1730 2571 expella-

980 2587 1039 2609 tur:
1065 2582 1147 2608 (αἰτίη
1162 2587 1259 2615 autem,
1275 2584 1309 2610 si!
1321 2585 1481 2616 anathema;
1504 2589 1532 2610 ut
1546 2588 1570 2611 et
1584 2584 1730 2618 quicunque

980 2629 1022 2656 iui
1038 2628 1189 2662 opitulatur.

716 2724 811 2755 Guill.
834 2723 997 2762 Beveregii
1012 2726 1105 2754 notae.

140 2821 198 2853 (56l
214 2820 392 2853 Συμόουλὴν
407 2819 441 2846 δὲ
458 2820 520 2847 καί.
545 2818 628 2851 Ηιοο,
657 2826 742 2852 usque
766 2819 798 2845 ad
829 2820 889 2845 ἑπι-

103 2856 293 2891 κουρήσαντας
318 2856 459 2888 inclusive,
488 2856 515 2882 iit
544 2855 638 2882 codice
670 2854 889 2881 Atuerbachiano

943 2819 1140 2845 desiderantur.
1167 2817 1220 2844 Sed
1247 2815 1418 2850 sensusloci
1448 2814 1507 2841 sine
1530 2814 1584 2841 illis
1607 2814 1727 2850 pessime

944 2853 1131 2884 confunditur,
1149 2853 1189 2879 vel
1205 2851 1297 2886 potius
1314 2849 1527 2884 nullusomnino
1543 2854 1597 2878 est.
