1942 3108
759 6 983 36 -ρῖγ
1003 28 1046 36 ---
1064 27 1091 36 κι-
1143 24 1161 36 ᾳ
1177 22 1226 36 :1:
1265 18 1317 36 ἓξ.
1325 15 1372 35 βξ.
1383 9 1463 34 L1,“;

36 22 762 58 Ma
792 42 801 44 -
833 35 871 43 -η

1003 27 1091 38 -“-Υ
1143 22 1226 37 !:‘.:

135 144 184 176 5n
660 149 700 178 IN
718 150 802 181 CAN.
826 150 839 179 1
860 149 964 180 conc.
984 150 1024 180 1N
1042 151 1201 182 TRULLO.
1639 158 1642 161 ·
1683 142 1754 190 ,ιιι

170 208 179 224 1
197 199 261 237 ξατο
272 208 280 216 ·
294 201 420 228 ἐντεῦθεν
433 202 480 228 καὶ
505 197 583 244 οὗτος
607 203 690 237 ἀτελῆ
711 204 762 238 τὴν
778 205 904 239 σωτηρεαπ

1003 214 1012 229 1
1036 213 1114 233 trans.
1142 205 1201 233 Jam
1229 215 1302 238 vero,
1318 212 1345 235 et
1359 216 1418 243 quae
1434 210 1460 236 in
1476 209 1651 244 Ephesiorum
1678 187 1744 238 3m.

172 255 182 271 1
202 247 268 281 ἡμῖν
286 247 413 280 γενέσθαι
438 239 670 284 συλλογιζόμενος.
690 250 770 277 Ἀλλὰ
787 250 840 286 μὴν
865 251 912 277 καὶ

170 301 179 317 1
198 293 272 327 παρὰ
290 293 344 320 τῶν
359 296 387 319 ἐν
407 294 539 327 Ἐφεσίων
555 295 630 321 πόλει
642 295 671 321 τὸ
686 295 821 330 πρότερον
843 305 908 322 συν-

172 348 180 364 1
198 338 335 374 αχῦέντων
354 340 401 365 ἐπὶ
418 340 559 367 Θεοδοσίου
572 340 619 367 τοῦ
630 341 687 368 υἱοῦ
707 341 850 375 Ἀρκαδίου
866 350 912 375 γε-

173 395 181 411 1
200 386 314 420 νομένου
341 388 419 422 ἡμῶν
444 388 576 422 βασιλέως
601 389 746 416 διακοσίων
774 389 911 424 θεοφόρων

173 440 182 457 1
201 433 329 468 Πατέρων
343 434 490 460 ἐκτεθέντα
506 435 668 469 διδάγματα,
689 435 727 467 ὡς
743 437 842 470 κράτος
859 436 910 470 ἀρ-

171 487 180 503 1
200 478 283 513 ραγὲς
295 479 344 514 τῆς
359 480 508 511 εὐσεὸείας,
523 481 765 518 ὲιπσφραγίζομεν,
785 482 833 508 ἕνα
847 482 912 516 Χρι-
957 509 959 517 Α

169 531 178 548 1
198 523 259 548 στὸν
272 523 318 549 τὸν
335 524 397 550 Υίδν
411 525 458 551 τοῦ
479 525 547 551 Θεοῦ
561 527 607 553 καὶ
619 527 792 562 σαρκωοέντα
810 527 910 562 κηρύτ·

173 577 182 593 1
198 577 301 601 τοντες,
326 570 373 596 καὶ
404 571 453 605 τὴν
486 571 566 598 αὑτὸν
604 573 732 607 ἀσπόρως
763 573 908 604 τεκοῦσαν,

174 622 183 638 1
200 614 345 647 ἄχραντον,
360 616 551 650 ἀειπάρθενον,
570 618 671 652 κυρίως
685 619 733 644 καὶ
754 618 822 644 κατὰ
846 619 911 652 ἀλή-

170 669 180 685 (
198 660 273 688 θειαν
287 661 418 688 Θεοτόκον
428 662 585 695 δοξάζοντες
594 671 603 681 ⁸
615 665 662 690 καὶ
676 665 727 700 τὴν
740 665 848 701 ληρώδη
864 665 910 692 τοῦ

167 715 177 731 1
197 707 346 743 Νεπορίου
365 708 510 744 διαίρεσιν,
539 710 576 741 ὡς
608 712 810 746 ἀπῳκισμένην
836 712 909 745 θείας

168 762 182 783 1_
198 753 296 788 μοίρας
332 755 542 789 ἅποδιώκοντες,
577 756 720 791 ἄνθρωπον
742 757 834 789 temo;
862 759 909 785 καὶ

170 807 178 823 1
198 799 264 826 Θεὸν
291 800 382 831 ἰδικῶς
403 801 448 827 τὸν
474 802 521 828 ἕνα
547 803 664 837 Χριστὸν
687 804 907 838 δογματίζοντος.

170 854 178 869 1
198 845 244 871 καὶ
257 846 305 880 τὴν
326 846 473 880 Ίουδαῖκὴν
486 848 660 880 ὰνανεοῦντος
673 849 841 877 δυσσέεειαν.
867 851 904 876 Οὐ
925 867 945 903 Η

170 898 178 903 .
203 891 254 903 η)...
274 890 339 903 ΧΑΧᾹ.
356 891 399 903 ...Α
423 892 470 903 -ξμ.
490 893 506 903 ιΔ
533 893 586 903 νηη.
618 894 642 903 γι
679 894 685 903 ι
722 902 725 903 ,
859 896 876 903 ιι

169 898 178 914 1
201 891 255 923 μὴν
272 890 339 916 ἀλλὰ
356 891 402 918 καὶ
421 892 470 926 τὴν
488 893 516 918 ὲν
533 893 726 928 Χαλκηδονέων
742 896 907 930 μητροπόλει

167 943 176 958 1
194 935 239 960 ἐπὶ
253 936 413 971 Μαρκιανοῦ
430 938 477 964 καὶ
493 938 575 964 αὑτοῦ
596 939 744 974 γενομένου
759 940 838 975 ἡμῶν
860 941 908 976 βα-

173 989 182 1005 (
200 981 308 1020 σιλέως>
322 981 377 1008 τῶν
401 983 549 1014 ἑξακοσίων
579 984 726 1018 τριάκοντα
759 985 908 1020 θεοκρίτων

166 1034 175 1050 1
193 1018 321 1061 Πατὲρων
349 1028 615 1064 στηλογραφηθείσαν
641 1031 731 1057 πίστιν
761 1018 906 1066 ὑρθοδόξως

169 1080 179 1096 1
198 1071 384 1107 ἐπικυροῦμεν
397 1082 404 1090 ·
426 1074 485 1109 ἥτις
509 1075 553 1101 τὸν
569 1076 617 1102 ἕνα
634 1076 750 1110 Χριστὸν
775 1078 820 1104 τὸν
844 1078 907 1104 Υίδν

165 1126 173 1141 1
189 1117 236 1143 τοῦ
251 1118 319 1144 Θεοῦ
335 1120 366 1145 ἐκ
382 1119 429 1145 δύο
444 1121 603 1147 συντεθέντα
615 1121 673 1148 τῶν
688 1122 805 1156 φύσεων,
821 1123 868 1149 καὶ
878 1125 907 1150 ὲν

169 1170 178 1187 1
196 1162 244 1188 δύο
256 1164 315 1194 ταῖς
330 1164 424 1195 αὑταῖς
439 1158 621 1200 δοξαζόμενον
653 1167 759 1201 φύσεσι,
788 1169 905 1202 μεγαλο-

169 1216 180 1234 ‹
198 1207 295 1241 φώνως
311 1210 366 1239 τοῖς
383 1210 483 1245 πέρασι
507 1212 693 1246 παραδέδωκε,
723 1213 768 1239 καὶ
785 1214 906 1248 Εὑτυχὲα

167 1263 176 1278 1
195 1253 241 1280 τὸν
256 1256 452 1290 ματαιόφρονα,
468 1257 514 1283 τὸν
526 1257 635 1293 δοκήσει
653 1258 683 1285 τδ
698 1259 769 1293 μέγα
796 1261 846 1295 τῆς
868 1261 907 1286 οἱ·

163 1307 176 1326 α
191 1301 320 1335 κονομίας
338 1303 499 1338 μυστήριΝκ
514 1303 672 1337 τελεσθῆναι
688 1305 906 1340 ἀποφηνάμενον,

167 1357 175 1372 1
192 1348 229 1378 ὡς
242 1349 425 1383 ἀποτρόπαιον
439 1359 464 1376 τι
480 1352 527 1378 καί
554 1351 663 1385 μίασμα
688 1351 741 1377 τῶν
760 1353 841 1387 ίερῶν
855 1353 906 1387 τ’ἧς

163 1402 172 1418 1
197 1393 361 1430 Ἐκκλησίας
376 1396 526 1430 περιϐόλων
548 1396 690 1431 ἐξήλασεν.
704 1397 756 1423 Σὺν
778 1398 852 1433 αὐτῷ
877 1398 906 1425 δὲ

168 1449 177 1465 1
194 1442 242 1466 καὶ
257 1441 409 1476 Νεστόριονί
420 1443 465 1467 καὶ
481 1443 625 1478 Διόσκορον
636 1463 642 1474 ,
659 1443 705 1469 τὸν
720 1444 769 1477 μὲν
779 1445 827 1479 τῆς
839 1444 907 1471 διαι-

162 1496 171 1511 1
192 1486 303 1520 ρέσεως,
318 1487 364 1513 τὸν
376 1487 404 1513 δὲ
417 1487 464 1522 τῆς
478 1488 635 1522 συγχύσεως
658 1489 862 1525 ὑπερασπεστήν
875 1499 906 1517 τε

161 1542 169 1557 1
189 1532 234 1559 καὶ
251 1533 403 1567 πρόμαχον,
427 1535 491 1564 τοὺς
505 1535 537 1561 ὲκ
554 1535 699 1570 διαμέτρου
711 1537 760 1570 τῆς
775 1536 903 1569 ἀσεὸείας
913 1538 938 1570 C

162 1587 171 1602 1
189 1578 256 1612 πρὸς
274 1578 302 1604 ἓν
316 1579 530 1610 ἐκπεπτωκότας
549 1580 686 1611 ἀπωλείας
701 1581 747 1607 καὶ
762 1581 905 1616 ἀθεότητος

164 1631 173 1648 1
193 1622 340 1657 βάραθρον.
361 1623 441 1650 Ἀλλά
455 1632 485 1657 γε
495 1624 541 1650 καὶ
555 1624 605 1655 τὰς
614 1625 733 1658 εὐσεϐεῖς
748 1626 838 1659 φωνὰς
852 1626 905 1652 τῶν

163 1677 173 1693 1
189 1669 285 1694 ἑκατὸν
301 1668 434 1703 ἑξήκοντα
446 1669 527 1695 πέντε
544 1669 680 1704 Θεοφόρων
692 1671 834 1706 Πατέρων,
850 1672 903 1698 τῶν

156 1723 165 1739 1
184 1714 254 1740 κατὰ
290 1715 391 1749 ταύτην
421 1715 470 1748 τὴν
509 1715 630 1750 βασιλίδα
661 1717 904 1752 συναγηγερμένων

159 1770 168 1785 1
188 1759 266 1787 πόλιν
282 1760 328 1786 ἐπὶ
350 1761 538 1787 ’Ῐουστινιανοῦ
560 1761 607 1788 τοῦ
638 1762 688 1796 τῆς
710 1763 838 1793 εὐσεῦοῦς
855 1763 902 1798 λή-

150 1804 167 1832 ’‹
186 1806 252 1838 ξεως
275 1807 421 1841 γενομένου
440 1807 519 1842 ἡμῶν
547 1807 689 1842 βασιλέως,
716 1808 753 1840 ὥς
783 1808 834 1835 ὑπὸ
854 1809 901 1835 τοῦ

161 1862 171 1879 1
190 1849 347 1887 Πνεῦματος
372 1853 558 1888 ὲξενεχθείσας
573 1854 754 1890 γινώσκομεν,
771 1855 818 1882 καὶ
839 1855 901 1886 τοὺς

157 1908 167 1923 1
186 1898 245 1932 μεθ’
264 1898 336 1932 ἡμᾶς
347 1898 552 1932 ἐκδιδάσκομεν.
572 1898 604 1926 Οἳ
616 1899 753 1934 Θεόδωρον
776 1899 820 1926 τὸν
843 1900 900 1926 Μο-

157 1955 167 1970 1
186 1944 342 1978 ψουεστίας,
357 1943 402 1970 τὸν
426 1943 574 1979 Νεστορίου
599 1944 770 1978 διδάσκαλον,
793 1946 908 1979 Ὠριγέ-“

156 1999 166 2016 1
186 1997 234 2024 νην
247 1996 276 2015 τε
289 1989 336 2015 καὶ
345 1988 462 2025 ’Δίδυμον
478 1989 526 2015 καὶ
538 1989 682 2024 Εὐάγριον,
697 1990 759 2022 τοὺς
773 1989 822 2021 τὰς
836 1990 900 2030 Ἕλ-

157 2045 167 2062 1
184 2034 296 2070 ληνικὰς
309 2031 548 2068 ἀναπλασαμένους
563 2035 733 2070 μυθοποιίας,
748 2036 795 2062 καὶ
808 2036 899 2071 σωμάρ

153 2092 165 2110 1
181 2092 235 2110 των
245 2084 326 2112 τινῶν
343 2082 393 2109 καὶ
408 2071 502 2116 ψυχῶν
515 2082 580 2116 ήμίν
606 2082 750 2117 περιόδους
776 2082 823 2108 καὶ
851 2083 898 2109 ἀλ-

158 2138 168 2155 1
183 2129 306 2160 λοιώσεις
323 2127 574 2163 ἀναπεμπάσαντας
597 2128 658 2159 ταῖς
678 2127 725 2154 τοῦ
741 2127 787 2154 νοῦ
809 2136 896 2163 παρα-

125 2169 128 2174 ”
155 2185 165 2201 1
185 2177 280 2211 φοραῖς
292 2185 321 2202 τε
335 2176 382 2202 καὶ
393 2175 562 2210 ὀνειρὼξεσι,
590 2175 637 2200 καὶ
652 2175 692 2205 εἰς
708 2174 756 2207 τὴν
771 2174 825 2200 τῶν
851 2183 896 2201 νε-

157 2232 166 2247 1
187 2207 261 2255 κριῦν
276 2221 413 2252 δυσσεϐῶς
441 2207 696 2255 ὲπμπαροινήσαντας
722 2219 872 2247 ἁναδίωσιν
885 2229 892 2236 ·
907 2207 933 2237 D

156 2276 166 2293 1
184 2267 219 2293 τά
233 2275 264 2293 τε
280 2267 420 2302 γραφέντα
435 2267 511 2302 παρὰ
525 2265 690 2301 Θεοδωρίτου
704 2266 774 2293 κατὰ
787 2268 837 2302 τῆς
846 2267 894 2302 ὀρ-

156 2322 166 2338 1
185 2313 234 2347 θῆς
253 2313 372 2343 πίστεως
397 2313 445 2339 καὶ
469 2312 522 2338 τῶν
547 2311 651 2339 δώδεκα
671 2312 826 2346 κεφαλαίων
845 2311 892 2345 τρῦ

147 2367 159 2384 1
183 2358 319 2393 μακαρίου
334 2358 481 2393 Κυρίλλου,
511 2357 557 2384 καὶ
583 2357 631 2392 τὴν
655 2357 805 2392 λεγομένην
833 2357 893 2384 ἰὕα

149 2414 158 2430 1
170 2404 331 2439 επιστολὴν,
346 2403 492 2434 συνοόικῶς
505 2403 705 2437 ἀνεθεμάτισαν
714 2412 742 2429 τε
757 2403 804 2430 καὶ
818 2403 893 2429 εὕδε-

152 2459 160 2475 1
181 2449 312 2482 λύξαντο·
332 2450 379 2475 καὶ
395 2448 443 2484 τὴν
469 2447 522 2474 δπὺ
543 2448 593 2482 τῆς
618 2445 732 2484 ἔναγχος
753 2449 897 2486 συναθροι-,

157 2505 166 2520 1
189 2495 298 2530 σοείσης
311 2495 380 2522 κατὰ
392 2494 493 2528 ταύτην
501 2493 550 2528 τὴν
563 2493 683 2528 βασιλίδα
694 2494 771 2521 πόλιν
786 2495 831 2521 ἐπὶ
845 2495 891 2522 τοῦ

148 2550 157 2566 1
175 2541 203 2566 ἐν
216 2540 275 2575 θείᾳ
283 2542 315 2575 τῇ
330 2540 406 2574 λήξει
418 2539 565 2574 γενομένου
576 2537 803 2574 ,ἠμῶνβασιλέως
814 2541 891 2567 Κων-

151 2596 160 2612 ι
177 2586 317 2612 σταντίνου
334 2586 416 2620 ἕκτης
434 2584 513 2618 ἁγίας
535 2584 643 2611 συνόδου
659 2585 760 2617 πίστιν,
788 2586 805 2621 ἢ
831 2594 890 2620 μει-

150 2641 160 2658 (
179 2632 262 2664 ζόνως
276 2632 306 2658 τὸ
320 2631 403 2667 κῦρος
429 2631 547 2663 ἐδέξατο,
564 2631 597 2656 δι’
614 2628 650 2657 ὧν
670 2632 684 2657 ὁ
703 2630 816 2666 εὐσεϐὴς
840 2631 890 2665 βα-

152 2687 160 2702 1
181 2677 272 2708 σιλεὺς
288 2677 418 2711 σφραγῖσι
435 2676 497 2706 τοὺς
511 2675 612 2710 ταύτης
634 2675 733 2710 τόμους
748 2684 889 2710 κατησφα-

153 2732 162 2749 1
182 2723 287 2754 λίσατο,
303 2722 370 2758 πρὸς
379 2722 428 2757 τὴν
443 2723 471 2748 ἐν
488 2721 527 2757 τῷ
542 2721 622 2748 παντὶ
637 2722 715 2748 αίῶνι
728 2722 888 2756 ἀσφάλειαν,

148 2779 157 2795 1
176 2770 223 2796 καὶ
235 2767 312 2800 αὖθις
327 2768 511 2803 ὁμολογοῦμεν
527 2767 670 2802 φυλάττειν
684 2769 890 2804 ἀπαρεγχείρη-

154 2825 164 2841 1
182 2823 239 2848 τον,
258 2815 276 2850 ἡ
306 2814 353 2841 δύο
378 2814 496 2849 φυσικὰς
519 2813 644 2848 θελήσεις
663 2814 722 2849 ἦτοι
737 2813 888 2849 θελήματα,

149 2871 158 2887 1
175 2862 221 2889 καὶ
234 2861 280 2888 δύο
293 2862 410 2895 φυσικὰς
440 2859 579 2894 ἐνεργείας
608 2859 655 2886 ἐπὶ
677 2859 727 2893 τῆς
757 2860 888 2895 ἐνσὰρκου

1000 259 1009 274 1
1032 254 1086 277 tate
1101 259 1115 277 a
1141 252 1264 279 ducentis
1277 253 1374 280 divinis
1391 252 1517 281 Patribus
1530 255 1579 281 sub
1593 253 1746 283 Theodosio

1001 305 1011 319 ι
1032 296 1140 324 Arcadii
1161 297 1216 325 tilio
1231 298 1392 332 imperatore
1409 304 1502 327 nostro
1524 301 1610 334 primo
1634 308 1745 335 congre-

1001 350 1008 367 1
1032 342 1100 377 gatis
1119 344 1247 378 expositae
1265 349 1328 371 sunt
1342 344 1484 377 doctrinrc,
1504 351 1629 380 tanquam
1645 347 1745 373 infrac-

999 397 1008 412 1
1029 392 1083 414 tum
1096 388 1202 422 pietatis
1216 389 1300 416 robur
1313 390 1497 425 obsignamus,
1510 399 1591 418 unum
1606 392 1743 419 Christutn

1000 442 1009 458 1
1031 432 1130 460 Filium
1146 434 1193 461 Dci
1209 439 1236 462 et
1252 435 1422 463 incarnatum
1437 437 1622 471 praedicantes,
1636 443 1673 470 et,
1685 445 1745 472 quae

999 487 1008 502 1
1033 478 1118 511 ipsum
1134 479 1192 506 sine
1215 480 1317 507 semine
1332 481 1447 514 peperit,
1459 481 1624 516 impollutam
1638 486 1744 516 semper

998 533 1007 548 1
1030 522 1167 559 Virginem
1182 538 1198 556 ,ν
1215 526 1323 560 proprie
1347 531 1372 554 et
1399 534 1462 554 vere
1486 527 1628 560 Deiparam
1653 529 1746 556 decer—

1000 578 1008 594 1
1032 575 1148 598 ncntese
1170 570 1286 608 ineptam
1298 571 1417 599 Nestorii
1427 572 1600 605 divisionem,
1616 579 1743 608 tanquam
1762 578 1768 584 “

998 624 1007 640 1
1034 623 1049 642 a
1065 615 1154 643 divina
1176 621 1250 644 sorte
1264 621 1406 651 semotum,
1429 624 1622 653 persequentes
1636 639 1643 651 ,
1659 620 1747 646 homi«

997 671 1007 687 1
1030 670 1091 691 nem
1122 664 1281 698 separatim,
1307 669 1333 692 et
1361 665 1446 692 Deum
1475 666 1631 700 separatim.
1662 675 1742 694 unum

999 714 1008 730 1
1029 705 1165 734 Christum
1181 708 1361 742 decernentis,
1378 713 1405 736 et
1421 709 1584 744 impietatem
1611 709 1745 737 iudaicam

997 760 1006 776 1
1031 753 1197 780 renovantis.
1215 753 1366 786 Quinetiam
1380 760 1451 788 eam,
1465 762 1524 789 qua
1542 754 1744 783 Chalcedonen-

997 806 1006 822 1
1026 798 1095 825 sium
1109 799 1248 833 metropoli
1262 800 1311 827 sub
1322 800 1458 828 Marciano
1473 819 1481 832 ,
1509 801 1555 835 qui
1577 801 1626 828 fuit
1648 806 1675 828 et
1688 801 1745 836 ipse

997 851 1006 868 1
1026 844 1173 878 imperator
1196 850 1297 876 noster,
1314 852 1328 871 a
1342 845 1393 872 650
1411 847 1542 882 descripta
1561 851 1602 874 est
1617 847 1744 874 Patribus

997 898 1006 914 1
1030 897 1044 915 a
1072 889 1127 917 Deo
1144 890 1254 918 delectis
1275 891 1354 918 iidem
1370 892 1520 920 orthodoxe
1531 893 1743 926 conﬁrmamus;

996 943 1005 959 1
1029 942 1088 969 qum
1099 942 1179 962 unum
1189 936 1325 964 Christum
1333 936 1428 964 Filium
1439 937 1497 970 Dei,
1505 946 1539 966 ex
1548 939 1652 966 duabus
1664 944 1743 966 natu-

996 988 1004 1004 1
1029 979 1066 1005 ris
1081 981 1260 1014 compositum
1272 1000 1280 1013 ,
1306 986 1332 1008 et
1350 983 1377 1008 in
1400 982 1505 1010 duabus
1520 983 1620 1011 eisdem
1639 985 1744 1010 naturis

994 1031 1003 1047 1
1023 1023 1164 1056 creditum;
1174 1031 1269 1059 magna
1278 1025 1421 1052 acsuhlimi
1431 1033 1495 1053 voce
1507 1032 1638 1053 terrarum
1647 1027 1744 1054 ﬁnibus

994 1077 1002 1092 1
1028 1069 1148 1100 tradidit,
1160 1074 1187 1096 et.
1197 1069 1277 1097 stulte
1286 1077 1317 1097 ac
1326 1070 1414 1105 inepte
1423 1072 1580 1099 sentientem
1594 1073 1741 1108 Eutychen,

994 1121 1003 1137 1
1018 1113 1071 1147 'qui
1080 1121 1204 1148 magnum
1215 1117 1371 1143 oeconomiae
1382 1118 1534 1152 mysterium
1543 1119 1741 1146 existimatione

994 1167 1003 1183 1
1026 1159 1111 1185 solum
1131 1159 1277 1193 perfectum
1299 1168 1359 1189 esse
1381 1164 1500 1197 putabat,
1525 1167 1649 1198 tanquam
1666 1171 1743 1191 aver-

994 1214 1002 1229 1
1027 1205 1135 1232 tendum
1162 1206 1269 1241 aliquod
1288 1213 1452 1242 portentum,
1474 1214 1623 1244 tetramque
1639 1216 1739 1245 pestem

994 1259 1003 1275 1
1027 1257 1058 1277 ex
1076 1251 1163 1279 sacris
1186 1252 1311 1280 Ecclesia:
1328 1254 1473 1282 ambitihus
1493 1256 1656 1282 exturbavit.
1680 1256 1740 1284 Una

980 1288 1005 1320 ἰ
1028 1301 1116 1322 autem
1133 1304 1193 1323 cum
1211 1305 1243 1324 eo
1255 1299 1335 1325 etiam
1354 1298 1508 1326 Nestorium
1529 1306 1556 1327 et
1571 1300 1740 1333 Dioscorum,

994 1350 1003 1366 1
1026 1349 1140 1376 quorttm
1176 1343 1220 1370 ille
1240 1344 1346 1377 quidem
1363 1345 1516 1380 divisionis,
1534 1347 1576 1374 hic
1594 1355 1656 1374 vero
1669 1355 1737 1375 con-

995 1397 1004 1413 1
1024 1388 1139 1416 {usionis
1155 1390 1281 1418 defensor
1294 1396 1352 1418 erat
1363 1396 1389 1419 et
1404 1397 1599 1427 propugnator,
1617 1395 1661 1428 qui
1679 1395 1738 1429 qui-

995 1443 1003 1460 1
1027 1434 1085 1461 dem
1099 1442 1132 1462 ex
1143 1435 1288 1470 impietatis
1296 1437 1429 1464 diametro
1438 1438 1471 1465 ad
1481 1446 1562 1466 unum
1577 1440 1737 1474 perditionis

993 1488 1003 1505 1
1023 1484 1052 1507 et
1063 1480 1208 1514 impietatis
1222 1481 1302 1518 1‘56
1322 1478 1479 1510 barathrum
1506 1485 1671 1512 deciderant.
1685 1484 1738 1513 Sed

996 1534 1006 1550 1
1028 1531 1056 1553 et
1072 1526 1123 1553 465
1136 1527 1286 1554 divinorum
1301 1527 1412 1556 Patrum
1427 1529 1452 1556 in
1475 1530 1523 1557 hac
1545 1531 1654 1559 civitate
1672 1532 1736 1567 imp.

995 1580 1004 1596 1
1028 1577 1249 1607 congregatorum
1274 1574 1326 1600 sub
1354 1573 1506 1603 Justiniano
1532 1577 1581 1611 piae
1600 1579 1738 1606 memoriae

994 1623 1010 1642 1
1026 1617 1071 1652 qui
1101 1617 1152 1645 fuit
1181 1618 1328 1653 imperator
1354 1626 1457 1652 noster,
1486 1622 1545 1654 pias
1571 1630 1650 1651 voces
1670 1629 1698 1651 et
1721 1633 1736 1651 a

992 1672 1001 1687 1
1024 1663 1125 1697 Spiritu
1141 1663 1227 1691 editas
1241 1665 1438 1698 cognoscimus,
1451 1672 1477 1693 et
1495 1674 1616 1700 posteros
1631 1674 1736 1704 nostros

993 1717 1001 1734 1
1024 1709 1161 1736 docemus.
1175 1709 1226 1742 Qui
1243 1709 1412 1737 Theodorutn
1428 1711 1606 1746 Mopsuestize,
1618 1714 1734 1742 Nestorii

990 1763 999 1778 1
1022 1755 1230 1788 magistrum,et
1255 1754 1390 1790 Originem
1411 1760 1438 1782 et
1462 1755 1602 1792 Didymum
1624 1764 1650 1786 et
1666 1759 1736 1786 Eva-

989 1808 998 1823 1
1021 1799 1119 1833 grium,
1134 1800 1179 1834 qui
1196 1799 1304 1827 Graecas
1324 1793 1430 1828 fabulas
1446 1803 1623 1830 rursusiictas
1636 1806 1736 1831 retule-

991 1853 1000 1869 1
1027 1849 1100 1877 runt,
1126 1849 1153 1871 et
1174 1852 1316 1880 corporum
1339 1846 1515 1880 quorumdam
1533 1853 1561 1875 et
1583 1849 1733 1877 animarmn

991 1900 999 1916 1
1025 1890 1202 1919 circuitiones
1222 1897 1249 1920 et
1275 1893 1475 1920 immutationes
1496 1901 1542 1920 seu
1559 1896 1737 1930 transmigra—

986 1946 995 1962 1
1021 1937 1107 1965 tiones
1131 1938 1164 1965 de
1188 1938 1293 1974 integro
1321 1939 1398 1966 nobis
1417 1945 1578 1966 revocarunt
1595 1941 1652 1968 suis
1672 1942 1734 1975 qui-

986 1992 994 2007 1
1018 1982 1131 2010 busdam
1148 1984 1247 2011 mentis
1263 1984 1366 2012 deliriis
1384 1993 1415 2012 ac
1433 1986 1555 2018 somniis,
1573 1991 1599 2013 et
1621 1987 1648 2013 in
1661 1995 1733 2014 mor-

987 2038 996 2054 1
1017 2033 1125 2056 tuorum
1143 2030 1368 2058 resurrectionem
1390 2032 1470 2067 impie
1489 2040 1522 2060 ac
1539 2034 1732 2062 contumeliose

985 2085 995 2101 1
1016 2076 1196 2103 insultarunt:
1218 2081 1245 2103 et
1263 2084 1322 2111 quae
1341 2084 1356 2105 a
1376 2078 1543 2106 Theodorito
1552 2080 1653 2112 scripta
1670 2086 1732 2108 sunt

984 2131 993 2148 1
1016 2123 1146 2150 adversus
1160 2127 1262 2150 rectam
1274 2123 1387 2151 ﬁdemet
1398 2125 1431 2151 t2
1445 2124 1515 2152 beati
1526 2125 1616 2162 Cyrilli
1631 2126 1731 2161 capita,

983 2177 994 2194 1
1016 2172 1043 2195 et
1058 2175 1128 2200 eam,
1151 2175 1212 2202 quin
1232 2169 1330 2196 dicitur
1345 2168 1415 2202 lbaa,.
1430 2170 1582 2205 epistolam,
1603 2173 1732 2208 synodica

984 2222 993 2239 1
1017 2212 1278 2241 anathematizarunt
1306 2220 1333 2241 et
1368 2217 1499 2243 exsecrati
1528 2223 1600 2245 sunt.
1648 2218 1729 2247 Porro

985 2268 994 2285 1
1017 2263 1101 2286 sextae
1112 2266 1219 2294 quoque
1236 2260 1341 2295 synodi,
1359 2267 1418 2295 qua:
1432 2261 1457 2288 in
1475 2262 1526 2290 hac
1541 2264 1649 2292 civitate
1663 2265 1727 2300 imp.

984 2314 993 2330 1
1016 2305 1066 2332 sub
1086 2305 1184 2332 divinae
1207 2307 1344 2333 memoria:
1361 2303 1425 2341 imp.
1440 2312 1531 2335 nostro
1548 2309 1729 2339 Constantino

983 2361 993 2377 1
1013 2358 1101 2386 nuper
1116 2356 1278 2386 congregata
1293 2352 1391 2386 fuerat,
1416 2353 1508 2387 Iidem,
1530 2346 1588 2389 οὐκ
1599 2356 1728 2391 majorem

983 2406 992 2422 1
1016 2397 1170 2424 ﬁrmitatem
1186 2404 1219 2425 ex
1236 2405 1270 2425 eo
1287 2399 1391 2433 accepit
1405 2419 1413 2432 ,
1428 2401 1497 2434 quod
1511 2401 1572 2435 pius
1583 2402 1730 2437 imperator

983 2454 992 2470 1
1015 2449 1107 2472 noster
1120 2445 1178 2480 ejus
1195 2438 1344 2473 decisiones
1360 2454 1409 2474 suo
1422 2448 1562 2482 signacqu
1578 2451 1673 2477 muniit
1694 2451 1727 2478 ad

983 2499 991 2515 1
1018 2489 1134 2516 futuram
1158 2490 1184 2516 in
1209 2490 1299 2517 omnia
1322 2490 1417 2517 saecula
1440 2492 1623 2525 securitatem,
1644 2493 1729 2520 invio-

982 2544 991 2560 1
1015 2536 1095 2562 latam
1110 2542 1157 2562 nos
1177 2542 1286 2563 servare
1303 2536 1469 2570 proﬁtemur,
1485 2546 1544 2572 qua:
1569 2539 1634 2566 duas
1652 2543 1727 2565 natu-

982 2592 990 2606 1
1015 2582 1084 2608 rales
1099 2582 1240 2609 volitiones
1263 2583 1320 2610 sive
1342 2583 1493 2611 voluntates
1508 2584 1627 2619 duasque
1648 2588 1724 2610 natu~

980 2637 989 2653 1
1015 2627 1084 2654 rales
1106 2627 1277 2661 operationes
1300 2629 1327 2655 in
1351 2629 1488 2656 incarnata
1514 2630 1593 2656 unius
1617 2629 1724 2656 Domini

982 2684 991 2699 1
1015 2674 1099 2701 nostri
1113 2672 1176 2701 Jcsu
1192 2675 1293 2701 Christi
1307 2675 1365 2702 veri
1381 2675 1428 2703 Dei
1449 2676 1598 2703 (eumomia
1619 2682 1668 2701 nos
1681 2675 1724 2709 pie

979 2730 988 2745 1
1010 2720 1113 2754 opinari
1128 2720 1226 2747 debere
1239 2727 1332 2754 aperte
1352 2721 1461 2747 docuit:
1488 2720 1534 2752 iis,
1560 2721 1605 2755 qui
1620 2725 1722 2747 rectum

980 2777 989 2793 1
1013 2767 1134 2795 veritatis
1163 2767 1301 2794 decretum
1332 2767 1563 2799 adulteraverunt,
1591 2771 1618 2794 et
1642 2774 1721 2794 uuam

979 2823 988 2839 1
1012 2812 1178 2840 voluntatem
1195 2820 1227 2839 ac
1241 2812 1427 2846 operationem
1451 2819 1531 2839 unam
1553 2812 1581 2839 in
1602 2820 1656 2840 uno
1671 2812 1723 2840 Do--

981 2869 990 2885 1
1014 2860 1086 2887 mino
1110 2846 1165 2887 Deo
1189 2863 1281 2886 nostro
1294 2856 1357 2885 Jesu
1372 2857 1482 2886 Christo
1506 2858 1619 2894 populos
1640 2860 1721 2888 docu-
