1942 3108
45 44 183 52 Α
223 47 257 49 ,7

270 46 292 48 ἡ
408 35 593 46 E-___
638 35 765 42 ,,.-..,.
798 36 805 39 ,

115 141 167 174 £25

655 137 696 167 IN
714 137 799 167 CAN.
815 137 858 167 [ΙΙ
874 135 980 166 CONC.
999 136 1039 167 IN
1060 136 1224 169 TRULLO.

1689 140 1740 173 526

145 199 268 226 ΖΩΝΔΡ.
300 195 442 224 Ἐντεῦθεν
468 197 581 232 ἄρχεται
611 196 665 222 τῶν
686 195 818 227 κανόνων,
850 193 891 220 κατ

986 193 1112 221 ΖΟΝΛΒ.
1135 195 1247 223 Ducitur
1267 197 1301 224 ab
1316 197 1366 225 hoc
1385 197 1445 227 loco
1461 199 1567 228 initium
1584 207 1720 230 canonum
1731 225 1739 236 .

112 245 165 280 πρὸ
184 245 238 271 τῶν
252 244 341 271 ἄλλων
355 244 388 270 τὰ
406 243 482 278 παρὰ
495 243 550 269 τῶν
569 242 652 277 ιερῶν
673 243 721 268 καὶ
734 241 900 268 πανσέπτων

112 290 266 318 ἀποστόλων
281 290 465 324 φυλάττεσθαι
480 289 666 319 διατάττεται,
681 288 782 323 ὁμοίιος
799 286 847 314 καὶ
862 287 896 314 τὰ

112 337 188 371 παρά
198 337 253 363 τῶν
273 336 479 371 προγεγονυιῶν
497 336 616 362 συνόδων
626 334 847 369 δογματισθέντα
861 333 899 368 μὴ

113 384 270 419 παρεξιέναι
299 382 367 418 μηδὲ
387 382 457 409 κατά
470 390 496 408 τι
525 380 714 416 παραθραύειν
732 379 823 411 ποσῶς
844 379 900 405 διο-

115 430 228 464 ρίζεται.
245 427 309 455 Εἶτα
324 429 370 455 καὶ
389 427 545 463 ἀπαριθμεῖ
559 427 607 459 τὰς
623 426 763 458 συνόδους,
779 425 826 452 καὶ
837 424 899 451 καθ’

111 472 148 502 ὧν
159 475 261 509 ἑκάστη
280 474 411 509 συνήχθη,
427 474 474 501 καὶ
497 473 558 500 τίνα
575 472 610 499 τὰ
630 471 696 507 παρ’
711 471 823 498 ἐκείνων
835 471 898 497 ἀσε-

113 520 166 551 ϐῶς
181 520 356 554 εἰσαγόμενα,
373 519 419 545 καὶ
437 519 499 545 τίνα
510 519 544 545 τὰ
562 517 628 554 παρ’
648 518 770 552 ἑκάστης
787 517 897 543 συνόδου

112 566 329 601 δογματισοέντα
358 566 405 592 καὶ
429 565 602 601 κυρωθέντα,
634 565 681 591 καὶ
710 565 818 591 πάντων
845 564 898 590 τῶν

112 611 198 645 ἁγίων
214 611 344 646 Πατέρων
358 611 408 646 τὴν
423 611 518 638 πίστιν
543 611 590 637 καὶ
623 610 658 636 τὰ
677 610 811 644 δόγματα,
828 609 897 636 ἀσά-

111 656 192 683 λευτα
208 656 254 682 καὶ
266 657 363 691 βέϐαια
379 657 521 692 διαμένειν
536 656 692 691 παρεγγυᾷ,
711 656 758 682 καὶ¹
772 655 807 681 τὰ
823 655 896 682 ἑκεί-

111 708 165 726 νων
184 701 391 735 συγγράμματα
418 700 555 735 στέργειν,
580 700 785 728 ἀποϐάλλεσθαι
802 700 830 726 δὲ
850 700 897 726 καὶ

109 745 319 781 ἀναθεματίζειν
334 747 397 778 τοὺς
412 746 464 781 τῆς
481 747 610 782 ἀληθείας
634 747 757 782 ἐχθρούς.
779 747 840 778 Τοῖς
857 746 887 773 δὲ

114 791 151 827 μὴ
177 791 249 818 οὕτω
281 791 411 826 φρονοῦσι
431 801 462 818 τε
488 792 536 818 καὶ
566 792 684 824 ποιοῦσι,
703 791 846 824 δοξάζουσί
866 800 896 818 τι

112 838 159 864 καὶ
174 837 355 872 κηρύττουσιν
370 838 486 872 ἐπιτιμᾷ
499 836 546 864 καὶ
558 838 676 864 ποιεῖται
690 837 743 863 ὑπὸ
758 837 893 871 ἀνάθεμα.

111 882 180 909 Οὔτε
196 883 250 918 γὰρ
265 882 442 918 προστιθέναι
469 891 508 916 τι,
535 883 613 918 φησὶ,
643 882 814 918 δεδυνήμεθα
839 883 895 914 τοῖς

111 929 186 964 παρά
204 929 258 956 τῶν
271 929 358 963 ἁγίων
383 928 514 964 Πατέρων
528 928 750 963 διεγνωσμένοις,
774 927 836 954 οὔτε
868 936 895 954 τι

111 973 251 1006 παντελῶς
270 974 408 1009 ὑφαιρεῖν,
439 973 509 1000 ἀλλά
534 973 651 1004 ἐκείνοις
674 973 703 1000 ὲν
725 973 807 1000 πᾶσιν
833 972 896 1000 ἑπό-

133 1019 190 1047 εθα.
202 1023 226 1030 ί

107 1029 219 1093 ἓξὲξ-Τ.
247 1075 258 1092 ι
281 1066 322 1093 Τὰ
345 1065 422 1101 παρά
445 1065 498 1092 τῶν
521 1064 685 1100 ἑτεροδόξων
720 1062 895 1098 κλοπιμαίως

149 1121 159 1137 ι
179 1111 372 1146 ἐμϐεϐλημένα
386 1112 447 1141 ταῖς
477 1110 521 1136 διὰ
537 1110 696 1145 Κλήμεντος
710 1109 765 1135 τῶν
782 1108 896 1135 ἀποστὸ·

151 1166 160 1182 ι
180 1157 233 1183 λων
247 1155 406 1188 Διατάξεσιν
419 1155 610 1190 ἀποκήρυκτα.

155 1202 200 1229 Ἐν
218 1203 274 1234 τοῖς
301 1201 492 1232 ἁποστολικοίς
507 1201 601 1227 κανόσι
622 1200 691 1236 πρὸς
720 1200 778 1231 τοῖς
803 1198 895 1230 ἄλλοις

109 1249 165 1280 τοῖς
179 1249 228 1283 τῆς
247 1248 344 1283 καινῆς
355 1247 403 1274 καὶ
425 1246 543 1278 παλαιᾶς
560 1245 700 1281 Διαθὴκης
717 1244 833 1280 βιϐλίοις
846 1243 895 1270 καὶ

110 1294 160 1325 τὰς
176 1293 314 1326 διατάξεις
330 1292 384 1318 τῶν
407 1291 577 1325 ἀποστόλων,
606 1292 655 1323 τὰς
674 1291 718 1318 διὰ
735 1291 895 1326 Κλήμεντος

109 1340 138 1366 ἓν
151 1339 222 1365 ὀκτὼ
238 1337 412 1369 συντεθείσας
428 1337 553 1373 βιϐλίοις,
580 1337 732 1371 σεϐασμὶας
752 1337 799 1362 καὶ
812 1336 894 1370 ἁγίας

108 1385 182 1420 ἔχειν
199 1384 370 1420 ὡρίσθημεν.
389 1383 419 1410 ὐ
433 1382 461 1409 δὲ
477 1381 574 1418 παρὼν
590 1381 691 1413 κανὼν,
708 1381 752 1408 διὰ
769 1381 799 1408 τὸ
829 1381 894 1408 νόθα

108 1431 168 1458 τινὰ
191 1431 238 1457 καὶ
262 1430 326 1463 ξένα
342 1430 392 1465 τῆς
422 1429 564 1461 εὐσεϐείας
584 1428 637 1455 ὑπὸ
656 1428 711 1454 τῶν
731 1427 895 1462 ἑτεροδόξων

109 1475 296 1510 παρατεθῆναι
311 1476 340 1501 ὲν
365 1475 462 1506 αὑταῖς
477 1475 523 1500 ἐπὶ
550 1474 621 1509 λύμῃ
649 1473 699 1508 τῆς
720 1472 894 1508 Ἐκκλησίας,

110 1567 263 1601 ἀσφάλειαν
281 1565 328 1592 τοῦ
343 1565 613 1600 Χριστιανικωτάτου
627 1562 767 1598 ποιμνίου.

426 1610 545 1638 ΚΛΝΩΝ
559 1609 597 1636 Γι.
625 1639 627 1643 τ

111 1667 120 1685 σ
143 1658 250 1694 Ἐπειδὴ
267 1657 295 1684 δὲ
304 1659 317 1684 ὁ
325 1657 437 1693 εὐσεϐὴς
447 1657 493 1683 καὶ
500 1656 670 1691 φιλόχριστος
678 1654 757 1690 ἡμῶν
767 1654 894 1689 βασιλεὺς

144 1714 153 1730 ι
177 1706 209 1740 τῇ
221 1705 286 1740 ἁγίᾳ
292 1703 376 1740 ταύτῃ
385 1703 432 1730 καὶ
439 1703 613 1738 οίκουμενικῇ
622 1701 818 1737 προσεφώνησε
831 1709 894 1727 συν-

144 1761 153 1776 (
175 1751 236 1786 όδῳ,
254 1750 323 1777 ὥστε
337 1750 398 1781 τοὺς
406 1751 434 1775 ἐν
442 1749 481 1784 τῷ
490 1749 582 1784 κλήρῳ
592 1747 836 1782 καταλεγομένους,
846 1749 893 1774 καὶ

143 1807 152 1823 (
175 1797 265 1828 ἄλλοις
279 1797 312 1824 τὰ
326 1797 384 1823 θεῖα
398 1795 654 1832 διαπορθμεύοντας,
669 1793 807 1828 καθαροὺς
827 1794 892 1820 ἀπο-

142 1854 151 1869 ι
176 1844 257 1878 φῆναι
268 1844 313 1869 καὶ
329 1841 501 1877 λειτουργοὺς
518 1841 660 1876 ἀμώμους,
676 1840 722 1866 καὶ
735 1840 783 1874 τῆς
796 1840 892 1874 νοερᾶς

143 1899 152 1915 ι
175 1888 222 1915 τοῦ
237 1888 355 1923 μεγάλου
378 1887 457 1918 Θεοῦ,
470 1887 518 1913 καὶ
532 1886 651 1921 θύματος
668 1886 713 1912 καὶ
727 1886 889 1921 ἀρχιερέως,

145 1944 153 1961 ι
181 1933 275 1966 θυσίας
301 1933 405 1966 ἀξίους,
417 1932 590 1966 ἀνακαθᾶραί
609 1940 639 1957 τε
658 1932 691 1957 τὰ
704 1931 733 1963 ἐξ
763 1931 890 1965 ἀθέσμων

142 1990 151 2005 ι
177 1980 274 2015 γάμων
290 1978 396 2010 τούτοις
417 1978 593 2013 ἐπιτριϐέντα
610 1977 681 2012 μύση
694 1984 701 1991 ⁸
718 1977 786 2011 πρὸς
803 1977 890 2010 τούτῳ

143 2037 151 2052 ι
177 2026 205 2052 δὲ
216 2025 270 2052 τῶν
286 2025 336 2058 μὲν
361 2024 411 2059 τῆς
433 2023 578 2059 Ῥωμαίων
598 2023 755 2057 ἁγιωτάτης
778 2021 890 2056 Ἐκκλη-

140 2082 150 2099 ‹
175 2071 235 2103 σίας
251 2071 297 2098 τὸν
311 2071 361 2106 τῆς
379 2070 523 2105 ἀκριϐείας
537 2069 690 2104 τηρηθῆναι
703 2069 804 2095 κανόνα
821 2076 888 2102 προ-

138 2129 147 2145 ‹
169 2117 404 2154 τιθεμένων·τῶν
431 2116 460 2142 δὲ
479 2115 532 2141 ὑπὸ
555 2115 601 2140 τὸν
621 2114 671 2149 τῆς
699 2113 887 2148 θεοφυλάκτου

141 2174 149 2190 ι
175 2164 276 2199 ταύτης
291 2164 337 2190 καὶ
359 2161 496 2197 βασιλίδος
523 2161 628 2191 πόλεως
655 2160 762 2194 θρόνον,
780 2159 811 2185 τὸ
837 2159 886 2193 τῆς

140 2221 149 2237 ι
174 2209 380 2245 φιλανθρωπίας
395 2210 441 2235 καὶ
460 2207 631 2242 συμπαθείας
649 2207 688 2237 εἰς
699 2205 728 2232 ἓν
743 2206 886 2241 ἀμφότερα

138 2266 147 2283 ι
175 2256 313 2292 μίξαντες,
345 2254 486 2289 πατρικῶς
509 2252 578 2287 ὁμοῦ
608 2252 654 2279 καὶ
684 2251 825 2285 θεοφιλῶς,
847 2253 885 2284 ὼς

138 2311 146 2326 ι
173 2302 242 2336 μήτε
263 2299 292 2326 τὸ
306 2300 392 2333 πρᾶον
410 2298 532 2330 ἔκλυτον,
547 2297 614 2332 μήτε
626 2296 726 2330 στυῲὸν
736 2296 765 2322 τὺ
781 2297 883 2332 αὐστηι

139 2355 148 2371 ι
175 2345 221 2381 ρον
235 2344 445 2378 καταλεεξροιμεν
455 2351 462 2358 ”
477 2343 524 2369 καὶ
539 2341 656 2378 μάλιστα
669 2341 716 2367 τοῦ
732 2341 761 2373 ἐξ
773 2341 884 2375 ἀγνοίας

139 2401 148 2416 ι
173 2390 317 2425 πτώματος
333 2391 372 2421 εἰς
386 2389 436 2416 οὐκ
446 2388 543 2422 ὀλίγων
550 2386 654 2423 ἀνδρῶν
664 2386 764 2420 πλῆθος
778 2387 886 2422 διήκον-

141 2446 150 2462 ι
175 2445 232 2468 τος,
246 2435 402 2470 συνορῶμεν
418 2434 488 2461 ὥστε
502 2435 564 2464 τοὺς
580 2434 628 2468 μὲν
641 2433 702 2459 δυσὶ
725 2433 824 2466 γάμοις
841 2441 887 2458 πε-

141 2492 150 2509 (
176 2483 352 2518 ριπαρέντας,
377 2483 425 2507 καὶ
457 2481 537 2516 μέχρι
557 2481 606 2513 τῆς
645 2479 885 2513 *πεντεκαιδεκάτης

141 2538 151 2554 1
174 2527 222 2554 τοῦ
235 2527 416 2562 παρελθόντος
437 2525 604 2560 Ίανουαρίου
619 2525 702 2559 μηνὸς
718 2525 767 2558 τῆς
782 2524 884 2558 παρελ-

139 2584 148 2600 ‹
176 2574 274 2608 θούσης
296 2573 429 2607 τετάρτης
444 2570 618 2600 ἰνδικτιῶνος.
641 2571 717 2601 ἔτους
743 2570 883 2603 ἑξακισχι-

138 2629 147 2646 ι
177 2620 282 2647 λιοστοῦ
302 2617 451 2645 ἐκατοστοῦ
473 2617 583 2642 ἐννάτου
606 2616 672 2650 (ῢῖ),
700 2615 883 2646 δουλωθέντας

953 245 984 264 ac
992 245 1052 272 quae
1062 239 1168 272 quidem
1186 247 1200 266 a
1212 241 1313 268 sanctis
1328 246 1354 269 et
1369 245 1602 274 reverendissimis
1612 248 1742 281 apostolis

952 283 1055 311 sancita
1065 289 1124 310 sunt
1133 284 1265 320 imprimis
1276 295 1386 316 servare
1397 289 1536 324 jubentur,
1547 292 1644 321 deinde
1659 302 1741 330 syno-

951 329 1010 356 dica
1025 337 1132 364 quoque
1155 331 1180 357 iu
1205 332 1254 359 hoc
1272 336 1378 368 tempus
1395 335 1465 362 edita
1485 336 1605 370 decreta,
1631 329 1740 367 nervio-

951 373 1007 401 lare
1025 379 1069 401 aut
1087 376 1157 402 nulla
1170 384 1200 403 ex
1218 382 1293 411 parte
1306 378 1444 407 inﬁrmare
1455 380 1537 409 liceat
1552 384 1737 412 constituitur.

950 419 1204 450 Commemorantur
1232 424 1295 452 inde
1320 433 1381 454 cum
1416 429 1481 462 ipsae
1501 430 1607 464 synodi,
1635 436 1689 459 tum
1723 433 1740 459 ii

949 470 1044 493 contra
1064 475 1132 501 quos
1151 475 1263 504 qumque
1285 470 1375 498 habita
1394 472 1460 506 fuit;
1493 474 1612 510 quidque
1637 481 1682 503 ant
1703 477 1739 503 illi

950 511 1031 547 impie
1041 514 1305 550 senserint,autquid
1316 518 1475 553 uniuscujus
1487 528 1530 553 lue
1545 521 1642 555 synodi
1656 522 1737 551 vicis—

949 557 999 585 sim
1009 560 1168 587 auctoritate
1179 560 1319 589 deﬁuitum
1331 567 1358 590 et
1369 564 1557 592 conﬁrmatum
1573 567 1609 593 sit
1620 568 1741 602 explica-

950 606 1004 629 tur.
1022 603 1090 631 Tum
1107 610 1262 633 sanctorum
1280 607 1391 635 Patrum
1415 609 1494 637 ﬁdem
1511 618 1541 638 ac
1553 612 1676 646 dogmata
1696 614 1738 640 in-

948 649 1046 676 violata
1066 658 1097 678 ac
1116 651 1192 678 ﬁrma
1211 654 1322 680 omnino
1339 655 1434 687 teneri,
1451 664 1543 684 eorum
1568 666 1615 685 nos
1630 659 1745 694 scriptis‘

948 702 979 722 ac
993 696 1146 724 auctoritati
1173 699 1356 732 acquiescere,
1370 702 1493 729 veritatis
1507 703 1596 730 hostes
1610 706 1739 738 aversari,

947 747 978 767 ac
992 741 1059 769 diris
1073 742 1197 770 oumibus
1217 744 1348 772 devovere
1360 745 1467 780 jubent.
1485 748 1512 774 Si
1526 749 1571 782 qui
1586 757 1647 776 vero
1662 751 1739 778 aliter

947 786 1081 813 senserint
1125 787 1282 823 fecerintve,
1313 791 1415 825 opinati
1438 791 1539 820 fuerint
1564 799 1613 821 aut
1638 796 1738 823 docue-

947 831 1012 865 rint,
1033 839 1080 860 eos
1104 836 1245 868 castigant,
1266 839 1293 863 et
1321 839 1488 865 anathemati
1513 840 1650 874 subjectos
1676 849 1737 870 esse

1173 865 1186 868 ..
1517 865 1521 866 '
1548 865 1604 874 *δ’*
1622 865 1649 869 ⁷*
1678 865 1735 870 “”““’”

912 865 934 893 Β
947 877 1089 905 deﬁniunt.
1107 878 1161 906 Nec
1178 881 1263 914 enim,
1290 882 1429 917 inquiunt,
1447 884 1548 919 aliquid
1571 886 1735 920 invenimus,

946 924 1017 957 quod
1043 929 1203 952 sanctorum
1232 925 1343 954 Patrum
1371 928 1475 962 placitis
1495 930 1568 964 addi,
1597 938 1645 959 aut
1665 934 1738 961 denti

945 974 1056 1004 posset;
1069 970 1115 998 sed
1133 979 1164 998 ea
1185 972 1211 999 in
1224 974 1349 1002 omnibus
1364 975 1513 1010 sequimur.

946 1055 1060 1084 ARIST.
1079 1067 1089 1083 ι
1107 1057 1171 1090 Quae
1197 1059 1230 1086 ab
1253 1060 1427 1089 heterodoxis
1466 1064 1648 1097 apostolorum
1689 1074 1738 1102 per

985 1111 995 1128 ‹
1017 1101 1184 1130 Clementem
1216 1104 1460 1134 Constitutionibus
1503 1108 1596 1137 furtim
1633 1101 1737 1140 inserta

984 1157 993 1173 ι
1015 1140 1274 1180 sunt,5§bdicentur.
1290 1161 1299 1178 ι

983 1193 1010 1220 In
1025 1194 1173 1222 canonibus
1183 1197 1351 1231 apostolicis,
1368 1204 1467 1233 praeter
1480 1200 1547 1230 alios
1561 1201 1628 1231 Novi
1642 1209 1669 1231 et
1683 1204 1736 1233 Ne-

947 1239 1012 1266 teris
1031 1239 1194 1268 Testamenti
1212 1241 1295 1270 libros
1308 1247 1334 1270 et
1368 1245 1575 1275 constitutiones
1600 1251 1737 1283 apostolo-

946 1289 1016 1314 rum,
1029 1289 1044 1309 a
1059 1282 1197 1311 Clemente
1211 1285 1239 1312 in
1251 1290 1313 1314 octo
1328 1287 1403 1315 libris
1417 1291 1582 1325 compositas
1601 1282 1718 1324 veneran
1728 1311 1735 1318 -

945 1326 995 1353 das
1015 1332 1041 1354 et
1057 1335 1150 1356 sacras
1175 1329 1277 1358 habere
1297 1331 1375 1360 nobis
1395 1333 1421 1360 in
1443 1325 1580 1365 mandatis
1593 1339 1683 1366 datur.
1700 1340 1735 1369 At

946 1379 1064 1405 prmscns
1088 1381 1187 1408 canon,
1202 1377 1266 1410 quia
1283 1378 1375 1411 spuria
1402 1381 1524 1414 quaedam
1548 1388 1575 1411 et
1596 1392 1610 1411 a
1635 1385 1735 1420 pietate

946 1417 1032 1445 aliena
1048 1419 1074 1446 in
1104 1419 1162 1448 istis
1180 1422 1213 1448 ab
1226 1421 1398 1451 heterodoxis
1411 1426 1546 1454 adduntur
1554 1429 1586 1456 ad
1605 1417 1734 1460 Ev-clesize

945 1463 1057 1497 exitum,
1076 1465 1153 1498 abjici
1169 1474 1200 1494 ea
1217 1469 1346 1502 praecipit,
1361 1470 1394 1497 ad
1405 1472 1493 1507 gregis
1506 1472 1732 1505 Christianissimi

108 1508 404 1552 dno6dlla-c0atab-ric
419 1520 594 1554 ὲγκελεύεται
608 1508 676 1554 πρὸς
686 1519 830 1554 οἰκοδομὴν
846 1519 894 1546 καὶ
907 1529 929 1557 ρ
946 1508 1152 1538 ωάίηυῖηῖοηωη
1172 1516 1199 1538 ει
1214 1514 1399 1541 securitatem.

1248 1608 1362 1637 CANON
1379 1609 1425 1638 Ill.

950 1659 959 1675 ι
982 1644 1115 1684 Quoniam
1137 1651 1196 1686 pius
1217 1652 1372 1689 Christique
1397 1661 1503 1684 amator
1520 1658 1670 1693 imperator
1684 1669 1733 1690 no-

983 1704 992 1720 ι
1017 1700 1074 1724 ster
1088 1696 1158 1724 hanc
1166 1703 1287 1726 sanctam
1299 1705 1326 1727 et
1342 1701 1521 1729 universalem
1537 1706 1670 1739 synodum
1690 1708 1732 1735 al-

983 1749 991 1766 ι
1016 1741 1122 1770 locutus
1147 1748 1200 1775 est,
1228 1749 1259 1770 ut
1277 1745 1324 1779 qui
1347 1745 1374 1772 in
1389 1746 1492 1774 clerutn
1516 1749 1590 1776 relati
1613 1756 1686 1785 sunt,
1705 1758 1733 1780 et

981 1795 990 1810 ι
1014 1786 1074 1814 aliis
1092 1787 1180 1815 divina
1199 1790 1396 1823 transmittunt,
1408 1799 1491 1826 puros
1508 1798 1562 1821 eta
1584 1797 1732 1830 reprehen-

981 1840 990 1856 ι
1014 1833 1090 1860 sione
1110 1834 1214 1861 alienos
1229 1835 1369 1864 ministros
1386 1837 1504 1866 efﬁciant
1516 1859 1524 1871 ,
1539 1841 1610 1874 quod
1630 1842 1731 1870 intelli-

980 1887 989 1904 ι
1011 1881 1100 1914 gentia
1124 1882 1293 1916 percipitur,
1322 1886 1410 1919 magni
1443 1887 1513 1920 Dei,
1554 1890 1600 1923 qui
1629 1897 1671 1918 est
1703 1897 1732 1919 et

981 1934 989 1950 ι
1016 1926 1179 1954 sacriﬁcium
1204 1933 1231 1954 et
1252 1927 1390 1962 Pontifex,
1417 1933 1554 1960 sacriﬁcio
1578 1936 1682 1969 dignos,
1703 1943 1732 1965 et

979 1981 987 1995 ι
1011 1978 1072 2006 quae
1091 1980 1123 1998 ex
1141 1973 1253 2000 nefariis
1270 1976 1372 2009 nuptiis
1392 1977 1424 2004 iis
1439 1978 1526 2006 inusta
1547 1985 1610 2007 sunt
1633 1984 1730 2015 probra

979 2026 988 2041 ί
1012 2024 1043 2044 ac
1062 2018 1196 2046 dedecora
1219 2027 1364 2056 repurgeut
1383 2031 1389 2049 :
1411 2029 1438 2050 et
1453 2026 1583 2057 praeterea
1604 2027 1649 2054 alii
1669 2029 1729 2062 qui-

977 2071 986 2087 ι
1012 2063 1072 2090 dem
1096 2065 1275 2093 sanctissimae
1296 2068 1482 2096 Romanorum
1508 2071 1636 2100 Ecclesiae
1665 2081 1730 2101 era-

978 2118 986 2134 ι
1009 2109 1159 2138 ctissimum
1187 2119 1318 2139 canonem
1353 2115 1516 2142 servandum
1557 2125 1729 2153 proponant;

982 2165 990 2179 ι
1013 2156 1058 2183 alii
1074 2164 1148 2189 vero,
1163 2157 1213 2184 sub
1230 2157 1280 2184 hoc
1293 2157 1338 2185 Dei
1357 2159 1550 2189 observatricis
1571 2168 1598 2189 et
1614 2164 1730 2197 impera-

979 2213 988 2228 ι
1013 2203 1089 2230 toria:
1110 2202 1186 2230 urbis
1211 2203 1318 2235 throno,
1336 2206 1407 2239 quod
1431 2205 1482 2233 fuit
1503 2207 1681 2238 humanitatis
1703 2217 1731 2239 et

979 2249 1216 2283 «_misericordiae,
1240 2250 1362 2284 utrisque
1387 2256 1499 2286 paterne
1522 2253 1603 2281 simul
1625 2261 1652 2283 et
1666 2257 1730 2283 reli-

978 2306 986 2320 ι
1010 2295 1086 2330 giose
1115 2295 1214 2327 mislis,
1235 2300 1263 2322 ut
1289 2303 1375 2330 neque
1402 2298 1473 2331 quod
1500 2305 1541 2326 est
1562 2300 1626 2327 mite
1650 2302 1729 2330 nimis

978 2351 987 2367 ι
1011 2342 1146 2372 strictum,
1161 2340 1336 2375 dissolutum,
1346 2345 1512 2377 nequequod
1527 2350 1726 2380 estausterum,

979 2395 988 2412 ε
1012 2386 1211 2421 relinquamus;
1246 2391 1273 2413 ct
1297 2387 1413 2414 maxime
1434 2395 1495 2416 cum
1518 2397 1549 2417 ex
1577 2391 1728 2426 ignorantia

978 2440 986 2457 ι
1012 2432 1101 2465 lapsus
1123 2432 1148 2458 in
1169 2438 1221 2457 non
1233 2432 1357 2465 exiguam
1376 2433 1455 2469 160
1472 2435 1611 2464 hominum
1636 2438 1729 2465 multi-

979 2485 988 2501 ι
1013 2476 1133 2503 tudinem
1159 2476 1297 2510 pervadat,
1325 2483 1420 2505 omnes
1449 2479 1530 2506 simul
1555 2481 1728 2510 decernimus

979 2532 988 2548 ι
1011 2530 1057 2549 eos
1084 2522 1129 2556 qui
1152 2522 1256 2549 duobus
1270 2521 1381 2556 quidem
1400 2525 1581 2553 matrimoniis
1598 2526 1728 2561 implicati

976 2578 984 2594 ι
1010 2569 1094 2602 tuere,
1112 2572 1139 2595 et
1155 2575 1240 2602 usque
1264 2567 1297 2594 ad
1312 2568 1346 2595 15
1367 2570 1497 2604 ιπωιετίιί
1520 2572 1621 2598 mensis
1640 2572 1727 2599 Janu-

975 2622 984 2638 ι
1008 2613 1079 2645 arii,
1097 2613 1241 2648 pratteritre
1271 2612 1287 2639 4
1314 2613 1478 2647 indictionis,
1496 2616 1558 2641 anni
1581 2615 1650 2642 6109
1666 2623 1726 2650 pec-

690 2672 790 2704 Guill.
806 2671 972 2711 Beveregii
995 2675 1091 2702 notae.

135 2730 193 2765 (5'7)
217 2730 326 2765 ’Ἑτους
359 2724 626 2765 ἐξακισχιλιοστοῦ
650 2723 886 2765 ἑκατοοτοῦυέν-

93 2760 203 2794 νάὶοὸ.
237 2764 286 2790 llic
312 2770 418 2792 ouiries,
443 2762 515 2802 miod
542 2761 636 2801 miror,
656 2760 747 2802 'Grmci
767 2760 886 2800 codices

97 2807 183 2827 manu
205 2798 321 2830 exarati,
344 2805 397 2824 una
411 2804 472 2823 cum
488 2797 642 2831 impressis,
655 2797 680 2822 in
696 2797 774 2830 gravi
789 2802 885 2822 errore

96 2834 272 2870 conspirant.
289 2833 384 2860 Patres
399 2833 472 2860 enim
501 2830 554 2860 hoc
581 2831 643 2859 ιοοο
669 2830 703 2856 de
719 2838 777 2864 Ipso
801 2837 885 2862 anno,

941 2731 997 2764 quo
1014 2724 1232 2764 hanc_synodum
1249 2724 1400 2754 celebrant,
1418 2723 1725 2764 loquunturhquijutntta

941 2758 1013 2786 hanc
1032 2759 1173 2786 lectionem
1188 2764 1246 2786 crat
1261 2767 1350 2785 annus
1368 2767 1380 2783 a
1403 2758 1503 2784 mundo
1512 2758 1622 2786 condito
1642 2760 1724 2792 (5109,

942 2794 1037 2822 indict.
1053 2794 1081 2821 4.
1099 2794 1135 2820 Ex
1154 2794 1314 2820 indictiouis
1333 2792 1470 2819 mentione
1486 2798 1593 2819 constat
1617 2795 1724 2823 ciiilem

941 2829 1099 2856 Graecorum
1112 2836 1193 2856 teram
1208 2828 1251 2855 hic
1266 2831 1424 2862 usurpatam
1437 2834 1507 2860 esse,
1521 2836 1581 2861 qua:
1596 2836 1610 2856 a
1622 2831 1725 2859 mundo

1695 2917 1706 2930 ν
