1941 3093
226 179 277 211 531

857 179 997 211 TliEOD.
1013 173 1218 212 Bt'LSAMON

1804 182 1863 219 532

224 241 359 270 quaquam
385 232 571 266 promovendi,
601 233 648 260 sed
669 233 696 261 in
712 233 807 261 eodem
827 241 882 268 quo
913 233 1011 262 inventi

1067 237 1201 272 μηδαμῶς
1217 238 1246 263 ἐν
1274 236 1360 272 ἑτέρῳ
1384 236 1487 272 μείζονι
1517 237 1615 274 βαομῷ
1639 238 1860 273 προκόπτοντες,

223 281 334 308 fuerunt
356 279 453 306 ordine
467 284 669 313 permanentes.
691 280 723 307 Et
746 281 804 308 lizec
818 281 927 315 quidem
946 287 1012 308 con—

223 327 373 353 stituerunt
388 325 458 358 ﬁeri,
472 329 498 352 et
512 326 547 353 ob
570 326 768 354 humanitatem
790 332 817 354 et
833 327 1013 355 commisera—

223 372 335 401 tionem.
364 375 428 398 ante
448 378 552 402 eorum,
582 377 610 398 ut
638 372 739 399 dictum
763 377 814 403 est,
836 378 1011 400 conventum.

222 416 286 444 Post
301 416 370 444 hanc
386 422 474 444 autem
495 418 716 445 constitutionem
739 423 765 445 et
782 426 914 446 canoucm
944 419 1012 446 nihil

223 463 358 495 ejusmodi
387 463 444 490 fieri
472 463 643 497 permittunt,
668 464 715 491 sed
733 469 760 491 et
781 464 866 496 illum,
879 464 924 499 qui
941 465 1013 492 binis

223 509 379 544 implicatus
397 513 439 536 est
454 509 566 543 nuptiis,
594 514 655 544 post
678 510 853 544 baptismum,
871 516 917 538 aut
936 511 1013 546 pelli-

223 561 282 581 cem
293 555 402 586 retinet,
417 561 463 581 aut
476 554 595 586 viduam.
611 559 658 581 aut
675 555 709 582 ab
721 555 774 582 alio
797 555 948 590 dimissam,
966 561 1013 582 aut

224 601 407 633 meretricem,
429 606 475 627 aut
496 607 614 633 servnm,
636 605 684 628 aut
698 601 833 628 scenicam
851 601 936 634 ducit,
959 609 1011 628 non

223 653 304 680 posse
320 646 488 680 episcOpum,
513 651 559 672 aut
573 647 774 682 presbyterum,
793 651 839 674 aut
851 647 1011 680 diaconum,

224 696 272 719 aut
286 692 500 727 bypodiaconum
517 693 584 725 ﬁeri,
613 692 691 726 juxta
714 693 848 721 decimum
866 695 1011 728 septimum

223 742 252 765 et
267 738 401 765 decimum
418 743 543 765 octavum
565 739 751 774 apostolorum
774 748 894 767 canones
916 741 1012 768 decer-

225 789 302 811 nunt.

529 829 643 858 CANON
663 830 706 858 ιν.

228 883 238 900 ι
255 873 283 902 Si
300 875 362 910 quis
379 875 524 910 episcopus
543 875 584 902 vel
600 877 741 910 presbyter
761 877 803 904 vcl
821 877 953 906 diaconus
971 878 1011 905 vcl

262 929 271 945 ι
294 919 477 948 subdiaconus
493 921 533 948 vel
550 921 634 948 lector
653 921 695 948 vel
710 927 806 950 cantor
821 925 861 951 vel
881 925 1012 952 ostiarius

263 975 273 991 ί
297 973 358 994 cum
374 967 487 994 muliere
507 967 564 994 Deo
583 967 705 995 dedicata
727 969 834 1001 coierit,
851 971 1011 1004 deponatur,

262 1020 272 1036 ι
295 1016 323 1039 ut
338 1012 383 1046 qui
398 1011 499 1039 Christi
517 1020 623 1048 sponsa:
641 1013 736 1041 vitium
749 1015 870 1042 attulerit
885 1024 892 1042 ε
910 1015 953 1043 sin
966 1025 1013 1043 au-

264 1066 275 1083 r
297 1062 350 1085 tem
368 1057 464 1091 laiCus,
480 1063 645 1094 segregetur.
659 1068 669 1086 ι

259 1102 357 1131 BALS.
374 1104 444 1132 Ante
453 1105 542 1132 omnia
559 1110 621 1133 uola
634 1112 668 1133 ex
679 1106 730 1133 hoc
743 1108 868 1141 prtesenti
889 1115 1004 1140 canone,
1048 1126 1051 1128 -

224 1151 296 1188 quod
311 1152 375 1179 olim
393 1157 534 1180 cantorum
559 1153 635 1184 ordo,
652 1160 706 1180 non
723 1161 755 1180 ex
767 1154 901 1182 eunuchis
913 1154 1012 1187 solum,

225 1201 255 1224 ut
274 1197 355 1224 hodie
370 1196 410 1230 lit,
435 1197 660 1230 constituebatur,
692 1198 739 1226 sed
759 1203 786 1226 et
799 1206 833 1226 ex
847 1199 880 1226 iis
899 1199 943 1233 qui
960 1207 1013 1226 non

224 1247 304 1270 erant
322 1242 466 1276 ejusmodi.
488 1243 632 1271 Lectorum
647 1249 737 1272 autem
756 1245 834 1278 ordo,
848 1252 903 1272 non
920 1249 949 1272 ut
962 1245 1013 1279 ipsi

224 1293 378 1321 cantarent,
395 1290 561 1317 constitutus
582 1294 634 1322 est,
654 1292 701 1318 sed
722 1295 750 1318 ut
765 1291 792 1318 in
809 1290 928 1318 ambone
943 1290 1012 1318 divi-

224 1341 275 1361 nas
292 1334 447 1370 Scripturas
466 1335 596 1370 legerent,
616 1340 675 1369 post
700 1336 806 1363 ﬁnitum
830 1335 1012 1370 Matutinum;

224 1381 296 1409 unde
316 1381 398 1409 etiam
422 1382 537 1411 lectores
552 1382 734 1418 appellantur.
754 1381 825 1410 Dicit
836 1382 910 1410 enim
930 1381 1014 1417 depo-

224 1428 328 1456 nendos
345 1433 483 1461 cantores,
494 1428 564 1456 sicut
579 1433 606 1456 et
626 1427 744 1463 reliquos
757 1428 882 1462 clericos,
893 1428 940 1463 qui
952 1435 1012 1455 cun
1029 1456 1031 1458 ,

223 1475 385 1502 mulieribus
403 1474 457 1503 Deo
474 1475 642 1503 consecratis
657 1479 757 1502 coeunt
776 1484 783 1502 :
807 1479 834 1502 et
850 1481 904 1501 non
926 1474 1012 1502 solum

224 1521 253 1548 in
279 1527 327 1548 eos
345 1521 554 1554 animadvertit,
589 1520 635 1548 sed
662 1519 747 1548 laicos
775 1520 857 1548 etiam
887 1520 932 1553 qui
959 1519 1013 1547 tale

224 1565 288 1600 quid
315 1565 430 1599 faciunt,
456 1570 591 1601 segregat.
607 1565 667 1593 Non
689 1570 732 1593 cst
752 1570 843 1593 autem
864 1573 964 1592 novum
988 1565 1010 1593 si
1025 1579 1047 1610 α

224 1613 341 1642 clericus
366 1618 476 1647 propter
504 1613 556 1640 tale
575 1612 701 1640 delictum
724 1613 884 1646 deponatur.
913 1611 950 1639 Ex
975 1611 1012 1639 25

223 1658 298 1686 enim
314 1665 419 1686 canone
442 1658 602 1693 apostolico,
626 1658 709 1686 etiam
734 1658 780 1692 qui
797 1657 1013 1692 qualemcunque

224 1704 366 1732 mulierem
401 1705 538 1739 siupravit
564 1703 699 1736 clericus,
727 1704 894 1737 deponitur:
928 1704 1013 1731 multo

224 1755 315 1778 autem
332 1749 419 1784 magis
433 1750 478 1783 qui
493 1757 617 1784 sponsam
629 1750 730 1777 Christi
745 1754 772 1778 et
784 1757 831 1777 vas
841 1749 894 1776 Deo
905 1749 1013 1776 dedica-

225 1801 283 1825 tum
301 1796 406 1832 polluit,
421 1797 583 1831 deponatur.
596 1797 667 1832 Lege
683 1803 710 1824 et
724 1797 810 1824 sancti
821 1796 912 1824 Basilii
927 1803 1011 1824 eano-

223 1850 286 1870 nem
298 1842 342 1875 18.
358 1842 479 1870 εοειδο.
493 1843 560 1870 Cum
572 1848 661 1870 autem
680 1843 764 1870 discis
774 1864 781 1875 ,
795 1842 928 1876 quomodo
937 1842 1013 1876 puni-

223 1891 270 1915 tur
291 1888 337 1923 qui
356 1895 416 1916 cum
442 1888 541 1915 talibus
572 1888 732 1916 mulieribus
761 1895 819 1915 rem
847 1888 958 1920 habent,
979 1895 1013 1915 ne

223 1933 428 1968 subdistinguas
449 1933 580 1968 virginem
604 1942 638 1960 an
656 1934 777 1966 viduam,
803 1934 850 1960 sed
875 1933 909 1960 de
937 1931 1011 1960 omni

223 1980 338 2009 muliere
353 1980 408 2007 Deo
425 1984 581 2007 consecrata
598 1980 641 2006 dic
656 1979 774 2006 locutum
796 1986 856 2006 esse
869 1985 1011 2006 canonem.

224 2025 301 2054 Scias
314 2031 405 2054 autem
420 2027 492 2063 qupd
509 2025 603 2058 laicus,
621 2025 668 2060 qui
686 2033 748 2052 rum
763 2024 807 2052 tali
823 2025 939 2052 muliere
953 2032 1011 2052 rem

224 2072 306 2099 habet
319 2092 326 2104 ,
354 2079 368 2098 a
384 2071 511 2106 praesenti
528 2071 643 2105 quidem
664 2078 769 2098 canone
787 2075 944 2106 segregatur
963 2080 970 2098 :
997 2079 1012 2098 a

222 2125 240 2144 ν
251 2122 342 2145 autem
356 2124 416 2151 cap.
433 2117 512 2151 primi
529 2110 572 2145 tit.
585 2123 611 2144 tv
637 2117 684 2144 lib.
710 2115 821 2144 Basilio.
835 2116 948 2151 seu1l25
960 2116 1013 2145 No-

224 2164 278 2192 vel.
290 2164 378 2198 capite
400 2164 520 2198 punitur.
531 2163 602 2198 Lege
617 2168 644 2190 et
657 2163 692 2190 50
705 2170 765 2198 cap.
779 2163 795 2190 9
820 2162 860 2190 tit.
870 2165 1012 2198 praesentis

223 2210 325 2245 operis.

1063 281 1165 319 ἀλλ’ἦς
1195 283 1347 318 εὑρέθησαν
1361 283 1487 317 μένοντες
1503 284 1614 316 τάξεως.
1632 285 1687 312 Καὶ
1707 285 1793 312 ταῦτα
1807 287 1862 321 μὲν

1064 329 1240 364 προσέταξαν
1263 329 1402 363 γενέσθαι,
1421 330 1465 356 διὰ
1488 330 1515 356 δὲ
1533 330 1584 364 τὴν
1603 330 1812 366 φιλανθρωπίαν
1823 341 1858 358 τε

1064 375 1111 401 καὶ
1125 375 1309 409 συμπάθειαν,
1332 376 1384 410 πρὸ
1395 376 1447 410 τῆς
1466 377 1566 407 αὐτῶν,
1584 377 1621 407 di,-
1634 377 1757 412 εἴρηται,
1777 387 1860 404 συνε-

1064 420 1193 452 λεύςεως.
1213 421 1331 447 “Eurota
1349 422 1376 448 δὲ
1391 422 1459 457 μετὰ
1475 422 1521 448 τὶν
1541 423 1605 457 ὅρον
1632 423 1730 449 τοῦτον
1747 425 1795 450 καὶ
1809 425 1860 450 τον

1064 467 1174 498 κανόνα,
1203 467 1279 493 οὐδέν
1307 476 1332 493 τι
1361 467 1483 494 τοιοῦτον
1504 468 1628 502 γίνεσθαι
1654 470 1858 504 συγχωροῦσιν,

1064 512 1132 539 ἀλλὰ
1149 513 1196 539 καὶ
1223 513 1269 539 τὸν
1292 513 1353 539 δυσὶ
1378 514 1479 548 γάμοις
1510 514 1704 547 συμπλακέντα
1729 515 1799 548 μετὰ
1826 516 1861 541 τὸ

1063 558 1216 593 βάπτισμα,
1231 558 1396 593 ῆπαλλακὴν
1403 560 1585 593 κτησάμενον,
1597 559 1613 594 ἢ
1626 561 1714 595 χήραν
1724 560 1791 586 λαῦὸ
1808 569 1858 592 τα,

1063 604 1079 638 ἧ
1099 604 1162 638 παρ’
1178 604 1272 637 ἑτέρου
1296 604 1501 639 ὲκὸεῦλημένην
1516 605 1532 640 ἢ
1551 605 1678 640 πόρνηιῆ
1706 606 1821 637 οἰκέτιν,
1838 608 1857 642 ἦ

1062 649 1116 676 τῶν
1136 649 1183 676 ἐπὶ
1214 650 1328 685 σκηνῆς,
1356 651 1393 685 μὴ
1410 650 1544 677 δύνασθαι
1563 649 1806 684 εἶναιὲπίσκοπον,
1839 653 1857 688 ἦ

1064 695 1265 730 πρεσϐύτερον,
1287 695 1302 729 ἢ
1319 695 1481 730 διάχονον,ἦ
1498 696 1688 728 ὑποδιάκονον,
1708 697 1779 723 κατὰ
1789 697 1859 728 τοὺς

1063 740 1260 771 ἀποστυλικοὺς
1297 741 1428 772 κανόνας,
1456 741 1502 768 τὸν
1538 742 1771 769 ἑπτακαιδέκατον
1808 743 1860 768 καὶ

1062 786 1296 813 ὀκτωκαιδέκατον
1307 787 1482 822 διορίζονται.

1380 834 1402 859 Κ
1409 833 1502 859 ΛΝΩΝ
1520 832 1559 860 Δ’.

1102 888 1110 904 ι
1137 879 1169 906 Et
1186 888 1229 910 τις
1243 879 1394 911 ἐπίσκοπος
1409 880 1424 915 ἦ
1441 879 1627 915 πρεσϐύτερος
1645 880 1662 916 ἢ
1680 880 1813 912 διάκονος
1837 881 1857 915 ἢ

1104 934 1112 950 ι
1142 926 1323 957 ὐποδιάκονος
1350 926 1365 960 ἢ
1390 926 1568 961 ἀναγνώστης
1583 927 1598 961 ἢ
1614 927 1746 961 ψάλτηςῆ
1763 929 1857 962 θυρω-

1103 983 1111 997 ι
1140 972 1196 1007 ρὸς,
1219 973 1330 1006 γυναικὶ
1345 973 1522 1008 ἀφιερωμένῃ
1539 973 1578 1008 τῷ
1589 973 1648 1008 Θεῷ
1667 974 1789 1008 μιχθείη,
1806 983 1859 1001 κει-

1103 1028 1112 1044 ι
1142 1018 1299 1054 θαιριισθω,
1318 1018 1355 1048 ὡς
1369 1018 1418 1053 τὴν
1437 1019 1548 1053 νύμφην
1567 1018 1616 1045 τιῦ
1645 1019 1766 1054 Χριστοῦ
1791 1020 1856 1046 δια-

1103 1073 1112 1089 ι
1136 1063 1262 1099 φθείρας’
1276 1064 1299 1089 εἰ
1317 1063 1345 1090 δὲ
1357 1063 1464 1095 λαῖκδς,
1482 1063 1666 1097 ἁφοριζέσοω.
1698 1074 1707 1090 ι

1100 1110 1199 1138 ΒᾹΔΣ.
1221 1110 1278 1145 Πρὸ
1292 1110 1402 1136 πάντων
1421 1110 1575 1144 σημείοισαι
1588 1109 1641 1136 ἀπὸ
1654 1112 1700 1136 τοῦ
1719 1110 1857 1144 παρόντος

1065 1156 1176 1187 κανόνος
1193 1155 1234 1181 ὃτι
1251 1156 1281 1181 τὸ
1298 1154 1413 1181 παλαιὸν
1427 1155 1477 1181 οὐκ
1491 1155 1539 1181 ἀπ’
1567 1154 1702 1189 εὐνούχων
1718 1155 1801 1188 μόνον
1826 1156 1858 1181 το

1063 1201 1119 1228 τῶν
1135 1200 1246 1235 ψαλτῶν
1271 1201 1364 1234 τάγμα
1396 1200 1552 1232 συνίστατο,
1584 1200 1674 1232 καθὼς
1689 1200 1794 1234 γίνεται
1813 1201 1859 1234 σή-

1066 1255 1162 1282 μερον,
1178 1246 1248 1274 ἀλλὰ
1264 1245 1311 1272 καὶ
1326 1246 1378 1272 ἀπὸ
1396 1246 1434 1280 μὴ
1444 1245 1583 1272 τοιούτων.
1597 1246 1633 1271 Τὸ
1647 1247 1739 1279 τάγμα
1759 1246 1788 1271 δὲ
1799 1246 1856 1271 τῶν

1065 1292 1260 1326 ἁναγνωστῶν,
1281 1291 1311 1317 οὺ
1323 1291 1367 1317 διὰ
1388 1291 1418 1317 τὸ
1437 1291 1550 1325 ψάλλειν
1572 1291 1681 1322 αὐτοὺς,
1712 1291 1854 1325 hume

1065 1338 1135 1365 ἀλλὰ
1150 1337 1194 1364 διὰ
1219 1337 1250 1363 τὺ
1266 1336 1465 1370 ἀναγινώσκειν
1485 1336 1530 1362 ἐπ’
1552 1337 1678 1370 ἆμεωνος
1698 1336 1747 1367 τὰς
1776 1337 1856 1368 θείας

1065 1382 1178 1419 Γραφὰς
1192 1382 1262 1417 μετὰ
1275 1382 1324 1417 τὴν
1342 1381 1474 1409 ἀπόλυσιν
1490 1381 1536 1408 τοῦ
1560 1381 1677 1416 ὃρῡρου⁸
1703 1382 1732 1414 ἐξ
1751 1379 1782 1408 οὗ
1809 1383 1856 1409 καὶ

1065 1429 1241 1463 ἀναγνῶσται
1260 1428 1417 1456 καλοῦνται.
1432 1428 1501 1463 Φησὶ
1515 1428 1570 1462 γὰρ
1586 1427 1779 1463 καθαιρεῖσθαι
1788 1428 1855 1459 τοὺς

1063 1475 1168 1510 ψάλτας
1193 1475 1287 1510 ὥσπερ
1303 1475 1349 1502 καὶ
1364 1475 1427 1506 τοὺς
1442 1475 1553 1506 λοιποὺς
1580 1474 1729 1508 κληρικοὺς
1753 1483 1854 1509 μιγνυ-

1066 1524 1164 1558 μένους
1177 1522 1237 1552 ταῖς
1250 1521 1288 1556 τῷ
1315 1521 1376 1556 Θεῷ
1391 1521 1615 1557 ἁφιερωθείσαις·
1641 1521 1690 1547 καὶ
1714 1521 1745 1547 οὺ
1771 1521 1854 1556 μόνον

1064 1567 1178 1599 τούτους
1203 1567 1322 1599 κολάζει,
1350 1568 1418 1594 ἀλλὰ
1447 1567 1575 1599 καὶτοὺς
1592 1567 1704 1598 λαῖκοϋς
1728 1567 1855 1592 τοιοῦτνέν

1064 1621 1090 1640 τι
1106 1613 1250 1644 ποιοῦντας
1276 1612 1410 1647 ἀφορίζει.
1442 1612 1499 1638 Οὐκ
1521 1611 1579 1638 ἔστι
1604 1611 1633 1638 δὲ
1662 1611 1768 1643 καινὴν,
1806 1612 1855 1637 ἐὰν

1063 1657 1232 1692 καθαιρῆται
1249 1657 1380 1693 κληρικὸς
1400 1657 1432 1682 ὲκ
1458 1656 1555 1694 τούτου
1572 1655 1617 1682 τοῦ
1638 1657 1854 1691 ἁμαρτήματος.

1070 1704 1136 1730 Ἀπὸ
1147 1703 1201 1739 γὰρ
1219 1703 1266 1729 τοῦ
1292 1701 1333 1729 κε’
1356 1702 1539 1731 ἀποστολικοῦ
1570 1702 1682 1733 κανόνος
1697 1703 1744 1728 καὶ
1755 1703 1769 1728 ὁ
1781 1702 1856 1728 οἱα-σ-

1064 1750 1158 1785 δήτινιι
1185 1750 1338 1784 πορνεύσας
1356 1749 1474 1782 γυναῖκα
1499 1748 1630 1783 κληρικὸς
1657 1748 1854 1783 καθαιρετται·

1065 1796 1157 1830 πολλῷ
1172 1793 1219 1822 οὖν
1230 1795 1311 1822 πλέον
1325 1795 1338 1821 ὁ
1352 1795 1402 1829 τὴν
1426 1795 1536 1830 νύμφην
1557 1795 1605 1822 τοῦ
1621 1793 1742 1830 Χριστοῦ
1758 1794 1808 1821 καὶ
1825 1795 1856 1820 τὸ

1066 1841 1162 1873 σκεῦος
1180 1841 1210 1867 τὸ
1224 1840 1435 1876 ἀνατεθειμέ·,·ον
1457 1839 1496 1875 τῷ
1522 1840 1582 1875 Θεῷ
1612 1840 1734 1875 μολύνων
1754 1841 1856 1867 καθαι-

1066 1887 1221 1922 ρεθήσεται.
1252 1887 1400 1920 Ἀνάγνωρι
1418 1887 1467 1913 καὶ
1481 1885 1527 1913 τοῦ
1545 1887 1622 1920 ἁγίου
1639 1885 1783 1913 Βασιλειου
1800 1891 1854 1921 κα-

1064 1933 1130 1962 νόνα
1149 1931 1195 1967 ιη’,
1210 1932 1233 1959 κ’
1265 1932 1314 1959 καὶ
1331 1932 1363 1965 ξ’.
1388 1932 1540 1959 Μανθάνων
1570 1932 1663 1967 μέντοι
1680 1932 1739 1963 πῶς
1763 1940 1855 1966 τιμω-

1066 1979 1176 2016 ροῦνται
1200 1981 1224 2006 οἱ
1241 1979 1381 2011 τοιαύταις
1395 1978 1503 2012 γυναιξὶ
1531 1978 1702 2012 μιγνύμενοι,
1719 1977 1758 2013 μὴ
1785 1978 1857 2004 ἁπο-

1064 2027 1217 2063 διαστείλῃς
1248 2025 1399 2061 παρθενίαν
1414 2025 1430 2059 ἢ
1456 2025 1582 2061 χηρείαν,
1595 2025 1664 2052 ἀλλὰ
1679 2026 1744 2060 περὶ
1760 2025 1854 2060 πάσης

1064 2072 1192 2106 γυναικὸς
1218 2071 1419 2106 ἀφιερωθείσης
1438 2071 1476 2104 τῷ
1501 2070 1562 2106 Θεῷ
1592 2071 1653 2105 λέγε
1686 2070 1732 2098 τὸν
1750 2071 1855 2097 κανόνα

1065 2117 1268 2153 ὲκφωνηθῆναι.
1294 2118 1360 2144 Ἐσο
1373 2118 1400 2144 δὲ
1426 2117 1504 2148 ιῐδὼς
1527 2118 1568 2143 ὅτι
1584 2119 1597 2144 ὁ
1611 2117 1726 2152 τοιαύτῃ
1739 2119 1854 2150 γυναικὶ

1066 2165 1232 2200 μιγνύμενος
1247 2164 1339 2195 sane;
1355 2165 1409 2191 ἀπὸ
1438 2164 1486 2199 μὲν
1506 2164 1552 2190 τοῦ
1570 2164 1707 2198 παρόντος
1738 2163 1854 2193 κανόνος

1064 2210 1236 2246 ἀφορίζεται,
1256 2210 1309 2236 ἀπὸ
1334 2210 1362 2236 δὲ
1395 2209 1442 2236 τοῦ
1472 2209 1493 2236 ε’
1517 2209 1665 2242 κεφαλαίου
1682 2209 1729 2234 τοῦ
1748 2208 1775 2234 α’
1794 2209 1854 2241 τίτ-

223 2255 271 2282 λου
297 2255 345 2282 τοῦ
379 2254 398 2282 δ’
445 2255 548 2289 βιϐλίου
588 2255 642 2282 τῶν
680 2255 846 2288 Βασιλικῶν,
878 2255 962 2291 ἤγουν
991 2257 1039 2291 τῆς
1069 2260 1130 2291 ρκγ¹
1164 2257 1285 2291 Νεαρᾶς,
1307 2255 1462 2290 κεφαλικῶς
1496 2256 1668 2289 τιμωρεῖται.
1699 2254 1853 2287 ’Δνὰγνωθι

222 2302 272 2330 καὶ
298 2302 328 2329 τὸ
342 2301 364 2328 λ’
385 2309 446 2335 κεφ.
466 2301 514 2328 τοῦ
530 2301 544 2328 θ
564 2300 654 2327 τίτλου
669 2301 715 2327 τοῦ
731 2301 865 2337 παρόντος
879 2301 1081 2337 συντάγματος.

257 2346 384 2374 ZONAR.
403 2347 437 2375 Ut
450 2354 497 2374 vas
512 2347 692 2382 quodcunque
707 2353 753 2375 aut
768 2352 872 2376 vestem
893 2348 947 2375 Deo
967 2349 1008 2376 di-

1100 2349 1344 2382 ΖΩΝᾹΡ.⁹Ὠσπερ
1367 2347 1464 2378 σκεῦος
1496 2346 1686 2381 οἱονδηποτοῦν
1713 2347 1730 2382 ἢ
1754 2346 1854 2380 ὀθόνην

221 2397 323 2424 catam,
337 2399 369 2420 ac
383 2392 496 2426 proinde
511 2397 646 2424 sanctam,
661 2393 694 2420 ad
712 2400 742 2420 se
754 2393 908 2428 quempiam
929 2401 1008 2421 aver-

221 2443 289 2471 tere,
317 2437 404 2472 iisque
425 2437 475 2470 uti,
492 2438 605 2465 vetitum
616 2442 667 2470 est,
685 2442 732 2465 aut
747 2438 793 2473 qui
811 2438 837 2465 id
855 2446 938 2466 ausus
953 2439 1009 2465 l'ue-

220 2485 257 2513 rit
271 2485 418 2513 secundum
434 2484 661 2519 septuagesimum
679 2484 758 2520 162
774 2485 883 2512 tertium
902 2490 1009 2512 sancto-

220 2539 281 2560 rum
295 2521 478 2566 apostolorum
492 2538 623 2558 eanonem
642 2536 802 2566 segregatur
818 2540 825 2559 :
841 2532 891 2564 sic,
907 2532 1008 2559 multo-

219 2585 273 2613 que
285 2576 372 2611 magis
394 2575 442 2611 qui
468 2575 523 2604 Deo
537 2579 672 2603 sacratam
684 2595 692 2608 .
711 2576 768 2604 sive
790 2577 934 2611 virginem,
951 2577 1009 2604 sive

219 2623 302 2651 etiam
318 2622 475 2650 commercii
489 2621 574 2649 virilis
586 2622 656 2649 haud
672 2622 839 2657 inexpertam
855 2623 1006 2656 mulierem,

219 2669 372 2701 violaverit,
389 2675 442 2695 non
453 2668 570 2703 impuuis
579 2667 683 2701 abibit;
699 2670 744 2695 sed
764 2669 785 2695 si
803 2669 889 2696 sacris
906 2669 1008 2695 ordini-

218 2713 270 2740 bus
291 2713 413 2740 initiatus
430 2717 474 2740 aut
494 2713 605 2740 omnino
630 2713 656 2740 in
674 2713 777 2740 clerum
800 2717 943 2748 cooptatus
959 2714 1006 2745 sit,

219 2763 247 2785 Ill
263 2758 412 2792 sacrilegus
425 2759 468 2785 vel
480 2759 561 2785 etiam
578 2759 710 2793 gravioris
724 2758 810 2793 culpa:
824 2766 895 2791 rcus,
908 2760 1007 2793 quippe

219 2802 266 2835 qui
289 2802 417 2829 l‘emiuam
449 2803 503 2830 Deo
519 2808 703 2831 consecratam
727 2804 942 2838 desponsamque
965 2812 1007 2830 ra-

220 2846 291 2878 puit.
309 2846 474 2880 deponatur;
494 2849 598 2876 si‘vero
617 2848 702 2876 laicus
715 2849 751 2876 sit
764 2849 809 2883 qui
825 2849 888 2877 talia
913 2850 1005 2882 audet,

219 2891 406 2928 segregatione
428 2893 597 2923 multabitur.
634 2894 687 2923 Sed
707 2894 729 2922 si
761 2895 885 2923 initiatus
908 2895 1006 2932 aliquis

1065 2395 1231 2420 ἀνατεθέντα
1253 2394 1323 2428 Θεῷ,
1343 2393 1491 2420 κάντεῦθεν
1522 2393 1691 2426 ἁγιασοέντα
1723 2395 1855 2428 σφετερί-

1064 2439 1159 2471 ζεσηαί
1172 2448 1213 2470 τις
1229 2440 1275 2466 καὶ
1292 2439 1409 2474 χρᾶσθαι
1442 2439 1533 2470 αὐτοῖς
1559 2438 1706 2470 κωλύεται,
1734 2438 1751 2473 ἦ
1773 2438 1854 2465 τοῦτο

1064 2485 1150 2512 ποιῶν
1167 2485 1328 2520 ἀφορίζεται
1359 2484 1431 2511 κατὰ
1457 2485 1504 2511 τὸν
1526 2483 1727 2519 ἑϐδομηκοστὸν
1759 2483 1854 2518 τρίτον

1064 2531 1164 2557 κανόνα
1195 2531 1250 2557 τῶν
1283 2530 1364 2565 ἱερῶν
1390 2529 1557 2556 ἀποστόλων
1580 2524 1653 2556 οὕτω
1685 2529 1732 2555 καὶ
1761 2528 1854 2563 πολλῷ

1063 2577 1145 2604 πλέον
1158 2577 1206 2611 τὴν
1221 2575 1422 2611 ἀφιερωθεῖσαν
1440 2575 1500 2610 Θεῷ
1517 2575 1634 2610 φθείρων
1645 2583 1698 2606 τις,
1711 2574 1766 2602 κᾶν
1781 2583 1854 2609 παρ-

1063 2622 1139 2654 θένος
1161 2621 1190 2658 ᾖ,
1209 2622 1261 2648 κᾶν
1277 2621 1375 2656 ἀνδρὸς
1399 2621 1428 2647 ὲν
1443 2620 1526 2656 πείρᾳ.
1543 2620 1677 2654 πρότερον
1701 2621 1852 2654 γενομένη,

1061 2669 1112 2695 οὐκ
1144 2667 1320 2703 ἀτιμώρητος
1344 2667 1438 2699 ἔσται,
1453 2666 1511 2692 ἀλλ’
1532 2665 1556 2692 εἰ
1573 2665 1621 2700 μὲν
1639 2666 1793 2700 ιερωμὲνος
1809 2667 1853 2700 εἴη

1061 2714 1075 2740 ὸ
1091 2714 1169 2741 τοῦτο
1194 2715 1320 2748 ποιήσας,
1339 2713 1355 2746 ἢ
1370 2713 1437 2740 ὅλως
1455 2713 1484 2738 ὲν
1507 2711 1601 2746 κλήρῳ
1626 2711 1852 2746 κατειλεγμένος,

1063 2760 1291 2795 καθαιρεθήσεται
1308 2759 1345 2790 ὼς
1361 2758 1509 2793 ἱερόσυλος,
1535 2756 1552 2785 ἢ
1579 2757 1626 2783 καὶ
1652 2757 1808 2793 βαρύτερόν
1825 2766 1852 2784 τι

1061 2806 1218 2840 τολμήσας·
1249 2805 1299 2838 τὴν
1326 2804 1381 2838 γὰρ
1406 2805 1445 2839 τῷ
1470 2804 1528 2837 Θεῷ
1550 2803 1755 2837 ἀφιερωθείσαν
1783 2805 1849 2830 ἑτι)-

1060 2851 1154 2886 λησεν·
1169 2852 1193 2877 εἰ
1217 2851 1245 2877 δὲ
1262 2850 1354 2880 λαῑκδ;
1380 2851 1395 2877 ὸ
1414 2850 1564 2885 τολμητίας
1587 2849 1673 2879 ἐστὶν,
1701 2848 1854 2886 ἀζςορισμῷ

1061 2896 1293 2933 mammam.
1320 2895 1380 2924 Κᾶν
1405 2896 1434 2923 δὲ
1466 2896 1503 2930 μὴ
1530 2895 1709 2931 ἁφιερωμένῃ
1741 2897 1853 2930 γυναικὶ
