1941 3093
105 165 158 197 533

665 167 707 199 IN
723 167 807 199 CAN.
824 165 863 198 Vl
880 163 985 195 CONC.
1007 163 1048 194 ΙΝ
1065 164 1229 195 TRULLO.

1688 164 1741 195 535$

106 221 192 258 μιχθῇ
213 228 256 252 τις
269 220 325 247 τῶν
343 220 514 256 ῑερωμένων,
524 221 594 250 ἀλλὰ
617 221 712 259 λαῖκῇ,
730 222 896 258 καθαιρεθή-

969 227 1013 255 um
1027 227 1080 247 non
1098 227 1187 252 sacra,
1208 223 1233 246 at
1250 219 1309 246 laici
1325 219 1545 247 ordinisfcmina
1562 226 1620 247 rem
1640 220 1743 247 habue-

104 276 192 295 σεται.

83 358 217 387 “ΑΡ1ΣΤ.
261 369 271 386 ι
303 359 445 395 Κληρικδς
468 359 563 394 νύμφῃ
599 359 666 386 Θεοῦ
693 360 897 394 συναπτόμενος

164 414 174 432 ι
203 405 401 440 καθαιρείσθω·
419 406 433 433 δ
447 405 476 433 δὲ
493 405 598 438 λαῖκὺς,
621 397 805 441 “omnem”.
830 415 840 432 ι

157 450 178 475 0
195 450 245 484 μὲν
260 450 352 477 κανὼν
369 446 446 481 οὗτος
457 450 504 477 τὸν
524 450 653 486 γαμικῶς
667 450 838 485 συναφθέντα
861 451 894 484 τῇ

108 495 237 530 παρθένῳ
251 497 284 531 τῇ
306 497 510 533 καθιερωοείσῃ
529 497 576 523 καὶ
587 496 774 532 νυμφευθείσῃ
788 495 857 531 Θεῷ,
871 497 896 522 sl

109 540 302 577 μὲνκληρικός
321 542 389 577 ἐστι,
421 542 549 578 καθαιρεῖ
578 543 670 570 αὐτόν·
698 544 723 570 εί
747 543 775 570 δὲ
791 542 894 575 λαῖκὸς,

107 588 254 622 ἀφορίζει·
275 590 289 615 ὁ
318 588 347 615 δὲ
374 589 609 621 ὀκτωκαιδέκατος
636 588 685 616 τοῦ
702 589 823 624 μεγάλου
840 589 896 616 Βα-

107 633 208 660 σιλείου
225 634 315 660 κανὼν
331 634 368 666 ὡς
384 635 477 670 μοιχὸν
491 635 540 662 καὶ
553 635 675 662 τοιοῦτον
688 634 836 669 λογίζεται,
847 635 895 662 καὶ

111 679 153 710 είς
170 680 313 706 κοινωνίαν
325 681 408 707 αὐτὸν
433 681 521 713 ἄλλως
547 682 578 708 οὺ
595 681 793 718 παραδέχεται,
811 681 835 708 εί
857 681 898 717 μὴ’

107 724 242 760 πρότερον
256 726 306 762 τῆς
318 726 460 762 ἁμαρτίας
473 728 576 763 παυθῇ.

405 774 526 801 ΚΔΝΩΝ
537 775 574 802 Ε¹.

106 825 118 842 ι
145 817 250 852 Μηδεὶς
266 818 321 846 τῶν
347 820 376 846 ὲν
393 820 524 856 ἱερατικῷ
542 821 698 857 καταλόγῳ,
713 821 769 848 τῶν
795 822 826 849 ὲν
854 822 894 857 τῷ

142 873 152 889 ι
181 865 276 892 κανόνι
306 865 505 901 ἐμφερομένων
541 868 709 894 ἀνυπόπτων
739 868 894 904 προσώπων

144 920 154 936 ‹
180 910 259 943 ὲκτδς
272 912 385 945 διάγων,
415 913 536 946 γυναῖκα
563 913 711 948 κεκτήσθω
726 914 742 949 ἢ
759 915 893 949 θεραπαιν

142 965 152 981 ι
178 957 249 988 νιδα,
272 957 303 984 τὺ
320 958 509 993 ἀνεπίληπτον
534 959 626 994 ἑαυτῷ
646 959 775 986 ἐντεῦθεν
790 960 892 995 τηρῶν.

142 1011 153 1027 «
178 1003 209 1029 Εἰ
222 1003 251 1029 δὲ
268 1004 435 1038 παραϐαίνει
448 1013 490 1036 τις
501 1005 534 1032 τὰ
551 1005 617 1040 παρ’
632 1006 711 1040 ἡμῶν
735 1006 893 1040 ὁρισθέντα,

142 1057 152 1074 ι
179 1049 378 1084 καθαιρείσθω.
394 1050 431 1076 Τὸ
452 1051 519 1077 αὐτὸ
535 1051 564 1077 δὲ
581 1051 660 1078 τοῦτο
676 1051 723 1078 καὶ
746 1052 772 1078 οι
801 1052 895 1078 εὐνοῦ-

143 1103 153 1119 ι
181 1102 225 1129 χοι
251 1095 573 1129 παραφυλαττέσθωσαν,
596 1096 627 1122 τὸ
654 1096 802 1131 ἄμεμπτον
830 1098 895 1124 ἐαυ-

146 1148 156 1164 σ
182 1140 240 1171 τοῖς
263 1141 472 1176 προνοούμενοι·
493 1141 713 1176 παραϐαίνοντες
738 1142 779 1174 δὲ,
797 1143 822 1169 εί
846 1134 919 1178 μὲνῘ

144 1194 153 1210 ι
182 1185 311 1220 κληρικοὶ
337 1185 405 1219 εἷεν,
439 1187 691 1223 καθαιρείσθωσαν,
708 1188 778 1214 εἰδὲ
794 1188 894 1222 λαῖκοὶ,

146 1241 155 1256 ι
180 1232 423 1267 ἀφοριζέσθωσαν.
442 1242 452 1259 ι
639 1262 642 1265 ,

148 1277 246 1305 ΒΑΛΣ.
265 1279 310 1304 Ἐν
326 1278 364 1312 τῷ
377 1279 463 1314 τρίτῳ
475 1280 570 1306 κανόνι
584 1279 636 1314 τῆς
652 1281 681 1306 ὲν
696 1280 801 1316 Νικαίᾳ
818 1281 896 1316 πρώ-

107 1331 158 1357 της
177 1323 290 1350 συνόδου
317 1324 489 1359 πλατύτερον
514 1325 678 1360 ἐγράψαμεν
693 1326 758 1360 περὶ
772 1323 810 1353 ὧν
825 1335 896 1362 φησι

111 1368 160 1394 καὶ
177 1368 192 1394 ό
205 1367 311 1402 παρὼνι
327 1369 430 1396 κανώνο
455 1369 504 1396 καὶ
521 1369 598 1404 ζήτει
613 1369 648 1395 τὰ
667 1369 697 1396 ὲν
716 1369 814 1405 ἐκείνῳ
843 1378 896 1396 πα-

105 1414 296 1450 ραγραφέντα.
327 1415 384 1442 Καὶ
403 1415 558 1451 σημείωσαι
574 1416 606 1442 ὲκ
621 1416 732 1443 πάντων
747 1417 789 1443 ὅτι
809 1417 858 1443 καὶ
870 1417 895 1444 ol.

105 1461 230 1497 εὐνοῦχοι
260 1462 438 1498 ἀφορίζονται
471 1462 542 1498 μετὰ
576 1464 716 1498 γυναικῶν
747 1463 895 1498 ἀλλοτρίων

107 1508 311 1540 συνοικοῦντες.

953 265 1006 298 rit,
1035 266 1214 302 depositionis
1240 265 1351 292 multam
1380 265 1557 293 nihilominus
1591 273 1643 294 non
1675 266 1742 294 eﬂ'u-

951 312 1016 345 giel.
1686 316 1693 320 ’

952 357 1065 385 ARIST.
1085 367 1094 384 ι
1119 357 1240 384 Clericus
1262 357 1307 384 Dei
1325 364 1430 392 sponsa:
1451 357 1612 392 coniunctus
1631 357 1743 392 deponi-

1000 405 1002 407 ⁷
1076 408 1118 431 tur
1129 412 1135 431 :
1146 403 1231 431 laicus
1241 408 1331 435 autem
1343 404 1605 431 excommunicetur.
1622 413 1631 429 ι

988 449 1037 478 llic
1055 450 1162 484 quidem
1183 457 1271 478 canon
1290 457 1362 481 cum,
1381 450 1426 484 qui
1451 450 1548 485 virgini
1575 454 1742 477 consecratas

953 500 988 523 λιιι
1011 497 1183 531 desponsata:
1208 496 1263 523 Deo
1283 496 1377 531 copula
1403 496 1599 536 tinatrirnoniali
1626 497 1742 530 conjun-

951 542 1040 578 gitur,’
1058 543 1080 571 si
1093 543 1199 578 quidem
1215 544 1331 572 clericus
1347 548 1397 576 εει,
1416 544 1551 578 deponit:
1577 544 1619 571 sin
1642 543 1740 576 laicus,

950 589 1180 618 excommunicat.
1208 589 1243 617 At
1261 590 1381 618 decimus
1405 594 1517 617 octavus
1536 590 1627 617 Basilii
1653 592 1740 624 magni

950 643 1040 663 canon
1072 636 1152 663 talem
1172 641 1202 664 ut
1229 637 1382 664 adulterum
1414 641 1538 671 reputat,
1566 644 1684 671 eumque
1707 637 1742 663 ad

950 681 1169 710 communionem
1196 690 1248 710 non
1271 683 1350 710 aliter
1366 683 1496 716 admittit,
1519 684 1570 710 nisi
1588 691 1603 710 a
1626 689 1738 718 peccato
1769 716 1772 720 1

950 727 1025 762 prius
1043 730 1203 756 cessaverit.
1509 735 1511 738 '

1257 774 1373 802 CANON
1401 774 1434 801 ν.

952 827 961 843 ‹
983 817 1076 845 Nullus
1097 826 1192 847 eorum
1211 820 1256 858 qui
1275 821 1301 847 in
1321 821 1483 849 sacerdotali
1505 822 1630 856 catologo
1644 829 1740 849 recen-

987 873 996 890 ‹
1016 869 1120 899 sentur,
1134 870 1209 893 extra
1228 874 1286 899 eas,
1300 875 1360 902 qua:
1373 868 1400 895 in
1417 875 1519 896 canone
1537 869 1702 901 inseruntur,
1724 876 1744 895 a-

987 921 996 936 (
1015 911 1168 946 suspicione
1181 912 1283 941 alienas
1305 921 1444 948 personas.
1466 915 1577 950 degens,
1600 915 1740 942 mulierem

987 965 996 981 ι
1017 956 1154 991 possideat
1176 957 1217 984 vel
1237 958 1374 990 ancillam,
1398 966 1428 986 se
1443 959 1507 986 nulli
1534 959 1748 994 reprehensioni

986 1009 995 1026 ‹
1019 1000 1165 1028 obnoxium
1188 1009 1222 1030 ex
1239 1002 1291 1030 hoc
1304 1010 1425 1031 servans.
1444 1003 1473 1031 Si
1489 1004 1550 1038 quis
1570 1009 1659 1031 autem
1678 1010 1740 1039 quze

986 1055 995 1070 ι
1017 1053 1031 1072 a
1046 1046 1126 1074 nobis
1151 1047 1262 1075 deﬁnita
1292 1054 1354 1076 sunt
1378 1049 1545 1082 trausilierit,
1573 1050 1738 1084 deponatur.

986 1101 995 1117 ι
1016 1091 1072 1121 Hoc
1085 1092 1173 1126 ipsum
1189 1098 1276 1120 autem
1291 1094 1370 1121 etiam
1383 1095 1499 1121 eunuchi
1517 1100 1636 1128 servent,
1654 1099 1683 1122 ut
1696 1095 1738 1122 in-

986 1147 996 1164 ι
1015 1138 1115 1173 culpati
1136 1139 1189 1166 sint
1213 1140 1396 1174 providentes.
1417 1140 1466 1173 Qui
1482 1145 1571 1168 autem
1591 1145 1738 1175 transgre-

987 1193 996 1209 ι
1016 1184 1138 1216 diuntur,
1156 1185 1177 1211 si
1196 1185 1249 1212 sint
1266 1184 1375 1219 quidem
1390 1185 1493 1218 clerici,
1507 1185 1695 1220 deportantur:
1711 1186 1733 1212 si

986 1239 996 1255 ι
1013 1238 1079 1257 vero
1091 1230 1164 1264 laici,
1178 1235 1364 1265 segregentur.
1377 1241 1387 1257 ι

985 1275 1080 1304 BALS.
1098 1275 1126 1302 lu
1146 1276 1163 1303 ὃ
1180 1284 1242 1304 cun.
1257 1275 1424 1311 primre‘sya.
1440 1276 1558 1305 Nicaeam:
1573 1277 1660 1304 fusius
1674 1277 1741 1304 scri-

947 1320 1049 1355 psimus
1070 1320 1104 1347 de
1127 1320 1159 1348 iis
1185 1314 1245 1355 Quae
1267 1320 1333 1348 dicit
1348 1328 1468 1354 prazsens
1487 1328 1574 1348 canon
1588 1341 1596 1355 ,
1610 1326 1636 1348 et
1651 1328 1742 1355 quaere

946 1373 1006 1400 qure
1030 1365 1056 1392 in
1085 1365 1129 1392 illo
1150 1367 1287 1400 adscripta
1310 1371 1384 1393 sunt.
1409 1366 1441 1394 Et
1460 1372 1522 1393 nota
1545 1375 1578 1394 ex
1601 1367 1741 1400 omnibus,

947 1412 1018 1446 quod
1037 1411 1120 1439 etiam
1145 1411 1264 1440 eunuchi
1277 1418 1464 1448 segregantur,
1486 1413 1532 1448 qui
1554 1421 1616 1441 cum
1644 1413 1740 1442 alienis

947 1457 1106 1485 mulieribus
1122 1457 1292 1485 cohabitant.

142 1553 267 1581 ZQNAP.
293 1554 334 1581 Τὰ
350 1555 419 1582 αὐτὰ
435 1555 484 1582 καὶ
499 1556 514 1582 ὁ
526 1555 618 1590 τρίτος
629 1555 721 1583 κανὼν
734 1557 784 1590 τῆς
798 1557 827 1583 ὲν
839 1557 895 1584 Νι»

982 1547 1109 1575 ZONAR.
1127 1548 1261 1582 Quoniam
1280 1549 1372 1576 eadem
1395 1548 1447 1576 hoc
1462 1549 1521 1576 loco
1534 1555 1595 1584 quas
1620 1549 1737 1578 Nicaeus:

105 1600 174 1635 καίᾳ
188 1600 300 1636 πρώτης
315 1601 425 1628 συνόδου
445 1601 577 1635 ὡρίσατο,
592 1602 641 1629 καὶ
654 1601 786 1638 ζητητέον
800 1603 836 1630 τὰ
865 1604 895 1630 ὲν

106 1644 206 1681 ἐκείνῳ
219 1646 365 1681 ιίρημένα.

104 1689 219 1718 ΛΡΙΣΤ.
253 1702 263 1718 ‹
286 1693 342 1720 Καὶ
370 1693 496 1729 εὐνοῦχος
531 1696 623 1729 lapsu;
657 1694 839 1729 θεραπαινίδα
878 1696 895 1730 ἢ

147 1745 157 1762 ι
180 1737 289 1774 ἑτέραν,
303 1739 375 1774 πλὴν
405 1739 461 1766 τῶν
476 1741 651 1772 ἀνυπόπτων,
675 1740 713 1776 μὴ
740 1740 896 1776 κεκτήσθω,

146 1792 155 1807 ι
179 1784 348 1818 προσώπων.

144 1828 182 1854 Τὸ
196 1829 377 1859 ἐπεισάκτους
391 1829 464 1864 ἔχειν
484 1830 547 1862 τοὺς
563 1831 731 1865 ἱερωμένους
748 1833 896 1866 γυναῖκας,

105 1873 160 1901 κᾶν
176 1873 300 1908 εὐνοῦχοί
317 1875 380 1905 εισι.
396 1874 451 1901 κᾶν
465 1875 536 1908 ἄγαν
553 1876 678 1910 γηραιοὶ,
701 1877 749 1903 καὶ
769 1877 784 1903 ὸ
799 1877 896 1911 παρὼν

106 1920 199 1948 κανὼν
215 1920 262 1946 καὶ
279 1920 354 1955 ἡτοῦ
371 1921 491 1955 μεγάλου
509 1920 652 1948 Βασιλείου
664 1921 733 1957 πρδς
745 1922 896 1958 Γρηγόριον

105 1966 296 2002 πρεσϐύτερον
310 1966 438 2001 ἐπιστολὴ
454 1966 566 1999 κωλύει,
584 1968 609 1993 εί
642 1967 679 2002 μή
707 1976 760 1994 που
776 1968 831 1994 τῶν
852 1969 898 1996 ἀν-

105 2013 236 2038 υπόπτων
255 2012 409 2046 προσώπων
425 2012 494 2038 εἰσὶν
508 2013 536 2039 al
551 2013 690 2046 γυναῖκες,
702 2012 757 2040 οἷον
767 2013 896 2048 μητέρες,

107 2056 236 2090 ἀδελφαὶ.
254 2056 301 2083 καὶ
332 2056 401 2092 πρὸς
424 2055 529 2091 πατρὸς
551 2056 568 2092 ἢ
596 2057 664 2092 πρὸς
687 2057 789 2092 μητρὸς
812 2057 896 2090 θεῖαι,

108 2103 158 2130 καὶ
176 2103 256 2130 ἄλλαι
279 2102 353 2134 τινὲς
369 2102 505 2129 τοιαῦται.
531 2103 601 2134 Τοὺς
627 2102 657 2129 δὲ
673 2103 897 2139 παραϐαίνοντας

106 2149 142 2175 τὰ
165 2148 310 2183 ὁρισθέντα
334 2147 530 2182 καθαιρεῖσθαι
567 2149 797 2183 προστάττουσιν.
835 2150 898 2176 Ἐπὶ

107 2195 137 2221 δὲ
152 2194 207 2220 τῶν
229 2194 368 2230 εὐνούχων
395 2194 425 2220 τὸ
441 2193 522 2220 πλέον
538 2195 552 2221 ὁ
563 2194 660 2229 παρὼν
670 2194 771 2228 ἐπάγει
791 2195 895 2228 κανὼν,

949 1600 1057 1628 quoque
1087 1593 1182 1627 prima:
1204 1594 1299 1630 synodi
1325 1601 1430 1622 canone
1455 1596 1535 1624 tertio
1563 1595 1739 1629 deﬁniuntur,

948 1637 1012 1666 vide
1025 1645 1085 1672 quae
1098 1638 1133 1665 ibi
1150 1638 1280 1666 diximus.

948 1683 1063 1711 ABIST.
1085 1693 1094 1710 ι
1117 1683 1266 1712 Eunuchus
1279 1685 1362 1712 etiam
1382 1685 1512 1713 sacerdos
1536 1686 1673 1718 ancillam,
1696 1685 1739 1714 vel

988 1739 998 1755 ι
1022 1730 1113 1762 aliam,
1126 1731 1245 1765 exceptis
1258 1731 1301 1763 iis,
1318 1732 1345 1758 in
1358 1739 1426 1766 quas
1440 1733 1512 1760 nulla
1529 1732 1738 1767 caditsuspicio.

987 1784 997 1802 ι
1019 1776 1154 1810 personis,
1172 1784 1205 1803 ue
1221 1777 1370 1810 possideat.
1390 1787 1400 1804 ι

984 1820 1114 1849 Sacratos
1137 1821 1304 1849 introductas
1325 1823 1424 1850 habere
1449 1823 1586 1855 mulieres,
1610 1824 1672 1852 licet
1691 1833 1738 1852 eu-

949 1867 1029 1894 nuchi
1056 1867 1123 1899 sint,
1152 1873 1200 1894 aut
1222 1868 1368 1895 admodum
1388 1876 1478 1902 senes,
1498 1875 1526 1896 et
1547 1877 1666 1904 praesens
1689 1878 1738 1898 ea-

949 1921 1013 1944 non;
1030 1918 1057 1940 et
1071 1912 1167 1940 Basilii
1193 1913 1283 1947 magni
1307 1914 1340 1940 ad
1362 1913 1524 1948 Gregorium
1548 1915 1737 1950 presbyterum

939 1957 1061 1992 cpistola
1080 1957 1215 1992 prohibet,
1232 1958 1284 1984 nisi
1302 1957 1372 1985 forte
1385 1958 1513 1985 mulieres
1537 1959 1592 1985 sint
1615 1967 1737 1993 persona:

948 2008 1024 2030 extra
1035 2010 1144 2030 onmem
1155 2003 1318 2037 suspicionis
1330 2003 1415 2031 aleam
1428 2004 1531 2038 positae,
1546 2010 1609 2038 puta
1624 2011 1736 2036 matres.

949 2055 1068 2082 sorores,
1094 2049 1193 2082 amitm,
1214 2053 1384 2082 materterae,
1399 2054 1427 2077 et
1443 2050 1576 2083 ejusmodi
1595 2051 1664 2078 alite.
1686 2051 1737 2078 Eos

949 2100 1050 2126 autem,
1063 2095 1107 2129 qui
1123 2095 1180 2122 haec
1193 2095 1301 2122 decreta
1315 2095 1505 2129 transilierint,
1518 2096 1617 2131 deponi
1630 2096 1735 2130 jnbcnt.

950 2140 987 2168 De
1010 2141 1143 2168 eunuchis
1167 2146 1257 2168 autem
1272 2141 1333 2176 plus
1347 2141 1430 2168 etiam
1455 2142 1529 2169 addit
1554 2143 1598 2169 hic
1618 2150 1738 2177 prmscns

948 2194 1047 2218 canon,
1068 2187 1140 2220 qttod
1154 2187 1216 2214 licet
1233 2187 1295 2214 laici
1306 2188 1371 2220 sint,
1387 2191 1415 2214 et
1426 2195 1478 2214 una
1489 2195 1551 2215 cum
1568 2189 1737 2221 mulieribus,

106 2240 150 2266 ὅτι
160 2240 212 2267 κᾶν
226 2239 443 2271 λαϊκοίεὶσι,καὶ
460 2240 608 2267 συνοικῶσι
624 2239 733 2274 γυναιξὶ
751 2240 789 2275 μὴ
804 2239 896 2271 οὔσαις

966 2241 1011 2266 ua:
1026 2240 1078 2260 non
1092 2237 1157 2260 sunt
1165 2240 1198 2260 ex
1209 2233 1332 2267 cognatis
1354 2233 1413 2260 istis
1428 2234 1552 2268 personis
1567 2242 1675 2261 omnem
1692 2241 1739 2262 su-

109 2286 165 2313 ἀπὸ
185 2285 241 2312 τῶν
260 2285 427 2312 ἀνυπόπτων
448 2286 622 2321 συγγενικῶν
647 2285 811 2321 προσώπων,
828 2286 898 2320 ἀφο-

110 2331 243 2368 ρίζονται.

427 2377 547 2404 KANQN
567 2377 613 2411 ς’.

111 2434 122 2452 ι
150 2424 261 2459 Ἐπειδὴ
276 2424 350 2459 παρὰ
369 2425 427 2456 τοῖς
451 2425 642 2456 ἀποστολικοϊς
661 2425 774 2453 κανόσιν
789 2427 898 2462 εἴρηται

148 2479 157 2495 ι
182 2469 237 2496 τῶν
259 2470 299 2501 εἰς
316 2469 419 2504 κλῆρον
435 2469 652 2504 προσαγομένων
670 2470 786 2506 ἀγάμων
799 2472 898 2506 μόνους

147 2526 156 2541 ι
181 2514 359 2549 ἀναγνώστας
373 2515 420 2541 καὶ
429 2515 535 2549 ψάλτας
544 2516 654 2549 γαμεῖν·
665 2515 711 2542 καὶ
726 2516 808 2551 ἡμεῖς
819 2516 899 2543 τοῦτο

142 2570 151 2587 ι
183 2559 443 2594 παραφυλάττοντες
457 2558 587 2594 ὁρίζομεν
602 2559 657 2586 ἀπὺ
676 2560 724 2586 τοῦ
741 2561 789 2587 νῦν
807 2562 897 2597 μηδα-

147 2616 156 2633 t
186 2606 245 2641 μῶς
270 2605 447 2632 ὐποδιάκονον
472 2606 488 2640 ἢ
512 2606 636 2632 διάκονον
664 2606 681 2641 ἢ
711 2607 898 2643 πρεσϐύτερον

146 2662 156 2679 ι
186 2652 256 2686 μετὰ
276 2652 325 2688 τὴν
348 2651 391 2678 ἐπ’
416 2651 489 2686 αὐτῷ
515 2651 685 2686 χειροτονίαν
704 2651 778 2686 ἔχειν
807 2652 899 2680 ἄδειαν

146 2707 156 2724 ι
181 2697 269 2733 ἑαυτῷ
277 2698 404 2732 σονιστᾷν
415 2697 592 2723 συνσικέσιον.
604 2697 636 2723 El
648 2697 676 2724 δὲ
685 2697 899 2733 τοῦτοτολμήσοι

145 2754 154 2771 t
184 2745 325 2778 ποιυῆσαι,
347 2743 532 2779 καθαιρείσθω
548 2743 604 2779 (59)
615 2751 622 2757 '
636 2744 660 2769 εἰ
673 2743 700 2770 δὲ
717 2743 840 2777 βούλοιτό
856 2752 898 2776 τις

951 2278 1101 2313 spicionem
1121 2278 1324 2314 etl'ugientibus,
1352 2279 1529 2313 cohabitent,
1550 2282 1741 2309 excommuni-

951 2329 1060 2352 cantur.

1234 2371 1275 2399 CA
1282 2371 1351 2399 NON
1377 2371 1421 2399 Vl.

954 2428 964 2444 ε
987 2417 1122 2451 Quoniam
1139 2418 1166 2446 in
1195 2418 1352 2452 apostolicis
1374 2419 1524 2446 canouibus
1554 2420 1654 2447 dictum
1679 2424 1738 2451 est.

990 2475 999 2491 ι
1021 2472 1116 2492 eorum
1139 2464 1184 2499 qui
1203 2472 1255 2491 non
1269 2464 1349 2492 ducta
1362 2472 1447 2493 uxore
1467 2465 1493 2492 in
1509 2466 1612 2492 clerum
1632 2473 1740 2500 promo-

992 2521 1001 2537 ι
1025 2516 1134 2544 ventur,
1149 2511 1222 2538 solos
1235 2511 1350 2539 lectores
1362 2516 1389 2539 et
1399 2516 1525 2538 cantores
1537 2519 1646 2538 uxorem
1661 2518 1740 2544 posse

992 2567 1001 2583 ι
1024 2558 1123 2584 ducere
1137 2566 1143 2584 :
1159 2562 1184 2584 et
1206 2565 1254 2584 nos
1271 2557 1320 2584 hoc
1335 2562 1474 2585 servantes
1485 2578 1492 2588 ,
1513 2556 1694 2587 decernimus,
1712 2561 1741 2583 ut

992 2613 1001 2630 ‹
1022 2604 1152 2638 deinceps
1173 2603 1238 2630 nulli
1264 2603 1371 2638 perlitus
1387 2603 1573 2638 hypodiarono
1587 2621 1594 2633 ,
1618 2601 1658 2627 vel
1683 2602 1741 2629 dia-

991 2660 1000 2676 ι
1024 2658 1105 2681 cono,
1132 2650 1172 2677 vel
1195 2649 1363 2685 presbytero,
1379 2652 1439 2683 post
1462 2648 1504 2675 sui
1527 2647 1739 2678 ordinationem.

993 2706 1003 2723 ι
1025 2696 1181 2730 conjugium
1202 2695 1368 2722 contrahere
1394 2693 1484 2720 liceat.
1503 2692 1532 2719 Si
1554 2696 1643 2718 autem
1661 2692 1740 2720 fuerit

994 2753 1003 2769 ι
1027 2743 1078 2770 hoc
1096 2749 1177 2768 ausus
1192 2740 1291 2772 facere,
1302 2740 1464 2773 deponatur.
1479 2738 1507 2765 Si
1519 2737 1580 2772 quis
1592 2742 1681 2764 autem
1693 2746 1740 2765 co-

709 2791 809 2822 Guill.
826 2791 992 2831 Beveregii
1015 2794 1112 2821 nota).

149 2841 207 2876 (59)
228 2841 439 2874 Καοαιρείσθω.
455 2840 680 2876 llarmenopulus
692 2848 804 2867 sensum
819 2841 902 2875 hujus

109 2875 227 2905 Catienis
244 2877 363 2905 breviter
392 2877 432 2904 sic
460 2876 598 2912 exprimit,
616 2875 717 2911 ἱερεὺς,
733 2875 748 2910 ἣ
765 2876 900 2910 διάκονος,

957 2842 972 2876 ἢ
989 2840 1168 2877 ὑποδιάκονος
1184 2837 1253 2877 μετὰ
1277 2837 1325 2872 τὴν
1341 2835 1508 2877 ζειροτονίαν
1524 2835 1739 2877 γήμα’ς,.καοα;η

958 2870 1068 2911 (istm.
1097 2870 1225 2902 Sacerdos
1256 2870 1308 2899 aut
1331 2872 1473 2904 diaconus,
1502 2877 1548 2899 aut
1562 2870 1739 2898 subdiacouul
