1941 3093
238 169 290 201 539

275 236 284 252 ι
306 225 434 253 invitatus
459 223 553 256 l'ucrls.
577 223 603 250 in
633 222 727 250 ultimo
741 221 801 250 loco
825 220 974 251 accumbe,
990 221 1020 245 ut
1035 220 1058 248 Δ

277 282 286 298 ι
308 271 418 307 quando
439 271 542 298 venerit
562 270 607 305 qui
635 274 660 297 te
691 268 835 301 invitavit,
860 268 932 295 dicat
956 266 1018 298 tibi.

277 328 286 344 ι
306 318 409 350 Amice,
435 316 551 344 ascende
578 316 676 349 altius;
703 321 767 343 tunc
785 315 837 343 erit
861 314 908 341 tibi
935 313 1020 349 gloria

274 372 283 388 ι
302 370 392 389 coram
410 362 442 389 iis
455 361 500 396 qui
521 367 608 389 tecum
623 361 795 388 accumbunt.
812 360 881 386 Nam
896 358 1020 394 quisquis

273 418 282 433 ι
302 416 331 436 se
350 408 456 435 extollit
470 427 477 438 .
502 407 689 434 humiliabitur
702 426 710 439 ,
728 411 753 434 et
770 406 815 441 qui
835 413 865 433 se
884 404 1017 435 hutniliat,

273 465 282 480 ι
304 454 509 481 cxaltabitur".
530 463 539 479 ι
557 453 612 480 Hoc
629 453 716 488 ipsum
732 457 820 480 autem
833 451 914 479 etiam
929 457 1021 478 serva-

272 508 281 524 ι
300 499 372 526 bitur
395 500 420 526 iu
436 499 546 533 reliquis
563 498 648 526 sacris
662 498 802 525 ordinibus
820 505 827 523 :
848 495 1019 531 quandoqui-

273 553 282 569 ι
301 545 361 571 dem
372 543 545 571 saecularibus
557 550 604 571 seu
617 541 941 577 mundanisidignitatibus
959 540 1015 575 spil

274 599 283 615 ι
304 589 395 617 ritales
409 589 612 623 praestantiores
624 595 686 616 esse
701 588 814 615 scimus.
831 596 840 613 ι

270 722 366 750 BALS.
381 721 503 749 Decimus
515 726 623 750 Octavus
634 728 719 749 canon
730 728 788 755 syn.
799 719 893 755 prima:
906 719 1021 747 Nicaeum

232 769 309 802 jubet
323 769 419 803 dcponi
436 769 563 795 diaconos
577 768 621 802 qui
637 767 732 794 sedent
751 767 776 793 in
795 766 884 793 medio
904 766 1017 801 presby-

235 818 364 840 terorum.
383 813 502 839 Prmsens
517 816 606 839 autem
623 819 708 839 canon
727 819 773 838 eos
787 812 831 845 qui
847 811 886 838 sic
903 811 1016 841 faciunt,

233 867 265 885 ex
307 860 413 892 prapria
444 859 528 893 gradu
559 857 637 890 dejici
679 858 764 892 jubet.
804 857 830 884 Si
860 857 932 884 enim
960 856 1018 883 aliis

235 904 305 930 forte
321 903 440 930 diaconis
451 903 477 930 in
491 904 573 938 gradu
590 903 664 937 prior
678 907 734 929 erat
749 902 794 936 qui
807 909 836 929 se
851 901 1019 935 impudenter

233 949 326 983 gessit,
344 953 371 975 ct
385 953 447 975 ante
460 949 632 984 presbyteros
642 949 722 981 sedit,
744 949 769 975 in
786 948 911 975 ultimum
933 947 1019 975 locum

237 994 403 1026 demittetur,
420 999 446 1021 et
460 996 511 1021 erit
528 995 554 1021 in
571 995 653 1029 gradu
667 995 786 1021 omnium
805 994 906 1026 intimo,
923 1001 974 1021 nec
996 994 1020 1020 id

235 1039 307 1074 quod
323 1040 402 1067 habet
419 1040 534 1067 oilicium
556 1040 768 1068 ecclesiasticum
790 1047 835 1067 seu
861 1040 978 1075 dignitas
996 1040 1019 1067 ei

238 1086 368 1119 proderit.
383 1085 430 1113 Sin
446 1090 533 1112 autem
547 1093 561 1111 a
577 1093 626 1112 suo
639 1085 790 1120 patriarcha
808 1085 849 1112 vel
865 1085 1020 1119 metropoli-

234 1136 298 1158 tano
312 1131 338 1158 iu
355 1132 470 1166 aliquam
486 1132 578 1158 urbem
589 1132 686 1158 missus
701 1131 792 1163 fuerit,
803 1137 831 1158 ut
844 1131 934 1158 locum
949 1131 1021 1159 illius

235 1177 398 1210 repleturus,
416 1182 480 1204 tunc
493 1177 616 1212 perinde,
631 1184 661 1204 ac
677 1178 720 1211 qui
738 1178 824 1211 ipsum
841 1177 924 1208 misit.
939 1185 1020 1212 repu-

235 1222 337 1249 tabitur
347 1227 374 1248 et
390 1222 577 1250 honorabitur.
602 1222 743 1254 Quomodo
759 1230 824 1250 vero
853 1222 886 1250 18
911 1224 1019 1257 quidem

234 1275 320 1295 canon
336 1267 394 1295 Nic.
411 1275 470 1302 syn.
485 1275 558 1300 eum,
577 1267 623 1302 qui
644 1267 670 1295 in
688 1268 775 1295 medio
802 1269 1019 1303 presbyterorum

234 1313 314 1343 sedit.
329 1312 469 1340 diaconum
485 1313 673 1347 deponendum
696 1313 761 1341 dicit
781 1322 788 1340 :
805 1314 849 1341 hic
863 1319 952 1341 autem
979 1314 1019 1342 le-

233 1358 294 1384 vius
306 1357 331 1384 in
347 1351 408 1384 cuni
425 1357 625 1392 animadvertit,
643 1366 739 1393 nempe
770 1359 945 1387 dimissione?
970 1359 1020 1387 So-

235 1403 317 1430 iutio.
336 1402 382 1430 llle
398 1403 505 1437 quidem
531 1411 616 1431 canon
637 1404 671 1431 de
686 1404 719 1431 iis
735 1405 780 1439 qui
796 1404 824 1432 in
843 1413 920 1432 sacro
936 1406 1019 1433 tribu-

236 1448 289 1474 nali
308 1453 428 1482 tempore
444 1448 570 1476 sacrificii
586 1456 616 1477 se
632 1449 800 1484 impudenter
814 1456 977 1486 gesserunt,
992 1456 1019 1479 et

236 1498 298 1519 ante
314 1494 469 1521 sacerdotes
492 1495 629 1527 sederunt,
648 1495 782 1530 loquitur;
809 1497 841 1523 de
863 1496 1017 1532 hujusmodi

862 161 1002 193 THEOD.
1018 143 1222 194 BALSAMON

1807 157 1868 188 540

1110 229 1119 245 t
1138 218 1223 247 ὲλοὼν
1243 220 1258 247 ό
1282 219 1313 250 σὲ
1335 218 1383 246 καὶ
1405 215 1486 244 αὑτὸν
1508 214 1626 246 καλέσας
1646 213 1704 248 ὲρεῖ
1723 220 1784 239 σοι·
1811 213 1869 241 Ab;

1113 276 1121 291 ι
1141 266 1229 302 τούτῳ
1244 265 1341 293 τόπον·
1358 264 1405 291 καὶ
1419 263 1479 290 τότε
1494 260 1564 298 ἄρξῃ
1583 261 1651 295 μετὰ
1667 260 1800 294 αἰσχύνης
1816 259 1868 285 τὸν

1109 319 1118 335 ι
1139 311 1251 345 ἔσχατον
1276 311 1358 337 τόπον
1384 307 1528 343 κατέχεὶν’
1558 305 1615 332 ἀλλ’
1644 305 1708 332 ὅταν
1736 305 1868 340 κληθῇς,

1111 367 1120 382 ι
1137 357 1255 384 ἀνάπεσε
1271 347 1320 388 ἐις
1342 356 1388 382 τὸν
1405 355 1518 389 ἔσχατον
1534 354 1626 385 τόπον⁷
1640 353 1682 378 ἵνα
1709 352 1773 379 ὅταν
1797 351 1868 386 ἔλθῃ

1122 413 1131 429 ι
1152 403 1305 438 κεκληκὼς,
1321 402 1386 438 εἴπῃ
1407 410 1465 433 σοι,
1481 400 1556 428 Φίλε.
1575 398 1765 434 προσανάϐηθι
1783 397 1862 424 ἀνώ-

1112 446 1122 475 ἇ
1142 457 1238 484 τερον·
1263 449 1324 475 τότε
1347 448 1423 474 ἔσται
1439 456 1480 474 σοι
1495 446 1557 479 δόξα
1582 446 1697 471 ἐνώπιον
1720 444 1777 470 τῶν
1802 452 1869 470 συν-

1110 503 1119 520 (
1137 494 1324 529 ανακειμένων
1341 502 1392 520 σοι.
1414 493 1474 519 ’Ὁτι
1490 492 1544 522 πᾶς
1566 491 1670 529 63’];th
1694 490 1794 516 ἑαυτὸν
1815 498 1867 516 τα-

1110 549 1120 566 (
1138 540 1338 575 πεινωθήσεται
1349 547 1357 555 ·
1373 539 1419 566 καὶ
1434 540 1448 565 ὁ
1465 538 1602 565 ταπεινῶν
1619 537 1813 571 ὑψωοήσεται.
1831 535 1869 561 Τὸ

1109 595 1119 612 ι
1138 585 1166 612 δὲ
1180 586 1246 613 αὐτὸ
1259 586 1461 620 φυλαχθὴσεται
1477 584 1525 610 καὶ
1540 584 1586 610 ἐπὶ
1600 583 1654 610 τῶν
1669 581 1773 609 λοιπῶν
1782 582 1870 616 ἱερῶν

1110 639 1120 657 ι
1136 631 1284 666 ταγμάτων
1295 640 1301 647 ·
1321 630 1414 666 ἐπειδὴ
1427 630 1481 658 τῶν
1498 629 1568 656 κατὰ
1591 629 1636 655 τὸν
1653 629 1758 663 κόσμον
1778 629 1869 662 ἀξιω-

1109 684 1119 702 ι
1138 676 1231 711 μάτων
1254 676 1396 712 κρείττονα
1419 675 1453 702 τὰ
1468 673 1640 709 πνευματικὰ
1653 674 1840 709 ἐπιστάμεθα,
1858 683 1867 698 ι

1107 722 1204 749 ΒΔΛΣ.
1226 722 1255 748 '0
1273 721 1308 757 ιη’
1329 722 1418 748 κανὼν
1437 722 1486 756 τῆς
1502 721 1529 747 εν
1552 720 1653 755 Νικαίᾳ
1671 719 1785 754 πρώτης
1803 729 1871 747 συν-

1070 768 1130 794 όδου
1166 767 1356 803 καθαιρεῖσθαι
1374 776 1439 802 φησι
1454 767 1517 798 τοὺς
1529 766 1559 793 ὲν
1572 766 1647 800 μέσῳ
1663 766 1871 801 πρεσϐυτέρων

1073 815 1271 848 καθεζομένους
1294 814 1444 844 διακόνους.
1468 812 1498 839 '0
1523 812 1552 838 δὲ
1577 811 1671 846 παρὼν
1684 811 1777 838 κανὼν
1801 813 1870 843 τοὺς

1073 859 1144 886 οὕτω
1155 859 1299 891 ποιοῦντας
1312 858 1524 890 ὑποϐιϐάζεσοαι
1538 858 1569 884 ἐκ
1581 857 1627 883 τοῦ
1640 857 1743 883 οίκείου
1756 857 1869 892 βαθμοῦ
1891 851 1893 854 ’

1074 905 1302 940 παρακελεύεται.
1323 905 1352 931 El
1371 904 1425 939 γὰρ
1449 904 1531 939 τυχὸν
1546 904 1601 930 τῶν
1621 903 1710 930 ἀλλων
1730 903 1870 930 διακόνων

1072 950 1314 986 προϐαθμιώτερος
1335 948 1368 985 ἦν
1388 950 1402 976 ό
1422 949 1651 984 ἁναιδευσάμενος
1677 949 1724 976 καὶ
1739 950 1795 983 πρὸ
1811 949 1870 976 τῶν

1075 997 1269 1032 πρεσϐυτέρων
1289 997 1416 1028 καθίσας,
1443 995 1673 1030 κατενεχθήσεται
1699 996 1740 1026 είς
1755 995 1804 1021 τδν
1820 995 1870 1021 ἐσ-

1071 1051 1152 1077 χατον
1176 1043 1275 1074 τόπον,
1301 1041 1349 1068 καὶ
1378 1041 1456 1067 ἔσται
1484 1040 1593 1066 πάντων
1616 1039 1798 1074 ὑποϐάομιος,
1829 1041 1869 1074 μὴ

1071 1088 1260 1122 ὠφελούμενος
1283 1088 1315 1113 ὲκ
1339 1085 1386 1112 τοῦ
1410 1084 1485 1120 αὑτῷ
1504 1085 1652 1119 προσόντος
1677 1085 1744 1115 ἴσως
1761 1084 1868 1118 ἐκκλη-

1072 1133 1212 1161 σιαστικοῦ
1231 1132 1358 1168 ὸφφικῐου
1380 1133 1439 1168 ἦτοι
1458 1130 1623 1165 ἀξιώματος.
1641 1130 1671 1156 Εἰ
1692 1129 1719 1156 δὲ
1740 1129 1798 1156 ἀπὸ
1819 1130 1869 1156 τοῦ

1070 1180 1171 1207 οἰκείου
1196 1179 1368 1214 πατριάρχου
1389 1178 1405 1212 ἢ
1431 1176 1631 1212 μητροπολίτου
1655 1175 1683 1201 ἓν
1707 1183 1764 1201 τινι
1789 1175 1870 1201 πόλει

1072 1226 1169 1260 σταλῇ,
1187 1226 1226 1256 ὡς
1239 1225 1284 1250 τόν
1298 1224 1381 1250 τόπον
1392 1223 1498 1249 ἐκείνου
1515 1220 1734 1256 ἁναπληρώσων,
1748 1220 1813 1246 τότε
1829 1220 1868 1251 ὡς

1070 1271 1149 1302 αὐτὸς
1161 1271 1175 1297 ό
1190 1269 1300 1301 στείλας
1314 1269 1395 1296 αὓτδν
1405 1267 1596 1302 λογισθήσεται
1610 1267 1656 1292 καὶ
1668 1265 1866 1300 τιμηθήσεται.

1070 1315 1134 1348 Πῶς
1153 1315 1199 1341 οὖν
1213 1316 1227 1342 ό
1255 1315 1303 1349 μὲν
1327 1313 1362 1346 ιη’
1393 1313 1483 1340 κανὼν
1502 1312 1551 1347 τῆς
1574 1313 1602 1338 ὲν
1622 1311 1725 1346 Νικαίᾳ
1753 1311 1868 1337 συνόδου

1055 1358 1264 1398 ’καθαιρεῖσθαι
1282 1369 1349 1397 φησι
1368 1361 1415 1388 τὸν
1428 1361 1457 1387 ἐν
1475 1360 1551 1395 μέσῳ
1568 1359 1764 1394 πρεσϐυτέρων
1783 1358 1868 1384 καοὶ·

1071 1417 1156 1437 σαντα
1169 1409 1304 1441 διάκονον,
1320 1405 1400 1439 οὗτος
1414 1407 1441 1433 δὲ
1457 1406 1624 1441 κουφότερον
1639 1405 1750 1437 κολάζει
1768 1404 1865 1437 αὖτὸν,

1069 1455 1152 1490 ἤγουν
1161 1454 1204 1482 διὰ
1217 1453 1423 1489 ὖποϐιϐασμοῦ’·;
1437 1453 1543 1484 Λύσις.
1563 1452 1680 1482 Ἐκεῖνος
1694 1449 1868 1485 μὲνιόξκανὼν

1070 1502 1133 1534 περὶ
1150 1501 1204 1528 τῶν
1219 1501 1259 1532 είς
1273 1500 1303 1526 τὸ
1321 1499 1397 1534 βῆμα
1414 1500 1444 1525 ὲν
1459 1497 1616 1533 ἱερουργίας
1636 1496 1725 1531 καιρῷ
1737 1496 1868 1522 synago—

234 1538 306 1565 enim
322 1539 433 1566 omnino
448 1540 568 1572 disserit,
590 1541 694 1567 scilicet
714 1542 747 1568 de
767 1541 800 1569 iis
818 1542 950 1576 diaconis,
971 1544 1018 1578 qui

1083 1547 1198 1582 ῖαμένων
1212 1546 1259 1573 καὶ
1274 1545 1327 1580 προ
1342 1545 1397 1571 τῶν
1409 1544 1504 1579 Ιερέων
1519 1543 1691 1570 καθισάντων
1705 1541 1791 1575 φησίν
1801 1549 1810 1557 ·
1825 1541 1867 1567 ὅτι

234 1583 420 1611 sacerdotibus
431 1586 647 1613 communionem
669 1587 829 1621 porrigunt,
853 1593 880 1615 et
898 1591 1019 1623 quaedam

235 1629 287 1655 alia
303 1628 434 1662 ejusmodi
460 1630 569 1664 indigna
589 1630 702 1658 iaciunt.
730 1631 852 1660 Praesens
869 1639 959 1661 autem
975 1642 1021 1661 ca-

236 1682 289 1701 non
307 1675 427 1709 loquitur
439 1676 471 1703 de
483 1677 671 1712 diaconis,qui
688 1683 764 1705 extra
781 1686 886 1706 sacrum
905 1680 1022 1707 tribunal

237 1720 265 1746 in
292 1722 386 1754 quavis
404 1722 532 1750 cathedra
556 1728 620 1751 ante
642 1725 813 1760 presbyteros
836 1725 972 1758 sederunt,
995 1731 1022 1753 et

235 1764 296 1791 ideo
311 1766 350 1793 eis
362 1766 449 1794 lenius
465 1768 625 1802 supplicium
641 1769 745 1804 inﬂigit.
763 1768 855 1798 Ollicia
870 1775 960 1798 autem
974 1779 1020 1798 ec-

234 1811 386 1839 clesiastica
404 1813 530 1840 dicuntur
544 1815 716 1849 ἀρχοντίκια.
747 1815 842 1844 Canon
865 1822 955 1844 autem
983 1817 1023 1845 id-

234 1854 324 1892 ipsum
335 1859 477 1886 vultetiam
489 1862 591 1888 servari
605 1861 630 1888 in
644 1861 702 1889 aliis
716 1862 801 1890 sacris
812 1863 952 1891 ordinibus
968 1872 975 1890 :
990 1871 1023 1891 ne

236 1903 298 1937 quis
313 1904 442 1938 dignitate
458 1905 500 1932 vel
516 1906 605 1933 ollicio
630 1907 727 1940 fretus,
743 1909 873 1937 adversus
891 1909 958 1937 alios
974 1918 1022 1937 ex-

243 1948 363 1980 tollatur.
390 1955 416 1976 ct
442 1951 573 1980 adversus
590 1961 636 1980 eos
659 1954 704 1988 qui
728 1954 816 1981 altiori
839 1955 922 1990 gradu
949 1959 1022 1988 sunt,

238 1993 383 2027 eﬂcratur;
403 1995 604 2030 bypodiaconus
627 1999 696 2026 forte
711 2001 843 2027 adversus
858 2001 999 2028 diaconum
1015 2020 1022 2033 ,

238 2039 280 2066 vcl
295 2039 380 2067 lector
394 2042 525 2070 adversus
538 2044 764 2079 hypodiacouum.
780 2046 938 2081 Spirituales
950 2048 1023 2074 enim

240 2084 386 2118 dignitates
400 2088 586 2122 smcularibus,
613 2089 709 2125 inquit,
726 2096 788 2118 sunt
811 2093 1023 2126 prmstantiores.
1039 2113 1047 2126 ,

237 2128 306 2157 Nota
324 2139 386 2159 vero
405 2134 476 2167 quod
497 2135 577 2162 etiam
602 2142 617 2162 e
635 2138 759 2170 prmsenti
783 2145 889 2166 canone
909 2139 1026 2166 manife-

238 2180 308 2203 stttm
325 2182 366 2204 est
377 2178 559 2207 ecclesiastica
578 2180 667 2208 ofﬁcia
684 2182 741 2209 sive
756 2183 901 2218 dignitates
922 2185 1023 2219 gradus

239 2228 300 2248 esse
314 2223 526 2257 ecclesiasticos,
540 2229 569 2252 ut
592 2227 735 2262 diacouica
754 2233 782 2255 et
808 2234 915 2257 caetera.
941 2229 1024 2258 Miror

238 2271 328 2293 autem
341 2273 485 2302 quomodo,
498 2278 559 2297 cum
569 2279 654 2299 canon
667 2277 767 2300 statuat
779 2281 850 2308 eum,
864 2276 909 2310 qui
925 2277 1024 2305 missus

238 2316 289 2343 est,
300 2312 422 2341 obtinere
440 2315 526 2342 locum
541 2319 671 2346 mittentis
683 2319 752 2354 quod
768 2321 800 2347 ad
816 2321 944 2349 honorem
959 2323 1024 2350 atti-

240 2362 294 2389 net,
316 2358 494 2394 Gortynensis
507 2361 652 2397 episcopus
671 2364 795 2398 Basilius,
809 2367 854 2401 qui
869 2367 894 2393 in
913 2368 963 2394 hac
980 2376 1025 2404 sy-

240 2404 310 2432 nodo
331 2405 411 2432 totius
426 2407 555 2434 Romanae
568 2408 697 2437 Ecclesia:
711 2411 770 2444 jure
786 2420 904 2447 praesens
918 2415 1023 2446 aderat.

240 2455 301 2483 post
313 2455 428 2484 quatuor
443 2453 611 2486 patriarchas
620 2460 646 2481 et
657 2458 786 2490 quosdam
801 2460 1024 2493 metropolitanos

238 2496 434 2530 subscripsisse
448 2497 593 2527 invenitur.
611 2500 673 2532 Sed,
691 2506 718 2528 ut
735 2508 777 2530 est
796 2504 944 2538 probabile,
969 2505 1025 2540 ipse

239 2549 348 2577 quoque
360 2547 417 2570 erat
432 2551 507 2578 papa:
529 2544 643 2580 legatus,
657 2553 682 2574 et
698 2548 759 2575 ideo
779 2549 940 2585 subscripsit
964 2557 1024 2586 post

275 2633 299 2649 ⁷⁸
318 2633 387 2662 Luc.
405 2642 460 2668 τιν,
476 2634 493 2662 8
511 2639 540 2663 et
561 2643 639 2671 seqq.

1074 1593 1119 1620 καὶ
1130 1593 1194 1628 περὶ
1200 1592 1253 1618 τῶν
1261 1591 1390 1618 τοιούτων
1401 1590 1456 1625 (65)
1467 1589 1564 1620 διόλου,
1574 1588 1730 1622 διαλέγεται
1739 1586 1867 1628 δηλονότι

1073 1639 1138 1673 περὶ
1151 1626 1282 1665 διακόνων
1295 1636 1488 1671 μεταδιδόντων
1501 1634 1604 1670 ἱερεῦσι
1615 1634 1661 1661 καὶ
1671 1633 1738 1659 ἄλλα
1750 1626 1868 1659 τοιαῦτα⁵

1073 1684 1172 1717 ἀνάξια
1184 1683 1422 1718 διαπραττομένων
1433 1689 1440 1696 ·
1452 1682 1466 1708 ό
1476 1681 1504 1708 δὲ
1517 1679 1613 1716 παρὼν
1627 1679 1718 1706 κανὼν
1731 1678 1798 1713 περὶ
1812 1678 1868 1704 τῶν

1073 1720 1152 1762 ιὲτδς
1170 1730 1217 1756 τοῦ
1235 1730 1355 1764 βήματος
1372 1729 1401 1754 ὲν
1417 1727 1536 1762 τυχούσῃ
1553 1726 1673 1760 καθέδρᾳ.
1691 1724 1868 1751 καθισάντων

1073 1775 1204 1803 διακόνων
1224 1776 1276 1809 πρό
1290 1774 1346 1800 τῶν
1361 1772 1573 1808 πρεσϐυτέρων·
1590 1771 1637 1798 καὶ
1659 1769 1703 1797 διὰ
1717 1769 1800 1796 τοῦτο
1820 1778 1866 1803 με-

1073 1820 1225 1857 τριωτέραν
1243 1819 1401 1854 ὲπάγειτὴν
1420 1818 1539 1844 κόλασιν.
1564 1815 1693 1849 Ὀφφίκια
1711 1814 1805 1848 μέντοι
1821 1815 1867 1840 ὲκ‹

1074 1865 1257 1901 κλησιαστικὰ
1278 1864 1403 1899 λέγονται
1429 1864 1464 1890 τὰ
1493 1861 1662 1897 ἀρχοντίκια.
1687 1860 1725 1887 Τδ
1747 1859 1818 1886 αὐτὸ
1840 1861 1867 1886 δὲ

1074 1913 1184 1948 κρατεῖν
1199 1912 1323 1947 βούλεται
1340 1912 1354 1938 ὁ
1374 1909 1465 1937 κανὼν
1483 1909 1529 1935 καὶ
1544 1907 1592 1934 ἐπὶ
1606 1907 1660 1934 τῶν
1675 1906 1764 1933 ἄλλων
1783 1905 1866 1940 ἱερῶν

1073 1959 1236 1993 ταγμάτων,
1264 1957 1333 1984 ὥστε
1355 1957 1392 1991 μή
1410 1964 1471 1982 τινα
1499 1954 1636 1988 ἀξιώματι
1666 1952 1823 1987 οαρῤοὗντα
1851 1952 1866 1985 ἤ

1076 2003 1197 2038 ὸφφιχίῳ
1211 2001 1426 2036 κατεπαίρεσθαι
1439 2000 1494 2027 τῶν
1508 1999 1605 2031 ἄλλων,
1621 1999 1670 2024 καὶ
1683 1997 1866 2033 θρασύνεῖθαι

1075 2048 1146 2075 κατὰ
1162 2047 1217 2074 τῶν
1233 2044 1484 2080 ὑποϐαθμιωτέρων
1499 2043 1556 2078 (64)
1577 2041 1673 2074 αὐτοῦ,
1688 2041 1866 2068 ὑποδιάκονον

1074 2093 1156 2128 τυχδν
1182 2092 1251 2120 κατὰ
1268 2091 1391 2118 διακόνου
1402 2111 1410 2123 ,
1428 2089 1444 2124 ἦ
1465 2088 1641 2123 ἀναγνώστην
1659 2087 1730 2113 κατὰ
1752 2087 1864 2113 ὑποδια-

1075 2140 1166 2166 κόνου.
1175 2138 1297 2173 Κρείττω
1308 2136 1373 2172 γὰρ,
1381 2135 1536 2170 φησὶν,είσὶ
1547 2134 1581 2160 τὰ
1595 2132 1770 2167 πνευματικά
1785 2131 1866 2164 ἀξιώ-

1078 2194 1150 2220 ματα
1168 2184 1223 2211 τῶν
1239 2182 1391 2217 κοσμικῶν.
1407 2181 1562 2215 Σημείωσαι
1578 2178 1606 2205 δὲ
1622 2178 1664 2204 ὅτι
1684 2178 1730 2203 καὶ.
1746 2177 1802 2203 ἀπὸ
1819 2176 1865 2202 τοῦ

1079 2232 1211 2266 παρόντος
1226 2229 1338 2258 κανόνος
1354 2226 1521 2262 παρίσταται
1535 2223 1569 2250 τὰ
1586 2222 1804 2257 ὲκκλησιαστικὰ
1817 2222 1867 2256 ἁρ-

1077 2276 1199 2312 χοντίκια
1217 2275 1277 2310 ἤτοι
1292 2272 1436 2306 ἀξιώματα.
1450 2269 1572 2305 βαθμοὺς
1587 2267 1658 2295 εἶναι
1671 2267 1865 2302 ἐκκλησιαστι-

1077 2323 1152 2354 κοὺς,
1172 2321 1209 2352 ὼς
1227 2320 1261 2346 τὰ
1278 2317 1418 2345 διακονικὰ
1437 2316 1485 2342 καὶ
1507 2315 1540 2341 τὰ
1561 2313 1652 2341 λοιπά.
1675 2313 1816 2346 Θαυμάζω
1840 2312 1867 2338 δὲ

1077 2368 1143 2398 πῶς,
1173 2366 1219 2392 τοῦ
1245 2364 1358 2393 κανόνος
1386 2357 1574 2396 διοριζομένου
1603 2359 1648 2384 τὸν
1674 2356 1864 2398 ἆιποσταλέντα

1077 2413 1185 2447 ὲπέχειν
1200 2411 1245 2437 τον
1261 2410 1344 2436 τόπον
1360 2407 1406 2434 τοῦ
1424 2405 1633 2434 ἀποστείλαντος
1651 2392 1713 2430 ὅσον
1729 2402 1803 2428 κατὰ
1819 2401 1867 2435 τὴν

1076 2458 1170 2493 τιμὴν,
1189 2457 1203 2482 ὁ
1218 2455 1367 2484 ἐπίσκοπος
1390 2453 1446 2479 τῶν
1461 2450 1631 2486 Γορτυναίων
1646 2448 1803 2493 Βασίλειος¹
1815 2456 1868 2472 πα-

1078 2488 1229 2538 ρουσιάζων
1253 2501 1282 2526 ἐν
1303 2502 1336 2534 τῇ
1358 2498 1459 2533 συνόδῳ
1478 2496 1563 2531 ταύτῃ
1587 2495 1685 2529 δικαίῳ
1703 2488 1805 2534 ’πάσηξ
1821 2493 1870 2526 τῆς

1082 2547 1247 2583 Ἐκκλησίας
1277 2545 1387 2580 Ῥώμης
1415 2538 1575 2577 εὑρίσκεται
1605 2538 1868 2575 ὑπογράψαςκμετᾶ

831 2695 929 2726 Guill.
942 2696 1104 2736 Beveregii
1122 2699 1215 2727 noue.

281 2756 336 2791 (65)
348 2757 410 2784 Ὅτι
425 2757 474 2784 καὶ
488 2758 553 2791 ,περὶ
566 2757 625 2785 τῶν
645 2759 798 2785 τοιούτων.
812 2757 873 2784 Hinc
892 2765 978 2792 usque
992 2759 1025 2785 ad

242 2791 486 2830 διαπραττομένων
499 2793 673 2830 inclusiveiu
685 2792 966 2830 l_‘arisicn_si_cditionc
978 2792 1025 2830 de:

245 2825 449 2863 sit-Iuram.th
477 2835 529 2863 ms.
550 2828 772 2863 Atucrbachiano
802 2827 948 2858 habentur,
980 2827 1024 2853 ubi

246 2861 327 2885 ctiam
354 2868 402 2894 pro
438 2862 659 2897 ἀναιδεσαμὲνων
706 2861 787 2896 paulo
818 2865 898 2895 ante,
928 2863 1029 2889 rectius

1080 2759 1190 2793 legitur,
1203 2754 1452 2793 dvatosuaauévmv.
1461 2789 1472 2793 Α
1553 2785 1560 2793 ι
1624 2745 1637 2762 ί

1117 2783 1173 2827 ίϐλί)
1184 2783 1266 2818 Κατὰ
1281 2791 1340 2827 τῶν
1353 2783 1636 2827 ἴκτιοιῐῖιῖθιιιιωτέρων.¹
1648 2784 1698 2824 his.
1721 2783 1871 2811 :Etoniem

1080 2821 1201 2860 sis‘legit
1226 2821 1488 2860 προϐαομιωτέρων,
1522 2828 1602 2855 quam
1631 2821 1779 2846 lcctium-Iu
1814 2827 1870 2853 l‘tsl‘.

1083 2863 1164 2890 etiam
1174 2863 1251 2889 locus
1265 2860 1393 2895 postulat.
