1941 3093
106 230 158 264 541

633 230 673 260 [Ν
690 230 776 262 CAN.
794 230 851 260 Vll
872 230 975 263 CONC.
995 231 1036 263 IN
1051 231 1212 262 TRULLO.

1681 233 1735 266 512

105 286 169 317 τοὺς
186 284 322 319 τέσσαρας
339 282 513 318 πατριάρχας
526 282 574 310 καί
588 291 665 314 τινας
680 282 894 319 μητροπολίτας.

949 285 1130 320 patriarchas;
1154 285 1222 313 sicut
1244 288 1270 312 et
1284 284 1374 312 cmtcri
1391 284 1484 320 legati,
1498 285 1602 313 scilicet
1619 285 1734 314 Thessa-

113 329 183 357 Ἀλλ’
197 329 233 360 ὡς
249 328 322 354 ἔοικε
338 329 384 354 καὶ
394 328 474 359 αὐτὸς
488 327 600 362 λεγὰτος
611 325 646 362 ἦν
654 327 701 354 τοῦ
716 327 816 354 πάππα
826 335 833 342 ·
850 327 896 354 καὶ

108 375 153 403 διὰ
170 375 250 402 τοῦτο
266 374 335 410 μετὰ
348 375 410 406 τοὺς
424 374 597 409 πατριάρχας
612 373 782 408 ὑπέγραψεν,
799 373 894 409 ὥσπερ

106 422 154 448 καὶ
169 423 192 448 οἱ
206 422 294 448 λοιποὶ
310 421 429 455 λεγάτοι,
451 421 510 455 ἦτοι
526 422 538 447 ό
554 420 766 453 Θεσσαλονίκης,
778 420 792 445 ὁ
812 417 896 454 Ἦρα-

107 467 199 497 ﬂeta;
214 468 261 492 καὶ
275 466 317 492 ’έτε
324 475 376 499 ροι.
393 466 421 492 '0
435 466 461 491 δὲ
474 465 648 500 χαρτοφύλαξ
662 465 707 499 τῆ;
725 467 896 491 Κωνσταντι-

107 512 269 543 νουπόλεως.
280 513 352 542 ὅπως
362 507 531 546 προκάθῇται
542 511 595 537 τῶν
605 511 740 546 ἀρχιερξω
751 511 896 543 ’,διάκονος

106 556 155 589 ὢν,
170 556 275 591 εἴρηται
293 557 321 581 ἐν
342 555 382 590 τῷ
405 559 437 590 ιη’
462 555 555 587 κανόν,
573 556 622 590 τῆς
643 556 754 590 πρώτης
776 555 895 582 συνόδου.

107 601 263 635 Σημείωσαι
283 601 312 627 δὲ
324 601 370 626 τὸν
383 600 483 626 κανόνα
497 600 610 634 λέγοντα
626 600 768 635 κρείττονα
780 598 850 626 εἶναι
862 599 897 626 τὰ

106 647 281 681 πνευματικὰ
293 647 436 681 ἀξιώματα
449 646 503 673 τῶν
515 647 585 673 κατὰ
598 647 700 680 κόσμον
715 646 876 680 ἀξιωμάτων
887 653 895 662 '

104 691 176 727 πλὴν
193 691 231 726 μὴ
255 692 372 727 ἑλκύσῃς
393 692 487 724 τοῦτο,
508 692 544 723 ὣς
559 701 630 723 τινες
646 690 736 723 εἷπον,
754 693 834 726 χάριν
849 691 896 718 τοῦ

105 739 293 774 προτιμᾶσθαι
311 738 345 764 τὰ
360 738 576 773 ἐκκλησιαστικὰ
590 738 735 772 ἀξιώματα
749 739 802 764 τῶν
818 738 897 773 βασι-

103 783 199 810 λικῶν.
220 783 497 824 Ἐρμήνευσονβοῦτο
509 785 548 814 εἰς
567 783 631 814 τοὺς
645 783 897 817 καταυθαδιαζομέ-

102 838 167 860 νους
177 830 259 864 τυχὸν
275 829 469 860 ὑποδιακόνους
484 829 554 856 κατὰ
567 829 708 863 διακόνων,
727 829 742 863 ἢ
757 830 898 860 διακόνους

105 876 179 902 κατὰ
196 875 407 910 πρεσϐυτέρων
421 875 469 901 καὶ
488 875 548 901 εἰπὲ
565 875 606 902 ὅτι
617 894 624 907 ,
639 876 663 902 εί
682 876 710 901 ὲν
725 876 782 906 τοῖς
796 884 895 909 κοσμι-

102 921 162 952 κοῐς
180 913 333 954 ἀξιώμασιν
348 920 398 947 οὐκ
416 920 504 953 ἔξεστι
520 920 559 956 τῷ
573 921 665 956 ἥττονι
679 920 743 956 ἀξέᾳ
757 921 813 946 tm
829 929 896 955 προ-

947 331 1095 359 loniceusis
1121 331 1263 366 cpiscopus
1288 336 1314 358 et
1337 330 1522 359 lleracleanus
1540 337 1567 359 et
1583 332 1641 359 alii.
1665 332 1736 359 Con-

948 378 1210 412 stantiuopolitanus
1233 381 1326 404 autem
1354 377 1545 413 cltartophylax
1560 398 1567 410 ,
1601 379 1736 413 quomodo

948 430 1009 450 cum
1026 423 1061 450 sit
1075 422 1216 453 diaconus,
1239 427 1301 449 ante
1317 423 1451 450 antistites
1477 424 1562 455 sedet,
1584 423 1610 450 in
1637 413 1730 457 primae

949 468 1044 503 synodi
1061 467 1094 494 18
1108 475 1168 494 can.
1191 467 1291 494 dictum
1307 472 1355 494 est.
1376 466 1442 494 Nota
1459 471 1546 493 autem
1564 471 1590 494 et
1605 475 1735 494 canonem

947 513 994 548 qui
1008 513 1085 548 dicit.
1099 513 1253 547 spirituales
1274 513 1420 547 dignitates
1442 520 1503 540 esse
1530 513 1733 546 praestautiores

948 561 1123 588 sa-cularibus
1137 560 1323 595 dignitatibus.
1340 559 1392 587 Sed
1407 567 1440 586 ne
1454 560 1505 586 hoc
1519 567 1552 586 eo
1564 560 1691 591 traxeris,
1706 564 1735 586 ut

949 605 1073 633 nonnulli
1093 605 1230 635 dicebant.
1246 605 1279 631 ad
1296 605 1495 632 ecclesiasticas
1517 604 1660 639 dignitates
1686 605 1721 631 im

947 651 1091 686 peratoriis
1110 651 1305 685 praeferendas.
1319 650 1500 685 interpretare
1514 655 1604 677 autem
1621 651 1673 678 hoc
1687 651 1734 678 ad-

948 703 1043 723 versus
1056 695 1272 730 hypodiaconos,
1289 695 1332 729 qui
1353 695 1470 722 fortasse
1486 696 1601 729 superbe
1613 701 1640 723 et
1659 695 1734 724 inso-

948 741 1035 768 lenter
1046 749 1076 769 se
1097 745 1195 776 gernnt
1213 741 1344 769 adversus
1372 741 1513 774 diaconos,
1537 742 1579 768 vel
1606 742 1735 769 diaconos

947 787 992 821 qu_i
1016 787 1146 814 adversus
1169 786 1339 822 presbyteros
1356 795 1363 814 :
1381 790 1409 813 et
1423 786 1467 813 dic
1481 805 1488 817 ,
1507 786 1576 819 quod
1595 786 1616 813 si
1637 787 1662 813 in
1679 795 1731 814 sm-

948 831 1085 858 cularibus
1102 831 1277 865 dignitatibus
1289 839 1345 857 non
1362 831 1424 857 licet
1439 830 1474 863 ei,
1490 831 1536 865 qui
1561 835 1601 858 est
1619 831 1733 858 minoris

948 876 1096 910 dignitatis,
1113 877 1260 911 praesidere
1275 876 1315 903 vel
1331 876 1454 911 praeferri
1469 876 1506 906 ei,
1524 876 1568 909 qui
1580 881 1621 904 est
1634 877 1735 910 majore

948 922 1080 956 dignitate
1096 922 1258 954 honoratus,
1277 922 1362 949 multo
1377 920 1463 956 magis
1481 929 1532 948 non
1549 921 1610 947 licet
1625 921 1675 948 hoc
1692 921 1733 948 fa-

103 966 240 1001 καθῆσθαι
265 966 280 1001 ἢ
302 966 488 1001 προτιμᾶσθαι
513 966 560 992 τοῦ
583 966 687 1002 μείζονι
710 967 893 1000 τετιμημένου

949 975 1006 995 cere
1017 968 1050 994 iis
1066 967 1111 1001 qui
1123 971 1186 994 sunt
1197 967 1387 994 ecclesiasticis
1398 966 1575 1001 dignitatibus
1591 966 1669 1001 165
1685 967 1732 993 ho-

102 1012 249 1047 ἀξιώματι,
267 1012 356 1047 πολλῷ
371 1012 451 1039 πλέον
468 1012 517 1038 οὐκ
533 1012 623 1044 ἔξεστι
636 1009 717 1038 ἷοῦτο
731 1013 818 1038 ποιεῖν
833 1013 893 1043 ταῖς

103 1058 343 1092 ἐκκλησιαστικαῖς
352 1057 441 1090 ἀξίαις
453 1058 655 1092 τετιμημένοις,
663 1056 702 1088 ’ἃς
712 1057 759 1083 καὶ
772 1065 895 1090 πνευμα-

103 1102 184 1133 τικὰς
209 1102 334 1135 ἐκάλεσε,
349 1103 395 1128 καὶ
416 1102 584 1137 χρεωστοῦσι
609 1102 700 1128 πᾶσαν
716 1102 845 1134 εὐταξίαν
863 1103 895 1128 ὲκ

103 1147 152 1174 τοῦ
168 1148 375 1182 ἐπαγγέλματος
390 1147 490 1175 αὐτῶν.
504 1148 578 1182 Σημε
584 1147 662 1174 ιωσαι
675 1144 722 1173 οὖν
735 1147 780 1173 τὸν
795 1147 895 1173 κανόνα

104 1193 274 1229 ὀνομάζοντα
288 1194 352 1228 περὶ
364 1194 394 1220 τὸ
408 1192 483 1224 τέλος
495 1193 558 1224 τοὺς
570 1192 813 1226 ἐκκλησιαστικοὺς
829 1192 894 1227 βαθ-

107 1240 176 1274 μοὺς
202 1239 355 1274 ἀξιώματα.
376 1239 508 1269 Πολλάκις
532 1238 586 1273 γὰρ
604 1240 643 1270 εἰς
667 1241 698 1266 το
719 1240 895 1275 δικαστήριον

104 1283 183 1312 εἶπόν
208 1293 281 1316 τινες
305 1285 373 1319 μήτε
399 1285 464 1316 τοὺς
493 1284 738 1320 ἐκκλησιαστικοὺς
761 1286 895 1320 ἄρχοντας

105 1331 176 1367 μήτε
192 1331 256 1362 τοὺς
273 1320 474 1366 μητροπολίτας
489 1331 518 1356 ὲν
532 1331 719 1365 ἀξιωματικοῦ
735 1333 818 1367 μοίρᾳ
832 1339 895 1358 συν-

103 1377 260 1410 τάττεσθαι,
292 1378 339 1403 καὶ
364 1377 408 1403 διὰ
432 1376 511 1404 τοῦτο
538 1377 605 1412 μηδὲ
624 1377 736 1404 δυνατὸν
757 1375 828 1404 εἶναι
849 1377 895 1403 τδν

105 1423 199 1459 στίχον
223 1423 270 1450 τοῦ
289 1423 516 1458 ἑκκλησιαστικοῦ
539 1423 758 1450 κουὸουκλεισίου
774 1423 832 1458 ἢτοι
847 1423 895 1449 τοῦ

105 1470 275 1503 ἐπισκόπου,
291 1469 359 1497 ἀλλὰ
375 1469 514 1498 ταπεινόν.
537 1469 614 1505 Ἐμοὶ
627 1469 656 1496 δὲ
671 1468 750 1496 τοῦτο
764 1469 794 1496 οὐ
810 1468 894 1497 δοκεῖ.

103 1516 161 1544 Καὶ
174 1516 310 1550 ἀνάγνωθι
321 1516 351 1542 τὺ
368 1519 392 1543 α’
407 1516 555 1551 κεφάλαιον
569 1515 616 1542 τοῦ
624 1519 650 1550 η’
662 1515 752 1542 τίτλου
765 1514 811 1541 τοῦ
824 1523 894 1549 παρ-

104 1564 184 1594 όντος
212 1563 416 1597 συντάγματος,
455 1562 502 1589 καὶ
525 1562 556 1588 τὸ
586 1562 676 1588 ἐκεῖσε
702 1561 897 1595 καταστρωθὲν

943 1013 1041 1046 norati,
1052 1020 1118 1047 quas
1132 1013 1212 1040 etiam
1224 1012 1377 1047 spirituales
1391 1012 1550 1046 appellavit)
1566 1013 1611 1046 qui
1627 1012 1733 1046 quidem

943 1066 977 1085 ex
993 1065 1041 1085 sua
1053 1058 1218 1091 professione
1235 1058 1333 1085 debent
1349 1064 1458 1083 onmem
1484 1057 1584 1084 bonum
1612 1058 1734 1085 ordinem

944 1105 1100 1132 observare.
1116 1102 1184 1129 Nota
1200 1110 1264 1137 ergo
1278 1111 1423 1134 canonem,
1439 1105 1484 1138 qui
1499 1105 1571 1132 circa
1588 1103 1667 1130 linem
1686 1112 1735 1131 no-

946 1150 1032 1177 minat
1060 1149 1262 1177 ecclesiasticos
1288 1149 1389 1183 gradus
1411 1151 1567 1186 dignitates.
1598 1150 1730 1177 Nonnulli

945 1195 1015 1222 enim
1032 1201 1103 1229 saepe
1117 1194 1143 1221 in
1157 1194 1261 1229 judicio
1274 1196 1375 1229 dixere,
1390 1204 1440 1224 nec
1454 1197 1654 1224 ecclesiasticos
1667 1204 1733 1231 pne-

945 1240 1041 1272 fectos,
1058 1247 1110 1267 nec
1127 1241 1349 1274 metropolitanos
1360 1242 1430 1269 inter
1441 1243 1586 1277 dignitates
1598 1242 1735 1275 collocari,

944 1289 972 1313 ct
987 1289 1129 1321 propterea
1158 1292 1208 1312 nec
1231 1290 1368 1319 potentem
1392 1287 1500 1322 quidem
1521 1295 1582 1315 esse
1600 1287 1735 1315 ecclesia~

945 1332 1006 1359 stici
1030 1331 1189 1359 cubicularii
1213 1332 1254 1359 vel
1276 1333 1394 1367 episcopi
1419 1333 1553 1367 ordinem,
1573 1333 1619 1361 sed
1638 1334 1730 1360 vilem.

946 1377 1004 1405 Hoc
1017 1382 1106 1405 autem
1124 1378 1190 1405 mihi
1208 1378 1243 1404 ita
1260 1385 1320 1406 esse
1335 1387 1389 1406 non
1413 1380 1530 1407 videtur.
1547 1380 1580 1407 Et
1604 1380 1663 1414 lege
1679 1380 1726 1414 pri-

946 1430 1020 1451 mum
1039 1430 1101 1459 cap.
1113 1422 1130 1450 8
1157 1423 1198 1450 tit.
1222 1425 1364 1459 praesentis
1386 1426 1486 1460 operis,
1501 1431 1528 1453 et
1546 1426 1600 1453 illic
1618 1425 1733 1460 positum

947 1469 1109 1504 scriptisque
1128 1468 1284 1496 mandatum
1309 1470 1402 1504 sanctif
1425 1471 1595 1498 Constantini
1623 1470 1711 1506 Magni

948 1515 994 1548 qui
1012 1518 1055 1541 est
1071 1513 1200 1547 apostolis
1214 1514 1338 1548 aequalis,
1354 1515 1506 1547 decretum,
1520 1519 1549 1542 et
1564 1520 1734 1542 commenta-

948 1560 1018 1586 rium
1036 1559 1071 1586 56
1085 1566 1145 1593 cap.
1161 1558 1239 1592 primi
1257 1560 1297 1585 tit.
1316 1560 1457 1593 praesentis
1471 1560 1571 1594 operis.

105 1608 243 1642 ἔγγραφον
255 1607 393 1642 θέτπισμα
410 1606 456 1633 τοῦ
482 1606 657 1633 ίσαποστόλου
673 1606 751 1641 ἁγίου
773 1606 890 1640 μεγάλου
910 1604 1128 1637 Κώνσταντίνου,
1143 1603 1232 1630 καὶτὸ
1246 1603 1351 1639 σχόλιον
1364 1604 1409 1630 τοῦ
1435 1603 1480 1636 λς’
1510 1604 1657 1639 κεφαλαίου
1687 1605 1737 1634 τοῦ

104 1657 130 1681 α’
143 1654 232 1681 τίτλον
247 1653 294 1680 τοῦ
311 1652 443 1688 παρόντος
458 1653 661 1689 συντάγματος.

141 1700 263 1727 ΖΩΝΑΡ.
285 1699 315 1725 '0
331 1698 566 1730 ὀκτωκαιδέκατος
582 1697 672 1724 κανὼν
686 1697 736 1732 τῆς
750 1698 779 1724 ὲν
792 1695 894 1732 Νικαεᾳ

983 1693 1111 1723 ZONAR.
1127 1693 1166 1721 Ne
1188 1693 1307 1721 medium
1323 1694 1350 1720 in
1371 1697 1590 1730 presbyterorum
1607 1701 1736 1721 consessu

105 1745 220 1781 πρώτης
245 1744 355 1770 συνόδου
379 1744 416 1778 μὴ
439 1743 468 1769 ἒν
492 1743 567 1778 μέσῳ
593 1742 787 1777 πρεσϐυτέρων
813 1739 897 1774 καθῆ-

107 1793 169 1819 σθαι
192 1791 255 1822 τοὺς
275 1790 417 1821 διακόνους
441 1788 566 1824 κελεύει,
591 1789 655 1818 τοὺς
682 1787 710 1814 δὲ
731 1787 768 1822 μὴ
785 1786 898 1820 πειθαρ-

106 1839 222 1874 χοῦντας
240 1835 376 1862 παύεσθαι
398 1835 449 1869 τῆς
472 1834 620 1865 διακονίας.
649 1833 679 1859 '0
693 1833 721 1859 δὲ
737 1832 834 1868 παρὼν
849 1840 898 1858 κα-

107 1884 163 1910 νὼν
180 1884 236 1912 τοῖς
262 1880 385 1911 αὐθαδῶς
404 1880 458 1914 πρὸ
474 1879 528 1906 τῶν
550 1878 745 1914 πρεσϐυτέρων
762 1877 898 1911 καθῆσθαι

107 1928 330 1962 ἀναιδευομένοις
346 1927 397 1953 οὐκ
413 1926 550 1952 ἔκπτωσιν
565 1925 616 1959 τῆς
641 1924 779 1955 διακονίας
799 1923 838 1954 εἰς
855 1923 900 1949 κό-

107 1975 189 2001 λασιν
210 1973 259 2007 τῆς
283 1971 428 2002 αὐθαδείας
444 1970 554 2004 ἐπάγει,
574 1970 642 1996 ἀλλὰ
657 1969 846 2002 ὑποϐιὸασμὸν
866 1969 899 1994 ὲκ

107 2019 157 2047 τοῦ
175 2018 277 2046 οίκείου
300 2017 415 2053 βαθμοῦ.
429 2017 460 2043 El
482 2015 531 2050 γὰρ
547 2015 627 2050 τυχὸν
641 2015 695 2041 τῶν
709 2014 796 2041 ἄλλων
809 2013 899 2040 διακό-

107 2074 163 2093 νων
181 2063 422 2100 προϐαθμιώτερος
440 2060 474 2098 ἦν
492 2063 505 2088 6
520 2061 761 2095 ἁναιδευσάμενος,
779 2060 825 2086 καὶ
846 2059 899 2094 πρὸ

107 2112 164 2138 τῶν
186 2110 381 2146 πρεσσυτέρων
405 2109 533 2141 καθίσας,
549 2106 780 2142 κατενεχθήσεται
797 2106 835 2136 είς
852 2105 899 2132 τὸν

108 2157 224 2191 ἔσχατον
236 2155 330 2185 τόπον,
345 2154 393 2180 καὶ
410 2154 487 2180 ἔσται
502 2153 612 2180 πάντων
629 2151 808 2186 ὐποΰάθμιος.
824 2151 854 2177 Ei
871 2150 900 2176 δὲ

108 2202 164 2229 οπο
175 2201 221 2228 τοῦ
236 2201 339 2228 οἰκείου
356 2200 529 2234 πατριάρχου
545 2198 561 2234 ἢ
584 2197 786 2233 μητροπολίτου
802 2196 832 2223 ἐν
846 2204 900 2223 τινι

109 2247 187 2274 πόλει
209 2246 305 2281 σταλῇ,
325 2246 364 2277 ὡς
379 2246 424 2272 τδν
445 2245 528 2279 τόπον
554 2244 659 2271 ἐκείνου
684 2241 898 2278 ἁναπληρώσων,

108 2294 171 2320 τότε
188 2292 225 2324 ὡς
241 2292 322 2322 αὐτὸς
337 2293 350 2318 ὁ
365 2291 474 2322 στείλας
492 2290 573 2317 αὑτὸν
589 2289 783 2324 λογισθήσεται
799 2289 845 2315 καὶ
861 2297 901 2314 τι-

111 2338 275 2375 μηθήσεται.
294 2337 359 2369 Πῶς
374 2336 420 2363 οὖν
436 2337 449 2363 ό
462 2336 510 2371 μὲν
524 2336 579 2362 τῶν
593 2335 713 2361 κανόνων
724 2335 768 2360 τὸν
782 2336 811 2360 ὲν
825 2334 901 2368 μέσῳ

110 2384 305 2420 πρεσϐυτέρων
328 2383 479 2410 καθίσαντα
498 2381 647 2417 βαρύτερον
664 2381 787 2412 κολάζει,
803 2381 900 2406 παύων

109 2430 194 2457 αὐτὸν
214 2430 263 2463 τῆς
289 2429 439 2459 διακονίας,
464 2424 542 2458 οὗτος
561 2426 589 2453 δὲ
615 2425 786 2460 κουφοτέραν
802 2424 901 2458 ἐπάγει

108 2476 161 2510 τὴν
175 2475 311 2510 τιμωρίαν
327 2474 364 2509 τῷ
385 2472 580 2508 προκαθίσαντι
597 2470 798 2505 πρεσϐυτέρου,
815 2478 902 2497 κατα-

110 2521 232 2553 ϐιϐάζων
256 2520 336 2546 αὑτὸν
360 2521 399 2550 εἰς
421 2519 465 2545 τδν
492 2518 606 2552 ἔσχατον
624 2517 706 2543 τόπον
726 2516 773 2543 τοῦ
799 2515 901 2542 οἰκείου

111 2567 234 2603 βαθμοῦς
253 2566 337 2592 Φασὶν
356 2563 402 2591 οὖν
425 2566 465 2591 ὃτι
481 2564 495 2590 ὁ
513 2563 566 2599 μὶν
589 2563 637 2598 τῆς
658 2562 772 2598 πρώτης
791 2562 900 2588 συνόδου

111 2615 200 2641 κανὼν
217 2611 346 2646 περὶτῶν
364 2611 393 2636 ὲν
409 2610 511 2645 βήματι
526 2609 555 2635 ὲν
571 2608 727 2644 ἱερουργίας
744 2607 834 2642 καιρῷ
849 2615 900 2633 κα-

111 2658 266 2693 θεζομένων
289 2658 318 2683 ὲν
334 2657 407 2692 μέσῳ
426 2655 622 2690 πρεσϐυτέρων
637 2656 728 2690 φησὶν,
750 2654 793 2681 ὅτε
807 2654 900 2680 διακο-

111 2707 167 2730 νεῖν
186 2703 286 2736 μᾶλλον
310 2701 357 2727 καὶ
383 2700 531 2735 ὑπηρετεῖν
551 2700 606 2730 τοῖς
627 2699 746 2734 ἱερεῦσιν
763 2699 898 2733 ὀφείλουσι

110 2749 160 2776 καὶ
177 2747 346 2782 παρεστάναι
371 2746 480 2777 αὐτοῖς·
503 2747 516 2772 ὁ
533 2745 561 2771 δὲ
587 2745 637 2779 τῆς
660 2745 769 2771 συνόδου
797 2744 899 2777 ταύτης

110 2793 176 2827 περὶ
190 2792 244 2819 τῶν
261 2793 338 2823 ἐκτὸς
355 2791 476 2826 βήματος
492 2791 520 2816 ὲν
533 2790 650 2825 τυχοῦσῃ
663 2790 783 2825 καθέδρᾳ
795 2798 899 2825 προκα-

112 2839 246 2875 θισᾲντῳν
278 2837 485 2872 πρεσϐυτέρων.
516 2835 658 2870 Πανταχοῦ
691 2836 740 2870 μὲν
762 2837 816 2870 γὰρ
844 2837 898 2866 τοῖς

113 2885 233 2919 ἱερεῦσιν
246 2885 271 2909 ot
291 2883 409 2910 διάκονοι
430 2881 596 2916 χρεωστοῦσι
618 2881 712 2916 τιμὴν,
738 2881 856 2916 μάλιστα
870 2881 898 2906 δὲ

111 2929 142 2956 ἐν
159 2928 310 2966 ἱερουργίᾳ.
327 2927 457 2963 Ὀφφίκια
471 2927 498 2954 δὲ
517 2926 734 2962 ἑκκλησιαστικὰ
751 2926 784 2953 τὰ
798 2927 897 2962 ἁρχον-

948 1741 1036 1768 locum
1053 1740 1160 1767 diaconi
1173 1744 1318 1775 occupent,
1337 1739 1370 1766 l8
1386 1741 1481 1774 primat
1498 1741 1523 1766 in
1537 1739 1625 1767 Nicaea
1639 1740 1735 1774 synodi

947 1792 1051 1813 canone
1063 1785 1236 1812 interdictum
1250 1790 1302 1817 est,
1313 1790 1541 1820 contumacesque
1554 1793 1568 1811 a
1584 1786 1736 1812 ministerio

949 1831 1036 1858 arceri
1065 1831 1158 1858 eadem
1190 1830 1388 1858 constitutione
1414 1830 1566 1858 decretum.
1596 1830 1645 1858 Hic
1673 1838 1738 1858 vero

948 1884 1048 1907 canon.
1062 1877 1108 1911 qui
1128 1877 1315 1904 honestiorem
1338 1876 1449 1904 sedendi
1476 1876 1563 1903 locum
1588 1877 1736 1911 impudenti

950 1923 1104 1950 temeritate
1119 1922 1310 1949 sacerdotibus
1327 1921 1511 1956 prteripuerit,
1530 1930 1592 1949 eum
1616 1923 1642 1948 in
1658 1929 1737 1949 arro-

950 1968 1047 2004 gantiae
1059 1975 1114 1994 suae
1129 1975 1234 2002 poenam
1249 1975 1303 1994 non
1318 1975 1332 1994 a
1345 1967 1493 1995 miniSIerio
1506 1968 1615 2000 quidem
1633 1968 1736 2001 repelli,

950 2013 997 2039 sed
1014 2013 1047 2039 de
1062 2020 1110 2039 suo
1124 2012 1207 2047 gradu
1229 2011 1369 2039 deturbari
1383 2011 1471 2046 jubet.
1497 2010 1615 2037 Proinde
1638 2011 1661 2037 si
1682 2011 1737 2044 pri-

949 2065 1024 2085 mum
1050 2057 1121 2085 forte
1147 2058 1235 2084 locum
1261 2057 1333 2084 inter
1353 2057 1483 2083 diaconos
1504 2056 1669 2086 obtinuerat,
1692 2055 1737 2089 qui

951 2104 1019 2131 adeo
1031 2103 1200 2138 impudenter
1212 2110 1242 2131 se
1256 2103 1326 2138 gerit
1337 2107 1365 2130 et
1379 2106 1442 2128 ante
1455 2101 1629 2136 pro~byteros
1648 2101 1737 2133 sedet,

951 2150 977 2177 in
999 2155 1168 2184 postremum
1193 2149 1362 2180 detrutletur,
1381 2147 1538 2180 honoreque
1557 2146 1665 2173 αιτιοι-ῖς
1679 2154 1739 2173 om-

951 2195 1030 2222 nibus
1046 2194 1158 2221 iuferior
1175 2193 1328 2221 habebitur.
1343 2193 1372 2221 Si
1386 2200 1466 2228 quem
1481 2198 1569 2219 tamen
1582 2191 1738 2224 diaconum,

950 2240 1073 2268 muneris
1088 2239 1129 2267 sui
1144 2240 1288 2271 vicarium,
1303 2239 1330 2266 iu
1343 2239 1436 2267 urbem
1452 2239 1570 2272 aliquam
1586 2238 1739 2273 patriarcha

950 2285 992 2313 vel
1003 2286 1226 2320 metropolitanus
1236 2285 1496 2318 destinarit,debitos
1509 2284 1572 2319 ipsis
1584 2283 1743 2318 praesulibus

952 2332 1069 2358 honores
1086 2332 1176 2365 legato
1190 2330 1302 2364 deferri,
1318 2331 1468 2364 eodemque
1480 2337 1533 2364 quo
1550 2329 1595 2356 ille
1617 2329 1676 2356 loco
1695 2329 1742 2356 ha-

953 2377 1011 2404 beri
1038 2377 1137 2412 placet.
1163 2377 1218 2404 Sed
1245 2384 1305 2403 cum
1328 2376 1415 2403 altero
1440 2382 1555 2407 ratione,
1576 2375 1620 2409 qui
1637 2375 1744 2401 medius

953 2423 1025 2449 inter
1037 2423 1212 2458 presbyteros
1224 2422 1387 2454 consederit,
1403 2421 1438 2448 illi
1455 2421 1618 2448 cessationis
1631 2428 1645 2446 ιι
1660 2419 1742 2446 mini-

954 2467 1038 2494 sterio
1052 2474 1130 2502 poena
1143 2468 1253 2502 gravior
1267 2467 1368 2494 inﬂicta
1383 2467 1431 2498 sit,
1448 2473 1499 2501 qua
1516 2466 1622 2493 ratione
1638 2465 1741 2492 factum

953 2513 1129 2546 arbitremur,
1150 2513 1246 2547 utqui
1273 2512 1458 2540 honestiorem
1487 2512 1576 2539 locuut
1602 2512 1743 2538 sacerdote

952 2558 1090 2585 assidente
1106 2558 1258 2593 occuparit,
1281 2565 1342 2585 cutn
1367 2564 1399 2585 eo
1424 2557 1468 2583 hic
1481 2563 1568 2583 canon
1596 2554 1741 2582 remissius

953 2609 1027 2639 agat.
1042 2605 1197 2639 levioreque
1210 2603 1457 2631 animadversionis
1472 2609 1571 2637 genere
1585 2600 1649 2627 uibil
1666 2599 1739 2625 aliud

953 2658 1033 2685 quam
1051 2656 1216 2685 postremum
1233 2651 1303 2677 inter
1318 2650 1359 2677 sui
1375 2648 1478 2676 ordinis
1495 2647 1618 2674 homines
1628 2645 1741 2679 gradum

952 2697 1203 2731 obtinerejubeat?
1227 2697 1255 2724 ld
1272 2697 1356 2732 igitur
1380 2696 1417 2722 ita
1440 2693 1562 2721 nonnulli
1593 2691 1742 2725 explicant,

953 2748 982 2770 ut
996 2744 1029 2770 de
1041 2743 1176 2776 diaconis,
1195 2744 1240 2778 qui
1255 2744 1316 2770 dum
1332 2748 1408 2768 sacra
1422 2739 1551 2775 mysteria
1565 2742 1742 2772 peraguntur,

955 2790 980 2816 in
998 2790 1117 2817 sat-rario
1135 2789 1217 2816 medii
1231 2789 1302 2815 inter
1323 2787 1498 2822 presbyteros
1514 2784 1674 2815 consedere,
1688 2791 1743 2817 quo

954 2835 1063 2869 quidem
1078 2840 1198 2869 tetttpore
1213 2840 1260 2860 eos
1276 2832 1392 2858 maxime
1405 2830 1591 2858 sacerdotibus
1608 2828 1740 2856 inservire

953 2884 1036 2914 atque
1064 2883 1154 2906 astare
1180 2881 1348 2911 oportuerat,
1379 2875 1472 2910 primae
1496 2875 1590 2910 synodi
1608 2881 1740 2901 canoncm

952 2925 1038 2960 accipi
1049 2925 1132 2953 velint
1143 2933 1149 2952 :
1162 2925 1234 2951 hunc
1246 2931 1311 2951 vero
1328 2924 1360 2950 dc
1373 2923 1415 2955 iis,
1428 2922 1475 2958 qui
1491 2926 1569 2950 extra
1581 2920 1738 2953 sacrarium,
