  <div class='ocr_page' id='page_1' title='image "/cluster/home/n/w/nwhite01/storage/ocr_20150623/137/njp.32101077773115/287.png"; bbox 0 0 1941 3093; ppageno 0'>
   <div class='ocr_carea' id='block_1_1' title="bbox 228 163 282 196">
    <p class='ocr_par' dir='ltr' id='par_1_1' title="bbox 228 163 282 196">
     <span class='ocr_line' id='line_1_1' title="bbox 228 163 282 196; baseline 0.037 -2"><span class='ocrx_word' id='word_1_1' title='bbox 228 163 282 196; x_wconf 76' lang='grc'>543</span> 
     </span>
    </p>
   </div>
   <div class='ocr_carea' id='block_1_2' title="bbox 858 161 1218 193">
    <p class='ocr_par' dir='ltr' id='par_1_2' title="bbox 858 161 1218 193">
     <span class='ocr_line' id='line_1_2' title="bbox 858 161 1218 193; baseline 0 0"><span class='ocrx_word' id='word_1_2' title='bbox 858 162 996 193; x_wconf 86' lang='lat' dir='ltr'><strong>TllEOD.</strong></span> <span class='ocrx_word' id='word_1_3' title='bbox 1018 161 1218 193; x_wconf 78' lang='lat' dir='ltr'><strong>BALSAMON</strong></span> 
     </span>
    </p>
   </div>
   <div class='ocr_carea' id='block_1_3' title="bbox 1819 159 1880 191">
    <p class='ocr_par' dir='ltr' id='par_1_3' title="bbox 1819 159 1880 191">
     <span class='ocr_line' id='line_1_3' title="bbox 1819 159 1880 191; baseline 0 -1"><span class='ocrx_word' id='word_1_4' title='bbox 1819 159 1880 191; x_wconf 74' lang='lat' dir='ltr'><strong>5H</strong></span> 
     </span>
    </p>
   </div>
   <div class='ocr_carea' id='block_1_4' title="bbox 228 217 1025 254">
    <p class='ocr_par' dir='ltr' id='par_1_4' title="bbox 228 218 1023 254">
     <span class='ocr_line' id='line_1_4' title="bbox 228 218 1023 254; baseline -0.003 -8"><span class='ocrx_word' id='word_1_5' title='bbox 228 220 283 246; x_wconf 90' lang='lat' dir='ltr'><strong>alio</strong></span> <span class='ocrx_word' id='word_1_6' title='bbox 305 225 467 254; x_wconf 87' lang='lat' dir='ltr'><strong>quocunque</strong></span> <span class='ocrx_word' id='word_1_7' title='bbox 492 225 633 252; x_wconf 82' lang='lat' dir='ltr'><strong>consessu,</strong></span> <span class='ocrx_word' id='word_1_8' title='bbox 655 218 803 253; x_wconf 79' lang='lat' dir='ltr'><strong>digniorem</strong></span> <span class='ocrx_word' id='word_1_9' title='bbox 820 218 870 245; x_wconf 80' lang='lat' dir='ltr'><strong>sibi</strong></span> <span class='ocrx_word' id='word_1_10' title='bbox 886 218 957 245; x_wconf 90' lang='lat' dir='ltr'><strong>inter</strong></span> <span class='ocrx_word' id='word_1_11' title='bbox 979 224 1023 244; x_wconf 84' lang='lat' dir='ltr'><strong>sa-</strong></span> 
     </span>
    </p>
   </div>
   <div class='ocr_carea' id='block_1_5' title="bbox 1095 217 1880 254">
    <p class='ocr_par' dir='ltr' id='par_1_5' title="bbox 1095 217 1880 252">
     <span class='ocr_line' id='line_1_5' title="bbox 1095 217 1880 252; baseline -0.001 -8"><span class='ocrx_word' id='word_1_12' title='bbox 1095 218 1150 244; x_wconf 85' lang='grc' dir='ltr'>ίκια</span> <span class='ocrx_word' id='word_1_13' title='bbox 1173 218 1261 251; x_wconf 73' lang='grc' dir='ltr'>λέγει.</span> <span class='ocrx_word' id='word_1_14' title='bbox 1285 217 1322 244; x_wconf 79' lang='grc' dir='ltr'>Τὸ</span> <span class='ocrx_word' id='word_1_15' title='bbox 1337 217 1402 244; x_wconf 73' lang='grc' dir='ltr'>αὐτὸ</span> <span class='ocrx_word' id='word_1_16' title='bbox 1419 218 1448 245; x_wconf 73' lang='grc' dir='ltr'><strong>δὲ</strong></span> <span class='ocrx_word' id='word_1_17' title='bbox 1472 218 1586 252; x_wconf 85' lang='grc' dir='ltr'>κρατεῖν</span> <span class='ocrx_word' id='word_1_18' title='bbox 1605 217 1731 252; x_wconf 81' lang='grc' dir='ltr'>βούλεται</span> <span class='ocrx_word' id='word_1_19' title='bbox 1749 218 1763 244; x_wconf 83' lang='grc' dir='ltr'><strong>ὸ</strong></span> <span class='ocrx_word' id='word_1_20' title='bbox 1795 218 1880 244; x_wconf 82' lang='grc' dir='ltr'>κανὺ</span> 
     </span>
    </p>
   </div>
   <div class='ocr_carea' id='block_1_6' title="bbox 229 263 1019 300">
    <p class='ocr_par' dir='ltr' id='par_1_6' title="bbox 229 263 1019 300">
     <span class='ocr_line' id='line_1_6' title="bbox 229 263 1019 300; baseline -0.003 -9"><span class='ocrx_word' id='word_1_21' title='bbox 229 266 354 292; x_wconf 85' lang='lat' dir='ltr'><strong>cerdotes</strong></span> <span class='ocrx_word' id='word_1_22' title='bbox 368 265 457 291; x_wconf 87' lang='lat' dir='ltr'><strong>locum</strong></span> <span class='ocrx_word' id='word_1_23' title='bbox 473 266 634 300; x_wconf 76' lang='lat' dir='ltr'><strong>arrogarint,</strong></span> <span class='ocrx_word' id='word_1_24' title='bbox 650 265 856 299; x_wconf 74' lang='lat' dir='ltr'><strong>intelligendum</strong></span> <span class='ocrx_word' id='word_1_25' title='bbox 871 271 930 290; x_wconf 87' lang='lat' dir='ltr'><strong>esse</strong></span> <span class='ocrx_word' id='word_1_26' title='bbox 947 263 1019 289; x_wconf 85' lang='lat' dir='ltr'><strong>arbi-</strong></span> 
     </span>
    </p>
   </div>
   <div class='ocr_carea' id='block_1_7' title="bbox 231 309 1019 346">
    <p class='ocr_par' dir='ltr' id='par_1_7' title="bbox 231 309 1019 346">
     <span class='ocr_line' id='line_1_7' title="bbox 231 309 1019 346; baseline -0.003 -10"><span class='ocrx_word' id='word_1_27' title='bbox 231 315 346 337; x_wconf 90' lang='lat' dir='ltr'><strong>trentur.</strong></span> <span class='ocrx_word' id='word_1_28' title='bbox 360 309 427 337; x_wconf 90' lang='lat' dir='ltr'><strong>Cum</strong></span> <span class='ocrx_word' id='word_1_29' title='bbox 442 311 514 338; x_wconf 88' lang='lat' dir='ltr'><strong>enim</strong></span> <span class='ocrx_word' id='word_1_30' title='bbox 527 312 625 346; x_wconf 87' lang='lat' dir='ltr'><strong>ubique</strong></span> <span class='ocrx_word' id='word_1_31' title='bbox 640 311 796 338; x_wconf 73' lang='lat' dir='ltr'><strong>sacerdotes</strong></span> <span class='ocrx_word' id='word_1_32' title='bbox 811 309 897 336; x_wconf 74' lang='lat' dir='ltr'><strong>vereri</strong></span> <span class='ocrx_word' id='word_1_33' title='bbox 913 309 1019 335; x_wconf 88' lang='lat' dir='ltr'><strong>diaconi</strong></span> 
     </span>
    </p>
   </div>
   <div class='ocr_carea' id='block_1_8' title="bbox 231 354 1021 391">
    <p class='ocr_par' dir='ltr' id='par_1_8' title="bbox 231 354 1021 391">
     <span class='ocr_line' id='line_1_8' title="bbox 231 354 1021 391; baseline -0.003 -9"><span class='ocrx_word' id='word_1_34' title='bbox 231 356 357 387; x_wconf 80' lang='lat' dir='ltr'><strong>debeant,</strong></span> <span class='ocrx_word' id='word_1_35' title='bbox 375 359 430 382; x_wconf 90' lang='lat' dir='ltr'><strong>tum</strong></span> <span class='ocrx_word' id='word_1_36' title='bbox 451 356 475 382; x_wconf 90' lang='lat' dir='ltr'><strong>id</strong></span> <span class='ocrx_word' id='word_1_37' title='bbox 491 363 548 389; x_wconf 82' lang='lat' dir='ltr'><strong>eos,</strong></span> <span class='ocrx_word' id='word_1_38' title='bbox 570 358 631 383; x_wconf 90' lang='lat' dir='ltr'><strong>dmn</strong></span> <span class='ocrx_word' id='word_1_39' title='bbox 651 364 734 391; x_wconf 90' lang='lat' dir='ltr'><strong>opera</strong></span> <span class='ocrx_word' id='word_1_40' title='bbox 758 356 798 382; x_wconf 85' lang='lat' dir='ltr'><strong>rei</strong></span> <span class='ocrx_word' id='word_1_41' title='bbox 823 354 920 382; x_wconf 55' lang='lat' dir='ltr'><strong>divinae</strong></span> <span class='ocrx_word' id='word_1_42' title='bbox 938 354 1021 380; x_wconf 78' lang='lat' dir='ltr'><strong>uiitti-</strong></span> 
     </span>
    </p>
   </div>
   <div class='ocr_carea' id='block_1_9' title="bbox 231 398 1020 436">
    <p class='ocr_par' dir='ltr' id='par_1_9' title="bbox 231 398 1020 436">
     <span class='ocr_line' id='line_1_9' title="bbox 231 398 1020 436; baseline -0.003 -9"><span class='ocrx_word' id='word_1_43' title='bbox 231 402 314 427; x_wconf 83' lang='lat' dir='ltr'><strong>sterio</strong></span> <span class='ocrx_word' id='word_1_44' title='bbox 332 401 507 434; x_wconf 85' lang='lat' dir='ltr'><strong>impenditur,</strong></span> <span class='ocrx_word' id='word_1_45' title='bbox 524 407 654 436; x_wconf 59' lang='lat' dir='ltr'><strong>pravsmre</strong></span> <span class='ocrx_word' id='word_1_46' title='bbox 678 401 796 429; x_wconf 75' lang='lat' dir='ltr'><strong>maxime</strong></span> <span class='ocrx_word' id='word_1_47' title='bbox 812 401 902 428; x_wconf 79' lang='lat' dir='ltr'><strong>decet.</strong></span> <span class='ocrx_word' id='word_1_48' title='bbox 926 398 1020 426; x_wconf 70' lang='lat' dir='ltr'><strong>Officia</strong></span> 
     </span>
    </p>
   </div>
   <div class='ocr_carea' id='block_1_10' title="bbox 229 447 1021 483">
    <p class='ocr_par' dir='ltr' id='par_1_10' title="bbox 229 447 1021 483">
     <span class='ocr_line' id='line_1_10' title="bbox 229 447 1021 483; baseline 0.001 -12"><span class='ocrx_word' id='word_1_49' title='bbox 229 453 295 472; x_wconf 85' lang='lat' dir='ltr'><strong>vero</strong></span> <span class='ocrx_word' id='word_1_50' title='bbox 331 447 516 474; x_wconf 80' lang='lat' dir='ltr'><strong>ecclesiastica</strong></span> <span class='ocrx_word' id='word_1_51' title='bbox 541 449 699 483; x_wconf 83' lang='grc' dir='ltr'>ἀρχοντίκια</span> <span class='ocrx_word' id='word_1_52' title='bbox 723 453 812 475; x_wconf 83' lang='lat' dir='ltr'><strong>vocat.</strong></span> <span class='ocrx_word' id='word_1_53' title='bbox 840 447 912 474; x_wconf 75' lang='lat' dir='ltr'><strong>litem</strong></span> <span class='ocrx_word' id='word_1_54' title='bbox 939 453 1021 480; x_wconf 85' lang='lat' dir='ltr'><strong>porro</strong></span> 
     </span>
    </p>
   </div>
   <div class='ocr_carea' id='block_1_11' title="bbox 230 491 1020 527">
    <p class='ocr_par' dir='ltr' id='par_1_11' title="bbox 230 491 1020 527">
     <span class='ocr_line' id='line_1_11' title="bbox 230 491 1020 527; baseline 0.001 -10"><span class='ocrx_word' id='word_1_55' title='bbox 230 497 258 518; x_wconf 93' lang='grc' dir='ltr'>ιιι</span> <span class='ocrx_word' id='word_1_56' title='bbox 275 492 301 519; x_wconf 92' lang='lat' dir='ltr'><strong>iu</strong></span> <span class='ocrx_word' id='word_1_57' title='bbox 317 492 378 519; x_wconf 87' lang='lat' dir='ltr'><strong>aliis</strong></span> <span class='ocrx_word' id='word_1_58' title='bbox 395 500 503 527; x_wconf 89' lang='lat' dir='ltr'><strong>quoque</strong></span> <span class='ocrx_word' id='word_1_59' title='bbox 518 497 645 520; x_wconf 83' lang='lat' dir='ltr'><strong>servetur</strong></span> <span class='ocrx_word' id='word_1_60' title='bbox 664 494 752 520; x_wconf 86' lang='lat' dir='ltr'><strong>sacris</strong></span> <span class='ocrx_word' id='word_1_61' title='bbox 767 491 921 523; x_wconf 80' lang='lat' dir='ltr'><strong>ordinibus,</strong></span> <span class='ocrx_word' id='word_1_62' title='bbox 940 497 1020 522; x_wconf 81' lang='lat' dir='ltr'><strong>neve,</strong></span> 
     </span>
    </p>
   </div>
   <div class='ocr_carea' id='block_1_12' title="bbox 229 539 1022 575">
    <p class='ocr_par' dir='ltr' id='par_1_12' title="bbox 229 539 1022 575">
     <span class='ocr_line' id='line_1_12' title="bbox 229 539 1022 575; baseline 0.001 -11"><span class='ocrx_word' id='word_1_63' title='bbox 229 539 292 574; x_wconf 88' lang='lat' dir='ltr'><strong>quia</strong></span> <span class='ocrx_word' id='word_1_64' title='bbox 312 540 454 574; x_wconf 78' lang='lat' dir='ltr'><strong>profanam</strong></span> <span class='ocrx_word' id='word_1_65' title='bbox 481 541 587 568; x_wconf 65' lang='lat' dir='ltr'><strong>scilicet</strong></span> <span class='ocrx_word' id='word_1_66' title='bbox 611 541 770 575; x_wconf 75' lang='lat' dir='ltr'><strong>dignitatem</strong></span> <span class='ocrx_word' id='word_1_67' title='bbox 797 539 1022 574; x_wconf 74' lang='lat' dir='ltr'><strong>magistratumve</strong></span> 
     </span>
    </p>
   </div>
   <div class='ocr_carea' id='block_1_13' title="bbox 229 584 1015 619">
    <p class='ocr_par' dir='ltr' id='par_1_13' title="bbox 229 584 1015 619">
     <span class='ocr_line' id='line_1_13' title="bbox 229 584 1015 619; baseline 0.001 -8"><span class='ocrx_word' id='word_1_68' title='bbox 229 585 290 619; x_wconf 83' lang='lat' dir='ltr'><strong>quis</strong></span> <span class='ocrx_word' id='word_1_69' title='bbox 306 586 438 618; x_wconf 86' lang='lat' dir='ltr'><strong>obtineat,</strong></span> <span class='ocrx_word' id='word_1_70' title='bbox 457 587 606 614; x_wconf 91' lang='lat' dir='ltr'><strong>insolenter</strong></span> <span class='ocrx_word' id='word_1_71' title='bbox 632 587 733 619; x_wconf 81' lang='lat' dir='ltr'><strong>eli‘erri,</strong></span> <span class='ocrx_word' id='word_1_72' title='bbox 765 593 797 613; x_wconf 90' lang='lat' dir='ltr'><strong>ac</strong></span> <span class='ocrx_word' id='word_1_73' title='bbox 824 586 851 613; x_wconf 85' lang='lat' dir='ltr'><strong>in</strong></span> <span class='ocrx_word' id='word_1_74' title='bbox 880 584 1015 619; x_wconf 72' lang='lat' dir='ltr'><strong>superiori</strong></span> 
     </span>
    </p>
   </div>
   <div class='ocr_carea' id='block_1_14' title="bbox 230 631 1022 666">
    <p class='ocr_par' dir='ltr' id='par_1_14' title="bbox 230 631 1022 666">
     <span class='ocr_line' id='line_1_14' title="bbox 230 631 1022 666; baseline 0.001 -10"><span class='ocrx_word' id='word_1_75' title='bbox 230 631 326 658; x_wconf 92' lang='lat' dir='ltr'><strong>ordine</strong></span> <span class='ocrx_word' id='word_1_76' title='bbox 342 633 508 664; x_wconf 80' lang='lat' dir='ltr'><strong>constitutis,</strong></span> <span class='ocrx_word' id='word_1_77' title='bbox 527 633 642 659; x_wconf 81' lang='lat' dir='ltr'><strong>diacono</strong></span> <span class='ocrx_word' id='word_1_78' title='bbox 655 632 729 660; x_wconf 80' lang='lat' dir='ltr'><strong>verbi</strong></span> <span class='ocrx_word' id='word_1_79' title='bbox 753 639 836 660; x_wconf 87' lang='lat' dir='ltr'><strong>causa</strong></span> <span class='ocrx_word' id='word_1_80' title='bbox 854 631 1022 666; x_wconf 88' lang='lat' dir='ltr'><strong>hypodiaco—</strong></span> 
     </span>
    </p>
   </div>
   <div class='ocr_carea' id='block_1_15' title="bbox 231 677 1023 709">
    <p class='ocr_par' dir='ltr' id='par_1_15' title="bbox 231 677 1023 709">
     <span class='ocr_line' id='line_1_15' title="bbox 231 677 1023 709; baseline 0 -7"><span class='ocrx_word' id='word_1_81' title='bbox 231 683 293 708; x_wconf 89' lang='lat' dir='ltr'><strong>nus,</strong></span> <span class='ocrx_word' id='word_1_82' title='bbox 311 682 356 704; x_wconf 86' lang='lat' dir='ltr'><strong>ant</strong></span> <span class='ocrx_word' id='word_1_83' title='bbox 370 678 431 704; x_wconf 86' lang='lat' dir='ltr'><strong>huic</strong></span> <span class='ocrx_word' id='word_1_84' title='bbox 449 677 534 705; x_wconf 85' lang='lat' dir='ltr'><strong>lector</strong></span> <span class='ocrx_word' id='word_1_85' title='bbox 549 679 680 706; x_wconf 84' lang='lat' dir='ltr'><strong>insultare</strong></span> <span class='ocrx_word' id='word_1_86' title='bbox 710 685 810 705; x_wconf 87' lang='lat' dir='ltr'><strong>temere</strong></span> <span class='ocrx_word' id='word_1_87' title='bbox 838 678 948 709; x_wconf 81' lang='lat' dir='ltr'><strong>audeat,</strong></span> <span class='ocrx_word' id='word_1_88' title='bbox 972 677 1023 703; x_wconf 87' lang='lat' dir='ltr'><strong>hac</strong></span> 
     </span>
    </p>
   </div>
   <div class='ocr_carea' id='block_1_16' title="bbox 231 722 1018 756">
    <p class='ocr_par' dir='ltr' id='par_1_16' title="bbox 231 722 1018 756">
     <span class='ocr_line' id='line_1_16' title="bbox 231 722 1018 756; baseline 0.003 -9"><span class='ocrx_word' id='word_1_89' title='bbox 231 722 425 750; x_wconf 85' lang='lat' dir='ltr'><strong>constitutione</strong></span> <span class='ocrx_word' id='word_1_90' title='bbox 441 723 592 751; x_wconf 88' lang='lat' dir='ltr'><strong>decretum.</strong></span> <span class='ocrx_word' id='word_1_91' title='bbox 620 725 666 752; x_wconf 86' lang='lat' dir='ltr'><strong>Est</strong></span> <span class='ocrx_word' id='word_1_92' title='bbox 685 724 870 751; x_wconf 75' lang='lat' dir='ltr'><strong>ecclesiastica</strong></span> <span class='ocrx_word' id='word_1_93' title='bbox 885 722 1018 756; x_wconf 72' lang='lat' dir='ltr'><strong>siquidem</strong></span> 
     </span>
    </p>
   </div>
   <div class='ocr_carea' id='block_1_17' title="bbox 230 767 1022 804">
    <p class='ocr_par' dir='ltr' id='par_1_17' title="bbox 230 767 1022 804">
     <span class='ocr_line' id='line_1_17' title="bbox 230 767 1022 804; baseline 0.003 -10"><span class='ocrx_word' id='word_1_94' title='bbox 230 767 302 794; x_wconf 74' lang='lat' dir='ltr'><strong>civili</strong></span> <span class='ocrx_word' id='word_1_95' title='bbox 321 775 481 804; x_wconf 86' lang='lat' dir='ltr'><strong>quacunque</strong></span> <span class='ocrx_word' id='word_1_96' title='bbox 500 770 629 804; x_wconf 76' lang='lat' dir='ltr'><strong>dignitate</strong></span> <span class='ocrx_word' id='word_1_97' title='bbox 645 771 828 804; x_wconf 55' lang='lat' dir='ltr'><strong>pratstanlior.</strong></span> <span class='ocrx_word' id='word_1_98' title='bbox 856 769 939 803; x_wconf 84' lang='lat' dir='ltr'><strong>Cujus</strong></span> <span class='ocrx_word' id='word_1_99' title='bbox 959 767 1022 803; x_wconf 86' lang='lat' dir='ltr'><strong>qni-</strong></span> 
     </span>
    </p>
   </div>
   <div class='ocr_carea' id='block_1_18' title="bbox 230 812 1021 850">
    <p class='ocr_par' dir='ltr' id='par_1_18' title="bbox 230 812 1021 850">
     <span class='ocr_line' id='line_1_18' title="bbox 230 812 1021 850; baseline 0.001 -13"><span class='ocrx_word' id='word_1_100' title='bbox 230 812 291 838; x_wconf 90' lang='lat' dir='ltr'><strong>dcm</strong></span> <span class='ocrx_word' id='word_1_101' title='bbox 305 815 456 848; x_wconf 81' lang='lat' dir='ltr'><strong>argumenti</strong></span> <span class='ocrx_word' id='word_1_102' title='bbox 472 823 503 842; x_wconf 85' lang='lat' dir='ltr'><strong>ea</strong></span> <span class='ocrx_word' id='word_1_103' title='bbox 518 817 558 843; x_wconf 78' lang='lat' dir='ltr'><strong>vis</strong></span> <span class='ocrx_word' id='word_1_104' title='bbox 573 821 625 848; x_wconf 84' lang='lat' dir='ltr'><strong>est,</strong></span> <span class='ocrx_word' id='word_1_105' title='bbox 641 821 668 843; x_wconf 87' lang='grc' dir='ltr'><strong>ιιι</strong></span> <span class='ocrx_word' id='word_1_106' title='bbox 683 817 815 850; x_wconf 84' lang='lat' dir='ltr'><strong>quoniam</strong></span> <span class='ocrx_word' id='word_1_107' title='bbox 833 816 902 842; x_wconf 85' lang='lat' dir='ltr'><strong>inter</strong></span> <span class='ocrx_word' id='word_1_108' title='bbox 917 821 965 841; x_wconf 91' lang='lat' dir='ltr'><strong>eos</strong></span> <span class='ocrx_word' id='word_1_109' title='bbox 977 813 1021 847; x_wconf 91' lang='lat' dir='ltr'><strong>qui</strong></span> 
     </span>
    </p>
   </div>
   <div class='ocr_carea' id='block_1_19' title="bbox 230 859 1024 898">
    <p class='ocr_par' dir='ltr' id='par_1_19' title="bbox 230 859 1024 898">
     <span class='ocr_line' id='line_1_19' title="bbox 230 859 1024 898; baseline 0.005 -13"><span class='ocrx_word' id='word_1_110' title='bbox 230 859 359 894; x_wconf 81' lang='lat' dir='ltr'><strong>profanos</strong></span> <span class='ocrx_word' id='word_1_111' title='bbox 373 862 549 896; x_wconf 79' lang='lat' dir='ltr'><strong>magistratus</strong></span> <span class='ocrx_word' id='word_1_112' title='bbox 564 868 673 898; x_wconf 77' lang='lat' dir='ltr'><strong>gerunt,</strong></span> <span class='ocrx_word' id='word_1_113' title='bbox 697 868 735 896; x_wconf 79' lang='lat' dir='ltr'><strong>ct,</strong></span> <span class='ocrx_word' id='word_1_114' title='bbox 750 863 793 897; x_wconf 82' lang='lat' dir='ltr'><strong>qui</strong></span> <span class='ocrx_word' id='word_1_115' title='bbox 821 860 958 890; x_wconf 79' lang='lat' dir='ltr'><strong>inferioris</strong></span> <span class='ocrx_word' id='word_1_116' title='bbox 982 862 1024 889; x_wconf 73' lang='grc' dir='ltr'><strong>οει</strong></span> 
     </span>
    </p>
   </div>
   <div class='ocr_carea' id='block_1_20' title="bbox 234 901 1056 944">
    <p class='ocr_par' dir='ltr' id='par_1_20' title="bbox 234 901 1056 944">
     <span class='ocr_line' id='line_1_20' title="bbox 234 901 1056 944; baseline 0.005 -12"><span class='ocrx_word' id='word_1_117' title='bbox 234 907 385 942; x_wconf 74' lang='lat' dir='ltr'><strong>dignitatis,</strong></span> <span class='ocrx_word' id='word_1_118' title='bbox 420 910 579 937; x_wconf 85' lang='lat' dir='ltr'><strong>antescdere</strong></span> <span class='ocrx_word' id='word_1_119' title='bbox 606 915 653 937; x_wconf 94' lang='lat' dir='ltr'><strong>aut</strong></span> <span class='ocrx_word' id='word_1_120' title='bbox 673 909 796 944; x_wconf 77' lang='lat' dir='ltr'><strong>pra-ferri</strong></span> <span class='ocrx_word' id='word_1_121' title='bbox 818 909 855 940; x_wconf 87' lang='lat' dir='ltr'><strong>ei,</strong></span> <span class='ocrx_word' id='word_1_122' title='bbox 891 906 937 941; x_wconf 82' lang='lat' dir='ltr'><strong>qui</strong></span> <span class='ocrx_word' id='word_1_123' title='bbox 960 901 1056 936; x_wconf 69' lang='grc' dir='ltr'><strong>ῐιηίοτί</strong></span> 
     </span>
    </p>
   </div>
   <div class='ocr_carea' id='block_1_21' title="bbox 1068 262 1880 298">
    <p class='ocr_par' dir='ltr' id='par_1_21' title="bbox 1068 262 1880 298">
     <span class='ocr_line' id='line_1_21' title="bbox 1068 262 1880 298; baseline 0 -10"><span class='ocrx_word' id='word_1_124' title='bbox 1068 264 1119 289; x_wconf 79' lang='grc' dir='ltr'>-καὶ</span> <span class='ocrx_word' id='word_1_125' title='bbox 1134 263 1180 289; x_wconf 73' lang='grc' dir='ltr'>ἐπὶ</span> <span class='ocrx_word' id='word_1_126' title='bbox 1195 262 1249 288; x_wconf 81' lang='grc' dir='ltr'><strong>τῶν</strong></span> <span class='ocrx_word' id='word_1_127' title='bbox 1266 262 1354 289; x_wconf 79' lang='grc' dir='ltr'>ἄλλων</span> <span class='ocrx_word' id='word_1_128' title='bbox 1373 262 1453 298; x_wconf 83' lang='grc' dir='ltr'>ἱερῶν</span> <span class='ocrx_word' id='word_1_129' title='bbox 1467 262 1628 297; x_wconf 75' lang='grc' dir='ltr'><strong>ταγμάτων,</strong></span> <span class='ocrx_word' id='word_1_130' title='bbox 1652 262 1723 289; x_wconf 84' lang='grc' dir='ltr'>ὥστε</span> <span class='ocrx_word' id='word_1_131' title='bbox 1747 262 1786 298; x_wconf 75' lang='grc' dir='ltr'>μή</span> <span class='ocrx_word' id='word_1_132' title='bbox 1810 271 1880 289; x_wconf 80' lang='grc' dir='ltr'>τινα</span> 
     </span>
    </p>
   </div>
   <div class='ocr_carea' id='block_1_22' title="bbox 1072 307 1879 345">
    <p class='ocr_par' dir='ltr' id='par_1_22' title="bbox 1072 307 1879 345">
     <span class='ocr_line' id='line_1_22' title="bbox 1072 307 1879 345; baseline -0.001 -10"><span class='ocrx_word' id='word_1_133' title='bbox 1072 307 1211 343; x_wconf 80' lang='grc' dir='ltr'>ἀξιώματι</span> <span class='ocrx_word' id='word_1_134' title='bbox 1236 308 1361 342; x_wconf 82' lang='grc' dir='ltr'>κοσμικῷ</span> <span class='ocrx_word' id='word_1_135' title='bbox 1378 307 1534 345; x_wconf 74' lang='grc' dir='ltr'>θαρροῦντα</span> <span class='ocrx_word' id='word_1_136' title='bbox 1551 308 1567 343; x_wconf 84' lang='grc' dir='ltr'><strong>ἢ</strong></span> <span class='ocrx_word' id='word_1_137' title='bbox 1582 308 1705 343; x_wconf 80' lang='grc' dir='ltr'><strong>όφφικὶῳ</strong></span> <span class='ocrx_word' id='word_1_138' title='bbox 1736 316 1879 334; x_wconf 82' lang='grc' dir='ltr'>καταναι-</span> 
     </span>
    </p>
   </div>
   <div class='ocr_carea' id='block_1_23' title="bbox 1073 354 1880 390">
    <p class='ocr_par' dir='ltr' id='par_1_23' title="bbox 1073 354 1880 390">
     <span class='ocr_line' id='line_1_23' title="bbox 1073 354 1880 390; baseline 0 -10"><span class='ocrx_word' id='word_1_139' title='bbox 1073 354 1200 382; x_wconf 80' lang='grc' dir='ltr'>δεύεσθαι</span> <span class='ocrx_word' id='word_1_140' title='bbox 1213 354 1267 381; x_wconf 80' lang='grc' dir='ltr'>τῶν</span> <span class='ocrx_word' id='word_1_141' title='bbox 1278 355 1377 386; x_wconf 78' lang='grc' dir='ltr'><strong>ἄλλων,</strong></span> <span class='ocrx_word' id='word_1_142' title='bbox 1391 355 1439 382; x_wconf 79' lang='grc' dir='ltr'>καὶ</span> <span class='ocrx_word' id='word_1_143' title='bbox 1453 354 1635 390; x_wconf 80' lang='grc' dir='ltr'>θρασύνεσθαι</span> <span class='ocrx_word' id='word_1_144' title='bbox 1646 354 1718 381; x_wconf 80' lang='grc' dir='ltr'>κατὰ</span> <span class='ocrx_word' id='word_1_145' title='bbox 1732 354 1790 380; x_wconf 85' lang='grc' dir='ltr'><strong>τῶν</strong></span> <span class='ocrx_word' id='word_1_146' title='bbox 1803 362 1880 388; x_wconf 79' lang='grc' dir='ltr'>προ-</span> 
     </span>
    </p>
   </div>
   <div class='ocr_carea' id='block_1_24' title="bbox 1073 400 1872 436">
    <p class='ocr_par' dir='ltr' id='par_1_24' title="bbox 1073 400 1872 436">
     <span class='ocr_line' id='line_1_24' title="bbox 1073 400 1872 436; baseline 0 -10"><span class='ocrx_word' id='word_1_147' title='bbox 1073 400 1143 436; x_wconf 75' lang='grc' dir='ltr'>εαομ</span> <span class='ocrx_word' id='word_1_148' title='bbox 1149 401 1212 428; x_wconf 78' lang='grc' dir='ltr'>ιωτέ</span> <span class='ocrx_word' id='word_1_149' title='bbox 1216 410 1270 436; x_wconf 88' lang='grc' dir='ltr'><strong>ρων</strong></span> <span class='ocrx_word' id='word_1_150' title='bbox 1281 401 1376 433; x_wconf 83' lang='grc' dir='ltr'>αὑτοῦ,</span> <span class='ocrx_word' id='word_1_151' title='bbox 1389 401 1566 428; x_wconf 77' lang='grc' dir='ltr'>ὕποδιάκονον</span> <span class='ocrx_word' id='word_1_152' title='bbox 1573 401 1653 436; x_wconf 61' lang='lat' dir='ltr'><strong>“ratbe</strong></span> <span class='ocrx_word' id='word_1_153' title='bbox 1662 401 1733 428; x_wconf 64' lang='lat' dir='ltr'><strong>uati</strong></span> <span class='ocrx_word' id='word_1_154' title='bbox 1739 401 1872 427; x_wconf 76' lang='grc' dir='ltr'><strong>διακόνου</strong></span> 
     </span>
    </p>
   </div>
   <div class='ocr_carea' id='block_1_25' title="bbox 1073 446 1875 482">
    <p class='ocr_par' dir='ltr' id='par_1_25' title="bbox 1073 446 1875 482">
     <span class='ocr_line' id='line_1_25' title="bbox 1073 446 1875 482; baseline 0.001 -11"><span class='ocrx_word' id='word_1_155' title='bbox 1073 446 1089 481; x_wconf 80' lang='grc' dir='ltr'>ἦ</span> <span class='ocrx_word' id='word_1_156' title='bbox 1102 447 1278 481; x_wconf 80' lang='grc' dir='ltr'>ἀναγνώστην</span> <span class='ocrx_word' id='word_1_157' title='bbox 1290 448 1360 473; x_wconf 65' lang='grc' dir='ltr'>κατὰ</span> <span class='ocrx_word' id='word_1_158' title='bbox 1373 447 1567 474; x_wconf 79' lang='grc' dir='ltr'>ὑποδιακόνου.</span> <span class='ocrx_word' id='word_1_159' title='bbox 1577 447 1700 482; x_wconf 73' lang='grc' dir='ltr'>Κρείττω</span> <span class='ocrx_word' id='word_1_160' title='bbox 1713 449 1781 482; x_wconf 74' lang='grc' dir='ltr'>γὰρ,</span> <span class='ocrx_word' id='word_1_161' title='bbox 1792 447 1875 481; x_wconf 77' lang='grc' dir='ltr'>φησὶ,</span> 
     </span>
    </p>
   </div>
   <div class='ocr_carea' id='block_1_26' title="bbox 1075 490 1874 525">
    <p class='ocr_par' dir='ltr' id='par_1_26' title="bbox 1075 490 1874 525">
     <span class='ocr_line' id='line_1_26' title="bbox 1075 490 1874 525; baseline -0.001 -9"><span class='ocrx_word' id='word_1_162' title='bbox 1075 490 1109 516; x_wconf 85' lang='grc' dir='ltr'>τὰ</span> <span class='ocrx_word' id='word_1_163' title='bbox 1124 491 1298 524; x_wconf 70' lang='grc' dir='ltr'>πνευματικὰ</span> <span class='ocrx_word' id='word_1_164' title='bbox 1316 491 1460 525; x_wconf 75' lang='grc' dir='ltr'>ἀξιώματα</span> <span class='ocrx_word' id='word_1_165' title='bbox 1479 491 1533 516; x_wconf 80' lang='grc' dir='ltr'><strong>τῶν</strong></span> <span class='ocrx_word' id='word_1_166' title='bbox 1550 491 1702 524; x_wconf 81' lang='grc' dir='ltr'>κοσμικῶν,</span> <span class='ocrx_word' id='word_1_167' title='bbox 1723 490 1874 524; x_wconf 71' lang='grc' dir='ltr'>μονονουχὶ</span> 
     </span>
    </p>
   </div>
   <div class='ocr_carea' id='block_1_27' title="bbox 1072 534 1874 570">
    <p class='ocr_par' dir='ltr' id='par_1_27' title="bbox 1072 534 1874 570">
     <span class='ocr_line' id='line_1_27' title="bbox 1072 534 1874 570; baseline 0 -10"><span class='ocrx_word' id='word_1_168' title='bbox 1072 535 1152 562; x_wconf 79' lang='grc' dir='ltr'>τοῦτο</span> <span class='ocrx_word' id='word_1_169' title='bbox 1174 535 1278 569; x_wconf 73' lang='grc' dir='ltr'><strong>λέγων·</strong></span> <span class='ocrx_word' id='word_1_170' title='bbox 1295 537 1326 562; x_wconf 85' lang='lat' dir='ltr'><strong>El</strong></span> <span class='ocrx_word' id='word_1_171' title='bbox 1349 537 1377 561; x_wconf 78' lang='grc' dir='ltr'>ἐν</span> <span class='ocrx_word' id='word_1_172' title='bbox 1399 537 1455 567; x_wconf 87' lang='grc' dir='ltr'>τοῖς</span> <span class='ocrx_word' id='word_1_173' title='bbox 1479 537 1622 570; x_wconf 79' lang='grc' dir='ltr'>κοσμικοῐς</span> <span class='ocrx_word' id='word_1_174' title='bbox 1647 534 1807 570; x_wconf 78' lang='grc' dir='ltr'>ἀξιώμασιν</span> <span class='ocrx_word' id='word_1_175' title='bbox 1824 535 1874 560; x_wconf 81' lang='grc' dir='ltr'><strong>οὐκ</strong></span> 
     </span>
    </p>
   </div>
   <div class='ocr_carea' id='block_1_28' title="bbox 1073 580 1874 616">
    <p class='ocr_par' dir='ltr' id='par_1_28' title="bbox 1073 580 1874 616">
     <span class='ocr_line' id='line_1_28' title="bbox 1073 580 1874 616; baseline -0.001 -10"><span class='ocrx_word' id='word_1_176' title='bbox 1073 580 1160 612; x_wconf 74' lang='grc' dir='ltr'>ἔξεστι</span> <span class='ocrx_word' id='word_1_177' title='bbox 1175 582 1214 615; x_wconf 83' lang='grc' dir='ltr'>τῷ</span> <span class='ocrx_word' id='word_1_178' title='bbox 1229 581 1340 616; x_wconf 67' lang='grc' dir='ltr'>ἥττονος</span> <span class='ocrx_word' id='word_1_179' title='bbox 1370 580 1448 614; x_wconf 75' lang='grc' dir='ltr'>ἀξίας</span> <span class='ocrx_word' id='word_1_180' title='bbox 1463 581 1520 607; x_wconf 77' lang='grc' dir='ltr'>ὄντι</span> <span class='ocrx_word' id='word_1_181' title='bbox 1535 581 1755 616; x_wconf 82' lang='grc' dir='ltr'>προκαθῆσθαιῆ</span> <span class='ocrx_word' id='word_1_182' title='bbox 1771 589 1874 614; x_wconf 84' lang='grc' dir='ltr'>προτε-</span> 
     </span>
    </p>
   </div>
   <div class='ocr_carea' id='block_1_29' title="bbox 1072 627 1873 663">
    <p class='ocr_par' dir='ltr' id='par_1_29' title="bbox 1072 627 1873 663">
     <span class='ocr_line' id='line_1_29' title="bbox 1072 627 1873 663; baseline 0 -10"><span class='ocrx_word' id='word_1_183' title='bbox 1072 627 1203 662; x_wconf 82' lang='grc' dir='ltr'>τιμῆσθαι</span> <span class='ocrx_word' id='word_1_184' title='bbox 1215 627 1261 654; x_wconf 85' lang='grc' dir='ltr'><strong>τοῦ</strong></span> <span class='ocrx_word' id='word_1_185' title='bbox 1275 628 1380 662; x_wconf 77' lang='grc' dir='ltr'>μείζονι</span> <span class='ocrx_word' id='word_1_186' title='bbox 1409 629 1595 663; x_wconf 74' lang='grc' dir='ltr'>τετιμημένου</span> <span class='ocrx_word' id='word_1_187' title='bbox 1610 627 1764 662; x_wconf 80' lang='grc' dir='ltr'>ἀξιώματι,</span> <span class='ocrx_word' id='word_1_188' title='bbox 1779 627 1873 660; x_wconf 75' lang='grc' dir='ltr'>πολλῴ</span> 
     </span>
    </p>
   </div>
   <div class='ocr_carea' id='block_1_30' title="bbox 1073 672 1873 706">
    <p class='ocr_par' dir='ltr' id='par_1_30' title="bbox 1073 672 1873 706">
     <span class='ocr_line' id='line_1_30' title="bbox 1073 672 1873 706; baseline 0.004 -8"><span class='ocrx_word' id='word_1_189' title='bbox 1073 672 1154 698; x_wconf 75' lang='grc' dir='ltr'>πλέον</span> <span class='ocrx_word' id='word_1_190' title='bbox 1170 673 1220 699; x_wconf 81' lang='grc' dir='ltr'><strong>οὐκ</strong></span> <span class='ocrx_word' id='word_1_191' title='bbox 1235 674 1325 705; x_wconf 70' lang='grc' dir='ltr'>ἔξεστι</span> <span class='ocrx_word' id='word_1_192' title='bbox 1347 673 1427 700; x_wconf 83' lang='grc' dir='ltr'>τοῦτο</span> <span class='ocrx_word' id='word_1_193' title='bbox 1446 675 1532 700; x_wconf 77' lang='grc' dir='ltr'>ποιεῖν</span> <span class='ocrx_word' id='word_1_194' title='bbox 1549 675 1605 704; x_wconf 85' lang='grc' dir='ltr'>τοῖς</span> <span class='ocrx_word' id='word_1_195' title='bbox 1622 673 1873 706; x_wconf 65' lang='grc' dir='ltr'><strong>ἐκκλησιαστικαῖς</strong></span> 
     </span>
    </p>
   </div>
   <div class='ocr_carea' id='block_1_31' title="bbox 1074 717 1872 752">
    <p class='ocr_par' dir='ltr' id='par_1_31' title="bbox 1074 717 1872 752">
     <span class='ocr_line' id='line_1_31' title="bbox 1074 717 1872 752; baseline 0 -10"><span class='ocrx_word' id='word_1_196' title='bbox 1074 717 1163 748; x_wconf 77' lang='grc' dir='ltr'>ἀξίαις</span> <span class='ocrx_word' id='word_1_197' title='bbox 1184 718 1388 752; x_wconf 81' lang='grc' dir='ltr'><strong>τετιμημένοις,</strong></span> <span class='ocrx_word' id='word_1_198' title='bbox 1406 718 1439 747; x_wconf 82' lang='grc' dir='ltr'>ἃς</span> <span class='ocrx_word' id='word_1_199' title='bbox 1455 718 1502 744; x_wconf 68' lang='grc' dir='ltr'><strong>καὶ</strong></span> <span class='ocrx_word' id='word_1_200' title='bbox 1521 718 1711 752; x_wconf 69' lang='grc' dir='ltr'><strong>πνευματικὰς</strong></span> <span class='ocrx_word' id='word_1_201' title='bbox 1726 717 1872 748; x_wconf 67' lang='grc' dir='ltr'>ἐκάλεσεν,</span> 
     </span>
    </p>
   </div>
   <div class='ocr_carea' id='block_1_32' title="bbox 1073 762 1873 799">
    <p class='ocr_par' dir='ltr' id='par_1_32' title="bbox 1073 762 1873 799">
     <span class='ocr_line' id='line_1_32' title="bbox 1073 762 1873 799; baseline -0.001 -10"><span class='ocrx_word' id='word_1_202' title='bbox 1073 763 1110 794; x_wconf 81' lang='grc' dir='ltr'>ὡς</span> <span class='ocrx_word' id='word_1_203' title='bbox 1121 763 1150 789; x_wconf 77' lang='grc' dir='ltr'><strong>οὑ</strong></span> <span class='ocrx_word' id='word_1_204' title='bbox 1161 764 1230 790; x_wconf 79' lang='grc' dir='ltr'>κατὰ</span> <span class='ocrx_word' id='word_1_205' title='bbox 1244 764 1417 798; x_wconf 75' lang='grc' dir='ltr'>ἀνθρωπίνην</span> <span class='ocrx_word' id='word_1_206' title='bbox 1425 764 1504 798; x_wconf 74' lang='grc' dir='ltr'>χάριν</span> <span class='ocrx_word' id='word_1_207' title='bbox 1515 763 1682 799; x_wconf 75' lang='grc' dir='ltr'>παρέχῑσθαι</span> <span class='ocrx_word' id='word_1_208' title='bbox 1694 762 1806 797; x_wconf 68' lang='grc' dir='ltr'><strong>ὀφειὶ-οὐ</strong></span> <span class='ocrx_word' id='word_1_209' title='bbox 1813 771 1873 793; x_wconf 70' lang='grc' dir='ltr'>σας.</span> 
     </span>
    </p>
   </div>
   <div class='ocr_carea' id='block_1_33' title="bbox 1074 808 1874 846">
    <p class='ocr_par' dir='ltr' id='par_1_33' title="bbox 1074 808 1874 846">
     <span class='ocr_line' id='line_1_33' title="bbox 1074 808 1874 846; baseline 0 -12"><span class='ocrx_word' id='word_1_210' title='bbox 1074 809 1142 835; x_wconf 65' lang='grc' dir='ltr'><strong>ἀλλὰ</strong></span> <span class='ocrx_word' id='word_1_211' title='bbox 1158 809 1229 836; x_wconf 79' lang='grc' dir='ltr'>κατὰ</span> <span class='ocrx_word' id='word_1_212' title='bbox 1253 809 1330 836; x_wconf 85' lang='grc' dir='ltr'>θείαν</span> <span class='ocrx_word' id='word_1_213' title='bbox 1347 810 1429 845; x_wconf 82' lang='grc' dir='ltr'>χάριν</span> <span class='ocrx_word' id='word_1_214' title='bbox 1443 810 1587 846; x_wconf 73' lang='grc' dir='ltr'><strong>ἐπικλήσει</strong></span> <span class='ocrx_word' id='word_1_215' title='bbox 1611 809 1659 835; x_wconf 82' lang='grc' dir='ltr'><strong>τοῦ</strong></span> <span class='ocrx_word' id='word_1_216' title='bbox 1684 810 1758 836; x_wconf 72' lang='grc' dir='ltr'>θείου</span> <span class='ocrx_word' id='word_1_217' title='bbox 1787 808 1874 835; x_wconf 87' lang='grc' dir='ltr'><strong>[Ινεύ-</strong></span> 
     </span>
    </p>
   </div>
   <div class='ocr_carea' id='block_1_34' title="bbox 1076 862 1170 889">
    <p class='ocr_par' dir='ltr' id='par_1_34' title="bbox 1076 862 1170 889">
     <span class='ocr_line' id='line_1_34' title="bbox 1076 862 1170 889; baseline 0.011 -9"><span class='ocrx_word' id='word_1_218' title='bbox 1076 862 1170 889; x_wconf 81' lang='grc' dir='ltr'>ματος.</span> 
     </span>
    </p>
   </div>
   <div class='ocr_carea' id='block_1_35' title="bbox 1096 900 1875 935">
    <p class='ocr_par' dir='ltr' id='par_1_35' title="bbox 1096 900 1875 935">
     <span class='ocr_line' id='line_1_35' title="bbox 1096 900 1875 935; baseline -0.003 -9"><span class='ocrx_word' id='word_1_219' title='bbox 1096 900 1227 933; x_wconf 75' lang='lat' dir='ltr'><strong>diguitate</strong></span> <span class='ocrx_word' id='word_1_220' title='bbox 1255 900 1417 931; x_wconf 82' lang='lat' dir='ltr'><strong>honoratur.</strong></span> <span class='ocrx_word' id='word_1_221' title='bbox 1444 907 1498 926; x_wconf 86' lang='lat' dir='ltr'><strong>non</strong></span> <span class='ocrx_word' id='word_1_222' title='bbox 1521 900 1600 933; x_wconf 87' lang='lat' dir='ltr'><strong>licet;</strong></span> <span class='ocrx_word' id='word_1_223' title='bbox 1627 901 1710 927; x_wconf 81' lang='lat' dir='ltr'><strong>multo</strong></span> <span class='ocrx_word' id='word_1_224' title='bbox 1736 901 1826 935; x_wconf 73' lang='lat' dir='ltr'><strong>magis</strong></span> <span class='ocrx_word' id='word_1_225' title='bbox 1840 900 1875 926; x_wconf 88' lang='lat' dir='ltr'><strong>iis</strong></span> 
     </span>
    </p>
   </div>
   <div class='ocr_carea' id='block_1_36' title="bbox 231 946 1874 991">
    <p class='ocr_par' dir='ltr' id='par_1_36' title="bbox 231 946 1874 991">
     <span class='ocr_line' id='line_1_36' title="bbox 231 946 1874 991; baseline -0.003 -11"><span class='ocrx_word' id='word_1_226' title='bbox 231 952 303 980; x_wconf 86' lang='lat' dir='ltr'><strong>idem</strong></span> <span class='ocrx_word' id='word_1_227' title='bbox 325 961 378 981; x_wconf 94' lang='lat' dir='ltr'><strong>non</strong></span> <span class='ocrx_word' id='word_1_228' title='bbox 411 955 501 988; x_wconf 85' lang='lat' dir='ltr'><strong>liceat,</strong></span> <span class='ocrx_word' id='word_1_229' title='bbox 534 957 580 991; x_wconf 87' lang='lat' dir='ltr'><strong>qui</strong></span> <span class='ocrx_word' id='word_1_230' title='bbox 615 955 808 983; x_wconf 70' lang='lat' dir='ltr'><strong>ecclesiasticis</strong></span> <span class='ocrx_word' id='word_1_231' title='bbox 827 957 960 981; x_wconf 90' lang='lat' dir='ltr'><strong>ornantur</strong></span> <span class='ocrx_word' id='word_1_232' title='bbox 982 947 1172 984; x_wconf 76' lang='lat' dir='ltr'><strong>dignitatibus,</strong></span> <span class='ocrx_word' id='word_1_233' title='bbox 1196 954 1264 980; x_wconf 86' lang='lat' dir='ltr'><strong>quas</strong></span> <span class='ocrx_word' id='word_1_234' title='bbox 1312 946 1395 974; x_wconf 84' lang='lat' dir='ltr'><strong>etiam</strong></span> <span class='ocrx_word' id='word_1_235' title='bbox 1420 946 1578 980; x_wconf 81' lang='lat' dir='ltr'><strong>spiritualcs</strong></span> <span class='ocrx_word' id='word_1_236' title='bbox 1610 952 1697 974; x_wconf 80' lang='lat' dir='ltr'><strong>cauea</strong></span> <span class='ocrx_word' id='word_1_237' title='bbox 1728 947 1782 974; x_wconf 90' lang='lat' dir='ltr'><strong>hoc</strong></span> <span class='ocrx_word' id='word_1_238' title='bbox 1811 950 1874 975; x_wconf 85' lang='lat' dir='ltr'><strong>loco</strong></span> 
     </span>
    </p>
   </div>
   <div class='ocr_carea' id='block_1_37' title="bbox 231 990 1722 1037">
    <p class='ocr_par' dir='ltr' id='par_1_37' title="bbox 231 990 1722 1037">
     <span class='ocr_line' id='line_1_37' title="bbox 231 990 1722 1037; baseline -0.001 -19"><span class='ocrx_word' id='word_1_239' title='bbox 231 998 364 1031; x_wconf 64' lang='grc' dir='ltr'><strong>ιιοιιιίηςηι</strong></span> <span class='ocrx_word' id='word_1_240' title='bbox 379 1001 478 1035; x_wconf 68' lang='lat' dir='ltr'><strong>quippe</strong></span> <span class='ocrx_word' id='word_1_241' title='bbox 490 990 550 1037; x_wconf 50' lang='lat' dir='ltr'><strong>qua;</strong></span> <span class='ocrx_word' id='word_1_242' title='bbox 565 1009 618 1028; x_wconf 76' lang='grc' dir='ltr'>ηοη</span> <span class='ocrx_word' id='word_1_243' title='bbox 634 1001 783 1032; x_wconf 59' lang='grc' dir='ltr'>ιιιηηίηηηι,</span> <span class='ocrx_word' id='word_1_244' title='bbox 799 1000 845 1026; x_wconf 64' lang='lat' dir='ltr'><strong>sed</strong></span> <span class='ocrx_word' id='word_1_245' title='bbox 860 997 905 1025; x_wconf 64' lang='lat' dir='ltr'><strong>Dei</strong></span> <span class='ocrx_word' id='word_1_246' title='bbox 923 995 1020 1032; x_wconf 63' lang='lat' dir='ltr'><strong>gratia,</strong></span> <span class='ocrx_word' id='word_1_247' title='bbox 1040 991 1159 1026; x_wconf 81' lang='lat' dir='ltr'><strong>Spiritus</strong></span> <span class='ocrx_word' id='word_1_248' title='bbox 1175 991 1263 1019; x_wconf 88' lang='lat' dir='ltr'><strong>sancti</strong></span> <span class='ocrx_word' id='word_1_249' title='bbox 1280 991 1462 1024; x_wconf 83' lang='lat' dir='ltr'><strong>invocatione,</strong></span> <span class='ocrx_word' id='word_1_250' title='bbox 1477 990 1596 1018; x_wconf 75' lang='lat' dir='ltr'><strong>conferri</strong></span> <span class='ocrx_word' id='word_1_251' title='bbox 1612 991 1722 1018; x_wconf 86' lang='lat' dir='ltr'><strong>debent.</strong></span> 
     </span>
    </p>
   </div>
   <div class='ocr_carea' id='block_1_38' title="bbox 233 1042 1058 1078">
    <p class='ocr_par' dir='ltr' id='par_1_38' title="bbox 233 1042 1058 1078">
     <span class='ocr_line' id='line_1_38' title="bbox 233 1042 1058 1078; baseline -0.001 -5"><span class='ocrx_word' id='word_1_252' title='bbox 233 1045 348 1074; x_wconf 80' lang='grc' dir='ltr'><strong>Αιιιδτ.</strong></span> <span class='ocrx_word' id='word_1_253' title='bbox 368 1057 377 1073; x_wconf 87' lang='grc' dir='ltr'>ι</span> <span class='ocrx_word' id='word_1_254' title='bbox 397 1047 532 1076; x_wconf 85' lang='lat' dir='ltr'><strong>Diaconus</strong></span> <span class='ocrx_word' id='word_1_255' title='bbox 552 1049 632 1076; x_wconf 84' lang='lat' dir='ltr'><strong>etiam</strong></span> <span class='ocrx_word' id='word_1_256' title='bbox 649 1049 765 1076; x_wconf 74' lang='lat' dir='ltr'><strong>cilicium</strong></span> <span class='ocrx_word' id='word_1_257' title='bbox 792 1052 943 1078; x_wconf 84' lang='lat' dir='ltr'><strong>assecutus,</strong></span> <span class='ocrx_word' id='word_1_258' title='bbox 966 1042 1019 1071; x_wconf 83' lang='lat' dir='ltr'><strong>nisi</strong></span> <span class='ocrx_word' id='word_1_259' title='bbox 1037 1044 1058 1072; x_wconf 84' lang='grc' dir='ltr'><strong>Β</strong></span> 
     </span>
    </p>
   </div>
   <div class='ocr_carea' id='block_1_39' title="bbox 272 1092 1022 1130">
    <p class='ocr_par' dir='ltr' id='par_1_39' title="bbox 272 1092 1022 1130">
     <span class='ocr_line' id='line_1_39' title="bbox 272 1092 1022 1130; baseline -0.001 -12"><span class='ocrx_word' id='word_1_260' title='bbox 272 1101 282 1118; x_wconf 80' lang='grc' dir='ltr'>ι</span> <span class='ocrx_word' id='word_1_261' title='bbox 303 1093 464 1126; x_wconf 66' lang='lat' dir='ltr'><strong>patriarchae</strong></span> <span class='ocrx_word' id='word_1_262' title='bbox 480 1094 520 1122; x_wconf 87' lang='lat' dir='ltr'><strong>vel</strong></span> <span class='ocrx_word' id='word_1_263' title='bbox 537 1095 656 1130; x_wconf 79' lang='lat' dir='ltr'><strong>episcopi</strong></span> <span class='ocrx_word' id='word_1_264' title='bbox 675 1095 763 1122; x_wconf 84' lang='lat' dir='ltr'><strong>locum</strong></span> <span class='ocrx_word' id='word_1_265' title='bbox 783 1097 885 1124; x_wconf 86' lang='lat' dir='ltr'><strong>teneat,</strong></span> <span class='ocrx_word' id='word_1_266' title='bbox 912 1092 934 1118; x_wconf 75' lang='lat' dir='ltr'><strong>si</strong></span> <span class='ocrx_word' id='word_1_267' title='bbox 957 1095 1022 1123; x_wconf 76' lang='lat' dir='ltr'><strong>ante</strong></span> 
     </span>
    </p>
   </div>
   <div class='ocr_carea' id='block_1_40' title="bbox 273 1140 964 1176">
    <p class='ocr_par' dir='ltr' id='par_1_40' title="bbox 273 1140 964 1176">
     <span class='ocr_line' id='line_1_40' title="bbox 273 1140 964 1176; baseline -0.001 -10"><span class='ocrx_word' id='word_1_268' title='bbox 273 1148 283 1164; x_wconf 89' lang='grc' dir='ltr'>ι</span> <span class='ocrx_word' id='word_1_269' title='bbox 301 1141 478 1176; x_wconf 84' lang='lat' dir='ltr'><strong>presbyteros</strong></span> <span class='ocrx_word' id='word_1_270' title='bbox 493 1141 606 1173; x_wconf 83' lang='lat' dir='ltr'><strong>sederit,</strong></span> <span class='ocrx_word' id='word_1_271' title='bbox 622 1142 743 1169; x_wconf 88' lang='lat' dir='ltr'><strong>omnium</strong></span> <span class='ocrx_word' id='word_1_272' title='bbox 758 1140 811 1168; x_wconf 87' lang='lat' dir='ltr'><strong>erit</strong></span> <span class='ocrx_word' id='word_1_273' title='bbox 824 1140 943 1167; x_wconf 82' lang='lat' dir='ltr'><strong>intimus.</strong></span> <span class='ocrx_word' id='word_1_274' title='bbox 955 1147 964 1164; x_wconf 72' lang='grc' dir='ltr'><strong>ι</strong></span> 
     </span>
    </p>
   </div>
   <div class='ocr_carea' id='block_1_41' title="bbox 268 1231 1021 1266">
    <p class='ocr_par' dir='ltr' id='par_1_41' title="bbox 268 1231 1021 1266">
     <span class='ocr_line' id='line_1_41' title="bbox 268 1231 1021 1266; baseline 0 -8"><span class='ocrx_word' id='word_1_275' title='bbox 268 1231 367 1260; x_wconf 69' lang='lat' dir='ltr'><strong>Factus</strong></span> <span class='ocrx_word' id='word_1_276' title='bbox 381 1232 527 1260; x_wconf 71' lang='lat' dir='ltr'><strong>smculares</strong></span> <span class='ocrx_word' id='word_1_277' title='bbox 545 1237 571 1259; x_wconf 86' lang='lat' dir='ltr'><strong>et</strong></span> <span class='ocrx_word' id='word_1_278' title='bbox 585 1232 689 1266; x_wconf 85' lang='lat' dir='ltr'><strong>primos</strong></span> <span class='ocrx_word' id='word_1_279' title='bbox 706 1231 850 1259; x_wconf 86' lang='lat' dir='ltr'><strong>accubitus</strong></span> <span class='ocrx_word' id='word_1_280' title='bbox 873 1231 967 1258; x_wconf 75' lang='lat' dir='ltr'><strong>Patres</strong></span> <span class='ocrx_word' id='word_1_281' title='bbox 981 1231 1021 1258; x_wconf 87' lang='lat' dir='ltr'><strong>di-</strong></span> 
     </span>
    </p>
   </div>
   <div class='ocr_carea' id='block_1_42' title="bbox 235 1276 1020 1310">
    <p class='ocr_par' dir='ltr' id='par_1_42' title="bbox 235 1276 1020 1310">
     <span class='ocr_line' id='line_1_42' title="bbox 235 1276 1020 1310; baseline -0.001 -7"><span class='ocrx_word' id='word_1_282' title='bbox 235 1276 291 1304; x_wconf 90' lang='lat' dir='ltr'><strong>vini</strong></span> <span class='ocrx_word' id='word_1_283' title='bbox 320 1276 354 1304; x_wconf 88' lang='lat' dir='ltr'><strong>ab</strong></span> <span class='ocrx_word' id='word_1_284' title='bbox 383 1276 504 1304; x_wconf 84' lang='lat' dir='ltr'><strong>Ecclesia</strong></span> <span class='ocrx_word' id='word_1_285' title='bbox 532 1279 860 1310; x_wconf 74' lang='lat' dir='ltr'><strong>amptttantes,,statuunt</strong></span> <span class='ocrx_word' id='word_1_286' title='bbox 886 1276 1020 1303; x_wconf 89' lang='lat' dir='ltr'><strong>neminem</strong></span> 
     </span>
    </p>
   </div>
   <div class='ocr_carea' id='block_1_43' title="bbox 236 1321 1024 1356">
    <p class='ocr_par' dir='ltr' id='par_1_43' title="bbox 236 1321 1024 1356">
     <span class='ocr_line' id='line_1_43' title="bbox 236 1321 1024 1356; baseline -0.001 -8"><span class='ocrx_word' id='word_1_287' title='bbox 236 1322 432 1354; x_wconf 89' lang='lat' dir='ltr'><strong>diaconorum,</strong></span> <span class='ocrx_word' id='word_1_288' title='bbox 459 1321 649 1356; x_wconf 80' lang='lat' dir='ltr'><strong>qualecunque</strong></span> <span class='ocrx_word' id='word_1_289' title='bbox 682 1321 898 1349; x_wconf 84' lang='lat' dir='ltr'><strong>ecclesiasticum</strong></span> <span class='ocrx_word' id='word_1_290' title='bbox 925 1321 1024 1350; x_wconf 81' lang='lat' dir='ltr'><strong>habeat</strong></span> 
     </span>
    </p>
   </div>
   <div class='ocr_carea' id='block_1_44' title="bbox 236 1367 1026 1402">
    <p class='ocr_par' dir='ltr' id='par_1_44' title="bbox 236 1367 1026 1402">
     <span class='ocr_line' id='line_1_44' title="bbox 236 1367 1026 1402; baseline -0.001 -8"><span class='ocrx_word' id='word_1_291' title='bbox 236 1367 366 1399; x_wconf 84' lang='lat' dir='ltr'><strong>otIicium,</strong></span> <span class='ocrx_word' id='word_1_292' title='bbox 392 1373 455 1394; x_wconf 84' lang='lat' dir='ltr'><strong>ante</strong></span> <span class='ocrx_word' id='word_1_293' title='bbox 479 1368 652 1402; x_wconf 81' lang='lat' dir='ltr'><strong>presbyteros</strong></span> <span class='ocrx_word' id='word_1_294' title='bbox 675 1368 790 1400; x_wconf 86' lang='lat' dir='ltr'><strong>sedere;</strong></span> <span class='ocrx_word' id='word_1_295' title='bbox 819 1367 870 1394; x_wconf 83' lang='lat' dir='ltr'><strong>nisi</strong></span> <span class='ocrx_word' id='word_1_296' title='bbox 894 1368 973 1399; x_wconf 80' lang='lat' dir='ltr'><strong>forte.</strong></span> <span class='ocrx_word' id='word_1_297' title='bbox 996 1372 1026 1394; x_wconf 87' lang='lat' dir='ltr'><strong>ut</strong></span> 
     </span>
    </p>
   </div>
   <div class='ocr_carea' id='block_1_45' title="bbox 237 1412 1024 1448">
    <p class='ocr_par' dir='ltr' id='par_1_45' title="bbox 237 1412 1024 1448">
     <span class='ocr_line' id='line_1_45' title="bbox 237 1412 1024 1448; baseline -0.001 -8"><span class='ocrx_word' id='word_1_298' title='bbox 237 1413 368 1445; x_wconf 84' lang='lat' dir='ltr'><strong>vicarius,</strong></span> <span class='ocrx_word' id='word_1_299' title='bbox 391 1413 554 1448; x_wconf 67' lang='lat' dir='ltr'><strong>patriarchae</strong></span> <span class='ocrx_word' id='word_1_300' title='bbox 579 1413 620 1442; x_wconf 86' lang='lat' dir='ltr'><strong>sui</strong></span> <span class='ocrx_word' id='word_1_301' title='bbox 645 1417 692 1440; x_wconf 89' lang='lat' dir='ltr'><strong>aut</strong></span> <span class='ocrx_word' id='word_1_302' title='bbox 720 1412 917 1448; x_wconf 85' lang='lat' dir='ltr'><strong>metropolitani</strong></span> <span class='ocrx_word' id='word_1_303' title='bbox 937 1413 1024 1440; x_wconf 86' lang='lat' dir='ltr'><strong>vicem</strong></span> 
     </span>
    </p>
   </div>
   <div class='ocr_carea' id='block_1_46' title="bbox 235 1458 1023 1494">
    <p class='ocr_par' dir='ltr' id='par_1_46' title="bbox 235 1458 1023 1494">
     <span class='ocr_line' id='line_1_46' title="bbox 235 1458 1023 1494; baseline -0.001 -8"><span class='ocrx_word' id='word_1_304' title='bbox 235 1465 322 1494; x_wconf 79' lang='lat' dir='ltr'><strong>gerat,</strong></span> <span class='ocrx_word' id='word_1_305' title='bbox 337 1459 364 1486; x_wconf 89' lang='lat' dir='ltr'><strong>in</strong></span> <span class='ocrx_word' id='word_1_306' title='bbox 379 1458 460 1487; x_wconf 90' lang='lat' dir='ltr'><strong>aliam</strong></span> <span class='ocrx_word' id='word_1_307' title='bbox 478 1459 616 1486; x_wconf 87' lang='lat' dir='ltr'><strong>civitatem</strong></span> <span class='ocrx_word' id='word_1_308' title='bbox 634 1459 732 1488; x_wconf 72' lang='lat' dir='ltr'><strong>miscus</strong></span> <span class='ocrx_word' id='word_1_309' title='bbox 749 1459 942 1487; x_wconf 80' lang='lat' dir='ltr'><strong>canoniearum</strong></span> <span class='ocrx_word' id='word_1_310' title='bbox 956 1466 1023 1492; x_wconf 52' lang='lat' dir='ltr'><strong>qua.</strong></span> 
     </span>
    </p>
   </div>
   <div class='ocr_carea' id='block_1_47' title="bbox 235 1505 1021 1539">
    <p class='ocr_par' dir='ltr' id='par_1_47' title="bbox 235 1505 1021 1539">
     <span class='ocr_line' id='line_1_47' title="bbox 235 1505 1021 1539; baseline 0 -9"><span class='ocrx_word' id='word_1_311' title='bbox 235 1505 361 1532; x_wconf 85' lang='lat' dir='ltr'><strong>rutudam</strong></span> <span class='ocrx_word' id='word_1_312' title='bbox 387 1510 415 1532; x_wconf 86' lang='lat' dir='ltr'><strong>et</strong></span> <span class='ocrx_word' id='word_1_313' title='bbox 432 1505 680 1533; x_wconf 77' lang='lat' dir='ltr'><strong>ecclesiasticarum</strong></span> <span class='ocrx_word' id='word_1_314' title='bbox 706 1511 788 1532; x_wconf 86' lang='lat' dir='ltr'><strong>causa</strong></span> <span class='ocrx_word' id='word_1_315' title='bbox 807 1505 996 1539; x_wconf 66' lang='lat' dir='ltr'><strong>quaestionum</strong></span> <span class='ocrx_word' id='word_1_316' title='bbox 1015 1512 1021 1530; x_wconf 93' lang='lat'>:</span> 
     </span>
    </p>
   </div>
   <div class='ocr_carea' id='block_1_48' title="bbox 237 1548 1023 1585">
    <p class='ocr_par' dir='ltr' id='par_1_48' title="bbox 237 1548 1023 1585">
     <span class='ocr_line' id='line_1_48' title="bbox 237 1548 1023 1585; baseline 0 -9"><span class='ocrx_word' id='word_1_317' title='bbox 237 1553 304 1577; x_wconf 86' lang='lat' dir='ltr'><strong>tunc</strong></span> <span class='ocrx_word' id='word_1_318' title='bbox 317 1549 403 1582; x_wconf 87' lang='lat' dir='ltr'><strong>enim,</strong></span> <span class='ocrx_word' id='word_1_319' title='bbox 416 1554 445 1577; x_wconf 91' lang='lat' dir='ltr'><strong>ut</strong></span> <span class='ocrx_word' id='word_1_320' title='bbox 461 1550 534 1578; x_wconf 86' lang='lat' dir='ltr'><strong>illius</strong></span> <span class='ocrx_word' id='word_1_321' title='bbox 548 1550 637 1577; x_wconf 90' lang='lat' dir='ltr'><strong>locqu</strong></span> <span class='ocrx_word' id='word_1_322' title='bbox 657 1550 773 1585; x_wconf 84' lang='lat' dir='ltr'><strong>implens</strong></span> <span class='ocrx_word' id='word_1_323' title='bbox 787 1549 977 1578; x_wconf 85' lang='lat' dir='ltr'><strong>honorabitur.</strong></span> <span class='ocrx_word' id='word_1_324' title='bbox 995 1548 1023 1576; x_wconf 91' lang='lat' dir='ltr'><strong>Si</strong></span> 
     </span>
    </p>
   </div>
   <div class='ocr_carea' id='block_1_49' title="bbox 239 1595 1024 1631">
    <p class='ocr_par' dir='ltr' id='par_1_49' title="bbox 239 1595 1024 1631">
     <span class='ocr_line' id='line_1_49' title="bbox 239 1595 1024 1631; baseline 0 -10"><span class='ocrx_word' id='word_1_325' title='bbox 239 1596 301 1628; x_wconf 87' lang='lat' dir='ltr'><strong>quis</strong></span> <span class='ocrx_word' id='word_1_326' title='bbox 316 1601 405 1622; x_wconf 79' lang='lat' dir='ltr'><strong>autem</strong></span> <span class='ocrx_word' id='word_1_327' title='bbox 424 1596 555 1624; x_wconf 88' lang='lat' dir='ltr'><strong>diaconus</strong></span> <span class='ocrx_word' id='word_1_328' title='bbox 585 1596 723 1631; x_wconf 88' lang='lat' dir='ltr'><strong>tyrannica</strong></span> <span class='ocrx_word' id='word_1_329' title='bbox 751 1596 884 1623; x_wconf 82' lang='lat' dir='ltr'><strong>adductus</strong></span> <span class='ocrx_word' id='word_1_330' title='bbox 900 1595 1024 1626; x_wconf 83' lang='lat' dir='ltr'><strong>audacia,</strong></span> 
     </span>
    </p>
   </div>
   <div class='ocr_carea' id='block_1_50' title="bbox 239 1641 1023 1678">
    <p class='ocr_par' dir='ltr' id='par_1_50' title="bbox 239 1641 1023 1678">
     <span class='ocr_line' id='line_1_50' title="bbox 239 1641 1023 1678; baseline 0.003 -12"><span class='ocrx_word' id='word_1_331' title='bbox 239 1641 320 1676; x_wconf 73' lang='lat'><strong>166</strong></span> <span class='ocrx_word' id='word_1_332' title='bbox 331 1641 411 1668; x_wconf 77' lang='lat' dir='ltr'><strong>aliter</strong></span> <span class='ocrx_word' id='word_1_333' title='bbox 427 1649 509 1669; x_wconf 77' lang='lat' dir='ltr'><strong>ausus</strong></span> <span class='ocrx_word' id='word_1_334' title='bbox 520 1642 602 1670; x_wconf 76' lang='lat' dir='ltr'><strong>fuerit</strong></span> <span class='ocrx_word' id='word_1_335' title='bbox 618 1650 699 1677; x_wconf 84' lang='lat' dir='ltr'><strong>supra</strong></span> <span class='ocrx_word' id='word_1_336' title='bbox 712 1643 900 1678; x_wconf 86' lang='lat' dir='ltr'><strong>presbyterum</strong></span> <span class='ocrx_word' id='word_1_337' title='bbox 918 1642 1023 1674; x_wconf 77' lang='lat' dir='ltr'><strong>sedere,</strong></span> 
     </span>
    </p>
   </div>
   <div class='ocr_carea' id='block_1_51' title="bbox 237 1683 1061 1720">
    <p class='ocr_par' dir='ltr' id='par_1_51' title="bbox 237 1683 1061 1720">
     <span class='ocr_line' id='line_1_51' title="bbox 237 1683 1061 1720; baseline 0 -8"><span class='ocrx_word' id='word_1_338' title='bbox 237 1693 288 1712; x_wconf 90' lang='lat' dir='ltr'><strong>suo</strong></span> <span class='ocrx_word' id='word_1_339' title='bbox 301 1687 386 1720; x_wconf 77' lang='lat' dir='ltr'><strong>gradu</strong></span> <span class='ocrx_word' id='word_1_340' title='bbox 406 1685 525 1720; x_wconf 86' lang='lat' dir='ltr'><strong>dejectns</strong></span> <span class='ocrx_word' id='word_1_341' title='bbox 539 1686 604 1720; x_wconf 88' lang='lat' dir='ltr'><strong>erit,</strong></span> <span class='ocrx_word' id='word_1_342' title='bbox 620 1691 647 1715; x_wconf 90' lang='lat' dir='ltr'><strong>et</strong></span> <span class='ocrx_word' id='word_1_343' title='bbox 663 1686 784 1717; x_wconf 83' lang='lat' dir='ltr'><strong>omnium</strong></span> <span class='ocrx_word' id='word_1_344' title='bbox 797 1687 910 1715; x_wconf 80' lang='lat' dir='ltr'><strong>ultimus</strong></span> <span class='ocrx_word' id='word_1_345' title='bbox 933 1687 1026 1714; x_wconf 82' lang='lat' dir='ltr'><strong>diaeo—</strong></span> <span class='ocrx_word' id='word_1_346' title='bbox 1040 1683 1061 1712; x_wconf 90' lang='lat' dir='ltr'><strong><em>C</em></strong></span> 
     </span>
    </p>
   </div>
   <div class='ocr_carea' id='block_1_52' title="bbox 237 1734 449 1761">
    <p class='ocr_par' dir='ltr' id='par_1_52' title="bbox 237 1734 449 1761">
     <span class='ocr_line' id='line_1_52' title="bbox 237 1734 449 1761; baseline 0.009 -3"><span class='ocrx_word' id='word_1_347' title='bbox 237 1739 334 1759; x_wconf 81' lang='lat' dir='ltr'><strong>norum</strong></span> <span class='ocrx_word' id='word_1_348' title='bbox 345 1734 449 1761; x_wconf 83' lang='lat' dir='ltr'><strong>evadet.</strong></span> 
     </span>
    </p>
   </div>
   <div class='ocr_carea' id='block_1_53' title="bbox 532 1835 736 1864">
    <p class='ocr_par' dir='ltr' id='par_1_53' title="bbox 532 1835 736 1864">
     <span class='ocr_line' id='line_1_53' title="bbox 532 1835 736 1864; baseline 0.01 -2"><span class='ocrx_word' id='word_1_349' title='bbox 532 1835 648 1863; x_wconf 75' lang='lat' dir='ltr'><strong>CANON</strong></span> <span class='ocrx_word' id='word_1_350' title='bbox 670 1836 736 1864; x_wconf 78' lang='lat' dir='ltr'><strong>Vlll.</strong></span> 
     </span>
    </p>
   </div>
   <div class='ocr_carea' id='block_1_54' title="bbox 243 1901 1026 1936">
    <p class='ocr_par' dir='ltr' id='par_1_54' title="bbox 243 1901 1026 1936">
     <span class='ocr_line' id='line_1_54' title="bbox 243 1901 1026 1936; baseline 0.004 -8"><span class='ocrx_word' id='word_1_351' title='bbox 243 1911 252 1928; x_wconf 87' lang='grc' dir='ltr'>ι</span> <span class='ocrx_word' id='word_1_352' title='bbox 276 1901 303 1928; x_wconf 97' lang='lat' dir='ltr'><strong>lu</strong></span> <span class='ocrx_word' id='word_1_353' title='bbox 321 1902 446 1928; x_wconf 80' lang='lat' dir='ltr'><strong>omnibus</strong></span> <span class='ocrx_word' id='word_1_354' title='bbox 463 1909 505 1933; x_wconf 83' lang='lat' dir='ltr'><strong>ca,</strong></span> <span class='ocrx_word' id='word_1_355' title='bbox 524 1909 583 1936; x_wconf 77' lang='lat' dir='ltr'><strong>qua:</strong></span> <span class='ocrx_word' id='word_1_356' title='bbox 601 1910 615 1929; x_wconf 89' lang='lat' dir='ltr'><strong>a</strong></span> <span class='ocrx_word' id='word_1_357' title='bbox 640 1904 742 1930; x_wconf 86' lang='lat' dir='ltr'><strong>nostris</strong></span> <span class='ocrx_word' id='word_1_358' title='bbox 770 1903 872 1931; x_wconf 83' lang='lat' dir='ltr'><strong>sanctis</strong></span> <span class='ocrx_word' id='word_1_359' title='bbox 898 1903 1026 1931; x_wconf 74' lang='lat' dir='ltr'><strong>Patribus</strong></span> 
     </span>
    </p>
   </div>
   <div class='ocr_carea' id='block_1_55' title="bbox 279 1950 1025 1983">
    <p class='ocr_par' dir='ltr' id='par_1_55' title="bbox 279 1950 1025 1983">
     <span class='ocr_line' id='line_1_55' title="bbox 279 1950 1025 1983; baseline 0.009 -12"><span class='ocrx_word' id='word_1_360' title='bbox 279 1958 286 1971; x_wconf 83' lang='grc' dir='ltr'><strong>ι</strong></span> <span class='ocrx_word' id='word_1_361' title='bbox 307 1950 413 1975; x_wconf 79' lang='lat' dir='ltr'><strong>decreta</strong></span> <span class='ocrx_word' id='word_1_362' title='bbox 428 1953 501 1980; x_wconf 86' lang='lat' dir='ltr'><strong>sunt,</strong></span> <span class='ocrx_word' id='word_1_363' title='bbox 521 1956 569 1974; x_wconf 87' lang='lat' dir='ltr'><strong>nos</strong></span> <span class='ocrx_word' id='word_1_364' title='bbox 592 1956 700 1983; x_wconf 85' lang='lat' dir='ltr'><strong>quoque</strong></span> <span class='ocrx_word' id='word_1_365' title='bbox 725 1954 782 1976; x_wconf 85' lang='lat' dir='ltr'><strong>rata</strong></span> <span class='ocrx_word' id='word_1_366' title='bbox 805 1958 836 1976; x_wconf 86' lang='lat' dir='ltr'><strong>ac</strong></span> <span class='ocrx_word' id='word_1_367' title='bbox 863 1950 938 1976; x_wconf 85' lang='lat' dir='ltr'><strong>tirtua</strong></span> <span class='ocrx_word' id='word_1_368' title='bbox 965 1957 1025 1978; x_wconf 80' lang='lat' dir='ltr'><strong>esse</strong></span> 
     </span>
    </p>
   </div>
   <div class='ocr_carea' id='block_1_56' title="bbox 278 1994 1026 2030">
    <p class='ocr_par' dir='ltr' id='par_1_56' title="bbox 278 1994 1026 2030">
     <span class='ocr_line' id='line_1_56' title="bbox 278 1994 1026 2030; baseline 0.004 -11"><span class='ocrx_word' id='word_1_369' title='bbox 278 2003 287 2017; x_wconf 90' lang='grc' dir='ltr'>ι</span> <span class='ocrx_word' id='word_1_370' title='bbox 310 1994 440 2024; x_wconf 84' lang='lat' dir='ltr'><strong>volentes,</strong></span> <span class='ocrx_word' id='word_1_371' title='bbox 465 2001 595 2021; x_wconf 87' lang='lat' dir='ltr'><strong>cauoncm</strong></span> <span class='ocrx_word' id='word_1_372' title='bbox 609 2001 715 2028; x_wconf 84' lang='lat' dir='ltr'><strong>quoque</strong></span> <span class='ocrx_word' id='word_1_373' title='bbox 737 2002 906 2026; x_wconf 86' lang='lat' dir='ltr'><strong>renovamus.</strong></span> <span class='ocrx_word' id='word_1_374' title='bbox 924 1996 968 2030; x_wconf 90' lang='lat' dir='ltr'><strong>qui</strong></span> <span class='ocrx_word' id='word_1_375' title='bbox 985 1997 1026 2030; x_wconf 75' lang='lat' dir='ltr'><strong>iu-</strong></span> 
     </span>
    </p>
   </div>
   <div class='ocr_carea' id='block_1_57' title="bbox 278 2039 1026 2075">
    <p class='ocr_par' dir='ltr' id='par_1_57' title="bbox 278 2039 1026 2075">
     <span class='ocr_line' id='line_1_57' title="bbox 278 2039 1026 2075; baseline 0.007 -11"><span class='ocrx_word' id='word_1_376' title='bbox 278 2049 287 2064; x_wconf 87' lang='grc' dir='ltr'>ι</span> <span class='ocrx_word' id='word_1_377' title='bbox 311 2039 357 2065; x_wconf 87' lang='lat' dir='ltr'><strong>bet</strong></span> <span class='ocrx_word' id='word_1_378' title='bbox 385 2039 499 2074; x_wconf 75' lang='lat' dir='ltr'><strong>singulis</strong></span> <span class='ocrx_word' id='word_1_379' title='bbox 523 2039 600 2066; x_wconf 85' lang='lat' dir='ltr'><strong>anuis</strong></span> <span class='ocrx_word' id='word_1_380' title='bbox 632 2040 842 2075; x_wconf 82' lang='lat' dir='ltr'><strong>uniuscujusque</strong></span> <span class='ocrx_word' id='word_1_381' title='bbox 881 2042 1026 2075; x_wconf 75' lang='lat' dir='ltr'><strong>provincia:</strong></span> 
     </span>
    </p>
   </div>
   <div class='ocr_carea' id='block_1_58' title="bbox 277 2085 1026 2122">
    <p class='ocr_par' dir='ltr' id='par_1_58' title="bbox 277 2085 1026 2122">
     <span class='ocr_line' id='line_1_58' title="bbox 277 2085 1026 2122; baseline 0.007 -12"><span class='ocrx_word' id='word_1_382' title='bbox 277 2093 287 2109; x_wconf 83' lang='grc' dir='ltr'>ι</span> <span class='ocrx_word' id='word_1_383' title='bbox 312 2085 498 2119; x_wconf 87' lang='lat' dir='ltr'><strong>episcoporum</strong></span> <span class='ocrx_word' id='word_1_384' title='bbox 516 2085 636 2120; x_wconf 83' lang='lat' dir='ltr'><strong>synodos</strong></span> <span class='ocrx_word' id='word_1_385' title='bbox 651 2085 718 2118; x_wconf 84' lang='lat' dir='ltr'><strong>ﬁeri,</strong></span> <span class='ocrx_word' id='word_1_386' title='bbox 736 2087 780 2113; x_wconf 90' lang='lat' dir='ltr'><strong>ubi</strong></span> <span class='ocrx_word' id='word_1_387' title='bbox 801 2088 1026 2122; x_wconf 81' lang='lat' dir='ltr'><strong>metropolitanus</strong></span> 
     </span>
    </p>
   </div>
   <div class='ocr_carea' id='block_1_59' title="bbox 278 2129 1025 2166">
    <p class='ocr_par' dir='ltr' id='par_1_59' title="bbox 278 2129 1025 2166">
     <span class='ocr_line' id='line_1_59' title="bbox 278 2129 1025 2166; baseline 0.008 -10"><span class='ocrx_word' id='word_1_388' title='bbox 278 2139 286 2152; x_wconf 73' lang='grc' dir='ltr'>ι</span> <span class='ocrx_word' id='word_1_389' title='bbox 311 2129 454 2164; x_wconf 86' lang='lat' dir='ltr'><strong>episcopus</strong></span> <span class='ocrx_word' id='word_1_390' title='bbox 472 2131 556 2158; x_wconf 90' lang='lat' dir='ltr'><strong>satius</strong></span> <span class='ocrx_word' id='word_1_391' title='bbox 567 2139 628 2159; x_wconf 86' lang='lat' dir='ltr'><strong>esse</strong></span> <span class='ocrx_word' id='word_1_392' title='bbox 645 2133 765 2160; x_wconf 78' lang='lat' dir='ltr'><strong>duxerit.</strong></span> <span class='ocrx_word' id='word_1_393' title='bbox 779 2133 912 2166; x_wconf 87' lang='lat' dir='ltr'><strong>Quoniam</strong></span> <span class='ocrx_word' id='word_1_394' title='bbox 936 2140 1025 2162; x_wconf 87' lang='lat' dir='ltr'><strong>autem</strong></span> 
     </span>
    </p>
   </div>
   <div class='ocr_carea' id='block_1_60' title="bbox 279 2176 1028 2210">
    <p class='ocr_par' dir='ltr' id='par_1_60' title="bbox 279 2176 1028 2210">
     <span class='ocr_line' id='line_1_60' title="bbox 279 2176 1028 2210; baseline 0.012 -11"><span class='ocrx_word' id='word_1_395' title='bbox 279 2184 288 2199; x_wconf 78' lang='grc' dir='ltr'>ι</span> <span class='ocrx_word' id='word_1_396' title='bbox 312 2180 421 2209; x_wconf 81' lang='lat' dir='ltr'><strong>propter</strong></span> <span class='ocrx_word' id='word_1_397' title='bbox 451 2176 555 2210; x_wconf 81' lang='lat' dir='ltr'><strong>aliquas</strong></span> <span class='ocrx_word' id='word_1_398' title='bbox 601 2177 782 2205; x_wconf 85' lang='lat' dir='ltr'><strong>Barbarorum</strong></span> <span class='ocrx_word' id='word_1_399' title='bbox 807 2179 975 2207; x_wconf 87' lang='lat' dir='ltr'><strong>incursiones</strong></span> <span class='ocrx_word' id='word_1_400' title='bbox 1000 2186 1028 2208; x_wconf 88' lang='lat' dir='ltr'><strong>et</strong></span> 
     </span>
    </p>
   </div>
   <div class='ocr_carea' id='block_1_61' title="bbox 278 2221 1028 2260">
    <p class='ocr_par' dir='ltr' id='par_1_61' title="bbox 278 2221 1028 2260">
     <span class='ocr_line' id='line_1_61' title="bbox 278 2221 1028 2260; baseline 0.012 -15"><span class='ocrx_word' id='word_1_401' title='bbox 278 2231 287 2245; x_wconf 75' lang='grc' dir='ltr'>ι</span> <span class='ocrx_word' id='word_1_402' title='bbox 311 2221 440 2254; x_wconf 88' lang='lat' dir='ltr'><strong>quasdam</strong></span> <span class='ocrx_word' id='word_1_403' title='bbox 457 2222 525 2249; x_wconf 83' lang='lat' dir='ltr'><strong>alias</strong></span> <span class='ocrx_word' id='word_1_404' title='bbox 545 2223 694 2251; x_wconf 86' lang='lat' dir='ltr'><strong>incidentes</strong></span> <span class='ocrx_word' id='word_1_405' title='bbox 710 2232 818 2258; x_wconf 87' lang='lat' dir='ltr'><strong>causas,</strong></span> <span class='ocrx_word' id='word_1_406' title='bbox 844 2233 896 2253; x_wconf 86' lang='lat' dir='ltr'><strong>nou</strong></span> <span class='ocrx_word' id='word_1_407' title='bbox 915 2231 1028 2260; x_wconf 81' lang='lat' dir='ltr'><strong>possunt</strong></span> 
     </span>
    </p>
   </div>
   <div class='ocr_carea' id='block_1_62' title="bbox 280 2266 1028 2302">
    <p class='ocr_par' dir='ltr' id='par_1_62' title="bbox 280 2266 1028 2302">
     <span class='ocr_line' id='line_1_62' title="bbox 280 2266 1028 2302; baseline 0.011 -12"><span class='ocrx_word' id='word_1_408' title='bbox 280 2275 288 2290; x_wconf 84' lang='grc' dir='ltr'>ι</span> <span class='ocrx_word' id='word_1_409' title='bbox 311 2266 355 2299; x_wconf 90' lang='lat' dir='ltr'><strong>qui</strong></span> <span class='ocrx_word' id='word_1_410' title='bbox 367 2266 489 2294; x_wconf 81' lang='lat' dir='ltr'><strong>ecclesiis</strong></span> <span class='ocrx_word' id='word_1_411' title='bbox 507 2267 651 2301; x_wconf 72' lang='lat' dir='ltr'><strong>praesident</strong></span> <span class='ocrx_word' id='word_1_412' title='bbox 666 2269 785 2302; x_wconf 88' lang='lat' dir='ltr'><strong>synodos</strong></span> <span class='ocrx_word' id='word_1_413' title='bbox 802 2269 843 2296; x_wconf 90' lang='lat' dir='ltr'><strong>bis</strong></span> <span class='ocrx_word' id='word_1_414' title='bbox 861 2271 886 2297; x_wconf 89' lang='lat' dir='ltr'><strong>in</strong></span> <span class='ocrx_word' id='word_1_415' title='bbox 905 2278 976 2301; x_wconf 83' lang='lat' dir='ltr'><strong>anno</strong></span> <span class='ocrx_word' id='word_1_416' title='bbox 988 2271 1028 2297; x_wconf 79' lang='lat' dir='ltr'><strong>ra-</strong></span> 
     </span>
    </p>
   </div>
   <div class='ocr_carea' id='block_1_63' title="bbox 281 2313 1029 2350">
    <p class='ocr_par' dir='ltr' id='par_1_63' title="bbox 281 2313 1029 2350">
     <span class='ocr_line' id='line_1_63' title="bbox 281 2313 1029 2350; baseline 0.009 -14"><span class='ocrx_word' id='word_1_417' title='bbox 281 2320 289 2334; x_wconf 77' lang='grc' dir='ltr'>ι</span> <span class='ocrx_word' id='word_1_418' title='bbox 313 2318 386 2341; x_wconf 83' lang='lat' dir='ltr'><strong>cere,</strong></span> <span class='ocrx_word' id='word_1_419' title='bbox 405 2313 491 2338; x_wconf 83' lang='lat' dir='ltr'><strong>visunt</strong></span> <span class='ocrx_word' id='word_1_420' title='bbox 507 2317 557 2345; x_wconf 86' lang='lat' dir='ltr'><strong>est,</strong></span> <span class='ocrx_word' id='word_1_421' title='bbox 575 2317 604 2340; x_wconf 87' lang='lat' dir='ltr'><strong>ut</strong></span> <span class='ocrx_word' id='word_1_422' title='bbox 615 2314 726 2340; x_wconf 85' lang='lat' dir='ltr'><strong>omnino</strong></span> <span class='ocrx_word' id='word_1_423' title='bbox 741 2315 823 2342; x_wconf 80' lang='lat' dir='ltr'><strong>Semel</strong></span> <span class='ocrx_word' id='word_1_424' title='bbox 839 2315 864 2342; x_wconf 92' lang='lat' dir='ltr'><strong>in</strong></span> <span class='ocrx_word' id='word_1_425' title='bbox 877 2323 948 2342; x_wconf 83' lang='lat' dir='ltr'><strong>anno</strong></span> <span class='ocrx_word' id='word_1_426' title='bbox 966 2324 1029 2350; x_wconf 89' lang='lat' dir='ltr'><strong>pro-</strong></span> 
     </span>
    </p>
   </div>
   <div class='ocr_carea' id='block_1_64' title="bbox 281 2357 1066 2394">
    <p class='ocr_par' dir='ltr' id='par_1_64' title="bbox 281 2357 1066 2394">
     <span class='ocr_line' id='line_1_64' title="bbox 281 2357 1066 2394; baseline 0.008 -11"><span class='ocrx_word' id='word_1_427' title='bbox 281 2367 288 2379; x_wconf 75' lang='grc' dir='ltr'>ι</span> <span class='ocrx_word' id='word_1_428' title='bbox 315 2361 375 2391; x_wconf 87' lang='lat' dir='ltr'><strong>pter</strong></span> <span class='ocrx_word' id='word_1_429' title='bbox 387 2357 585 2385; x_wconf 71' lang='lat' dir='ltr'><strong>ecclesiasticas</strong></span> <span class='ocrx_word' id='word_1_430' title='bbox 613 2360 788 2394; x_wconf 68' lang='grc' dir='ltr'>(ιιιαιειὶοιιοσ,</span> <span class='ocrx_word' id='word_1_431' title='bbox 824 2365 854 2387; x_wconf 90' lang='lat' dir='ltr'><strong>ut</strong></span> <span class='ocrx_word' id='word_1_432' title='bbox 881 2361 1027 2389; x_wconf 81' lang='lat' dir='ltr'><strong>verisimile</strong></span> <span class='ocrx_word' id='word_1_433' title='bbox 1044 2357 1066 2384; x_wconf 70' lang='grc' dir='ltr'><strong>ι)</strong></span> 
     </span>
    </p>
   </div>
   <div class='ocr_carea' id='block_1_65' title="bbox 282 2407 1028 2443">
    <p class='ocr_par' dir='ltr' id='par_1_65' title="bbox 282 2407 1028 2443">
     <span class='ocr_line' id='line_1_65' title="bbox 282 2407 1028 2443; baseline 0.007 -13"><span class='ocrx_word' id='word_1_434' title='bbox 282 2415 291 2430; x_wconf 80' lang='grc' dir='ltr'>ι</span> <span class='ocrx_word' id='word_1_435' title='bbox 314 2410 366 2438; x_wconf 74' lang='lat' dir='ltr'><strong>est,</strong></span> <span class='ocrx_word' id='word_1_436' title='bbox 381 2411 560 2440; x_wconf 81' lang='lat' dir='ltr'><strong>emergentes,</strong></span> <span class='ocrx_word' id='word_1_437' title='bbox 578 2407 769 2440; x_wconf 74' lang='lat' dir='ltr'><strong>prrcdictoruut</strong></span> <span class='ocrx_word' id='word_1_438' title='bbox 796 2408 984 2443; x_wconf 87' lang='lat' dir='ltr'><strong>episcoporum</strong></span> <span class='ocrx_word' id='word_1_439' title='bbox 1001 2409 1028 2435; x_wconf 90' lang='lat' dir='ltr'><strong>in</strong></span> 
     </span>
    </p>
   </div>
   <div class='ocr_carea' id='block_1_66' title="bbox 282 2452 1030 2486">
    <p class='ocr_par' dir='ltr' id='par_1_66' title="bbox 282 2452 1030 2486">
     <span class='ocr_line' id='line_1_66' title="bbox 282 2452 1030 2486; baseline 0.009 -11"><span class='ocrx_word' id='word_1_440' title='bbox 282 2461 290 2475; x_wconf 81' lang='grc' dir='ltr'><strong>ι</strong></span> <span class='ocrx_word' id='word_1_441' title='bbox 316 2459 476 2485; x_wconf 81' lang='lat' dir='ltr'><strong>unaquaque</strong></span> <span class='ocrx_word' id='word_1_442' title='bbox 501 2452 636 2486; x_wconf 86' lang='lat' dir='ltr'><strong>provincia</strong></span> <span class='ocrx_word' id='word_1_443' title='bbox 660 2453 706 2479; x_wconf 82' lang='lat' dir='ltr'><strong>ﬁat</strong></span> <span class='ocrx_word' id='word_1_444' title='bbox 739 2454 868 2486; x_wconf 81' lang='lat' dir='ltr'><strong>synodus,</strong></span> <span class='ocrx_word' id='word_1_445' title='bbox 896 2463 910 2480; x_wconf 73' lang='grc' dir='ltr'>ει</span> <span class='ocrx_word' id='word_1_446' title='bbox 935 2459 1030 2482; x_wconf 83' lang='lat' dir='ltr'><strong>sancto</strong></span> 
     </span>
    </p>
   </div>
   <div class='ocr_carea' id='block_1_67' title="bbox 282 2497 1029 2532">
    <p class='ocr_par' dir='ltr' id='par_1_67' title="bbox 282 2497 1029 2532">
     <span class='ocr_line' id='line_1_67' title="bbox 282 2497 1029 2532; baseline 0.009 -11"><span class='ocrx_word' id='word_1_447' title='bbox 282 2507 290 2521; x_wconf 80' lang='grc' dir='ltr'><strong>ι</strong></span> <span class='ocrx_word' id='word_1_448' title='bbox 314 2497 423 2525; x_wconf 62' lang='lat' dir='ltr'><strong>Pascha:</strong></span> <span class='ocrx_word' id='word_1_449' title='bbox 447 2497 526 2530; x_wconf 81' lang='lat' dir='ltr'><strong>festo,</strong></span> <span class='ocrx_word' id='word_1_450' title='bbox 551 2503 579 2525; x_wconf 91' lang='lat' dir='ltr'><strong>et</strong></span> <span class='ocrx_word' id='word_1_451' title='bbox 604 2506 688 2532; x_wconf 83' lang='lat' dir='ltr'><strong>usque</strong></span> <span class='ocrx_word' id='word_1_452' title='bbox 716 2499 749 2526; x_wconf 87' lang='lat' dir='ltr'><strong>ad</strong></span> <span class='ocrx_word' id='word_1_453' title='bbox 773 2499 898 2527; x_wconf 85' lang='lat' dir='ltr'><strong>Octobris</strong></span> <span class='ocrx_word' id='word_1_454' title='bbox 927 2501 1029 2528; x_wconf 86' lang='lat' dir='ltr'><strong>mensis</strong></span> 
     </span>
    </p>
   </div>
   <div class='ocr_carea' id='block_1_68' title="bbox 281 2543 1028 2581">
    <p class='ocr_par' dir='ltr' id='par_1_68' title="bbox 281 2543 1028 2581">
     <span class='ocr_line' id='line_1_68' title="bbox 281 2543 1028 2581; baseline 0.007 -12"><span class='ocrx_word' id='word_1_455' title='bbox 281 2552 291 2569; x_wconf 78' lang='grc' dir='ltr'>ι</span> <span class='ocrx_word' id='word_1_456' title='bbox 315 2543 554 2578; x_wconf 82' lang='lat' dir='ltr'><strong>complementum,</strong></span> <span class='ocrx_word' id='word_1_457' title='bbox 571 2544 684 2578; x_wconf 77' lang='lat' dir='ltr'><strong>singulis</strong></span> <span class='ocrx_word' id='word_1_458' title='bbox 701 2545 790 2576; x_wconf 81' lang='lat' dir='ltr'><strong>annis.</strong></span> <span class='ocrx_word' id='word_1_459' title='bbox 810 2545 836 2572; x_wconf 93' lang='lat' dir='ltr'><strong>in</strong></span> <span class='ocrx_word' id='word_1_460' title='bbox 858 2546 917 2574; x_wconf 89' lang='lat' dir='ltr'><strong>loco</strong></span> <span class='ocrx_word' id='word_1_461' title='bbox 937 2554 1028 2581; x_wconf 81' lang='lat' dir='ltr'><strong>quem,</strong></span> 
     </span>
    </p>
   </div>
   <div class='ocr_carea' id='block_1_69' title="bbox 282 2590 1032 2626">
    <p class='ocr_par' dir='ltr' id='par_1_69' title="bbox 282 2590 1032 2626">
     <span class='ocr_line' id='line_1_69' title="bbox 282 2590 1032 2626; baseline 0.007 -11"><span class='ocrx_word' id='word_1_462' title='bbox 282 2598 292 2615; x_wconf 77' lang='grc' dir='ltr'>ι</span> <span class='ocrx_word' id='word_1_463' title='bbox 315 2594 344 2616; x_wconf 86' lang='grc' dir='ltr'><strong>ιιι</strong></span> <span class='ocrx_word' id='word_1_464' title='bbox 369 2590 526 2624; x_wconf 65' lang='lat' dir='ltr'><strong>praedictum</strong></span> <span class='ocrx_word' id='word_1_465' title='bbox 555 2594 607 2623; x_wconf 87' lang='lat' dir='ltr'><strong>est,</strong></span> <span class='ocrx_word' id='word_1_466' title='bbox 640 2591 864 2624; x_wconf 85' lang='lat' dir='ltr'><strong>metropolitanus</strong></span> <span class='ocrx_word' id='word_1_467' title='bbox 888 2593 1032 2626; x_wconf 78' lang='lat' dir='ltr'><strong>episcopus</strong></span> 
     </span>
    </p>
   </div>
   <div class='ocr_carea' id='block_1_70' title="bbox 286 2635 1032 2671">
    <p class='ocr_par' dir='ltr' id='par_1_70' title="bbox 286 2635 1032 2671">
     <span class='ocr_line' id='line_1_70' title="bbox 286 2635 1032 2671; baseline 0.009 -12"><span class='ocrx_word' id='word_1_468' title='bbox 286 2645 294 2659; x_wconf 85' lang='grc'><strong>‹</strong></span> <span class='ocrx_word' id='word_1_469' title='bbox 319 2636 450 2670; x_wconf 82' lang='lat' dir='ltr'><strong>aptiorem</strong></span> <span class='ocrx_word' id='word_1_470' title='bbox 466 2635 628 2669; x_wconf 76' lang='lat' dir='ltr'><strong>iudicaverit</strong></span> <span class='ocrx_word' id='word_1_471' title='bbox 644 2644 650 2662; x_wconf 87' lang='lat'><em>:</em></span> <span class='ocrx_word' id='word_1_472' title='bbox 667 2635 683 2662; x_wconf 91' lang='lat' dir='ltr'><strong>ii</strong></span> <span class='ocrx_word' id='word_1_473' title='bbox 707 2641 808 2668; x_wconf 84' lang='lat' dir='ltr'><strong>autem,</strong></span> <span class='ocrx_word' id='word_1_474' title='bbox 832 2638 877 2671; x_wconf 89' lang='lat' dir='ltr'><strong>qui</strong></span> <span class='ocrx_word' id='word_1_475' title='bbox 899 2645 951 2664; x_wconf 92' lang='lat' dir='ltr'><strong>non</strong></span> <span class='ocrx_word' id='word_1_476' title='bbox 965 2647 1032 2666; x_wconf 91' lang='lat' dir='ltr'><strong>con-</strong></span> 
     </span>
    </p>
   </div>
   <div class='ocr_carea' id='block_1_71' title="bbox 287 2681 1035 2718">
    <p class='ocr_par' dir='ltr' id='par_1_71' title="bbox 287 2681 1035 2718">
     <span class='ocr_line' id='line_1_71' title="bbox 287 2681 1035 2718; baseline 0.007 -13"><span class='ocrx_word' id='word_1_477' title='bbox 287 2688 295 2705; x_wconf 83' lang='lat' dir='ltr'><strong>I</strong></span> <span class='ocrx_word' id='word_1_478' title='bbox 319 2681 440 2715; x_wconf 87' lang='lat' dir='ltr'><strong>veniunt,</strong></span> <span class='ocrx_word' id='word_1_479' title='bbox 455 2681 584 2716; x_wconf 81' lang='lat' dir='ltr'><strong>episcopi.</strong></span> <span class='ocrx_word' id='word_1_480' title='bbox 600 2688 661 2709; x_wconf 90' lang='lat' dir='ltr'><strong>cum</strong></span> <span class='ocrx_word' id='word_1_481' title='bbox 678 2681 704 2708; x_wconf 93' lang='lat' dir='ltr'><strong>in</strong></span> <span class='ocrx_word' id='word_1_482' title='bbox 719 2681 776 2709; x_wconf 88' lang='lat' dir='ltr'><strong>suis</strong></span> <span class='ocrx_word' id='word_1_483' title='bbox 787 2682 940 2710; x_wconf 81' lang='lat' dir='ltr'><strong>civitatibus</strong></span> <span class='ocrx_word' id='word_1_484' title='bbox 953 2688 1035 2718; x_wconf 76' lang='lat' dir='ltr'><strong>agant</strong></span> 
     </span>
    </p>
   </div>
   <div class='ocr_carea' id='block_1_72' title="bbox 1071 1038 1870 1074">
    <p class='ocr_par' dir='ltr' id='par_1_72' title="bbox 1071 1038 1870 1074">
     <span class='ocr_line' id='line_1_72' title="bbox 1071 1038 1870 1074; baseline -0.001 -8"><span class='ocrx_word' id='word_1_485' title='bbox 1071 1040 1182 1067; x_wconf 75' lang='grc' dir='ltr'><strong>ΑΡΙΣΤ.</strong></span> <span class='ocrx_word' id='word_1_486' title='bbox 1202 1049 1212 1066; x_wconf 77' lang='grc' dir='ltr'><strong>σ</strong></span> <span class='ocrx_word' id='word_1_487' title='bbox 1232 1040 1287 1066; x_wconf 74' lang='grc' dir='ltr'><strong>Καὶ</strong></span> <span class='ocrx_word' id='word_1_488' title='bbox 1316 1039 1444 1074; x_wconf 81' lang='grc' dir='ltr'>ὁφφίκιον</span> <span class='ocrx_word' id='word_1_489' title='bbox 1459 1039 1528 1074; x_wconf 74' lang='grc' dir='ltr'>ἔχων</span> <span class='ocrx_word' id='word_1_490' title='bbox 1539 1038 1674 1069; x_wconf 79' lang='grc' dir='ltr'>διάκονος,</span> <span class='ocrx_word' id='word_1_491' title='bbox 1693 1038 1717 1064; x_wconf 83' lang='grc' dir='ltr'>εἰ</span> <span class='ocrx_word' id='word_1_492' title='bbox 1732 1038 1770 1074; x_wconf 68' lang='grc' dir='ltr'>μὴ</span> <span class='ocrx_word' id='word_1_493' title='bbox 1785 1047 1870 1065; x_wconf 79' lang='grc' dir='ltr'>τοπο-</span> 
     </span>
    </p>
   </div>
   <div class='ocr_carea' id='block_1_73' title="bbox 1114 1084 1872 1120">
    <p class='ocr_par' dir='ltr' id='par_1_73' title="bbox 1114 1084 1872 1120">
     <span class='ocr_line' id='line_1_73' title="bbox 1114 1084 1872 1120; baseline 0 -10"><span class='ocrx_word' id='word_1_494' title='bbox 1114 1094 1123 1110; x_wconf 82' lang='grc' dir='ltr'><strong>ι</strong></span> <span class='ocrx_word' id='word_1_495' title='bbox 1146 1084 1267 1119; x_wconf 77' lang='grc' dir='ltr'><strong>τηρητὴς</strong></span> <span class='ocrx_word' id='word_1_496' title='bbox 1281 1084 1326 1120; x_wconf 85' lang='grc' dir='ltr'><strong>εἴη</strong></span> <span class='ocrx_word' id='word_1_497' title='bbox 1342 1084 1514 1119; x_wconf 78' lang='grc' dir='ltr'><strong>πατριάρχου</strong></span> <span class='ocrx_word' id='word_1_498' title='bbox 1531 1084 1547 1118; x_wconf 86' lang='grc' dir='ltr'><strong>ἢ</strong></span> <span class='ocrx_word' id='word_1_499' title='bbox 1565 1085 1725 1117; x_wconf 74' lang='grc' dir='ltr'><strong>ἐπισκόπου,</strong></span> <span class='ocrx_word' id='word_1_500' title='bbox 1744 1085 1800 1118; x_wconf 76' lang='grc' dir='ltr'>πρδ</span> <span class='ocrx_word' id='word_1_501' title='bbox 1817 1084 1872 1110; x_wconf 83' lang='grc' dir='ltr'><strong>τῶν</strong></span> 
     </span>
    </p>
   </div>
   <div class='ocr_carea' id='block_1_74' title="bbox 1115 1129 1871 1166">
    <p class='ocr_par' dir='ltr' id='par_1_74' title="bbox 1115 1129 1871 1166">
     <span class='ocr_line' id='line_1_74' title="bbox 1115 1129 1871 1166; baseline 0.001 -10"><span class='ocrx_word' id='word_1_502' title='bbox 1115 1140 1124 1156; x_wconf 85' lang='grc' dir='ltr'><strong>ι</strong></span> <span class='ocrx_word' id='word_1_503' title='bbox 1145 1130 1342 1165; x_wconf 77' lang='grc' dir='ltr'>πρισὸυτέρων</span> <span class='ocrx_word' id='word_1_504' title='bbox 1371 1129 1567 1165; x_wconf 78' lang='grc' dir='ltr'>καθεζόμενος,</span> <span class='ocrx_word' id='word_1_505' title='bbox 1592 1130 1722 1157; x_wconf 85' lang='grc' dir='ltr'>ἁπάντων</span> <span class='ocrx_word' id='word_1_506' title='bbox 1742 1130 1871 1166; x_wconf 69' lang='grc' dir='ltr'>ἐσχατώ-</span> 
     </span>
    </p>
   </div>
   <div class='ocr_carea' id='block_1_75' title="bbox 1078 1175 1334 1211">
    <p class='ocr_par' dir='ltr' id='par_1_75' title="bbox 1078 1175 1334 1211">
     <span class='ocr_line' id='line_1_75' title="bbox 1078 1175 1334 1211; baseline -0.004 -9"><span class='ocrx_word' id='word_1_507' title='bbox 1078 1185 1088 1202; x_wconf 82' lang='grc' dir='ltr'>ι</span> <span class='ocrx_word' id='word_1_508' title='bbox 1110 1184 1187 1211; x_wconf 87' lang='grc' dir='ltr'>τερος</span> <span class='ocrx_word' id='word_1_509' title='bbox 1201 1175 1299 1203; x_wconf 74' lang='grc' dir='ltr'>ἔσοιτο.</span> <span class='ocrx_word' id='word_1_510' title='bbox 1324 1185 1334 1201; x_wconf 74' lang='grc' dir='ltr'>ι</span> 
     </span>
    </p>
   </div>
   <div class='ocr_carea' id='block_1_76' title="bbox 1111 1221 1870 1257">
    <p class='ocr_par' dir='ltr' id='par_1_76' title="bbox 1111 1221 1870 1257">
     <span class='ocr_line' id='line_1_76' title="bbox 1111 1221 1870 1257; baseline -0.003 -9"><span class='ocrx_word' id='word_1_511' title='bbox 1111 1221 1181 1253; x_wconf 82' lang='grc' dir='ltr'>Τοὺς</span> <span class='ocrx_word' id='word_1_512' title='bbox 1197 1222 1346 1256; x_wconf 85' lang='grc' dir='ltr'>κοσμικοὺς</span> <span class='ocrx_word' id='word_1_513' title='bbox 1367 1221 1470 1255; x_wconf 75' lang='grc' dir='ltr'>τύφους</span> <span class='ocrx_word' id='word_1_514' title='bbox 1487 1222 1534 1248; x_wconf 76' lang='grc' dir='ltr'><strong>καὶ</strong></span> <span class='ocrx_word' id='word_1_515' title='bbox 1557 1222 1608 1254; x_wconf 79' lang='grc' dir='ltr'>τὰς</span> <span class='ocrx_word' id='word_1_516' title='bbox 1626 1221 1834 1257; x_wconf 77' lang='grc' dir='ltr'><strong>πρωτοκλισίας</strong></span> <span class='ocrx_word' id='word_1_517' title='bbox 1846 1223 1870 1248; x_wconf 89' lang='grc' dir='ltr'>οι</span> 
     </span>
    </p>
   </div>
   <div class='ocr_carea' id='block_1_77' title="bbox 1076 1267 1870 1302">
    <p class='ocr_par' dir='ltr' id='par_1_77' title="bbox 1076 1267 1870 1302">
     <span class='ocr_line' id='line_1_77' title="bbox 1076 1267 1870 1302; baseline -0.001 -8"><span class='ocrx_word' id='word_1_518' title='bbox 1076 1267 1143 1294; x_wconf 77' lang='grc' dir='ltr'>θεῖοι</span> <span class='ocrx_word' id='word_1_519' title='bbox 1169 1267 1290 1302; x_wconf 84' lang='grc' dir='ltr'>Πατέρες</span> <span class='ocrx_word' id='word_1_520' title='bbox 1316 1267 1349 1293; x_wconf 85' lang='grc' dir='ltr'>ὲκ</span> <span class='ocrx_word' id='word_1_521' title='bbox 1373 1269 1421 1302; x_wconf 84' lang='grc' dir='ltr'><strong>τῆς</strong></span> <span class='ocrx_word' id='word_1_522' title='bbox 1449 1267 1614 1302; x_wconf 79' lang='grc' dir='ltr'>Ἐκκλησίας</span> <span class='ocrx_word' id='word_1_523' title='bbox 1641 1267 1870 1302; x_wconf 73' lang='grc' dir='ltr'><strong>περιαιροῦντες,</strong></span> 
     </span>
    </p>
   </div>
   <div class='ocr_carea' id='block_1_78' title="bbox 1077 1313 1871 1349">
    <p class='ocr_par' dir='ltr' id='par_1_78' title="bbox 1077 1313 1871 1349">
     <span class='ocr_line' id='line_1_78' title="bbox 1077 1313 1871 1349; baseline 0.001 -11"><span class='ocrx_word' id='word_1_524' title='bbox 1077 1313 1275 1347; x_wconf 79' lang='grc' dir='ltr'>προστάττουσι</span> <span class='ocrx_word' id='word_1_525' title='bbox 1291 1313 1395 1349; x_wconf 74' lang='grc' dir='ltr'>μηδένα.</span> <span class='ocrx_word' id='word_1_526' title='bbox 1415 1313 1470 1340; x_wconf 87' lang='grc' dir='ltr'>τῶν</span> <span class='ocrx_word' id='word_1_527' title='bbox 1484 1314 1627 1344; x_wconf 77' lang='grc' dir='ltr'>διακόνων,</span> <span class='ocrx_word' id='word_1_528' title='bbox 1643 1313 1696 1340; x_wconf 77' lang='grc' dir='ltr'><strong>κᾶν</strong></span> <span class='ocrx_word' id='word_1_529' title='bbox 1709 1313 1871 1349; x_wconf 74' lang='grc' dir='ltr'><strong>οἱανδήποτε</strong></span> 
     </span>
    </p>
   </div>
   <div class='ocr_carea' id='block_1_79' title="bbox 1074 1359 1871 1395">
    <p class='ocr_par' dir='ltr' id='par_1_79' title="bbox 1074 1359 1871 1395">
     <span class='ocr_line' id='line_1_79' title="bbox 1074 1359 1871 1395; baseline 0.001 -11"><span class='ocrx_word' id='word_1_530' title='bbox 1074 1359 1302 1393; x_wconf 77' lang='grc' dir='ltr'>ἐκκλησιαστικὸν</span> <span class='ocrx_word' id='word_1_531' title='bbox 1317 1360 1446 1394; x_wconf 77' lang='grc' dir='ltr'>όφφίκιον</span> <span class='ocrx_word' id='word_1_532' title='bbox 1463 1359 1523 1395; x_wconf 75' lang='grc' dir='ltr'>ἔχῃ,</span> <span class='ocrx_word' id='word_1_533' title='bbox 1539 1360 1593 1386; x_wconf 85' lang='grc' dir='ltr'><strong>τῶν</strong></span> <span class='ocrx_word' id='word_1_534' title='bbox 1608 1359 1806 1394; x_wconf 66' lang='grc' dir='ltr'>πρεσϐυτέρων</span> <span class='ocrx_word' id='word_1_535' title='bbox 1823 1369 1871 1386; x_wconf 86' lang='grc' dir='ltr'>κα-</span> 
     </span>
    </p>
   </div>
   <div class='ocr_carea' id='block_1_80' title="bbox 1075 1404 1872 1441">
    <p class='ocr_par' dir='ltr' id='par_1_80' title="bbox 1075 1404 1872 1441">
     <span class='ocr_line' id='line_1_80' title="bbox 1075 1404 1872 1441; baseline 0.001 -11"><span class='ocrx_word' id='word_1_536' title='bbox 1075 1404 1202 1436; x_wconf 73' lang='grc' dir='ltr'>θέζεσθαι</span> <span class='ocrx_word' id='word_1_537' title='bbox 1221 1405 1333 1439; x_wconf 83' lang='grc' dir='ltr'>ἄνωθεν,</span> <span class='ocrx_word' id='word_1_538' title='bbox 1360 1407 1385 1432; x_wconf 72' lang='grc' dir='ltr'>εἰ</span> <span class='ocrx_word' id='word_1_539' title='bbox 1404 1406 1442 1441; x_wconf 84' lang='grc' dir='ltr'>μή</span> <span class='ocrx_word' id='word_1_540' title='bbox 1469 1413 1531 1437; x_wconf 81' lang='grc' dir='ltr'>που,</span> <span class='ocrx_word' id='word_1_541' title='bbox 1557 1405 1596 1437; x_wconf 87' lang='grc' dir='ltr'>ὠς</span> <span class='ocrx_word' id='word_1_542' title='bbox 1613 1405 1816 1440; x_wconf 76' lang='grc' dir='ltr'>τοποτηρητὴς,</span> <span class='ocrx_word' id='word_1_543' title='bbox 1840 1406 1872 1432; x_wconf 59' lang='lat' dir='ltr'><strong>go</strong></span> 
     </span>
    </p>
   </div>
   <div class='ocr_carea' id='block_1_81' title="bbox 1076 1450 1873 1486">
    <p class='ocr_par' dir='ltr' id='par_1_81' title="bbox 1076 1450 1873 1486">
     <span class='ocr_line' id='line_1_81' title="bbox 1076 1450 1873 1486; baseline 0.003 -10"><span class='ocrx_word' id='word_1_544' title='bbox 1076 1450 1224 1485; x_wconf 84' lang='grc' dir='ltr'>πρόσωπον</span> <span class='ocrx_word' id='word_1_545' title='bbox 1239 1451 1333 1486; x_wconf 82' lang='grc' dir='ltr'>ὲπέχει</span> <span class='ocrx_word' id='word_1_546' title='bbox 1359 1451 1408 1478; x_wconf 83' lang='grc' dir='ltr'><strong>τοῦ</strong></span> <span class='ocrx_word' id='word_1_547' title='bbox 1426 1451 1528 1478; x_wconf 75' lang='grc' dir='ltr'>οἰκείου</span> <span class='ocrx_word' id='word_1_548' title='bbox 1542 1451 1714 1486; x_wconf 77' lang='grc' dir='ltr'>πατριάρχου</span> <span class='ocrx_word' id='word_1_549' title='bbox 1729 1450 1747 1485; x_wconf 83' lang='grc' dir='ltr'>ἢ</span> <span class='ocrx_word' id='word_1_550' title='bbox 1765 1459 1873 1485; x_wconf 48' lang='lat'><strong>911299-</strong></span> 
     </span>
    </p>
   </div>
   <div class='ocr_carea' id='block_1_82' title="bbox 1076 1496 1872 1533">
    <p class='ocr_par' dir='ltr' id='par_1_82' title="bbox 1076 1496 1872 1533">
     <span class='ocr_line' id='line_1_82' title="bbox 1076 1496 1872 1533; baseline 0.001 -12"><span class='ocrx_word' id='word_1_551' title='bbox 1076 1496 1204 1530; x_wconf 74' lang='grc' dir='ltr'>πολίτου,</span> <span class='ocrx_word' id='word_1_552' title='bbox 1225 1497 1254 1523; x_wconf 83' lang='grc' dir='ltr'>ὲν</span> <span class='ocrx_word' id='word_1_553' title='bbox 1272 1497 1353 1533; x_wconf 79' lang='grc' dir='ltr'>ἑτέρᾳ</span> <span class='ocrx_word' id='word_1_554' title='bbox 1383 1497 1460 1524; x_wconf 76' lang='grc' dir='ltr'>πόλει</span> <span class='ocrx_word' id='word_1_555' title='bbox 1485 1497 1592 1528; x_wconf 78' lang='grc' dir='ltr'>σταλεὶς</span> <span class='ocrx_word' id='word_1_556' title='bbox 1616 1497 1697 1532; x_wconf 80' lang='grc' dir='ltr'>χάριν</span> <span class='ocrx_word' id='word_1_557' title='bbox 1717 1496 1872 1522; x_wconf 79' lang='grc' dir='ltr'>κανονικῶν</span> 
     </span>
    </p>
   </div>
   <div class='ocr_carea' id='block_1_83' title="bbox 1076 1541 1872 1578">
    <p class='ocr_par' dir='ltr' id='par_1_83' title="bbox 1076 1541 1872 1578">
     <span class='ocr_line' id='line_1_83' title="bbox 1076 1541 1872 1578; baseline -0.003 -9"><span class='ocrx_word' id='word_1_558' title='bbox 1076 1542 1124 1569; x_wconf 78' lang='grc' dir='ltr'>καὶ</span> <span class='ocrx_word' id='word_1_559' title='bbox 1141 1542 1376 1577; x_wconf 80' lang='grc' dir='ltr'>ὲκκλησιαστικῶν</span> <span class='ocrx_word' id='word_1_560' title='bbox 1393 1543 1577 1578; x_wconf 78' lang='grc' dir='ltr'>ζητημάτων·</span> <span class='ocrx_word' id='word_1_561' title='bbox 1600 1542 1661 1569; x_wconf 86' lang='grc' dir='ltr'>τότε</span> <span class='ocrx_word' id='word_1_562' title='bbox 1679 1542 1744 1576; x_wconf 82' lang='grc' dir='ltr'>γὰρ,</span> <span class='ocrx_word' id='word_1_563' title='bbox 1767 1541 1806 1572; x_wconf 78' lang='grc' dir='ltr'>ὡς</span> <span class='ocrx_word' id='word_1_564' title='bbox 1825 1541 1872 1568; x_wconf 77' lang='grc' dir='ltr'>τὸν</span> 
     </span>
    </p>
   </div>
   <div class='ocr_carea' id='block_1_84' title="bbox 1075 1587 1874 1623">
    <p class='ocr_par' dir='ltr' id='par_1_84' title="bbox 1075 1587 1874 1623">
     <span class='ocr_line' id='line_1_84' title="bbox 1075 1587 1874 1623; baseline -0.003 -9"><span class='ocrx_word' id='word_1_565' title='bbox 1075 1588 1184 1614; x_wconf 77' lang='grc' dir='ltr'>ἐκείνου</span> <span class='ocrx_word' id='word_1_566' title='bbox 1197 1589 1280 1615; x_wconf 82' lang='grc' dir='ltr'>τόπον</span> <span class='ocrx_word' id='word_1_567' title='bbox 1293 1589 1471 1623; x_wconf 72' lang='grc' dir='ltr'>ἀναπληρῶν,</span> <span class='ocrx_word' id='word_1_568' title='bbox 1485 1588 1678 1623; x_wconf 75' lang='grc' dir='ltr'>τιμηθήσεται.</span> <span class='ocrx_word' id='word_1_569' title='bbox 1695 1587 1726 1613; x_wconf 85' lang='grc' dir='ltr'><strong>Εἰ</strong></span> <span class='ocrx_word' id='word_1_570' title='bbox 1741 1587 1769 1613; x_wconf 80' lang='grc' dir='ltr'><strong>δὲ</strong></span> <span class='ocrx_word' id='word_1_571' title='bbox 1781 1587 1874 1618; x_wconf 74' lang='grc' dir='ltr'>ἄλλως</span> 
     </span>
    </p>
   </div>
   <div class='ocr_carea' id='block_1_85' title="bbox 1076 1632 1873 1668">
    <p class='ocr_par' dir='ltr' id='par_1_85' title="bbox 1076 1632 1873 1668">
     <span class='ocr_line' id='line_1_85' title="bbox 1076 1632 1873 1668; baseline 0 -10"><span class='ocrx_word' id='word_1_572' title='bbox 1076 1633 1209 1668; x_wconf 83' lang='grc' dir='ltr'>τολμήσει</span> <span class='ocrx_word' id='word_1_573' title='bbox 1225 1642 1267 1664; x_wconf 86' lang='grc' dir='ltr'><strong>τις</strong></span> <span class='ocrx_word' id='word_1_574' title='bbox 1282 1633 1337 1660; x_wconf 85' lang='grc' dir='ltr'>τῶν</span> <span class='ocrx_word' id='word_1_575' title='bbox 1349 1634 1491 1665; x_wconf 69' lang='grc' dir='ltr'>διακόνων,</span> <span class='ocrx_word' id='word_1_576' title='bbox 1509 1633 1664 1668; x_wconf 78' lang='grc' dir='ltr'>τυραννικῷ</span> <span class='ocrx_word' id='word_1_577' title='bbox 1679 1632 1775 1667; x_wconf 77' lang='grc' dir='ltr'>θράσει</span> <span class='ocrx_word' id='word_1_578' title='bbox 1795 1632 1873 1667; x_wconf 81' lang='grc' dir='ltr'>χρώ-</span> 
     </span>
    </p>
   </div>
   <div class='ocr_carea' id='block_1_86' title="bbox 1080 1678 1873 1715">
    <p class='ocr_par' dir='ltr' id='par_1_86' title="bbox 1080 1678 1873 1715">
     <span class='ocr_line' id='line_1_86' title="bbox 1080 1678 1873 1715; baseline 0 -11"><span class='ocrx_word' id='word_1_579' title='bbox 1080 1687 1178 1712; x_wconf 76' lang='grc' dir='ltr'>μενος,</span> <span class='ocrx_word' id='word_1_580' title='bbox 1197 1679 1252 1706; x_wconf 82' lang='grc' dir='ltr'>τῶν</span> <span class='ocrx_word' id='word_1_581' title='bbox 1273 1679 1470 1715; x_wconf 77' lang='grc' dir='ltr'>πρεσϐυτέρων</span> <span class='ocrx_word' id='word_1_582' title='bbox 1493 1679 1599 1707; x_wconf 77' lang='grc' dir='ltr'>ἄνωθεν</span> <span class='ocrx_word' id='word_1_583' title='bbox 1620 1678 1801 1713; x_wconf 73' lang='grc' dir='ltr'>καθεσθῆναι,</span> <span class='ocrx_word' id='word_1_584' title='bbox 1827 1678 1873 1705; x_wconf 78' lang='grc' dir='ltr'><strong>τοῦ</strong></span> 
     </span>
    </p>
   </div>
   <div class='ocr_carea' id='block_1_87' title="bbox 1082 1725 1875 1761">
    <p class='ocr_par' dir='ltr' id='par_1_87' title="bbox 1082 1725 1875 1761">
     <span class='ocr_line' id='line_1_87' title="bbox 1082 1725 1875 1761; baseline -0.003 -8"><span class='ocrx_word' id='word_1_585' title='bbox 1082 1725 1150 1753; x_wconf 80' lang='grc' dir='ltr'>ιδίον</span> <span class='ocrx_word' id='word_1_586' title='bbox 1167 1725 1272 1761; x_wconf 77' lang='grc' dir='ltr'>βαθμοῦ</span> <span class='ocrx_word' id='word_1_587' title='bbox 1289 1725 1576 1761; x_wconf 73' lang='grc' dir='ltr'>καταόιΰασθήσεται,</span> <span class='ocrx_word' id='word_1_588' title='bbox 1594 1725 1643 1752; x_wconf 77' lang='grc' dir='ltr'>καὶ</span> <span class='ocrx_word' id='word_1_589' title='bbox 1663 1726 1774 1752; x_wconf 73' lang='grc' dir='ltr'>πάντων</span> <span class='ocrx_word' id='word_1_590' title='bbox 1790 1725 1875 1761; x_wconf 75' lang='grc' dir='ltr'>ἐσχα-</span> 
     </span>
    </p>
   </div>
   <div class='ocr_carea' id='block_1_88' title="bbox 1082 1773 1514 1808">
    <p class='ocr_par' dir='ltr' id='par_1_88' title="bbox 1082 1773 1514 1808">
     <span class='ocr_line' id='line_1_88' title="bbox 1082 1773 1514 1808; baseline 0 -10"><span class='ocrx_word' id='word_1_591' title='bbox 1082 1780 1127 1803; x_wconf 87' lang='grc' dir='ltr'><strong>τος</strong></span> <span class='ocrx_word' id='word_1_592' title='bbox 1147 1773 1201 1799; x_wconf 86' lang='grc' dir='ltr'><strong>τῶν</strong></span> <span class='ocrx_word' id='word_1_593' title='bbox 1216 1773 1348 1800; x_wconf 74' lang='grc' dir='ltr'>διακόνων</span> <span class='ocrx_word' id='word_1_594' title='bbox 1358 1773 1514 1808; x_wconf 80' lang='grc' dir='ltr'>γενήσεται,</span> 
     </span>
    </p>
   </div>
   <div class='ocr_carea' id='block_1_89' title="bbox 1380 1838 1569 1867">
    <p class='ocr_par' dir='ltr' id='par_1_89' title="bbox 1380 1838 1569 1867">
     <span class='ocr_line' id='line_1_89' title="bbox 1380 1838 1569 1867; baseline 0.005 -2"><span class='ocrx_word' id='word_1_595' title='bbox 1380 1839 1502 1867; x_wconf 77' lang='grc' dir='ltr'><strong>ΚΛΝΩΝ</strong></span> <span class='ocrx_word' id='word_1_596' title='bbox 1527 1838 1569 1866; x_wconf 83' lang='grc' dir='ltr'><strong>Η’.</strong></span> 
     </span>
    </p>
   </div>
   <div class='ocr_carea' id='block_1_90' title="bbox 1084 1906 1876 1942">
    <p class='ocr_par' dir='ltr' id='par_1_90' title="bbox 1084 1906 1876 1942">
     <span class='ocr_line' id='line_1_90' title="bbox 1084 1906 1876 1942; baseline -0.001 -7"><span class='ocrx_word' id='word_1_597' title='bbox 1084 1917 1093 1934; x_wconf 73' lang='grc' dir='ltr'>ι</span> <span class='ocrx_word' id='word_1_598' title='bbox 1118 1908 1162 1935; x_wconf 80' lang='grc' dir='ltr'><strong>Ἑν</strong></span> <span class='ocrx_word' id='word_1_599' title='bbox 1183 1909 1250 1934; x_wconf 77' lang='grc' dir='ltr'>πᾶσι</span> <span class='ocrx_word' id='word_1_600' title='bbox 1264 1908 1299 1934; x_wconf 81' lang='grc' dir='ltr'>τὰ</span> <span class='ocrx_word' id='word_1_601' title='bbox 1325 1908 1377 1934; x_wconf 69' lang='grc' dir='ltr'><strong>ὑπὸ</strong></span> <span class='ocrx_word' id='word_1_602' title='bbox 1396 1907 1450 1934; x_wconf 83' lang='grc' dir='ltr'>τῶν</span> <span class='ocrx_word' id='word_1_603' title='bbox 1475 1907 1562 1941; x_wconf 76' lang='grc' dir='ltr'>ἁγίων</span> <span class='ocrx_word' id='word_1_604' title='bbox 1580 1906 1711 1941; x_wconf 81' lang='grc' dir='ltr'>Πατὲρων</span> <span class='ocrx_word' id='word_1_605' title='bbox 1728 1907 1809 1942; x_wconf 80' lang='grc' dir='ltr'>ήμῶν</span> <span class='ocrx_word' id='word_1_606' title='bbox 1833 1907 1876 1934; x_wconf 66' lang='grc' dir='ltr'>θεν</span> 
     </span>
    </p>
   </div>
   <div class='ocr_carea' id='block_1_91' title="bbox 1121 1952 1875 1988">
    <p class='ocr_par' dir='ltr' id='par_1_91' title="bbox 1121 1952 1875 1988">
     <span class='ocr_line' id='line_1_91' title="bbox 1121 1952 1875 1988; baseline 0 -9"><span class='ocrx_word' id='word_1_607' title='bbox 1121 1964 1130 1979; x_wconf 72' lang='grc' dir='ltr'>ι</span> <span class='ocrx_word' id='word_1_608' title='bbox 1157 1953 1305 1980; x_wconf 76' lang='grc' dir='ltr'>σπισθέντα</span> <span class='ocrx_word' id='word_1_609' title='bbox 1328 1953 1374 1979; x_wconf 83' lang='grc' dir='ltr'>καὶ</span> <span class='ocrx_word' id='word_1_610' title='bbox 1388 1954 1469 1988; x_wconf 79' lang='grc' dir='ltr'>ἡμεῖς</span> <span class='ocrx_word' id='word_1_611' title='bbox 1483 1954 1594 1987; x_wconf 79' lang='grc' dir='ltr'>κρατεῖν</span> <span class='ocrx_word' id='word_1_612' title='bbox 1618 1952 1777 1985; x_wconf 84' lang='grc' dir='ltr'>βουλόμενοι</span> <span class='ocrx_word' id='word_1_613' title='bbox 1787 1972 1795 1984; x_wconf 82' lang='grc'>,</span> <span class='ocrx_word' id='word_1_614' title='bbox 1811 1953 1875 1979; x_wconf 83' lang='grc' dir='ltr'>ἀνα-</span> 
     </span>
    </p>
   </div>
   <div class='ocr_carea' id='block_1_92' title="bbox 1120 1993 1876 2034">
    <p class='ocr_par' dir='ltr' id='par_1_92' title="bbox 1120 1993 1876 2034">
     <span class='ocr_line' id='line_1_92' title="bbox 1120 1993 1876 2034; baseline 0 -10"><span class='ocrx_word' id='word_1_615' title='bbox 1120 2009 1128 2024; x_wconf 85' lang='grc' dir='ltr'>ι</span> <span class='ocrx_word' id='word_1_616' title='bbox 1152 1999 1266 2033; x_wconf 76' lang='grc' dir='ltr'>νεοῦμεν</span> <span class='ocrx_word' id='word_1_617' title='bbox 1283 1999 1331 2025; x_wconf 80' lang='grc' dir='ltr'>καὶ</span> <span class='ocrx_word' id='word_1_618' title='bbox 1349 1998 1394 2024; x_wconf 69' lang='grc' dir='ltr'>τὸν</span> <span class='ocrx_word' id='word_1_619' title='bbox 1409 1999 1510 2025; x_wconf 82' lang='grc' dir='ltr'>κανόνα</span> <span class='ocrx_word' id='word_1_620' title='bbox 1531 1998 1577 2024; x_wconf 64' lang='grc' dir='ltr'>τὸν</span> <span class='ocrx_word' id='word_1_621' title='bbox 1593 1998 1791 2034; x_wconf 77' lang='grc' dir='ltr'>διαγορεύοντα</span> <span class='ocrx_word' id='word_1_622' title='bbox 1811 1993 1876 2025; x_wconf 78' lang='grc' dir='ltr'>καθ’</span> 
     </span>
    </p>
   </div>
   <div class='ocr_carea' id='block_1_93' title="bbox 1119 2044 1875 2079">
    <p class='ocr_par' dir='ltr' id='par_1_93' title="bbox 1119 2044 1875 2079">
     <span class='ocr_line' id='line_1_93' title="bbox 1119 2044 1875 2079; baseline -0.001 -8"><span class='ocrx_word' id='word_1_623' title='bbox 1119 2056 1126 2070; x_wconf 82' lang='grc' dir='ltr'>ι</span> <span class='ocrx_word' id='word_1_624' title='bbox 1151 2046 1267 2071; x_wconf 70' lang='grc' dir='ltr'>ἕκαστον</span> <span class='ocrx_word' id='word_1_625' title='bbox 1290 2045 1350 2077; x_wconf 75' lang='grc' dir='ltr'>ἔτος</span> <span class='ocrx_word' id='word_1_626' title='bbox 1374 2045 1498 2076; x_wconf 74' lang='grc' dir='ltr'>συνόδους</span> <span class='ocrx_word' id='word_1_627' title='bbox 1525 2044 1578 2070; x_wconf 81' lang='grc' dir='ltr'><strong>τῶν</strong></span> <span class='ocrx_word' id='word_1_628' title='bbox 1593 2045 1712 2078; x_wconf 76' lang='grc' dir='ltr'>ἑκάστης</span> <span class='ocrx_word' id='word_1_629' title='bbox 1738 2044 1875 2079; x_wconf 79' lang='grc' dir='ltr'>ἐπαρχίας</span> 
     </span>
    </p>
   </div>
   <div class='ocr_carea' id='block_1_94' title="bbox 1119 2089 1875 2124">
    <p class='ocr_par' dir='ltr' id='par_1_94' title="bbox 1119 2089 1875 2124">
     <span class='ocr_line' id='line_1_94' title="bbox 1119 2089 1875 2124; baseline 0 -9"><span class='ocrx_word' id='word_1_630' title='bbox 1119 2100 1127 2115; x_wconf 83' lang='grc' dir='ltr'><strong>ι</strong></span> <span class='ocrx_word' id='word_1_631' title='bbox 1151 2091 1276 2123; x_wconf 82' lang='grc' dir='ltr'>γίνεσθαι</span> <span class='ocrx_word' id='word_1_632' title='bbox 1299 2089 1467 2123; x_wconf 77' lang='grc' dir='ltr'>ἐπισκόπων,</span> <span class='ocrx_word' id='word_1_633' title='bbox 1492 2089 1557 2116; x_wconf 78' lang='grc' dir='ltr'>ἔνθα</span> <span class='ocrx_word' id='word_1_634' title='bbox 1579 2089 1612 2116; x_wconf 81' lang='grc' dir='ltr'>ἂν</span> <span class='ocrx_word' id='word_1_635' title='bbox 1633 2090 1647 2116; x_wconf 86' lang='grc' dir='ltr'>ὁ</span> <span class='ocrx_word' id='word_1_636' title='bbox 1662 2090 1712 2124; x_wconf 81' lang='grc' dir='ltr'>τῆς</span> <span class='ocrx_word' id='word_1_637' title='bbox 1733 2089 1875 2124; x_wconf 71' lang='grc' dir='ltr'>μητροπόο</span> 
     </span>
    </p>
   </div>
   <div class='ocr_carea' id='block_1_95' title="bbox 1121 2134 1877 2170">
    <p class='ocr_par' dir='ltr' id='par_1_95' title="bbox 1121 2134 1877 2170">
     <span class='ocr_line' id='line_1_95' title="bbox 1121 2134 1877 2170; baseline 0 -10"><span class='ocrx_word' id='word_1_638' title='bbox 1121 2146 1130 2160; x_wconf 80' lang='grc' dir='ltr'>ι</span> <span class='ocrx_word' id='word_1_639' title='bbox 1154 2137 1224 2164; x_wconf 86' lang='grc' dir='ltr'>λεως</span> <span class='ocrx_word' id='word_1_640' title='bbox 1240 2135 1376 2170; x_wconf 79' lang='grc' dir='ltr'>δοκιμάσῃ</span> <span class='ocrx_word' id='word_1_641' title='bbox 1389 2135 1549 2166; x_wconf 69' lang='grc' dir='ltr'>ἐπίσκοπος.</span> <span class='ocrx_word' id='word_1_642' title='bbox 1572 2134 1680 2168; x_wconf 79' lang='grc' dir='ltr'>Ἐπειδὴ</span> <span class='ocrx_word' id='word_1_643' title='bbox 1699 2134 1728 2160; x_wconf 74' lang='grc' dir='ltr'><strong>δὲ</strong></span> <span class='ocrx_word' id='word_1_644' title='bbox 1742 2134 1787 2161; x_wconf 76' lang='grc' dir='ltr'>δια</span> <span class='ocrx_word' id='word_1_645' title='bbox 1800 2135 1877 2166; x_wconf 69' lang='grc' dir='ltr'>τινας</span> 
     </span>
    </p>
   </div>
   <div class='ocr_carea' id='block_1_96' title="bbox 1121 2177 1876 2216">
    <p class='ocr_par' dir='ltr' id='par_1_96' title="bbox 1121 2177 1876 2216">
     <span class='ocr_line' id='line_1_96' title="bbox 1121 2177 1876 2216; baseline -0.003 -9"><span class='ocrx_word' id='word_1_646' title='bbox 1121 2189 1130 2206; x_wconf 86' lang='grc' dir='ltr'>ι</span> <span class='ocrx_word' id='word_1_647' title='bbox 1153 2189 1184 2207; x_wconf 86' lang='grc' dir='ltr'><strong>τε</strong></span> <span class='ocrx_word' id='word_1_648' title='bbox 1211 2180 1265 2208; x_wconf 81' lang='grc' dir='ltr'><strong>τῶν</strong></span> <span class='ocrx_word' id='word_1_649' title='bbox 1298 2177 1627 2216; x_wconf 60' lang='grc' dir='ltr'>βαρϐάρωνθὲπιὸρομὰς,</span> <span class='ocrx_word' id='word_1_650' title='bbox 1652 2179 1696 2206; x_wconf 79' lang='grc' dir='ltr'><strong>διά</strong></span> <span class='ocrx_word' id='word_1_651' title='bbox 1724 2188 1755 2205; x_wconf 83' lang='grc' dir='ltr'><strong>τε</strong></span> <span class='ocrx_word' id='word_1_652' title='bbox 1772 2188 1876 2215; x_wconf 81' lang='grc' dir='ltr'>προπι-</span> 
     </span>
    </p>
   </div>
   <div class='ocr_carea' id='block_1_97' title="bbox 1120 2225 1876 2260">
    <p class='ocr_par' dir='ltr' id='par_1_97' title="bbox 1120 2225 1876 2260">
     <span class='ocr_line' id='line_1_97' title="bbox 1120 2225 1876 2260; baseline 0 -10"><span class='ocrx_word' id='word_1_653' title='bbox 1120 2237 1127 2250; x_wconf 84' lang='grc' dir='ltr'>ι</span> <span class='ocrx_word' id='word_1_654' title='bbox 1154 2226 1274 2255; x_wconf 82' lang='grc' dir='ltr'>πτούσας</span> <span class='ocrx_word' id='word_1_655' title='bbox 1297 2225 1394 2260; x_wconf 76' lang='grc' dir='ltr'>ἐτέρας</span> <span class='ocrx_word' id='word_1_656' title='bbox 1418 2225 1519 2256; x_wconf 80' lang='grc' dir='ltr'>αἰτίας,</span> <span class='ocrx_word' id='word_1_657' title='bbox 1538 2225 1675 2255; x_wconf 81' lang='grc' dir='ltr'>ἀδυνάτως</span> <span class='ocrx_word' id='word_1_658' title='bbox 1703 2225 1727 2250; x_wconf 86' lang='grc' dir='ltr'>οἱ</span> <span class='ocrx_word' id='word_1_659' title='bbox 1749 2225 1806 2251; x_wconf 83' lang='grc' dir='ltr'><strong>τῶν</strong></span> <span class='ocrx_word' id='word_1_660' title='bbox 1830 2226 1876 2251; x_wconf 82' lang='grc' dir='ltr'><strong>ὲκ-</strong></span> 
     </span>
    </p>
   </div>
   <div class='ocr_carea' id='block_1_98' title="bbox 1122 2269 1877 2305">
    <p class='ocr_par' dir='ltr' id='par_1_98' title="bbox 1122 2269 1877 2305">
     <span class='ocr_line' id='line_1_98' title="bbox 1122 2269 1877 2305; baseline -0.003 -8"><span class='ocrx_word' id='word_1_661' title='bbox 1122 2281 1131 2297; x_wconf 78' lang='grc'><strong>(</strong></span> <span class='ocrx_word' id='word_1_662' title='bbox 1156 2270 1276 2303; x_wconf 82' lang='grc' dir='ltr'>κλησιῶν</span> <span class='ocrx_word' id='word_1_663' title='bbox 1300 2270 1424 2305; x_wconf 80' lang='grc' dir='ltr'>πρόεδροι</span> <span class='ocrx_word' id='word_1_664' title='bbox 1451 2269 1543 2304; x_wconf 73' lang='grc' dir='ltr'>ἔχουσι</span> <span class='ocrx_word' id='word_1_665' title='bbox 1561 2269 1602 2300; x_wconf 74' lang='grc' dir='ltr'><strong>δὶς</strong></span> <span class='ocrx_word' id='word_1_666' title='bbox 1619 2269 1666 2295; x_wconf 87' lang='grc' dir='ltr'><strong>τοῦ</strong></span> <span class='ocrx_word' id='word_1_667' title='bbox 1684 2269 1810 2296; x_wconf 77' lang='grc' dir='ltr'>ἐνιαυτοῦ</span> <span class='ocrx_word' id='word_1_668' title='bbox 1828 2270 1877 2299; x_wconf 72' lang='grc' dir='ltr'>τὰς</span> 
     </span>
    </p>
   </div>
   <div class='ocr_carea' id='block_1_99' title="bbox 1123 2314 1878 2350">
    <p class='ocr_par' dir='ltr' id='par_1_99' title="bbox 1123 2314 1878 2350">
     <span class='ocr_line' id='line_1_99' title="bbox 1123 2314 1878 2350; baseline -0.003 -7"><span class='ocrx_word' id='word_1_669' title='bbox 1123 2327 1132 2343; x_wconf 82' lang='grc' dir='ltr'><strong>ι</strong></span> <span class='ocrx_word' id='word_1_670' title='bbox 1157 2317 1282 2347; x_wconf 79' lang='grc' dir='ltr'>συνόδους</span> <span class='ocrx_word' id='word_1_671' title='bbox 1303 2316 1453 2347; x_wconf 83' lang='grc' dir='ltr'>ποιεῖσθαι,</span> <span class='ocrx_word' id='word_1_672' title='bbox 1468 2314 1567 2346; x_wconf 69' lang='grc' dir='ltr'>ἔδοξεν.</span> <span class='ocrx_word' id='word_1_673' title='bbox 1582 2315 1652 2341; x_wconf 82' lang='grc' dir='ltr'>ὥστε</span> <span class='ocrx_word' id='word_1_674' title='bbox 1675 2315 1770 2350; x_wconf 80' lang='grc' dir='ltr'>τρόπῳ</span> <span class='ocrx_word' id='word_1_675' title='bbox 1796 2317 1878 2342; x_wconf 79' lang='grc' dir='ltr'>παντὶ</span> 
     </span>
    </p>
   </div>
   <div class='ocr_carea' id='block_1_100' title="bbox 1155 2360 1879 2396">
    <p class='ocr_par' dir='ltr' id='par_1_100' title="bbox 1155 2360 1879 2396">
     <span class='ocr_line' id='line_1_100' title="bbox 1155 2360 1879 2396; baseline -0.006 -7"><span class='ocrx_word' id='word_1_676' title='bbox 1155 2363 1228 2395; x_wconf 67' lang='grc' dir='ltr'>ἅρπαξ</span> <span class='ocrx_word' id='word_1_677' title='bbox 1252 2361 1298 2388; x_wconf 79' lang='grc' dir='ltr'><strong>τοῦ</strong></span> <span class='ocrx_word' id='word_1_678' title='bbox 1326 2361 1449 2388; x_wconf 74' lang='grc' dir='ltr'>ἐνιαυτοῦ</span> <span class='ocrx_word' id='word_1_679' title='bbox 1467 2361 1523 2396; x_wconf 83' lang='grc'><strong>(65)</strong></span> <span class='ocrx_word' id='word_1_680' title='bbox 1548 2361 1597 2395; x_wconf 81' lang='grc' dir='ltr'>τὴν</span> <span class='ocrx_word' id='word_1_681' title='bbox 1617 2360 1670 2386; x_wconf 81' lang='grc' dir='ltr'><strong>τῶν</strong></span> <span class='ocrx_word' id='word_1_682' title='bbox 1695 2369 1879 2396; x_wconf 79' lang='grc' dir='ltr'>προγεγραμ-</span> 
     </span>
    </p>
   </div>
   <div class='ocr_carea' id='block_1_101' title="bbox 1157 2406 1878 2443">
    <p class='ocr_par' dir='ltr' id='par_1_101' title="bbox 1157 2406 1878 2443">
     <span class='ocr_line' id='line_1_101' title="bbox 1157 2406 1878 2443; baseline -0.001 -9"><span class='ocrx_word' id='word_1_683' title='bbox 1157 2409 1245 2443; x_wconf 76' lang='grc' dir='ltr'>μένων</span> <span class='ocrx_word' id='word_1_684' title='bbox 1260 2407 1418 2434; x_wconf 81' lang='grc' dir='ltr'>ἐπισκόπων</span> <span class='ocrx_word' id='word_1_685' title='bbox 1439 2406 1539 2436; x_wconf 71' lang='grc' dir='ltr'>διὰῖτὰ</span> <span class='ocrx_word' id='word_1_686' title='bbox 1556 2407 1593 2436; x_wconf 84' lang='grc' dir='ltr'>ὡς</span> <span class='ocrx_word' id='word_1_687' title='bbox 1608 2406 1682 2438; x_wconf 81' lang='grc' dir='ltr'>εἰκὸς</span> <span class='ocrx_word' id='word_1_688' title='bbox 1698 2406 1878 2440; x_wconf 66' lang='grc' dir='ltr'>ἀναφυόμενα</span> 
     </span>
    </p>
   </div>
   <div class='ocr_carea' id='block_1_102' title="bbox 1122 2452 1879 2488">
    <p class='ocr_par' dir='ltr' id='par_1_102' title="bbox 1122 2452 1879 2488">
     <span class='ocr_line' id='line_1_102' title="bbox 1122 2452 1879 2488; baseline -0.004 -8"><span class='ocrx_word' id='word_1_689' title='bbox 1122 2465 1130 2480; x_wconf 86' lang='grc' dir='ltr'>ι</span> <span class='ocrx_word' id='word_1_690' title='bbox 1155 2454 1370 2488; x_wconf 74' lang='grc' dir='ltr'>ὲκκλησιαστικὰ</span> <span class='ocrx_word' id='word_1_691' title='bbox 1381 2453 1516 2487; x_wconf 71' lang='grc' dir='ltr'>κεφάλαια</span> <span class='ocrx_word' id='word_1_692' title='bbox 1534 2453 1562 2478; x_wconf 84' lang='grc' dir='ltr'>ἐν</span> <span class='ocrx_word' id='word_1_693' title='bbox 1577 2453 1681 2487; x_wconf 73' lang='grc' dir='ltr'>ἑκαστῃ</span> <span class='ocrx_word' id='word_1_694' title='bbox 1696 2452 1819 2488; x_wconf 73' lang='grc' dir='ltr'>ἔπαρχίᾳ</span> <span class='ocrx_word' id='word_1_695' title='bbox 1835 2453 1879 2486; x_wconf 71' lang='grc' dir='ltr'>γε..</span> 
     </span>
    </p>
   </div>
   <div class='ocr_carea' id='block_1_103' title="bbox 1122 2497 1879 2532">
    <p class='ocr_par' dir='ltr' id='par_1_103' title="bbox 1122 2497 1879 2532">
     <span class='ocr_line' id='line_1_103' title="bbox 1122 2497 1879 2532; baseline -0.005 -5"><span class='ocrx_word' id='word_1_696' title='bbox 1122 2510 1132 2526; x_wconf 72' lang='grc' dir='ltr'><strong>ε</strong></span> <span class='ocrx_word' id='word_1_697' title='bbox 1153 2500 1246 2527; x_wconf 84' lang='grc' dir='ltr'>νεσθαι</span> <span class='ocrx_word' id='word_1_698' title='bbox 1263 2499 1369 2525; x_wconf 74' lang='grc' dir='ltr'>σύνοδον</span> <span class='ocrx_word' id='word_1_699' title='bbox 1380 2499 1433 2524; x_wconf 77' lang='grc' dir='ltr'><strong>ἀπὺ</strong></span> <span class='ocrx_word' id='word_1_700' title='bbox 1446 2499 1496 2532; x_wconf 84' lang='grc' dir='ltr'>τῆς</span> <span class='ocrx_word' id='word_1_701' title='bbox 1512 2498 1592 2531; x_wconf 83' lang='grc' dir='ltr'>ἁγίας</span> <span class='ocrx_word' id='word_1_702' title='bbox 1604 2497 1650 2524; x_wconf 80' lang='grc' dir='ltr'><strong>τοῦ</strong></span> <span class='ocrx_word' id='word_1_703' title='bbox 1667 2497 1763 2532; x_wconf 81' lang='grc' dir='ltr'>Πάσχα</span> <span class='ocrx_word' id='word_1_704' title='bbox 1779 2498 1879 2532; x_wconf 77' lang='grc' dir='ltr'>ἑορτῆς</span> 
     </span>
    </p>
   </div>
   <div class='ocr_carea' id='block_1_104' title="bbox 1122 2542 1880 2580">
    <p class='ocr_par' dir='ltr' id='par_1_104' title="bbox 1122 2542 1880 2580">
     <span class='ocr_line' id='line_1_104' title="bbox 1122 2542 1880 2580; baseline -0.007 -8"><span class='ocrx_word' id='word_1_705' title='bbox 1122 2555 1131 2571; x_wconf 80' lang='grc' dir='ltr'><strong>ι</strong></span> <span class='ocrx_word' id='word_1_706' title='bbox 1156 2545 1293 2580; x_wconf 67' lang='grc' dir='ltr'>καὶμέχρι</span> <span class='ocrx_word' id='word_1_707' title='bbox 1308 2542 1533 2578; x_wconf 81' lang='grc' dir='ltr'>συμπληρώσεως</span> <span class='ocrx_word' id='word_1_708' title='bbox 1544 2542 1591 2568; x_wconf 81' lang='grc' dir='ltr'><strong>τοῦ</strong></span> <span class='ocrx_word' id='word_1_709' title='bbox 1611 2542 1778 2576; x_wconf 73' lang='grc' dir='ltr'>Ὀκτωϐρίου</span> <span class='ocrx_word' id='word_1_710' title='bbox 1795 2542 1880 2576; x_wconf 63' lang='grc' dir='ltr'>μηνὸς</span> 
     </span>
    </p>
   </div>
   <div class='ocr_carea' id='block_1_105' title="bbox 1125 2588 1882 2622">
    <p class='ocr_par' dir='ltr' id='par_1_105' title="bbox 1125 2588 1882 2622">
     <span class='ocr_line' id='line_1_105' title="bbox 1125 2588 1882 2622; baseline -0.007 -5"><span class='ocrx_word' id='word_1_711' title='bbox 1125 2600 1133 2617; x_wconf 84' lang='grc' dir='ltr'>ι</span> <span class='ocrx_word' id='word_1_712' title='bbox 1158 2590 1274 2617; x_wconf 72' lang='grc' dir='ltr'>ἑκάστου</span> <span class='ocrx_word' id='word_1_713' title='bbox 1289 2590 1365 2622; x_wconf 78' lang='grc' dir='ltr'>ἔτους</span> <span class='ocrx_word' id='word_1_714' title='bbox 1379 2591 1450 2617; x_wconf 81' lang='grc' dir='ltr'>κατὰ</span> <span class='ocrx_word' id='word_1_715' title='bbox 1464 2590 1511 2616; x_wconf 74' lang='grc' dir='ltr'>τὸν</span> <span class='ocrx_word' id='word_1_716' title='bbox 1528 2589 1620 2621; x_wconf 77' lang='grc' dir='ltr'>τόπον,</span> <span class='ocrx_word' id='word_1_717' title='bbox 1632 2588 1662 2614; x_wconf 79' lang='grc' dir='ltr'>ὃν</span> <span class='ocrx_word' id='word_1_718' title='bbox 1676 2589 1690 2614; x_wconf 85' lang='grc' dir='ltr'><strong>ό</strong></span> <span class='ocrx_word' id='word_1_719' title='bbox 1707 2589 1758 2621; x_wconf 74' lang='grc' dir='ltr'>τῆς</span> <span class='ocrx_word' id='word_1_720' title='bbox 1778 2595 1882 2621; x_wconf 67' lang='grc' dir='ltr'>μητροο</span> 
     </span>
    </p>
   </div>
   <div class='ocr_carea' id='block_1_106' title="bbox 1126 2632 1879 2670">
    <p class='ocr_par' dir='ltr' id='par_1_106' title="bbox 1126 2632 1879 2670">
     <span class='ocr_line' id='line_1_106' title="bbox 1126 2632 1879 2670; baseline -0.007 -9"><span class='ocrx_word' id='word_1_721' title='bbox 1126 2647 1134 2661; x_wconf 83' lang='grc' dir='ltr'>ι</span> <span class='ocrx_word' id='word_1_722' title='bbox 1159 2637 1275 2668; x_wconf 77' lang='grc' dir='ltr'>πόλεως,</span> <span class='ocrx_word' id='word_1_723' title='bbox 1287 2636 1359 2662; x_wconf 77' lang='grc' dir='ltr'>καθὰ</span> <span class='ocrx_word' id='word_1_724' title='bbox 1373 2635 1546 2670; x_wconf 79' lang='grc' dir='ltr'>προείρηται,</span> <span class='ocrx_word' id='word_1_725' title='bbox 1559 2633 1702 2667; x_wconf 77' lang='grc' dir='ltr'>δοκιμάσει</span> <span class='ocrx_word' id='word_1_726' title='bbox 1715 2632 1879 2662; x_wconf 75' lang='grc' dir='ltr'>ἐπίσκοπος.</span> 
     </span>
    </p>
   </div>
   <div class='ocr_carea' id='block_1_107' title="bbox 1128 2678 1882 2718">
    <p class='ocr_par' dir='ltr' id='par_1_107' title="bbox 1128 2678 1882 2718">
     <span class='ocr_line' id='line_1_107' title="bbox 1128 2678 1882 2718; baseline -0.005 -10"><span class='ocrx_word' id='word_1_727' title='bbox 1128 2694 1136 2708; x_wconf 84' lang='grc' dir='ltr'>ι</span> <span class='ocrx_word' id='word_1_728' title='bbox 1160 2682 1228 2714; x_wconf 73' lang='grc' dir='ltr'>Τοὺς</span> <span class='ocrx_word' id='word_1_729' title='bbox 1244 2683 1272 2709; x_wconf 80' lang='grc' dir='ltr'><strong>δὲ</strong></span> <span class='ocrx_word' id='word_1_730' title='bbox 1287 2683 1324 2718; x_wconf 83' lang='grc' dir='ltr'>μὴ</span> <span class='ocrx_word' id='word_1_731' title='bbox 1341 2682 1477 2712; x_wconf 76' lang='grc' dir='ltr'>συνιόντας</span> <span class='ocrx_word' id='word_1_732' title='bbox 1493 2679 1677 2710; x_wconf 81' lang='grc' dir='ltr'>ἐπισκόπους,</span> <span class='ocrx_word' id='word_1_733' title='bbox 1694 2678 1882 2714; x_wconf 73' lang='grc' dir='ltr'>ἐνδημοῦντας</span> 
     </span>
    </p>
   </div>
   <div class='ocr_carea' id='block_1_108' title="bbox 1121 2419 1130 2434">
    <p class='ocr_par' dir='ltr' id='par_1_108' title="bbox 1121 2419 1130 2434">
     <span class='ocr_line' id='line_1_108' title="bbox 1121 2419 1130 2434; baseline 0 0"><span class='ocrx_word' id='word_1_734' title='bbox 1121 2419 1130 2434; x_wconf 81' lang='grc'><strong>(</strong></span> 
     </span>
    </p>
   </div>
   <div class='ocr_carea' id='block_1_109' title="bbox 826 2770 1228 2810">
    <p class='ocr_par' dir='ltr' id='par_1_109' title="bbox 826 2770 1228 2810">
     <span class='ocr_line' id='line_1_109' title="bbox 826 2770 1228 2810; baseline 0.005 -9"><span class='ocrx_word' id='word_1_735' title='bbox 826 2770 926 2802; x_wconf 87' lang='lat' dir='ltr'><strong>Guill.</strong></span> <span class='ocrx_word' id='word_1_736' title='bbox 947 2771 1112 2810; x_wconf 80' lang='lat' dir='ltr'><strong>Beveregii</strong></span> <span class='ocrx_word' id='word_1_737' title='bbox 1135 2776 1228 2803; x_wconf 73' lang='lat' dir='ltr'><strong>nntte.</strong></span> 
     </span>
    </p>
   </div>
   <div class='ocr_carea' id='block_1_110' title="bbox 291 2828 1025 2866">
    <p class='ocr_par' dir='ltr' id='par_1_110' title="bbox 291 2830 1025 2866">
     <span class='ocr_line' id='line_1_110' title="bbox 291 2830 1025 2866; baseline -0.003 -7"><span class='ocrx_word' id='word_1_738' title='bbox 291 2830 348 2863; x_wconf 78' lang='grc'><strong>(65)</strong></span> <span class='ocrx_word' id='word_1_739' title='bbox 364 2831 464 2863; x_wconf 71' lang='grc' dir='ltr'><strong>’Ᾱπαξ</strong></span> <span class='ocrx_word' id='word_1_740' title='bbox 480 2832 534 2859; x_wconf 85' lang='grc' dir='ltr'><strong>τοῦ</strong></span> <span class='ocrx_word' id='word_1_741' title='bbox 553 2831 704 2860; x_wconf 81' lang='grc' dir='ltr'>ἐνιαυτοῦ.</span> <span class='ocrx_word' id='word_1_742' title='bbox 720 2832 783 2859; x_wconf 65' lang='lat' dir='ltr'><strong>&quot;me</strong></span> <span class='ocrx_word' id='word_1_743' title='bbox 801 2839 889 2866; x_wconf 83' lang='lat' dir='ltr'><strong>usque</strong></span> <span class='ocrx_word' id='word_1_744' title='bbox 918 2831 952 2859; x_wconf 89' lang='lat' dir='ltr'><strong>ad</strong></span> <span class='ocrx_word' id='word_1_745' title='bbox 980 2831 1025 2866; x_wconf 88' lang='grc' dir='ltr'><strong>γίν</strong></span> 
     </span>
    </p>
   </div>
   <div class='ocr_carea' id='block_1_111' title="bbox 1095 2828 1883 2866">
    <p class='ocr_par' dir='ltr' id='par_1_111' title="bbox 1098 2828 1883 2861">
     <span class='ocr_line' id='line_1_111' title="bbox 1098 2828 1883 2861; baseline -0.003 -1"><span class='ocrx_word' id='word_1_746' title='bbox 1098 2843 1106 2860; x_wconf 88' lang='grc' dir='ltr'><strong>ι</strong></span> <span class='ocrx_word' id='word_1_747' title='bbox 1142 2833 1252 2861; x_wconf 80' lang='grc' dir='ltr'>σύνοδον</span> <span class='ocrx_word' id='word_1_748' title='bbox 1285 2832 1420 2860; x_wconf 85' lang='lat' dir='ltr'><strong>inclusive</strong></span> <span class='ocrx_word' id='word_1_749' title='bbox 1441 2831 1468 2858; x_wconf 94' lang='lat' dir='ltr'><strong>in</strong></span> <span class='ocrx_word' id='word_1_750' title='bbox 1505 2837 1557 2858; x_wconf 88' lang='lat' dir='ltr'><strong>ms.</strong></span> <span class='ocrx_word' id='word_1_751' title='bbox 1582 2828 1806 2857; x_wconf 74' lang='lat' dir='ltr'><strong>Amerbachiano</strong></span> <span class='ocrx_word' id='word_1_752' title='bbox 1828 2837 1883 2858; x_wconf 87' lang='lat' dir='ltr'><strong>non</strong></span> 
     </span>
    </p>
   </div>
   <div class='ocr_carea' id='block_1_112' title="bbox 253 2866 858 2896">
    <p class='ocr_par' dir='ltr' id='par_1_112' title="bbox 253 2866 858 2896">
     <span class='ocr_line' id='line_1_112' title="bbox 253 2866 858 2896; baseline -0.005 -1"><span class='ocrx_word' id='word_1_753' title='bbox 253 2866 316 2895; x_wconf 75' lang='lat' dir='ltr'><strong>sine</strong></span> <span class='ocrx_word' id='word_1_754' title='bbox 324 2873 430 2893; x_wconf 80' lang='lat' dir='ltr'><strong>summo</strong></span> <span class='ocrx_word' id='word_1_755' title='bbox 444 2869 556 2895; x_wconf 79' lang='lat' dir='ltr'><strong>canonis</strong></span> <span class='ocrx_word' id='word_1_756' title='bbox 572 2868 735 2896; x_wconf 87' lang='lat' dir='ltr'><strong>detritnento</strong></span> <span class='ocrx_word' id='word_1_757' title='bbox 747 2867 858 2895; x_wconf 74' lang='lat' dir='ltr'><strong>desunt.</strong></span> 
     </span>
    </p>
   </div>
  </div>
