1941 3093
44 23 492 38 Δ

501 29 605 34 -,_—.
649 24 833 33 u~-7-7
847 23 891 31 ιιι

113 141 166 175 549

153 255 161 272 ι
180 245 285 279 πηλεῐῳ
300 244 351 270 οὐκ
377 243 588 275 ἐπιτέτραπται,
605 241 680 275 πόσῳ
705 240 804 275 μᾶλλον
819 239 907 270 ἄλλοις

153 300 162 314 ε
181 289 208 314 ἐν
235 287 323 321 τούτῳ
347 286 551 316 διακονεῖσθαι,
577 285 652 312 καὶᾶ
670 284 708 319 μὴ
734 284 811 318 Θέμις
834 284 908 319 αὖτῷ

153 344 162 358 ι
176 334 311 368 ἐγχειρεῖν
324 341 331 363 ς
347 333 378 359 Εἰ
389 333 418 359 δέ
428 341 454 359 τι
469 331 589 358 τοιοῦτον
602 331 788 367 διαπράξοιτο,
807 329 823 365 ἢ
838 338 908 357 παυ-

152 389 162 404 ι
184 379 286 412 σάσθω,
300 377 520 413 ἢκαθαιρείσοω.
542 387 552 404 ι

153 425 250 451 ΒΛΛΣ.
273 425 303 450 ’0
335 424 384 458 μὲν
400 423 437 450 νδ’
465 423 555 450 κανὼν
572 423 625 450 τῶν
649 423 734 456 ἁγίων
750 421 907 449 ἀποστόλων

115 470 292 506 ἀφορίζεσθαι
314 470 386 504 λέγει
403 470 465 501 τοὺς
481 469 620 500 ἐσθίοντας
642 469 670 496 ἐν
687 468 826 504 καπη7ε³ῳ
844 469 909 503 κλη-

117 516 226 551 ρικούς·
243 516 256 541 ὁ
283 515 309 540 δὲ
332 514 426 550 παρὼν
441 515 590 549 διορίζεται
617 514 654 548 μὴ
683 513 756 547 ἔχειν
779 514 908 548 κληρικὸν

117 561 269 596 καπηλικὸν
285 561 477 596 ἐργαστήριο),
493 561 575 595 ἧγουν
586 560 624 596 μὴ
638 561 761 595 ἐνεργεῖν
771 559 907 594 ἐμπορίαν

116 607 283 643 καπηλικήν.
305 608 334 634 Εἰ
351 608 405 643 γὰρ
419 608 489 634 κατὰ
506 608 667 634 δεσποτείαν
683 608 739 642 ἔχει
753 606 908 641 καπηλικὸν

116 652 308 686 ἐργαστήριον,
330 653 376 678 καὶ
392 653 460 687 πρ¹ς
474 652 585 687 ἐτέρους
599 653 679 679 τοῦτο
692 652 827 683 ἐκδίδωσι,
846 660 907 678 και-

118 696 162 722 νδν
174 697 224 722 οὐκ
245 696 312 723 ἐστι.
337 697 415 723 Γοῦτο
427 698 480 732 γὰρ
493 698 540 725 καὶ
563 697 639 731 παρὰ
653 696 843 732 μοναστηρίων
860 695 908 723 καὶ

116 742 270 777 ἐκκλησιῶν
286 742 533 777 διαφόρωνγίνεται
545 751 553 758 ·
572 742 641 769 ὥστε
657 744 686 769 τὸ
701 743 774 778 ἔχειν
790 742 907 769 ἐνταῦθα.

116 786 178 812 ἀντὶ
191 786 238 812 ruﬁ
253 787 377 822 ἐνεργεῖν
411 787 576 823 ἐκλάμὸανε.
599 788 676 814 Ἐπεὶ
700 788 728 814 δὲ
743 787 837 822 ἕτερόν
849 788 907 814 ἐστι

117 829 148 856 τὸ
164 831 334 867 εἰσέρχεσθαι
361 832 390 858 ἐν
409 832 550 868 καπηλείῳ
577 832 711 867 ἀλλοτρίῳ
727 832 773 859 καὶ
793 831 906 865 ἐσθίειν,

627 140 667 170 ΙΝ
679 137 761 169 CAN.
782 137 825 168 IX
843 137 949 168 CONC.
972 137 1008 168 ΙΝ
1033 138 1196 170 TBULLO.

151 210 159 226 ι
176 207 235 235 ριον
254 198 339 233 ἔχειν.
365 197 396 223 El
413 196 466 231 γὰρ
493 196 531 231 τῷ
547 195 661 230 τοιούτῳ
678 194 791 220 είσιέναι
813 194 842 219 ἐν
860 202 904 219 κα-
921 195 944 225 Α

1691 141 1744 175 550

997 203 1006 219 ι
1026 193 1053 220 Si
1071 194 1096 220 ci
1112 194 1185 221 enim
1200 193 1226 221 in
1239 201 1390 228 cauponam
1410 194 1514 230 ingredi
1542 204 1594 224 non
1622 201 1665 224 est
1687 205 1748 231 pero

1000 248 1009 264 ι
1030 231 1155 272 missum,
1168 247 1269 274 quanto
1286 241 1372 274 magis
1385 245 1411 268 et
1426 241 1485 268 aliis
1499 242 1525 269 in
1538 250 1569 269 ca
1585 243 1750 275 ministrare,

999 295 1008 311 ι
1029 293 1072 318 ea,
1087 293 1146 320 quae
1163 293 1215 312 non
1230 285 1292 313 licet
1306 286 1356 321 ipsi
1376 288 1514 314 tractare?
1527 288 1554 315 Si
1571 289 1636 322 quid
1660 295 1749 318 autem

1000 341 1009 358 ι
1030 331 1083 359 tale
1099 332 1203 365 fecerit,
1221 332 1261 359 vel
1275 337 1373 364 cesset,
1395 333 1437 360 vel
1455 333 1614 368 deponatur.
1632 344 1642 361 ι

996 420 1094 448 BALS.
1132 421 1377 456 Quinquagesimus
1417 427 1531 457 quartus
1567 424 1750 457 apostolorum

961 475 1047 494 canon
1063 467 1176 494 clericos
1192 469 1327 503 segregari
1347 468 1434 502 jubet,
1452 469 1498 503 qui
1522 469 1547 496 in
1571 477 1692 504 caupona
1705 478 1751 497 co-

963 513 1083 541 medunt.
1099 512 1224 540 Decernil
1241 519 1330 541 autem
1346 522 1465 548 praesens
1483 522 1583 547 canon,
1612 523 1645 542 ne
1673 516 1752 543 cli-ri-

961 566 1010 586 cus
1026 559 1127 586 habeat
1140 560 1301 594 cauponiam
1314 559 1463 592 oilicinam,
1479 561 1535 588 sive
1548 568 1581 587 ne
1592 563 1752 595 caupouiam

963 610 1142 631 mercaturam
1161 610 1297 633 exerceat.
1313 605 1340 633 Si
1356 606 1427 633 enim
1446 607 1607 641 cauponiam
1621 606 1753 634 oﬂicinam

962 649 988 676 in
1005 650 1123 677 dominio
1137 649 1229 682 habet,
1245 655 1272 678 et
1286 658 1346 678 eam
1365 652 1426 679 aliis
1448 653 1546 685 elocat,
1571 660 1668 680 novum
1696 661 1750 680 non

962 700 1011 722 est.
1030 694 1086 722 Hoc
1100 696 1171 722 enim
1187 695 1268 722 etiam
1295 697 1364 730 apud
1391 698 1555 725 monasteria
1579 702 1606 725 et
1630 699 1753 734 diversas

963 740 991 767 iit
1006 740 1148 767 ecclesias.
1163 740 1356 774 Quamobrem,
1372 742 1474 770 habere
1494 743 1548 775 hic,
1571 751 1619 777 pro
1633 750 1666 771 eo
1682 744 1753 777 quod

961 792 1002 814 est
1017 794 1157 818 exercere,
1174 788 1278 822 accipe.
1309 789 1442 822 Quoniam
1460 793 1550 816 autem
1569 790 1642 818 aliud
1659 796 1701 818 cst
1726 791 1752 818 in

962 831 1077 859 alienam
1106 840 1258 867 cauponam
1283 833 1386 867 ingredi
1406 839 1433 861 et
1454 835 1608 868 comedere,
1637 840 1664 863 et
1681 836 1754 864 aliud

118 876 167 901 καὶ
183 876 276 911 ἕτερον
292 876 322 903 τὺ
337 876 538 911 ἐμπορεύεσθαι
563 877 719 911 καπηλικήν
743 877 851 912 τέχνην,
880 878 909 903 ἐν

967 878 1151 911 :auponariam
1168 886 1298 906 exercere
1318 886 1325 905 :
1344 879 1371 906 in
1393 887 1497 907 canone
1513 880 1621 914 quidem
1643 886 1754 916 aposto-

120 921 170 956 μὲν
185 922 224 957 τῷ
241 922 412 957 ἀποστολικῷ
443 923 534 949 κανόνι
561 923 740 958 ἀφορίζεσθαι
770 931 837 958 φησι
863 923 908 949 τὸν

119 967 244 994 ἐσθίοντα
259 969 287 995 ἐν
303 969 444 1003 καπηλείῳ
461 969 592 1003 κληρικὸν
604 988 611 1000 ,
642 968 689 994 καὶ
708 968 776 1003 μετὰ
799 977 908 1003 παραγ-

119 1014 211 1047 γελίαν
229 1013 266 1048 μὴ
282 1014 483 1048 διορθούμενον,
495 1014 602 1046 πάντως
619 1015 661 1041 διὰ
678 1015 708 1041 τὸ
722 1015 908 1050 μετριώτερον

119 1059 167 1086 τοῦ
182 1060 399 1094 ἁμαρτήματος·
415 1059 459 1086 τὸν
472 1060 500 1086 δὲ
525 1060 688 1095 ἐνεργοῦντα
712 1061 842 1096 κληρικδν
857 1070 908 1088 κα-

120 1104 237 1139 πηλικὸν
249 1105 441 1139 ἐργαστήριον,
455 1105 492 1140 μὴ
511 1105 701 1140 διορθούμενον
718 1107 786 1141 μετὰ
803 1115 911 1141 παραγ-

125 1150 224 1184 γελίαν,
241 1149 432 1185 καθαιρεῖσθαι
448 1159 531 1185 φησιν
542 1151 556 1176 ὁ
573 1151 670 1186 παρὼν
680 1151 780 1185 κανὼν,
801 1153 909 1183 πάντως

122 1196 207 1222 διὰτὸ
225 1195 375 1230 βαρύτερον
400 1195 446 1222 τοῦ
462 1196 670 1232 ἁμαρτήματος.
698 1197 849 1230 Ἀνάγνωθι
876 1198 911 1225 τὰ

123 1241 339 1276 παρα-γραφέντα
356 1243 384 1268 ἐν
411 1242 449 1277 τῷ
465 1242 576 1277 ῥηθέντι
603 1242 639 1269 νδ¹
661 1240 833 1279 ἀποστολικῷ
860 1253 911 1271 κα-

122 1287 190 1320 νόνι,
206 1287 253 1313 καὶ
282 1287 392 1314 συνόδου
422 1287 581 1320 Λαοδικείας
612 1289 712 1315 κανόνα
728 1288 777 1321 κδ’,
802 1290 911 1317 συνόδου

123 1332 305 1368 Καρθαγένης
321 1334 422 1360 κανόνα
442 1332 479 1368 μ’,
506 1334 551 1360 καὶ
569 1334 672 1369 βιϐλίου
689 1334 710 1361 δ’
736 1335 790 1361 τῶν
805 1335 912 1363 Βασιλι-

124 1378 180 1404 κῶν
192 1378 282 1404 τίτλου
307 1381 331 1404 α’
351 1386 415 1412 κεφ.
443 1378 615 1410 τελευταῖον.
640 1379 709 1415 ὅπερ
735 1380 911 1415 κατεστρώθη

123 1424 222 1456 ἔξωθεν
236 1423 283 1450 τοῦ
305 1422 342 1449 λε’
355 1432 416 1458 κεφ.
433 1423 479 1451 τοῦ
491 1423 513 1451 θ’
539 1423 628 1452 τίτλου
640 1425 686 1452 τοῦ
703 1426 835 1460 παρόντος
851 1435 913 1453 συν-

122 1469 275 1503 τάγματος.

161 1515 282 1541 ΖΩΝΑΡ.
299 1515 336 1541 Τὸ
350 1514 422 1550 ἔχειν
447 1515 599 1550 καπηλικὸν
621 1517 802 1553 ἐργαστήριον
817 1518 913 1554 κληρι-

123 1561 172 1587 κδν
188 1561 299 1596 νοητὲον
319 1561 349 1588 τὸ
366 1562 399 1587 δι’
415 1562 513 1588 ἑαυτοῦ
540 1562 662 1597 ἐνεργεῖν
685 1564 768 1590 αὑτὸν
784 1564 814 1590 ἐν
836 1564 912 1599 αὐτῷ

123 1609 171 1634 καὶ
185 1607 342 1643 ὑπηρετεῖν.
372 1609 408 1635 Οὐ
434 1609 488 1644 γὰρ
503 1608 660 1644 εὔσχημον,
686 1609 754 1636 ἀλλὰ
777 1610 823 1636 καὶ
851 1610 912 1638 λίαν

124 1655 198 1679 ἐστὶν
214 1654 336 1689 ἀπρεπὲς
352 1655 382 1680 τὸ
399 1654 550 1689 καπηλείου
572 1654 756 1689 προΐστασθαι
771 1655 910 1691 κληρικὺν,

123 1699 171 1725 καὶ
185 1700 248 1729 τοῦς
266 1700 306 1730 el;
320 1700 385 1725 αὐτὸ
400 1700 535 1730 εἰσιόντας
561 1699 750 1735 ὑποδέχεσθαι,
772 1700 820 1726 καὶ
838 1700 911 1735 βρώ-

124 1753 197 1779 ματα
214 1744 390 1779 παρατιθέναι
402 1745 503 1776 αὐτοῖς,
523 1745 569 1771 καὶ
583 1741 654 1771 οῖιῖον
670 1745 790 1779 ἐγχέειν.
805 1742 841 1781 ᾯ
858 1746 913 1780 γὰρ

122 1791 312 1826 ἀπηγόρευται
327 1792 356 1817 τὸ
364 1791 431 1822 ὅλως
447 1792 485 1821 είς
501 1791 647 1826 καπηλεῖον
657 1791 828 1825 εἰσέρχεσθαι
844 1791 914 1818 κατὰ

122 1837 168 1862 τδν
184 1836 219 1862 νδ¹
237 1836 335 1863 κανόνα
357 1836 412 1862 τῶν
425 1836 510 1870 ἁγίων
525 1837 693 1868 ἀποστόλων,
722 1837 780 1868 πῶς
792 1833 869 1867 οὗτος
885 1838 913 1862 ἐν

123 1882 199 1916 αὑτῷ
213 1881 344 1916 διηνεκῶς
358 1882 433 1907 ἔσται
444 1882 697 1915 ἀναστρεφόμενοςς
713 1881 765 1908 Τόν
788 1890 817 1907 τε
834 1881 913 1907 τοῦτο

123 1927 254 1954 ποιοῦντα
268 1926 284 1961 ἢ
301 1926 435 1953 παύεσθαι
454 1926 576 1961 βούλεται
591 1928 604 1953 ό
623 1926 713 1953 κανὼν
728 1928 744 1961 ἢ
772 1927 912 1962 καθαιρεῖ-

124 1974 198 2001 σθαι.
216 1974 246 2000 Εί
261 1974 289 2000 δέ
304 1982 345 2004 τις
367 1973 496 2008 κληρικὸς
511 1974 615 2000 τοιοῦτο
641 1974 823 2008 ἐργαστήριον
841 1974 910 2009 ἔχων

123 2020 213 2054 ἐτέρῳ
229 2019 294 2046 αὐτὸ
310 2019 487 2054 ἐκμισθώσει,
504 2019 567 2054 περὶ
580 2019 628 2054 τὴν
653 2020 756 2046 οἰκείαν
772 2020 909 2059 κατάστα-

124 2075 167 2092 σιν
184 2066 213 2092 οὐ
230 2065 405 2101 βλαϐήσεται.

960 921 1011 949 lico
1027 922 1167 955 clericum,
1181 924 1227 958 qui
1241 924 1267 951 in
1281 932 1405 959 caupona
1427 926 1554 958 comedit,
1583 932 1609 953 et
1627 932 1688 960 post
1704 927 1754 955 de-

960 968 1158 996 mmtiationem
1193 977 1245 996 non
1279 971 1446 1004 corrigitur,
1476 979 1511 999 eo
1542 972 1653 1000 omnino
1678 974 1750 1008 quod

961 1017 1099 1045 peccatum
1123 1013 1157 1040 sit
1172 1013 1266 1046 levius,
1285 1016 1483 1049 segregandum
1509 1017 1584 1044 dicit.
1610 1016 1747 1045 Clericum

962 1060 1052 1082 autem
1082 1056 1127 1090 qui
1140 1058 1299 1091 cauponiam
1319 1059 1460 1086 tabernam
1478 1064 1599 1093 exercet,
1616 1068 1666 1088 nec
1692 1065 1754 1094 post

962 1101 1192 1129 denuntiationem
1210 1104 1365 1138 corrigitur.
1382 1112 1500 1138 praesens
1512 1112 1611 1139 canon,
1623 1106 1752 1140 quoniam

962 1147 1071 1181 gravius
1085 1148 1195 1175 omnino
1209 1155 1351 1183 peccatum
1371 1155 1422 1183 est,
1450 1151 1515 1178 dicit
1536 1159 1598 1178 esse
1617 1153 1756 1186 deponen-

963 1192 1037 1219 dum.
1056 1193 1125 1228 Lege
1142 1202 1201 1228 quae
1225 1195 1340 1230 ascripta
1370 1201 1434 1223 sunt
1452 1197 1478 1224 in
1495 1198 1568 1225 dicto
1587 1198 1756 1233 quinquage-

963 1238 1032 1265 simo
1050 1243 1147 1273 quarto
1166 1247 1271 1267 canone
1287 1242 1448 1278 apostolico,
1468 1248 1495 1270 et
1519 1244 1613 1278 synodi
1639 1244 1750 1272 Laodic.

963 1291 1025 1310 can.
1042 1283 1077 1311 Ἃ
1091 1285 1186 1319 synod.
1202 1286 1295 1313 Carth.
1315 1295 1418 1315 canone
1433 1288 1468 1315 40
1485 1294 1511 1316 ει
1535 1289 1552 1316 4
1568 1288 1627 1316 libri
1644 1289 1754 1316 Basilio.

964 1329 1006 1356 tit.
1025 1330 1103 1364 primi
1122 1338 1182 1365 cap.
1201 1332 1322 1359 ultimmn
1339 1334 1409 1367 quod
1426 1340 1503 1361 crura
1522 1335 1556 1361 35
1576 1341 1638 1369 cap.
1654 1335 1670 1362 9
1701 1336 1745 1362 tit.

963 1375 1103 1408 prtesentis
1115 1376 1214 1411 operis,
1231 1377 1348 1412 positum
1364 1384 1414 1406 est.

999 1518 1126 1546 ZONAR.
1143 1518 1220 1552 Quod
1235 1519 1394 1554 cauponiam
1411 1519 1518 1546 domum
1538 1520 1638 1548 habere
1660 1521 1753 1549 clerici

966 1564 1016 1591 hoc
1031 1571 1134 1590 canone
1149 1564 1336 1598 prohibentur,
1353 1564 1378 1591 id
1396 1564 1432 1591 ita
1448 1565 1637 1599 accipiendum
1650 1571 1701 1598 est,
1726 1572 1756 1593 ut

965 1609 1003 1635 eis
1018 1607 1140 1635 videlicet
1154 1615 1251 1643 operas
1267 1609 1292 1635 in
1309 1616 1431 1643 caupona
1457 1609 1556 1639 locare.
1571 1609 1683 1644 ejusque
1704 1612 1755 1637 rui-

965 1653 1084 1681 nisteriis
1099 1652 1235 1680 inservire
1248 1661 1280 1680 ne
1296 1654 1385 1681 liceat.
1405 1653 1495 1689 Turpe
1514 1654 1657 1689 siquidem,
1674 1660 1756 1690 atque

962 1699 996 1725 ab
1013 1698 1116 1725 ordinis
1128 1699 1259 1734 dignitate
1272 1699 1445 1726 vehementer
1455 1700 1584 1732 alienum,
1596 1702 1755 1728 exercenda:

963 1752 1092 1778 caupome
1113 1744 1243 1772 clericum
1260 1745 1417 1779 praesidere,
1445 1746 1612 1780 cxcipieudis
1637 1747 1754 1774 immini-

963 1791 1024 1823 hus,
1040 1791 1206 1825 opponendi:
1223 1790 1334 1818 ferculis
1356 1795 1455 1826 prmsto
1476 1799 1546 1824 esse,
1565 1793 1755 1828 pincermeque

963 1837 1164 1871 quodammodo
1179 1844 1290 1871 operam
1310 1844 1342 1864 ac
1362 1838 1512 1865 ministeria
1533 1838 1684 1873 hospitibus
1702 1848 1753 1866 ex-

967 1883 1069 1909 hibere.
1086 1881 1134 1909 Cui
1151 1882 1223 1910 enim
1241 1887 1269 1909 ut
1290 1882 1438 1917 apostolico
1460 1891 1565 1910 canone
1585 1885 1752 1919 quinquage-

964 1927 1035 1953 simo
1058 1932 1156 1964 quarto
1181 1927 1272 1954 videre
1298 1932 1352 1961 est,
1381 1928 1413 1954 ad
1443 1936 1596 1963 cauponam
1622 1930 1755 1956 divertere

964 1973 1076 2000 omnino
1096 1979 1148 1999 non
1165 1973 1338 2007 permissum,
1357 1981 1411 2007 quo
1426 1979 1504 2007 pacto
1519 1973 1578 2000 talis
1605 1974 1630 2000 in
1648 1982 1680 2001 eo
1693 1982 1754 2008 per-

962 2023 1043 2053 petuo
1073 2018 1243 2045 versabitur?
1272 2018 1321 2051 Qui
1350 2019 1431 2053 igitur
1453 2020 1479 2046 id
1505 2020 1610 2052 fecerit,
1642 2026 1688 2047 aut
1721 2023 1754 2048 ab

961 2071 994 2091 co
1011 2064 1133 2091 instituto
1151 2071 1270 2096 cessare,
1285 2070 1331 2090 aut
1345 2064 1514 2098 depositione
1532 2066 1639 2092 multari
1667 2074 1753 2093 canon

120 2113 208 2147 jubet.
227 2113 338 2140 Domum
355 2118 443 2140 tamen
483 2112 613 2146 ejusmodi
642 2113 751 2146 habere,
776 2120 808 2140 ac
849 2112 939 2140 locare
957 2112 1044 2144 alteri,
1067 2111 1173 2139 clericis
1194 2118 1301 2146 quoque
1319 2112 1377 2139 sine
1400 2113 1452 2138 ulla
1480 2112 1622 2147 dignitatis
1645 2113 1751 2148 jactura

121 2166 280 2187 concessum
296 2162 347 2185 est.

123 2207 235 2234 ΛΡΙΣΤ.
266 2215 276 2232 ς
297 2206 328 2232 Εἰ
344 2204 493 2232 είσιέναιέν
507 2203 645 2239 καπηλείῳ
661 2203 811 2231 κεκώλυται
826 2203 909 2239 κληριι

973 2204 1084 2232 ARIST.
1115 2213 1124 2230 ι
1147 2204 1175 2231 Si
1197 2211 1345 2238 cauponam
1368 2203 1470 2239 ingredi
1500 2205 1657 2238 prohibetur
1677 2206 1756 2234 cleri-

162 2262 170 2278 ι
192 2253 249 2284 κὸς,
277 2252 322 2278 καὶ
337 2251 410 2286 ἔχειν
435 2249 622 2285 κωλυθήσεται
647 2249 748 2283 μᾶλλον
760 2257 767 2265 ⁸
785 2249 802 2284 ἢ
819 2249 910 2276 τοίνυν

163 2309 172 2325 ι
193 2298 386 2332 παυθήσονται,
399 2296 416 2331 ἢ
429 2294 686 2331 καθαιρεθήσονται.
709 2303 719 2320 t

158 2345 215 2371 Οὐκ
227 2334 313 2376 ἔξεστι
326 2342 455 2378 κληρικὺν
470 2341 621 2377 καπη).ικ)ιν
633 2342 814 2376 ἐργαστήριον
824 2341 906 2376 ἔχειν,

122 2392 170 2418 καὶ
184 2391 304 2426 ἐνεργεῖν
319 2389 347 2415 ἐν
373 2388 465 2423 αὐτῷ·
491 2388 516 2413 εί
540 2388 592 2422 γὰρ
609 2387 761 2413 κεκώλυται
785 2388 813 2413 ἐν
831 2387 910 2413 ἀλλο-

121 2437 190 2472 τρίῳ
200 2435 340 2470 καπηλείῳ
357 2433 540 2469 εἰσέρχεο-θαι,
556 2434 579 2459 εί
598 2433 636 2468 μὴ
651 2432 684 2459 δι’
695 2433 818 2468 ἀνάγκην
829 2432 910 2459 τοῦτο

122 2484 241 2518 ποιήσει,
259 2481 348 2515 πολλῷ
365 2480 445 2506 πλέον
456 2480 527 2514 ἔχειν
538 2480 619 2506 αὑτὸν
630 2479 775 2513 καπηλεῖον
786 2479 817 2505 οὺ
845 2479 909 2514 χρὴ,

122 2531 171 2558 καὶ
185 2529 276 2559 ἄλλοις
292 2529 320 2554 ἐν
341 2527 428 2563 τούτῳ
444 2528 588 2554 διακονεῖν.
612 2527 641 2553 '0
655 2527 683 2553 δὲ
697 2525 805 2560 τολμῶν
829 2525 908 2552 τοῦτο

1003 2260 1012 2276 ι
1033 2258 1090 2281 cus.
1105 2255 1133 2277 et
1149 2251 1248 2277 habere
1266 2250 1351 2284 magis
1373 2250 1560 2284 prohibebitur
1577 2260 1583 2278 :
1600 2252 1640 2279 vel
1664 2253 1754 2288 itaque

1004 2306 1013 2321 ι
1032 2296 1173 2328 desistunt,
1191 2296 1234 2322 vel
1249 2296 1428 2330 deportantur.

1001 2341 1058 2368 Non
1075 2341 1135 2368 licet
1148 2341 1247 2368 clerico
1265 2336 1579 2375 caupouarianrhabere
1606 2343 1753 2377 ofﬁcinam,

963 2393 991 2414 et
1005 2388 1033 2414 in
1047 2395 1078 2413 ea
1097 2387 1216 2421 operari.
1245 2386 1272 2413 Si
1299 2388 1371 2413 enim
1396 2387 1509 2415 alti-rius
1541 2396 1690 2423 cauponam
1712 2392 1754 2418 in-

963 2434 1036 2468 grcdi
1053 2433 1220 2467 prohibetur,
1236 2433 1286 2459 nisi
1306 2432 1418 2460 forsitan
1436 2433 1470 2460 ob
1488 2436 1674 2463 necessitatem
1689 2437 1753 2464 illud

964 2479 1084 2506 feCerit:
1121 2478 1205 2505 multo
1235 2478 1320 2512 magis
1355 2486 1416 2505 eum
1445 2479 1525 2514 168
1558 2481 1657 2508 habere
1690 2489 1755 2508 cau-

962 2532 1058 2559 ponam
1077 2529 1104 2551 et
1124 2524 1184 2551 aliis
1204 2526 1231 2551 in
1256 2531 1287 2550 ea
1305 2524 1459 2552 ministrare
1481 2533 1534 2552 non
1567 2531 1685 2561 oportet.
1702 2527 1752 2559 Qui

721 2597 823 2629 Guill.
844 2594 1011 2635 Beveregii
1030 2598 1123 2626 nota).

116 2666 244 2700 6-;cplxvz,
261 2664 277 2698 ἢ
291 2664 479 2698 πρακεορικέις
495 2662 644 2700 ἐνεργείας,
658 2662 674 2697 ἢ
690 2659 900 2700 κοιέρατὼρειας

117 2696 183 2731 ﬁt};
206 2696 353 2733 κληρικὸὺς
376 2696 546 2733 ἐπισκήπτει
568 2697 611 2723 διὰ
640 2696 834 2731 σημειώματος
863 2696 900 2731 μὴ

118 2732 309 2769 ἀναδέχεσθαι.
328 2733 492 2769 Patriam/ra
524 2732 608 2769 Lucus
633 2732 900 2769 etiurirseplnxiarina

118 2767 249 2805 ofﬁcinas,
262 2773 308 2794 aut
323 2768 472 2805 balnearia}
485 2777 500 2793 ιι
512 2767 721 2805 είρνίεἱε-ειιινανί
744 2775 789 2798 per
817 2767 904 2805 adno-

118 2801 246 2834 tationem
264 2804 365 2830 vetuit:
381 2803 460 2828 veluti
479 2810 536 2836 qua:
556 2803 626 2835 turpi
639 2802 712 2828 lucro
724 2805 749 2828 et
766 2801 902 2827 nmuluciu

121 2841 285 2867 occasionem
300 2838 426 2872 prwbeul.
453 2836 591 2863 Interdicil
617 2837 694 2862 etiam
712 2838 844 2867 (Iinrouis,
874 2843 904 2861 ne

955 2659 1112 2687 medicinam
1129 2659 1252 2693 faciant;
1267 2664 1291 2687 ει
1305 2661 1479 2694 scgregationi
1512 2660 1619 2693 subjici!
1640 2659 1750 2688 clericos

956 2696 1002 2730 qui
1020 2694 1157 2721 mundana
1173 2693 1468 2730 prulllicaque’rniegolia
1498 2698 1624 2730 lraclqnl.
1654 2693 1751 2722 Itidem

957 2728 1112 2763 palriarclta
1131 2729 1243 2756 Michael
1272 2729 1448 2755 Anchiuhnua
1480 2737 1525 2760 per
1548 2728 1750 2757 adnotationem

963 2766 1084 2796 mandat,
1099 2769 1127 2790 ut
1144 2764 1233 2790 clerici
1245 2764 1328 2797 omnia
1360 2764 1512 2792 swcularia.
1532 2763 1569 2789 vel
1595 2769 1750 2792 exartorum

963 2800 1065 2830 nmnia,
1083 2799 1123 2826 rel
1136 2805 1291 2835 curator-um
1320 2805 1374 2835 110i!
1402 2798 1561 2831 suscipiant.
1582 2798 1750 2835 Harmenoy.

961 2834 1034 2868 Epit.
1052 2842 1113 2861 can.
1130 2837 1198 2860 sect.
1216 2833 1231 2859 5
1263 2832 1342 2859 “1.2.
