1941 3093
212 121 264 154 559
833 117 882 146 ΤΙῖ
888 116 969 146 EOD.
993 117 1036 145 BA
1042 115 1190 145 LSAMON’
1769 104 1826 138 5ἶο

175 196 179 201 ι
208 177 264 204 sine
277 177 433 212 oﬁ'ena‘irulo
450 179 531 202 estote
546 179 567 201 et
581 173 682 200 Iudicis
706 178 729 200 et
746 173 863 203 'Gnrcis,
889 178 913 200 et
932 172 983 199 Ec-
998 194 1003 202 ,

1088 184 1101 202 ι,
1123 171 1205 206 φησιν
1229 170 1244 195 ὸ
1263 169 1333 200 θεῖος
1361 167 1531 198 Ἀπόστολος,
1555 165 1599 197 εις
1628 162 1722 195 δόξαν
1746 161 1828 190 Θεοῦ

210 225 295 251 claim
314 225 370 256 Dei,
384 222 601 256 quemadmodum
625 225 649 248 et
673 228 718 255 ego
734 228 778 254 per
800 220 888 246 omnia
906 220 990 245 onmi-

1088 219 1162 248 ιεῖτε.
1187 217 1375 250 ἀπρόσκοποι
1392 215 1513 248 τΙνεσοε
1525 212 1574 239 καὶ
1589 211 1743 242 Ἰουδαίοις
1769 209 1823 235 καὶ

211 271 257 296 bus
271 271 370 302 platea,
388 277 438 295 non
457 276 538 295 meam
553 276 671 302 qureret);
687 266 844 297 utilitatem,
864 267 907 292 sed
926 265 993 291 mul-

1088 266 1175 297 ιλησι
1187 263 1235 290 καὶ
1250 261 1286 296 τῇ
1311 260 1474 294 Ἐκκλησίᾳ
1489 259 1541 285 τοῦ
1559 257 1642 289 Θεοῦ,
1658 255 1754 288 καθὼς
1767 254 1829 302 ἐντὶ)

202 306 307 346 ltorum,
337 320 364 341 ut
396 318 539 340 serventur.
556 314 633 348 171
651 314 801 341 lmitatores
832 313 882 338 mei
901 317 991 342 estote,

1088 317 1141 335 rm
1165 307 1259 334 πᾶσιν
1294 305 1422 340 ἀρέσκω,
1450 305 1491 339 μὴ
1519 302 1612 337 ζητῶν
1637 302 1670 328 τὸ
1691 301 1828 336 ἐμαυτοῦ

201 363 280 388 (stout
310 369 356 396 ego
383 368 441 386 sum
471 360 581 387 Christi.
599 359 757 394 Episcopum
767 358 869 387 autem.
885 357 930 392 qui
943 357 993 383 hoc

1088 355 1212 388 ussépor,
1222 353 1300 380 ἀλλὰ
1310 351 1369 379 τῶν
1382 350 1512 394 πολλῶν,
1527 350 1576 376 ἵνα
1586 348 1714 375 σωθῶσι.
1727 349 1810 380 Μιμη
1819 361 1829 366 -

201 408 318 439 lfecerit.
346 412 373 433 et
394 412 453 441 post
470 407 666 434 ordinationem
681 405 714 432 ad
729 406 909 439 episcopatum
932 409 992 428 cuin

1088 402 1090 408 '
1097 409 1159 439 μου,
1167 400 1297 433 γίνεσθε,
1313 397 1410 429 καθὼς
1419 392 1477 431 ἐγὼ
1489 395 1629 429 Χριστοῦ.
1638 394 1689 420 Τὸν
1703 393 1732 420 δὲ
1745 392 1829 419 τοῦτο

199 459 259 481 tsua
282 438 445 482 habitaverit
461 460 554 484 uxore,
569 452 664 486 deponi
678 452 763 486 jubet.
820 438 827 439 ί

1088 438 1200 472 ἂσσοντα
1214 444 1373 476 ἐπίσκοπον,
1390 443 1436 469 καὶ
1449 441 1517 477 μετὰ
1531 441 1580 475 τὴν
1594 440 1762 475 χειροτονίαν
1775 438 1831 472 τῆς

501 579 615 608 CANON
632 578 703 606 Xlll.

215 637 224 653 1
243 627 375 660 Quoniam
390 626 518 653 Romanre
531 625 657 652 Ecrlesia:
680 631 727 658 pro
740 631 843 651 canone
859 623 988 650 traditum

251 684 259 700 1
278 681 341 701 esse
354 673 540 707 cognovimus.
558 676 586 697 ut
599 671 703 697 diaconi
720 670 762 697 vel
778 669 938 704 presbyteri,
949 669 993 703 qui

251 728 261 744 1
281 724 310 745 ut
322 718 481 745 ordinentur
497 716 568 750 digni
582 715 751 743 existimandi
765 719 837 747 sunt,
852 715 994 749 profitean-

252 773 260 788 1
281 768 324 790 tur
345 770 376 790 se
391 769 444 789 non
460 762 575 796 amplius
601 761 659 788 suis
675 761 804 787 uxoribus
827 760 994 795 conjungen-

218 811 221 815 '
249 800 260 834 ‘1
283 809 332 836 dos
353 817 360 835 :
378 815 427 835 nos
443 808 582 841 antiquum
598 814 729 833 cntionem
755 806 908 841 apostolica:
934 814 994 841 per-

251 863 260 879 1
280 853 404 880 lectionis
430 852 585 886 ordinisqne
609 857 772 882 servantes,
802 851 939 878 hominum
967 851 993 878 in
1010 843 1031 873 Β

252 910 260 925 1
282 899 368 926 sacris
382 898 523 925 ordinibus
540 897 659 932 legitima
676 898 800 933 conjugia
821 898 950 933 deinceps
962 905 994 925 ex

252 955 261 970 1
281 945 332 972 hoc
349 945 476 979 temporis
491 948 626 971 momento
651 944 728 971 lirma
757 950 785 971 et
805 944 913 972 stabilia
936 951 996 971 esse

255 1000 263 1016 1
283 990 417 1023 volumus,
434 997 603 1024 nequaquam
614 997 706 1017 eorum
720 996 779 1016 cum
795 989 923 1016 uxoribus
933 997 996 1016 con-

236 1027 262 1061 ἰ
280 1035 448 1070 junctiOnein
462 1035 647 1067 dissolvenles,
661 1034 758 1062 veleos
772 1039 863 1061 mutua
878 1040 997 1068 tempore

253 1081 448 1108 1convcnienti
482 1081 675 1107 consuetudine
708 1081 856 1115 privantes.
898 1080 997 1114 Quam-

254 1136 264 1152 1
284 1126 377 1153 obmn
392 1127 413 1153 si
428 1126 490 1161 quis
498 1127 593 1161 dignus
606 1126 732 1154 inventus
747 1126 837 1159 fuerit,
854 1126 899 1160 qui
914 1127 997 1161 hypo-

253 1181 262 1198 1
281 1173 409 1200 diaconus
423 1173 464 1199 vel
480 1173 610 1200 diaconus
622 1173 662 1200 vel
678 1173 822 1208 presbyter
845 1173 994 1204 ordinetur,

255 1226 264 1242 1
285 1217 307 1244 is
324 1218 355 1244 ad
373 1218 453 1244 talem
473 1219 585 1252 gradum
600 1219 700 1246 assumi
718 1225 886 1253 nequaquam
908 1218 998 1253 prohi-

253 1273 263 1288 1
283 1263 389 1296 beatur,
415 1265 437 1290 si
451 1272 511 1291 cum
528 1264 646 1300 legitima
663 1272 747 1292 uxore
766 1265 913 1292 cohabitet.
944 1263 996 1291 Sed

253 1319 263 1334 1
283 1317 372 1344 neque
386 1310 565 1337 ordinationis
590 1314 712 1344 tempore
727 1309 763 1337 ab
787 1317 820 1337 eo
837 1309 997 1344 postuletur,

255 1364 264 1380 1
285 1361 313 1382 ut
326 1355 486 1390 proﬁteatur
498 1363 528 1382 se
546 1363 562 1382 a
578 1355 695 1390 legitima
711 1363 772 1382 cum
786 1359 1000 1383 nxore'consue-

255 1410 265 1426 1
287 1402 378 1428 tudine
388 1401 572 1430 absteutt'rutn
590 1411 596 1428 :
611 1408 648 1428 ne
662 1409 694 1428 ex
709 1408 740 1428 eo
754 1408 769 1428 a
789 1401 843 1428 Deo
866 1402 997 1428 constitu-

254 1457 265 1472 1
289 1452 329 1474 tas
345 1454 371 1474 et
386 1455 432 1474 sua
445 1448 597 1482 prmstantia
615 1447 770 1474 benedictae
786 1447 998 1483 nuptiasinjuria

258 1503 269 1519 1
291 1493 396 1521 allicere
413 1501 553 1527 cogantur,
569 1493 728 1529 Evangeiica
743 1501 808 1521 voce
821 1495 998 1527 exclamante,
1013 1514 1034 1542 C

256 1548 266 1565 1
287 1538 352 1571 Qum
376 1538 446 1565 Deus
468 1538 616 1571 coniunxit,
639 1541 716 1565 homo
743 1547 774 1565 ne
799 1545 898 1573 separet
916 1539 955 1567 ⁷¹;
972 1546 1000 1566 et

259 1594 268 1609 1
289 1584 418 1618 Apostolo
433 1586 555 1617 decente,
577 1585 752 1612 Honorabiles
766 1585 883 1619 nuptias,
904 1590 927 1612 et
958 1590 1000 1612 to-

257 1639 267 1655 1
287 1638 346 1656 rum
359 1630 557 1656 immaculatum
572 1630 595 1645 "
608 1639 616 1664 ;
631 1635 669 1662 et,
683 1630 814 1664 Alligatus
827 1638 852 1657 es
869 1638 955 1663 uzon,
970 1639 1001 1658 ne

258 1684 267 1700 1
288 1683 376 1710 quare
390 1675 542 1702 solutionem
552 1675 587 1702 ⁷⁷.
602 1676 707 1703 Scimus
718 1682 820 1708 autem,
835 1682 907 1703 Sicut
918 1681 944 1702 et
955 1677 1001 1710 qui

260 1721 452 1755 carthagine
477 1726 676 1754 convenerunt,
701 1716 887 1748 ministrorum
912 1721 1001 1756 gravi-

258 1776 267 1792 1
288 1767 351 1794 tatis
364 1767 567 1801 honestatisque
587 1773 688 1805 curam-
703 1771 839 1801 gerentes,
863 1767 1000 1799 dixerunt,

259 1823 268 1838 1
290 1818 318 1840 ut
334 1812 503 1844 subdiaconi,
523 1812 568 1847 qui
584 1818 661 1839 saera
679 1813 805 1848 mysteria
822 1817 1002 1845 contrectant,

263 1868 272 1884 1
293 1864 320 1886 et
346 1858 451 1886 diaconi
475 1863 503 1886 et
528 1859 690 1894 presbyteri,
707 1858 825 1893 propriis
851 1859 1003 1886 terminisa

260 1915 269 1931 1
288 1905 459 1932 consortibus
477 1904 641 1932 abstineant.
659 1903 693 1932 Ut
708 1901 735 1931 et
754 1905 824 1938 quod
836 1911 882 1940 per
899 1910 1005 1939 aposto-

260 1961 270 1977 1
292 1952 330 1978 los
348 1951 473 1978 traditum
487 1956 540 1985 est,
550 1956 584 1978 et
597 1952 630 1979 ab
650 1951 709 1986 ipsa
732 1959 819 1985 usque
844 1952 1006 1987 antiquitate

263 2007 273 2023 1
294 2002 447 2029 servatum,
477 2004 525 2023 nos
553 2004 660 2030 quoque
691 1996 815 2024 similiter
846 2004 1004 2029 servemus,

260 2052 269 2068 1
290 2049 395 2077 tempus
409 2043 435 2069 in
452 2043 524 2070 omni
540 2050 567 2069 re
583 2043 711 2075 scientes,
727 2048 755 2069 et
776 2043 891 2069 maxime
919 2043 943 2068 in
967 2041 1006 2076 je-

263 2099 272 2114 1
290 2089 366 2123 junio
377 2094 401 2115 et
418 2089 547 2115 oratione.
566 2087 678 2122 Oportet
693 2087 764 2115 enim
783 2095 830 2115 eos
848 2088 892 2122 qui
914 2086 1006 2125 divino

263 2143 271 2159 1
294 2133 372 2160 altari
401 2133 539 2165 assident,
565 2133 593 2159 in
621 2137 777 2160 sanctorum
806 2133 1006 2159 tractandorum

263 2191 272 2207 1
292 2185 415 2214 tempore
429 2186 490 2206 esse
507 2179 618 2206 omnino
641 2179 824 2212 continentes,
851 2183 878 2205 ut
903 2179 1007 2213 possint
1023 2179 1045 2208 ι)

262 2236 272 2252 1
291 2227 328 2258 id,
343 2225 415 2260 quod
439 2234 454 2251 ιι
477 2223 532 2252 Deo
554 2224 715 2257 simpliciter
737 2229 843 2259 petunt,
872 2224 1006 2251 obtinere.

258 2281 273 2297 -1
295 2271 324 2298 Si
342 2272 403 2305 quis
415 2278 478 2304 ergo
492 2274 590 2304 prater
606 2269 766 2304 apostolicos
782 2270 917 2301 ‘canones,
941 2269 1008 2296 inci—

263 2327 274 2343 1
295 2322 366 2344 tatus
388 2317 424 2343 sit
449 2316 567 2348 aliquem
593 2323 686 2342 eorum
710 2315 755 2350 qui
771 2319 834 2342 sunt
859 2316 885 2342 in
910 2316 1008 2347 sacris,

268 2373 278 2390 1
297 2363 529 2398 presbyterorum,
551 2362 700 2396 inquimus,
716 2362 757 2388 vel
771 2361 946 2388 diaconorum
966 2361 1009 2388 vel

259 2418 274 2434 -1
296 2408 546 2443 bypodiaconorum
571 2407 762 2441 conjunctione
793 2414 854 2434 cum
889 2407 1008 2442 legitima

265 2464 276 2480 1
294 2462 378 2482 uxore
392 2459 419 2481 et
435 2453 631 2481 eonsnetndine
646 2454 764 2488 privare,
779 2454 942 2488 deponatur.
966 2453 1010 2479 Si-

268 2511 278 2527 1
296 2501 400 2528 militer
410 2505 441 2527 et
458 2500 481 2527 si
500 2499 560 2533 quis
575 2499 715 2534 presbyter
737 2498 778 2526 vel
794 2499 922 2525 diaconus
936 2505 1011 2525 suam

265 2556 274 2572 1
293 2553 403 2574 uxorem
419 2545 529 2580 pietatis
547 2549 678 2579 praetextu
694 2544 816 2578 eiecerit,
834 2548 989 2578 ses-regetur
1004 2551 1010 2568 :

262 2602 276 2619 τι
295 2592 361 2620 etsi
377 2596 542 2626 perseveret,
560 2593 718 2625 deponatur.
736 2598 745 2615 ι

1043 491 1199 526 ἐπισκοπῆς
1215 492 1248 525 τῇ
1271 491 1326 526 ίδὶᾳ
1350 484 1455 524 γαμετῇ
1471 487 1656 518 συνοικοῦντα,
1681 485 1831 521 καθαιρεῖ-

1045 539 1110 565 σθαι
1121 538 1296 573 προστάττει.

1054 612 1057 614 .
1339 581 1456 608 ΚΛΝΩΝ
1480 579 1529 607 ll".

1046 640 1054 656 1
1083 629 1191 664 Ἐπειδὴ
1206 629 1233 655 ἐν
1255 629 1287 663 τῇ
1307 627 1449 662 Ῥωμαίων
1471 626 1618 661 Ἐκκλησία
1634 626 1662 651 ὲν
1678 624 1754 657 τάξει
1777 632 1832 649 κα-

1081 684 1090 700 1
1113 675 1188 705 νόνος
1207 673 1406 709 παραδεδόσθω
1431 673 1581 707 διέγνωμεν
1602 671 1664 702 τοὺς
1679 671 1833 705 μέλλοντας

1083 730 1091 746 1
1116 721 1242 747 διακόνου
1259 720 1275 753 ἢ
1294 719 1478 760 πρεσόυτέρρυ
1498 717 1665 753 χειροτονίας
1683 715 1832 750 ἀξιοῦσθαι

1081 775 1092 792 1
1117 765 1311 804 καθομολογεῖν
1327 764 1363 796 ὡς
1379 764 1470 791 οὐκέτι
1492 764 1552 794 ταῖς
1567 762 1657 789 αὐτῶν
1675 761 1832 788 συνάπτον-

1084 821 1092 837 1
1115 821 1161 839 ται
1189 812 1338 847 γαμεταῖς·
1365 811 1447 845 ἡμεῖς
1474 809 1512 845 τῷ
1538 808 1644 844 ἀρχαίῳ
1684 803 1834 841 {aduolau—

1084 868 1093 883 1
1120 858 1230 889 θοῦντες
1245 857 1339 883 κανόνι
1360 856 1409 891 τῆς
1422 855 1602 890 ἁποστολικῆς
1623 853 1767 889 ἀκριϐείας
1783 853 1835 880 καὶ

1087 913 1095 929 ι
1123 903 1226 936 τάξεως
1257 903 1292 930 τὰ
1320 902 1373 929 τῶν
1398 901 1480 938 ιερῶν
1506 900 1611 936 ἀνδρῶν
1634 899 1705 927 κατὰ
1730 898 1834 933 νόμους

1085 959 1093 974 ι
1119 949 1274 976 συνοικέσια
1299 948 1345 975 καὶ
1368 947 1421 974 ἀπὸ
1446 946 1492 973 τοῦ
1508 945 1556 972 νῦν
1579 944 1719 981 ἐρρῶσθαι
1739 943 1835 978 βουλό-

1087 1002 1095 1019 1
1120 993 1202 1027 μεθα,
1219 992 1352 1028 μηδαμῶς
1364 991 1454 1019 αὐτῶν
1467 991 1515 1026 τὴν
1537 990 1604 1026 πρὸς
1624 989 1748 1024 γαμετὰς
1768 997 1833 1014 συν-

1085 1049 1094 1066 1
1118 1040 1216 1074 ἁφειαν
1232 1038 1396 1071 διαλύοντες,
1412 1038 1429 1073 ἢ
1444 1036 1656 1072 ἀποστεροῦντες
1670 1035 1767 1066 αὐτοὺς
1783 1035 1834 1068 τῆς

1087 1097 1094 1113 ι
1119 1087 1187 1122 πρὸς
1212 1085 1342 1121 ἀλλήλους
1368 1084 1439 1112 κατὰ
1465 1083 1561 1118 καιρὸν
1585 1082 1630 1109 τὸν
1657 1082 1835 1116 προσήκοντα

1085 1143 1094 1159 ι
1117 1133 1224 1168 ὁμιλίας
1235 1141 1241 1147 ·
1252 1132 1332 1163 ὥστε,
1342 1131 1368 1157 el
1381 1139 1422 1163 τις
1439 1129 1512 1162 ἄξιος
1525 1128 1649 1164 εὑρεθείη
1659 1127 1728 1162 πρὸς
1741 1135 1837 1161 χειρο-

1085 1190 1095 1205 1
1117 1180 1208 1206 τονίαν
1229 1177 1403 1205 ὑποδιακόνου
1418 1177 1434 1212 ἢ
1451 1175 1575 1203 διακόνου
1590 1175 1607 1210 ἢ
1627 1174 1836 1210 πρεσϐυτέρου,

1086 1235 1095 1252 1
1117 1223 1193 1256 οὗτος
1215 1225 1347 1260 μηδαμῶς
1367 1222 1512 1249 κωλυέσθω
1532 1222 1578 1248 ἐπὶ
1593 1220 1713 1248 τοιοῦτον
1729 1219 1838 1254 βαθμὸν

1087 1282 1096 1298 1
1119 1271 1325 1306 ὲμϐιὸἀζεσθαι,
1342 1270 1448 1304 γαμετῇ
1465 1263 1595 1295 συνοιῖιῶν
1620 1267 1744 1301 νομίμῳ·
1765 1267 1838 1300 μήτε

1087 1328 1095 1343 1
1121 1319 1175 1353 μῆν
1192 1319 1219 1343 ὲν
1239 1317 1277 1352 τῷ
1299 1317 1348 1351 τῆς
1371 1315 1537 1352 χειροτονίας
1552 1313 1640 1348 καιρῷ
1664 1311 1840 1339 ἀπαιτεῖσθὼ

1088 1373 1097 1389 1
1119 1363 1274 1398 ὁμολλογεῖν
1283 1363 1319 1394 ὡς
1327 1361 1572 1397 ἀποστήσεταιὰπὸ
1583 1360 1631 1394 τῆς
1641 1359 1756 1393 νομίμου
1768 1358 1840 1392 πρὸς

1089 1419 1097 1435 1
1122 1409 1172 1444 τὴν
1187 1409 1291 1435 οίὶιείαν
1312 1407 1435 1442 γαμετὴν
1454 1406 1576 1442 ὁμιλίαςο
1597 1405 1640 1431 ἴνα
1656 1406 1692 1440 μὴ
1710 1405 1841 1431 ὲντεῦοεν

1093 1464 1100 1481 ι
1127 1455 1167 1481 τὶν
1181 1455 1212 1481 ἐκ
1228 1453 1296 1480 Θεοῦ
1319 1452 1552 1488 νομοθετηθέντα,
1583 1451 1630 1478 καὶ
1654 1450 1842 1484 εὐλογηθέντα

1090 1510 1099 1526 1
1122 1502 1153 1535 τῇ
1169 1499 1250 1527 αὐτοῦ
1275 1499 1410 1534 παρουσίᾳ
1432 1499 1529 1534 γάμον,
1552 1497 1727 1531 καθυϐρίζειν
1741 1496 1843 1522 ἐκϐια-

1088 1554 1097 1570 1
1123 1545 1249 1580 σθῶμεν,
1276 1546 1324 1580 τῆς
1350 1544 1397 1571 τοῦ
1417 1544 1583 1578 Εὐαγγελίου
1606 1543 1697 1577 φωνῆς
1720 1542 1841 1577 βοὼσης·

1089 1599 1099 1616 1
1125 1591 1156 1619 Ἃ
1173 1592 1189 1617 ὀ
1210 1591 1280 1623 Θεὸς
1296 1589 1426 1621 ἔζευξεν,
1445 1589 1601 1623 ἅνθρωπος
1619 1588 1662 1623 μὴ
1685 1586 1841 1622 χωριζὲτω.

1090 1648 1098 1664 ι
1121 1638 1176 1665 Καὶ
1185 1637 1232 1664 τοῦ
1246 1636 1406 1663 ’Δποστόλου
1417 1636 1600 1666 διδάσκοντος·
1615 1636 1714 1670 Τίμιον
1722 1635 1772 1661 τὸν
1788 1634 1843 1667 γά-

1090 1693 1099 1710 ι
1119 1692 1187 1718 μον,
1207 1683 1256 1710 καί
1273 1683 1329 1716 τὴν
1343 1683 1447 1716 κοίτην
1458 1682 1603 1717 ἀμίαντον
1616 1689 1623 1696 ·
1641 1682 1688 1708 καὶ
1714 1681 1841 1707 Δέδεσαι

1089 1740 1098 1757 1
1120 1731 1248 1764 γυναικὶ,
1267 1730 1309 1764 μὴ
1326 1729 1402 1762 ζήτει
1428 1730 1531 1756 λύσιν.
1562 1729 1655 1764 Ἴσμεν
1676 1729 1715 1759 δὲ,
1743 1728 1843 1762 ὥσπερ

1091 1786 1100 1802 1
1123 1777 1170 1803 καὶ
1193 1776 1218 1802 οἰ
1241 1777 1268 1802 ὲν
1288 1775 1451 1810 Καρθαγένῃ
1473 1775 1661 1806 συνελθόντες,
1677 1775 1725 1808 τῆς
1742 1775 1771 1800 ὲν
1790 1775 1842 1807 βίῃ

1092 1831 1101 1848 1
1126 1822 1288 1856 σεμνότητος
1298 1821 1352 1847 τῶν
1367 1821 1534 1855 λειτουργῶν
1545 1820 1681 1854 τιθέμενοι
1698 1821 1841 1854 πρόνοιαν,

1093 1876 1101 1891 1
1113 1866 1240 1900 ἔφασαν,
1261 1866 1331 1892 ὥστε
1348 1866 1411 1896 τοὺς
1431 1865 1635 1897 ὑποδιακόνους,
1651 1865 1713 1895 τοὺς
1728 1866 1764 1891 τὰ
1781 1866 1845 1899 ἱερὰ

1092 1923 1101 1938 1
1126 1913 1264 1947 μυστήρια
1276 1912 1471 1947 ψηλαφῶντας,
1489 1912 1536 1938 καὶ
1552 1912 1614 1943 τοὺς
1631 1912 1775 1942 διακόνους
1793 1913 1844 1937 καὶ

1093 1969 1102 1984 1
1125 1958 1339 1994 πρεσϐυτέρους,
1349 1958 1487 1992 κατὰίτοὺς
1500 1958 1678 1992 ίδίουςόρουςί,
1689 1959 1736 1986 καὶ
1745 1958 1776 1983 ὲκ
1787 1957 1843 1983 τῶν

1093 2015 1101 2030 1
1132 2004 1252 2039 συμείων
1276 2005 1505 2040 ἐγκρατεύεσθαι·
1534 2004 1577 2031 ἵνα
1604 2005 1649 2030 καὶ
1671 2005 1700 2030 τὸ
1717 2004 1762 2030 διὰ
1786 2004 1844 2037 τᾶψ

1096 2061 1104 2076 ι
1127 2051 1285 2077 ἀποστόλων
1308 2050 1459 2085 παραδοθὲν
1488 2050 1535 2076 καὶ
1559 2049 1590 2081 ἐξ
1614 2049 1700 2083 αὐτῆς
1724 2050 1774 2083 τῆς
1794 2050 1844 2083 ἁρ-

1096 2107 1105 2123 1
1127 2098 1270 2133 χαιότητος
1291 2097 1427 2132 κρατηθὲν
1444 2096 1492 2123 καὶ
1512 2097 1593 2131 ἡμεῖς
1605 2096 1705 2130 ὁμοίως
1720 2095 1845 2129 φυλάξω-

1096 2153 1104 2168 1
1130 2152 1190 2178 μεν,
1213 2144 1307 2178 καιρὸν
1330 2144 1375 2169 ἐπὶ
1399 2143 1500 2174 παντὸς
1518 2143 1694 2176 ἐπιστάμενοι
1712 2143 1846 2177 πράγμα-

1097 2198 1106 2214 1
1129 2197 1189 2220 τος,
1219 2189 1266 2214 καὶ
1296 2183 1411 2222 μάλιστα
1440 2187 1568 2221 νηστείας
1602 2188 1650 2213 καὶ
1675 2189 1844 2222 προσευχῆς.

1096 2243 1105 2259 1
1129 2235 1189 2269 Χρὴ
1203 2235 1257 2269 γὰρ
1273 2234 1336 2265 τοὺς
1351 2233 1390 2268 τῷ
1412 2233 1596 2268 Θυσιαστηρίῳ
1612 2233 1846 2268 προσεδρεύοντας

1095 2289 1104 2305 1
1129 2281 1157 2306 ὲν
1179 2280 1217 2315 τῷ
1245 2279 1334 2315 καιρῷ
1356 2280 1405 2315 τῆς
1428 2279 1603 2313 τῶνπᾋγίων
1627 2280 1846 2314 μεταχειρίσεως

1098 2335 1107 2351 1
1132 2325 1276 2360 ἐγκρατεῖς
1295 2323 1365 2352 εἶναι
1384 2327 1413 2352 ὲν
1441 2326 1534 2359 πᾶσιν,
1552 2326 1626 2357 ὅπως
1651 2326 1815 2361 δυνηθῶσιν,
1833 2326 1848 2352 ὃ

1066 2397 1067 2400 η
1098 2381 1107 2398 1
1131 2372 1207 2407 παρὰ
1228 2371 1276 2398 τοῦ
1296 2372 1363 2399 Θεοῦ
1380 2373 1473 2404 ἁπλῶς
1489 2373 1621 2404 αἰτοῦσιν,
1647 2374 1798 2408 ἐπιτυχεῖν.
1816 2374 1851 2400 Εἴ

1099 2427 1108 2444 1
1131 2427 1172 2450 τις
1195 2417 1241 2444 οὖν
1259 2419 1401 2453 τολμήσαι,
1418 2420 1492 2454 παρὰ
1512 2420 1574 2451 τοὺς
1586 2420 1782 2452 ἀποστολικοὺς
1799 2430 1849 2451 κα-

1099 2473 1108 2489 1
1131 2463 1210 2495 νόνας
1224 2463 1394 2499 κινούμενος,
1416 2465 1491 2496 τινὰς
1510 2465 1564 2491 τῶν
1585 2467 1752 2500 ἱερωμένων,
1779 2475 1848 2502 πρε-

1100 2520 1108 2536 ι
1132 2510 1283 2545 σϐυτέρων,
1300 2511 1400 2546 φαμὲν,
1426 2511 1448 2546 ἢ
1463 2511 1594 2538 διακόνων
1610 2512 1626 2548 ἢ
1651 2513 1847 2547 ὑποδιακόνων,

1101 2567 1110 2582 1
1133 2557 1294 2591 ἀποστερεῖν
1308 2557 1357 2592 τῆς
1371 2557 1438 2593 πρὸς
1454 2558 1503 2591 τὴν
1520 2558 1635 2593 νόμιμον
1649 2559 1767 2592 γυναῖκα
1784 2555 1850 2585 συνέ

1104 2612 1114 2628 1
1140 2603 1238 2636 αφείας
1255 2611 1284 2629 τε
1301 2603 1347 2629 καὶ
1367 2603 1520 2635 κοινωνίας,
1539 2604 1742 2638 καθαιρείσθω·
1759 2606 1851 2632 dicati-

1103 2643 1190 2680 ι’τῶς
1215 2649 1261 2675 καὶ
1288 2650 1314 2675 el
1337 2639 1378 2679 τις
1401 2649 1582 2684 πρεσϐύτερος
1610 2651 1625 2686 ἤ
1653 2651 1779 2683 διάκονος
1801 2653 1850 2688 τὴν

1104 2703 1114 2720 1
1135 2694 1231 2720 ἑαυτοῦ
1255 2695 1369 2728 γυναῖκα
1387 2695 1522 2729 προφάσει
1542 2695 1685 2728 εὐλαὸείας
1701 2697 1850 2731 ἐκϐάλλει,

1104 2749 1114 2765 1
1139 2739 1321 2775 ἀφοριζέσθω·
1339 2740 1474 2775 ἐπιμένων
1490 2741 1530 2774 δὲ,
1546 2742 1742 2777 καθαιρείσθω.

270 2818 294 2834 ’⁸
311 2818 405 2846 Ᾱιοιιιι
428 2820 527 2852 κιτκϐ.
567 2820 588 2836 ⁷⁸
604 2818 686 2848 Hebr.
703 2828 761 2854 xtu,
775 2819 801 2847 4.
841 2820 862 2836 ⁷⁷
884 2819 967 2848 lCor.
984 2827 1031 2853 vn,
1047 2818 1093 2846 27.
