1941 3093
243 151 298 184 563

870 151 1007 182 THEOD.
1021 152 1221 183 BALSAMON

1808 149 1865 180 56‘

245 212 331 240 ratus,
357 211 402 235 aut
428 207 595 240 diaconatus.
620 211 666 235 aut
690 205 904 245 subdiaconatus
927 208 1021 235 ordine

1079 209 1255 245 πρεσϐυτέρου
1266 209 1433 246 ἣδιακόνουῆ
1444 209 1619 237 ὕποδιακόνου
1629 207 1865 244 ἔχωνγυναῖκαοὺ

243 250 354 288 dignum
374 253 502 289 praebeat,
533 254 606 289 eligi,
631 255 754 290 quamvis
779 255 1020 290 uxorieliigatum.

243 299 316 327 nulla
337 307 368 326 ex
383 306 415 327 eo
431 299 539 327 divortii
558 300 683 335 imposita
702 301 865 329 necessitate
886 301 1022 329 hominem

244 344 335 372 licebit
350 353 357 371 :
377 352 410 372 ne
423 345 523 380 alioqui
544 347 663 381 nuptias,
680 354 748 382 quas
773 351 801 375 et
818 355 867 375 suo
883 347 940 382 ipse
954 354 1021 374 con-

243 394 337 424 spectu
367 390 498 419 Dominus
526 393 689 424 honestavit,
714 399 742 421 et
759 393 896 420 miraculis
922 393 1020 421 ibidem
1040 420 1047 426 ί

241 437 321 463 editis
348 437 529 470 consecravit,
552 439 706 473 improbare
729 439 878 467 videamur.
904 439 1020 473 Quarum

245 483 353 517 quidem
370 484 450 510 etiam
465 486 651 516 sanctitatem,
669 485 730 513 aliis
750 493 858 520 qttoque
883 493 1021 513 sacrarum

244 528 407 556 Litterarum
432 530 594 557 testimoniis
617 538 738 558 asserere
763 531 896 558 nituntur.
922 531 1023 560 Deinde

242 574 314 609 quod
343 574 369 601 in
389 574 541 602 connubiali
570 575 664 610 copqu
687 577 817 610 temporis
840 577 970 604 rationem
989 579 1023 606 ab

242 620 356 648 initiatis
370 621 520 648 habendam
536 629 598 649 esse
614 627 692 649 antea
709 622 811 650 dictum
829 627 879 656 est,
894 624 920 651 id
940 632 1022 656 nunc,

242 665 325 692 allato
340 665 434 700 synodi
448 666 674 702 Carthaginensis
689 668 809 701 decreto,
824 668 904 702 quale
923 670 960 696 sit
974 676 1023 696 ex-

242 711 367 746 plicant:
388 720 441 747 quo
458 714 562 741 scilicet
586 715 683 749 quibus
705 716 908 743 tractandarum
933 723 1023 743 rerutn

242 765 382 792 sacrarum
411 767 475 787 cura
505 760 669 789 demandata
694 766 747 794 est,
778 769 825 797 per
850 763 924 790 vices
949 770 1023 794 suas,

241 805 444 841 constitutaque
458 807 527 842 ipsis
544 807 625 835 divini
640 808 782 837 ministerii
795 813 926 843 tempora,
941 809 1024 836 absti-

244 858 309 882 nere
325 851 359 878 ab
380 859 494 879 uxorum
515 853 678 888 contagione
697 853 839 888 jubentur.
854 854 929 887 Quod
951 853 1022 882 idem

241 895 422 925 Alexandrini
438 905 548 933 quoque
562 899 759 934 archiepiscopi
775 900 896 935 Dionysii
920 907 1023 928 canone

242 943 323 969 tertio
348 944 482 972 sancitum
512 950 566 972 est.
591 945 668 979 Quod
693 946 715 973 si
740 945 785 981 qui
801 946 974 974 nihilominus
989 945 1022 973 ab

242 989 335 1017 uxoris
350 990 480 1024 legitimae
499 992 715 1025 consociatione,
738 997 764 1020 et
785 993 959 1024 commercio,
977 1000 1022 1019 sa-

240 1035 378 1068 cerdotes,
395 1041 442 1063 aut
455 1036 599 1077 diaconos,
617 1043 664 1064 aut
683 1038 884 1073 hypodiaconos
909 1044 1022 1067 conetur

239 1081 386 1116 abducere,
407 1083 594 1118 depositionis,
610 1091 670 1121 quae
694 1085 811 1113 maxima
837 1093 898 1114 esse
922 1090 1021 1120 potest.

239 1125 341 1164 homini
358 1137 465 1164 poenam
482 1130 577 1158 Patres
600 1131 772 1159 denuntiant.
797 1132 851 1160 Sed
873 1139 921 1160 nec
937 1133 1022 1160 sacris

238 1174 380 1203 ordinibus
396 1176 520 1208 initiatis,
534 1184 603 1212 quos
620 1177 750 1209 diximus,
770 1185 869 1205 uxores
884 1186 947 1205 suas
962 1178 1023 1205 reli-

239 1221 326 1254 gionis
349 1222 462 1249 obtentu
492 1223 635 1258 repudiare
657 1225 830 1258 permissum,
846 1224 911 1257 quin
931 1230 1022 1257 segre-

238 1267 296 1300 gari
321 1267 409 1300 primo
426 1288 432 1299 ,
458 1268 481 1295 si
499 1268 524 1294 id
544 1268 674 1302 iecerint,
689 1275 721 1296 ac
736 1268 785 1296 nisi
802 1274 895 1303 postea
919 1273 1021 1295 mutata

239 1312 377 1339 sententia
391 1313 498 1340 easdem
520 1313 688 1346 reduxerim,
705 1321 751 1341 eos
767 1313 863 1349 deponi
891 1318 1021 1348 praeterea

184 1363 186 1367 '
235 1357 341 1391 jtthenl.

236 1403 349 1431 ARIST.
371 1413 380 1430 ι
401 1403 511 1433 Etiamsi
528 1405 642 1433 Romani
660 1413 732 1438 eum,
752 1407 795 1440 qui
821 1407 951 1434 diaconus
979 1407 1021 1434 vel

276 1459 286 1475 ‹
309 1450 451 1486 presbyter
465 1452 605 1480 ordinatus
619 1457 670 1484 est.
688 1459 800 1480 uxorem
826 1460 902 1480 suam
930 1452 1022 1480 dimit-

275 1504 285 1522 ι
307 1501 364 1524 tere
372 1497 463 1530 velint,
475 1506 522 1525 nos
533 1503 621 1526 tamen
631 1498 805 1527 diaconorum
813 1504 839 1526 et
849 1498 1021 1534 presbytero-

1072 255 1258 290 κωλυθήσεται
1271 256 1320 292 τῆς
1335 257 1463 292 τοιαύτης
1475 255 1649 293 χειροτονίας,
1664 254 1726 282 οὒτε
1740 254 1864 287 ἀπαιτη-

1073 300 1184 334 θήσεται
1197 301 1363 337 ὁμολογῆσαι
1373 302 1410 334 ὥς
1428 299 1611 338 ἀποστήσεται
1622 302 1670 336 τῆς
1679 300 1744 335 πρὸς
1755 300 1805 334 τὴν
1822 299 1863 325 οἰ-

1072 348 1148 374 κείαν
1159 348 1280 384 γαμετὴν
1290 348 1407 383 ὁμιλίας·
1416 349 1453 380 ὡς
1465 349 1498 375 ἂν
1510 350 1547 384 μὴ
1558 347 1682 375 ἐντεῦθεν
1690 346 1861 373 διαϐεἱλλοιτο

1072 393 1086 419 ό
1097 393 1195 428 γάμος,
1209 393 1238 421 ὂν
1253 396 1266 421 ό
1278 394 1380 430 Κύριος
1390 394 1587 430 παρουσιάσας,
1605 393 1652 420 καὶ
1666 394 1694 419 ὲν
1703 392 1777 426 αὐτῷ
1791 391 1861 417 Θαυ-

1074 441 1278 475 ματουργήσας,
1295 441 1434 475 εὑλόγησε.
1456 441 1511 468 Καὶ
1527 440 1633 474 ἑτέραις
1648 439 1676 465 δὲ
1704 438 1860 472 Γραφικαῖς

1074 485 1189 520 κρήσεσι
1213 485 1361 521 κέχρηνται
1384 487 1447 521 ’περὶ¹
1475 487 1521 513 τοῦ
1538 486 1638 520 γάμου,
1664 482 1735 512 Εἶτα,
1750 483 1765 509 ὂ
1781 481 1862 509 εἷπον

1073 531 1200 566 ἀνωτέρω
1213 532 1276 566 περὶ
1291 531 1338 559 τοῦ
1354 532 1425 559 κατὰ
1438 532 1484 559 τὸν
1499 532 1671 566 προσήκοντα
1685 528 1781 564 καιρὸν
1797 529 1862 562 ὀμιο

1073 577 1129 604 λεῖν
1154 579 1216 610 ταῖς
1237 580 1372 614 γαμεταῖς
1394 579 1457 610 τοὺς
1478 578 1642 614 ἱερωμένους
1662 575 1860 611 σαφηνιξουσι·

1074 625 1120 652 καὶ
1140 624 1291 660 μέμνηνται
1314 626 1364 660 τῆς
1391 626 1421 652 ἑν
1442 624 1607 660 Καρθαγένῃ
1631 622 1739 649 συνόδου
1765 621 1862 647 διατα-

1075 669 1193 705 εαμένης
1209 669 1273 703 τδὺς
1289 671 1323 698 τὰ
1338 671 1399 706 ἱερὰ
1421 670 1605 707 ψηλαφῶντας
1628 669 1688 704 ἦτοι
1704 674 1863 702 μεταχειρι-

1075 715 1203 751 ζομένους
1227 717 1296 744 κατὰ
1310 718 1373 749 τοὺς
1399 718 1481 749 ἰδίους
1501 717 1593 751 ὄρους,
1617 715 1703 750 ἤγουν
1729 711 1864 748 pesti-ri;

1075 762 1227 797 ἔφημερίας
1241 762 1330 790 αὐτῶν
1343 764 1389 789 καὶ
1402 763 1466 794 τοὺς
1488 761 1601 797 καιροὺς
1617 759 1678 786 καθ’
1690 758 1737 790 οὓς
1753 758 1864 792 ἱεροερσ

1074 808 1180 841 γοῦσιν.
1197 809 1230 836 ὲκ
1250 809 1305 836 τῶν
1324 808 1446 844 συμϐἰων
1461 803 1685 843 ἔγκρατεύεάθαι.
1702 804 1759 831 Καὶ
1773 804 1789 829 ὸ
1802 806 1864 837 τρί-

1074 862 1119 887 τος
1134 854 1163 881 δὲ
1176 855 1268 882 κανὼν
1282 854 1329 882 τοῦ
1349 850 1785 890 ἀρχιεπισκόπου’Ἀλεξανδρείας
1801 850 1864 875 Διο-

1074 901 1166 927 νυσίου
1178 901 1212 927 τὰ
1227 901 1297 928 αὐτὰ
1309 901 1490 929 διατάττεται.
1510 899 1565 926 Καὶ
1579 899 1627 925 ἐπὶ.
1648 896 1756 926 τούτοις
1779 895 1861 922 ἀπει-

1073 946 1164 974 λοῦσιν
1174 947 1198 973 οῑ
1208 948 1254 975 τδν
1267 948 1368 974 κανόνα
1378 947 1487 982 θέμενοι
1501 945 1619 980 Πατέρες
1631 945 1687 974 τοῖς
1697 943 1863 976 ἀποστερεῖν

1074 993 1241 1030 ἐπιχειροῦσι
1262 993 1463 1028 πρεσϐυτέρους
1486 992 1502 1026 ἢ
1522 990 1663 1021 διακόνους
1678 987 1696 1023 ἢ
1714 986 1863 1014 ὑποδιακό-

1074 1050 1135 1073 νους
1150 1042 1200 1076 τῆς
1222 1040 1290 1076 πρὸς
1306 1041 1358 1075 τὴν
1378 1039 1493 1074 νόμιμον
1507 1037 1625 1071 γυναῖκα
1649 1033 1800 1067 συναφείας
1822 1032 1865 1062 είς

1074 1089 1104 1114 τὸ
1126 1086 1257 1118 παντελὲς
1275 1085 1446 1120 καθαίρεσιν.
1468 1083 1539 1110 Ἀλλ’
1554 1082 1613 1119 οὐδὲ
1634 1080 1690 1111 τοῖς
1702 1078 1864 1114 είρημένοις

1076 1133 1233 1167 ιερωμένοις
1246 1132 1381 1167 συγχωρεῖ
1393 1129 1555 1162 τὰξοίκείας
1571 1128 1704 1161 γυναῖκας
1716 1123 1865 1152 ἐκϐάλλειν

1074 1177 1211 1213 προφάσει
1228 1177 1388 1208 εὐλαϐείας·
1417 1174 1543 1210 ἀφορίζει
1558 1174 1611 1209 γὰρ
1634 1173 1697 1203 τοὺς
1720 1169 1865 1200 τοιούτους

1075 1224 1172 1259 μέχρις
1185 1224 1218 1250 ἂν
1234 1222 1440 1258 προσλάϐωνται
1453 1219 1532 1253 αὖθις
1543 1220 1592 1252 τὰς
1603 1219 1707 1249 οίκείας
1716 1215 1863 1251 συμϐίους,

1074 1269 1249 1305 ἐπιμένοντας
1262 1269 1291 1295 δὲ
1304 1268 1439 1305 καθαιρεῖ.

1074 1403 1182 1431 ΑΡΙΣΤ.
1204 1412 1214 1428 t
1232 1402 1297 1434 Κᾶνξ
1311 1402 1336 1428 οι
1354 1402 1487 1436 Ῥωμαῖοι
1500 1400 1547 1426 τὸν
1571 1399 1611 1431 εἰς
1623 1397 1745 1425 διάκονον
1756 1397 1774 1431 ἢ
1792 1404 1861 1430 πρε-

1111 1459 1122 1476 ‹
1145 1448 1276 1484 σϐύτερον
1291 1447 1479 1483 προαγόμενον
1492 1446 1600 1480 ἀφεῖναι
1616 1446 1665 1479 τὴν
1677 1444 1798 1478 γυναῖκα
1813 1442 1859 1477 βε-

1111 1505 1120 1522 ι
1143 1494 1304 1529 ϐούληνται·
1328 1494 1412 1529 ἡμεῖς
1435 1492 1574 1528 spissae“
1601 1491 1636 1517 τὰ
1652 1490 1786 1517 διακόνων
1814 1489 1862 1515 καὶ

274 1551 284 1569 ι
306 1550 364 1570 rum
380 1544 503 1578 conjugia
513 1544 719 1580 rala,lirmaque
730 1551 839 1572 manere
850 1545 983 1572 volumus.
1006 1553 1016 1570 ι

1105 1552 1115 1568 (
1138 1540 1330 1576 πρεσϐυτέρων
1345 1539 1495 1575 βουλόμεθα
1513 1538 1680 1565 atavo-menta.
1694 1547 1703 1562 ι

274 1587 307 1614 Et
323 1588 385 1616 siin
412 1588 535 1616 Ecclesia
555 1588 635 1616 Rom.
653 1595 682 1616 ut
708 1590 734 1617 in
758 1597 821 1618 can.
850 1590 947 1618 ordine
969 1590 1020 1617 hoc

236 1633 367 1666 obtinuit,
382 1635 469 1669 utqui
489 1636 522 1661 ad
540 1636 760 1670 presbyteratum
775 1640 822 1663 aut
845 1636 1018 1663 diaconatum

182 1691 186 1693 >
235 1686 278 1707 est
293 1681 491 1714 prornovendus
505 1685 568 1709 ante
582 1683 784 1709 ordinationem
802 1682 972 1715 conﬁteatur,
990 1690 1020 1710 se

237 1733 289 1753 non
303 1727 420 1759 amplius
435 1728 514 1754 uxori
534 1735 589 1755 sua:
605 1728 747 1762 conjungi,
772 1727 822 1755 sed
835 1735 943 1754 omnem
958 1735 1019 1755 cum

235 1780 267 1799 ea
284 1774 503 1807 congressionem
522 1773 668 1801 dissolvere
685 1783 692 1801 :
712 1778 813 1806 tamen,
828 1778 856 1800 ut
871 1765 971 1808 evang;
994 1778 1021 1800 et

237 1824 325 1853 apost.
350 1827 422 1847 cura;
447 1820 625 1852 contrarium,
642 1821 676 1848 ab
695 1820 746 1847 hoc
761 1827 823 1848 can.
848 1827 901 1848 non
921 1819 1021 1847 admit-

236 1865 311 1897 titur,
330 1866 375 1900 qui
391 1866 500 1900 quidem
516 1866 646 1894 decernit/
660 1867 833 1902 presbyteros
854 1872 881 1894 et
893 1867 1021 1894 diaconos

236 1912 361 1946 coniugia
375 1920 422 1940 sua
444 1914 565 1949 legitime
588 1914 654 1941 inita
676 1921 846 1949 nequaquam
862 1914 1019 1946 dissolvere,

180 1995 182 1998 γ
237 1955 316 1991 173
324 1957 369 1984 sed
376 1964 436 1984 cum
444 1958 573 1986 uxoribus
581 1958 856 1993 suisconjunctionem
864 1959 1020 1991 observare.

235 2010 251 2030 a
263 2005 460 2032 consuetudine
468 2009 557 2033 autem
571 2013 632 2033 cum
642 2006 675 2033 iis
683 2005 820 2034 abitinere
830 2011 951 2040 tempore
957 2013 1022 2033 con—

235 2048 367 2079 venienti,
377 2049 427 2076 hoc
441 2053 492 2081 est,
502 2048 627 2084 injejunii
636 2054 808 2078 ctsacrorum
820 2049 1020 2077 tractandorum

237 2099 368 2128 tempore;
378 2095 520 2130 utipossint
530 2095 644 2131 id,quod
656 2102 670 2123 a
681 2095 736 2123 Deo
746 2095 904 2130 simpliciter
917 2100 1021 2131 petunt.

235 2139 369 2167 obtinere.
380 2140 405 2168 ls
413 2145 503 2168 autem
511 2142 558 2176 qui
568 2142 677 2176 pietatis
684 2146 816 2176 prartextu
825 2149 937 2169 uxorem
945 2149 1022 2169 suam

235 2185 335 2219 ejicere
348 2193 489 2221 aggressus
497 2191 549 2218 est,
559 2191 715 2222 segregantur
725 2207 733 2220 ,
741 2190 769 2214 et
781 2187 805 2214 si
815 2185 1021 2214 inemendabilis

1105 1589 1136 1616 Ei
1152 1589 1200 1615 καὶ
1216 1589 1245 1614 ὲν
1261 1589 1294 1623 τῇ
1316 1586 1460 1621 Ῥωμαίων
1490 1585 1648 1619 Ἐκκλησία,
1670 1584 1711 1616 ὡς
1726 1584 1756 1610 ἓν
1779 1584 1860 1616 τάξει

1070 1634 1198 1665 κανόνος,
1211 1635 1306 1669 κρατεῖ
1319 1634 1347 1659 τὺ
1363 1632 1409 1659 τὸν
1426 1632 1558 1668 μέλλοντα
1583 1629 1709 1664 γενέσθαι
1737 1630 1861 1664 πρεσϐύμ

1070 1690 1148 1717 τερον
1164 1680 1180 1715 ἢ
1199 1680 1324 1707 διάκονον
1346 1678 1400 1714 πρὸ
1419 1679 1469 1713 τῆς
1483 1677 1650 1713 χειροτονίας
1672 1676 1819 1711 ὁμολογεῖν
1832 1676 1862 1702 τὸ

1072 1728 1170 1764 μηκέτι
1187 1726 1374 1753 συνάπτεσθαι
1397 1726 1431 1760 τῇ
1456 1724 1540 1751 αὑτοῦ
1567 1725 1688 1759 γαμετῇ,
1715 1723 1787 1750 ἀλλὰ
1812 1722 1862 1758 τὴν

1070 1775 1139 1810 πρὸς
1164 1774 1250 1809 αὐτὴν
1271 1772 1419 1806 συνάφειαν
1436 1771 1574 1798 διαλύειν·
1591 1770 1649 1797 ἀλλ’
1662 1767 1709 1796 οὖν
1726 1769 1765 1801 ὡς
1783 1769 1862 1797 ἐναν-

1070 1818 1214 1854 τιούμινον
1236 1817 1283 1844 καὶ
1305 1818 1340 1852 τῇ
1365 1816 1532 1851 εὐαγγελικῇ
1558 1815 1606 1842 καὶ.
1634 1816 1667 1850 τῇ
1690 1815 1860 1849 ἁποοτολικῇ

1070 1866 1208 1900 ἀκριϐείᾳ,
1223 1865 1335 1892 seum
1357 1865 1414 1890 ἐστι
1434 1864 1480 1890 καὶ
1496 1862 1536 1897 τῷ
1551 1862 1666 1897 παρόντι
1680 1862 1776 1889 κανόνι
1787 1870 1796 1878 ⁸
1815 1862 1862 1888 καὶ

1070 1911 1218 1948 διορίζεται
1233 1910 1366 1946 μηδαμῶς
1388 1910 1451 1942 τοὺς
1472 1908 1675 1945 πρεσϐυτέρους
1693 1908 1742 1934 καὶ
1767 1908 1862 1934 διακό-

1071 1966 1133 1989 νους
1148 1957 1183 1984 τὰ
1196 1957 1267 1985 κατὰ
1284 1957 1384 1992 νόμους
1398 1956 1533 1983 συστάντα
1549 1957 1705 1982 συνοικὲσια
1725 1955 1862 1982 διαλύειν·

1071 2002 1139 2031 ἀλλὰ
1159 2002 1208 2038 τὴν
1235 2002 1304 2038 πρὸς
1319 2001 1369 2033 τὰς
1391 2000 1515 2035 γαμετὰς
1537 2000 1626 2026 αὐτῶν
1641 1999 1792 2033 συνάφειαν
1805 1999 1863 2026 δια-

1070 2050 1175 2084 τηρεῖν,
1189 2048 1340 2083 ἀπέχεσθαι
1356 2047 1384 2074 δὲ
1404 2048 1455 2082 τῆς
1480 2046 1547 2081 πρὸς
1561 2046 1646 2078 αὑτὰς
1659 2046 1769 2082 ὁμιλίας
1791 2046 1863 2073 κατὰ

1071 2095 1116 2123 τὸν
1129 2094 1223 2130 καιρὸν
1235 2094 1281 2121 τὸν
1297 2094 1479 2129 προσήκοντα,
1495 2092 1569 2119 τοῦτ’
1584 2092 1657 2119 ἐστιν
1671 2092 1701 2119 ὲν
1714 2092 1754 2126 τῷ
1771 2091 1863 2126 καιρῷ

1071 2140 1121 2175 τῆς
1141 2140 1270 2175 νηστείας
1296 2140 1344 2166 καὶ
1359 2139 1407 2173 τῆς
1430 2138 1484 2165 τῶν
1510 2138 1610 2172 ’Δγὶων
1626 2137 1862 2173 μεταχειρίσεως’

1071 2186 1144 2218 ὅπως
1168 2186 1318 2221 δυνηθῶσιν
1339 2186 1353 2212 ὃ
1375 2186 1451 2221 παρὰ
1467 2184 1514 2212 τοῦ
1531 2183 1599 2211 Θεοῦ
1623 2183 1748 2211 αἰτοῦσιν
1768 2184 1864 2215 ἁπλῶς

235 2227 589 2267 maneat,deponitur,juxta
596 2232 720 2266 quintum
727 2240 826 2260 canon.
833 2232 1021 2267 apostolicum.

1079 2232 1223 2266 ἐπιτυχεῖν.
1237 2231 1291 2258 Τὸν
1302 2231 1330 2258 δὲ
1341 2231 1556 2266 ἐπιχειρήσαντα
1566 2230 1701 2265 προφάσει
1715 2229 1862 2260 εὒλαϐείας

235 2277 286 2311 τῆν
304 2277 400 2302 ἑαυτοῦ
414 2278 539 2305 ἐκϐαλεῖν
556 2279 674 2311 γυναῖκα
689 2278 867 2314 ἀφορίζεσθαι
877 2286 884 2294 ·
900 2276 959 2305 εῐτα
972 2278 1020 2305 καὶ
1038 2277 1202 2313 ἀδιόρθωτον
1217 2278 1341 2313 μένοντα,
1357 2276 1546 2312 καθαιρεῖσθαι
1562 2276 1634 2304 κατά
1666 2275 1713 2302 τὸν
1743 2276 1864 2303 ἀποστι-

235 2323 310 2350 λικὸν
326 2323 449 2358 πέμπτον
462 2324 574 2351 κανόνα.

526 2371 641 2399 CANON
657 2371 724 2399 XIV.

238 2426 248 2442 ι
264 2417 423 2444 Sanctorum
440 2417 644 2453 divinorumque
657 2418 767 2448 Patrum
795 2423 947 2446 nostrorum
969 2426 1018 2445 ca-

272 2471 282 2488 ι
301 2469 352 2489 non
373 2462 400 2489 in
415 2462 456 2490 his
471 2471 578 2498 quoque
591 2464 688 2495 valeat.
703 2470 731 2491 ut
743 2465 885 2500 presbyter
908 2468 971 2492 ante
984 2464 1018 2491 50

273 2518 283 2534 σ
300 2516 386 2536 annos
403 2517 454 2536 non
472 2510 622 2542 ordinetur,
644 2511 750 2538 etiamsi
779 2512 814 2538 sit
839 2512 920 2538 homo
943 2512 1019 2538 Valde

272 2564 283 2579 ‹
300 2554 405 2590 dignus,
432 2555 480 2583 sed
504 2562 665 2584 reservetur.
692 2555 822 2585 Dominus
843 2558 914 2585 enim
940 2557 1020 2584 Jesus

273 2611 281 2625 ‹
301 2600 424 2628 Christus
439 2602 576 2629 tricesimo
598 2611 668 2630 anno
682 2604 834 2638 baptizatus
852 2610 904 2638 est,
919 2611 945 2632 et
965 2612 1021 2631 ctr-

274 2658 282 2672 ι
303 2647 340 2681 pit
351 2647 458 2676 docere.
472 2648 603 2689 Similiter
617 2657 667 2677 nec
682 2650 810 2678 diaconus
826 2656 889 2678 ante
917 2651 953 2678 25
972 2659 1019 2678 an-

273 2702 282 2719 t
302 2701 360 2726 nos,
376 2702 426 2722 nec
444 2694 597 2723 dia-tonissa
613 2700 677 2723 ante
688 2697 723 2724 40
736 2704 820 2724 anno:
834 2699 984 2724 ordinetur.

531 2829 645 2857 CANON
664 2830 722 2857 XV.

239 2879 251 2897 ε
268 2870 450 2900 Snbdiaconus
475 2883 507 2901 nc
527 2876 614 2903 minor
646 2876 681 2903 '20
704 2877 782 2904 annis
810 2877 961 2904 ordinetur.
988 2877 1015 2905 Si

1372 2367 1490 2394 ΚΑΝΩΝ
1507 2366 1556 2393 1Δ’.

1072 2425 1081 2440 ι
1110 2415 1140 2441 Ὀ
1157 2415 1211 2441 τῶν
1226 2415 1313 2448 ἁγίων
1326 2415 1374 2440 καὶ
1392 2414 1529 2449 θεοφόρων
1544 2413 1623 2448 ἡμῶν
1639 2412 1772 2448 Πστέρων
1789 2421 1860 2448 κρα-

1106 2470 1115 2486 ι
1139 2460 1221 2487 τείτω
1235 2460 1326 2487 κανὼν
1342 2461 1389 2487 καὶ
1403 2461 1433 2487 ὲν
1447 2459 1565 2492 τούτοις,
1580 2459 1651 2486 ὥστε
1666 2459 1859 2494 πρεσϐύτερον

1107 2517 1116 2532 ι
1141 2507 1193 2541 πρὸ
1215 2507 1271 2534 τῶν
1291 2507 1438 2543 τριάκοντα
1462 2507 1532 2533 ὲτῶν
1562 2507 1600 2541 μὴ
1626 2506 1859 2542 χειροτονεῖσθαι,

1108 2564 1116 2579 ι
1141 2553 1193 2580 κᾶν
1213 2553 1283 2581 πάνυ
1349 2555 1363 2581 ό
1377 2553 1526 2588 ἅνθρωπος
1556 2553 1642 2585 ἄξιος,
1658 2552 1717 2579 ἀλλ’
1742 2553 1860 2586 ἀποτη-

1107 2609 1115 2625 t
1142 2599 1257 2634 ρεϊτθαι.
1277 2600 1306 2626 '0
1325 2600 1379 2634 γὰρ
1393 2599 1496 2634 Κύριος
1514 2600 1618 2634 Ἰησοῦς
1635 2599 1757 2634 Χριστὸς
1771 2600 1804 2634 ,ἐν
1819 2598 1858 2633 τῷ

1108 2656 1116 2671 ε
1140 2644 1293 2680 τριακοστῷ
1316 2645 1372 2671 ἔτει
1396 2644 1558 2679 ἐϐαπτίσθη,
1577 2646 1624 2671 καὶ
1652 2644 1757 2679 ἤρξατο
1782 2644 1856 2672 διδά-

1104 2696 1121 2716 ’‹
1145 2700 1220 2718 σκειν
1232 2700 1238 2706 ·
1261 2691 1362 2726 ὁμοίως
1379 2692 1447 2726 μήτε
1469 2691 1594 2717 διάκονον
1617 2691 1670 2725 πρὸ
1683 2691 1740 2717 τῶν
1755 2691 1859 2718 εἰκοσι-

1107 2748 1117 2764 ι
1141 2739 1222 2764 πέντε
1243 2739 1347 2773 χρόνων
1366 2738 1381 2772 ἢ
1404 2738 1578 2764 διακόνισσαν
1600 2737 1654 2772 πρὸ
1677 2737 1734 2764 τῶν
1759 2746 1859 2765 τεσσα-

1108 2794 1117 2810 ι
1144 2785 1259 2820 ράκοντα
1275 2783 1343 2810 ἐτῶν
1359 2783 1581 2819 χειροτονεῖσθαι.
1607 2793 1616 2809 ι

1370 2831 1488 2858 ΚΑΝΩΝ
1505 2830 1554 2858 ΙΕ’.

1073 2888 1081 2904 ι
1112 2878 1304 2909 ’Υποδιάκονος
1318 2877 1355 2912 μὴ
1371 2875 1452 2913 ἧττον
1471 2877 1524 2904 τῶν
1538 2877 1624 2904 εἴκοσι
1646 2877 1752 2913 χρόνων
1768 2886 1860 2914 χειρο-
