1941 3093
224 135 282 169 ,τις

845 143 982 174 ΤΗΕΟΙ).
1001 142 1204 176 BALSAMON

1788 147 1850 179 576

227 197 317 229 fuerit,
334 197 366 224 ad
380 204 426 224 eas
453 198 564 229 reverti,
593 205 679 233 neque
711 199 811 227 diutius
841 200 867 227 in
895 204 1005 227 externa

1077 209 1113 228 ειν
1125 204 1157 238 τῇ
1177 202 1264 238 χώρᾳ,
1291 201 1308 241 ᾖ
1329 203 1558 240 προσεληλύθασι,
1583 203 1634 239 τῆς
1663 204 1848 240 προφάσεως.

227 244 336 278 regione
350 244 382 270 ad
405 251 485 277 quam
517 251 699 278 accesserunt,
726 253 854 279 praetextu
885 251 1010 274 cessante

228 288 394 323 peregrinari
411 296 495 315 canon
509 289 594 323 jubet.
615 291 737 317 Clericos
761 297 860 324 autem,
884 293 928 325 qui
956 299 1009 319 non

227 335 350 366 redeunt,
367 338 395 359 ut
410 334 539 362 ecclesias
552 335 578 362 in
596 336 693 371 quibus
708 337 824 363 ordinati
849 342 923 369 sunt,
950 338 1010 366 sine

228 387 310 407 causa
347 379 540 415 relinquentes,
572 387 599 408 et
631 383 690 409 aliis
724 389 851 411 vacantes
874 385 1009 420 segregari

224 426 310 459 jubet,
328 434 412 461 usque
427 427 489 458 dum
506 428 538 454 ad
553 428 707 460 ecclesiam.
724 437 738 457 e
753 438 804 464 qna
828 430 1007 465 etuigrabant,

227 478 419 500 revertantur:
437 474 523 508 ipsum
537 482 618 509 porro
635 476 790 510 episcopum
813 477 857 512 qui
887 484 934 504 eos
962 477 1010 505 ad-

226 518 300 545 misit
315 524 341 545 et
356 519 468 552 detinet,
488 523 669 557 segregationi
685 522 806 556 subiicit,
825 524 943 558 qnandiu
962 531 1010 553 eos

227 566 338 593 detinet.
720 568 725 574 '

225 632 339 660 ARIST.
373 643 382 659 ι
408 634 458 667 Qui
491 635 658 664 barbaricam
683 643 791 673 propter
826 639 1007 667 incursionem

265 689 274 705 ι
304 681 445 713 emigravit
468 687 592 710 cessante
617 683 781 717 incursione,
809 686 842 712 ad
866 686 1008 714 ecclesiam

263 735 272 751 ι
305 727 333 752 in
360 727 436 760 cujus
468 727 569 754 clerum
600 735 741 763 cooptatus
763 735 805 757 est
847 730 1006 758 revertatur.

265 781 274 797 ι
287 797 294 807 ,
307 771 354 799 Sin
372 773 471 806 minus,
488 782 540 800 una
562 782 624 801 cum
639 783 682 807 eo,
712 777 744 803 ad
778 784 857 812 quem
882 779 1006 811 accessit,

262 826 271 841 ι
303 823 467 853 segregatur.
491 828 499 844 ι

260 881 390 922 ςιθιῑιιιιε,
417 885 461 918 qui
486 884 544 911 sine
570 893 649 913 causa
676 887 766 922 aliqua
801 891 950 926 necessaria
974 893 1007 920 ab

183 949 186 953 .
224 916 338 955 ecclesia
357 929 383 954 in
403 937 451 962 qua
467 930 492 955 in
505 932 604 958 clerqu
618 938 758 967 cooptatus
773 934 834 967 fuit,
852 938 962 968 recedit,
980 943 1007 965 et

226 973 304 1000 aliam
324 975 379 1000 adit
394 975 546 1008 ecclesiam,
561 981 595 1003 .et
625 978 658 1006 ab
679 979 804 1014 episcopo
827 983 871 1016 qtti
904 983 939 1010 ibi
965 989 1006 1011 est

225 1019 386 1052 admittitur,
401 1026 426 1047 et
442 1022 510 1049 inter
523 1023 637 1051 clericos
654 1025 713 1059 ejus
737 1033 905 1061 recensetur,
924 1030 1006 1064 depo-

228 1065 313 1097 nitur,
331 1074 384 1093 una
399 1075 459 1094 cum
475 1076 507 1095 eo
524 1070 570 1104 qui
584 1078 644 1098 eum
657 1072 765 1100 admisit
780 1078 808 1100 ut
830 1082 916 1101 canon
934 1076 1006 1103 deci-

227 1119 284 1138 tuus
300 1113 431 1147 septimus
447 1119 508 1142 ante
523 1116 640 1150 scriptus
652 1118 781 1147 decernit.
799 1119 848 1152 Qui
863 1127 952 1148 autem
973 1123 1008 1150 ob

225 1154 402 1185 Barbarorum
418 1158 598 1188 incursionem
613 1167 660 1189 attt
676 1164 756 1190 aliam
773 1165 1004 1194 circumstantiam

225 1208 368 1229 causamve
379 1203 481 1241 justam
498 1206 611 1234 ecclesia
625 1216 673 1235 sua
689 1209 804 1244 etnigrat
824 1211 950 1245 clericus,
973 1214 1006 1246 si,

225 1256 305 1275 causa
321 1249 363 1276 illa
377 1251 410 1276 ob
423 1259 501 1284 quam
520 1254 646 1287 migravit
657 1262 793 1288 cessante,
808 1258 840 1284 ad
862 1259 1006 1287 ecclesiam

227 1302 314 1327 suam,
332 1296 357 1321 in
373 1304 423 1330 qna
440 1298 465 1324 in
485 1298 586 1327 clerum
615 1307 755 1336 cooptatus
780 1304 841 1337 luit,
872 1313 923 1332 non
949 1299 1008 1334 vult

227 1340 326 1372 redire,
344 1347 508 1377 segregatur.
526 1353 577 1372 una
591 1353 651 1373 cum
666 1347 790 1383 episcopo
805 1358 848 1385 qu
865 1359 924 1379 ettm
943 1354 1007 1380 reli—

227 1392 282 1418 net,
296 1394 379 1422 usque
395 1390 456 1416 dum
482 1390 514 1417 ad
539 1399 598 1419 eam
625 1400 758 1423 recurrat.
787 1396 874 1424 Causa
905 1403 1004 1433 autem,

227 1438 336 1466 propter
351 1436 488 1468 quamhic
515 1438 623 1472 quidem
655 1448 824 1476 segregatur,
845 1443 889 1471 ille
916 1450 1004 1472 autem

227 1479 378 1513 deponitur,
392 1482 462 1516 jusla
482 1488 530 1510 est.
546 1484 599 1512 Nec
612 1487 684 1513 enim
709 1493 736 1514 ut
753 1489 806 1521 ille,
836 1491 875 1518 sic
895 1492 948 1524 hic,
972 1493 1004 1520 ab

1062 247 1264 284 παρελθούσης·
1280 251 1343 282 τοὺς
1361 250 1389 276 δὲ
1405 249 1442 284 μὴ
1457 249 1616 281 ἐπανιόντας
1635 250 1792 284 κληρικοὺς,
1805 250 1852 282 ὡς

1060 294 1272 329 ἀπροφασίστως
1286 296 1335 327 τὰς
1353 296 1498 332 ἐκκλησίας
1526 296 1794 331 καταλιμπάνοντας.
1815 297 1850 323 ἐν

1061 337 1105 370 αἷς
1119 340 1334 376 κατετάχθησαν,
1352 342 1399 368 καὶ
1416 339 1520 376 ἑτέραις
1537 341 1727 377 σχολάζοντας,
1742 342 1851 376 ἀφορί-

1060 386 1153 418 ζεσθαι
1173 388 1287 421 κελεύει,
1308 389 1360 421 ἕως
1384 389 1416 416 ἂν
1448 389 1615 416 ἐπανέλθωσι
1636 390 1703 425 πρὸς
1723 390 1774 424 τὴν
1794 391 1849 416 ὲκ-

1060 433 1175 469 κλησίαν
1199 432 1275 471 ἑξῆς
1291 435 1472 471 ὑπεχώρησαν
1483 444 1490 451 ·
1513 437 1561 463 καὶ
1579 436 1625 463 τὸν
1647 437 1800 463 ἐπίσκοπον
1816 436 1848 462 δέ

1059 479 1105 506 τὸν
1128 480 1275 516 δεξάμενον
1307 482 1354 508 καὶ
1383 482 1532 517 κατέχοντα
1565 483 1664 514 αὐτοὺς
1691 481 1847 518 ἀφορισμῴ

1060 526 1215 563 ὑποτίθησι,
1237 528 1334 564 μέχρις
1353 528 1387 555 ἂν
1398 529 1501 564 κατέχῃ
1518 528 1628 560 αὐτούς.
1841 534 1851 539 ‘

1059 640 1168 668 ΑΡΙΣΤ.
1192 649 1201 665 ι
1225 640 1254 667 '0
1272 641 1315 668 διὰ
1338 641 1510 677 βαρϐαρικὴν
1541 642 1693 678 ἐπιδρομὴν
1713 644 1847 678 μετανά-

1096 696 1105 712 ι
1129 695 1206 721 στης,
1218 688 1395 722 παυσαμένης
1407 688 1456 722 τῆς
1469 689 1629 724 ἐπιδρομῆς,
1644 689 1844 716 παλινοστειτω

1077 741 1106 765 χ(
1129 732 1196 767 πρὸς
1211 733 1261 768 τὴν
1277 734 1425 769 ἐκκλησίαν
1488 735 1662 771 κεκλήρωται
1675 743 1682 750 '
1701 736 1768 763 εἰδὲ
1790 737 1845 772 μὴ,

1095 786 1105 803 ι
1130 779 1198 812 μετὰ
1215 778 1262 805 τοῦ
1284 779 1496 823 προσειληφότας
1511 781 1685 817 ἀφορίζεται.
1703 790 1713 807 ι

1099 885 1128 911 ’0
1145 886 1245 921 μὲνημὴ
1258 887 1301 913 διά
1317 895 1378 914 τινα
1398 887 1559 923 περίστασιν
1580 888 1761 924 ἀναχωρήσας
1775 889 1844 925 κλη-

1061 932 1136 966 ρικὸς
1149 932 1198 966 τῆς
1214 933 1362 968 ἐκκλησίας
1381 931 1568 970 ᾖὲκληρώθη,
1587 935 1634 961 καὶ
1654 936 1722 970 πρὸς
1741 936 1844 972 ἑτέραν

1059 978 1184 1005 ἀπελθὼν
1198 979 1358 1014 ἐκκλησίαν,
1375 981 1422 1006 καὶ
1445 980 1520 1015 παρὰ
1545 980 1592 1007 τοῦ
1617 982 1708 1008 ἐκεῖσε
1728 982 1843 1009 ἐπισκό-

1061 1033 1111 1050 που
1124 1024 1308 1059 προσδεχθεὶς,
1320 1026 1368 1052 καὶ
1382 1027 1438 1058 τοῖς
1448 1027 1588 1062 κληρικοῖς
1601 1027 1683 1053 αὖτοῦ
1701 1037 1845 1061 συγκατα-

1059 1070 1160 1104 λεγεὶς,
1189 1070 1360 1106 καθαιρείται
1383 1072 1431 1098 σὺν
1458 1072 1496 1106 τῷ
1516 1072 1727 1108 προσδεξαμένῳ
1745 1074 1840 1106 αὑτὸν,

1060 1117 1151 1149 καθὼς
1163 1119 1177 1144 ό
1193 1119 1363 1153 προγραφεὶς
1383 1119 1614 1152 ἑπτακαιδέκατος
1627 1121 1713 1156 ὁρίζει
1736 1121 1842 1150 κανών.

1064 1163 1093 1190 Ὀ
1108 1163 1136 1190 δὲ
1153 1164 1188 1190 δι’
1201 1165 1351 1200 ἐπιδρομὴν
1369 1166 1519 1200 Βαρϐάρων
1536 1165 1551 1201 ἢ
1575 1161 1737 1201 περίστασιν
1753 1166 1841 1202 ἄλλην

1061 1210 1231 1245 μετανάστης
1249 1212 1300 1245 τῆς
1320 1211 1387 1243 ἰδίας
1407 1212 1555 1247 ἐκκλησίας
1577 1213 1724 1247 γενόμενος
1743 1213 1843 1247 κληρι-

1060 1257 1118 1289 κὸς,
1136 1257 1194 1289 ἐὰν,
1207 1257 1254 1284 τοῦ
1267 1257 1353 1284 αἰτίου
1367 1258 1402 1285 δι’
1417 1258 1430 1284 ὃ
1442 1259 1621 1295 ὑπεχώρησεν
1634 1259 1841 1294 ἐπιλείψαντος,

1058 1303 1089 1330 οὑ
1101 1304 1209 1338 θελήσει
1220 1304 1301 1331 πάλιν
1310 1305 1468 1334 ἐπανελθεῖν
1476 1306 1516 1337 είς
1531 1305 1580 1340 τὴν
1593 1306 1743 1340 ἐκκλησίαν
1755 1306 1841 1332 αὑτοῦ

1057 1349 1087 1376 ἐν
1135 1350 1288 1385 ἐκληρώθη,
1303 1350 1462 1384 ἀφορίζεται
1480 1352 1527 1378 σὺν
1542 1351 1581 1386 τῷ
1597 1352 1738 1386 κατέχοντι
1757 1351 1844 1378 αὑτὸν

1058 1395 1210 1430 ἐπισκόπῳ,
1231 1396 1328 1430 μέχρις
1345 1396 1379 1423 ἂν
1405 1396 1473 1432 πρὸς
1483 1396 1568 1432 αὐτὴν
1592 1396 1786 1433 ἐπαναδράμῃ.
1809 1397 1843 1422 Ἦ

1058 1441 1087 1469 δὲ
1104 1442 1188 1473 αἰτία,
1210 1442 1290 1478 δι’ῆν
1318 1443 1368 1477 μὲν
1387 1440 1464 1474 οὗτος
1491 1443 1660 1478 ἀφορίζεται,
1679 1444 1789 1474 ἐκεῖνος
1814 1443 1845 1469 δὲ

1059 1488 1241 1523 καθαιρεῖται,
1264 1488 1376 1523 εὔλογος
1390 1497 1398 1505 ³
1422 1489 1482 1516 οὐδὲ
1506 1489 1571 1524 γὰρ,
1597 1489 1634 1520 ὤς
1657 1490 1772 1520 ἐκεῖνος,
1794 1490 1845 1516 καὶ

228 1523 305 1552 initio
324 1527 384 1553 sine
400 1527 471 1562 justa
485 1537 566 1558 causa
582 1533 701 1560 recessit.
721 1534 942 1571 Quandoquidem
958 1537 1002 1565 ille

1077 1531 1136 1565 ὗτος
1152 1534 1181 1567 ἐξ
1206 1535 1294 1570 ἀρχῆς
1313 1534 1489 1569 ὑπεχώρησεν
1510 1523 1573 1562 ἄνευ
1601 1534 1714 1569 εὐλόγου
1736 1534 1844 1565 αἰτίας.

227 1577 299 1605 erunt,
317 1572 361 1606 qui
382 1574 577 1604 ordinationem
592 1577 641 1612 ipsi
663 1579 798 1612 imposuit,
824 1587 952 1617 quantum
978 1585 1005 1611 in

228 1623 260 1642 eo
273 1615 334 1650 fuit,
350 1618 446 1652 injuria
458 1627 485 1648 et
495 1624 592 1656 probro
608 1632 660 1652 non
675 1626 762 1654 aﬂ'ecit
786 1629 832 1655 sed
855 1632 1007 1659 necessario

229 1661 281 1689 hoc
295 1662 368 1692 fecit.

516 1735 630 1766 CANON
644 1738 713 1767 XIX.

231 1804 241 1821 ι
263 1797 337 1830 Quod
351 1806 455 1833 oportet
469 1810 514 1830 eos
532 1806 577 1839 qui
592 1814 711 1841 praesunt
725 1811 856 1844 ecclesiis,
873 1813 899 1840 in
922 1815 1009 1841 omni-

265 1852 276 1868 ι
293 1843 343 1871 bus
356 1846 463 1879 quidem
487 1849 592 1884 diebus,
619 1854 665 1880 sed
694 1863 826 1890 przectpue
852 1858 1008 1895 Dominicis,

264 1898 274 1914 ι
290 1897 396 1919 omnem
409 1893 509 1921 clerqu
525 1901 552 1922 et
574 1899 701 1932 populum
727 1902 826 1930 docere
848 1905 955 1939 pietatis
982 1913 1009 1936 et

263 1942 274 1960 ‹
293 1941 373 1963 recta!
399 1938 535 1972 religionis
556 1942 673 1977 eloquia,
700 1953 730 1972 ex
759 1938 853 1975 divina
870 1950 1006 1984 Scriptura

264 1988 275 2005 ‹
291 1981 445 2016 colligentes
457 1983 648 2020 intelligentias
670 1995 697 2016 et
714 1990 814 2025 judicia
832 1995 962 2028 veritatis,
981 2002 1008 2024 et

263 2032 275 2050 ‹
291 2033 342 2053 non
357 2030 580 2063 transgredientis
592 2032 647 2066 jam
671 2037 773 2068 positos
797 2039 937 2074 terminos,
967 2043 1009 2069 vel

264 2079 274 2095 ι
291 2071 440 2100 divinorum
455 2073 565 2102 Patrum
590 2078 782 2108 traditionem:
814 2083 860 2109 Sed
876 2089 903 2110 et
928 2085 950 2112 si
975 2087 1008 2114 ad

265 2127 274 2143 ι
284 2118 463 2153 ιὸριιῑριιιιτιιιι
481 2124 619 2156 pertinens
631 2129 815 2156 controversia
829 2130 917 2165 aliqua
932 2134 1006 2162 exci-

252 2162 274 2190 ἰ
293 2170 344 2191 tata
361 2166 450 2201 fuerit,
466 2176 498 2195 ne
516 2177 575 2197 eam
589 2172 906 2211 aliter_interpretentur,
928 2187 1006 2214 quam

265 2217 274 2234 ι
297 2215 325 2236 ιιι
340 2210 467 2239 Ecclesia
481 2213 624 2242 luminaria
639 2222 666 2244 et
681 2219 804 2247 doctores
828 2223 885 2250 suis
901 2210 1007 2259 scriptis

264 2265 274 2280 ι
289 2263 489 2292 exposuerunt;
503 2266 530 2287 et
548 2262 675 2294 majorem
689 2272 722 2292 ex
747 2267 778 2293 iis
803 2268 907 2296 laudem
931 2279 1009 2298 asse-

265 2310 274 2326 ι
294 2308 419 2336 quantur,
432 2312 510 2338 quam
523 2307 545 2334 si
583 2311 704 2344 proprios
738 2320 875 2341 sermones
896 2323 1006 2352 0011»ῃο-

263 2355 273 2372 ι
291 2353 364 2380 nant,
398 2358 432 2377 ne
445 2350 507 2378 dum
530 2353 689 2389 quandoque
701 2358 768 2385 adid
789 2360 922 2394 luesitant,
934 2350 1008 2392 abeo

264 2402 274 2420 ‹
291 2394 361 2426 quod
385 2398 530 2431 convenit,
550 2401 685 2429 excidant.
712 2403 762 2430 Per
787 2406 918 2435 dictorum
937 2411 1005 2437 enim

265 2448 274 2464 ι
294 2439 403 2467 Patrum
420 2442 581 2477 doctrinam,
596 2449 696 2482 populi,
708 2450 742 2477 ad
753 2458 845 2480 eorum
865 2461 924 2488 qucc
943 2462 1005 2484 sunt

265 2493 275 2510 ι
297 2486 364 2513 bona
381 2491 408 2514 et
428 2492 587 2524 expetenda,
610 2498 636 2520 ct
656 2494 760 2523 inutilia
788 2506 819 2525 ac
847 2486 1004 2536 rejicienda,

264 2541 274 2556 c
295 2533 475 2567 cognitionem
491 2537 637 2571 venientes,
654 2541 733 2568 vitam
747 2544 773 2570 in
791 2545 886 2573 melius
898 2555 1006 2581 compo-

265 2587 275 2602 ι
291 2584 366 2611 nunt,
385 2587 434 2607 nec
449 2581 606 2616 ignorantia:
621 2586 702 2622 178
719 2589 773 2616 vitii
796 2593 1004 2627 convincuntur,

264 2633 274 2649 ι
290 2625 336 2651 sed
352 2625 481 2654 doctrina:
497 2635 612 2658 tuentem
640 2632 811 2668 adhibentes,
840 2638 943 2673 scipsos
974 2625 1006 2666 ad

264 2679 276 2697 ‹
294 2671 331 2704 id,
345 2679 378 2700 ne
394 2673 457 2701 mali
470 2676 533 2709 quid
550 2677 589 2705 eis
608 2680 722 2712 accidat,
747 2684 877 2717 excitant,
904 2692 931 2713 ct
954 2686 1006 2713 im-

1061 1580 1117 1606 Καὶ
1137 1580 1200 1606 ὅσον
1216 1582 1246 1606 τὸ
1266 1580 1310 1606 ἐπ’
1330 1580 1404 1615 αὑτῷ
1427 1581 1473 1607 τὸν
1503 1580 1553 1615 τὴν
1578 1580 1746 1615 χειροτονίαν
1766 1580 1845 1614 αὑτῷ

1059 1625 1247 1655 ἐπιτεθεικότα
1261 1628 1291 1653 οὐ
1312 1627 1473 1663 περιύϐρισε
1500 1627 1548 1654 καὶ
1568 1627 1749 1663 κατῄσχυνεν,
1772 1627 1843 1654 ἀλλὰ

1059 1672 1093 1699 δι’
1109 1673 1233 1708 ἀνάγκην
1246 1673 1325 1712 τοῦτο
1340 1674 1485 1708 πεποίηκε.

1354 1742 1473 1770 ΚΔΝΩΝ
1490 1743 1540 1771 ΙΘ¹.

1063 1818 1073 1835 ι
1096 1809 1157 1836 ’Ότι
1173 1809 1214 1835 δεῖ
1229 1808 1292 1840 τοὺς
1303 1808 1356 1836 τῶν
1373 1809 1524 1845 ἐκκλησιῶν
1535 1810 1709 1851 προεστῶτας
1720 1810 1750 1836 ἐν
1765 1810 1842 1847 πάσῃ
1868 1841 1871 1842 ν

1098 1854 1179 1890 [μὲν
1209 1855 1312 1890 ἡμέρᾳ,
1345 1855 1492 1890 ἐξαιρέτως
1527 1855 1556 1881 δὲ
1586 1857 1645 1886 ταῖς
1674 1857 1842 1890 Κυριακσῖς,

1098 1912 1107 1927 ι
1132 1903 1220 1929 πάντα
1236 1902 1281 1929 τὸν
1294 1902 1394 1938 κλῆρον
1406 1902 1453 1929 καὶ
1468 1903 1513 1929 τὸν
1526 1901 1589 1929 λαὺν
1598 1902 1767 1929 ἐκδιδάσκειν
1780 1903 1843 1933 τοὺς

1097 1957 1106 1974 ι
1130 1948 1179 1983 τῆς
1198 1948 1340 1980 εὐσεϐείας
1368 1949 1474 1988 λόγους,
1503 1950 1535 1975 ἐκ
1562 1948 1612 1983 τῆς
1633 1948 1708 1979 θείας
1727 1949 1842 1983 Γραφῆς

1097 2003 1106 2019 ι
1131 1994 1347 2029 ἁναλεγομένους
1355 1995 1388 2020 τὰ
1400 1995 1449 2029 τῆς
1463 1995 1591 2029 ἀληθείας
1604 1995 1729 2030 νοήματα
1746 2003 1778 2021 τε
1794 1995 1843 2021 καὶ

1096 2050 1105 2065 ι
1130 2041 1261 2076 κρίματα,
1283 2041 1381 2076 καὶμὴ
1399 2041 1618 2075 παραϐαίνοντας
1643 2042 1705 2072 τοὺς
1720 2041 1771 2076 ἢδη
1797 2050 1844 2067 ’τε-

1098 2095 1107 2111 ι
1130 2085 1225 2117 θέντας
1240 2086 1319 2121 ὄρους
1334 2087 1349 2120 ἧ
1366 2086 1415 2120 τὴν
1428 2087 1460 2112 ἐκ
1476 2087 1531 2113 τῶν
1553 2086 1691 2122 θεοφόρων
1707 2087 1842 2122 Πατέρων

1097 2142 1106 2157 ι
1129 2133 1278 2168 παράδοσιν
1291 2141 1298 2148 ·
1312 2132 1382 2160 ἀλλὰ
1396 2133 1441 2159 καὶ
1455 2134 1478 2159 εί
1503 2134 1636 2168 γραφικὸς
1660 2134 1842 2168 ἀνακινηθείη

1099 2187 1108 2203 ι
1131 2178 1220 2211 λόγος,
1250 2178 1287 2213 μὴ
1304 2178 1392 2209 ἄλλως
1415 2179 1508 2205 τοῦτον
1528 2179 1754 2214 ἐρμηνευέτωσαν
1769 2179 1787 2214 ἢ
1804 2179 1842 2210 ὡς

1099 2234 1108 2250 ι
1130 2225 1163 2251 ἂν
1179 2225 1203 2251 οί
1220 2225 1269 2259 τῆς
1293 2225 1457 2259 Ἑκκλησίοις
1474 2225 1617 2260 φωστῆρες
1645 2226 1691 2251 καὶ
1708 2225 1842 2268 διδασκα-

1097 2280 1106 2296 ι
1129 2271 1169 2297 λοι
1186 2271 1229 2297 διὰ
1246 2271 1300 2297 τῶν
1313 2272 1421 2297 οίκείων
1439 2271 1663 2306 συγγραμμάτων
1674 2271 1841 2306 παρέθεντο·

1097 2326 1106 2342 ι
1129 2317 1176 2343 καὶ
1199 2317 1338 2350 μᾶλλονέν
1349 2317 1699 2351 τούτοιςιεὺδοκιμείτωσαν
1711 2317 1728 2352 ἦ
1743 2318 1842 2352 λόγους

1096 2372 1105 2388 ι
1128 2363 1243 2394 οἰκείους
1261 2363 1465 2395 συντάττοντες,
1481 2363 1524 2388 ἴνα
1542 2363 1579 2398 μὴ
1604 2363 1678 2389 ἐστιν
1695 2363 1740 2403 ὅτε
1770 2364 1841 2398 πρὸς

1095 2419 1104 2435 ι
1127 2409 1204 2436 τοῦτο
1217 2409 1327 2444 ἀπόρως
1342 2400 1449 2444 ἔχοντες
1470 2409 1651 2436 ἀποπίπτοιεν
1667 2409 1715 2435 τοῦ
1736 2411 1842 2444 προσή-

1096 2465 1105 2480 ι
1128 2463 1231 2483 κοντος.
1248 2455 1298 2481 Διὰ
1316 2455 1368 2490 γὰρ
1386 2456 1434 2490 τῆς
1452 2455 1507 2481 τῶν
1534 2451 1690 2492 εἰρημένων
1706 2456 1838 2489 Πατέρων

1096 2510 1106 2526 ι
1129 2501 1303 2532 διδασκαλίας
1317 2502 1341 2527 ol
1357 2501 1427 2533 λαοὶ,
1440 2502 1468 2527 ἐν
1480 2502 1577 2535 γνώσει
1589 2501 1726 2536 γινόμενοι
1740 2502 1794 2528 τῶν
1808 2510 1838 2528 τε

1098 2558 1107 2574 ‹
1130 2548 1283 2575 σπουδαίων
1303 2548 1353 2579 ,καὶ
1382 2547 1498 2582 αἱρετῶν
1524 2548 1570 2573 καὶ
1590 2547 1644 2574 τῶν
1669 2548 1839 2584 ἀσυμφόρων

1090 2601 1106 2622 ἰ
1130 2596 1176 2622 καὶ
1186 2594 1355 2630 ὰποϐλήτων,
1371 2594 1415 2620 τὸν
1430 2594 1488 2628 βίον
1503 2592 1757 2628 μεταρῤυθμίζουσι
1770 2594 1840 2629 πρὸς

1098 2652 1106 2667 ι
1129 2641 1160 2668 τὺ
1178 2641 1290 2676 βέλτιον,
1309 2641 1355 2667 καὶ
1366 2639 1404 2674 τῷ
1417 2640 1465 2674 τῆς
1480 2639 1589 2673 ἀγνοίας
1612 2640 1661 2674 οὐχ
1680 2639 1840 2666 ἁλίσκονταί

1098 2697 1108 2714 ι
1131 2689 1225 2721 πάθει,
1243 2686 1310 2714 ἀλλὰ
1336 2685 1520 2720 προσήκοντες
1532 2685 1565 2719 τῇ
1591 2684 1751 2720 διδασκαλίᾳ
1769 2685 1839 2719 (80),

835 2787 934 2818 Guill.
954 2789 1230 2829 Beveregii'notze.

464 2844 671 2879 προσήκοντες
700 2846 736 2881 τῇ
764 2847 954 2885 διδασκαλίᾳ.
990 2851 1006 2879 1.

1077 2853 1145 2881 ldum
1177 2853 1252 2888 juxta
1286 2861 1337 2880 ms.
1368 2852 1625 2886 Amerbacltianum,
1658 2854 1842 2891 προσέχοντες

232 2876 264 2909 τῇ
280 2875 447 2911 διδασκαλίᾳ.
