1941 3093
222 142 280 174 575

842 149 980 180 THEOD.
999 147 1201 182 BALSAMON

1784 154 1840 186 576

224 203 315 234 fuerit,
331 203 423 230 adeas
451 204 561 235 reverti,
591 211 677 239 neque
708 206 808 232 diutius
839 206 865 233 in
892 210 1002 233 externa

1074 215 1110 234 ειν
1122 209 1154 243 τῇ
1174 208 1261 244 χώρᾳ,
1288 207 1305 247 ᾖ
1331 209 1555 245 προσεληλύθασι,
1581 209 1632 245 τῆς
1659 211 1840 246 προφάσεως,

225 250 333 284 regione
347 250 380 276 ad
403 257 483 283 quam
515 256 696 284 accesserunt,
723 258 852 285 praytextu
882 257 1008 280 cessante

226 294 392 329 peregrinari
408 302 492 322 canon
506 295 592 329 jubet.
612 296 734 324 Cleriros
758 303 857 330 autem,
881 299 926 331 qui
953 305 1006 325 non

225 340 347 371 redeunt,
365 344 393 365 ιιι
407 340 536 368 ecclesias
549 341 575 368 in
593 342 691 376 quibus
705 343 822 369 ordinati
847 348 920 375 sunt.
947 344 1007 371 sine

225 393 307 412 causa
344 385 537 420 relinquentes,
569 393 596 414 et
628 389 688 414 aliis
722 395 848 417 vacantes
872 390 1006 425 segregari

222 431 308 465 jubet,
325 440 409 467 usque
424 433 486 464 dum
503 434 535 459 ad
550 434 704 466 ecclesiam,
721 443 735 462 e
750 444 801 470 qua
825 435 1004 471 emigrabant,

225 484 416 506 revertantur:
435 479 520 514 ipsum
535 488 615 514 porro
632 482 787 516 episcopum
810 483 854 517 qui
885 490 931 510 eos
960 483 1008 510 ad—

223 523 298 551 misit
312 530 338 551 et
353 525 465 558 detinet,
485 528 666 563 segregationi
682 527 803 562 subjicit,
822 530 940 564 quandiu
960 537 1007 558 eos

224 571 336 599 detinet.
717 573 723 579 ‘

222 638 336 666 ARIST.
370 649 380 665 ι
405 640 456 673 Qui
488 641 655 670 barbaricam
679 649 789 678 propter
824 645 1005 673 incursionem

262 695 271 710 1
302 687 442 719 emigravit
465 693 589 715 cessante
615 689 778 722 incursione,
806 692 839 718 ad
863 692 1005 720 ecclesiam

261 741 270 756 1
303 732 330 758 in
357 733 433 766 cujus
465 733 566 760 clerum
597 740 738 769 cooptatus
761 741 802 764 est
844 735 1004 764 revertatur.

262 787 290 812 1,
305 777 351 804 Sin
369 779 468 811 minus,
486 787 537 806 una
559 788 621 807 cum
637 789 679 813 eo,
709 782 742 808 ad
775 791 854 818 quem
880 785 1004 817 accessit,

260 832 269 847 1
299 829 464 859 segregatum
488 833 496 849 ι
545 837 547 840 -

257 887 387 928 ῼιριὶρηε,
415 890 458 924 qui
483 891 541 917 sine
567 899 647 919 causa
673 893 763 928 aliqua
798 896 948 932 necessaria
971 899 1005 926 ab

180 956 183 958 .
221 934 335 960 ecclesia
354 934 380 960 in
400 943 448 968 qua
464 937 489 962 in
502 938 601 964 clerum
615 944 755 973 cooptatus
771 940 831 973 fuit,
849 944 959 974 recedit.
978 949 1004 971 ct

223 978 301 1006 alium
321 980 376 1006 adit
392 981 543 1014 ecclesiam,
558 988 593 1009 ,οι
622 984 654 1011 ab
675 986 801 1020 episcopo
824 988 868 1022 qui
902 988 936 1016 ibi
963 995 1004 1017 est

222 1026 383 1058 admittitur,
398 1033 424 1053 et
439 1028 507 1055 inter
520 1029 634 1057 clericos
651 1031 710 1065 ejus
734 1038 902 1066 recensetur,
921 1036 1004 1069 «ιιιρο-

225 1071 310 1103 nitur,
329 1080 381 1099 una
396 1081 456 1100 cum
472 1082 504 1101 eo
522 1075 567 1110 qui
581 1084 641 1104 eum
654 1078 762 1106 admisit
777 1084 805 1106 ut
827 1088 913 1108 canon
932 1082 1004 1109 deci-

224 1125 282 1143 mus
297 1119 428 1153 septimus
444 1125 505 1148 ante
520 1122 638 1156 scriptus
649 1123 779 1153 decernit.
797 1125 846 1158 Qui
861 1133 950 1154 autem
970 1128 1005 1156 ob

222 1160 400 1190 Barbarorum
415 1164 596 1194 incursionem
610 1173 657 1195 aut
673 1170 753 1196 aliam
770 1171 1002 1200 circumstantiam

223 1214 365 1235 euusamve
377 1209 478 1246 justam
496 1212 608 1239 ecclesia
623 1222 670 1241 sua
686 1216 801 1250 emigrat
821 1217 947 1251 clericus,
970 1219 1004 1252 si,

223 1261 302 1281 causa
319 1255 360 1281 illa
373 1257 407 1282 ob
420 1264 498 1290 quam
517 1259 643 1293 migravit
655 1268 790 1293 cessante,
805 1264 837 1290 ad
859 1265 1003 1292 ecclesiam

224 1307 311 1332 satam,
330 1302 355 1327 in
370 1303 463 1335 quain
482 1304 583 1332 clerum
612 1313 752 1341 cooptatus
777 1309 839 1342 fuit,
869 1319 920 1338 non
946 1306 1005 1341 .vult

225 1346 323 1378 redire,
342 1353 505 1383 segregatur,
524 1359 574 1378 una
588 1359 649 1380 cum
663 1353 787 1389 episcopo
801 1364 845 1391 qut
862 1365 922 1385 eum
940 1359 1004 1386 reti—

225 1397 280 1423 net,
293 1400 377 1427 usque
392 1396 453 1422 dum
479 1396 511 1423 ad
537 1405 595 1424 eam
623 1407 755 1429 recurrat.
784 1402 870 1429 Causa
900 1408 1002 1438 autem,

225 1443 334 1472 propter
348 1448 427 1474 quam
441 1442 485 1469 ltic
512 1444 620 1478 quidem
652 1453 821 1482 segregatur,
842 1449 886 1477 ille
914 1456 1002 1478 autem

224 1484 459 1521 1lt-ponilur,justa
479 1494 528 1516 est.
543 1490 596 1518 Nec
609 1493 681 1519 enim
706 1499 733 1520 ut
750 1494 804 1526 ille,
833 1497 871 1523 sic
892 1497 945 1530 hic,
969 1499 1002 1526 ab

1059 253 1262 290 παρελθούσηςο
1277 256 1340 288 τοὺς
1359 256 1386 282 δὲ
1402 255 1440 290 μὴ
1454 255 1613 287 ἐπανιόντας
1631 256 1788 291 κληρικοὺς,
1800 256 1844 288 ὡς

1058 300 1269 335 ἀπροφασίστως
1282 302 1332 333 τὰς
1351 302 1496 337 ἐκκλησίας
1523 302 1791 337 καταλιμπάνοντας.
1809 303 1842 328 ἐν

1058 342 1102 376 αἷς
1116 346 1331 382 κατετάχθησαν,
1350 348 1396 374 καὶ
1412 345 1518 382 ἑτέραις
1534 347 1724 383 σχολάζοντας,
1739 348 1844 382 ἀφορί-

1058 392 1150 424 ζεσθαι
1171 393 1285 427 κελεύει,
1305 395 1357 426 ἕως
1381 395 1413 421 ἂν
1445 396 1612 422 ὲποινὲλθωσι
1633 396 1701 431 πρὺς
1720 396 1771 430 τὴν
1791 397 1842 422 ἐκ·

1057 439 1172 475 κλησίαν
1196 440 1225 473 ἐξ
1239 438 1272 477 ἧς
1289 441 1487 477 ὑπεχώρησαν·
1511 442 1558 469 καὶ
1576 442 1622 469 τὸν
1644 442 1796 469 ἐπίσκοπον
1811 442 1842 468 δὲ

1057 485 1102 512 τὸν
1126 486 1272 522 δεξάμενον
1303 488 1351 514 καὶ
1381 488 1529 523 κατέχοντα
1562 489 1661 520 αὐτοὺς
1688 487 1841 523 ἀφορισμῷ

1057 533 1212 569 ὑποτίθησι,
1235 534 1331 570 μέχρις
1350 534 1384 561 ἃν
1396 535 1499 570 κατέχῃ
1515 534 1625 566 αὐτούς.
1835 540 1846 546 ‘

1058 646 1165 673 ΑΡΙΣΤ.
1190 655 1199 671 1
1223 646 1252 673 '0
1270 647 1312 674 διὰ
1335 647 1507 684 βαρὸαρικὴν
1539 648 1690 684 ἐπιδρομὴν
1710 650 1842 684 μετανά-

1094 702 1102 718 ι
1127 701 1203 726 στης.
1215 693 1392 728 παυσαμένης
1404 694 1453 728 τῆς
1466 694 1626 730 ἐπιδρομῆς,
1641 695 1839 722 παλινοστείτω

1075 747 1104 771 \1
1127 738 1193 773 πρὸς
1209 739 1259 774 τὴν
1274 739 1423 774 ἐκκλησίαν
1485 741 1659 776 κεκλήρωται
1671 749 1679 756 ·
1698 742 1722 768 εί
1735 743 1763 769 δὲ
1786 743 1841 778 μὴ,

1093 792 1102 808 ι
1128 785 1195 818 μετὰ
1213 784 1259 810 τοῦ
1281 785 1493 828 προσειληφότας
1508 786 1681 822 ἀφορίζεται.
1700 796 1710 813 ›

1096 891 1125 918 '0
1142 891 1190 926 μὲν
1206 891 1242 927 μὴ
1255 892 1298 919 διά
1314 901 1375 919 τινα
1395 893 1556 928 περίστασιν
1577 894 1757 930 ἀναχωρήσας
1770 895 1840 931 κληο

1058 937 1133 972 ρικὺς
1146 938 1195 973 τῆς
1211 938 1359 974 ἐκκλησίας
1411 939 1565 976 ἐκληρώθη,
1584 941 1630 967 καὶ
1650 942 1718 976 πρὸς
1738 942 1840 978 ἑτέραν

1056 983 1181 1010 ἀπελθὼν
1195 985 1355 1020 ἐκκλησίαν,
1373 986 1419 1012 καὶ
1442 986 1517 1021 παρὰ
1542 986 1589 1013 τοῦ
1614 988 1705 1014 ἐκεῖσε
1724 988 1839 1015 ἐπισκό-

1058 1039 1108 1056 που
1121 1030 1305 1065 προσδεχθεὶς,
1318 1032 1365 1058 καὶ
1379 1033 1435 1064 τοῖς
1445 1032 1585 1067 κληρικοίς
1598 1032 1680 1060 αὺτοῦ
1698 1043 1841 1068 συγκατα-

1056 1076 1157 1110 λεγεὶς,
1186 1076 1357 1112 καθαιρεῖται
1380 1077 1428 1104 σὺν
1455 1078 1493 1112 τῷ
1513 1078 1723 1114 προσδεξαμὲνῳ
1741 1080 1836 1112 αὐτὸν,

1058 1123 1149 1155 καθὼς
1161 1125 1174 1150 ὁ
1190 1125 1360 1159 προγραφεὶς
1380 1125 1611 1157 ἑπτακαιδέκατος
1624 1127 1709 1161 ὁρίζει
1732 1127 1838 1156 κανὼν.

1062 1169 1090 1196 ’0
1105 1170 1133 1196 δὲ
1151 1169 1185 1196 δι’
1198 1171 1348 1206 ἐπιδρομὴν
1366 1172 1516 1206 Βαρϐάρων
1533 1172 1549 1207 ἧ
1572 1166 1733 1207 περίστασιν
1749 1172 1837 1207 ἄλλην

1058 1216 1228 1251 μετανάστης
1246 1218 1297 1251 τῆς
1317 1218 1384 1250 ἰδίας
1404 1218 1553 1253 ἐκκλησίας
1574 1219 1721 1254 γενόμενος
1739 1219 1838 1253 κληρι-

1056 1263 1115 1295 κὸς,
1133 1263 1191 1295 ἐὰν,
1204 1263 1250 1289 τοῦ
1264 1264 1350 1290 αίτίου
1364 1264 1399 1291 δι’
1414 1264 1428 1290 ὃ
1439 1265 1618 1301 ὑπεχώρησεν
1631 1265 1836 1300 ἐπιλείψαντος,

1055 1310 1086 1336 οὐ
1098 1309 1206 1344 θελήσει
1218 1311 1298 1337 πάλιν
1307 1311 1464 1340 ἐπανελθεῖν
1473 1312 1513 1343 είς
1528 1312 1577 1346 τὴν
1590 1312 1738 1347 ἐκκλησίαν
1750 1312 1836 1338 αὑτοῦ

1055 1356 1084 1382 ἐν
1132 1356 1285 1391 ἐκληρώθη,
1301 1356 1459 1390 ἀφορίζεται
1477 1358 1524 1384 σὺν
1539 1357 1578 1392 τῷ
1594 1358 1734 1392 κατέχοντι
1752 1357 1839 1384 αὐτὸν

1056 1401 1207 1437 ἐπισκόπῳ,
1228 1402 1325 1436 μέχρις
1343 1402 1376 1429 ἂν
1402 1402 1470 1438 πρὸς
1480 1402 1565 1438 αὐτὴν
1589 1402 1780 1439 ἐπαναδράμῃ.
1803 1402 1839 1428 Ἦ

1055 1447 1084 1475 δὲ
1101 1448 1185 1479 αἰτία,
1207 1448 1287 1484 δι’ἢν
1315 1449 1365 1483 μὲν
1384 1446 1461 1480 οὗτος
1489 1449 1657 1484 ἀφορίζεται,
1676 1444 1783 1481 ἐκεῖνος
1808 1449 1840 1476 δὲ

1056 1494 1238 1529 καθαιρείται,
1261 1495 1373 1528 εὔλογος
1387 1503 1394 1511 ·
1419 1495 1479 1522 οὐδὲ
1503 1495 1568 1530 γὰρ,
1595 1495 1631 1526 ὡς
1654 1496 1768 1526 ἐκεῖνος,
1788 1496 1840 1522 καὶ

225 1529 302 1557 initio
322 1533 381 1558 sine
397 1533 469 1567 justa
483 1543 563 1563 causa
579 1539 699 1566 recessit.
719 1539 939 1576 Quandoquidem
955 1543 999 1571 ille

1074 1537 1133 1571 ὗτος
1149 1541 1179 1573 ἐξ
1202 1540 1290 1576 ἀρχῆς
1310 1540 1486 1575 ὑπεχώρησεν
1506 1529 1570 1568 ἄνευ
1598 1540 1710 1574 εὐλόγου
1732 1540 1840 1571 αίτίας.

225 1582 296 1611 cum,
315 1577 359 1611 qui
379 1580 574 1609 ordinationem
589 1583 638 1618 ipsi
660 1585 796 1618 imposuit,
821 1593 949 1622 quantum
975 1591 1002 1617 in

225 1628 257 1648 eo
271 1621 331 1655 fuit,
347 1624 443 1658 injuria
455 1632 482 1654 et
492 1629 589 1662 probro
605 1638 657 1657 non
673 1631 759 1660 affecit
783 1621 836 1661 sed?
852 1638 1004 1664 necessario

226 1666 278 1695 hoc
292 1668 365 1697 fecit.

512 1740 627 1771 CANON
641 1744 711 1773 XIX.

227 1810 238 1827 1
260 1802 335 1850 quod
348 1811 453 1838 oportet
466 1815 511 1835 eos
529 1811 574 1844 qui
589 1820 708 1847 praesunt
722 1816 854 1850 ecclesiis,
870 1819 896 1845 in
919 1821 1006 1847 omni-

263 1857 273 1873 1
291 1848 340 1876 bus
354 1851 461 1884 quidem
484 1855 589 1889 diebus.
616 1860 662 1886 sed
691 1868 824 1896 przectpue
847 1848 1005 1901 Dominicis,

261 1904 271 1920 1
287 1903 393 1924 omnem
407 1899 507 1927 clerum
523 1907 549 1928 et
571 1905 698 1937 populum
724 1907 823 1935 docere
845 1911 952 1944 pietatis
979 1899 1006 1942 et

260 1948 271 1965 1
290 1946 370 1970 rectae
396 1943 532 1977 religionis
554 1947 670 1983 eloquia,
697 1958 728 1978 cx
756 1943 852 1981 divina
866 1956 1003 1990 Scriptura

262 1994 272 2011 1
288 1987 442 2022 colligentes
454 1989 645 2025 intelligentias
667 2000 694 2021 et
711 1996 811 2030 judicia
830 1987 959 2034 veritatis,
978 2007 1005 2030 et

261 2038 272 2056 ι
289 2039 340 2059 non
355 2036 577 2069 transgretlientis
589 2038 644 2072 jam
669 2042 770 2074 positos
795 2045 934 2079 terminos,
964 2049 1006 2075 vel

262 2085 271 2101 1
289 2076 437 2106 divinorum
452 2079 562 2108 Patrum
587 2084 779 2114 traditionem:
811 2089 857 2115 sed
873 2094 900 2116 et
925 2076 947 2118 si
972 2093 1005 2120 ad

262 2124 460 2159 1~Seripturam
478 2130 616 2162 pertinens
628 2135 812 2161 controversia
826 2136 915 2171 aliqua
929 2140 1003 2167 circi.

246 2168 271 2195 "1
291 2176 342 2197 tata
358 2172 447 2206 fuerit,
463 2182 496 2201 ne
513 2183 572 2203 eam
585 2178 903 2216 aliter_interpretentur.
924 2193 1003 2219 quam

263 2223 272 2239 1
295 2220 322 2242 ut
338 2216 464 2245 Ecclesia:
478 2219 621 2248 luminaria
636 2228 663 2249 et
678 2225 801 2253 doctores
824 2229 881 2255 suis
898 2216 1003 2264 scriptis

262 2271 271 2285 1
287 2269 486 2297 exposuerunt;
500 2271 527 2293 et
545 2267 672 2300 majorem
686 2279 718 2298 ex
743 2273 775 2299 iis
800 2274 904 2302 laudem
928 2284 1004 2304 asse-

262 2316 271 2331 1
291 2313 416 2342 qitantur,
429 2318 507 2344 quant
520 2313 542 2339 si
580 2316 701 2349 proprios
735 2326 871 2347 sermones
893 2329 1003 2358 compo-

261 2361 270 2378 1
288 2358 362 2385 nant,
396 2364 429 2382 ne
442 2356 504 2383 dum
527 2360 686 2395 quandoque
698 2364 765 2390 adid
786 2366 919 2400 luesitaut,
931 2356 1004 2397 abeo

261 2407 271 2426 1
288 2399 358 2432 quod
383 2403 526 2436 convertit,
546 2407 682 2434 excidant.
708 2409 758 2436 Per
784 2411 915 2441 dictorum
933 2417 1002 2443 cuitu

262 2453 271 2469 1
291 2444 400 2472 Patrum
418 2447 578 2483 doctrinam,
593 2454 693 2488 populi,
706 2455 739 2482 ad
750 2464 842 2485 eorum
862 2467 921 2494 qum
940 2468 1003 2489 sunt

262 2499 272 2515 1
294 2491 361 2518 bona
379 2497 406 2519 et
425 2498 584 2530 expetenda,
607 2503 633 2525 et
653 2500 757 2529 inutilia
785 2511 816 2530 ac
843 2491 1000 2541 rejicicnda,

262 2546 271 2562 1
293 2538 472 2572 cognitionem
488 2543 633 2574 venientes.
651 2546 730 2574 vitam
744 2549 770 2575 in
787 2538 883 2579 melius
895 2561 1002 2587 compo-

262 2592 272 2608 ι
288 2589 363 2617 num,
382 2593 432 2613 nec
446 2587 603 2621 ignorantia:
618 2591 699 2627 178
716 2594 770 2621 vitii
792 2598 1001 2633 convincuntur,

262 2638 272 2655 1
288 2630 334 2657 sed
349 2630 477 2659 doctrina:
494 2641 609 2663 mentem
637 2638 808 2674 adhibentes,
837 2644 940 2678 scipsos
970 2630 1002 2672 ad

261 2684 273 2702 1
291 2675 329 2710 id,
342 2685 376 2706 ne
392 2679 454 2706 ntali
467 2681 530 2715 quid
547 2682 586 2710 cis
605 2685 719 2718 accidat,
745 2689 873 2722 excitant,
901 2697 928 2718 et
951 2692 1003 2719 im-

1058 1585 1114 1612 Καὶ
1135 1586 1196 1612 ὅσον
1213 1588 1243 1612 τὸ
1263 1586 1307 1612 ἐπ’
1327 1580 1401 1620 αὐτῷ
1425 1586 1470 1613 τὸν
1500 1586 1550 1621 τὴν
1575 1586 1742 1621 χειροτονίαν
1761 1585 1840 1621 αὐτῷ

1057 1631 1244 1661 ἐπιτεθεικότα
1258 1634 1288 1659 οὺ
1309 1633 1469 1669 περιύϐρισε
1498 1633 1546 1660 καὶ
1564 1633 1745 1669 κατῄσχυνεν.
1767 1632 1839 1660 ἀλλὰ

1056 1678 1090 1705 δι’
1106 1678 1230 1714 ἀνάγκην
1244 1678 1322 1718 τοῦτο
1337 1679 1482 1714 πεποίηκε.

1352 1748 1470 1776 ΚΑΝΩΝ
1487 1748 1526 1776 19’
1529 1769 1538 1777 .

1060 1823 1069 1841 ι
1092 1815 1153 1842 Ὀτι
1170 1815 1211 1841 δεῖ
1226 1814 1289 1846 τοὺς
1299 1814 1353 1842 τῶν
1370 1815 1521 1850 ἐκκλησιῶν
1532 1815 1705 1851 προεστῶτας
1716 1816 1746 1842 ἐν
1761 1816 1838 1853 πάσῃ
1864 1848 1869 1849 γ

1095 1868 1115 1885 ι.
1129 1860 1177 1895 μὲν
1206 1861 1309 1896 ἡμέρᾳ,
1342 1861 1489 1896 ἐξαιρέτως
1525 1861 1553 1887 δὲ
1583 1854 1642 1892 ταῖς
1671 1862 1838 1895 Κυριακαῖς,

1095 1917 1104 1933 1
1129 1908 1216 1935 πάντα
1233 1908 1278 1934 τὸν
1291 1908 1391 1944 κλῆρον
1403 1908 1450 1935 καὶ
1465 1908 1510 1935 τὸν
1523 1908 1586 1935 λαὸν
1595 1908 1763 1935 ἐκδιδάσκειν
1775 1909 1840 1939 τοὺς

1094 1963 1103 1980 1
1127 1954 1176 1988 τῆς
1195 1954 1337 1986 εὐσεϐείας
1365 1955 1470 1987 λόγους,
1500 1956 1532 1981 ἐκ
1559 1955 1609 1988 τῆς
1630 1954 1705 1985 θείας
1723 1955 1838 1989 Γραφῆς

1094 2009 1103 2025 ι
1128 1999 1344 2034 ἁναλεγομένους
1353 2000 1385 2026 τὰ
1397 1990 1446 2035 τῆς
1460 2001 1588 2035 ἀληθείας
1601 2001 1725 2035 νοήματά
1742 2009 1774 2026 τε
1789 2001 1838 2027 καὶ

1093 2055 1102 2071 ι
1127 2046 1258 2081 κρίματα,
1280 2046 1378 2082 καὶμὴ
1396 2047 1615 2082 παρασαίνουτας
1640 2048 1703 2078 τοὺς
1717 2047 1767 2082 ἠδη
1792 2056 1839 2073 τε-

1088 2100 1104 2116 γι
1127 2092 1222 2122 θέντας
1237 2092 1316 2126 ὅρους
1330 2092 1346 2126 ἢ
1364 2092 1412 2126 τὴν
1426 2092 1457 2118 ἐκ
1474 2092 1528 2119 τῶν
1550 2092 1688 2128 θεοφόρων
1704 2094 1838 2128 Πατέρων

1093 2147 1103 2163 1
1126 2138 1275 2173 παράδοσιν
1288 2146 1295 2153 '
1309 2138 1379 2166 ἀλλὰ
1393 2139 1438 2165 καὶ
1452 2140 1475 2165 εἰ
1500 2140 1634 2174 γραφικὸς
1657 2140 1836 2174 ἀνακινηθείη

1096 2192 1105 2209 1
1128 2183 1217 2217 λόγος,
1247 2184 1284 2218 μὴ
1301 2184 1389 2215 ἄλλως
1412 2185 1506 2211 τοῦτον
1525 2185 1750 2219 ἐρμηνευέτωσαν
1765 2185 1781 2220 ἢ
1799 2185 1838 2216 ὡς

1096 2239 1106 2256 1
1127 2230 1160 2257 ἂν
1175 2231 1200 2256 οἱ
1217 2231 1265 2264 τῆς
1291 2231 1454 2264 Ἐκκλησίας
1471 2230 1614 2266 φωστῆρες
1642 2232 1688 2257 καὶ
1705 2231 1836 2258 διδάσκα-

1093 2286 1102 2302 1
1125 2277 1166 2303 λοι
1183 2276 1226 2303 διὰ
1243 2277 1297 2302 τῶν
1310 2277 1418 2302 οἰκείων
1436 2277 1661 2311 συγγραμμάτων
1672 2271 1835 2312 παρέθεντο-

1094 2332 1102 2347 ι
1127 2322 1173 2348 καὶ
1196 2322 1298 2356 μᾶλλον
1305 2323 1334 2349 ὲν
1346 2322 1695 2357 τούτοιςιεὺδοκιμείτωσαν
1708 2323 1724 2357 ἦ
1739 2323 1836 2357 λόγους

1093 2377 1102 2394 1
1124 2369 1239 2400 οἰκείους
1258 2368 1462 2401 συντάττοντες,
1478 2368 1521 2394 ἴνα
1539 2369 1576 2403 μὴ
1602 2368 1675 2394 ἐστιν
1692 2369 1736 2406 ὅτε
1766 2370 1836 2404 πρός

1091 2424 1100 2441 1
1124 2415 1201 2441 τοῦτο
1214 2415 1324 2449 ἀπόρως
1340 2404 1446 2450 ἔχοντες
1467 2415 1648 2441 ἀποπίπτοιεν
1664 2414 1711 2441 τοῦ
1732 2417 1837 2450 προσή-

1093 2470 1102 2486 1
1125 2469 1228 2489 κοντος.
1245 2461 1295 2487 Διὰ
1313 2460 1365 2496 γὰρ
1383 2461 1431 2495 τῆς
1449 2461 1504 2486 τῶν
1531 2457 1687 2496 εἰρημένων
1703 2461 1834 2494 Πατέρων

1093 2516 1102 2532 ι
1126 2507 1301 2538 διδασκαλίας
1314 2508 1338 2533 οἶ
1354 2507 1423 2538 λαοὶ,
1436 2508 1465 2533 ἐν
1477 2507 1574 2541 γνώσει
1586 2507 1723 2542 γινόμενοι
1736 2507 1789 2533 τῶν
1803 2515 1834 2533 τε

1095 2563 1104 2579 1
1127 2554 1280 2580 σπουδαίων
1304 2554 1350 2580 καὶ
1379 2553 1494 2588 αἱρετῶν
1521 2554 1568 2580 καὶ
1587 2553 1640 2579 τῶν
1665 2553 1834 2589 ἀσυμφόρων

1086 2606 1102 2627 '1
1127 2602 1173 2627 καὶ
1183 2601 1352 2636 ἁποὸλήτων,
1368 2600 1412 2626 τὸν
1427 2600 1485 2634 βίον
1500 2598 1752 2634 μεταρρυθμίςουσι
1765 2599 1835 2634 πρὸς

1095 2658 1103 2673 1
1126 2647 1157 2674 τὸ
1175 2647 1287 2682 βέλτιον,
1306 2647 1352 2672 καὶ
1363 2646 1401 2680 τῷ
1414 2646 1462 2680 τῆς
1477 2645 1587 2679 ἀγνοίας
1609 2646 1658 2680 οὐχ
1676 2645 1835 2672 ἁλίσκονταί

1095 2703 1104 2719 1
1128 2694 1222 2727 πάθει,
1240 2692 1307 2719 ἀλλὰ
1333 2691 1516 2726 προσήκοντες
1530 2692 1562 2725 τῇ
1589 2690 1746 2725 διδασκαλίᾳ
1763 2691 1834 2725 (80),

832 2793 930 2824 Guill.
951 2795 1116 2836 Beveregii
1136 2800 1227 2826 notzc.

264 2845 319 2877 (80)
341 2847 428 2874 Ἀλλὰ

229 2882 262 2915 τῇ
277 2881 443 2917 διδασκαλίᾳ.

460 2850 668 2885 προσήκοντες
697 2852 734 2887 τῇ
761 2853 951 2891 διδασκαλίᾳ.
987 2857 1004 2885 ὶ

1074 2859 1142 2887 idum
1174 2859 1249 2894 juxta
1283 2866 1334 2886 ms.
1365 2859 1622 2892 Amerbacltianum,
1655 2862 1837 2896 προσέχοντες
