1941 3093
86 178 136 211 585

587 185 628 215 IN
648 185 729 214 CAN.
752 184 821 214 XXI
840 183 943 217 CONC.
966 183 1006 216 IN
1027 183 1187 217 TBULLO.

1657 185 1708 216 586

123 236 151 262 ’0
168 235 247 262 τοῦτο
274 237 359 265 ποιῶν
389 239 550 274 ἐπίσκοπος,
567 242 631 268 ἐπεὶ
646 242 681 268 δι’
706 241 862 273 ἀλαζονείαι

958 243 1106 277 Episcopus
1124 243 1168 275 qui
1191 241 1242 269 hoc
1262 241 1339 275 facit,
1357 242 1487 276 quoniam
1513 249 1560 276 per
1589 247 1709 268 ostenta-

82 282 127 308 καὶ
139 281 224 316 τῦφον
248 283 296 309 καὶ
316 285 521 321 καταφρόνησιν
544 287 592 314 τοῦ
605 288 696 314 ἐκεῖσε
713 287 867 313 ἐπισκόπου

81 329 196 363 δημοσίᾳ
215 329 350 362 διδάσκει,
365 331 403 362 ὡς
425 332 582 365 σπουδάζων
598 332 805 368 καταισχύνειν,
821 331 868 358 καὶ

81 374 292 407 κατευτελίζειν,
307 377 354 402 καὶ
376 375 426 411 τὴν
451 377 596 413 ἀλλοτρίαν
622 379 758 414 καθέδραν
781 377 869 413 ἐαυτῷ

81 421 349 456 προμνηστεύεσθαι,
387 423 511 458 εὐλόγως
537 425 707 460 ’καυθήσεται
731 425 780 460 τῆς
807 425 868 451 ἔπι-

82 466 185 500 σκοπῆς
198 474 206 481 ·
226 467 240 492 ὁ
264 467 318 503 γὰρ
340 468 396 494 τῶν
410 470 561 505 ἀλλοτρίων
582 471 727 505 ἐφιέμενος
741 471 790 497 καὶ
814 470 869 497 τῶν

80 511 152 538 ἰδίων
173 512 348 547 στερῖσκεται
362 522 368 529 ·
386 515 430 546 εὶς
446 514 475 541 δὲ
490 515 536 542 τὸν
549 516 631 542 τόπον
649 515 703 542 τῶν
718 515 870 552 πρεσϐυτέ-

81 566 135 593 ρων
169 559 472 594 κατενεχθήσεται.καὶ
500 561 559 587 κατ“
591 562 682 588 αὐτῶν
710 561 867 597 ἐνεργήσει.

80 602 133 629 Καὶ
149 603 304 638 σημείωσαι
318 604 384 631 πότε
397 606 444 631 καὶ
459 605 608 636 ἐπίσκοπος
624 607 665 638 είς
678 607 866 642 πρεσὸυτὲρου

79 649 160 676 τόπον
185 650 344 683 κατάγεται.
371 650 399 677 '0
419 651 474 687 γὰρ
496 652 619 683 είκοστὺς
646 652 757 684 ἐννατος
776 652 868 680 κανὼν

77 694 125 728 τῆς
151 695 185 720 ὲν
214 694 368 730 Χαλκηδόνι
405 697 517 723 συνόδου
546 698 700 732 ἱεροσυλίαν
735 699 868 733 ἄντικρυς

78 740 156 767 καλεῖ
171 741 200 767 τὸ
221 741 268 767 τον
290 742 440 769 ἐπίσκοπον
460 744 501 774 είς
523 744 713 778 πρεσϐυτέρου
736 745 868 779 κατάγειν

79 786 194 821 βαθμὸν,
212 788 259 813 καὶ
275 788 319 822 ἔχε
334 787 380 814 τὸν
395 789 517 824 παρόντα
541 790 642 817 κανόνα
659 790 868 826 ὑπεξῃρημένον

59 830 67 839 ’
78 834 110 859 ἐκ
121 833 170 860 τοῦ
189 834 333 861 καθολικοῦ
350 835 457 862 ἐκείνου
471 836 595 868 κανόνος.

370 882 491 908 ΚΑΝΩΝ
511 882 577 909 KA'.

79 933 89 949 ι
111 925 140 951 οι
157 925 202 951 ἐπ’
218 925 374 960 ἐγκλήμασι
388 928 543 958 κανονικοϊς
559 927 615 961 (86)
628 927 777 954 ὐπεῦθυνοι
794 927 868 962 γινό‹

114 981 123 997 r
149 981 237 1006 μενοι,
252 973 298 998 καὶ
320 972 364 999 διὰ
385 973 466 1000 τοῦτο
492 973 622 1000 παντελεῖ
638 982 667 1001 τε
683 974 730 1001 καὶ
744 975 868 1010 διηνεκεῖ

114 1028 123 1044 ι
145 1018 305 1052 καθαιρέσει
331 1019 546 1055 ὑποϐαλλόμενοι
571 1021 618 1047 καὶ
635 1021 665 1046 ἐν
679 1019 718 1055 τῷ
732 1020 788 1046 τῶν
806 1020 867 1047 λαῖ-

113 1073 125 1090 ί
147 1065 205 1092 κῶν
224 1064 415 1100 ἀπωθούμενοι
432 1065 519 1100 τόπῳ,
536 1067 560 1092 εί
578 1067 628 1101 μὲν
642 1067 778 1098 ἑκουσίως
795 1067 864 1101 πρὸς

114 1120 125 1137 ι
148 1110 319 1145 ἐπιστροφὴν
356 1110 478 1145 ὁρῶντες
514 1110 642 1138 ἀθετοῦσι
683 1111 733 1146 τὴν
775 1112 867 1147 ἁμαρ-

113 1167 122 1183 ι
147 1157 209 1183 τίαν
237 1157 306 1192 (87),
322 1156 355 1183 δι’
386 1157 420 1192 ἢν
445 1157 496 1192 τῆς
525 1157 637 1192 χάριτος
657 1158 865 1192 ὲκπεπτὼκασι,

110 1213 122 1228 ι
147 1203 196 1229 καὶ
219 1202 322 1236 ταύτης
349 1202 443 1229 τέλεον
481 1202 641 1238 ἀλλοτρίους
666 1204 781 1236 ἑαυτοὺς
802 1204 868 1231 καθ-

112 1259 121 1273 ι
147 1248 252 1282 iactitat,
272 1249 312 1284 τῷ
325 1249 372 1276 τοῦ
394 1249 497 1285 κλήρου
522 1250 708 1285 κειρέσοωσαν
725 1251 865 1286 σχήματιθ

110 1304 121 1320 ε
147 1296 172 1322 εἰ
194 1295 222 1322 δὲ
247 1296 284 1332 μὴ
300 1296 381 1322 τοῦτο
398 1296 570 1332 αὐθαιρέτως
590 1298 766 1332 αἱρήσονται,
781 1298 867 1325 καθά-

110 1351 121 1365 (
146 1349 200 1376 περ
219 1343 244 1368 oi
266 1342 366 1375 λαῖκοὶ,
386 1342 434 1378 τὴν
457 1343 548 1378 κόμην
573 1343 810 1378 ἑπιτρειρέτωσαν,
828 1344 866 1376 ὡς

112 1396 123 1412 ι
147 1387 199 1422 τὴν
213 1389 242 1414 ὲν
257 1388 352 1423 κόσμῳ
374 1388 550 1425 ἀναστροφὴν
573 1389 623 1424 τῆς
649 1389 778 1424 οὐρανίου
793 1389 866 1426 ζωῆς

110 1443 120 1459 σ
146 1434 378 1468 προτιμήσαντες.

107 1480 210 1507 ΒΛΛΣ.
226 1480 383 1514 Σημείωσαι
410 1480 465 1507 ἀπὺ
492 1480 540 1507 τοῦ
578 1481 714 1517 παρόντος
752 1482 866 1514 κανόνος

66 1526 113 1552 ὅτι
147 1525 172 1551 οἱ
201 1525 255 1551 ἀπό
281 1533 354 1556 τινος
388 1525 562 1560 ἐγκλήματος
589 1526 803 1562 καθαιρούμενα
826 1528 866 1559 ὡς

922 288 1033 319 tionem,
1053 291 1078 312 et
1093 286 1260 320 superbiam,
1284 291 1311 313 et
1330 287 1459 321 episcopi,
1480 286 1524 320 qui
1552 286 1588 313 ibi
1601 292 1708 321 prun-st,

920 337 1104 367 contemptum
1122 331 1228 366 publice
1243 332 1332 365 docet,
1350 338 1379 359 ut
1401 341 1461 360 eum
1489 332 1653 366 pudefacere
1681 338 1709 360 ct.

919 379 1091 414 vilipendere
1111 383 1138 405 et
1162 378 1277 405 alienam
1304 379 1461 406 cathedram
1488 379 1538 406 sibi
1564 379 1710 406 concilia-t2

920 425 1097 457 contendens,
1110 423 1186 458 juste
1198 424 1356 458 episcopatu
1371 424 1528 459 tle-punitur.
1543 424 1594 457 Qui
1620 424 1708 451 alieni

919 472 992 498 enim
1009 470 1086 504 petit,
1106 476 1133 498 et
1145 470 1201 497 suis
1218 470 1350 503 privatur.
1369 470 1424 496 Sed
1438 470 1470 497 ad
1488 464 1709 504 presbyterorum

919 515 1009 543 locum
1024 515 1177 546 deducitur,
1192 521 1219 542 et
1235 515 1306 542 inter
1329 522 1376 542 eos
1403 522 1513 542 munere
1524 515 1660 548 fungetur.
1677 514 1711 541 Et

920 567 983 589 nota
999 561 1108 596 quando
1134 561 1215 588 etiam
1233 561 1376 595 episcopus
1395 560 1428 587 ad
1456 559 1605 595 presbyteri
1619 560 1709 588 locum

920 608 1070 635 reducitur.
1087 607 1154 634 Nam
1180 608 1408 635 undetricesitnus
1436 608 1531 644 synodi
1561 607 1712 635 Chalcedo-

920 654 1011 680 nensis
1030 660 1118 679 canon
1133 660 1147 680 e
1163 658 1256 680 contra
1285 653 1457 687 sacrilegium
1489 657 1566 679 Vocat
1592 652 1710 687 episcopi

919 698 952 726 ad
970 699 1121 734 presbyteri
1137 699 1250 733 gradum
1268 699 1471 730 deductionem,
1498 703 1524 725 et
1543 699 1615 726 hune
1641 706 1710 733 prae.

918 749 1022 771 sentem
1040 752 1172 772 canonem
1191 752 1224 772 ex
1240 752 1273 772 eo
1289 752 1394 772 canone
1410 745 1544 772 catholico
1566 748 1710 778 exceptum

920 788 1034 816 habeas.

1209 879 1326 907 CANON
1348 879 1419 907 XXI.

925 934 934 951 ί
951 925 1003 958 Qui
1020 926 1217 953 canonicorum
1231 927 1341 961 quidem
1358 927 1505 954 criminum
1530 926 1568 954 rei
1585 926 1659 959 facti,
1684 932 1712 952 ct

959 982 968 998 r
989 979 1132 1008 propterea
1158 973 1288 1009 perfectae
1322 981 1355 1002 ac
1384 979 1520 1009 perpetuae
1548 974 1710 1009 depositioui

956 1029 965 1046 ‹
986 1019 1123 1055 subjecti,
1154 1021 1180 1048 in
1210 1021 1341 1048 laicorum
1375 1021 1464 1048 locum
1492 1022 1595 1049 detrusi
1627 1026 1710 1052 sunt;

955 1075 965 1090 ι
985 1066 1119 1100 siquidem
1133 1066 1167 1093 ad
1192 1067 1397 1094 conversionem
1421 1074 1470 1094 sua
1501 1072 1597 1101 sponte
1623 1068 1710 1102 respi-

957 1121 966 1137 ι
983 1112 1086 1139 cientes
1101 1116 1241 1146 peccatum
1256 1112 1358 1145 delent,
1375 1118 1486 1147 propter
1505 1113 1576 1147 quod
1593 1120 1607 1140 tt
1623 1114 1711 1148 gratia

957 1168 966 1184 ε
985 1158 1153 1190 exciderunt.
1171 1163 1198 1185 et
1213 1158 1247 1185 ab
1258 1166 1291 1186 eo
1303 1166 1332 1186 se
1344 1159 1452 1193 penitus
1464 1159 1569 1186 alienos
1580 1158 1710 1191 elIiciunt,

957 1212 966 1228 ι
986 1203 1051 1231 cieri
1068 1204 1160 1231 habitu
1175 1206 1363 1233 tondeantur:
1391 1206 1434 1233 sin
1465 1210 1555 1233 autem
1583 1213 1635 1232 non
1662 1213 1710 1232 sua

957 1258 965 1273 ι
983 1253 1080 1282 sponte
1104 1248 1155 1276 hoc
1178 1249 1319 1285 elegerint,
1345 1258 1450 1278 coruunt
1477 1251 1548 1278 sicut
1575 1250 1637 1278 laici
1660 1258 1712 1278 nu-

956 1303 965 1320 ι
988 1295 1092 1329 triant,
1125 1300 1218 1331 utpote
1260 1297 1305 1330 qui
1338 1297 1501 1324 mundanam
1530 1305 1577 1325 seu
1626 1305 1712 1325 saccu-

957 1349 966 1366 ι
984 1341 1067 1368 larem
1098 1343 1335 1370 conversationem
1373 1343 1435 1370 vitae
1468 1343 1575 1372 cmlesti
1604 1339 1711 1379 pracpo-

955 1396 964 1413 ‹
983 1387 1100 1415 suerint.

953 1479 1048 1507 BALS.
1067 1480 1134 1507 Nota
1146 1487 1178 1507 ex
1199 1480 1250 1507 hoc
1270 1481 1396 1515 praesenti
1429 1487 1543 1514 canone,
1568 1483 1638 1515 quod
1664 1481 1710 1516 qui

918 1531 1026 1562 propter
1043 1527 1150 1560 aliquod
1165 1527 1268 1554 crimen
1286 1528 1468 1562 deponu'ntur,
1490 1533 1518 1555 ut
1541 1529 1602 1556 laici
1629 1537 1710 1564 repu-

69 1571 165 1598 λαῖκοὶ
177 1571 341 1605 λογίζονται,
358 1571 405 1598 καὶ
422 1572 452 1598 οὐ
468 1571 597 1599 δύνανται
615 1573 685 1607 μετὰ
704 1573 753 1608 τὴν
771 1574 862 1601 καθαί-

924 1578 1023 1605 tantur,
1038 1580 1087 1599 nec
1101 1577 1214 1607 possunt
1228 1573 1495 1607 postdepositionem
1511 1574 1613 1609 aliquid
1629 1583 1711 1610 age-ro

68 1626 150 1651 ρεσιν
175 1618 296 1652 ἐνεργεῖν
321 1617 438 1652 οἱονδήτι
463 1617 566 1653 ἀνῆκον
592 1618 736 1654 κληρικῷ·
768 1620 865 1655 μόνους

68 1664 99 1690 δὲ
112 1664 179 1694 τοὺς
193 1663 364 1693 ἀποστάντας
380 1663 427 1690 τοῦ
450 1664 653 1700 ἁμαρτήματος
667 1665 701 1691 δι’
716 1665 731 1691 ὅ
746 1666 866 1702 καθῃρέ-

69 1710 171 1744 θησαν,
187 1709 269 1745 τυχὸν
285 1711 336 1745 τῆς
354 1710 482 1745 πορνείας
498 1710 514 1746 ἢ
531 1710 624 1745 ἐτέρου
647 1711 730 1745 τινος,
747 1711 865 1747 διορίζε-

69 1765 117 1782 ται
134 1757 148 1782 ὁ
165 1755 257 1783 κανὼν
285 1756 425 1791 κείρεσθαι
456 1756 506 1791 τὴν
531 1757 653 1791 κεφαλὴν
671 1758 742 1784 κατὰ
769 1758 866 1794 κληρι-

69 1802 159 1834 κοὺς,
187 1802 272 1837 ἤγουν
300 1802 372 1838 ἔχειν
409 1803 613 1838 παπαλήθραν,
641 1804 689 1830 καὶ
720 1797 862 1832 ἐνδύεσθαι

70 1849 168 1882 σχῆμα
180 1847 323 1883 κληρικοῦ.
342 1847 601 1884 Φιλανθρωπότερον
617 1849 672 1885 γὰρ
687 1850 734 1877 ἐπὶ
757 1851 864 1884 τούτοις

68 1893 223 1920 διατίθεται
239 1894 283 1920 διὰ
308 1894 357 1930 τὴν
383 1895 541 1929 μετάνοιαν,
564 1896 634 1926 Τούς
650 1895 678 1922 δέ
702 1905 733 1930 γε
756 1897 863 1931 ἀμεταη

68 1939 159 1970 θέτως
174 1938 350 1975 ὲξεχομένους
362 1940 411 1974 τῆς
428 1940 565 1976 ἁμαρτίας
581 1941 693 1976 τρέφειν
705 1942 755 1978 τὴν
772 1943 863 1978 κόμην

67 1985 260 2012 διακελεύεται
281 1986 353 2012 κατὰ
378 1986 500 2019 λαῖκοὺς,
515 1987 558 2014 ἵνα
575 1987 662 2022 ἔχοιεν
686 1987 798 2015 πλείονα
819 1990 863 2016 αἰ-

69 2031 186 2067 σχύνην,
204 2031 241 2067 μὴ
264 2032 510 2072 πιραχωρούμενοι
536 2034 565 2060 ὲν
594 2035 696 2069 μετοχῇ
725 2035 860 2071 κληρικοῠ

67 2078 140 2110 ὅλως
154 2076 310 2110 εἷναι,ἁλλὰ
325 2079 372 2105 καὶ
387 2079 470 2105 αὑτοῦ
485 2078 532 2105 τοῦ
545 2078 695 2114 ἐνδύματος
712 2082 858 2115 στερισκό-

69 2134 160 2159 μενοι.
179 2126 233 2152 Καὶ
250 2125 264 2151 ὁ
281 2125 329 2160 μὲν
345 2125 434 2152 κανὼν
450 2124 536 2152 ταῦτα
547 2133 554 2139 ·
573 2125 589 2163 ᾑ
607 2125 635 2151 δὲ
650 2124 687 2152 οθ¹
705 2126 801 2162 Νεαρὰ
815 2127 862 2154 τοῦ

68 2171 206 2206 βασιλέως
233 2171 317 2206 κυροῦ
337 2172 450 2202 Λέοντος
466 2171 514 2197 τοῦ
537 2171 696 2205 Φιλοσόφου,
721 2173 863 2209 καθαιρεῖ-

68 2217 134 2244 σθαι
148 2217 323 2252 διοριζομένη
341 2218 403 2248 τοὺς
419 2216 489 2251 μετὰ.
502 2217 673 2252 χειροτονίαν
689 2219 859 2253 γαμοῦντας,

67 2264 179 2290 εὐδοκεῖ
199 2264 269 2299 μήτε
293 2263 341 2290 τοῦ
363 2263 504 2298 σχήματος
525 2263 580 2290 τῶν
605 2264 745 2300 κληρικῶν
759 2266 860 2298 αὐτοὺς

67 2309 328 2345 ἀπαλλοτριοῦσθαι,
349 2310 418 2344 μήτε
433 2309 483 2345 τῆς
507 2309 537 2336 ὲν
566 2311 600 2345 τῇ
626 2310 775 2346 Ἐκκλησία
805 2321 863 2339 κοι-

65 2355 183 2390 νοτέρας
212 2355 374 2389 ὑπηρεσίας.
403 2355 458 2382 Καὶ
488 2355 505 2390 ή
532 2353 664 2390 ζ’Νεαρὰ
696 2357 743 2382 τοῦ
767 2358 853 2385 αὐτοῦ

66 2401 205 2436 βασιλέως
215 2401 276 2432 τούς
290 2401 344 2427 ἀπὸ
358 2400 498 2436 κληρικῶν
511 2401 579 2436 πρὸς
593 2401 705 2433 λαῖκοὺς
718 2411 860 2439 μετασχη-

67 2447 253 2479 ματισθέντας
271 2447 319 2472 καὶ
330 2446 445 2478 ἄκοντας
461 2447 529 2481 πρὸς
543 2447 609 2473 αὐτὸ
625 2447 706 2474 πάλιν
721 2449 857 2476 ἀποκαθί-

66 2492 187 2520 στασθαι
198 2492 358 2526 διορίζεται.
375 2492 504 2519 Φαίνεται
517 2490 564 2520 οὖν
577 2493 736 2528 ἐναντιότης
752 2495 780 2520 ὲν
794 2495 858 2522 τού-

65 2547 134 2571 τοις.
153 2539 232 2573 Ἐμοὶ
250 2539 279 2565 δὲ
293 2538 368 2565 δοκεῖ
379 2539 425 2564 τον
442 2539 492 2573 μὲν
504 2539 606 2565 κανόνα
620 2539 777 2574 νομοθετεῖν
791 2542 857 2577 περίΙ

64 2586 121 2612 τῶν
133 2585 394 2619 καταδικαζομένων
408 2585 452 2611 διὰ
469 2584 599 2620 ἔγκλημά
623 2594 649 2612 τι
678 2589 855 2621 προσαγγελσ

918 1620 990 1653 quod
1008 1621 1041 1646 ad
1056 1620 1185 1647 clericum
1204 1620 1257 1647 ulla
1273 1620 1379 1648 ratione
1394 1621 1537 1656 pertineat.
1551 1620 1604 1649 Eos
1617 1627 1708 1649 autcm

917 1666 1001 1698 solos,
1014 1666 1060 1701 qui
1075 1674 1088 1693 a
1101 1672 1213 1701 peccato
1234 1666 1397 1694 recesserint
1411 1671 1521 1701 propter
1540 1667 1611 1701 quod
1628 1667 1710 1700 depo~

916 1711 961 1739 siti
979 1711 1098 1742 fuerant,
1118 1718 1132 1737 a
1152 1709 1331 1738 fonticatione
1352 1710 1423 1737 forte
1453 1710 1495 1738 vel
1524 1710 1615 1745 aliquo
1641 1711 1707 1741 alio.

916 1757 1039 1785 decernit
1050 1765 1137 1784 canon
1160 1764 1222 1785 esse
1243 1757 1391 1785 tondendos
1410 1758 1510 1792 capite,
1528 1762 1558 1784 ut
1582 1757 1707 1788 clericos.

917 1803 943 1830 id
957 1807 1010 1836 est,
1026 1803 1126 1830 habere
1139 1803 1262 1838 papalem
1278 1808 1430 1833 tonsuram,
1443 1808 1472 1830 et
1496 1802 1589 1830 clerici
1612 1803 1706 1830 habitu

916 1849 1003 1877 indui.
1015 1848 1044 1875 ln
1057 1855 1104 1876 eos
1117 1849 1189 1876 enim
1202 1852 1243 1875 est
1256 1848 1348 1875 mitior
1362 1855 1394 1875 ac
1413 1848 1572 1876 clementior
1597 1854 1708 1883 propter

915 1895 1114 1931 penitentiam.
1128 1895 1206 1929 ιε]
1219 1894 1238 1921 li
1254 1899 1353 1927 autem,
1366 1894 1411 1929 qui
1422 1895 1447 1921 in
1458 1898 1570 1929 peccato
1579 1900 1708 1929 perpetuo

915 1943 1029 1975 luerent,
1046 1949 1151 1968 contam
1167 1941 1270 1968 nutrire
1281 1941 1410 1975 jubentur
1434 1945 1463 1968 ut
1476 1941 1549 1972 laici,
1567 1947 1596 1967 ut
1611 1940 1706 1974 majori

916 1989 1018 2023 pudore
1036 1987 1262 2019 atliciautur,nec
1285 1986 1311 2013 in
1336 1987 1401 2013 cleri
1423 1987 1634 2021 participatione
1652 1987 1707 2013 ulln

914 2042 976 2062 esse
989 2034 1068 2062 modo
1085 2033 1125 2060 cis
1143 2033 1329 2068 permittatur,
1345 2033 1393 2060 sed
1418 2034 1476 2067 ipso
1497 2033 1579 2060 etiam
1603 2034 1706 2060 amictu

915 2081 1065 2115 priventur.
1079 2079 1111 2106 Et
1134 2079 1192 2105 haec
1206 2078 1315 2113 quidem
1338 2084 1424 2105 canon
1439 2086 1446 2110 ;
1466 2076 1500 2104 79
1514 2082 1603 2104 autem
1636 2078 1703 2112 imp.

915 2126 1017 2153 domini
1036 2123 1134 2152 Leonis
1152 2123 1310 2158 Philosophi
1328 2123 1435 2150 Novella
1459 2131 1507 2151 eos
1529 2123 1628 2158 deponi
1654 2124 1704 2150 de-

915 2172 979 2199 bere
994 2176 1130 2203 statuens,
1149 2170 1194 2205 qui
1211 2171 1315 2197 ducunt
1341 2177 1438 2197 uxores
1468 2174 1528 2204 post
1554 2169 1706 2196 ordinatio-

917 2225 990 2250 nem,
1002 2217 1060 2244 vult
1076 2223 1162 2250 neque
1177 2223 1224 2243 eos
1239 2223 1254 2242 a
1268 2215 1431 2242 clericorum
1458 2214 1549 2241 habitu
1576 2215 1703 2246 alienari,

916 2272 966 2292 nec
985 2272 1000 2291 a
1019 2263 1212 2291 connnunioue
1238 2261 1382 2288 ministerii
1409 2261 1436 2288 in
1461 2261 1594 2288 Ecclesia.
1626 2261 1659 2288 Et
1688 2260 1704 2286 ’1

914 2310 1036 2346 ejusdem
1054 2310 1120 2343 imp.
1139 2307 1251 2336 Novella
1274 2314 1330 2340 eos,
1352 2307 1426 2341 quia
1445 2307 1552 2334 clericis
1572 2307 1598 2333 in
1619 2306 1704 2334 laicos

916 2356 1090 2384 transmutati
1106 2359 1180 2386 sunt,
1198 2354 1292 2382 eodem
1309 2360 1402 2380 rursus
1428 2353 1468 2380 vel
1492 2353 1591 2380 invitos
1614 2353 1704 2380 redire

912 2403 1001 2438 jubet.
1019 2401 1132 2428 Videtur
1145 2401 1227 2435 igitur
1245 2399 1271 2426 in
1290 2399 1332 2426 bis
1346 2406 1407 2426 esse
1433 2400 1623 2435 repugnantia.
1640 2399 1703 2426 Exi-

915 2450 997 2478 stimo
1011 2453 1101 2475 autem
1119 2453 1248 2474 canonent
1264 2447 1372 2481 quidem
1390 2446 1425 2473 de
1440 2447 1473 2474 iis
1496 2451 1627 2479 statuere,
1653 2449 1700 2482 qui

914 2501 1024 2532 propter
1040 2495 1159 2522 delatum
1175 2493 1283 2527 aliquod
1299 2492 1422 2526 {crinten'
1433 2493 1614 2525 condemnati,
1630 2493 1701 2520 malo

913 2542 1022 2569 assidue
1036 2538 1431 2573 inhzerent;quemadmodum
1461 2543 1571 2573 propter
1596 2538 1701 2565 adulte—

912 2590 994 2620 riutu,
1013 2590 1121 2621 propter
1136 2585 1270 2618 rapinam,
1293 2589 1402 2619 propter
1425 2584 1596 2618 sacrilegium
1613 2592 1621 2610 :
1645 2582 1700 2610 No-

685 2633 784 2663 Guill.
804 2635 971 2675 Beveregii
987 2638 1081 2665 notua.

103 2682 162 2718 (86)
180 2684 212 2709 Οἱ
229 2682 276 2709 ἐπ’
303 2681 473 2717 ἐγκλήμασι
500 2682 683 2715 κανονικοῖς.
714 2683 852 2713 Canonica

65 2718 188 2745 crimina
204 2718 276 2744 dicta
307 2722 382 2748 sunt,
409 2725 470 2752 qua:
494 2725 509 2744 a
534 2718 687 2750 cap-nribus
715 2723 853 2753 vetantur,

65 2761 187 2787 reosque
203 2753 342 2779 canonicis
360 2753 503 2787 suppliciis
515 2752 676 2786 subjiciunt.
702 2753 753 2780 Sed
783 2752 854 2782 mhi;

64 2789 188 2815 Ion-inus
205 2795 272 2814 tuss.
284 2787 446 2814 Budleianus
457 2792 484 2814 et
497 2787 735 2814 Auterbachianus
752 2791 853 2818 rectius

66 2825 121 2850 hoc
136 2823 198 2850 loco
215 2822 366 2853 κανονικῶς
381 2822 479 2857 legisse
493 2822 637 2857 videntur;
653 2828 682 2849 ut
693 2830 791 2850 sensus
806 2825 853 2857 sit,

64 2858 150 2884 οἱὲπ¹
175 2857 330 2891 ἐγκλήμασι
353 2856 503 2887 κανονικῶς
529 2856 674 2883 ὑπεύθυνοι
706 2856 854 2892 γινόμενοι,

54 2894 122 2926 ,ριιὶ
154 2893 350 2919 rei-criminum
373 2892 497 2919 canonice
528 2892 593 2927 facti
617 2897 689 2924 sunt,
721 2893 772 2919 hoc
802 2900 855 2928 est,

213 2937 347 2968 Ρλτιιοιι.
363 2938 421 2969 Gn.
444 2938 630 2970 CXXXVII.

905 2691 984 2722 prout
1009 2685 1036 2722 in
1054 2684 1215 2722 canottibus
1224 2680 1421 2722 ecclesiasticis
1435 2684 1546 2722 cautum
1560 2683 1611 2707 est.

943 2721 999 2756 (87)
1015 2719 1169 2747 ’Δθετοῦσι
1186 2719 1244 2756 τὴν
1261 2716 1419 2752 ἁμαρτίαν.
1435 2715 1549 2750 Proprie
1562 2720 1697 2756 peccantur

907 2751 1043 2792 reﬁciunt.
1065 2759 1111 2782 aut
1128 2754 1280 2788 repudiarit,
1303 2759 1358 2785 quo
1385 2757 1468 2792 sensu
1495 2755 1553 2792 etii
1584 2751 1698 2792 beluino

907 2784 1003 2820 nostro
1019 2784 1075 2817 haec
1103 2784 1162 2815 vox'
1182 2784 1341 2820 usurpatur,
1376 2784 1494 2818 dicente,
1516 2785 1548 2810 '0
1582 2784 1697 2811 ἀθετῶν

906 2827 994 2860 ὑμᾶς.
1008 2825 1061 2859 ἐμὲ
1075 2822 1183 2860 ἀθετεῖ·
1201 2821 1264 2860 gae
1284 2820 1338 2860 ἐμᾲ
1346 2820 1494 2860 κνάθετῶν,
1517 2820 1618 2847 ἀθετεῖ
1642 2827 1696 2845 τίν

905 2855 1130 2889 diceres-Hand
1140 2866 1188 2894 με.
1202 2857 1269 2885 Luc.
1282 2865 1310 2889 ι,
1325 2855 1370 2884 16.

1499 2932 1537 2964 19
