1941 3093
247 141 298 175 591

877 138 1016 169 THEOD.
1043 137 1160 167 BALSA
1167 135 1246 166 ΜοΝ

1816 131 1880 164 592

244 200 348 227 erroris
362 207 393 226 ac
412 196 595 232 improbitatis
609 195 795 224 azmulatorem
815 194 912 228 deponi
930 198 1031 228 placet.

1099 199 1128 222 ος
1145 191 1199 225 γὰρ
1213 187 1426 224 ὲζήτειδοθῆναι
1452 185 1528 221 αὐτῷ
1551 185 1598 212 ἐπὶ
1626 185 1767 222 χρήμασιν
1792 185 1881 213 ὢνιον

244 245 299 274 Iste
328 247 399 273 enim
428 243 518 270 oblato
543 242 650 277 pretio,
685 241 796 276 rependi
825 240 876 267 sibi
908 239 1028 267 vicissim

246 292 334 320 sancti
354 290 470 324 bpiritns
487 290 603 322 gratiam
619 287 788 323 postulabat.

244 336 358 365 ARIST.
386 345 396 360 ι
421 334 472 367 Qui
501 334 700 362 immaculatum
726 332 882 367 impertitur
909 337 1030 357 comnm-

283 390 293 406 α
316 381 434 411 nionem,
446 385 471 406 et
484 379 592 406 obolum
606 378 648 405 vel
659 378 731 405 aiiud
741 378 920 412 quodcunque
933 375 1028 409 exigit,

282 434 291 451 ι
309 425 471 459 deponatur.
493 433 502 450 ι
524 423 694 457 Perspicuae.

475 469 554 504 133
569 467 683 495 cauos
702 467 797 494 xxrv.

247 525 256 542 ι
275 515 314 543 Ne
324 516 365 542 cui
381 515 459 542 liceat
471 522 566 542 e0rum
578 514 623 547 qui
640 513 666 539 in
685 511 845 539 sacerdotali
859 510 954 538 ordine
965 518 1031 538 enn-

283 569 292 586 ι
311 563 461 590 merantnr,
475 558 515 585 vel
531 558 736 589 monachorum,
752 557 779 583 in
795 563 924 591 equorum
943 557 1031 582 curri-

283 614 293 631 ι
311 604 378 631 culis
394 603 553 634 subsistere,
572 602 611 629 vel
639 603 761 629 scenicos
781 601 858 628 ludos
882 600 1029 628 sustinere.

283 661 292 678 ι
311 650 363 678 Sed
390 654 416 677 et
443 650 465 677 si
490 648 551 683 quis
565 647 679 675 clericus
703 646 736 673 ad
765 646 874 680 nuptias
900 650 1030 678 vocetur,

283 706 293 724 ι
313 697 420 731 quando
435 695 468 722 ad
484 693 670 728 deceptionem
684 696 841 726 comparata
857 691 959 718 ludicra
989 691 1031 718 iu-

286 752 296 769 ι
314 749 405 777 gressa
419 740 538 773 fuerint,
552 743 644 773 surgat
665 743 692 765 et
717 744 733 764 e
757 737 871 772 vestigio
890 736 1029 768 discedat,

286 798 295 815 ι
314 788 423 816 Patrum
440 790 593 813 nostrorum
608 784 647 811 sic
659 783 770 818 jnbeute
785 783 916 811 doctrina.
930 782 958 809 Si
970 782 1032 816 quis

286 844 295 860 ι
313 838 402 861 autent
417 831 477 866 ejus
493 830 531 858 rei
543 830 703 866 conjunctus
716 829 809 863 fuerit,
828 828 870 855 vel
889 832 978 856 cesset
990 827 1032 855 vel

286 889 296 905 ι
316 879 479 913 deponatur.
499 885 510 903 ι
1048 871 1070 899 Β

283 923 381 951 Βτιιδ.
406 922 608 954 Consequcnter
632 919 667 946 54
690 918 785 946 canoni
811 917 906 953 synodi
933 916 1034 943 Laodi-

250 977 323 997 ecnu:
338 967 462 1002 prohibet
484 967 565 993 etiam
590 971 709 999 przcsens
733 970 818 990 canon
845 963 872 989 in
902 968 1034 996 equorum

249 1013 412 1042 curriculum
429 1011 575 1040 ascendere
591 1010 632 1037 vel
647 1009 802 1037 sacerdotes
814 1007 854 1034 Vel
875 1007 1034 1040 monachos,

248 1060 291 1087 vel
323 1059 445 1087 scenicos
463 1058 544 1085 etiam
570 1056 647 1084 ludos
673 1055 767 1082 audire
795 1063 802 1081 :
830 1053 980 1087 adjicicns,
1008 1057 1037 1079 ut

249 1105 340 1134 clerici
358 1107 391 1131 ad
407 1103 513 1138 nuptias
531 1103 617 1129 vocati
632 1100 681 1135 (de
697 1099 837 1127 monachis
855 1099 928 1125 enim
945 1098 1037 1125 dicere

250 1150 374 1178 Patribus
389 1157 404 1176 a
421 1149 525 1175 ratione
540 1147 656 1174 alienum
670 1146 756 1173 visunt
775 1150 829 1177 est,
854 1145 925 1179 quod
949 1143 976 1171 id
1001 1142 1038 1170 sit

251 1195 333 1223 nimis
350 1194 527 1222 indecorum)
545 1193 673 1220 recedant
700 1198 762 1219 cum
790 1190 909 1225 primum
932 1188 1037 1215 ludicra

252 1241 373 1274 ingressa
385 1237 496 1266 fuerint.
513 1237 565 1264 Sed
579 1235 737 1263 Luodicena:
749 1235 857 1269 quidem
873 1241 933 1268 syn.
947 1239 1036 1260 canon

252 1287 279 1313 in
294 1285 352 1320 ejus
365 1288 566 1318 contemptores
586 1290 641 1309 non
666 1279 878 1308 animadvertit:
893 1279 937 1306 hic
949 1284 1037 1305 autent

252 1329 508 1363 admonetquidem,
521 1327 605 1361 utqui
625 1327 677 1354 tale
689 1325 753 1361 quid
771 1325 874 1352 iaciunt
889 1325 1038 1355 desistant;

251 1377 374 1404 siautem
393 1382 445 1402 non
466 1374 607 1406 desistant,
623 1372 798 1407 deponendos
814 1370 948 1398 decernit.
967 1369 1036 1396 Cum

253 1422 281 1449 hi
304 1422 356 1449 duo
373 1428 492 1448 canones
515 1420 571 1446 lucc
601 1418 710 1449 dicant,
736 1422 763 1444 et
787 1416 981 1451 propemodum
1006 1414 1039 1441 ab

254 1466 381 1494 Ecclesiae
393 1471 466 1500 parte
479 1463 607 1500 prohibiti
621 1463 674 1490 sint
695 1461 820 1489 monachi
836 1464 864 1487 et
882 1459 1040 1487 sacerdotes

254 1519 348 1541 omnes
364 1512 396 1538 ad
412 1518 542 1546 equorum
554 1516 647 1537 cursOs
661 1507 793 1535 videndos
819 1507 951 1534 accedere
963 1525 971 1538 ,
996 1505 1040 1533 di-

1083 237 1133 273 τὴν
1147 237 1229 271 χάριν
1239 235 1286 262 τοῦ
1303 234 1471 269 ίΙνιύματος.

1082 324 1195 353 ΛΡΙΣΤ.
1213 334 1223 351 ι
1245 325 1274 351 '0
1292 324 1342 358 τῆς
1360 324 1497 359 ἀχράντου
1528 322 1690 358 μεταδιδοὺς
1715 322 1877 354 κοινωνίας,

1121 381 1131 397 ι
1151 371 1198 397 καὶ
1215 370 1310 397 ὀϐολὸν
1326 369 1480 405 ἀπαιτῶνῆ
1506 369 1599 404 ἕτερον
1628 366 1708 400 εἶδος,
1729 367 1878 404 καθαιρεί-

1120 427 1130 443 1
1151 417 1216 444 σθω.
1230 425 1239 442 ι
1259 415 1372 450 Σαφής.

1376 462 1495 489 ΚΑΝΩΝ
1508 462 1572 489 KA’.

1084 517 1095 534 ι
1114 508 1159 544 Μὴ
1184 509 1286 541 ἐξέστω
1307 509 1360 536 τινὶ
1375 508 1430 535 τῶν
1444 508 1474 534 ἐν
1488 506 1620 542 ίερατιςιῷ
1644 506 1880 541 καταλεγομένων

1123 564 1132 580 ι
1153 555 1274 589 τάγματι
1292 555 1308 590 ἢ
1326 553 1437 589 μοναχῷ
1458 554 1487 579 ὲν
1504 553 1697 588 ἱπποδρομίαις
1721 553 1846 584 ἀν.ἐναι,
1862 552 1879 586 ἢ

1121 609 1130 626 t
1155 600 1308 634 θυμελικῶν
1320 599 1456 633 παιγνίων
1468 598 1624 632 ἀνέχεσθαι.
1649 598 1718 624 Ἀλλ’
1732 599 1757 623 εἰ
1771 597 1824 623 καί
1838 606 1882 628 τις

1123 653 1132 669 ι
1155 643 1284 678 κληρικδς
1300 643 1414 678 κληθείη
1429 643 1458 668 ἐν
1471 643 1564 677 γάμῳ,
1576 642 1656 677 ⁴ἡνίκα
1669 642 1702 668 τὰ
1717 643 1787 676 πρ“ς
1803 642 1882 668 ἀπά-

1123 700 1131 716 ι
1154 699 1205 725 την
1214 689 1360 716 είσέλθοιεν
1381 689 1504 723 παίγνια,
1515 688 1698 723 ἐξαναστήτω,
1711 690 1756 715 καὶ
1773 687 1883 714 αὐτίκα

1123 745 1132 762 ι
1155 735 1342 770 ἀναχωρείτω,
1353 734 1426 760 οὕτω
1437 735 1487 767 τῆς
1501 734 1555 760 τῶν
1568 734 1698 769 Πατὲρων
1707 735 1775 769 ἡμῖν
1788 742 1883 768 προσο

1125 791 1133 807 ι
1156 781 1308 815 ταττούσης
1339 780 1524 812 διδασκαλίας.
1552 780 1582 806 El
1601 780 1631 806 δέ
1654 788 1696 811 τις
1721 779 1771 806 ἐπὶ
1787 779 1882 814 τούτῳ

1123 835 1132 852 ι
1154 825 1222 859 ἁλῷ,
1237 825 1254 861 ἢ
1269 825 1421 852 παυσάσθω
1435 825 1451 861 ἢ
1468 824 1662 861 καθαιρείσθω.
1682 834 1692 851 s

1118 917 1221 944 ΒΑΛΣ.
1255 916 1424 949 ’Δκολούθως
1439 915 1479 952 τῷ
1493 915 1528 943 νδ¹
1544 916 1637 944 κανόνι
1650 917 1700 951 τῆς
1725 917 1754 943 ἐν
1779 917 1883 943 Λαοδι-

1085 962 1148 998 κείᾳ
1175 962 1287 989 συνόδου
1305 962 1475 998 ἀπαγορεύει
1499 962 1548 989 καὶ
1562 963 1576 989 ὁ
1593 962 1689 997 παρὼν
1715 962 1811 989 κανὼν
1835 964 1883 994 -είς

1087 1008 1270 1043 ἱπποδρομίαν
1296 1008 1402 1034 ἀνιέναι
1425 1008 1580 1043 ίερατικοὺς
1595 1007 1611 1042 ἢ
1628 1008 1773 1043 μοναχοὺς,
1792 1008 1811 1044 ἢ
1832 1008 1883 1035 θυ-

1088 1054 1207 1089 μελικῶν
1224 1054 1358 1088 παιγνίων
1369 1054 1490 1080 ἀκούειν·
1509 1054 1697 1090 προσθέμενος
1711 1055 1776 1086 τοὺς
1791 1063 1883 1089 μετα-

1087 1099 1272 1134 καλουμένους
1285 1101 1325 1132 εἰς
1340 1100 1428 1134 γάμον
1446 1099 1598 1134 κληρικοὺς
1615 1099 1697 1136 (περὶ
1714 1100 1769 1135 γὰρ
1787 1109 1879 1135 μονα-

1087 1154 1142 1180 χων
1168 1146 1256 1172 εἰπεῖν
1283 1145 1383 1172 ἄτοπον
1409 1145 1538 1180 ἐλογίσθη
1563 1147 1619 1177 τοῖς
1636 1145 1759 1180 Πατράσι
1776 1145 1825 1172 διὰ
1850 1145 1882 1172 τὸ

1087 1191 1179 1226 πάντη
1198 1190 1332 1225 ἀπρεπὲς)
1361 1191 1516 1226 ἀναχωρεῖν
1543 1190 1602 1226 ἅμα
1627 1190 1666 1226 τῷ
1693 1191 1832 1218 εἰσελθεῖν
1847 1193 1883 1219 τᾶ

1088 1236 1215 1270 παίγνια.
1231 1235 1304 1270 Πλὴν
1316 1237 1331 1262 ό
1345 1235 1396 1270 μὲν
1414 1234 1507 1262 κανὼν
1521 1235 1572 1270 τῆς
1587 1236 1616 1262 ἐν
1633 1236 1784 1271 Λαοδικείᾳ
1799 1237 1884 1264 συνὸ-

1089 1281 1137 1308 δου
1152 1281 1182 1308 οὺ
1199 1280 1306 1313 κολάζει
1321 1282 1383 1313 τοὺς
1396 1281 1531 1316 ἀθετητὰς
1541 1281 1637 1308 τούτου
1649 1290 1656 1296 ·
1672 1279 1749 1313 οὗτος
1761 1282 1791 1309 δὲ
1804 1291 1885 1318 παρ-

1091 1328 1163 1353 αινεῖ
1187 1326 1344 1354 παύσασθαι
1374 1327 1437 1358 τοὺς
1461 1326 1582 1354 τοιοῦτόν
1603 1335 1630 1354 τι
1657 1327 1823 1360 ποιοῦντας·
1844 1330 1884 1364 μὴ

1089 1372 1260 1407 παυομένους
1272 1372 1301 1398 δὲ
1327 1371 1521 1408 καθαιρεῖσθαι
1537 1373 1698 1408 διορίζεται.
1713 1373 1807 1401 Ταῦτα
1825 1376 1885 1401 τῶν

1089 1417 1185 1444 διττῶν
1198 1417 1302 1444 τούτων
1317 1419 1440 1446 κανόνων
1464 1419 1611 1453 λεγόντων,
1632 1421 1680 1446 καὶ
1697 1420 1885 1447 κωλυθέντων

1091 1464 1146 1499 πρὸ
1166 1464 1267 1499 μικροῦ
1285 1464 1361 1500 παρὰ
1383 1457 1432 1491 τοῦ
1451 1465 1549 1500 μέρους
1566 1466 1615 1500 τῆς
1637 1465 1802 1500 Ἐκκλησίας
1827 1467 1885 1493 τῶν

1093 1509 1217 1560 μρναχῶν
1232 1512 1279 1560 καὶ
1298 1510 1353 1537 τῶν
1378 1511 1663 1560 ίερωμένωνμάντων
1688 1512 1820 1560 answer»;
1843 1515 1886 1544 εἰς

255 1563 353 1586 xerunt
369 1555 501 1587 nonnulli,
519 1554 592 1589 quod
614 1551 741 1581 clericum
752 1552 859 1587 quidem
875 1553 918 1578 vel
942 1558 1039 1579 mona-

1097 1555 1138 1586 τὰς
1149 1555 1298 1589 γινομένας
1311 1555 1508 1590 ιιπποδρομίας,
1528 1552 1609 1583 εἶπόν
1636 1565 1708 1588 τινες
1725 1551 1774 1583 ὄτῗ
1781 1557 1814 1583 τὸ
1833 1559 1886 1592 μὶν

254 1606 335 1632 chum
350 1603 382 1629 ad
397 1608 529 1636 equorum
545 1599 709 1627 curriculum
737 1605 789 1625 non
810 1597 941 1625 accedere
952 1615 961 1629 ,
992 1602 1041 1622 nec

255 1649 440 1683 spectaculum
449 1646 520 1681 quod
530 1645 666 1672 elIeminat
675 1645 860 1680 aspicere,nec
871 1642 953 1670 verba
964 1649 1042 1668 aures

256 1694 468 1729 prmstringeutia
477 1691 583 1723 audire,
598 1695 638 1717 est
649 1689 785 1716 laudabile
794 1693 820 1716 et
836 1689 953 1715 maxime
965 1679 1056 1728 cum?

257 1740 435 1767 mendandnm
449 1737 694 1772 ;.quetnadntodum
718 1740 818 1763 et-esse
837 1734 968 1768 virginem
982 1752 990 1765 ,
1014 1737 1042 1760 et

255 1786 358 1819 reliqua
368 1792 429 1819 qua:
441 1783 578 1810 hominem
591 1781 770 1809 sant-.tilicant.
793 1780 821 1808 Si
849 1779 910 1814 quis
931 1783 1020 1805 autem
1032 1797 1040 1810 ,

256 1839 318 1860 cum
330 1831 406 1866 virgo
421 1837 483 1857 csse
499 1835 627 1863 nequeat,
641 1835 754 1855 tuor-em
766 1826 873 1854 duxerit
888 1845 895 1858 ,
911 1833 963 1852 non
990 1831 1039 1858 pu-

256 1877 347 1904 nietur
360 1884 366 1902 :
379 1881 405 1902 et
417 1875 462 1909 qui
480 1882 533 1901 non
548 1878 633 1908 potest
649 1873 776 1900 absomui
801 1872 936 1905 voluptate
959 1869 1043 1897 absti-

257 1929 334 1954 nere,
351 1921 372 1948 si
386 1921 412 1948 in
427 1927 560 1955 equorum
574 1918 738 1946 curriculum
757 1918 837 1944 fuerit
854 1917 1002 1951 ingressus.
1018 1914 1042 1941 ei

257 1969 334 1995 venia
351 1967 472 2000 dabitur;
487 1972 513 1992 et
533 1965 617 2000 magis
631 1966 653 1991 si
669 1963 762 1996 semel,
776 1970 832 1989 non
848 1967 936 1989 autem
957 1961 977 1988 si
992 1961 1043 1987 im-

258 2013 365 2041 modice
380 2017 469 2045 utens,
485 2018 514 2039 se
543 2010 569 2038 ei
582 2010 726 2037 dicaverit.
743 2008 790 2036 llic
817 2007 891 2035 enim
908 2015 982 2040 can.,
1001 2007 1043 2033 in-

258 2060 364 2094 quiunt,
377 2065 483 2090 cursus,
501 2057 547 2092 qui
564 2056 630 2082 olim
645 2054 756 2086 ﬁebant,
773 2059 844 2082 vetat
861 2073 868 2084 .
888 2060 939 2080 non
954 2057 1043 2079 autent

258 2106 303 2139 qui
315 2111 386 2131 nunc
396 2103 473 2136 ﬁunt,
492 2102 667 2136 permittente
697 2107 729 2126 ac
754 2103 887 2134 praesente
907 2098 1043 2133 principe.

258 2150 336 2178 'I'une
350 2150 420 2177 enim
435 2156 497 2176 cum
514 2147 668 2183 populusin
685 2147 738 2173 illis
754 2153 885 2181 equorum
901 2145 1044 2172 curriculis

260 2197 341 2224 nimia
356 2195 479 2222 libertate
495 2194 537 2221 vel
562 2194 649 2228 potius
666 2191 775 2219 licentia
803 2196 922 2218 uteretur
935 2210 943 2223 ,
959 2197 1044 2224 equo-

259 2249 373 2276 rumque
388 2248 484 2268 cursus
501 2239 650 2266 celcbraret
662 2237 799 2272 quomodo
815 2241 842 2264 et
865 2236 973 2271 quando
995 2243 1043 2262 vo-

209 2306 217 2313 κ
259 2287 361 2318 lebaut,
374 2284 588 2320 inqnepropriis
599 2284 725 2318 expensis
737 2303 745 2315 ,
760 2288 789 2310 ut
812 2283 856 2316 qui
882 2282 1045 2309 haberet'ct

260 2333 355 2360 domos
369 2336 395 2359 et
409 2338 495 2365 equos
512 2334 539 2357 et
557 2330 661 2357 Stabqu
677 2348 684 2362 ,
712 2335 771 2362 quas
799 2329 832 2354 ad
863 2328 935 2354 limit:
960 2333 1045 2361 usque

261 2379 332 2406 diem
357 2381 561 2407 servantur,et
593 2375 694 2402 reditus
729 2382 779 2409 pro
812 2373 1045 2401 illiscelebrandis

260 2423 415 2455 curriculis,
426 2428 453 2449 et
472 2423 616 2456 imperator
629 2421 790 2447 invitaretur
804 2440 811 2450 .
827 2419 927 2447 nullam
956 2425 1045 2446 autem

261 2471 295 2498 ad
309 2477 368 2498 eam
384 2476 440 2496 rem
459 2472 619 2502 potestatem
636 2467 760 2498 haberet,
774 2467 846 2493 illius
863 2474 958 2493 cursus
975 2471 1045 2492 tem-

261 2525 328 2553 pore
343 2516 424 2543 multa
441 2514 592 2542 turbulenta
608 2519 634 2541 et
648 2513 764 2540 absurda
785 2513 842 2539 ﬁeri
857 2511 1044 2546 cantingcltat;

262 2571 324 2592 cum
342 2562 386 2590 alii
405 2562 514 2596 quidem
532 2561 628 2595 populo
645 2560 818 2590 Venetorum,
834 2559 879 2585 alii
901 2565 964 2586 vero
979 2558 1046 2584 Pra-

262 2611 383 2638 sinornm
398 2608 466 2643 parti
482 2607 693 2641 adiungerentur
709 2614 716 2632 :
733 2605 876 2639 aliquando
890 2611 953 2631 vero
962 2604 1046 2631 etiam

264 2656 334 2684 bella
346 2654 474 2682 intestina
489 2653 605 2680 excitata
623 2657 684 2678 sunt
696 2651 764 2677 inter
788 2651 916 2677 adversas
937 2656 1046 2684 partes,

263 2706 291 2728 et
304 2701 330 2728 in
345 2698 516 2733 imperatoris
524 2701 669 2730 conspectu
684 2696 765 2722 verba
781 2695 861 2721 etiam
880 2695 1045 2728 impudentia

263 2746 405 2782 populares
425 2748 605 2775 eru.tarunt,
623 2741 848 2776 quetttudntodum
874 2748 907 2767 ex
932 2741 1047 2767 diversis

265 2789 399 2818 chronicis
413 2788 580 2819 ostenditur;
597 2787 667 2813 sicut
687 2786 788 2812 factum
805 2791 846 2813 est
862 2789 991 2820 regnante
1001 2785 1047 2812 Ju-

264 2836 394 2867 stiniano,
408 2839 435 2861 et
455 2838 575 2867 tempore
595 2832 728 2860 Anastasii
750 2838 776 2859 et
800 2831 900 2860 Ptiocae
924 2832 1047 2867 tyranni,

1095 1599 1132 1635 μὴ
1150 1599 1278 1626 ἀπελθεῖν
1295 1601 1443 1636 μοναχδνῆ
1467 1601 1597 1636 κληρικὸν
1626 1603 1666 1633 εἰς
1688 1602 1884 1637 ἱπποδρόμιον,

1095 1646 1160 1681 μηδὲ
1186 1645 1249 1672 ίδείν
1277 1645 1393 1681 θεωρίαν
1416 1646 1466 1682 τὴν
1483 1647 1546 1682 δψιν
1576 1647 1791 1682 ἐκθηλύνουσαν,
1813 1649 1886 1683 μηδὲ

1094 1691 1225 1726 ῥημάτων
1238 1691 1428 1726 ἀκροάσασθαι
1442 1693 1703 1727 καταγοητευόντων
1716 1693 1765 1728 τὴν
1782 1694 1884 1729 ἀκοὴν,

1094 1737 1233 1763 ἐπαινετόν
1245 1737 1302 1764 ἐστι
1325 1737 1372 1764 καὶ
1386 1737 1486 1773 πολλῆς
1504 1738 1677 1773 εὐχαριστίας
1687 1739 1772 1771 ἄξιον·
1785 1738 1885 1773 ὥσπερ

1095 1783 1143 1810 καὶ
1167 1783 1198 1809 τὸ
1213 1782 1390 1818 παρθενεύειν
1416 1783 1464 1810 καὶ
1478 1783 1512 1810 τὰ
1526 1784 1608 1811 λοιπὰ
1623 1784 1657 1811 τὰ
1672 1784 1717 1811 τὸν
1734 1784 1886 1820 ἄνθρωπον

1095 1829 1252 1863 ἁγιάζοντα·
1271 1831 1295 1856 ει
1310 1829 1338 1856 δέ
1356 1838 1398 1861 τις
1418 1829 1456 1865 μὴ
1475 1830 1624 1864 δυνάμενος
1640 1830 1822 1864 παρθενεύειν
1833 1839 1886 1864 γα-

1097 1875 1189 1911 μήσει,
1205 1875 1235 1901 οὺ
1254 1875 1464 1911 κολασθήσεται·
1476 1876 1526 1902 καὶ
1540 1877 1554 1902 ὁ
1569 1876 1606 1910 μὴ
1620 1876 1770 1910 δωιάμενος
1780 1885 1855 1903 mur:
1871 1885 1886 1908 ς

1095 1921 1219 1956 ὲνηδόνου
1247 1921 1408 1956 ἀπέχεσθαι,
1437 1922 1484 1948 ὲάν
1497 1921 1597 1956 ἀνέλθῃ
1624 1921 1664 1953 είς
1687 1921 1885 1956 ιπποδρόμιον,

1096 1967 1348 2002 συγγνωσθήσεται·
1375 1967 1423 1994 καὶ
1449 1966 1549 2002 μᾶλλον
1572 1967 1620 1993 ἐὰν
1645 1967 1756 2001 ἐφάπαξ
1782 1969 1834 1994 καὶ
1853 1969 1884 1995 οὐ

1095 2012 1165 2039 κατὰ
1181 2012 1354 2048 παράχρησιν
1372 2014 1411 2044 εις
1426 2012 1504 2039 τοῦτο
1519 2012 1633 2039 ἐκδώσει
1659 2014 1768 2039 ἑαυτόν.
1785 2013 1818 2040 '0
1831 2015 1886 2049 γὰρ

1095 2058 1184 2085 κανὼν
1198 2055 1286 2092 οἶτος,
1300 2059 1377 2092 φασὶ,
1391 2059 1441 2089 τάς
1456 2059 1520 2085 ποτὲ
1535 2059 1681 2093 γινομένας
1693 2060 1885 2095 ἱπποδρομίας

1095 2103 1271 2140 ἀπαγορεύει,
1288 2104 1318 2130 οὐ
1343 2103 1398 2139 ψὴν
1421 2105 1472 2135 τὰς
1485 2105 1606 2140 σήμερον
1624 2104 1794 2139 τελουμένας
1822 2107 1884 2133 κατ’

1096 2150 1247 2186 ἐπιτροπὴν
1261 2150 1308 2176 καὶ
1325 2150 1477 2185 παρουσίαν
1493 2150 1649 2185 βασιλικήν.
1665 2150 1732 2176 Τότε
1751 2151 1805 2185 μὲν
1829 2153 1885 2187 γὰρ

1095 2195 1149 2221 τῶν
1164 2195 1256 2230 δήμων
1272 2194 1537 2228 κατεξουσιαζόντων
1556 2195 1585 2221 ὲν
1596 2196 1656 2226 ταῖς
1671 2195 1884 2231 ἱπποδρομίαις,

1097 2238 1144 2264 καὶ
1168 2238 1317 2265 ποιούντων
1332 2238 1435 2270 ταύτας
1448 2239 1493 2265 ὅτε
1517 2239 1564 2265 καὶ
1585 2239 1658 2270 amo;
1683 2239 1837 2273 ἠῦούλοντο
1855 2243 1887 2268 ἐκ

1095 2282 1295 2318 δαπανημάτων
1308 2283 1427 2316 οἰκείων,
1450 2284 1488 2316 ὼς
1512 2285 1558 2311 καὶ
1582 2285 1698 2319 ἑχόντων
1715 2286 1824 2318 οἴκους,
1838 2289 1888 2314 καὶ

1097 2328 1207 2360 ἵππους,
1223 2329 1270 2355 καὶ
1289 2329 1422 2361 ίππῶνας,
1438 2329 1501 2361 τοὺς
1519 2329 1566 2356 καὶ
1579 2329 1661 2364 μέχρι
1678 2331 1724 2356 καὶ
1740 2330 1789 2357 νῦν
1805 2340 1889 2367 περι-

1097 2383 1134 2401 σρι
1143 2374 1281 2409 τομίνους,
1294 2375 1341 2401 καὶ
1356 2374 1506 2410 προσόδους
1516 2375 1597 2410 χάριν
1609 2375 1663 2402 τῶν
1678 2376 1885 2412 ίπποδρομιῶν,

1097 2421 1144 2447 κλὶ
1160 2421 1207 2447 τοῦ
1226 2420 1358 2455 βασιλέως
1383 2421 1638 2456 προσκαλουμένου,
1665 2422 1714 2449 καὶ
1736 2423 1778 2454 εἰς
1802 2423 1887 2450 τοῦτο

1099 2466 1136 2502 μὴ
1152 2466 1365 2499 ὲξουσιάζοντος,
1383 2466 1469 2493 πολλὰ
1495 2466 1630 2502 στασιώδη
1648 2468 1695 2493 xui.
1717 2467 1808 2494 ἄτοπα
1825 2477 1888 2495 συν-

1098 2512 1212 2539 έπιπτον
1239 2511 1363 2545 γίνεσθαι
1379 2511 1450 2538 κατὰ
1484 2512 1530 2538 τὸν
1546 2512 1597 2546 τῆς
1611 2512 1796 2547 ἱπποδρομίας
1823 2523 1889 2541 καις

1099 2557 1155 2594 ρδν,
1171 2557 1225 2584 τῶν
1251 2557 1301 2592 μὲν
1325 2557 1549 2593 προστιθεμένων
1571 2557 1610 2593 τῷ
1625 2558 1706 2594 δήμῳ
1733 2559 1788 2585 τῶν
1807 2559 1891 2586 Βενε-

1096 2603 1162 2634 τῶν,
1175 2603 1228 2629 τλῖιν
1240 2602 1268 2629 δὲ
1282 2602 1319 2637 τῷ
1344 2602 1423 2638 μέρει
1437 2602 1491 2628 τῶν
1507 2602 1649 2638 Πρασῢδων
1661 2611 1668 2616 ·
1684 2605 1712 2629 ὲν
1725 2606 1839 2638 καιροῖς
1863 2605 1890 2631 δέ

1097 2657 1153 2676 τισι
1175 2649 1223 2675 καὶ
1245 2649 1359 2684 πόλεμοι
1380 2649 1619 2684 συνεκροτήθησαν
1637 2649 1768 2683 ἐμφύλιοι
1801 2651 1889 2684 μέσον

1098 2694 1152 2720 τῶν
1167 2693 1314 2720 ἀντιθέτων
1331 2693 1433 2728 μερῶν,
1450 2695 1498 2719 καὶ
1521 2694 1591 2719 κατὰ
1608 2695 1656 2728 τῆς
1677 2692 1821 2727 βασιλείου
1841 2703 1891 2720 πε·

1101 2739 1206 2775 ριωπῆς
1223 2739 1319 2774 ἀναιδῆ
1341 2739 1451 2774 ῥήματα
1475 2740 1499 2765 οί
1531 2739 1650 2774 ,δημόται
1679 2740 1891 2775 ἀπηρεύξαντο.

1100 2784 1192 2815 καθὼς
1215 2784 1269 2810 ἀπὸ
1288 2784 1425 2818 διιφόρων
1449 2783 1583 2818 χρονικῶν
1602 2784 1682 2810 τοῦτο
1700 2785 1890 2820 παρίσταται·

1100 2828 1155 2858 οἷὸν
1171 2838 1197 2856 τι
1213 2830 1308 2864 γέγονε
1325 2830 1372 2856 ἐπὶ
1398 2829 1444 2855 τοῦ
1464 2828 1598 2864 βασιλέως
1617 2829 1825 2865 ’1ουστινιανοῦ,
1847 2831 1895 2857 ἐπὶ
