1941 3093
65 311 69 325 l

93 181 144 213 593

603 178 645 209 IN
664 177 746 209 CAN.
767 177 860 208 XXIV
880 175 982 208 CONC.
1005 178 1047 211 iN
1065 181 1225 213 TliULLO.

1657 180 1710 214 594

92 237 138 265 τοῦ
158 237 346 271 ’Δναστασίσυ,
367 236 414 263 ἐπὶ
438 236 485 264 τοῦ
502 236 584 264 limata
608 236 656 263 τοῦ
672 236 816 271 τυράννου,
832 233 879 261 καὶ

940 241 955 263 et
971 238 1085 265 aliorum
1100 239 1196 273 imper.
1213 238 1267 266 Sed
1275 242 1302 266 et
1312 238 1438 274 depositis
1453 238 1608 274 pignOribus
1619 238 1712 266 ludere

65 301 69 321 ς
93 285 138 311 ἰπὶ
150 285 251 321 ἐτέρων
264 283 408 319 βασιλέοιν.
427 283 506 310 Ἀλλὰ
514 284 562 310 καὶ
573 282 746 317 συνθηκίζειν
756 281 790 308 τὰ
803 281 876 316 μέρη

95 332 133 366 μὴ
159 331 330 366 κωλυόμενα,
353 330 398 357 διὰ
424 329 521 357 κόττου
542 330 589 356 καὶ
614 329 698 364 τύχης
723 329 773 364 τὴν
792 328 873 362 νίκην

95 376 285 404 ἀνεκαλοῦντο.
307 377 398 412 Ὅπερ
421 377 478 408 τοῖς
503 376 585 407 θείοις
618 376 714 403 κανόσι
736 375 877 406 παντελῶς

95 422 293 457 ἀπηγόρευται.
326 422 492 456 Ἐπέτρεπον
520 421 548 447 δὲ
564 421 674 451 καὶτὰς
694 419 878 455 θηριομαχίας

96 468 144 494 καὶ
158 468 226 495 ἄλλα
246 468 307 494 τινὰ
323 467 425 501 αἰσχρὰ
440 467 486 493 καὶ
502 466 626 500 ἀπρεπῆ.
640 465 689 492 Διὰ
704 465 758 499 γὰρ
785 465 878 497 τοῦτο,

96 514 171 549 φασὶ,
190 513 235 539 καὶ
247 514 260 539 ό
275 515 314 539 να¹
336 512 427 539 κανὼν
441 512 492 545 τῆς
509 511 651 546 παρούσης
679 510 788 537 συνόδου
806 510 880 536 ἀπα-

95 559 204 594 γορεύει
228 559 291 590 τοὺς
319 559 430 594 μίμους.
456 558 503 585 καὶ
521 559 562 595 τὰ,
579 557 693 593 θέατρα,
709 557 756 583 καὶ
774 557 809 583 τὰ
824 556 880 582 τῶν

95 605 232 640 κῦνηγὶων
249 604 361 639 θεώρια,
378 605 426 630 καῖ⁴
438 604 488 636 τὰς
502 604 548 630 ἐπὶ
565 604 669 638 σκηνῆς
680 603 819 637 ὀρχήσεις·
832 602 880 628 καὶ

95 652 243 688 διορίζεται
268 651 332 682 τοὺς
361 650 570 685 καταφρονητάς
601 648 695 681 αὑτοῦ,
732 648 881 683 κληρικοίις

96 697 146 732 μὲν
159 697 246 728 ὂντας,
273 695 474 730 καθαιρεῖσθαι,
490 695 603 725 λαῖκοὺς
625 694 666 725 δὲ,
690 692 881 727 ἀφορίζεσθαι.

95 743 151 769 Καὶ
180 742 211 768 τὺ
238 741 315 773 τέλος
333 740 381 767 τοῦ
403 739 433 767 ιε’
449 740 563 771 κανόνος
587 740 636 774 τῆς
659 741 688 766 ὲν
714 738 880 774 Καρθαγένῃ

95 788 206 815 συνόδου
221 787 295 821 λέγει
310 787 381 813 οὕτω
402 786 503 822 ῥητῶς·
519 786 574 812 Καὶ
599 785 668 812 ὥστε
686 785 720 811 τι
733 785 816 811 τέκνα
829 783 884 811 τῶν

96 834 192 868 ἱερέων
208 833 309 868 θεὼρια
335 833 458 866 κοσμικὰ
475 831 512 867 μὴ
528 832 647 859 ἐκτελεῖν
667 831 734 867 μηδὲ
757 831 882 865 θεωρεῖν.

94 879 181 906 Τοῦτο
193 879 222 905 δὲ
247 879 294 905 καὶ
322 878 390 905 πᾶσι
420 878 597 913 Χριστιανοῑς
628 877 672 903 ἀεὶ
699 877 882 911 κεκήρυκται,

95 925 166 952 ὥστε
180 926 246 952 ὅπου
260 924 430 959 βλασφημίαι
451 925 505 950 εἰσὶ
532 923 568 958 μὴ
587 924 738 958 προσιέναι.
756 924 881 959 Σήμερον

94 971 124 997 δὲ
150 971 205 997 τῶν
233 957 419 1005 ἱπποδρομιῶν
438 957 615 1004 τελουμένων
635 970 708 996 κατὰ
731 957 885 1004 παρουσίαν

97 1017 240 1052 βασιλικὴν
262 1016 323 1050 δίχα
339 1015 461 1042 τοιούτου
483 1015 671 1050 ἀποτροπαίου
687 1015 772 1047 τινδε,
799 1014 886 1042 κακόν

95 1072 124 1089 τι
137 1063 264 1097 γενέσθαι
291 1062 341 1097 οὐχ
358 1061 554 1088 ὑποπτεύεται.
570 1061 616 1087 Διδ
631 1059 707 1087 εἷπον
723 1062 760 1092 ὡς
775 1062 886 1088 ἐπαινε-

96 1109 144 1135 τὴν
162 1108 213 1143 μέν
232 1109 289 1134 ἐστι
304 1107 334 1133 τδ
352 1107 419 1140 μηδὲ
436 1106 505 1137 ὅλως
515 1106 611 1141 ἡδονῆς
625 1106 654 1138 ἐξ
670 1107 853 1141 ἱπποδρομίας
868 1105 884 1140 ἢ

97 1155 179 1181 ἄλλου
193 1153 265 1184 τινὸς
278 1153 420 1188 θυμήρους
434 1151 587 1186 γεύσασθαί
609 1161 681 1179 τινα*
695 1153 847 1179 ἀκόλαστον
858 1152 887 1178 δὲ

99 1201 147 1227 καὶ
157 1200 188 1226 τι
200 1199 256 1234 (88)
264 1200 304 1230 εἰς
312 1198 438 1229 τοιαύτας
451 1198 633 1233 ἱπποδρομίας
645 1198 694 1232 κλη
700 1198 793 1233 ρικοὺς
803 1198 888 1232 ἀπέρ-

98 1246 205 1281 χεσθαι.
219 1245 250 1272 Ei
272 1245 328 1280 γὰρ
348 1245 423 1271 πᾶσα
440 1244 605 1279 ἱπποδρομία
620 1244 636 1278 ἦ
651 1253 680 1270 τε
703 1244 821 1270 ἔκπαλαι
845 1251 889 1270 τε-

98 1291 217 1326 λουμένη
233 1291 279 1317 καὶ
291 1292 307 1326 ἡ
322 1291 442 1326 σήμερον
457 1290 587 1325 γινομένη
599 1290 803 1326 ἀπαγορεύεται
816 1290 888 1317 κατὰ

98 1338 163 1369 τοὺς
175 1337 299 1370 πολλοὺς,
313 1336 408 1372 ὥσπερ
424 1337 456 1372 δὴ
473 1337 519 1363 καὶ
530 1337 618 1364 πάντα
630 1337 664 1363 τὰ
677 1336 779 1371 θεὼρια
794 1337 842 1363 καὶ
855 1337 888 1363 τὰ

100 1384 230 1418 κυνήγια,
254 1382 495 1418 ἀναγκασθήσεται
514 1391 555 1414 τις
572 1383 660 1408 εἰπεῖν
677 1383 745 1417 μηδὲ
761 1382 829 1414 ὅλως
844 1382 889 1416 γί-

100 1429 196 1457 νεσθαί
211 1438 237 1456 τι
248 1429 367 1455 τοιοῦτόν
383 1437 448 1455 ποτε
465 1428 519 1455 τῶν
536 1428 643 1463 καιρῶν
659 1428 736 1463 παρὰ
755 1428 890 1463 βασιλέως

100 1475 118 1510 ἢ
136 1477 231 1510 ἐτέρου
246 1476 319 1507 τινός
332 1483 339 1490 ·
356 1476 535 1511 ἀπρακτῆσαι
558 1475 586 1501 δὲ
604 1476 650 1502 καὶ
665 1476 700 1502 τὰ
719 1476 787 1510 μετὰ
803 1484 889 1502 κυνα-

103 1521 171 1556 ρίων
186 1521 385 1555 λαγοκυνήγια,
407 1521 450 1548 ἵνα
476 1521 513 1555 μὴ
530 1521 578 1547 καὶ
594 1521 618 1547 οἱ
640 1521 730 1548 λαῖκοὶ
745 1522 785 1552 είς
808 1523 890 1548 ἱππο-

927 288 1017 318 partes
1032 292 1084 311 non
1103 284 1254 317 prohibitte,
1270 292 1317 318 per
1336 285 1405 312 talos
1419 289 1446 312 et
1469 284 1602 312 fortunam
1625 284 1713 311 vieto-

929 329 996 356 riam
1018 329 1216 363 provocabaut;
1232 329 1302 363 quod
1318 329 1427 363 quidem
1443 329 1541 356 divinis
1560 329 1712 356 canonibus

929 381 969 403 est
981 376 1094 403 omnino
1116 376 1293 410 prohibitum.
1317 375 1546 413 Pet-mittebantur
1571 379 1661 402 autem
1684 379 1713 402 et

929 422 1079 450 bellnarum
1093 423 1263 456 certamina,
1293 428 1320 451 et
1347 423 1429 449 multa
1460 422 1511 449 alia
1536 421 1663 449 indecora
1680 428 1713 448 ac

931 471 1029 504 turpia.
1040 468 1186 503 Propterea
1201 469 1283 501 enim,
1296 468 1431 504 inquiunt,
1443 473 1471 495 et
1480 468 1510 495 5i
1523 475 1584 495 can.
1597 474 1715 501 praesen-

930 516 964 543 tis
980 524 1042 551 syn.
1057 516 1180 550 prohibet
1194 515 1301 547 mimos,
1321 520 1347 542 et
1363 515 1478 548 theatra,
1497 518 1524 541 et
1544 514 1714 541 venatiouum

931 561 1095 596 spectacula,
1113 567 1139 590 et
1154 562 1312 589 saltationes
1328 561 1354 588 in
1368 568 1447 588 scena
1465 569 1472 588 :
1502 565 1529 587 et
1554 559 1669 591 statuit,
1687 563 1717 586 nt.

932 609 976 642 qui
993 608 1080 642 ipsum
1095 611 1309 640 contemnerent,
1323 607 1345 634 si
1360 607 1414 634 sint
1428 606 1533 641 quidem
1550 604 1654 637 clerici,
1667 604 1716 632 de-

932 658 1075 689 portantur.
1093 653 1154 680 laici
1171 661 1235 680 vero
1248 657 1434 688 segregentnr.
1452 653 1484 679 Et
1501 652 1562 678 linis
1589 652 1623 678 i5
1650 657 1714 678 ean.

933 700 1026 727 Cartb.
1045 707 1104 735 syn.
1128 700 1167 727 sic
1184 704 1276 734 aperte
1288 699 1353 727 dicit
1369 710 1374 728 :
1391 699 1421 726 Et
1439 698 1510 732 quod
1529 698 1574 725 lilii
1589 697 1718 725 sacerdo-

935 749 989 772 tum
1004 744 1156 778 spectacula
1171 745 1311 772 saecularia
1329 752 1380 771 non
1406 744 1548 778 perﬁciant
1576 750 1625 770 nec
1651 749 1715 776 spe-

935 794 1017 816 ctent.
1032 788 1088 816 lloc
1101 793 1189 816 autem
1201 789 1281 817 etiam
1292 790 1419 817 omnibus
1432 788 1596 816 Christianis
1613 793 1718 822 semper

935 840 978 862 est
993 835 1177 870 praedicatum,
1195 839 1224 861 ut
1240 835 1284 862 ubi
1306 840 1369 862 sunt
1384 835 1526 862 maledicta
1542 841 1573 861 ac
1594 833 1721 868 blasphe-

938 881 991 908 mia
1007 888 1039 908 ne
1051 880 1192 908 accedant.
1209 880 1296 908 Hodie
1309 887 1409 912 autem.
1427 889 1487 908 cum
1504 887 1635 915 equorum
1658 887 1720 907 cur—

936 934 982 954 sus
1007 927 1170 962 imperatore
1195 932 1328 962 praesente
1358 927 1432 959 liant,
1462 933 1513 954 nec
1538 926 1574 953 sit
1588 925 1720 960 ejusmodi

938 973 1091 1007 fugiendum
1109 979 1136 1000 et
1148 973 1325 1000 aversandum
1341 973 1477 1008 quidpiam
1490 993 1498 1006 ,
1520 972 1591 999 nulla
1614 976 1656 1000 est
1671 979 1720 1007 pe-

937 1020 1010 1046 nitus
1025 1018 1144 1053 suspicio
1163 1018 1216 1046 illic
1233 1019 1294 1045 mali
1319 1019 1465 1053 quidquam
1490 1018 1558 1045 lieri.
1584 1018 1721 1051 Quamob-

936 1072 993 1092 rem
1021 1064 1157 1096 dicebant,
1185 1065 1255 1098 quod
1273 1067 1314 1091 est
1330 1063 1439 1098 quidem
1465 1063 1599 1090 laudabile
1622 1063 1723 1090 nullam

937 1110 1046 1144 penitus
1064 1110 1216 1144 quempiam
1234 1109 1400 1143 voluptatem
1423 1114 1532 1144 gustare
1542 1116 1573 1135 ex
1591 1115 1722 1143 equorum

938 1155 1075 1183 eurriculo
1090 1155 1130 1182 vel
1158 1162 1189 1182 ex
1209 1155 1299 1188 aliquo
1314 1155 1367 1181 alio
1382 1160 1459 1189 grato
1474 1163 1481 1182 :
1499 1154 1608 1189 impune
1632 1158 1724 1181 autem

938 1205 981 1229 est
996 1206 1022 1229 et
1039 1202 1072 1228 ad
1089 1201 1220 1236 ejusmodi
1243 1208 1373 1235 equorqu
1389 1208 1486 1228 cursus
1506 1200 1620 1228 clericos
1647 1207 1725 1227 acce-

939 1246 1013 1274 dere.
1030 1245 1057 1274 Si
1075 1246 1146 1273 euim
1159 1246 1247 1273 otnnis
1259 1253 1389 1280 equorqu
1406 1252 1501 1273 cursus
1514 1265 1521 1278 ,
1538 1249 1564 1272 et
1590 1244 1635 1279 qui
1659 1244 1724 1271 olim

941 1292 1020 1320 ﬁebat
1034 1297 1062 1320 et
1077 1293 1122 1327 qui
1138 1292 1217 1319 hodie
1235 1293 1273 1324 lit,
1286 1297 1325 1319 est
1339 1291 1504 1324 prohibitus,
1522 1295 1551 1317 ut
1577 1290 1654 1317 multi
1685 1290 1725 1317 in-

939 1338 1045 1373 quiunt,
1066 1337 1292 1372 quemadmodum
1308 1336 1388 1372 185.
1400 1341 1427 1363 et
1450 1334 1604 1370 spectacula
1631 1335 1724 1362 omnia

940 1390 968 1413 et
999 1385 1167 1416 venationes,
1193 1388 1306 1418 cogetur
1316 1383 1377 1418 quis
1390 1383 1491 1414 dicere,
1509 1390 1597 1418 neque
1612 1382 1724 1409 omnino

943 1431 995 1458 tale
1007 1430 1070 1465 quid
1088 1438 1205 1464 unquam
1234 1429 1332 1457 debere
1356 1429 1412 1456 lleri
1441 1429 1475 1456 ab
1499 1429 1662 1463 imperatore
1686 1427 1728 1455 vel

942 1477 997 1504 ullo
1010 1476 1063 1503 alio
1082 1485 1090 1504 :
1116 1483 1238 1503 cessasse
1259 1480 1348 1502 autem
1372 1482 1405 1502 ae
1429 1475 1580 1502 exolevisse
1606 1474 1727 1508 leporum

943 1530 1003 1550 cum
1017 1522 1129 1550 canibus
1146 1521 1311 1553 venationes,
1327 1528 1360 1547 ne
1378 1520 1450 1553 laici,
1469 1525 1497 1546 ut
1508 1527 1639 1554 equorum
1663 1526 1727 1546 cur-

99 1567 226 1602 δρομίας,
240 1566 289 1593 καὶ
302 1567 429 1601 θεωρίας,
442 1567 490 1593 καὶ
501 1567 615 1601 κυνήγια
628 1566 819 1601 ἀσχολούμενοι
828 1567 889 1600 ἀφο-

945 1570 1019 1597 sibus
1032 1573 1059 1596 et
1073 1568 1235 1603 spectaculis
1253 1571 1280 1595 et
1296 1566 1486 1594 venationibus
1509 1571 1636 1593 vacantes
1651 1585 1658 1596 .
1684 1572 1728 1592 se-

103 1613 197 1648 ρισμῷ
220 1612 407 1644 ὖποπὲσωσιν,
435 1613 504 1647 ὅπερ
531 1612 641 1638 ἄτοπον.
661 1612 710 1639 Διὰ
728 1612 793 1646 γοῦν
812 1612 890 1638 τοῦτο

101 1659 240 1693 ὀφείλουσι
253 1659 286 1686 τὰ
301 1659 350 1694 τῆς
369 1658 560 1693 ίπποδρομίας,
579 1658 625 1684 καὶ
638 1657 672 1684 τὰ
685 1657 739 1684 τῶν
754 1657 890 1693 θεωρίων,

101 1706 152 1732 καὶ
166 1705 200 1732 τὰ
217 1705 273 1732 τῶν
288 1705 425 1740 κυνηγίων
440 1705 479 1735 είς
500 1704 546 1730 δύο
560 1703 735 1739 διαιρεῖσθαι,
759 1703 797 1735 ὡς
814 1704 892 1739 εἴρη-

101 1759 162 1778 ταιο
175 1752 215 1783 είς
229 1751 265 1778 τὰ
279 1752 368 1786 πάντη
389 1750 573 1785 ἀποτρόπαια,
588 1751 629 1781 είς
642 1749 659 1776 ἃ
675 1750 712 1785 μὴ
729 1751 809 1785 μόνον
824 1750 892 1784 κλη-

104 1797 189 1831 pact,
206 1796 263 1823 ἀλλ’
279 1797 339 1823 οὐδὲ
362 1796 452 1823 λαῖκοὶ
467 1797 696 1832 παραχωροῦνται
721 1796 892 1831 ἀπέρχεσθαι

103 1842 145 1877 τῷ
156 1841 230 1876 φόϐῳ
242 1841 288 1868 τοῦ
305 1841 469 1876 ἀφοριομοῢ,
485 1841 532 1868 καὶ
546 1841 587 1872 είς
603 1841 637 1867 τὰ
653 1841 891 1876 ἐπιτετραμμένα,

104 1886 142 1914 τὰ
157 1886 203 1913 καὶ
220 1887 338 1922 σήμερον
357 1885 534 1921 ἐνεργοῦντα,
554 1887 594 1918 είς
610 1887 628 1914 ἃ
645 1886 676 1913 οὑ
698 1887 778 1921 μόνον
789 1886 891 1919 λαῖκοὶ,

103 1932 175 1960 ἀλλὰ
193 1932 241 1958 καὶ
266 1932 392 1967 κληρικοὶ
418 1931 663 1967 ἅποκριματίστως
683 1932 890 1960 ἀπελεύσονται.

104 1977 170 2004 Ὀτι
189 1977 228 2010 δὲ,
245 1977 339 2011 φασὶν,
355 1977 384 2003 οὐ
400 1976 490 2003 πάντα
509 1977 543 2004 τὰ
573 1976 674 2012 θεώρια
692 1978 739 2004 καὶ
752 1978 787 2004 τὰ
808 1978 892 2004 ἱππο-

102 2023 206 2062 δρόμια
220 2025 243 2050 οί
263 2023 375 2055 κανόνες
392 2023 598 2058 ἀπηγόρευσαν,
610 2023 677 2050 ἀλλὰ
698 2023 731 2050 τὰ
745 2023 892 2059 κινδυνώδη

102 2070 153 2097 καὶ
179 2069 289 2104 αἰσχρὰ,
313 2069 440 2104 δηλοῦται
463 2069 516 2096 ἀπὸ
534 2068 580 2095 τοῦ
606 2069 646 2102 ξαν
663 2068 777 2100 κανόνος
796 2069 845 2104 τῆς
865 2070 893 2096 ἒν

102 2116 276 2152 Καρθαγένῃ
290 2116 410 2147 συνόδου,
424 2114 547 2149 λέγοντος
558 2115 644 2141 ταῦτα
659 2115 762 2150 ῥητῶς·
776 2115 895 2142 Κάκεϊνο

102 2162 135 2190 δὲ
150 2162 262 2197 αἰτῆσαι
285 2162 328 2188 ἵνα
352 2161 387 2188 τὰ
401 2161 504 2196 θεὼρια
520 2160 574 2187 τῶν
589 2159 742 2194 θεατρικῶν
760 2161 895 2194 παιγνίων

103 2208 137 2234 ἐν
155 2208 214 2238 ταῖς
227 2207 382 2242 Κυριακαῖς
402 2206 449 2232 καὶ
468 2206 497 2232 ὲν
505 2206 565 2237 ταῖς
574 2205 680 2237 λοιπαῖς
700 2206 826 2241 φαιδραῖς
842 2206 893 2241 τῆς

101 2253 161 2280 τῶν
175 2252 349 2288 Χριστιανῶν
369 2252 487 2283 πίστεως
503 2251 621 2286 ἡμέραις
645 2251 817 2283 κωλύωνται,
837 2252 889 2286 μά·

101 2299 186 2326 λιστα
205 2298 243 2330 δὲ,
257 2298 298 2324 ὃτι
315 2298 342 2323 ὲν
354 2298 386 2332 τῇ
404 2296 509 2330 όγδοάδι
524 2296 571 2322 τοῦ
584 2296 662 2330 ἁγίου
674 2296 768 2332 Πάσχα
785 2298 809 2323 οί
820 2296 893 2332 ὅχλοι

105 2344 210 2381 μᾶλλον
228 2344 267 2374 εἰς
286 2345 335 2374 τὰς
351 2342 534 2377 ἱπποδρομίας
547 2342 618 2377 ἥπερ
630 2343 670 2374 είς
680 2343 730 2376 τὴν
743 2343 893 2377 ἐκκλησίαν

105 2389 300 2424 συνέρχονται,
317 2387 435 2422 ὀφείλειν
452 2387 649 2422 μετενεχθῆναι
666 2388 716 2420 τὰς
735 2388 894 2424 ὡρισμένας

104 2435 199 2464 αὐτῶν
215 2435 321 2471 ἡμέρας
334 2435 377 2461 ὅτε
394 2434 557 2468 ἀπαντήσει·
571 2434 618 2460 καὶ
642 2433 678 2468 μὴ
697 2433 817 2469 ὀφείλειν
833 2435 895 2462 τινὰ

103 2482 164 2509 τῶν
176 2481 348 2516 Χριστιανῶν
359 2481 398 2512 είς
410 2479 443 2506 τὰ
464 2479 565 2514 θεώρια
577 2479 663 2506 ταῦτα
678 2480 893 2514 ἀναγκάζεσθαι.

106 2528 223 2560 Πάντως
239 2528 294 2563 γὰρ
310 2527 335 2553 εί
346 2527 421 2562 παρὰ
435 2526 489 2553 τῶν
507 2526 628 2553 κανόνων
639 2527 713 2553 πᾶσα
727 2525 895 2563 ἱπποδρομία

943 1614 1092 1651 gregationi
1105 1613 1292 1646 subiiciantur,
1309 1613 1380 1648 quod
1407 1618 1450 1640 est
1472 1612 1630 1639 absurdum.
1656 1611 1730 1644 Quo-

942 1662 1015 1689 circa
1036 1660 1134 1688 debent
1151 1664 1179 1687 et
1193 1667 1324 1695 equorum
1341 1658 1474 1686 curricula
1491 1661 1518 1685 et
1534 1657 1685 1692 spectacula
1701 1661 1728 1684 et

919 1717 925 1722 ·
942 1706 1101 1734 venationes
1121 1705 1147 1732 iu
1166 1705 1219 1732 duo
1237 1704 1331 1738 dividi,
1349 1708 1376 1730 ut
1390 1703 1492 1731 dictum
1510 1707 1569 1731 est:
1583 1703 1609 1729 in
1624 1710 1655 1728 ea
1667 1709 1727 1736 qua

943 1756 1006 1780 sunt
1022 1752 1134 1779 omnino
1147 1751 1295 1778 aversanda
1313 1756 1340 1778 et
1354 1749 1477 1781 rttgieuda
1488 1769 1496 1782 ,
1511 1753 1538 1776 et
1555 1749 1588 1776 ad
1600 1756 1660 1783 qua:
1675 1754 1728 1775 non

943 1799 1029 1826 solum
1048 1797 1164 1828 clericis,
1182 1797 1229 1824 sed
1244 1802 1329 1830 neque
1344 1795 1418 1823 laicis
1434 1795 1562 1822 accedere
1588 1794 1730 1829 permitte-

944 1851 998 1878 tur,
1013 1850 1084 1872 metu
1093 1842 1395 1874 excommunicatiouis;
1409 1846 1436 1869 et
1449 1842 1474 1868 in
1485 1848 1517 1868 ea
1528 1848 1588 1876 qua;
1597 1840 1728 1875 permissa

944 1893 1018 1922 sunt,
1033 1895 1092 1922 quae
1110 1892 1172 1915 sunt
1187 1887 1267 1914 hodie
1290 1886 1316 1913 in
1333 1894 1398 1918 usu,
1417 1885 1450 1913 ad
1475 1893 1535 1920 quae
1561 1892 1614 1912 non
1641 1884 1727 1912 solum

944 1934 1017 1966 laici,
1036 1933 1082 1960 sed
1102 1937 1129 1960 et
1140 1931 1233 1960 clerici
1247 1931 1316 1958 citra
1337 1930 1423 1957 ullum
1441 1929 1629 1965 praeiudicium
1653 1935 1729 1956 acce-

945 1981 1018 2007 dent.
1033 1978 1108 2011 Quod
1129 1983 1229 2010 autem,
1246 1977 1382 2010 inquiunt,
1400 1984 1453 2004 non
1467 1975 1558 2003 omnia
1575 1975 1728 2010 spectacula

945 2031 1130 2060 equorumque
1145 2021 1280 2050 curricula
1292 2052 1295 2054 ,
1305 2029 1425 2049 canones
1448 2020 1646 2055 prohibuerunt
1657 2039 1664 2050 ,
1680 2019 1728 2046 sed

945 2079 976 2099 ea
990 2071 1095 2098 demum
1113 2077 1173 2103 quae
1190 2073 1253 2096 sunt
1265 2067 1417 2103 periculosa
1446 2074 1477 2094 ac
1493 2066 1581 2100 turpia
1596 2084 1604 2097 ,
1633 2071 1667 2091 ex
1694 2064 1725 2091 6i

945 2116 1165 2153 Carthaginensis
1180 2115 1276 2150 synodi
1288 2121 1392 2142 canone
1403 2117 1495 2147 aperte
1509 2111 1672 2144 ostenditur,
1684 2110 1730 2144 qui

945 2164 1002 2191 haec
1013 2169 1140 2197 expresse
1154 2161 1238 2189 dicit:
1256 2160 1341 2188 Porro
1369 2163 1396 2187 et
1414 2158 1476 2186 illud
1495 2163 1596 2193 petere,
1611 2161 1640 2183 ut
1655 2157 1732 2184 thea-

947 2207 1213 2235 tricorumludorum
1240 2204 1394 2240 spectacula
1420 2204 1448 2230 in
1479 2202 1627 2230 Dominicis
1650 2206 1679 2229 et
1703 2201 1729 2228 in

945 2254 1055 2289 reliquis
1070 2252 1284 2280 Christianorum
1305 2250 1367 2278 lidei
1388 2249 1465 2277 festis
1481 2249 1575 2276 diebus
1596 2248 1732 2283 lteri-pro-

945 2301 1108 2331 hibeantur;
1127 2298 1243 2325 maxime
1256 2296 1383 2331 quoniam
1398 2296 1425 2322 in
1441 2300 1535 2322 octava
1568 2294 1654 2322 sancti
1681 2293 1733 2320 Pa-

945 2346 1047 2374 schalis
1063 2344 1177 2380 populus
1192 2343 1225 2370 ad
1241 2349 1374 2377 equorum
1388 2340 1522 2368 curricula
1548 2341 1636 2375 potius
1650 2346 1730 2374 quam

946 2393 979 2420 ad
1006 2391 1136 2419 ecclesias
1159 2388 1300 2420 convenit;
1325 2392 1352 2415 et
1384 2392 1413 2414 ut
1445 2387 1560 2414 debeant
1587 2385 1732 2421 praestituti

946 2445 1040 2465 eorum
1065 2436 1124 2463 dies
1150 2433 1290 2462 transferri
1305 2453 1312 2466 ,
1343 2432 1450 2467 quando
1477 2432 1645 2459 occurreriut
1661 2439 1668 2458 :
1683 2437 1732 2456 nec

948 2484 1028 2512 debet
1040 2483 1112 2510 ullus
1126 2481 1298 2508 Christianus
1313 2480 1371 2514 cogi
1386 2479 1418 2505 ad
1431 2479 1488 2506 haec
1515 2478 1680 2512 speetamtla.
1698 2476 1727 2504 Si

948 2530 1020 2557 enim
1044 2534 1174 2562 equorum
1195 2533 1290 2553 cursus
1316 2529 1389 2553 esset
1406 2532 1420 2552 ιι
1445 2524 1596 2552 canonibus
1622 2522 1732 2550 omnino

718 2599 818 2630 Guili.
839 2599 1004 2639 Beveregii
1024 2601 1118 2629 notua.

148 2674 205 2716 (88)
221 2675 407 2716 Ἀκότιαιζτον
419 2673 453 2701 δὲ
465 2673 516 2716 καί
609 2673 639 2714 in
651 2673 786 2716 editio-ne
821 2674 899 2716 Pari-

111 2708 201 2740 siensi
231 2710 363 2742 particula
394 2709 517 2743 negativa
552 2708 813 2743 bicriuterponitnr.
852 2708 899 2736 Sic

112 2746 189 2774 enim
206 2745 242 2771 ibi
261 2745 337 2772 locus
361 2745 407 2771 hic
433 2742 541 2777 legitur,
556 2742 707 2769 ἀκόλαστον
721 2744 743 2769 δ’
758 2745 789 2770 οὺ
805 2745 852 2770 καὶ
866 2744 898 2771 τὸ

113 2782 156 2812 εἰς
180 2780 308 2810 τοιαύτας
332 2778 512 2813 ἱπποδρομίας
542 2777 690 2814 κληρικοὺς
717 2779 896 2814 ἀπέρχεσθαι.

113 2787 156 2812 εἰς
180 2788 308 2810 τοιαυτας
332 2787 512 2813 ιπποορομιας
542 2787 690 2839 κληρικους
717 2787 895 2814 απερχεσθαι.

113 2814 270 2843 Gcnlianus
285 2814 420 2841 Hervetus
436 2814 518 2841 etiam
537 2813 564 2840 in
603 2813 685 2839 tliano
708 2821 759 2840 ms.
792 2814 828 2840 ita
857 2814 895 2841 le-

114 2852 189 2885 gisse
200 2849 318 2885 videtur.
334 2848 424 2876 Vertit
435 2848 520 2880 enim,
538 2847 598 2875 Non
609 2852 649 2874 est
664 2853 752 2885 autem
768 2849 895 2885 intempe-

114 2882 211 2912 ranlice
221 2884 255 2911 ad
268 2884 397 2919 ejusmodi
412 2891 535 2919 equorum
549 2891 639 2910 cursu:
651 2883 752 2911 clericis
764 2882 896 2911 accedere.
915 2912 918 2917 ,

949 2672 1050 2700 Verum
1059 2679 1114 2699 non
1124 2671 1211 2698 solum
1219 2670 1247 2698 in
1257 2678 1309 2698 ms.
1320 2673 1415 2698 nostro
1425 2668 1583 2700 Bodleiano,
1593 2666 1641 2696 sed
1648 2666 1731 2693 etiam

949 2709 977 2735 in
991 2706 1208 2735 Amerbachiano
1224 2711 1251 2733 et
1268 2704 1434 2736 Aitoniensi,
1449 2703 1581 2738 particula
1596 2703 1647 2729 ista
1665 2705 1731 2727 tan-

948 2750 1031 2778 quam
1048 2740 1187 2778 superﬂua
1205 2741 1355 2778 rejicitur;
1371 2746 1461 2778 neque
1474 2738 1548 2778 enim
1563 2738 1640 2765 locus
1672 2743 1732 2778 eam

947 2772 1091 2809 admittat;
1103 2775 1174 2810 quod
1196 2772 1300 2802 dicitur
1315 2773 1452 2810 laudabile
1465 2772 1573 2810 quidem
1591 2779 1663 2810 esse.
1677 2772 1734 2810 _l_tu-

946 2812 1065 2847 jusmodi
1079 2807 1152 2838 ludis
1168 2818 1222 2847 non
1245 2808 1400 2847 delectari:
1427 2807 1475 2847 sed
1507 2813 1602 2847 tamen
1632 2807 1733 2833 ἀκόλα-

947 2842 1010 2873 στον
1026 2847 1139 2881 impune
1159 2844 1242 2873 etiam
1268 2844 1378 2872 clericis
1398 2843 1461 2876 erit,
1491 2842 1514 2871 si
1542 2842 1575 2870 ad
1591 2850 1638 2870 eos
1653 2849 1733 2869 acce-

945 2883 1022 2910 dant.
1657 2898 1660 2900 .
