1941 3093
100 135 153 168 633

145 248 154 263 ‹
175 239 255 266 αὑτὸν
271 241 418 276 ἐκκλησίας
430 243 604 278 ἀφαιρεῖσθαι
621 243 637 280 ἢ
655 244 881 279 σφετερίζεσθαι·

142 295 148 308 ς
171 285 227 310 ἀλλ’
241 285 292 312 ὑπὸ
307 288 505 323 παραφυλακὴν
520 289 642 316 ἔστωσαν
655 290 701 316 τοῦ
715 291 817 325 κλήρου
834 291 882 325 τῆς

142 339 149 353 ι
173 331 330 366 ἐκκλησίας,
339 330 372 368 ἦς
382 334 396 359 ό
406 334 569 369 τελευτήσας
584 336 730 371 ἐτύγχανεν
741 337 880 372 πρόεδρος,

143 387 151 401 ι
175 377 254 412 μέχρι
269 378 319 412 τῆς
333 379 425 413 ἑτέρου
439 381 596 408 ἐπισκόπου¹
606 382 788 417 παραγωγῆς·
805 382 881 414 ἐκτὸς

141 433 148 447 ι
171 424 195 449 εί
211 423 247 459 μὴ
267 424 391 460 κληρικοὶ
413 427 442 452 ἐν
458 428 490 462 τῇ
515 427 584 462 αὐτῆ
610 424 741 463 ἐκκλησίᾳ
762 428 811 463 οὐχ
831 429 882 455 ὐπ-

141 479 148 493 ι
171 470 333 505 ελείφθησαν
349 480 355 486 ·
387 473 538 507 τηνικαῦτα
564 474 617 509 γὰρ
645 475 660 501 ὁ
683 474 882 510 μητροπολίτης

139 525 148 540 ι
170 516 256 543 ταῦτα
270 518 460 553 παραφυλάξει
475 520 606 555 ἀμείωτα,
620 521 658 556 τῷ
669 522 881 558 χειροτονηθέντι

141 570 149 585 ι
170 562 311 597 ὲπισκόπῳ
326 563 414 590 πάντα
428 565 580 597 ἀποδιδούς.
600 576 609 592 ι
750 568 753 575 ‘

137 607 234 638 ΒᾼΛΣ.
257 608 301 634 Ἐν
326 608 365 644 τῷ
378 609 420 644 κβ¹
444 611 537 638 κανόνι
552 612 601 647 τῆς
615 611 636 640 δ’
655 612 766 640 συνόδου
778 613 880 649 γέγρα-

101 661 166 678 πται
190 654 382 689 καθαιρεῖσθαι
406 657 469 688 τοὺς
489 658 661 693 ἁρπάζοντας
680 659 824 695 κληρικοὺς
847 661 880 687 τὰ

100 698 261 734 διαφέροντα
271 700 308 735 τῷ
321 701 480 729 ἀποθανόντι
492 704 630 737 ὲπισκόπῳ
642 704 791 739 πράγματα
805 714 813 722 ·
829 706 842 731 ὁ
852 705 880 732 δὲ

102 743 196 777 παρὼν
205 745 294 772 κανὼν
307 746 456 774 κωλύειτὺν
468 749 666 784 μητροπολίτην
674 750 880 786 σφετερίζεσθαι

99 790 199 818 ταῦτα.
218 791 337 819 Ἀκούων
364 793 393 819 δὲ
417 793 454 824 ὡς
476 794 528 820 ὑπὸ
544 794 665 829 φυλακὴν
674 793 826 828 ὀψείλουσιν
843 793 880 822 εἶ-

101 843 145 861 ναι
157 835 265 872 ταῦταῆ
280 837 353 873 παρὰ
365 838 403 873 τῷ
419 839 535 875 κλήρῳῆ
549 841 622 875 παρὰ
633 841 670 875 τῷ
684 841 877 877 μητροπολίτῃ,

99 882 164 907 ὅταν
177 882 226 908 οὐκ
243 880 292 909 ὧτι
308 884 444 917 κληριγοὶ,
461 885 502 919 ἐφ’
518 883 539 919 ᾧ
551 886 659 921 δοθῆναι
674 887 712 921 τῷ
723 896 878 922 χειροτονηη

100 927 244 963 θῃσομένῳ
258 929 410 964 ἔπιε-κόπῳ,
430 931 466 965 μὴ
488 931 568 966 εἴπῃς
583 931 612 964 ἐξ
628 932 748 967 ἀνάγκης
763 933 878 966 ὀφείλειν

100 973 178 999 τοῦτο
206 974 339 1007 γίνεσθαι.
367 976 398 1002 El
420 977 474 1011 γὰρ
499 978 513 1003 ὁ
537 977 702 1011 τελευτήσας
731 979 878 1011 ἐπίσκοπος

99 1019 226 1054 ἐποίησεν
241 1021 412 1056 ἀπογραφὴν,
433 1023 502 1049 κατὰ
523 1023 568 1049 τὸν
584 1026 609 1059 μ’
638 1024 814 1051 ἀποστολικδν
830 1034 879 1052 κα·-

99 1065 173 1094 νόνα,
202 1066 259 1100 ἅμα
287 1067 326 1101 τῷ
346 1069 577 1104 χειροτονηθῆναι,
607 1071 661 1102 τοῖς
685 1071 714 1104 ἐξ
739 1071 877 1098 ἁδιαθέτου

100 1112 280 1146 κληρονόμοις
294 1113 389 1140 τούτου
400 1114 541 1150 δοθήσεται
556 1116 590 1142 τὰ
601 1117 704 1143 ἐκείνου
718 1118 876 1152 πράγματα.

100 1157 156 1183 Καὶ
180 1157 314 1190 ἀνάγνωθι
329 1159 363 1186 τὰ
382 1160 411 1187 ἐν
430 1160 469 1195 τῷ
488 1161 596 1196 ῥηθέντι
615 1161 660 1196 κβ¹
680 1163 771 1192 κανόνι
800 1162 879 1198 χάριν

97 1201 194 1228 τούτου
210 1204 358 1238 γραφέντα.
381 1204 441 1231 Ἐπὶ
456 1204 562 1237 τούτοις
586 1206 630 1241 ἔχε
648 1207 693 1232 ἐπι
709 1207 817 1242 μνήμης
834 1208 880 1234 καὶ

98 1249 130 1274 τὸ
146 1249 217 1275 κατὰ
238 1250 283 1276 τὸν
298 1250 483 1285 Σεπτέμὸριον
499 1252 571 1286 μῆνα
584 1252 634 1286 τῆς
654 1253 684 1279 ιδ’
718 1253 878 1286 ίνδικτιῶνος

99 1292 233 1318 ἁπολυθὲν
249 1294 410 1328 πρόσταγμα
431 1295 478 1321 τοῦ
499 1297 629 1330 κραταιοῦ
644 1298 690 1324 καὶ
709 1297 786 1332 ἁγίου
801 1298 878 1334 ήμῶν

99 1337 232 1373 βασιλέως
247 1340 313 1374 (16),
324 1341 403 1375 χάριν
417 1341 466 1369 τοῦ
484 1343 521 1376 μὴ
538 1342 706 1378 ἁρπάζεσθαι
721 1344 754 1370 τά
768 1346 824 1376 τοῖς
836 1353 879 1371 τε-

97 1383 229 1411 λευτῶσιν
240 1387 399 1419 ἐπισκόποις
415 1388 549 1423 ἀνήκοντα
558 1390 633 1424 παρὰ
641 1390 695 1415 τῶν
705 1390 876 1425 πρακτόρων,

98 1430 148 1455 καὶ
163 1431 225 1457 τάδε
243 1431 312 1458 κατὰ
328 1433 404 1467 ῥῆμα
418 1434 599 1469 διαλαμὸάνον
613 1443 620 1450 ·
633 1436 752 1471 Πρᾶγμα
770 1438 815 1463 καὶ
839 1439 879 1469 εἰς

98 1475 167 1501 Θεοῦ
192 1476 367 1511 τολμώμενον
390 1470 595 1515 περιιρρὸνησιν,
619 1470 665 1508 καί
689 1483 729 1513 είς
752 1483 877 1517 ἀθέτησιν

580 138 585 143 ”
601 139 644 171 ΙΝ
663 141 745 172 CAN.
766 141 870 172 XXXV
886 141 988 173 CONC.
1012 142 1054 173 IN
1074 144 1233 177 TRULLO.

139 201 148 216 ι
168 191 213 219 τὸν
236 193 339 228 θρόνον,
369 196 401 222 τὰ
424 195 506 223 αὑτοῦ
532 196 716 232 πράγματαῆ
748 198 796 229 τῆς
822 197 882 224 κατ’
897 200 920 228 Α

1659 147 1711 179 634

971 207 980 223 ι
999 199 1082 233 ipsius
1095 201 1216 229 ecclesiae
1228 201 1334 229 auferre
1346 202 1388 229 vel
1411 202 1464 230 sibi
1491 203 1645 235 vindicare;
1664 205 1709 230 su-«l

971 255 980 271 ι
1000 245 1053 273 sint
1070 247 1120 274 sub
1134 247 1255 275 custodia
1270 249 1334 276 cleri
1347 248 1479 281 ecclesiae,
1503 250 1544 276 cui
1567 249 1710 276 defunctus

970 300 980 317 ι
999 291 1116 326 praefuit,
1135 301 1221 328 usque
1235 295 1268 320 ad
1284 294 1395 322 alterius
1420 295 1539 330 episcopi
1563 296 1712 329 promotio-

972 348 981 364 ι
999 346 1059 366 nem
1089 347 1097 366 :
1137 340 1189 367 nisi
1211 340 1237 366 in
1271 340 1362 368 eadem
1395 341 1509 369 ecclesia
1543 349 1596 368 non
1627 342 1710 368 relicti

970 394 979 410 ι
999 385 1053 413 sint
1066 385 1168 413 clerici.
1184 385 1260 413 Tunc
1277 387 1348 413 enim
1369 387 1589 421 tuetropolitanus
1610 395 1640 414 ea
1658 395 1710 414 non

970 440 979 457 ι
997 432 1128 459 diminuta
1152 433 1281 465 servabit,
1297 434 1433 468 [ordinato
1464 434 1590 467 episcopo
1618 433 1708 460 omnia

969 487 980 504 (
1000 478 1125 506 reddens.
1144 487 1154 504 ι

966 611 1061 640 BALS.
1076 612 1104 639 ln
1118 612 1247 640 vicesimo
1260 611 1380 639 secundo
1392 612 1496 639 canone
1513 617 1615 647 quarta:
1629 620 1711 648 syno-

931 660 1097 693 discriptum
1121 663 1173 690 est,
1196 659 1370 693 deponendos
1391 658 1513 691 clericos,
1538 659 1582 694 qui
1604 660 1710 694 rapiunt

930 705 1000 733 bona
1013 712 1073 739 qua:
1087 704 1120 731 ad
1133 709 1266 731 mortuum
1288 705 1441 739 episcopum
1470 705 1613 739 pertinent.
1634 705 1705 732 Prm-

929 757 991 778 sens
1008 755 1095 777 autem
1114 757 1198 776 canon
1211 749 1336 783 prohibet
1350 748 1583 783 metropolitanum
1597 750 1632 777 'ea
1658 751 1709 777 sibi

929 798 1074 826 vindicare.
1089 797 1155 824 Cum
1173 800 1262 823 alitem
1285 796 1366 829 audis
1391 803 1423 823 ea
1450 796 1548 823 debere
1575 803 1636 823 esse
1660 799 1708 823 sub

929 844 1062 875 custodia,
1078 843 1118 869 vel
1131 842 1200 877 apud
1216 842 1328 874 clerum,
1343 841 1384 869 vel
1398 842 1507 876 quando
1532 849 1585 868 non
1608 841 1707 868 fuerint

929 890 1031 920 clerici,
1043 889 1110 923 apud
1126 887 1375 922 metropolitanum,
1391 891 1421 913 ut
1444 887 1543 914 dentur
1559 887 1708 914 ordinando

927 937 1053 971 episcopo
1068 944 1075 962 :
1091 942 1124 962 ne
1134 935 1233 962 dixeris
1245 935 1295 961 hoc
1310 934 1409 961 debere
1425 934 1578 961 necessario
1597 934 1664 960 ﬁeri.
1678 933 1706 959 Si

928 982 998 1009 enim
1022 982 1164 1009 defunctus
1185 980 1326 1014 episcopus
1352 981 1531 1007 inventarinm
1555 979 1648 1008 fecerit
1668 980 1708 1014 (ul

928 1028 983 1055 vult
1003 1019 1037 1054 i0
1053 1035 1137 1053 canon
1152 1026 1325 1060 apostolicus)
1345 1033 1406 1052 cum
1426 1026 1541 1059 primum
1561 1025 1609 1052 fuit
1627 1025 1707 1051 ordi—

927 1078 1024 1104 natus;
1053 1071 1204 1098 haeredibus
1231 1072 1289 1106 ejus
1317 1070 1351 1097 ab
1378 1071 1502 1097 intestato
1535 1070 1606 1097 illius
1637 1071 1705 1097 bona

912 1119 1074 1146 'dabuntur.
1089 1118 1121 1144 Et
1136 1118 1193 1151 lege
1203 1125 1261 1152 quae
1279 1117 1306 1143 in
1331 1117 1402 1144 dicto
1425 1116 1460 1142 22
1486 1122 1589 1143 canone
1614 1115 1646 1143 de
1675 1123 1708 1142 co

929 1165 1028 1198 scripta
1042 1168 1115 1190 sunt.
1133 1163 1264 1190 Prsterea
1287 1167 1375 1189 autem
1405 1163 1466 1198 tene
1496 1162 1625 1189 memoria
1640 1169 1707 1188 con-

928 1210 1094 1238 uitutionem
1117 1210 1232 1242 palemis
1251 1209 1392 1242 sanctique
1415 1207 1584 1242 imperatoris
1606 1207 1705 1234 domini

928 1256 1081 1284 Emanuelis
1090 1255 1219 1283 Comneni
1235 1255 1384 1289 Septembri
1402 1261 1492 1281 mense
1507 1253 1540 1280 M
1562 1253 1707 1281 indictione

928 1303 1064 1333 emissam,
1080 1302 1113 1329 dc
1128 1309 1180 1328 non
1194 1301 1338 1334 rapiendis,
1361 1300 1395 1327 ab
1420 1299 1602 1330 exactoribus,
1629 1300 1707 1326 bonis

928 1354 987 1381 qua:
995 1347 1027 1374 ad
1040 1347 1181 1374 defunctos
1201 1346 1341 1380 episcopos
1366 1345 1508 1380 pertinent,
1525 1351 1583 1377 quae
1599 1344 1705 1378 quidem

928 1393 985 1421 haec
999 1393 1129 1420 verbatim
1147 1391 1358 1425 complectitur:
1387 1391 1451 1422 Res.
1474 1397 1533 1424 quat
1557 1393 1584 1416 et
1607 1389 1633 1417 in
1659 1388 1704 1416 Dei

928 1438 1119 1472 contenlptum,
1135 1442 1161 1464 et
1172 1436 1204 1463 ad
1222 1437 1308 1471 legum
1323 1439 1427 1464 natura;
1439 1434 1658 1468 infirmationem,
1671 1435 1706 1461 ab

927 1483 962 1511 iis
978 1483 1034 1516 qui.
1050 1487 1079 1509 ut
1093 1482 1178 1515 aiunt,
1198 1489 1284 1515 neque
1300 1480 1346 1508 Dei
1357 1488 1448 1508 vocem
1469 1487 1554 1515 neque
1567 1480 1704 1507 hominum

98 1519 209 1554 θεσμῶν
227 1524 349 1555 φυσικῶν
364 1525 439 1558 παρὰ
450 1525 513 1558 τῶν,
531 1526 544 1551 ὅ
559 1535 635 1560 φασι,
656 1528 724 1562 μήτε
743 1528 810 1555 Θεοῦ
823 1528 874 1555 ὅπα

929 1529 1071 1556 vindictam
1092 1527 1246 1560 formidant,
1282 1532 1311 1553 ut
1336 1516 1379 1554 est
1402 1525 1557 1556 verisimile,
1582 1525 1705 1555 audetur,

99 1567 166 1600 μήτ’
176 1567 326 1602 ἀνθρώπων
339 1570 449 1604 νέμεσιν
463 1571 656 1606 ὑφορωμένων,
672 1573 708 1605 ὡς
718 1574 815 1606 ἔοικεν,
828 1576 877 1601 οὐκ

99 1613 212 1639 ἀνεκτὸν
236 1614 308 1646 ὅλως»
329 1616 454 1652 ἐλογίσθη
471 1619 504 1652 τῇ
522 1615 645 1654 βασιλείᾳ
661 1628 722 1653 μου,
737 1621 777 1652 εὶς
794 1622 877 1654 ἀκοὰς

95 1659 166 1694 αὐτῇ
193 1663 334 1693 πετπωκός
349 1669 357 1676 ·
373 1663 448 1689 ἐνθεν
471 1672 510 1690 τοι
530 1665 576 1691 καὶ
591 1665 635 1697 (ὡς
646 1667 732 1701 πάντη
753 1667 799 1694 τοῦ
823 1669 877 1695 τῶν

95 1706 300 1742 Χριστωνύμων
327 1709 436 1742 ἀνάξιον
465 1711 694 1746 ἐπαγγέλματος,
724 1712 876 1747 διορθοῦται

95 1753 175 1778 τοῦτο
194 1755 209 1787 ἠ
237 1754 359 1788 βασιλεία
381 1765 442 1790 μου.
476 1757 620 1792 Ἀνηνέχθη
642 1759 696 1793 γὰρ
711 1759 778 1794 αὐτῇ
795 1759 832 1790 ὡς
848 1762 876 1785 ἐν

96 1799 158 1828 ταῖς
176 1799 288 1825 ἀπὸτοῦ
302 1800 352 1835 ζῇν
368 1802 510 1836 ἐκδημίαις
528 1802 582 1829 τῶν
600 1803 767 1838 ὁπουδήποτε
782 1806 875 1840 ἀρχιε-

97 1845 267 1877 ρατευόντων
279 1846 306 1871 ὲν
320 1848 380 1877 ταῖς
390 1847 436 1872 τοὺ
447 1847 514 1873 Θεοῦ
524 1848 691 1882 ἁγιωτάταις
705 1850 874 1884 ἐκκλησίαις,

99 1891 137 1924 πῆ
156 1891 205 1925 μὲν
219 1893 265 1917 καὶ
280 1892 332 1925 πρὸ
347 1893 397 1926 τῆς
413 1893 502 1919 αὐτῶν
513 1895 640 1928 ἐκφορᾶς,
657 1895 695 1928 πῆ
707 1895 792 1921 δὲκαὶ
805 1897 876 1923 κατὰ

97 1937 147 1971 τὴν
165 1938 296 1971 ἐκφορὰν,
312 1939 336 1964 οἱ
352 1939 425 1965 κατὰ
447 1938 539 1974 χώραν
553 1940 727 1974 ἐνεργοῦντες
740 1942 874 1976 προφάσει

95 1984 145 2018 τῆς
163 1983 253 2010 αὐτῶν
271 1984 398 2019 τελευτῆς
419 1985 475 2011 τῶν
497 1994 526 2011 τε
550 1986 661 2012 κελλίων
683 1987 772 2013 αὐτῶν
787 1988 874 2014 ἀπαν-

97 2029 216 2062 θρώπως
231 2031 480 2064 κατεπεμὸαίνουσι
496 2032 542 2058 καὶ
555 2032 608 2058 τῶν
622 2032 674 2058 ὑπὸ
684 2032 732 2063 τὰς
741 2033 874 2067 λαχούσας

95 2077 193 2107 αὐτοὺς
217 2077 364 2110 ἐκκλησίας
386 2078 604 2111 ἀκινήτωνρκαὶ
627 2078 806 2113 ἀφαιροῦνται
823 2080 873 2113 μὲν

95 2121 204 2148 ἅπαντα
226 2123 260 2148 τὰ
277 2124 306 2148 ὲν
320 2123 425 2154 τούτοις
444 2120 648 2158 παρευρεθέντα
664 2125 719 2149 τῶν
740 2124 873 2159 ὑπαρχόν-

93 2176 148 2194 των
172 2168 278 2200 αὐτοῖς·
296 2168 442 2204 καθολικὴν
465 2169 494 2195 δὲ
517 2169 654 2195 ποιοῦνται
670 2169 724 2195 τῶν
745 2170 872 2196 τοιούτων

927 1584 981 1603 non
998 1576 1104 1604 ferenda
1122 1575 1230 1602 omnino
1250 1573 1380 1608 imperiali
1398 1580 1463 1600 meae
1482 1572 1621 1606 potestati,
1644 1579 1704 1599 ctnn

927 1621 960 1649 ad
974 1620 1030 1656 ejus
1043 1628 1123 1648 aures
1149 1619 1335 1653 pervenisset.
1359 1618 1415 1645 visa
1445 1622 1496 1645 est.
1525 1617 1703 1650 Quamobrem

925 1675 995 1697 eam,
1012 1667 1161 1694 utomnino
1185 1665 1338 1692 Christiana
1369 1664 1532 1698 professione
1558 1664 1704 1697 indignam,

927 1721 985 1740 mea
998 1712 1108 1747 corrigit
1119 1711 1262 1744 imperialis
1280 1715 1408 1744 potestas.
1435 1709 1466 1736 Ei
1497 1709 1569 1736 enim
1592 1709 1703 1736 relatum

925 1764 976 1790 est,
989 1759 1059 1793 quod
1080 1759 1105 1784 in
1124 1765 1234 1785 excessu
1249 1764 1264 1783 e
1278 1756 1331 1782 vita
1344 1763 1449 1786 eorum,
1465 1755 1510 1790 qui
1527 1755 1614 1781 ubivis
1639 1762 1704 1789 pon-

927 1805 1054 1832 tilicatum
1066 1808 1162 1839 gerunt
1179 1803 1205 1830 in
1221 1802 1400 1830 sanctissimis
1419 1801 1466 1827 Dei
1484 1801 1619 1831 ecclesiis,
1638 1809 1702 1835 par-

925 1853 973 1878 tim
984 1851 1090 1886 quidem
1097 1855 1126 1877 et
1139 1854 1281 1884 antequam
1292 1848 1370 1875 funus
1381 1847 1517 1880 eii‘eratur,
1531 1847 1626 1881 partim
1639 1854 1703 1874 vero

925 1902 951 1924 et
967 1901 1104 1931 postquam
1123 1895 1221 1923 elatum
1239 1894 1329 1924 fuerit.
1350 1894 1379 1925 ii,
1395 1893 1439 1926 qui
1464 1893 1491 1919 in
1528 1901 1558 1920 ea
1595 1893 1703 1927 regione

926 1942 981 1969 θεοί
993 1941 1207 1976 procurationem
1226 1944 1363 1971 exercent,
1377 1937 1495 1972 ipsorum
1517 1938 1611 1965 mortis
1631 1946 1700 1972 prai—

925 1993 1010 2020 textn,
1027 1994 1119 2014 eorutn
1140 1985 1221 2013 cellas
1236 1984 1382 2012 inhumane
1408 1983 1549 2016 invadunt,
1568 1988 1595 2011 et
1613 1984 1702 2011 eccle-

923 2035 1034 2065 siarum,
1049 2041 1108 2068 quin
1121 2033 1161 2060 eis
1184 2032 1338 2067 obtigerant
1368 2030 1527 2069 immobilia,
1553 2034 1581 2057 et
1607 2037 1702 2057 omnes

923 2083 1030 2116 quidem
1046 2081 1194 2112 facultates,
1206 2087 1266 2115 qua;
1278 2079 1304 2106 in
1319 2078 1373 2106 illis
1390 2078 1504 2105 inventae
1525 2077 1635 2109 fuerint,
1651 2086 1700 2104 au-

924 2128 1023 2159 ferunt,
1068 2127 1221 2154 universam
1256 2130 1344 2152 autem
1369 2124 1498 2158 ejusmodi
1523 2123 1698 2151 immobilium

922 2175 1089 2201 exactionem
1103 2173 1213 2205 faciunt,
1230 2177 1258 2200 et
1278 2179 1309 2198 ca
1323 2171 1423 2206 alioqui
1439 2171 1548 2198 omnino
1566 2170 1698 2204 eliquant.

93 2216 229 2250 ἀκινήτων
253 2215 411 2250 ἀπαίτησιν,
442 2216 489 2242 καὶ
510 2216 642 2246 παντοίως
664 2215 764 2250 ἑτέρως
787 2216 871 2243 ταῦτα

929 2219 1069 2254 [mperialis
1079 2225 1143 2252 ergo
1158 2225 1216 2245 mea
1236 2221 1355 2252 potestas
1374 2224 1407 2243 ne
1424 2216 1464 2243 vel
1485 2215 1577 2242 auditu
1591 2216 1698 2250 quidem

93 2261 330 2296 συντρίϐουσιν.Ἡ
344 2261 372 2287 δὲ
387 2261 508 2296 βασιλεία
527 2268 577 2295 μου
595 2261 661 2296 μηδὲ
677 2261 756 2296 μέχρι
773 2262 819 2288 καὶ
831 2262 871 2293 εἰς

91 2307 217 2342 ἄκουσμα
239 2309 318 2342 μόνον
341 2308 454 2343 ἀνεκτὴν
476 2308 639 2343 ἡγησαμένη
664 2307 713 2342 τὴν
736 2308 870 2341 τοσαύτην

923 2265 1059 2293 ferendam
1076 2272 1166 2291 eorum
1179 2271 1239 2291 esse
1255 2262 1393 2290 audaciam
1410 2261 1576 2292 existimans,
1590 2269 1623 2288 ne
1639 2269 1698 2288 cum

924 2310 1050 2337 damnum
1063 2314 1090 2336 et
1105 2308 1242 2336 calamitas
1253 2315 1285 2335 ex
1298 2307 1448 2334 antistitqu
1461 2312 1546 2333 tuorte
1558 2306 1591 2333 ad
1606 2314 1697 2334 eorum

690 2353 790 2383 tiuill.
811 2355 1083 2393 Beveregiiﬁnotm.

90 2405 144 2430 τῶν
159 2404 437 2437 κα-αλιμπανομένων
453 2404 528 2429 εἱδῶν
545 2403 712 2429 διοικεῖσθαι.
729 2403 805 2429 Debet
820 2407 866 2430 tua

89 2441 174 2474 pictas
195 2439 216 2464 si
228 2440 286 2472 quis
298 2440 476 2472 episcoporum
490 2439 570 2465 vitam
580 2447 638 2464 cum
651 2442 732 2465 marte
748 2443 864 2474 tomum-

89 2473 164 2503 terit.
177 2481 280 2500 omnum
295 2473 360 2500 nihil
373 2482 403 2499 2.x:
413 2473 469 2507 ejus
483 2473 556 2499 rebus
569 2474 671 2507 auferre
682 2493 690 2503 .
704 2481 748 2499 nec
759 2473 865 2500 honesta

90 2510 194 2535 nomine
224 2509 414 2534 consuetudhzis
438 2509 596 2542 pro/libitum
622 2509 720 2542 rnpinw
744 2510 864 2542 tyranni-

89 2545 178 2578 disquc
192 2545 295 2576 [acinus
314 2544 466 2569 obtunbrare
482 2551 491 2570 :
509 2544 552 2569 sed
570 2544 695 2569 universi:
712 2543 864 2569 denuntiare

87 2581 216 2614 [nitu-nm.
234 2584 259 2604 ut
277 2579 363 2604 omnia
379 2578 452 2604 salva
466 2583 665 2614 conserventur,
681 2583 703 2603 et
720 2579 863 2604 secundant

88 2615 222 2648 ipsiusmet
235 2614 431 2648 dispositionem
443 2614 538 2648 quamvis
557 2613 653 2639 reliclw
666 2613 762 2646 species
779 2613 865 2648 aidmi-

88 2651 241 2676 nistrentur.
260 2649 286 2675 ln
300 2647 362 2675 Jur.
381 2648 426 2675 Gr.
440 2647 514 2674 Rom.
532 2648 550 2679 Ι,
565 2655 588 2674 vt
601 2667 607 2677 ,
630 2656 689 2682 pag.
706 2648 767 2683 43D.
786 2647 863 2680 Quod

88 2684 196 2719 quidem
219 2683 373 2719 mandatum
396 2684 575 2717 ex.prmsenti
603 2690 707 2710 ριιιιυιιο
731 2683 861 2718 originem

87 2727 205 2745 trnxt~se
219 2718 335 2744 videtur.

123 2754 178 2788 (16)
201 2753 345 2787 Κραταιοῦ
361 2754 407 2780 καὶ
429 2754 514 2786 ἁγίου
531 2752 785 2787 ήμῶνβασιλέως.
808 2753 857 2780 Ms.

88 2790 317 2815 Antcrbacltianns
329 2789 391 2822 legit
402 2789 531 2814 αὑθέντου
545 2788 685 2822 βασιλέως.
698 2789 749 2814 Sed
761 2796 857 2815 nomen

88 2826 257 2858 imlwr:ttoris
272 2824 361 2857 hujus,
375 2825 419 2857 qni
432 2824 652 2849 t'onslilltlioneut
668 2823 710 2849 hic
720 2823 855 2849 laudatam

88 2860 182 2889 unxit.
196 2867 244 2886 nec
261 2859 286 2886 in
299 2860 358 2890 isto.
372 2867 421 2889 nec
434 2860 459 2886 in
470 2859 570 2886 nostris
587 2867 652 2885 mss.
667 2865 863 2885 commemora-

920 2411 963 2431 tur
985 2414 990 2431 :
1016 2410 1043 2432 at
1067 2405 1093 2431 in
1112 2405 1206 2431 codice
1229 2403 1336 2431 Tiliano
1358 2402 1515 2429 Emmanuel
1539 2402 1696 2429 Comnentts

920 2441 1093 2472 nominatur;
1108 2440 1145 2466 uti
1160 2443 1266 2466 constat
1281 2447 1312 2466 ex
1327 2438 1421 2464 Latina
1439 2437 1545 2464 Hervrti
1563 2439 1695 2472 versinm,

918 2476 961 2508 qui
974 2475 1098 2505 reddidit.
1111 2475 1275 2508 imperatoris
1286 2473 1385 2499 domini
1397 2472 1548 2499 Emanuelis
1559 2471 1694 2502 Conmeni,

917 2501 997 2544 quam
1011 2501 1153 2544 propterea.
1165 2511 1313 2536 versionem
1329 2515 1377 2535 nos
1390 2507 1537 2544 immutare
1546 2507 1693 2538 noluimus,
1716 2501 1732 2523 ³

918 2540 947 2571 ut
962 2540 1133 2578 imperatoris
1145 2552 1241 2580 nomen
1254 2540 1505 2580 imlicatttem._Natn
1519 2542 1693 2580 Emauuelcm

914 2577 1082 2606 Gutnnenum
1108 2580 1175 2605 hanc
1190 2577 1314 2605 edidisse
1347 2578 1569 2604 constitutionem
1594 2584 1625 2602 ex
1653 2577 1693 2603 his

914 2614 979 2644 ipsts
999 2615 1079 2645 etiam
1107 2614 1194 2641 verbis
1213 2618 1329 2644 constat,
1349 2612 1427 2645 ἁγίου
1450 2611 1528 2646 ἡμῶν
1548 2610 1691 2644 βασιλέως,

913 2648 978 2676 Nam
1006 2649 1172 2676 Balsamonis
1196 2649 1373 2683 temporibus»
1388 2646 1599 2683 ille_itnpera_tor
1622 2651 1690 2676 erat,

911 2685 991 2718 cujus
1013 2685 1094 2712 etiam
1117 2684 1195 2716 jussu
1210 2681 1351 2710 Bitlsamon
1371 2681 1600 2718 praeclarumitoe
1624 2687 1692 2714 opus

912 2714 1048 2754 suscepit;
1074 2723 1104 2745 ut
1118 2714 1174 2754 ipse
1194 2719 1221 2754 iu
1228 2714 1400 2754 _pr:efatione
1422 2716 1456 2742 ad
1471 2714 1688 2754 Nontocancnem

912 2750 1000 2782 Pholii
1017 2750 1135 2782 testatus
1145 2758 1196 2780 est.
1215 2750 1280 2778 llinc
1295 2752 1374 2777 etiam
1390 2753 1449 2781 est,
1469 2750 1540 2784 quod
1561 2751 1616 2776 haec
1633 2751 1690 2784 ipsa

911 2790 1075 2818 Constitutio
1090 2790 1139 2816 sub
1154 2788 1273 2822 ejusdem
1294 2786 1464 2822 imperatoris
1478 2785 1587 2822 nomine
1601 2790 1689 2813 citstet

910 2826 989 2852 etiam
1008 2825 1034 2852 in
1049 2823 1121 2850 luris
1134 2819 1346 2850 Gnaeo-Romani
1362 2820 1379 2846 Ι.
1396 2826 1426 2852 n,
1443 2827 1469 2854 υ.
1488 2819 1546 2849 154.
