1941 3093
88 133 140 164 641

543 129 592 168 ,ιιι
615 130 697 160 CAN.
717 129 853 161 XXXVII
871 129 974 161 CONC.
991 131 1033 163 IN
1052 133 1213 164 TRULLO.

1662 135 1715 166 649.

92 194 125 216 τὰ
141 189 276 225 προσόντα
293 188 384 220 αὐτοῖς
410 189 580 224 ⁴Ιιγουμενεῖα
600 188 647 214 καὶ
674 188 811 221 ἀδελφάτα
828 189 875 214 καὶ

932 189 1005 217 eiecti
1018 194 1090 222 sunt,
1104 191 1204 218 habere
1216 191 1242 217 in
1256 195 1393 226 posterum
1408 190 1630 218 monasteriorum
1644 198 1714 225 pra:-

91 237 216 271 ὀφίρίκια·
233 237 294 270 ἥτις
330 235 386 270 ἔχει
413 235 482 261 κατὰ
508 227 584 269 ῥῆμα
598 233 702 265 οὕτως’
729 234 878 269 Ἀνέμαθεν

92 286 110 319 ὴ
126 283 251 318 βασιλεία
268 291 330 318 μου,
346 283 481 316 ἅγιωτατε
497 280 617 322 δέσποτά
642 288 693 314 μου
708 280 756 306 καὶ
786 281 877 306 οἰκου-

97 330 189 364 μενικὲ
205 329 375 365 πατριάρχα,
392 329 433 354 ὅτι
445 327 499 353 τῶν
511 328 540 353 ὲν
554 327 615 357 ταῖς
628 325 676 352 τοῦ
686 325 753 352 Θεοῦ
779 325 879 359 ἐκκλη-

96 375 166 406 σίαις
203 374 302 409 ψήφων
329 371 551 408 προῦαινουσῶν,
583 370 655 400 τινὲς
679 370 734 396 τῶν
767 370 806 401 εἰς
830 369 879 400 τὰς

93 421 201 456 ψήφους
243 418 425 452 ὲπιλεγέντιυν
463 415 694 452 ὴγονμενεὺοντες
732 416 761 441 ὲν
794 423 878 449 μονα-

96 467 218 502 στηρίοις
245 465 294 492 καὶ
317 463 536 498 οἰκονομοῦντες,
553 463 570 496 ἢ
600 463 648 488 καὶ
674 461 772 496 ἑτέρας
801 461 878 492 τινὰς

95 510 248 546 ὑπηρεσίας
275 508 488 543 διενεργοῡντες,
516 508 563 534 καὶ
578 506 672 538 ἁπλῶς
697 505 879 540 τυγχάνοντες

99 557 223 592 μοναχοὶ,
249 556 338 591 ἕτεροι
353 555 382 582 δὲ
395 555 424 581 ἐν
440 563 470 581 τε
485 555 519 589 τῇ
543 554 591 580 τοῦ
618 553 685 580 Θεοῦ
705 553 819 588 Μεγάλῃ
833 552 879 578 ὲκ-

93 603 195 638 κλησίᾳ
208 602 256 628 καὶ
269 603 299 628 ὲν
316 601 434 636 ἑτέραις,
452 600 508 627 ἀπό
520 609 551 626 τε
562 599 699 635 ὀφφικίων
711 599 760 626 καὶ
776 599 879 634 ἑτέρων

95 648 177 674 τινῶν
187 647 364 682 λειτουργιῶν
373 647 407 674 τὰ
423 646 536 682 ζωαρκῆ
551 646 727 680 κεκτημένοι,
739 644 879 680 δυσχερῶς

95 693 188 728 ἔχουσι
206 693 251 719 τὸν
267 693 317 727 τῆς
336 693 486 727 ἱερωσύνης
498 691 582 724 ζυγὸν
598 690 654 724 (‘20)
674 690 812 723 ὑπελθεῖν,
829 690 878 716 καὶ

96 740 156 770 ταῖς
179 738 338 773 ἑκκλησίαις
367 737 552 772 ἐπισκοτῆσαι
570 733 614 767 αἷς
641 734 878 770 ὲπεκηρύχθησαν,

97 785 214 816 δεδιότες
242 785 360 820 μήποτε,
377 783 432 810 τῶν
448 783 578 809 τοιούτων
604 782 760 816 ἐκκλησιῶν
771 783 801 808 ὲν
821 781 879 813 τοῐς

93 831 143 865 τῆς
159 830 304 865 ’Δνατολῆς
322 830 418 864 μέρεσι
433 828 624 863 διακειμένων,
639 827 791 862 ἐπιλείψειε
819 826 879 854 τού-

94 857 152 908 τοίς
167 877 200 905 τὰ
214 857 370 911 ἀναγκαία-η
388 876 435 902 ἅτε
448 874 502 901 τῶν
519 857 568 909 μὲν
581 857 668 905 ἐνΠαῖς
691 857 878 908 ὲπελῖιηφίσθη-
894 857 918 887 Β

94 931 144 950 σαν
164 922 318 957 ἐκκλησιῶν
346 922 435 957 πάντη
464 920 662 956 τυγχανουσῶν
691 920 802 955 ἀπόρων
829 920 877 946 καὶ

93 967 275 1003 ἀπροσϐάτων
298 967 391 998 αὐτοῖς
406 966 557 997 παντελῶς,
587 966 776 1005 στερουμένων
788 964 817 990 δὲ
831 964 879 991 καὶ⁴

94 1014 196 1046 αὐτῶν,
209 1013 254 1040 διὰ
270 1013 299 1039 τὸ
315 1013 366 1046 τὴν
381 1011 544 1039 ἐπιστασίαν
559 1010 664 1037 τούτων
691 1009 876 1041 ὑπεισελθεϊν,

94 1062 149 1086 τῶν
160 1059 320 1095 προσουσῶν
332 1059 424 1090 αὐτοῖς
441 1057 631 1093 ἡγουμενειῶν
644 1056 692 1082 καὶ
704 1055 878 1089 οἰκονομιῶν,

95 1106 143 1132 καὶ
154 1105 255 1140 ἑτέρων
271 1103 456 1139 λειτουργιῶν,
481 1103 529 1129 καὶ
543 1102 599 1128 τῶν
611 1101 749 1132 ἁπλοϊκῶς
765 1101 878 1135 λεγομέ-

96 1159 149 1178 νων
169 1150 355 1185 ἁδελφάτωνῆ
374 1149 420 1176 καὶ
441 1148 585 1183 ὸφφικίων,
602 1148 649 1174 καὶ
673 1147 773 1182 ἐτέρων
797 1147 879 1173 τινῶν

95 1197 266 1232 ὑπηρεσιῶν.
280 1195 432 1230 Διορίζεται
462 1194 553 1220 τοίνυν
572 1194 588 1228 ἡ
613 1193 739 1227 βασιλεία
755 1201 818 1227 μου,
839 1193 879 1218 οἰ-

95 1241 235 1276 κονομικῷ
254 1249 307 1267 τινι
331 1240 402 1274 λόγῳ
432 1238 607 1265 διενθετοῦσα
631 1239 666 1264 τὰ
679 1238 750 1265 ,κατ’
768 1238 877 1270 αὐτοὺς,

97 1287 136 1323 μή
160 1295 222 1314 τινα
235 1286 337 1313 τούτων
349 1286 417 1321 μετὰ
441 1285 530 1312 ταῦτα
547 1284 736 1319 δυσχεραίνειν
751 1284 790 1319 τῷ
803 1283 879 1318 ζυγῷ

95 1333 146 1367 τῆς
159 1331 364 1367 ἀρχιερωσύνης
386 1330 564 1364 ὑποδραμεῖν.
593 1329 697 1360 Πάντες
726 1329 782 1364 γὰρ
805 1326 879 1356 οὗτοι

96 1377 336 1404 καταπολαύσουσι
363 1377 409 1403 καὶ
441 1371 524 1402 πάλιν
538 1375 593 1400 τῶν
616 1374 777 1409 προσουσῶν
787 1375 901 1406 αὺτοῑςι

97 1422 285 1459 ἡγουμενειῶν
314 1429 344 1447 τε
370 1421 417 1447 καὶ
446 1419 618 1455 οἰκονομιῶν,
647 1420 702 1445 τῶν
730 1419 834 1455 ἑτέρων
848 1428 877 1447 τε

97 1466 255 1502 ὑπηρεσιῶν
276 1467 324 1493 καὶ
338 1465 517 1501 λειτουργιῶν
543 1466 590 1492 καὶ
601 1465 749 1500 ὀφφικίων,
766 1466 878 1492 καὶτῶν

97 1514 256 1549 προσόντων
269 1513 360 1544 αὐτοῖς
375 1506 533 1546 ἀδελφάτων
544 1519 550 1526 ·
572 1511 618 1538 καὶ
631 1511 677 1538 τὸν
690 1513 740 1546 τῆς
752 1512 877 1539 διδασκα-

97 1560 158 1591 λίας
182 1558 407 1594 ὕπεισερχόμενοι
435 1557 536 1591 λόγον,
561 1559 608 1583 καὶ
633 1557 682 1592 τὴν
713 1557 879 1584 τελειοποιίιν

97 1604 175 1636 τάξιν
192 1603 398 1638 ἀναδεξάμενοι,
427 1603 472 1630 καὶ
486 1602 540 1629 τῶν
555 1601 728 1629 ἀπὐὲκείνων
739 1603 879 1638 προσόδων

96 1650 345 1682 κατεξουσιάσουσι
370 1649 467 1684 μέχρις
481 1649 513 1675 ἂν
528 1649 620 1676 ἄνεσιν
635 1649 752 1680 λάϐοιεν,
769 1650 814 1675 καὶ
828 1650 880 1676 ἀπὸ

97 1698 146 1730 τῆς
161 1697 209 1722 νῦν
223 1695 387 1731 δυσκληρίας
404 1695 568 1722 κατασταῖεν
586 1695 654 1729 πρὸς
669 1695 818 1730 εὑκληρίαν
831 1696 879 1730 τὴν

98 1742 153 1768 τῶν
170 1741 404 1776 ἐπιψηφισθεισῶν
419 1741 512 1771 αὐτοῖς
529 1740 692 1774 ἐκκλησιῶν,
706 1741 743 1771 ὡς
757 1741 878 1775 εἴρηται,

101 1786 209 1814 ἀϐάτων
222 1786 309 1813 οὐσῶν
323 1786 439 1816 τούτοις,
453 1785 490 1816 ὡς
505 1785 558 1811 ὑπὸ
582 1786 636 1812 τῶν
656 1785 786 1820 ἐχθίστων
814 1794 882 1812 κατ-

100 1833 239 1867 εχομένων
266 1831 380 1866 ἐχθρῶν.
411 1830 486 1865 Πλὴν
509 1832 542 1857 τὰ
567 1831 685 1869 ἐνταῦθα
714 1831 882 1866 διωρισμένα

100 1879 178 1913 παρὰ
195 1880 244 1912 τῆς
269 1877 408 1913 βασιλείας
427 1885 478 1912 μου
493 1877 544 1903 οὐκ
567 1877 680 1903 ἐπὶτῶν
702 1877 880 1912 ἀρχοντικίων

101 1924 233 1958 κρατήσει
248 1925 296 1949 καὶ
323 1923 377 1949 τῶν
390 1922 503 1957 βαθμῶν
516 1922 571 1948 τῶν
605 1922 699 1956 ἱερέων
711 1931 740 1949 τε
765 1924 813 1950 καὶ
825 1924 879 1950 τῶν

100 1968 233 1996 διακόνων
249 1967 361 1995 καὶτῶν
376 1967 478 1994 λοιπῶν
491 1967 540 1994 τοῦ
569 1967 671 2003 κλήρου
684 1969 733 2004 τῆς
747 1969 793 1995 τοῦ
810 1968 878 1996 Θεοῦ

893 1533 914 1562 C

928 235 1059 266 facturas,
1075 240 1103 262 et
1121 236 1318 268 irateruitatcs,
1334 241 1361 263 et
1377 235 1474 267 oiiicia,
1497 238 1530 270 ad
1547 236 1608 263 illos
1630 238 1716 270 perii-

929 280 1032 306 nentia.
1048 279 1112 312 Qua:
1133 281 1264 307 Verbatim
1285 281 1324 307 sic
1338 287 1368 307 se
1384 281 1464 307 habet
1485 288 1493 308 :
1514 280 1612 306 Didicit
1630 281 1713 314 impr-

929 325 1002 352 rialis
1011 334 1069 352 mea
1079 331 1208 360 potestas,
1219 326 1388 353 sanctissime
1401 327 1508 352 domine
1518 331 1544 352 et
1555 326 1716 353 universalis

929 372 1094 405 patriarcha,
1120 373 1190 406 quod
1214 378 1274 398 cum
1302 371 1328 397 in
1353 371 1396 397 Dei
1425 371 1545 397 Ecclesia
1569 370 1716 398 electiones

929 419 1089 452 procedant,
1111 418 1219 452 quidam
1233 424 1338 448 eorum,
1353 417 1399 451 qui
1417 417 1496 444 electi
1517 423 1591 448 sunt,
1607 418 1634 444 in
1656 424 1715 443 mo-

931 463 1061 490 nasteriis
1087 463 1269 496 gubernantes
1291 469 1319 489 et
1347 463 1442 489 domus
1469 461 1716 488 administrationis

934 515 1027 534 curam
1043 512 1179 542 gerentes,
1197 507 1236 535 vel
1255 507 1306 534 alia
1323 507 1405 534 etiam
1423 507 1571 534 ministeria
1587 515 1717 534 exercen-

930 557 982 583 tes.
1006 557 1033 580 et
1051 553 1163 580 omnino
1180 548 1303 580 monachi
1328 554 1501 585 exsisteutes,
1525 553 1569 580 alii
1586 559 1674 581 autem
1688 553 1714 580 iu

927 599 1027 640 VMagna
1052 599 1098 627 Dei
1121 600 1248 632 ecclesia,
1264 605 1290 627 et
1319 601 1344 627 in
1361 601 1430 633 aliis,
1450 608 1482 628 ex
1503 600 1599 628 ciliciis
1614 607 1641 628 et
1655 602 1715 629 aliis

930 643 1086 670 muneribus
1100 651 1132 671 ac
1152 645 1323 678 ministeriis,
1347 653 1378 672 ea
1395 653 1455 679 quae
1473 646 1555 674 victui
1581 646 1717 674 suiiiciunt

934 689 1114 722 possidentes,
1131 698 1203 724 aegre
1226 691 1315 718 ierunt
1328 692 1482 725 pontiﬁcale
1496 693 1588 728 iugum
1612 694 1714 726 subire,

929 739 957 761 ct
977 734 1031 762 illis
1054 735 1177 763 ecclesiis
1191 744 1318 771 praeesSe,
1341 737 1367 764 in
1384 745 1451 771 quas
1472 739 1619 766 renuntiati
1641 745 1714 771 sunt,

931 781 1012 808 veriti
1025 788 1059 808 ue
1072 789 1133 808 cum
1145 783 1277 817 ejusmodi
1292 783 1412 810 ecclesia;
1426 785 1451 810 in
1463 784 1583 812 Orientis
1595 785 1716 819 partibus

931 828 996 858 sint,
1020 828 1060 855 eis
1077 830 1231 856 necessaria
1253 829 1362 863 desint;
1386 836 1489 864 utpote,
1513 839 1574 858 cum
1596 833 1716 859 ecclesiis

932 874 1051 908 quidem,
1066 875 1092 900 in
1107 875 1204 909 quibus
1223 874 1299 903 electi
1313 881 1388 908 sunt,
1403 877 1547 904 admodum
1566 879 1716 911 indigentes
1745 908 1750 919 Ι

931 923 986 949 sint
1001 927 1028 949 et
1044 923 1096 950 illis
1113 923 1226 950 omnino
1244 924 1399 956 inaccessae,
1420 926 1558 958 priveutur
1580 931 1670 952 autem
1689 931 1714 952 ct

934 968 995 1002 ipsi,
1013 975 1045 995 eo
1057 969 1129 1002 quod
1148 969 1253 996 illarum
1268 977 1360 996 curam
1373 971 1532 1004 suscipiant,
1551 971 1716 1004 praeircuirls

932 1019 959 1041 et
971 1015 1142 1047 mconomiis,
1157 1023 1217 1049 quae
1232 1010 1283 1043 sibi
1301 1017 1410 1046 adsunt.
1426 1021 1452 1042 et
1467 1017 1526 1043 aliis
1543 1017 1714 1049 muneribus,

932 1063 959 1085 et
983 1058 1026 1090 iis,
1050 1066 1109 1093 quae
1133 1059 1292 1094 simpliciter
1317 1060 1446 1087 dicuntur
1469 1060 1660 1092 fraternitates,
1689 1066 1716 1086 ct

911 1103 1038 1142 ‘oiliciis,
1054 1109 1082 1131 et
1102 1105 1262 1139 quibusdam
1281 1105 1341 1133 aliis
1359 1105 1526 1132 ministeriis.
1544 1105 1600 1131 Mea
1626 1105 1716 1138 itaque

931 1151 1025 1177 statuit
1043 1150 1192 1184 imperialis
1209 1156 1338 1186 potestas,
1360 1159 1402 1181 ea.
1419 1159 1477 1185 qua:
1491 1151 1527 1183 ad
1544 1151 1617 1184 ipsos
1632 1153 1715 1184 perii-

932 1201 1007 1235 tieiLt,
1030 1195 1214 1229 dispensativa
1237 1197 1353 1231 quadam
1384 1197 1487 1223 ratione
1510 1197 1666 1232 disponens,
1684 1205 1716 1223 ne

932 1239 991 1273 quis
1016 1240 1128 1274 posthac
1152 1240 1308 1274 pontiﬁcale
1329 1241 1423 1274 jugum
1448 1240 1539 1267 subire
1557 1245 1673 1267 recuset.
1696 1241 1714 1267 Ii

931 1284 1002 1311 euiin
1025 1285 1220 1324 ouinesietiam
1246 1293 1339 1312 rursus
1361 1285 1486 1312 fruentur
1512 1285 1561 1318 iis,
1585 1293 1643 1320 quae
1665 1285 1714 1313 sibi

931 1331 1039 1362 adsunt,
1052 1330 1230 1365 praefecturis.
1246 1336 1273 1358 et
1283 1332 1454 1363 meonomiis,
1469 1337 1497 1359 et
1509 1332 1570 1359 aliis
1585 1333 1648 1359 item
1666 1334 1715 1359 mi-

931 1375 1052 1403 nisteriis
1065 1383 1096 1403 ac
1109 1377 1266 1404 muneribus
1280 1383 1306 1403 et
1319 1377 1426 1409 oiiiciis,
1440 1382 1468 1404 et
1481 1385 1541 1412 quae
1556 1377 1607 1404 illis
1620 1378 1717 1411 adsunt

933 1420 1116 1448 fraternitates
1138 1429 1145 1448 :
1171 1426 1198 1448 et
1225 1423 1353 1449 doctrina:
1383 1422 1516 1449 rationein
1548 1422 1715 1456 subeuntes,

931 1466 1085 1506 perliciente
1111 1475 1124 1493 ιι
1148 1474 1178 1494 se
1202 1472 1328 1502 suscepto
1355 1468 1460 1500 ordine,
1483 1467 1589 1494 illorum
1611 1475 1718 1502 quoque

931 1512 1033 1539 reditus
1049 1512 1130 1539 libere
1149 1513 1308 1547 percipient,
1327 1513 1413 1540 donec
1436 1514 1621 1540 remissionem
1638 1521 1716 1540 acce-

931 1557 1029 1592 perint,
1040 1557 1110 1585 etab
1121 1565 1163 1590 ea,
1173 1565 1234 1592 qua:
1249 1565 1320 1585 nunc
1333 1563 1386 1589 est,
1400 1558 1463 1585 cieri
1476 1560 1633 1586 calamitosa
1643 1565 1717 1586 sorte

931 1605 965 1630 ad
980 1603 1118 1631 meliorem
1130 1603 1194 1631 cieri
1208 1611 1361 1631 successum
1376 1604 1416 1631 eis
1427 1605 1614 1631 attributarum
1628 1604 1717 1631 eccle-

932 1650 1044 1683 siarum,
1061 1658 1122 1685 quae
1140 1650 1174 1677 ab
1187 1651 1236 1683 eis,
1254 1655 1283 1677 ut
1301 1651 1368 1684 dixi,
1390 1651 1456 1677 adiri
1477 1658 1532 1678 non
1548 1655 1671 1685 possunt,
1689 1654 1718 1677 ut

932 1703 992 1730 quae
1013 1697 1047 1734 ab
1063 1696 1248 1724 infestissimis
1270 1701 1413 1723 teneantur
1431 1696 1563 1727 hostibus,
1589 1703 1717 1730 pervene-

934 1743 998 1770 rint.
1013 1742 1078 1774 Sed,
1093 1749 1153 1776 quae
1170 1750 1184 1769 a
1199 1749 1258 1772 mea
1271 1742 1402 1776 imperiali
1421 1747 1554 1776 potestate
1568 1743 1714 1769 constituta

935 1793 1009 1821 sunt,
1023 1789 1120 1819 locum
1144 1795 1198 1815 non
1218 1788 1353 1815 habebunt
1375 1788 1400 1814 ill
1420 1787 1514 1815 oﬂiciis
1534 1788 1572 1814 vel
1591 1789 1717 1822 gradibus

934 1835 1103 1862 sacerdotum
1136 1839 1163 1861 et
1196 1835 1373 1861 diaconoruin
1405 1839 1433 1861 et
1459 1839 1619 1861 ceterorum
1649 1834 1715 1860 cieri

934 1880 1036 1915 Magna:
1052 1880 1097 1908 Dei
1116 1880 1247 1908 ecclesiae.
1264 1880 1336 1907 Pone
1350 1887 1415 1914 ergo
1434 1884 1592 1913 presentem
1609 1881 1715 1907 consti-

935 1926 1065 1952 tutionem
1088 1927 1114 1953 in
1141 1925 1279 1953 codicibus
1305 1924 1520 1960 cbartophyiacii
1548 1925 1649 1959 Magnae
1670 1924 1715 1950 Dei

931 1971 1064 1999 ecclesiae.

100 2017 230 2052 Μεγάλης
249 2016 407 2052 ἐκκλησίας.
434 2015 633 2051 Κατάστρωσον
660 2015 707 2043 οὖν
734 2017 766 2043 τὸ
786 2019 874 2053 παρὸν
886 2019 1028 2046 πιττάκιον
1039 2019 1069 2045 ιν
1081 2019 1138 2050 τοῖς
1154 2017 1247 2052 κὼδιξι
1265 2018 1314 2045 τοῦ
1337 2016 1559 2053 χαρτοφυλακίου
1587 2016 1636 2052 τῆς
1668 2015 1717 2042 τοῦ

101 2065 169 2093 Θεοῦ
183 2064 312 2099 Μεγάλης
329 2062 488 2098 ἐκκλησίας.

137 2110 258 2138 ΖΩΝΑΡ.
285 2109 356 2139 Τοὺς
374 2107 523 2142 κληθέντας
552 2107 592 2138 εἰς
616 2106 682 2133 λαοῦ
695 2107 875 2142 προστασίαν,
893 2112 916 2140 ι)

102 2156 151 2184 καὶ
165 2157 201 2192 μὴ
218 2154 394 2189 πειθομένους
418 2153 555 2183 ἀπελθεῖν,
582 2153 706 2187 ἀφορίζει
721 2153 735 2179 ό
749 2153 882 2180 ἑπτακαι-

102 2203 215 2232 δέκατος
238 2201 288 2235 τῆς
299 2201 328 2226 ὲν
346 2199 501 2234 Ἀντιοχείᾳ
527 2197 637 2224 συνόδου
662 2197 762 2225 κανών.
775 2199 844 2230 Τοὺς
853 2200 882 2226 δὲ

103 2246 356 2283 χειροτονηθέντας,
376 2244 414 2280 μὴ
441 2244 608 2275 ἀπελθόντας
618 2243 656 2276 δὲ,
669 2244 698 2270 οὐ
713 2244 778 2279 παρ’
790 2245 881 2272 αἰτίαν

102 2295 218 2325 οἰκείαν,
233 2291 290 2320 ἀλλ’
306 2291 322 2327 ἣ
340 2291 385 2318 διὰ
405 2291 455 2326 τὴν
471 2290 519 2317 τοῦ
541 2290 605 2316 λαοῦ
621 2289 798 2325 παραίτησιν,
814 2290 882 2326 ῆδι“

104 2342 202 2375 ἑτέραν
218 2338 307 2366 αἰτίαν
321 2338 371 2364 οὐκ
387 2337 416 2370 ἐξ
441 2337 530 2364 αὐτῶν
545 2336 705 2370 γενομένην,
720 2337 734 2362 ὁ
748 2335 882 2363 ὀκτωκαι-

103 2387 218 2416 δέκατος
241 2385 289 2419 τῆς
316 2384 400 2419 αὐτῆς
427 2383 536 2410 συνόδου
563 2382 653 2409 κανὼν
683 2382 806 2417 μετέχειν
835 2384 883 2417 τῆς

104 2431 190 2466 τιμῆς
204 2430 251 2460 καὶ
265 2431 314 2464 τῆς
337 2429 508 2463 λειτουργίας
538 2427 655 2455 κελεύει.
669 2427 754 2454 Τοῦτο
768 2427 801 2463 δὴ
814 2427 884 2454 πλα-

103 2478 216 2511 τύτερον
230 2476 279 2502 καὶ
298 2474 312 2500 ὁ
329 2474 424 2509 παρὼν
446 2473 568 2504 θεσπίζει
595 2473 696 2505 κανὼν,
723 2473 811 2507 λέγων
832 2473 882 2506 ὡς,

105 2523 154 2553 ἐάν
172 2530 213 2553 τις
229 2521 268 2551 εἰς
280 2520 431 2554 ἐπισκοπὴν
448 2519 595 2554 προαχθεὶς
620 2520 657 2554 μὴ
682 2518 782 2554 δυνηθῇ
799 2519 885 2544 άπελ-

107 2570 164 2595 οεῐν
180 2569 220 2599 εἰς
238 2567 288 2602 τὴν
303 2564 440 2600 λαχοῦσαν
455 2564 537 2592 αὑτὸν
551 2565 639 2596 πόλιν,
661 2565 713 2591 ὑπὸ
736 2564 885 2600 Βαρϐάρων

107 2614 173 2645 ἴσως
200 2611 397 2647 κατεχομένην,
409 2611 423 2637 ὁ
435 2609 556 2642 τοιοῦτος
569 2610 641 2636 ἇπαν
654 2610 709 2642 ἕξει
737 2610 885 2645 προνόμιον

970 2107 1097 2136 ZONAli.
1119 2107 1169 2140 Qui
1191 2108 1359 2142 assignatum
1376 2108 1546 2142 praefectura:
1561 2101 1718 2136 iuunus'de-
1752 2094 1754 2097 Ι

935 2153 1052 2187 iugiunt,
1075 2152 1251 2180 Antioclienae
1275 2153 1370 2187 synodi
1395 2152 1429 2180 i7
1445 2144 1505 2179 ca'u.
1529 2159 1716 2188 segregantur.

914 2206 917 2209 ‘
934 2199 984 2233 Qui
999 2206 1063 2226 vero
1079 2204 1202 2233 pastores
1220 2198 1378 2231 renuntiati,
1396 2206 1448 2225 non
1465 2199 1556 2233 aliquo
1572 2207 1621 2226 suo
1640 2200 1717 2232 vitio,

933 2246 980 2273 sed
995 2244 1037 2272 vel
1051 2251 1065 2270 a
1079 2244 1248 2271 multitudine
1263 2244 1377 2276 exclusi,
1393 2245 1434 2272 vel
1448 2245 1499 2271 alia
1516 2253 1607 2277 causa,
1625 2247 1650 2272 in
1663 2254 1714 2280 qu.-

905 2327 911 2330 .
933 2290 1010 2324 culpa
1033 2290 1082 2324 ipsi
1102 2294 1240 2321 vacarent,
1263 2289 1393 2324 impediti,
1420 2291 1539 2318 muneris
1565 2293 1604 2318 sui
1627 2298 1717 2326 partes

935 2337 1011 2363 obire
1028 2339 1191 2368 vetarentur,
1207 2335 1239 2362 iis
1257 2341 1284 2362 ut
1306 2336 1406 2363 honore
1421 2336 1595 2364 nihilominus
1618 2342 1644 2364 et
1665 2339 1716 2364 mi-

935 2381 1039 2408 nisterii
1054 2381 1240 2415 praerogativis
1250 2380 1301 2407 frui
1314 2381 1404 2414 liceat,
1420 2374 1523 2409 decimo
1535 2389 1631 2409 oeiavo
1643 2382 1716 2415 ejus-

935 2426 994 2453 dem
1018 2427 1110 2457 synodi
1133 2434 1193 2454 cau.
1220 2428 1405 2454 constitutum.
1433 2427 1504 2463 idem
1527 2428 1577 2454 hoc
1602 2435 1716 2457 canone.

935 2471 1021 2498 fusius
1045 2472 1177 2506 explicata
1200 2473 1403 2504 constitutione,
1423 2474 1585 2500 decernitur.
1609 2473 1637 2499 Si
1657 2480 1716 2506 quis

935 2517 1018 2548 enim,
1035 2517 1131 2550 inquit,
1155 2518 1189 2543 ad
1211 2517 1394 2551 episcopatum
1410 2524 1530 2548 evectus,
1553 2518 1714 2544 desltllalum

938 2562 990 2589 sibi
1003 2563 1152 2595 civitatem,
1167 2563 1263 2598 quippe
1278 2571 1292 2590 a
1312 2563 1440 2591 Barbaris
1455 2565 1526 2590 forte
1541 2569 1714 2596 occupamur.
1761 2567 1764 2570 ’

938 2609 1014 2636 obire
1030 2616 1084 2636 non
1100 2615 1191 2644 queat,
1209 2610 1299 2637 omnia
1317 2610 1341 2637 is
1354 2609 1504 2644 privilegia,
1521 2608 1571 2636 sibi
1593 2615 1641 2642 pro
1657 2616 1715 2633 inu-

708 2676 809 2708 Guili.
832 2677 995 2716 Beveregii
1010 2680 1102 2708 notos.

144 2741 200 2776 (‘20)
225 2742 282 2776 Τῆς
299 2742 463 2776 ἱερωσύνης
484 2739 581 2775 ζυγόν.
609 2740 842 2767 Ainerbachianus
857 2744 884 2767 et

106 2777 276 2805 Etouiensts
297 2777 405 2804 codices
439 2783 506 2803 mss.
538 2777 629 2810 legunt
656 2776 883 2810 ἀρχιερωσύνης,

108 2820 190 2845 tinam
207 2820 274 2840 sane
288 2812 430 2839 lectionem
449 2819 547 2838 sensus
561 2812 674 2845 requirit
687 2819 694 2841 ;
710 2818 798 2844 neque
812 2818 883 2837 enim

111 2850 144 2876 de
160 2847 327 2875 sacerdotali
342 2866 350 2880 ,
365 2849 412 2875 sed
429 2847 573 2883 episcOpai‘i
587 2847 652 2881 jugo
673 2846 716 2872 hic
737 2846 834 2880 agitur.
853 2845 884 2871 Et

938 2741 1048 2776 quidem
1068 2742 1094 2768 in
1116 2748 1179 2767 vera
1193 2747 1244 2767 nac
1258 2744 1379 2776 lectione
1402 2747 1497 2776 omnes
1512 2739 1620 2766 codices
1634 2743 1714 2773 punio

938 2774 1123 2839 έοιιέυηιὶυξη,
1140 2776 1186 2803 ubi
1197 2774 1353 2808 diciturnq)
1364 2774 1437 2808 ζυγῷ
1454 2775 1503 2809 τῆς
1511 2776 1714 2813 ἀρχιερωσύνης
1750 2796 1753 2797 ν

939 2822 990 2839 υπο
1010 2820 1118 2839 οαυειν.

939 2820 1118 2847 υποσραμειν.
