1941 3093
92 117 146 150 645

550 119 590 151 ΙΝ
610 119 691 150 CAN.
709 120 864 151 XXXVIII
882 121 984 152 CONC.
1010 122 1050 151 IN
1071 123 1231 155 TRULLO.

1654 130 1707 163 646

92 174 238 209 σημείωμα
254 174 329 208 παρά
341 173 389 201 τοῦ
402 168 525 209 ἀοιδίμου
543 175 673 210 βασιλέως
686 176 771 212 κυροῦ
797 177 856 203 Ἀλε

925 182 1054 209 leuorem,
1074 181 1144 212 quod
1158 188 1219 207 cum
1237 185 1394 217 metropolis
1406 182 1511 212 Basilai
1527 188 1554 212 et
1570 190 1706 221 metropo-

91 218 148 250 ξίου
162 219 210 246 τοῦ
224 219 379 255 Κομνηνοῦ,
399 219 582 254 διαλαμϐάνον
595 222 646 253 ὡς,
663 223 712 257 τῆς
730 223 868 258 μητροπό-

90 265 158 296 λεως
171 265 218 291 τοῦ
229 265 376 292 Βασιλαίου
389 266 437 292 καὶ
451 267 500 302 τῆς
519 268 712 303 μητροπόλεως
737 269 871 296 Μαδύτων

88 311 263 346 χηρευουσῶν
276 312 322 338 καὶ
340 312 497 347 μελλουσῶν
522 314 702 350 ψηφισθῆναι,
732 315 872 350 διανέστη-

91 364 140 382 σαν
154 357 178 382 οἱ
196 357 394 392 μητροπολίται
408 359 422 384 ὁ
438 359 603 393 Ἡρακλείας
625 361 674 386 καὶ
687 361 701 387 ὁ
725 360 870 395 Ἀγκύρας,

88 403 137 427 καὶ
146 400 221 429 εἶπον
235 403 273 438 μὴ
288 403 408 438 ὀφείλειν
434 405 483 436 τὰς
498 406 627 438 τοιαύτας
644 407 803 442 ἐκκλησίας,
819 408 871 434 κᾶν

86 448 290 484 ἐπιτιμήθησαν
300 450 340 485 τῷ
350 452 402 484 τῆς
419 457 612 486 μητροπόλεως
631 453 777 488 ἀξιώματι,
796 454 870 490 παρὰ

86 493 133 519 τοῦ
150 494 250 529 μέρους
278 496 329 529 τῆς
357 497 486 532 Μεγάλης
514 499 661 534 ἐκκλησίας
688 501 869 536 ψηφισθῆναι,

84 540 153 567 ἀλλὰ
169 541 234 576 παρ’
262 542 370 570 αὐτῶν
390 545 434 571 διὰ
446 545 476 571 τὸ
490 545 538 581 τὴν
566 546 616 580 μὲν
639 547 790 582 ἐκκλησίαν
814 547 869 574 τῶν

84 585 217 612 Μαδύτων
244 587 397 624 ἐπισκοπὴν
419 588 491 617 εἶναι
516 591 564 618 τοῦ
583 592 757 627 Ἡρακλείας,
778 594 827 629 τὴν
841 594 870 621 δὲ

84 631 291 668 ἐκκλησίαντοῦ
307 634 451 662 Βασιλαίου
480 637 633 672 ἐπισκοπὴν
647 638 719 666 εἴναι
733 639 780 666 τοῦ
803 641 868 675 ’Δγ-

83 677 181 712 κύρας.
203 679 390 715 Χρησαμένων
409 682 437 708 δὲ
451 683 505 710 τῶν
519 684 646 711 τοιούτων
660 686 869 723 μητροπολιτῶν

49 735 51 738 ·
84 725 130 750 καὶ
143 724 182 758 τῷ
198 724 231 759 ιβ’
245 726 340 752 κανόνι
350 727 400 760 τῆς
414 729 443 753 ἐν
456 729 607 763 Χαλκηδόνι
621 731 740 764 συνόδου,
753 731 868 767 διοριζο-

84 769 159 803 μένῳ
182 770 315 802 σώζεσθαι
343 773 376 806 τῇ
402 773 465 799 κατ’
495 774 622 809 ἀλήθειαν
653 777 818 811 μητροπόλει
833 777 869 804 τὰ

81 815 218 849 προσόντα
231 817 299 852 αὐτῇ
316 817 407 844 δίκαια
433 819 480 846 ἐπὶ
493 820 526 854 τῇ
541 820 688 856 τιμηθείση
722 822 865 858 ἐκκλησίᾳ,

923 223 956 249 lis
970 222 1108 258 Madytana
1124 225 1210 252 viduae
1225 233 1326 259 essent,
1343 232 1369 255 et
1383 229 1534 257 antistitum
1545 231 1704 259 electionem

921 269 980 296 tieri
1005 275 1150 304 oporteret,
1168 279 1381 302 exsurrexerunt
1404 274 1584 304 Heracleanus
1606 284 1631 304 et
1646 279 1705 306 An-

921 323 1036 351 cyranus
1059 318 1294 353 metropolitanus.
1314 325 1342 347 et
1365 320 1508 354 dixerunt,
1531 331 1582 350 non
1606 324 1705 352 debere

921 369 966 389 eas
982 362 1120 395 coclesias,
1138 364 1244 391 etiamsi
1261 366 1448 399 metropolium
1464 367 1594 402 dignitate
1619 370 1702 397 hono—

921 414 986 436 ratat
1002 412 1068 441 sint,
1087 418 1102 437 a
1125 411 1225 445 Magum
1245 413 1367 440 ecclesia:
1384 414 1505 448 partibus
1527 423 1618 443 earum
1632 420 1704 444 anti-

921 456 1015 483 stitum
1031 455 1191 484 electionem
1207 459 1357 493 suscipere,
1370 462 1417 487 sed
1433 462 1466 486 alt
1482 462 1547 495 ipsis
1563 472 1570 489 :
1585 471 1618 489 eo
1631 465 1702 498 qttod

919 500 1059 536 Madytana
1074 502 1180 536 quidem
1195 505 1307 532 ecclesia
1324 506 1358 532 sit
1370 506 1509 535 Heraclea:
1520 509 1703 544 episcopatus,

920 547 1024 575 Basilmi
1042 554 1132 576 autem
1150 550 1264 578 ecclesia
1286 551 1322 578 sit
1345 552 1479 588 Ancyrani
1505 556 1702 588 metropolitani

920 593 1103 628 episcopatus.
1121 590 1154 621 Et
1168 603 1228 623 cum
1245 597 1286 623 usi
1308 603 1399 624 essent
1418 598 1435 625 ii
1452 600 1650 633 metropolitani
1669 602 1703 628 12

920 641 1020 666 canone
1036 639 1263 668 Chalcedonensis
1286 643 1392 678 synodi,
1419 651 1479 678 qua:
1502 645 1625 673 decernit
1644 654 1702 674 ser-

919 685 1003 711 vanda
1019 693 1088 713 verae
1105 687 1244 721 metropoli
1259 688 1330 722 jura,
1343 697 1402 723 qua:
1416 690 1451 716 illi
1468 691 1566 718 adsunt
1577 693 1601 719 in
1618 693 1703 720 hono-

920 734 977 756 rata
990 731 1103 759 ecrlesia
1117 741 1124 764 ;
1139 733 1276 760 decretum
1296 735 1345 762 fuit
1360 736 1498 770 imperiale
1515 737 1541 764 in
1558 740 1700 771 praesentia

918 777 1025 811 synodi,
1040 784 1100 811 qua:
1115 783 1178 805 tunc
1195 784 1263 810 erat,
1278 782 1470 809 consentientis
1487 790 1593 816 unaque
1608 785 1702 817 decer-

919 823 1018 854 nentis,
1033 823 1113 851 licere
1136 825 1346 860 imperatoribus
1367 828 1550 861 pontificalem
1574 830 1700 858 thronum

81 860 227 894 διάγνωσις
244 862 339 904 γέγονε
364 863 493 900 βασιλικὴ
509 866 579 892 κατὰ
592 867 743 901 παρουσίαν
755 868 803 894 καὶ
818 869 857 904 τῆι

917 867 1040 895 ecclesiis
1056 869 1157 903 largiri.
1172 875 1198 897 et
1211 860 1382 904 episcopatus
1400 873 1439 899 vel
1455 873 1701 909 arcltiepiscopa'us

78 906 141 932 τότε
169 908 458 946 συνδιαγνωμονοὺσης
486 912 607 943 συνόδου,
633 915 776 949 ἐφειμένον
793 912 863 942 εἶναι

77 951 118 987 τῷ
129 952 235 988 βασιλεῖ
247 955 394 990 προεδρίας
419 956 511 992 θρόνον
526 959 587 990 ταῖς
602 959 763 990 ἐκκλησίαις
785 961 863 995 χαρί-

79 999 184 1032 ζεσθαι,
203 1001 251 1027 καὶ
267 1002 317 1033 τὰς
343 1003 498 1035 ὲπισκοπὰς
521 1006 569 1031 καὶ
583 1005 632 1036 τὰς
644 1007 863 1040 ἁρχιεπισκοπὰς

77 1047 120 1077 είς
137 1049 316 1082 μητροπόλεις
325 1049 435 1082 ἀνάγειν
447 1059 454 1067 ·
479 1052 527 1078 καὶ
542 1052 577 1079 τὰ
602 1054 666 1087 περὶ
679 1054 733 1079 τῶν
763 1053 862 1089 ψήφων

77 1093 170 1121 αὐτῶν
186 1094 291 1129 καὶτῆς
318 1095 400 1131 ἄλλης
416 1097 610 1132 διευθετήσεως
626 1099 781 1125 ὑποτυποῦν
793 1100 862 1126 κατὰ

77 1139 110 1166 τὸ
135 1141 209 1176 αὐτῷ
226 1141 348 1176 θελητδν,
365 1143 402 1178 μὴ
426 1143 634 1179 ὲμποδιζομένῳ
651 1145 719 1180 πρὸς
739 1145 820 1173 τοῦτο
830 1149 861 1174 ὲκ

77 1185 126 1212 τοῦ
143 1187 256 1219 κανόνος
277 1187 324 1214 τοῦ
341 1188 528 1223 διοριζομένου
558 1190 741 1224 φυλάττεσθαι
755 1194 787 1227 τῇ
807 1201 861 1228 μη-

76 1231 205 1266 τροπόλει
219 1233 252 1258 τὰ
271 1233 342 1260 κατὰ
354 1235 404 1268 τῆς
423 1234 588 1270 τιμηθείσης
609 1236 763 1271 ἐπισκοπῆς
775 1246 862 1273 προσ-

72 1276 140 1304 όντα
154 1277 222 1312 αὐτῇ
239 1278 359 1313 ἀρχῆθεν
375 1279 481 1305 δίκαια.
502 1280 557 1306 Καὶ
573 1280 711 1314 ἀνάγνωθι
727 1282 757 1316 το
772 1283 862 1309 τοιοῦ-

73 1330 122 1349 τον
144 1322 291 1358 σημείωμα
320 1324 471 1359 ἑρμηνεῦον
498 1324 558 1356 πῶς
581 1325 683 1359 ὀφείλει
700 1327 816 1354 νοεῖσθαι
831 1329 861 1354 τὸ

74 1366 210 1400 σώζεσθαι
226 1369 260 1396 τὰ
273 1369 368 1396 δίκαια
388 1361 438 1405 τῆς
453 1370 572 1401 παλαιᾶς
598 1372 800 1407 μητροπόλεως,
813 1375 861 1401 καὶ

76 1413 109 1439 τὸ
146 1414 183 1449 μὴ
223 1416 440 1450 κατατέμνεσθαι
469 1416 517 1450 τὴν
543 1417 608 1451 μίαν
640 1419 778 1453 ἐπαρχίαν
821 1421 861 1452 εἰς

74 1458 133 1485 δύο.
163 1460 259 1494 Ἡμεῖς
272 1461 336 1495 γὰρ,
350 1460 434 1487 διὰτὸ
453 1461 615 1497 πολύστιχον
634 1461 713 1497 εἶναι,
734 1464 764 1491 οὐ
790 1473 859 1492 κατ-

72 1504 252 1539 εστρώσαμεν
261 1507 325 1533 αὐτὸ
335 1506 451 1533 ἐνταῦθα
457 1507 644 1544 ὲξολοκλήρου.
653 1509 689 1536 Τὸ
700 1511 766 1537 αὐτὸ
773 1510 801 1537 δὲ
810 1520 859 1547 ση-

916 913 942 939 ίη
967 914 1128 949 ntetropolcs
1145 915 1251 949 erigere
1270 925 1277 942 :
1298 923 1400 950 eaque,
1417 924 1476 951 quae
1495 918 1527 943 ad
1543 919 1698 946 electionem

915 959 1048 993 pertinent
1067 965 1100 986 .et
1125 961 1261 998 reliquam.
1281 962 1486 995 dispositionem
1502 982 1510 994 ,
1537 969 1615 997 prout
1642 966 1698 998 ipse

915 1003 1039 1036 voluerit,
1062 1005 1226 1038 describere,
1254 1013 1304 1033 nec
1329 1014 1344 1033 a
1363 1014 1466 1034 canone
1493 1008 1629 1043 impediri.
1651 1013 1696 1040 uni

913 1050 1008 1076 statuit
1025 1051 1164 1084 tnetropoli
1186 1051 1246 1085 jttra
1273 1052 1390 1084 servari,
1417 1061 1476 1086 qum
1495 1054 1531 1081 illi
1554 1056 1699 1083 adfuerunt

915 1096 948 1120 ah
965 1096 1041 1122 initio
1058 1096 1083 1122 in
1102 1097 1233 1124 honorato
1257 1099 1424 1132 episcopatu.
1440 1099 1473 1125 Et
1497 1100 1554 1133 lege
1570 1101 1619 1127 hoc
1641 1103 1699 1128 edi-

913 1147 996 1173 CIum,
1021 1143 1090 1174 quod
1112 1143 1305 1177 interpretatur
1318 1145 1453 1178 qttomodo
1467 1145 1579 1181 intelligi
1601 1147 1698 1174 debeat

914 1186 989 1219 illttd,
1003 1189 1102 1215 servari
1116 1188 1177 1223 jura
1201 1189 1318 1224 antiquae
1336 1191 1505 1225 metropolis.
1525 1197 1552 1218 et
1566 1193 1627 1224 hoc,
1643 1202 1696 1221 non

912 1233 1083 1260 dividendam
1110 1241 1169 1260 esse
1195 1242 1272 1260 unam
1297 1236 1464 1269 provinciam
1493 1236 1518 1262 in
1542 1237 1619 1265 duas.
1644 1238 1697 1265 Nos

912 1279 999 1312 enim,
1014 1287 1046 1306 eo
1064 1281 1134 1314 quod
1153 1281 1187 1313 sit
1201 1281 1341 1316 prolixius,
1366 1283 1411 1311 hic
1426 1283 1558 1317 integrum
1578 1292 1628 1311 non
1646 1292 1695 1319 po-

911 1326 1025 1353 suimus.
1046 1326 1100 1353 lloc
1116 1327 1203 1361 ipsum
1226 1332 1314 1354 autem
1331 1329 1458 1360 edictum,
1477 1333 1536 1362 post
1557 1330 1694 1357 decretttm

910 1372 981 1405 quod
997 1372 1127 1403 continet,
1145 1372 1243 1399 debere
1257 1373 1386 1400 eccle~ias
1404 1382 1464 1408 quae
1480 1379 1541 1401 sunt
1560 1375 1696 1403 honoratae

908 1418 983 1454 jussu
1001 1419 1131 1453 imperiali
1147 1427 1162 1446 a
1184 1420 1281 1447 throno
1297 1420 1597 1456 Constantinopolitano
1611 1424 1692 1458 202

910 1464 1052 1499 praesulum
1070 1465 1228 1492 electionem
1248 1466 1383 1500 accipere,
1404 1473 1454 1493 nec
1471 1474 1527 1500 eos,
1552 1468 1597 1501 qui
1615 1469 1694 1502 paulo

909 1514 972 1537 ante
980 1515 1057 1537 erant
1068 1511 1267 1545 metropolitani
1279 1511 1359 1538 ullam
1371 1513 1397 1539 in
1408 1513 1448 1539 eis
1458 1517 1562 1547 partetn
1573 1514 1692 1548 habere;

76 1552 197 1588 μείωμα,
212 1553 280 1588 μετὰ
294 1553 343 1589 τὴν
358 1554 484 1593 διήγησιν
510 1555 559 1590 τὴν
571 1556 763 1592 ,περιέχουσαν
786 1558 857 1593 ὀφεί-

910 1556 967 1583 htec
990 1563 1099 1590 quoque
1123 1564 1251 1591 expresse
1277 1557 1419 1585 continet:
1441 1558 1572 1590 Quoniam
1602 1564 1691 1586 autem

73 1597 132 1624 λειν
147 1597 311 1634 ψηφίζεσθαι
340 1600 390 1632 τὰς
417 1601 580 1636 τιμηθείσας
604 1603 753 1638 ἐκκλησίας
784 1605 857 1632 κατὰ

73 1644 224 1678 πρόσταξιν
245 1645 390 1682 βασιλικὴν
412 1646 487 1681 παρὰ
509 1647 556 1674 τοῦ
587 1647 680 1683 θρόνου
704 1649 755 1684 τῆς
781 1651 857 1677 Κωνο

72 1691 339 1724 σταντινουπόλεως,
370 1686 418 1719 καὶ
446 1692 528 1728 μηδὲν
563 1695 689 1730 μετέχειν
728 1696 775 1722 tul.
805 1698 856 1723 αὺ-

70 1738 132 1768 ταῖς
151 1737 215 1769 τοὺς
238 1737 335 1773 πρώην
364 1739 577 1773 μητροπολίτας,
594 1740 780 1775 διαλαμϐάνει>
806 1743 854 1769 καὶ

70 1781 159 1808 ταῦτα
181 1783 282 1818 ῥητῶς.
302 1784 376 1811 Ἐπεὶ
393 1784 423 1810 δὲ
437 1785 462 1811 οἱ
477 1785 615 1820 ἀρχιερεῖς
640 1787 688 1813 καὶ
716 1785 794 1819 αὖθις
809 1788 855 1815 τὸν

30 1830 43 1837 ’
68 1822 122 1864 hij;
149 1829 177 1855 ὲν
206 1830 357 1864 Χαλκηδόνι
381 1831 491 1857 συνόδου
525 1833 623 1858 κανόνα
653 1834 855 1868 προσφέροντες

70 1875 134 1905 τοὺς
149 1874 181 1900 ἐκ
196 1874 401 1909 προσελεύσεως
424 1876 470 1903 τοῦ
493 1875 660 1912 ὑψηλοτέρου
674 1878 854 1914 ἀξιουμένους

69 1919 168 1954 θρόνου
184 1922 260 1955 παρὰ
275 1920 392 1952 κανόνας
408 1920 500 1954 ἔλεγον
513 1923 560 1953 τῆς
573 1922 741 1958 τελειοτέρας
755 1925 855 1959 τυγχά-

68 1974 127 1991 νειν
145 1965 238 2000 τιμῆς,
254 1965 303 1992 καὶ
326 1965 421 2001 ἡθελον
435 1968 495 1998 ταῖς
506 1967 656 2001 ἀλογίστοις
668 1969 767 2004 ὁρμαῖς
792 1971 853 1997 ἐπι-

67 2012 181 2047 τεθῆναι
192 2011 320 2047 κώλυμα,
339 2013 388 2039 καὶ
403 2011 474 2048 ἦσαν
489 2014 634 2049 κανονικὴν
655 2016 853 2050 προσφέροντες

68 2057 190 2089 ἀξίωσιν,
205 2058 221 2092 ἠ
239 2056 363 2092 βασιλεία
390 2067 453 2093 μου,
473 2058 522 2085 καὶ
546 2060 580 2094 τῇ
596 2054 725 2096 βασιλικῇ
743 2062 853 2099 ἐξουσίᾳ

67 2103 98 2127 τὸ
109 2101 185 2137 παρὰ
203 2103 257 2128 τῶν
273 2102 353 2129 θείων
377 2104 499 2130 κανόνων
521 2105 663 2140 δεδομένον
679 2107 766 2143 ταύτῃ
783 2117 852 2143 προ-

65 2146 161 2181 νόμιον
177 2148 350 2184 παρορᾶσθαι
367 2149 404 2183 μὴ
421 2149 548 2182 θέλουσα,
577 2151 623 2177 καὶ
651 2151 700 2183 τὰς
722 2153 769 2179 ἐπὶ
783 2162 851 2188 προ-

908 1610 1001 1629 rursus
1014 1610 1122 1638 quoque
1142 1603 1289 1636 antistites,
1302 1604 1429 1631 CltalcetL
1448 1604 1543 1636 synodi
1558 1613 1691 1639 cntionem

907 1648 1082 1679 adducentes,
1098 1656 1145 1676 eos
1159 1650 1204 1683 qui
1222 1657 1254 1678 ex
1272 1650 1466 1684 supplicatione
1481 1651 1578 1678 altiore
1593 1652 1692 1679 throno

906 1694 978 1730 digni
1001 1694 1085 1722 habiti
1107 1700 1180 1727 sunt,
1200 1695 1343 1728 dicebant,
1361 1701 1458 1732 praeter
1472 1703 1591 1724 canones
1605 1697 1692 1724 hono-

905 1747 962 1767 rem
988 1740 1174 1775 perl'ectiorem
1201 1743 1341 1776 consequi,
1371 1747 1397 1769 et
1427 1743 1541 1770 rationis
1563 1749 1691 1777 expertes

905 1792 997 1813 eorum
1014 1786 1193 1820 appetitiones
1208 1780 1327 1815 coerceri
1343 1788 1468 1815 volebant
1483 1794 1511 1815 et
1529 1790 1687 1816 canonicam

906 1831 1094 1863 auctoritatem
1112 1832 1280 1864 aﬂ‘erebant;
1298 1835 1440 1869 itnperium
1458 1826 1546 1862 meum
1562 1841 1589 1862 et
1603 1835 1689 1870 impe-

905 1877 964 1904 riali
987 1885 1033 1904 sua
1058 1883 1207 1912 potestate,
1231 1880 1302 1914 quod
1329 1888 1346 1908 ι
1369 1880 1468 1908 divinis
1489 1882 1638 1909 canonibus
1661 1883 1690 1911 ei

904 1922 994 1949 datum
1009 1928 1050 1950 est
1061 1924 1241 1957 privilegium,
1260 1925 1391 1959 neglectui
1408 1926 1503 1953 haberi
1517 1935 1569 1954 non
1585 1928 1687 1964 sitiens,

904 1975 932 1998 et
948 1972 1102 2000 antistitum
1124 1973 1159 2000 ob
1180 1974 1291 2002 honoris
1313 1975 1532 2009 provocationem
1555 1976 1688 2011 supplica-

904 2017 1002 2048 tiones.
1021 2023 1049 2044 ttt
1070 2026 1122 2045 non
1140 2019 1287 2046 canonicas
1306 2027 1393 2053 neque
1407 2020 1551 2055 legitimas,
1567 2023 1687 2055 appella-

905 2061 986 2089 tionis
1004 2068 1129 2090 eventum
1156 2064 1281 2098 accipere
1305 2065 1399 2092 nolens
1421 2066 1525 2100 statuit,
1543 2067 1686 2101 episeopa-

904 2111 959 2134 tum
974 2115 1028 2134 non
1039 2108 1120 2136 aliter
1133 2109 1158 2136 in
1176 2109 1360 2137 sublimiorem
1379 2110 1503 2138 thronum
1516 2113 1686 2146 erigendum,

902 2152 1151 2187 archiepiscopatus
1177 2154 1283 2182 scilicet
1308 2155 1349 2182 vel
1371 2156 1539 2190 metropolis,
1559 2165 1638 2191 quam
1663 2161 1686 2186 si

66 2195 165 2230 κλήσει
180 2196 265 2231 τιμῆς
299 2197 493 2231 προσελεύσεις
517 2198 572 2224 τῶν
595 2199 748 2237 ἀρχιερέων
762 2201 800 2232 ὡς
811 2200 849 2236 μὴ

912 2197 948 2230 tui
961 2201 1025 2224 tunc
1035 2203 1077 2225 est
1091 2198 1238 2233 imperator
1248 2200 1359 2234 proprio
1372 2205 1445 2227 motu
1459 2201 1601 2235 impulsus,
1615 2203 1686 2231 nulla

67 2241 224 2274 κανονικὰς,
255 2243 317 2277 μηδ’
343 2243 456 2278 ἔννομον
486 2244 577 2279 τὸτῆς
605 2245 726 2280 ἐφέσεως
751 2247 851 2274 ἀποτέσ

66 2287 157 2322 λεσμα
183 2287 221 2323 μὴ
249 2288 400 2324 λαμὸάνειν
417 2290 558 2323 ἐθέλουσα,
575 2291 682 2318 εὐδοκεῖ
704 2293 743 2328 μὴ
763 2293 851 2324 ἄλλως

66 2333 219 2368 ἐπισκοπὴν
234 2334 274 2365 είς
290 2335 535 2371 προῦαθμιώτερον
564 2336 660 2372 θρόνον
686 2339 849 2372 ἀνάγεσθαι,

66 2380 288 2415 ἁρχιεπισκοπῆς
310 2380 431 2416 δηλονότι
454 2381 470 2416 ἢ
499 2383 705 2417 μητροπόλεως,
732 2386 757 2411 ει
784 2386 850 2420 μὴὸ

67 2425 139 2452 κατὰ
161 2425 275 2460 καιροὺς
300 2425 427 2460 βασιλεὺς
452 2426 559 2453 οἴκοθεν
572 2427 716 2463 ὁρμηθεὶς,
734 2429 845 2464 χάριτος

66 2471 241 2507 ἀνθρωπίνης
255 2470 292 2506 μὴ
306 2471 509 2507 μεσολαὸούσης
525 2473 576 2500 οὐκ
602 2474 768 2509 εὐπρεποῦς,
785 2476 848 2511 βου-

66 2516 162 2557 ληθείη
176 2516 263 2553 ταύτῃ
277 2518 308 2543 τὸ
335 2517 540 2553 ὲπαναόεϐηκὸς
555 2516 664 2554 ἀξίωμα.
678 2524 845 2557 παρασχεῖν,

65 2554 162 2599 ἢητιμῇ
180 2562 231 2597 τῆς
258 2563 404 2598 πόλεως,ἢ
428 2563 518 2591 πίστει
530 2565 562 2600 τῇ
595 2566 663 2600 πρὸς
687 2554 737 2602 τὴν
757 2554 845 2604 ἕναγῆ

72 2609 246 2642 Ἐκκλησίαν,
264 2608 280 2643 ἢ
311 2608 358 2634 τοῦ
389 2609 559 2644 προεστῶτος
586 2611 670 2646 αὐτῆς
682 2613 731 2647 τὴν
745 2614 846 2648 ἀρετὴν

67 2653 219 2686 σεόασθεὶς,
245 2653 392 2680 κάντεῦθεν
403 2653 575 2690 αὑθόρμητος
588 2657 709 2690 γεγονὼς
724 2658 791 2693 πρὸς
813 2659 844 2686 τὸ

64 2699 228 2736 χαρίσασθαι
241 2701 291 2736 τὴν
315 2701 409 2736 τιμήν.
437 2701 490 2728 Καὶ
503 2701 542 2737 τῷ
554 2710 585 2736 γε
611 2703 645 2730 δι’
672 2704 844 2742 ἀνθρωπίνην

68 2746 257 2782 προσπάθειαν
270 2746 316 2774 καὶ
328 2746 430 2782 τρόπον
445 2747 494 2774 οὐκ
510 2748 707 2784 ἐπαινούμενον
719 2751 748 2777 τὸ
758 2751 843 2787 ὑπερ-

65 2792 180 2826 ϐεϐηκὸς
195 2791 369 2828 χαριζομένῳ
393 2793 442 2828 τῆς
464 2793 569 2826 τάξεως
584 2793 614 2820 τὸ
628 2795 683 2821 ἀπὸ
693 2795 747 2822 τῶν
763 2796 842 2824 θείων

63 2847 100 2866 κα
115 2839 182 2864 όνων
195 2838 253 2869 δέος
267 2838 481 2865 ὲπανατείνεται.
501 2837 547 2870 Οἷς
565 2839 606 2866 ἵνα
633 2841 669 2876 μὴ
704 2844 840 2879 περιπέσῃ

904 2242 1020 2269 humana
1030 2243 1156 2271 indecore
1165 2244 1253 2279 gratia
1264 2245 1460 2277 intercedente.
1472 2247 1587 2274 voluerit
1599 2248 1684 2282 illam,

903 2304 962 2332 qua:
975 2299 1097 2332 superior
1112 2305 1154 2327 est
1175 2307 1207 2328 ac
1221 2302 1391 2336 eminentior,
1407 2302 1564 2339 dignitatem
1578 2307 1602 2334 ei
1619 2317 1686 2341 pra--

904 2343 976 2375 bere.
1004 2344 1045 2371 vel
1072 2351 1182 2380 propter
1200 2347 1318 2376 civitatis
1340 2350 1489 2384 honorem,
1513 2353 1555 2379 Vel
1577 2361 1686 2389 propter

901 2389 960 2423 ejus
977 2387 1055 2417 iidem
1070 2390 1095 2417 in
1116 2397 1237 2427 sanctam
1253 2393 1411 2429 Ecclesium,
1432 2399 1473 2426 vel
1492 2399 1563 2433 ejus,
1577 2387 1632 2435 qui
1646 2402 1683 2429 illi

901 2439 1007 2469 praeest,
1031 2436 1156 2464 virtutem
1185 2438 1332 2474 honoratus,
1358 2447 1384 2470 et
1409 2451 1441 2471 ex
1459 2451 1492 2481 eo_
1517 2453 1563 2473 sua
1589 2454 1684 2481 sponte

901 2480 1031 2508 incitatus
1052 2482 1085 2508 ad
1110 2482 1274 2516 largiendum
1297 2485 1437 2516 honorem.
1457 2477 1495 2517 Ac
1515 2491 1540 2517 ei
1559 2477 1680 2526 quidem,

897 2526 943 2560 qui
966 2533 1076 2561 propter
1089 2529 1232 2556 humanam
1254 2531 1434 2568 all'ectionetn,
1455 2539 1482 2562 et
1503 2543 1593 2563 mores
1620 2546 1673 2564 non

897 2571 1036 2606 laudatos,
1063 2575 1185 2602 ordinem
1214 2576 1359 2605 sublimem
1386 2578 1498 2614 largitur
1520 2581 1674 2609 divinorum

896 2625 1033 2646 canonutu
1053 2624 1140 2647 metus
1154 2621 1314 2650 intentatur.
1332 2623 1362 2651 In
1378 2632 1445 2658 quos
1462 2633 1495 2652 ne
1514 2634 1585 2661 saepe
1599 2628 1681 2662 impe-

897 2667 974 2689 rator
995 2664 1135 2700 impingat,
1161 2668 1292 2701 permittit
1314 2673 1341 2695 et
1363 2670 1543 2702 sanctissimo.
1560 2673 1606 2706 qtti
1631 2681 1679 2708 pro

897 2713 1016 2742 tempore
1027 2714 1078 2742 est,
1092 2712 1263 2746 patriarchae,
1279 2721 1331 2740 non
1340 2713 1419 2741 aliter
1432 2722 1448 2742 a
1459 2716 1554 2749 quovis
1566 2717 1676 2746 allatam

894 2753 927 2782 de
948 2751 1133 2791 cujuscunque
1153 2758 1275 2786 ecclesia:
1295 2759 1413 2793 primatu
1435 2760 1557 2788 chartam
1580 2764 1679 2790 contir-

893 2806 977 2831 mare.
1001 2807 1052 2831 nec
1069 2802 1129 2834 ejus
1148 2803 1290 2836 pracsulum
1309 2802 1379 2830 inter
1402 2805 1618 2841 arcltiepiscopos
1634 2809 1677 2836 vel

893 2850 1116 2880 .iwtro,.otttanos
1134 2848 1263 2882 t'cciperc,
1286 2855 1367 2883 quam
1383 2855 1525 2886 postquam
1549 2853 1582 2881 de
1601 2861 1631 2882 ea
1648 2862 1677 2883 re
