1941 3093
259 128 312 159 G55

880 119 1018 150 THEOD.
1038 119 1241 159 BALSAMON
1275 108 1277 111 ’

1821 117 1883 147 Εἷιϐ

261 184 282 209 si
301 181 448 208 monachus
463 185 520 205 esse
532 176 651 212 elegerit,
665 183 718 204 non
736 175 823 210 rejicit
839 183 845 201 :
863 176 909 201 sed
926 181 985 201 cum
1004 173 1033 200 ad

1089 175 1229 208 πέμπεται
1242 181 1250 189 ·
1264 172 1333 210 πλὴν
1347 174 1397 201 οὐκ
1410 174 1497 202 ἄλλως
1510 172 1603 200 τοῦτον
1612 173 1651 204 είς
1666 173 1712 200 τὸν
1729 173 1885 206 μοναδικδιι

222 219 230 259 Ϊ
261 229 341 255 vitam
356 224 530 253 monasticam
547 231 599 249 non
616 222 692 249 aliter
707 222 889 256 recipiendum
906 219 1035 250 decernit,

259 281 339 308 quam
355 272 377 299 si
393 270 426 297 ab
440 270 566 303 episcopo
580 268 706 302 probatus
727 266 818 293 fuerit.
835 265 934 299 Adjicit
948 269 1036 290 autem

260 325 289 345 se
310 317 365 355 huc
381 320 518 345 statuere,
537 313 661 347 quoniam
683 311 802 338 Ecclesia
831 311 875 337 Dei
895 309 980 345 gratia
1003 309 1036 335 ad

260 361 394 389 anteriora
411 360 547 394 procedat,
571 363 598 385 et
622 359 653 384 ad
676 357 827 384 divinorum
850 355 1035 381 mandatorum

262 407 476 434 observationem
494 405 596 431 ﬁrmior
615 411 646 430 ac
660 394 894 429 validior’evadat.
915 400 983 427 Usus
996 405 1038 427 est

259 458 346 480 autem
367 453 399 478 ad
415 458 508 479 enrum
523 449 754 477 conﬁrmationem
770 448 851 474 etiam
870 447 901 474 iis
920 454 979 480 qua:
1004 446 1036 472 de

258 498 419 526 tliaeouissis
442 497 468 524 in
493 500 588 531 quarta
609 495 710 530 synodo
727 494 797 521 dicta
821 499 894 524 sunt,
917 493 1034 519 dicens:

258 545 334 578 Quod
348 552 408 571 cum
427 547 537 571 sanctus
561 541 659 568 Paulus
680 540 845 570 decreverit,
870 546 930 573 qua:
954 546 1035 565 sexa-

258 591 329 626 ginta
344 594 405 616 sunt
417 584 560 618 annorum,
588 587 680 613 viduas
694 585 719 612 in
735 584 946 611 diaconissarunt
963 583 1036 609 ordi-

258 645 319 664 nem
349 642 425 670 posse
447 633 554 665 refcrri,
583 632 677 658 Patres
703 630 832 664 virginem
862 628 1035 662 quadraginta

257 689 341 709 annos
358 686 446 707 natam
462 678 640 706 diaconissam
660 675 779 703 ordinari
800 679 985 703 censuerunt;
1008 677 1037 699 ιιι

257 735 289 754 ex
304 735 337 754 eo
350 726 501 760 colligatur,
521 723 614 750 Patres
629 722 694 749 nihil
713 721 857 748 absurdum
873 720 1034 751 decrevisse,

258 773 303 807 qui
319 772 489 806 imperfectos
505 769 629 796 tondendi
647 773 750 801 tempus
765 767 798 794 ab
814 767 919 793 decimo
940 770 1035 793 octavo

258 817 328 846 anno
347 818 379 843 ad
397 816 528 843 decimum
547 814 705 847 redegerint.
727 812 773 840 Est
788 817 876 839 autent
892 819 985 845 magna
1003 810 1035 837 iis

259 863 360 898 agenda
375 862 472 896 gratia,
487 860 555 894 quod
570 867 623 887 non
641 865 828 893 quemcunque
843 857 935 884 decem
951 864 1035 883 annos
1051 853 1072 879 Β

259 914 362 940 natum,
376 907 446 934 nulla
466 904 627 939 diligentiori
645 905 858 938 perscrutatione
874 903 956 934 facta,
975 907 1036 929 tou-

258 955 315 982 deri
334 951 524 988 permiserint:
552 952 597 978 sed
623 951 673 978 hoc
696 949 812 984 episcopi
836 949 984 983 prudentia:
1004 955 1036 975 ac

256 999 357 1036 judicio
373 998 541 1032 reliquerint.
556 996 681 1023 Fortasse
696 996 766 1022 enim
783 995 841 1029 cjns
860 993 1034 1024 examinatio,

257 1046 328 1072 hunc
343 1044 461 1078 quidem,
483 1042 527 1076 qui
548 1042 680 1068 decimum
703 1048 800 1067 annum
825 1039 981 1071 excesserit,
1003 1038 1036 1064 ad

258 1096 394 1117 tonsuram
410 1088 533 1115 admittet
549 1096 555 1113 :
570 1087 642 1113 llllllll
659 1093 722 1112 vero
737 1085 855 1119 repellet.
875 1086 961 1118 Atque
981 1083 1036 1110 inec

258 1135 365 1170 quidem
380 1139 452 1165 sunt,
469 1141 527 1167 qua:
542 1133 567 1159 itt
579 1139 682 1159 canone
698 1120 878 1157 continentur.
894 1130 932 1155 Tu
947 1134 1035 1155 autem

257 1182 314 1216 lege
329 1182 344 1208 6
371 1180 507 1207 Novellatu
523 1177 692 1212 imperatoris
723 1175 812 1203 domiti
835 1175 932 1202 Leonis
949 1174 1037 1201 l'hilo-

257 1226 345 1260 scphi,
365 1233 423 1260 qua:
448 1224 568 1251 continet
590 1222 663 1249 illum
689 1221 806 1254 quidem,
831 1220 874 1254 qui
900 1220 1034 1246 decimum

257 1277 362 1298 sexlttttt
385 1278 483 1297 annuut
505 1269 649 1303 complevit
672 1267 712 1294 vel
739 1267 873 1294 decimum
894 1267 1035 1301 septimum

258 1317 358 1352 absque
383 1316 435 1342 ullo
458 1314 649 1349 impedimento
679 1320 758 1348 posse
784 1312 898 1344 tonderi,
926 1317 954 1338 ut
981 1310 1037 1338 vult

260 1370 372 1397 magnus
386 1361 509 1393 Basilius,
526 1365 605 1394 atque
620 1359 699 1386 etiam
716 1359 807 1386 testari
823 1367 831 1387 :
853 1365 913 1385 eum
933 1362 1036 1389 autent,

258 1409 302 1443 qui
320 1415 390 1434 anno
410 1407 495 1433 astatis
514 1413 569 1432 sua:
585 1406 688 1431 decimo
709 1404 856 1430 monachus
870 1411 930 1431 esse
946 1404 1036 1431 volue-

258 1455 301 1486 rit,
328 1460 405 1488 posse
425 1452 530 1486 quidem
551 1450 632 1476 libere
654 1449 705 1476 hoc
724 1448 822 1481 facere,
845 1457 876 1475 ex
901 1449 1034 1476 sententia

258 1499 337 1534 hujus
348 1497 461 1538 canonis
474 1516 481 1527 ,
496 1496 528 1521 de
549 1495 625 1522 hortis
641 1499 742 1527 autem,
766 1501 824 1528 quae
845 1493 936 1526 habet,
953 1498 1035 1520 testa-

1090 221 1148 255 βίον
1164 221 1366 256 παραδέχεσθαι
1379 220 1525 255 διορίζεται
1538 220 1562 247 εί
1582 220 1618 254 μὴ
1629 220 1697 246 κατὰ
1709 219 1884 254 δοκιμασξαν

1088 267 1135 293 τοῦ
1153 267 1313 294 ἐπισκόπου.
1330 266 1497 301 Προστιοησι
1511 267 1540 292 δὲ
1557 266 1642 292 ταῦτα
1655 266 1884 300 νομοθετεῖν.διᾶ

1089 312 1118 338 τὸ
1136 313 1184 347 τὴν
1202 313 1364 347 Ἐκκλησίαν
1388 313 1478 347 χάριτι
1498 311 1564 338 Θεοῦ
1584 312 1630 337 ἐπὶ
1644 312 1677 338 τὰ
1694 312 1791 347 πρίσω
1809 321 1883 345 προ-

1090 358 1203 390 ϐαίνειν,
1229 358 1278 385 καὶ
1296 359 1472 393 παγιωτέραν
1494 357 1621 392 γενέσθαι
1645 358 1692 392 τὴν
1715 359 1772 384 τῶν
1795 358 1881 384 θείων

1089 404 1205 430 ἐντολῶν
1220 404 1394 440 συντήρησιν.
1412 404 1563 438 Ἐχρήσατο
1575 403 1601 429 δὲ
1615 404 1655 435 εἰς
1670 403 1881 437 ἐπιστηριγμὶν

1089 449 1193 476 τούτων
1207 449 1323 480 καὶτοῖς
1337 449 1401 483 περὶ
1423 448 1602 474 διακονισσῶν
1622 448 1779 483 εἰρημένοις
1799 449 1829 473 ἐν
1845 449 1879 481 τῇ

1089 497 1205 532 τετάρτῃ
1227 496 1336 530 συνόδῳ,
1349 494 1434 522 εἰπὼν
1449 495 1490 521 ὅτι
1504 495 1556 521 Τοῦ
1570 494 1642 520 θείου
1658 494 1767 520 Παύλου
1783 493 1881 519 ama-

1089 543 1205 577 ξαμένου
1226 542 1275 574 τὰς
1300 542 1431 577 ἑξήκοντα
1447 541 1516 568 ἑτῶν
1536 540 1617 572 οὔσας
1643 541 1730 576 χήρας
1761 539 1803 574 τῷ
1824 539 1880 564 τῶν

1088 587 1265 613 διακονισσῶν
1278 586 1478 620 καταλέγεσθαι
1492 586 1625 620 τάγματι,
1642 586 1666 610 οἱ
1685 584 1813 619 Πατέρες
1829 584 1879 617 τὴν

1089 633 1223 666 παρθένον
1243 633 1293 667 τὴν
1308 632 1563 666 τεσσαρακονταετῆ
1581 630 1799 666 χειροτονεῖσθαι
1819 629 1879 655 δια-

1088 677 1217 703 κόνισσαν
1232 677 1335 712 ὥρισαν
1346 684 1352 691 ¹
1367 677 1404 708 ὡς
1419 676 1544 702 ἐντεῦθεν
1559 676 1724 709 συνάγεσθαι
1745 675 1837 709 μηδὲν
1854 684 1879 701 τι

1087 722 1151 754 τοὺς
1172 722 1296 758 Πατέρας
1320 722 1492 757 διορίσασθαι
1512 722 1622 752 ἄτοπον,
1652 721 1879 750 ὑποϐιὸάπαντας

1087 767 1132 793 τὺν
1148 767 1242 803 χρόνον
1254 768 1303 802 τῆς
1318 767 1497 801 ἀποκάρσεως
1509 767 1563 792 τῶν
1574 766 1674 793 ἀτελῶν
1695 767 1741 792 καὶ
1759 765 1818 791 ἀπὸ
1845 764 1877 799 ιη’

1088 815 1127 846 εἰς
1153 813 1167 840 ι’
1190 813 1270 840 αὑτὸν
1299 814 1527 848 περιστήσαντας.
1550 812 1730 847 Εὐχαριστίας
1757 812 1787 837 δὲ
1805 811 1877 843 ἄξιοι

1088 860 1208 894 μεγάλης
1224 860 1304 891 εἰσὶν,
1326 860 1367 885 ὅτι
1390 859 1439 885 οὐκ
1461 857 1634 893 ἐξεχώρησαν
1650 857 1732 883 παντὶ
1748 858 1878 883 δεκαετεῖ

1086 907 1376 940 ἁπολυπριγμονήτως
1390 905 1598 939 ἀποκείρεσθαι,
1613 904 1679 930 ἀλλὰ.
1696 905 1743 929 ἐπὶ
1762 905 1797 938 τῇ
1819 903 1876 929 δια-

1086 951 1177 986 κρίσει
1191 949 1237 977 τοῦ
1249 950 1399 976 ἐπισκόπου
1411 950 1445 976 τὰ
1459 949 1523 984 περὶ
1535 950 1630 976 τούτου
1642 949 1783 976 ἀνέθεντο.
1796 948 1877 978 Ἴσως

1085 997 1140 1033 γὰρ
1151 997 1296 1031 δοκιμασία
1319 995 1413 1027 αὑτοῦ,
1434 996 1508 1022 τόνδε
1524 996 1573 1030 μὲν
1595 996 1812 1031 ὑπεραναΰὰντα
1832 995 1876 1021 τὸν

1085 1043 1201 1077 δεκαετῆ
1229 1043 1324 1077 χρόνον
1342 1043 1382 1074 εἰς
1397 1041 1550 1077 ἀπόκαρσιν
1569 1042 1752 1077 παραδέξεται
1771 1051 1778 1058 ·
1797 1041 1873 1068 τόνδε

1085 1091 1113 1117 δὲ
1128 1090 1333 1124 ἀποπέμψεται.
1345 1089 1400 1115 Καὶ
1409 1089 1442 1115 τὰ
1456 1089 1505 1122 μὲν
1520 1087 1567 1114 τοῦ
1581 1089 1690 1119 κανόνος
1706 1089 1736 1113 ἐν
1753 1089 1875 1118 τούτοις.

1086 1137 1121 1163 Σὺ
1144 1136 1172 1162 δὲ
1189 1134 1325 1170 ἀνάγνωθι
1348 1134 1398 1168 τὴν
1429 1134 1514 1168 ἕκτην
1529 1134 1639 1168 Νεαρὰν
1664 1134 1710 1159 τοῦ
1739 1133 1875 1167 βασιλέως

1087 1181 1172 1217 κυροῦ
1194 1181 1307 1212 Λέοντος
1330 1180 1377 1207 τοῦ
1395 1179 1554 1214 Φιλοσόφου,
1572 1179 1815 1216 διαλαμϐάνουσαν
1831 1179 1875 1205 τὸν

1089 1227 1138 1261 μὲν
1163 1227 1301 1253 ἀνύσαντα
1339 1226 1433 1262 χρόνον
1455 1228 1492 1258 ις’
1520 1226 1536 1261 ἢ
1564 1225 1599 1258 ιζ’
1624 1225 1875 1260 ἀπαρεμποδίστως

1085 1273 1289 1308 ἀποκείρεσθαι.
1304 1273 1374 1299 κατὰ
1391 1272 1436 1299 τὸν
1457 1272 1544 1307 μέγαν
1557 1272 1693 1300 Βασίλειον
1702 1273 1751 1300 καὶ
1759 1273 1876 1301 διατίθε-

1086 1319 1148 1346 σθαι
1164 1327 1170 1334 ·
1189 1319 1234 1345 τὸν
1247 1319 1274 1348 δὲ
1288 1318 1450 1355 βουλόμενον
1466 1320 1581 1354 μονάσαι
1596 1320 1668 1347 κατὰ
1680 1320 1728 1346 τὸν
1741 1320 1758 1346 ι’
1780 1322 1874 1347 ἐνιαυ-

1085 1368 1131 1392 τὸν
1155 1367 1210 1399 (26)
1236 1366 1284 1400 τῆς
1304 1366 1410 1401 ἡλικίας
1430 1366 1523 1397 αὑτοῦ,
1542 1366 1613 1401 ἔχειν
1636 1366 1684 1400 μὲν
1710 1367 1756 1391 ἐπ’
1782 1367 1874 1396 ἁδείας

1085 1412 1163 1438 τοῦτο
1182 1414 1278 1444 ποιεῖν,
1294 1412 1364 1438 κατὰ
1378 1411 1422 1438 τὸν
1429 1412 1550 1447 παρόντα
1564 1411 1663 1438 κανόνα
1674 1419 1681 1425 ·
1698 1411 1838 1447 διαθήκην
1851 1413 1875 1438 fit

1086 1458 1166 1492 χάριν
1180 1458 1232 1484 τῶν
1246 1457 1401 1492 προσόντων
1416 1457 1489 1491 αὐτῷ
1503 1457 1541 1493 μὴ
1556 1459 1651 1489 ποιεῖν,
1668 1457 1737 1484 ἀλλὰ
1754 1467 1791 1484 πε
1798 1460 1875 1493 ριμέ-

1086 1511 1141 1529 νειν
1158 1503 1252 1538 μέχρις
1272 1503 1305 1530 ἂν
1317 1502 1363 1530 τοῦ
1382 1503 1626 1532 πεντεκαιδεκάτου
1645 1503 1743 1538 χρόνου
1757 1504 1873 1538 ἅψηται.

255 1534 375 1571 mentum
392 1543 479 1569 facere
501 1549 552 1568 nou
570 1548 659 1575 posse,
689 1540 735 1567 sed
762 1545 918 1574 exspectare
951 1540 1033 1567 donec

1093 1549 1135 1574 ‘Ev
1151 1549 1187 1584 τῷ
1203 1550 1278 1585 μέσῳ
1290 1549 1316 1575 δὲ
1332 1550 1357 1575 εἱ
1378 1549 1544 1585 τελευτήσει,
1557 1550 1583 1575 οἱ
1599 1550 1648 1584 μὲν
1660 1550 1767 1576 οἰκέται
1788 1551 1873 1577 αὐτοϋ

256 1589 389 1616 decimum
411 1588 532 1621 quintum
552 1593 650 1615 annum
673 1585 802 1618 attigerit.
826 1585 930 1611 lttterea
945 1590 1034 1612 autem

257 1635 278 1662 si
294 1640 414 1661 mortuus
431 1632 523 1664 fuerit,
540 1632 598 1666 ejus
622 1630 729 1665 quidem
752 1630 823 1657 servi
846 1631 1035 1657 manumitten-

257 1685 312 1713 tur,
327 1679 436 1712 reliquie
453 1682 541 1704 autem
558 1677 699 1704 facultates
722 1675 846 1702 bifariam
863 1676 1034 1710 dividentur;

255 1730 282 1752 et
298 1726 364 1750 duas
376 1724 484 1758 quidem
498 1725 588 1756 partes
603 1721 717 1755 accipiet
733 1720 940 1753 monasterium,
957 1722 1035 1748 tertia

257 1777 321 1797 Vero
337 1777 399 1804 pars
413 1767 534 1803 cognatis
556 1766 675 1794 dabitur.
692 1765 768 1799 Quod
789 1766 812 1793 si
834 1764 960 1793 defuncto
981 1773 1033 1793 non

258 1816 359 1843 iuerint
372 1813 491 1849 cognati,
506 1813 583 1840 tertia
603 1819 710 1847 quoque
734 1819 796 1847 pars
812 1812 975 1838 monasterio
989 1819 1035 1838 ac-

255 1866 371 1889 crescet.

291 1907 371 1943 205
387 1907 510 1935 ZONAR.
525 1906 629 1934 Puellas
659 1905 691 1933 ad
711 1904 871 1940 virginitatis
892 1903 1034 1940 professio-

256 1963 318 1983 neut
345 1956 452 1982 nonnisi
468 1955 600 1983 sexdecim
616 1958 662 1980 aut
684 1953 872 1988 septemdecim
885 1952 963 1979 annis
978 1959 1035 1978 ma-

255 2001 339 2036 jores,
359 2000 470 2028 Basilius
492 2007 604 2035 magnus
625 1999 728 2026 decimo
746 2003 841 2025 octavo
866 2005 968 2025 canotte
988 1998 1035 2024 ad-

257 2048 325 2074 mitti
336 2047 412 2082 jubet
423 2056 430 2074 :
440 2047 462 2073 si
473 2053 532 2080 quae
548 2053 612 2072 vero
621 2044 717 2071 anteid
731 2050 833 2078 tempus
845 2043 1034 2078 promissiones

256 2091 470 2124 intercesserint,
489 2099 541 2118 non
554 2090 637 2126 magis
648 2090 700 2116 illis
711 2096 789 2124 quain
805 2096 947 2123 puerorqu
960 2088 1033 2115 voci-

256 2137 306 2164 bus
319 2136 522 2164 auscultandum
544 2136 700 2162 arbitratur.
712 2133 760 2160 llic
775 2139 862 2160 autem
876 2141 971 2165 canon,
989 2132 1033 2167 qui

255 2184 348 2210 decem
369 2182 447 2209 modo
459 2187 544 2207 annos
555 2186 634 2207 natus
648 2180 694 2211 sit,
707 2179 739 2206 ad
753 2179 906 2206 monasticae
918 2178 1035 2212 discipli-
1050 2196 1072 2224 Β

257 2237 297 2255 nae
310 2227 516 2255 exercitationes
525 2234 557 2253 ac
569 2226 658 2252 munia
672 2225 864 2252 admittendum
878 2225 1035 2252 medear—

254 2275 305 2301 nit.
321 2273 353 2299 Et
376 2273 485 2300 canonis
501 2272 608 2306 quidem
628 2279 642 2298 a
656 2271 753 2298 Basilio
763 2271 826 2297 editi
841 2270 971 2303 meminit,
987 2270 1034 2297 sed

254 2319 379 2354 quoniam
403 2319 454 2345 hoc
472 2322 593 2352 tempore
607 2322 633 2344 et
649 2316 774 2343 Ecclesia:
796 2315 895 2349 aliquid
917 2315 1031 2349 roboris,

253 2370 280 2391 et
303 2364 363 2390 lidei
387 2363 445 2398 plus
465 2363 576 2390 omnino
598 2361 732 2388 [inuitatis
753 2361 906 2394 accesserit,
925 2362 1032 2395 sintque

254 2408 369 2435 lidelitnn
388 2409 469 2435 animi
488 2407 521 2434 ad
534 2406 698 2441 capessenda
715 2406 811 2432 divina:
832 2406 897 2439 legis
920 2406 1032 2440 imperia

252 2455 411 2490 paratiores,
429 2455 479 2481 hoc
491 2454 672 2487 ,dispeusasse
687 2452 763 2479 dicit.
780 2452 927 2486 Simileque
941 2460 1031 2480 exem-

253 2501 323 2535 plum
340 2508 372 2527 ex
388 2505 483 2535 quarta
504 2499 607 2534 synodo
624 2499 656 2526 de
677 2499 836 2526 diacouissis
859 2498 970 2533 profert,
990 2499 1032 2525 di-

251 2553 315 2572 cens
326 2553 333 2572 :
345 2544 412 2572 Cum
425 2545 530 2571 viduatu
544 2546 680 2578 sexaginta
693 2544 772 2571 annis
784 2549 872 2570 natant
883 2545 943 2579 eligi
956 2544 1033 2571 divus

253 2592 351 2619 Paulus
362 2591 511 2623 statuisset,
527 2593 648 2617 eatndetn
665 2598 775 2624 prorsus
789 2586 927 2617 'i‘ationeui
944 2591 1030 2617 secuti

254 2635 360 2669 Patres,
384 2637 455 2671 quod
473 2641 548 2662 aucta
564 2635 625 2663 lidei
642 2625 807 2668 constantia.
823 2636 930 2663 altiores
946 2637 1029 2663 divini

1086 1595 1360 1631 ἐλευθερωθήσονται,
1372 1596 1389 1631 ὴ
1402 1595 1430 1621 δὲ
1441 1595 1520 1630 λοιπὴ
1533 1596 1628 1622 τούτου
1640 1597 1791 1630 περιουσία
1806 1598 1873 1624 διαι-

1086 1641 1230 1676 ρεθήσεται
1246 1640 1318 1675 διχῆ,
1332 1640 1421 1667 καὶτὸ
1440 1641 1489 1676 μὲν
1507 1641 1630 1676 δίμοιρον
1643 1641 1673 1667 τὺ
1688 1644 1874 1678 μοναστήρεον

1085 1686 1209 1722 λήψεται,
1225 1689 1255 1713 τὸ
1266 1686 1294 1713 δὲ
1309 1687 1400 1720 τριτον
1417 1687 1473 1718 τοῖς
1485 1687 1629 1722 συγγενέσι
1645 1687 1745 1713 τούτου
1758 1688 1872 1723 δοθήςε-

1084 1741 1138 1758 ται.
1156 1733 1200 1766 Μὴ
1215 1732 1298 1758 ὅντων
1316 1732 1343 1759 δὲ
1355 1733 1494 1766 συγγενῶν
1504 1732 1543 1768 τῷ
1555 1732 1763 1768 τελευτήσαντι,
1779 1737 1832 1760 καὶ
1846 1734 1872 1761 τὸ

1085 1772 1174 1813 τρίτον
1194 1779 1233 1809 εἰς
1248 1779 1278 1804 τὸ
1295 1781 1475 1814 μοναστήριον
1486 1780 1675 1815 προχωρήσει.

1121 1906 1242 1934 ZQNAP.
1269 1908 1298 1934 Ὀ
1318 1908 1366 1943 μὲν
1398 1909 1484 1943 μέγας
1510 1901 1656 1941 Baetasios
1672 1911 1703 1938 ὲν
1722 1911 1764 1946 τῷ
1783 1912 1871 1939 ὀκτω-

1074 1953 1241 1990 ,καιδεκὰτῳ
1255 1953 1336 1980 αὐτοῦ
1352 1955 1444 1981 κανόνι
1468 1957 1537 1988 μετὰ
1556 1955 1590 1982 τὰ
1608 1956 1756 1988 ἑξκαίδεκα
1779 1958 1796 1994 ῆ
1824 1960 1870 1986 καὶ

1089 1998 1271 2025 ἑπτακαίδεκα
1302 1999 1349 2035 ἔτη
1377 2000 1426 2031 τὰς
1452 2000 1507 2026 τῶν
1538 2001 1681 2037 παρθένων
1719 2003 1871 2038 ὁμολογίας

1087 2043 1261 2079 ἔγκρίνεσθαι
1282 2044 1451 2074 διατλὶττεται
1473 2053 1480 2060 ·
1499 2046 1548 2077 τὰς
1563 2047 1595 2081 ρὲ
1616 2047 1668 2082 πρὸ
1687 2048 1736 2082 τῆς
1756 2049 1868 2083 ἡλικίας

1086 2090 1187 2124 ταύτης
1202 2090 1416 2122 συγκαταθέσεις
1441 2091 1568 2123 παιδικὰς
1585 2093 1691 2127 ἡγεῖται
1707 2095 1817 2128 φωνάς.
1841 2095 1870 2120 ὐ

1086 2134 1115 2161 δὲ
1126 2136 1174 2170 τῆς
1188 2136 1297 2162 συνόδου
1311 2136 1413 2171 ταύτης
1431 2137 1521 2164 κανὼν
1539 2138 1655 2173 δεκαετῆ
1687 2141 1773 2174 φησιν
1793 2139 1863 2167 sive

1086 2180 1140 2206 δεῖν
1153 2182 1199 2207 τὶν
1216 2181 1362 2217 μοναχικὺν
1375 2182 1456 2216 ζυγὸν
1472 2183 1668 2218 ὑπερχόμενον.
1691 2185 1748 2212 Καὶ
1763 2187 1871 2222 μέμ-νην

1085 2235 1130 2253 ται
1146 2227 1196 2262 μὲν
1212 2228 1258 2254 τοῦ
1277 2229 1388 2262 κανόνος
1403 2228 1449 2257 τοῦ
1468 2231 1588 2266 μεγάλου
1609 2232 1752 2259 Βασιλείου
1764 2254 1772 2267 ,
1793 2235 1870 2268 λέγει

1084 2271 1112 2298 δὲ
1125 2274 1277 2308 οἰκονομεῖν
1292 2275 1381 2307 τοῦτο,
1398 2275 1436 2307 ὼς
1450 2277 1500 2308 τῆς
1521 2277 1684 2313 Ἐκκλησζας
1706 2282 1871 2314 κραταιοτέ-

1084 2325 1134 2350 ρας
1151 2318 1308 2353 γινομένης,
1323 2320 1370 2345 καὶ
1383 2319 1435 2354 τῆς
1449 2321 1567 2352 πίστεως
1582 2322 1628 2348 ἐπὶ
1644 2322 1726 2348 πλέον
1742 2325 1872 2359 στηριζο-

1085 2363 1178 2398 μένης,
1208 2364 1255 2390 καὶ
1275 2364 1328 2391 τῶν
1342 2366 1454 2392 ’πιστῶν
1478 2367 1546 2402 πρὸς
1573 2368 1690 2402 τήρησιν
1716 2370 1773 2396 τῶν
1789 2372 1871 2398 θεῑων

1083 2409 1198 2436 ἐντολῶν
1234 2409 1334 2444 μᾶλλον
1359 2411 1569 2447 ἑδραιουμένων.
1605 2414 1747 2449 Κέχρηται
1773 2416 1803 2442 δὲ
1831 2419 1872 2448 εἰς

1085 2455 1259 2490 παράδειγμα
1283 2456 1330 2483 καὶ
1350 2457 1388 2492 τῷ
1408 2459 1473 2493 περὶ
1495 2459 1549 2485 τῶν
1569 2460 1752 2487 διακόνισσῶν
1771 2454 1871 2489 κανόνι

1083 2503 1132 2535 τῆς
1149 2503 1282 2537 τετάρτης
1301 2504 1408 2530 συνόδου
1422 2523 1429 2536 ,
1445 2505 1531 2538 λέγων
1546 2506 1587 2532 ὃτι
1603 2506 1650 2532 τοῦ
1668 2506 1743 2533 θείου
1760 2508 1872 2535 Παύλου

1085 2548 1215 2583 ἐξήκοντα
1227 2549 1296 2574 ἐτῶν
1312 2550 1361 2581 τὰς
1382 2552 1468 2585 χήρας
1483 2550 1683 2584 καταλέγεσθαι
1699 2553 1873 2588 διαταξαμέ-

1083 2602 1140 2626 νου,
1170 2594 1194 2620 οἱ
1211 2594 1332 2630 Πατέρες
1356 2595 1405 2631 τὴν
1420 2596 1551 2630 παρθένον
1564 2599 1774 2632 τεσσαράκοντα
1800 2601 1871 2625 ἐτῶν

1083 2640 1165 2667 οὖσαν
1197 2643 1410 2676 χειροτονεῖσθαι
1444 2643 1568 2670 διάκονον
1606 2643 1712 2679 ὥρισαν
1728 2674 1731 2677 _
1748 2645 1797 2672 διὰ
1821 2649 1871 2681 τὴν

860 2696 960 2727 Guill.
976 2698 1139 2737 Beveregii
1160 2703 1252 2729 notae.

287 2755 342 2790 (‘26)
359 2756 438 2782 Μετὰ
449 2757 502 2783 τὸν
517 2755 532 2782 ι’
551 2757 698 2784 ἐνιαυτόν.
718 2757 768 2784 Ms.
792 2758 1024 2788 Amerbaehianns

252 2789 317 2822 legit
339 2791 406 2824 “SN:
433 2793 477 2817 τὸν
504 2793 582 2818 πέντε
602 2793 780 2819 καὶηδεκλιτὸν
811 2795 942 2820 ἐνιαυτόν.
957 2796 1022 2821 Ulli”

254 2831 342 2850 autem
362 2827 404 2851 lttc
418 2826 449 2851 de
465 2833 589 2859 pru'sentt
615 2836 719 2854 canone
733 2834 838 2862 agatur,
852 2829 929 2862 ju\la
943 2837 1022 2863 qunu

1079 2761 1216 2795 quispiam
1238 2767 1298 2796 post
1319 2762 1453 2791 decimum
1477 2767 1566 2792 artatis
1590 2773 1694 2793 annum
1713 2769 1872 2795 monachus

1078 2797 1138 2857 lielri
1165 2801 1264 2829 potest,
1296 2804 1387 2826 nostra
1402 2804 1428 2826 et
1447 2800 1600 2827 connnunis
1616 2801 1698 2829 lectio
1723 2804 1875 2830 retinenda

1078 2839 1106 2857 L‘S
1121 2850 1127 2855 .

1077 2839 1127 2857 τοι.
