1941 3093
87 141 128 172 (57

86 197 161 232 αὐτὴν
178 197 287 231 πάντως
299 199 389 227 αἰτίαν
401 222 408 233 ,
423 202 461 234 ὡς
476 203 522 237 τῆς
542 204 659 236 πίστεως
673 203 851 238 βεόαιοτέρας
866 205 888 232 Δ

83 244 232 279 γενομένης,
250 246 296 272 καὶ
313 246 368 273 τῶν
387 247 538 282 ἀνθρώπων
559 249 768 285 προθυμοτέρων
781 249 850 283 πρὸς

82 289 125 322 τὴν
138 290 190 315 τῶν
210 291 325 318 ἐντολῶν
350 293 475 328 φυλακήν
487 303 493 309 ·
515 294 583 329 πλὴν
607 295 654 321 καὶ
676 295 706 321 τὸ
726 296 788 331 περὶ
803 295 850 321 τοῦ

83 332 169 366 χρόνου
193 334 231 368 τῷ
252 336 301 368 τῆς
320 337 412 371 χώρας
435 338 579 374 ὲπισκὸπῳ
602 339 780 374 ἀνατίθησιν·
807 340 851 367 ἵνα

82 377 175 410 ἐκεῖνος
197 382 284 415 σκοπῇ
309 383 353 415 ἐφ’
377 383 486 423 ἑκάστῳ
515 385 569 411 τῶν
594 385 642 411 τὸν
662 386 766 421 μονήρη
794 386 851 421 βίον

82 424 256 458 αἱρουμένων,
281 428 305 453 εἰ
326 429 384 455 δέον
398 430 550 465 αὐξηθῆναι
563 431 638 467 αὐτῷ
651 431 698 458 τὸν
712 433 816 467 χρόνον,
833 433 850 467 ἢ

81 469 124 495 καὶ
136 470 248 506 δεκαετῆ
268 473 393 509 δεχθῆναι
399 495 406 501 .

81 558 188 586 ΔΡΙΣΤ.
211 570 220 587 I
247 561 276 588 '0
294 563 417 596 μονὰζων
447 565 557 599 μονάσει
580 567 720 601 δεκαετὴς.
745 568 774 593 El
798 567 852 601 γὰρ

114 614 122 629 ι
143 606 190 632 καὶ
214 608 228 633 ὁ
247 607 320 639 θεῖος
337 609 477 642 Βασίλειος
497 611 547 647 τὴν
569 612 788 648 ὰποκειρομένην
807 613 852 639 τὸν

114 659 123 676 ι
145 652 376 680 ἑπτακαιδέκατον
390 655 483 682 ἀνύειν
503 657 598 691 χρόνον
613 657 752 692 ἀπέφηνεν
765 665 772 674 '
793 656 852 684 ἀλλ’

115 705 123 722 ι
144 697 220 729 ἐπεὶ,
237 698 284 724 τοῦ
299 698 452 726 ἀποστόλου
468 701 648 736 ἑξηκονταέτη
662 700 744 728 οὖσαν
759 702 808 737 τὴν
823 702 852 728 ἐν

115 752 122 768 ι
146 742 297 789 *Ἐκκλησία
315 746 402 780 χήραν
421 747 638 789 ὲγγυῶντοςῚοὶ
661 748 783 784 Πατέρες
804 749 852 782 τὴν

113 795 121 812 t
143 787 318 816 διακόνισσαν
347 791 451 826 ἔφησαν
477 787 748 828 τεσσαρακονταέτην
779 793 852 826 γίνε-

113 843 121 858 ι
146 834 219 864 σθαι.
235 837 432 873 κραταιοτέρας
449 838 500 872 τῆς
521 838 681 871 Ἐκγλησίας
691 839 849 873 γενομένης·
868 852 888 880 Β

114 888 122 904 ι
148 880 192 905 καὶ
206 881 286 915 ἡμεῖς
298 882 429 917 ὀξυτέραν
442 882 491 918 τὴν
505 884 641 919 σφραγῖδα
657 884 695 919 τῷ
710 885 852 919 μονάζοντι

114 935 122 950 ι
145 927 345 961 σημαινόμεθα.
370 938 378 954 ι

115 972 145 999 Ὀ
160 974 209 1007 μὲν
224 974 461 1007 ὀκτωκαιδέκατος
479 977 570 1004 κανὼν
584 977 633 1004 τοῦ
656 976 774 1012 μεγάλου
798 980 852 1005 Βα-

78 1018 174 1044 σιλείου
200 1019 269 1055 ὑπὲρ
293 1021 327 1047 τὰ
348 1021 444 1054 δεκαέξ
459 1022 475 1057 ἢ
489 1022 535 1049 καὶ
558 1023 697 1050 δεκαεπτὰ
711 1024 759 1058 ἐτη
778 1024 853 1057 λέγει

75 1064 193 1097 ὀφείλειν
210 1064 279 1091 εἶναι
293 1067 343 1100 τὴν
360 1067 549 1101 προσάγουσαν
568 1068 667 1103 ἑαυτὴν
684 1069 723 1103 τῷ
741 1071 852 1105 Κυρίῳ,

80 1110 127 1136 καὶ
150 1112 376 1147 ἀποτασσομένην
399 1113 438 1148 τῷ
460 1114 561 1149 γάμῳ·
576 1115 618 1141 ἵνα
641 1117 668 1142 al
694 1116 854 1151 ὑποσχέσεις

77 1157 162 1191 αὐτῆς
175 1158 282 1192 βέόαιαι
295 1153 357 1189 ὦσι,
373 1161 420 1186 καὶ
440 1161 574 1188 ἁθετοῦσα
586 1163 687 1194 ταύτας
697 1163 854 1199 ἀπαραιτή-

75 1210 129 1233 τως
147 1203 307 1239 κολάζηται.
331 1205 387 1236 Τὰς
402 1205 456 1241 γὰρ
475 1206 601 1238 παιδικὰς
615 1207 706 1242 φωνὰς
721 1209 751 1234 οὐ
767 1217 854 1244 προσ-

82 1250 154 1282 ήκει,
172 1251 251 1285 φησὶ,
269 1251 365 1285 κυρίας
381 1250 428 1278 ἐπὶ
442 1253 498 1279 τῶν
513 1254 641 1280 τοιούτων
658 1255 793 1290 ἡγεῖσθαι.
824 1255 854 1283 '0

77 1293 105 1321 δὲ
126 1295 221 1330 παρὼν
255 1297 345 1323 κανὼν
366 1297 412 1331 τρν
439 1298 475 1334 μὴ
498 1298 595 1334 ἥττονα
619 1300 674 1326 τῶν
697 1300 763 1327 δέκα
785 1301 854 1328 ἑτῶν

75 1342 192 1375 μονάσαι
209 1342 319 1369 θέλοντα
335 1344 528 1379 παραδέχεται,
540 1346 677 1377 ἀνατιθεὶς
691 1347 740 1379 τὴν
756 1347 801 1373 ἐπὶ
816 1347 854 1382 τῷ

74 1387 169 1422 χρόνῳ
184 1387 345 1422 δοκιμασίαν
369 1389 409 1420 εἰς
435 1390 484 1424 τὴν
498 1391 600 1426 ,κρίσιν
621 1391 668 1417 τοῦ
681 1388 833 1427 ἡγουμένου
845 1411 853 1424 ,

74 1434 155 1468 εἴπερ
171 1434 280 1467 ἡγεῖται
297 1435 518 1471 λυσιτελέστερον
529 1437 679 1471 αὐξηθῆναι
695 1438 775 1464 αὐτὸν
786 1438 854 1472 πρὸς

73 1479 123 1512 τὴν
143 1480 171 1505 ὲν
192 1479 229 1513 τῷ
249 1481 360 1516 μονήρει
380 1481 428 1516 βιῳ
447 1483 586 1517 διαγωγὴν
607 1483 852 1511 καὶ-κατάστασιν.

74 1525 198 1551 Ἐλαττοί
228 1526 255 1552 δὲ
282 1527 328 1552 τὸν
353 1527 448 1562 χρόνον
473 1527 518 1554 τὸν
537 1528 679 1563 ὁρισθέντα
706 1530 782 1565 παρὰ
805 1530 852 1556 τοῦ
867 1518 888 1546 c

74 1573 198 1606 μεγάλου
214 1573 354 1600 Βασιλείου
365 1595 371 1605 ,
395 1575 440 1601 διὰ
454 1576 484 1601 τὸ
500 1575 550 1610 τὴν
575 1576 738 1610 Ἐκκλησίαν
761 1577 854 1612 χάριτι

72 1619 134 1654 θεία
153 1621 354 1655 κραταιοτέραν
368 1622 444 1657 ἇρᾷν,
457 1622 503 1648 καὶ
516 1622 562 1649 ἐπὶ
579 1623 613 1649 τὰ
631 1624 725 1657 πρόσω
740 1625 855 1660 προϐαί-

71 1673 173 1690 νουσαν
189 1666 236 1691 καὶ
251 1666 479 1700 προκόπτουσαν,
505 1667 551 1694 καὶ
570 1668 633 1699 τοὺς
653 1670 764 1700 πιστοὺς
787 1669 855 1704 πρὸς

70 1711 123 1744 τὴν
137 1712 192 1737 τῶν
210 1712 289 1738 θείων
304 1713 418 1739 ἐντολῶν
435 1715 553 1748 τήρησιν
569 1715 792 1751 ἀσφαλεστέρους
806 1717 855 1742 καὶ

72 1758 266 1792 παγιωτέρους
294 1759 460 1786 δείκνυσθαι.
481 1760 535 1786 Καὶ
556 1761 610 1796 γὰρ
632 1761 675 1788 διὰ
699 1762 747 1788 τὸν
775 1762 856 1788 αὐτὸν

71 1802 167 1835 λόγον,
185 1805 224 1830 ὅτι
239 1804 306 1838 πρὸς
321 1805 350 1831 τὸ
365 1806 487 1839 κρεῖττον
502 1807 678 1841 ήἜκκλησία
694 1808 855 1843 προέκοψεν,

70 1849 237 1884 ἠλάττωσαν
265 1851 290 1877 οἱ
319 1852 386 1886 ἱεροὶ
415 1853 526 1884 κανόνες
554 1854 665 1881 καὶτὸν
688 1855 784 1890 χρόνον
805 1856 857 1889 τῆς

69 1895 264 1928 διακονίσοης,
281 1896 328 1922 καὶ
340 1898 547 1932 τεσσαράκοντα
559 1899 628 1925 ὲτῶν
645 1901 855 1934 χειροτονεῖσθαι

67 1941 177 1976 ταύτην
207 1943 430 1977 παραδεδώκασιν
453 1952 460 1959 '
477 1944 501 1970 εἱ
518 1946 564 1971 καὶ
583 1945 596 1971 ὁ
613 1946 772 1978 ’Λπόστολος
795 1948 857 1982 ἑξή-

67 1996 159 2014 κοντα
177 1988 245 2014 ἐτῶν
259 1990 308 2023 τὴν
330 1991 359 2015 ἐν
383 1992 416 2025 τῇ
435 1991 585 2026 Ἐκκλησία
603 1993 753 2027 μέλλουσαν
771 2003 857 2021 κατα-

57 2033 191 2068 νλεγῆναι
208 2035 297 2070 χήραν
314 2037 486 2071 προστάττει.

357 2083 400 2108 ΚΛ
407 2082 475 2110 ΝΩΝ
506 2085 575 2111 MA’.

67 2137 79 2152 1
109 2127 182 2158 Τοὺς
195 2128 223 2153 ἐν
248 2128 358 2154 πόλεσιν
374 2129 390 2163 ἦ
409 2129 519 2165 χωρίοις
542 2131 570 2155 ἐν
591 2131 780 2166 ἐγκλείστραις
796 2131 856 2166 βου-

113 2183 124 2198 a
149 2174 280 2207 λομένους
306 2175 468 2210 ἀναχωρεῖν,
499 2177 546 2203 καὶ
568 2177 674 2208 ἑαυτοῖς
699 2178 856 2212 καταμόνας
872 2185 894 2215 ο

148 2219 294 2252 προσέχειν
307 2238 314 2249 ,
343 2220 475 2254 πρότερον
496 2221 525 2246 ἔν
549 2221 723 2257 μοναστηρίῳ
741 2222 855 2249 εἰσιέναι

149 2264 209 2294 δεῖ,
233 2265 280 2290 καὶ
308 2264 368 2299 τὴν.
386 2265 597 2301 ἀναχωρητικὴν
623 2267 855 2302 παιδοτριϐεῖσθαι

148 2310 298 2345 διαγωγὴν,
313 2312 360 2336 καὶ
377 2311 423 2336 ἐπὶ
438 2312 532 2346 τριετῆ
546 2312 642 2347 χρόνον
657 2313 695 2347 τῷ
711 2313 758 2348 τῆς
773 2317 856 2348 μονῆς

149 2356 288 2391 ἐξάρχοντι
306 2358 333 2382 ὲν
347 2357 420 2392 φόεῳ
434 2357 502 2383 Θεοῦ
519 2358 726 2390 ὑποτάττεσθαι,
743 2361 791 2387 καὶ
808 2362 856 2395 τὴν

149 2402 219 2428 κατᾶ
237 2402 333 2431 πάντα.
353 2404 390 2434 ὡς
405 2403 549 2438 προσήκει,
565 2405 687 2439 ὑπακοὴν
703 2405 856 2440 ἐκπληροῦν

151 2449 197 2478 καὶ
212 2447 298 2479 οὕτως
314 2449 512 2482 ὁμολογοῦντας
530 2450 594 2485 περὶ
608 2451 656 2485 τῆς
670 2451 699 2476 ἐν
713 2452 752 2486 τῷ
766 2452 855 2478 τοιού-

150 2503 188 2528 τῳ
206 2494 256 2530 βίῳ
273 2495 469 2530 προαιρέσεως,
494 2497 540 2522 καὶ
560 2496 598 2528 ὡς
617 2497 646 2530 ἐξ
663 2497 726 2532 ὅλης
743 2499 856 2534 καρδίας

149 2541 279 2571 ἑκουσίως
294 2541 387 2566 τοῦτον
398 2541 564 2573 ἀσπάζονται
575 2562 581 2573 ,
595 2542 647 2568 ὑπὸ
662 2543 709 2569 τοῦ
725 2544 795 2570 κατά
809 2545 855 2571 τὸν

146 2587 229 2612 τόπον
252 2586 449 2620 δοκιμάζεσθαι
472 2587 605 2621 προέδρου
621 2595 628 2603 ’
646 2586 697 2614 εἷθ’
712 2588 797 2624 ορτως
812 2591 854 2624 ἐφ’

148 2634 242 2668 ἕτερον
274 2634 395 2660 ἐνιαυτὸν
433 2634 532 2666 ἔξωθεν
565 2634 780 2671 προσκαρτεμῖν
807 2637 856 2672 τῆς

147 2679 334 2714 ὲγκλείστρας,
349 2679 388 2710 ὡς
403 2679 436 2705 ἂν
451 2679 465 2705 ὁ
482 2680 580 2711 σκοπὸς
614 2680 704 2706 αὐτῶν
725 2681 855 2714 πλειόνως

147 2725 301 2760 φανερωθῇ.
323 2724 480 2759 Τηνικαῦτα
504 2725 558 2759 γὰρ
579 2725 762 2760 πληροφορίαν
785 2736 855 2761 παρ-

146 2772 261 2802 έξουσιν,
277 2771 350 2802 ὼςού
366 2770 447 2805 κενὴν
463 2770 615 2806 θηρώμενοι
631 2771 725 2804 δόξαν,
741 2772 809 2798 ἀλλὰ
822 2773 855 2799 δι’

146 2816 212 2843 αὐτὸ
225 2808 255 2843 τὸ
274 2816 358 2848 ὅντως
381 2815 465 2842 καλὸν
478 2815 527 2850 τὴν
541 2816 656 2851 ἡσυχίαν
668 2816 770 2852 ταύτην
790 2818 838 2843 διώ
847 2833 854 2838 -

147 2871 234 2891 κονσι.
263 2863 339 2890 Μετὰ
359 2862 386 2889 δὲ
405 2862 454 2897 τὴν
469 2861 593 2889 τοσούτου
613 2863 710 2898 χρόνου
726 2863 853 2898 συμπληυ

113 2227 123 2243 1

112 2273 122 2288 1

112 2319 122 2335 1

112 2367 122 2381 1

113 2412 123 2427 1

112 2458 123 2473 1

113 2507 122 2521 1

111 2551 120 2565 1

110 2597 121 2611 1

108 2645 118 2659 1

109 2691 120 2706 1

109 2737 120 2752 1

104 2782 118 2798 Ι

105 2828 118 2843 1

104 2873 117 2889 1

572 149 611 179 ΙΝ
633 148 716 180 CAN.
736 149 801 179 XLI
822 147 926 178 CONC.
947 147 986 178 IN
1003 148 1155 179 'FRUI.LO

1624 140 1676 172 658

902 210 1007 238 quoque
1022 202 1143 237 obsequii
1162 209 1236 228 amor
1255 201 1281 227 iu
1306 199 1429 227 humanis
1444 199 1594 234 pectoribus
1608 199 1678 225 radi-

902 257 947 276 ces
975 249 1085 282 egisset,
1111 247 1349 283 quadragenariam
1376 246 1505 280 virginem
1531 245 1557 272 in
1586 245 1676 272 album

901 295 1114 323 diaconissarutn
1147 293 1239 321 referri
1265 293 1346 320 licere
1370 292 1557 319 decreverunt.
1577 289 1606 317 In
1626 298 1679 324 quo

902 347 990 368 tamen
1005 338 1061 368 rem
1077 345 1169 371 totam,
1182 339 1252 374 quod
1267 340 1298 366 ad
1311 343 1417 365 aetatem
1432 338 1537 368 attinet,
1561 336 1679 370 episcopi

901 387 1013 414 arbitrio
1026 387 1174 421 permittit;
1193 391 1221 412 ut
1234 386 1387 421 quicunque
1403 392 1432 411 se
1453 384 1608 410 monasticae
1617 383 1680 410 vita:

902 431 992 458 studio
1008 431 1092 457 teneri
1105 430 1260 462 ostenderit,
1276 438 1340 457 num
1352 435 1447 456 exacto
1461 429 1590 456 decennio
1607 428 1678 455 illico

902 477 1106 508 admittendum.
1126 484 1159 503 an
1175 477 1260 504 relatis
1273 483 1442 511 progressum
1456 475 1570 509 aliquem
1586 481 1681 509 exspe-

901 522 1028 548 ctandum
1047 526 1130 554 putet,
1149 522 1205 555 ipse
1221 521 1354 555 dispicial.

901 567 1013 596 ABIST.
1030 576 1039 593 ι
1063 568 1207 595 Monachus
1220 569 1310 594 decem
1332 574 1416 594 anuos
1429 571 1507 593 natus
1525 566 1607 592 vitam
1624 571 1682 591 mo-

940 623 950 640 r
972 611 1103 642 nasticatn
1127 618 1198 648 aget.
1223 612 1334 641 Etiamsi
1362 612 1432 638 enim
1458 611 1536 637 divus
1566 609 1681 637 Basilius

942 669 952 685 ι
974 660 1111 687 detonsam
1134 659 1324 693 septemdecim
1342 665 1427 684 annos
1450 657 1597 691 transigere
1614 663 1681 682 ceu-

942 712 952 730 ι
975 703 1058 730 suerit
1084 708 1135 730 :at
1159 702 1285 737 quoniam
1309 701 1450 736 Apostolus
1476 701 1582 727 viduam
1605 706 1682 726 sexa-

941 761 950 777 ι
973 750 1108 786 genariam
1132 749 1258 776 Ecclesiae
1280 748 1439 781 desponsam
1468 746 1561 777 tradit,
1589 745 1683 772 Patres

941 807 950 823 ι
975 797 1154 823 ιιίιιεοιιῐςεοιιι
1187 793 1427 829 quadragenariam
1459 791 1582 819 ordinari
1608 792 1683 818 dixer

941 852 950 869 ι
975 848 1047 875 runt,
1066 842 1183 869 Ecclesia
1199 840 1311 867 ﬂrtniori
1330 839 1431 866 reddita
1444 846 1452 871 ;
1465 843 1492 865 et
1508 845 1556 865 nos
1575 844 1682 872 quoque

941 899 951 915 ‹
975 889 1055 917 citius
1069 888 1201 916 monacho
1214 887 1329 921 sigillum
1345 886 1518 921 imponimus.
1538 894 1548 911 ι

940 980 1063 1007 Decimus
1070 979 1176 1013 quidem
1188 982 1298 1005 octavus
1306 977 1398 1005 Basilii
1412 977 1500 1011 magni
1513 983 1599 1003 canon
1612 983 1681 1008 eam,

904 1034 964 1061 quae
979 1033 1007 1053 sc
1022 1024 1134 1052 Domino
1148 1023 1226 1051 offert
1243 1027 1270 1050 et
1284 1022 1455 1049 matrimonio
1470 1021 1616 1054 renuntiat,
1636 1028 1683 1048 su-

904 1079 953 1107 pra
978 1071 1113 1098 sexdecim
1138 1070 1178 1097 vel
1201 1069 1282 1097 etiam
1303 1068 1498 1103 septemdecim
1518 1075 1578 1095 esse
1599 1075 1684 1094 annos

904 1118 1002 1145 debere
1019 1117 1114 1144 dicit.:
1134 1121 1164 1144 ut
1185 1115 1318 1151 promissa
1338 1115 1395 1149 ejus
1411 1115 1487 1142 ﬁrma
1504 1113 1579 1147 ﬁant,
1600 1121 1686 1148 eaque

904 1165 1008 1192 violans
1018 1164 1198 1192 inexorabiles
1206 1164 1264 1190 luat
1273 1156 1375 1197 pinnas.
1386 1161 1504 1190 Pueriles
1512 1161 1584 1189 enim
1593 1163 1686 1192 voces.

905 1212 999 1245 inquit,
1018 1212 1046 1238 in
1062 1212 1136 1239 hisce
1160 1215 1233 1240 ratas
1250 1210 1405 1237 existimare
1424 1216 1480 1237 non
1494 1208 1629 1236 convenit.
1651 1207 1687 1234 At

904 1266 1022 1295 prmsens
1033 1266 1118 1286 canon
1130 1265 1202 1290 eum,
1212 1257 1257 1292 qui
1273 1264 1325 1283 non
1339 1256 1426 1283 minor
1440 1259 1482 1282 est
1496 1262 1576 1290 quam
1590 1254 1683 1282 decem

904 1312 988 1332 annos
1004 1308 1095 1336 natus,
1113 1307 1140 1331 et
1161 1303 1322 1330 monachum
1347 1309 1426 1335 agere
1448 1301 1532 1335 cupit.
1555 1300 1684 1332 admittit,

904 1352 938 1379 de
949 1352 1068 1386 tempore
1079 1350 1303 1377 exatninationem
1314 1348 1435 1383 praesulis
1446 1347 1548 1381 judicio
1558 1347 1684 1374 commit-

905 1403 975 1428 lens.
992 1404 1025 1424 an
1047 1396 1140 1431 augeri
1157 1395 1261 1429 tempus
1274 1394 1470 1422 conducibilius
1490 1394 1628 1422 existimet
1651 1393 1685 1419 ad

905 1443 1127 1471 introductiouem
1141 1447 1167 1470 et
1177 1442 1395 1469 constitutionem
1412 1441 1438 1466 in
1451 1441 1504 1466 vita
1523 1438 1682 1466 monastica.

905 1488 1022 1522 Tempus
1044 1493 1132 1515 autem
1159 1495 1172 1513 a
1196 1487 1293 1514 Basilio
1318 1493 1413 1521 magno
1433 1485 1571 1511 deﬁnitum
1591 1483 1687 1511 minuit

906 1541 1003 1566 canon,
1024 1534 1085 1568 quia
1111 1533 1259 1560 Ecelesiam
1287 1532 1372 1566 gratia
1393 1531 1481 1558 divina
1508 1529 1694 1564 potentiorem!

905 1588 975 1612 esse,
993 1584 1020 1607 et
1034 1580 1145 1606 ulterius
1163 1580 1307 1612 procedere
1322 1583 1348 1605 et
1362 1576 1483 1611 provehi,
1499 1580 1525 1602 et
1544 1575 1635 1602 ﬁdeles
1651 1575 1684 1601 ad

905 1626 1055 1654 divinorum
1070 1626 1256 1652 mandatorum
1275 1623 1490 1651 observationem
1508 1622 1640 1648 ﬁrmiores
1658 1625 1686 1646 et

906 1672 1058 1700 stabiliores
1066 1671 1152 1699 videri
1172 1670 1411 1706 deprehendissenl
1430 1669 1534 1697 Patres.
1552 1667 1592 1695 Oh
1609 1675 1685 1694 eam-

906 1719 965 1745 dem
989 1719 1060 1745 enim
1086 1718 1214 1744 rationem
1225 1736 1232 1747 .
1243 1717 1378 1751 quoniam,
1390 1716 1442 1742 viz.
1455 1715 1486 1741 ad
1508 1715 1603 1742 melius
1625 1721 1687 1747 pro-1

906 1764 977 1790 cedit
1005 1760 1143 1792 Ecclesia.
1158 1758 1228 1789 sa‘cri
1250 1769 1368 1789 canones
1383 1765 1409 1787 et
1435 1760 1590 1787 diaconisst'e
1619 1763 1686 1786 lem-

907 1817 957 1843 pus
973 1810 1143 1840 imminuuut.
1159 1816 1273 1843 eantque
1289 1816 1350 1834 cum
1363 1807 1539 1842 quadraginta
1555 1806 1590 1832 sit
1603 1813 1686 1832 antro-

907 1863 964 1882 rum
974 1855 1090 1882 ordinari
1103 1858 1221 1881 statuunt
1233 1863 1240 1885 ;
1250 1854 1354 1881 etiamsi
1364 1853 1507 1887 Apostolus
1516 1853 1572 1886 ipse
1581 1852 1686 1878 viduam

906 1907 966 1934 qure
982 1900 1008 1926 in
1025 1899 1143 1927 Ecclesia
1155 1899 1324 1934 esteligr'nda
1335 1899 1544 1933 sexaginta'csse
1555 1904 1694 1925 annorum.

906 1945 989 1980 iubet.

1152 2082 1232 2117 206
1242 2081 1354 2109 CANON
1371 2081 1439 2108 xu.

910 2138 919 2154 ι
942 2128 1006 2160 Εοε,
1021 2129 1064 2164 qui
1085 2129 1110 2154 in
1134 2129 1245 2155 urbibus
1259 2128 1300 2155 vel
1313 2128 1379 2155 vicis
1400 2128 1426 2154 in
1450 2127 1583 2155 clausuris
1595 2125 1693 2155 volunt

948 2185 957 2202 ι
979 2175 1116 2207 secedere.
1134 2180 1160 2202 et
1176 2175 1226 2202 sibi
1243 2175 1308 2209 ipsis
1325 2176 1470 2207 separatim
1486 2181 1532 2201 seu
1547 2174 1572 2200 in
1593 2173 1687 2201 solitu-

949 2231 957 2248 ι
981 2223 1043 2249 diuo
1061 2227 1177 2249 mentem
1194 2222 1330 2252 adhibere.
1354 2221 1428 2256 prius
1451 2221 1558 2255 quidem
1584 2221 1609 2248 in
1631 2229 1688 2247 mo-

945 2279 954 2295 ι
978 2268 1126 2295 nnsterium
1151 2268 1254 2301 ingredi
1278 2272 1402 2302 oportet,
1423 2273 1447 2295 et
1471 2267 1688 2295 anachoreticam

946 2325 955 2341 ‹
978 2315 1083 2342 vivendi
1107 2315 1238 2341 rationem
1264 2321 1400 2345 exercere.
1424 2318 1450 2341 et
1468 2315 1555 2348 spatio
1577 2313 1688 2340 triennii

945 2371 954 2387 ι
975 2362 1010 2394 ei,
1028 2362 1072 2394 qui
1090 2361 1220 2388 mansioni
1240 2365 1346 2395 praeest,
1365 2360 1391 2387 in
1407 2360 1452 2387 Dei
1467 2360 1562 2387 timore
1581 2367 1689 2393 parere,

945 2416 953 2432 ι
975 2411 1002 2432 et
1027 2405 1204 2433 obedientiam
1231 2404 1256 2431 in
1279 2405 1418 2435 omnibus.
1445 2408 1473 2430 ut
1501 2410 1606 2437 mquum
1636 2408 1688 2434 οδε,

945 2462 954 2478 ι
979 2451 1100 2486 implere;
1115 2456 1141 2478 et
1157 2451 1193 2477 ita
1217 2451 1250 2477 de
1272 2450 1329 2485 ejus
1347 2452 1407 2476 vitm
1420 2449 1549 2483 cligendn-
1566 2449 1688 2475 iustitqu

946 2507 954 2523 ι
977 2497 1143 2531 proﬁtentes.
1168 2500 1195 2522 et
1220 2497 1290 2530 quod
1317 2503 1375 2522 eam
1400 2503 1431 2522 ex
1461 2500 1516 2522 toto
1538 2495 1619 2521 corde
1641 2501 1688 2520 sua

978 2549 1072 2577 sponte
1100 2542 1319 2577 amplectuntur.
1349 2542 1382 2568 ab
1410 2541 1467 2572 eius
1494 2541 1543 2568 loci
1576 2539 1688 2574 prmsule

945 2597 954 2613 ι
978 2588 1125 2615 examinari
1143 2596 1150 2615 :
1165 2587 1261 2614 deinde
1275 2588 1315 2614 sic
1331 2587 1382 2613 alio
1399 2594 1470 2613 anno
1484 2591 1560 2612 extra
1580 2585 1688 2612 clausu-

945 2644 954 2660 ι
980 2642 1036 2660 ram
1054 2634 1159 2660 fortiter
1173 2641 1201 2660 se
1214 2641 1318 2667 gerere,
1335 2638 1363 2659 ut
1378 2640 1474 2666 scopus
1489 2639 1582 2658 eor-mn
1594 2630 1688 2657 evadat

978 2679 1160 2707 manifestior.
1179 2678 1255 2705 Tunc
1280 2679 1350 2704 enim
1377 2677 1453 2710 plene
1474 2680 1554 2710 atque
1571 2675 1689 2708 perfecte

945 2736 954 2752 ι
978 2727 1179 2760 signiﬁcahunl,
1206 2725 1276 2758 quod
1298 2731 1350 2750 non
1376 2723 1482 2749 inanem
1506 2721 1618 2754 gloriam
1643 2729 1689 2747 ca-

943 2783 951 2798 (
976 2778 1091 2807 ptantes.
1117 2773 1164 2798 sed
1188 2775 1297 2804 propter
1318 2771 1404 2803 ipsum
1428 2774 1520 2794 revera
1545 2767 1688 2801 puehrum

943 2829 951 2844 ι
976 2827 1007 2845 ac
1024 2817 1267 2848 honestntu,hanc
1285 2815 1455 2853 solitudinem
1479 2819 1687 2848 persequuntur.

945 2875 954 2890 ι
976 2864 1038 2892 Pest
1055 2864 1119 2891 tanti
1145 2867 1233 2890 autem
1261 2861 1388 2896 temporis
1411 2861 1647 2897 complementum,
1664 2863 1686 2889 si

946 2690 955 2705 1
