1941 3093
103 112 161 142 6‘55

143 177 152 193 ι
177 171 353 206 μοναστηρξῳ
376 172 604 208 ἐγκαθίστασθαι,
619 176 666 207 καὶ
685 178 741 208 τοῖς

141 224 152 242 ι
174 217 406 251 ἔγκαταλὲγεσθαι
428 218 504 256 (28)·
519 224 543 249 ει
566 223 596 249 δὲ
626 224 662 259 μὴ
689 225 769 252 τοῦτο
799 224 881 260 προέ-

142 271 151 287 ι
173 263 273 296 λοιντο,
292 266 465 294 παντάπασιν
482 268 582 300 αὐτοὺς
607 269 661 296 τῶν
681 270 786 297 πόλεων
814 271 882 298 ἀπε-

594 116 632 153 IN
652 124 734 155 CAN.
756 118 836 154 XL”
853 125 957 156 CONC.
978 127 1018 157 IN
1040 129 1199 164 TRULLO.

1660 137 1711 175 non

758 178 874 212 ἀδελφοῖς

971 193 980 209 ‹
999 184 1074 217 Quod
1095 178 1117 214 si
1135 189 1185 215 hoc
1201 196 1253 216 non
1270 191 1409 226 elegerint,
1425 201 1472 221 eos
1488 196 1599 223 omnino
1615 205 1647 225 ex
1663 207 1709 225 ur-'

971 239 981 256 ι
999 230 1078 259 bibus
1098 235 1206 268 expelli.
1225 241 1251 263 et
1266 241 1372 266 orciuos
1398 239 1520 277 habitare
1533 263 1539 274 ,
1555 251 1586 269 ex
1608 245 1708 277 quibus

969 285 979 302 ι
1000 278 1052 306 sibi
1070 280 1151 306 etiam
1168 280 1578 317 denominationes'confinxere.
1598 299 1608 315 ι

140 318 149 334 ι
173 309 331 342 λαύνεσθαι,
346 313 391 338 καὶ
408 313 456 343 τὰς
471 314 591 348 ἐρήμους
603 315 701 347 οἰκεῖν,
728 315 758 348 ἐξ
778 313 816 343 ὦν
833 317 881 344 καὶ
931 335 934 339 τ

142 363 151 379 ι
172 355 221 386 τὰς
237 357 394 391 ἐπωνυμίας
410 359 516 391 ἑαυτοῖς
540 360 738 389 ἀνεπλάσαντο.
762 372 772 388 ι

139 400 237 428 ΒΑΛΣ.
255 402 350 429 Πολλοὶ
365 403 510 431 λαοπλὰνοι
523 405 571 437 τὰς
585 406 676 438 πόλεις
690 408 880 443 περιέρχονται

106 446 362 481 μελανειμονοῦντες
379 449 426 476 καὶ
449 452 641 487 ἁκειροκόμαι,
668 453 798 488 νηστείαν
830 455 878 482 καὶ

101 491 229 518 ἀλουσίαν
243 492 461 529 ὑποκρινόμενοι,
474 497 521 524 καὶ
538 498 696 532 ἀπατῶντες
707 501 769 531 τοὺς
784 501 882 528 ἁπλου-

102 538 223 573 στέρους,
249 540 295 565 καὶ
324 541 354 567 τὸ
383 544 528 582 μοναχικὺν
556 545 718 580 ἐπάγγελμα
748 547 878 585 καθυὸρί-

101 584 202 616 ζοντες.
219 586 273 612 Καὶ
299 588 323 613 οἱ
343 588 393 622 μὲν
416 589 445 622 ἐξ
460 590 550 617 αὐτῶν
568 593 636 626 μετὰ
652 593 754 620 λαῖκῶν
775 594 879 629 ἀνδρῶν

101 631 148 657 καὶ
173 633 310 665 γυναικῶν
325 635 525 670 συνδιάγοντες,
543 639 588 665 καὶ
613 639 663 671 τὰς
683 640 804 675 τριόδους
823 641 880 667 δαι-

102 677 244 711 μενιώδεσι
283 680 430 716 διδάγμασι
461 684 718 719 καταῦομδοῦντες,
755 686 880 721 εὔχονται

99 723 180 757 δῆθεν
201 724 272 760 ὑπὲρ
298 726 345 752 τοῦ
373 726 457 760 λαοῦ,
483 729 531 755 καὶ
561 731 704 765 μετάνοιαν
725 732 878 767 κηρύσσου-

100 777 162 796 σιν·
195 771 219 796 οἱ
251 771 279 797 δὲ
306 771 414 806 λέγουσι
428 773 491 800 καθ’
517 776 630 809 ὁρισμὸν
660 777 727 804 Θεοῦ
755 778 784 809 ἐξ
810 779 876 814 ἐρή-

101 824 151 851 μου
166 817 204 848 εις
215 816 264 848 τὰς
278 818 370 850 ¹πόλεις
389 819 486 852 ἐλθεῖν,
504 821 546 855 ἐφ’
604 823 781 858 προμηνῦσαι
814 833 876 852 τινα

101 864 231 898 μέλλοντα
243 871 250 879 ⁸
268 866 312 892 καὶ
327 867 443 899 ἀναιδῶς
470 869 561 902 ἀγαθά
574 855 636 897 τινα
652 855 708 903 soi;
723 870 876 900 ἁπλουστέέ
890 855 914 888 Β

100 917 159 943 ροις
178 911 393 944 ἐπαγγέλλονται
418 915 499 949 χάριν
517 909 631 950 κέρδους
652 918 701 944 καὶ
728 918 875 953 ἐμπορίας.

98 955 209 982 Τούτων
228 955 275 983 οὖν
295 958 312 992 ὴ
332 957 439 990 σὺνοδος
466 959 535 996 αὕτη
550 961 697 998 διορίζεται
722 964 771 996 τὰς
787 964 878 1000 κόμας

99 1003 252 1037 κείρεσθαι,
272 1005 318 1031 καὶ
345 1005 374 1032 ἐν
398 1007 591 1043 μοναστηρίοις
618 1009 788 1044 εἰσάγεσθαι,
804 1011 875 1038 ὥστε

98 1049 144 1074 τὸν
162 1050 265 1084 μονήρη
287 1051 344 1085 βίον
373 1051 478 1085 διάγειν
490 1053 522 1078 ὲν
538 1054 639 1085 αὐτοῖς.
667 1055 698 1081 Ei
714 1056 737 1081 δ’
762 1057 792 1083 οὐ
814 1057 877 1092 βού‹

99 1094 189 1121 λονται
206 1096 294 1128 τοῦτο,
314 1097 456 1124 ὲκδιώκειν
478 1099 576 1130 αὐτοὺς
590 1100 622 1125 ἐκ
637 1100 694 1126 τῶν
708 1102 822 1135 πόλεων,
840 1104 878 1136 ὡς

99 1139 132 1166 ἂν
148 1140 176 1166 ὲν
191 1141 305 1176 ἐρήμοις
317 1142 432 1176 διάγωσι
442 1151 450 1159 ⁸
466 1145 511 1170 καὶ
527 1144 560 1179 ἢν
574 1141 876 1178 ὲαυτοῖςῖἱνεπλάσαντο

98 1186 246 1222 διαγωγὴν,
264 1188 313 1215 οὐκ
330 1189 360 1221 ἐξ
386 1191 525 1231 ἀληθείας,
552 1192 610 1220 ἀλλ’
631 1194 685 1220 ἀπὸ
713 1194 815 1231 πλάνης
831 1198 877 1224 καὶ

98 1232 201 1265 τρόπου
230 1234 338 1272 σκαιοῦ.
355 1233 422 1262 Οὐδὲ
430 1227 491 1272 ’γὰρ
513 1237 623 1273 ᾠκησαν
645 1239 693 1275 τὴν
711 1227 814 1275 ἔρημον
832 1241 875 1268 διὰ

99 1278 238 1312 σωτηρίαν
250 1280 349 1315 ψυχῆς,
375 1283 399 1308 ει
414 1283 516 1317 ταύτην
531 1286 732 1319 πραγματικῶς
746 1286 775 1319 ἐξ
790 1287 875 1321 ἀνάγ-

98 1331 149 1358 κης
169 1325 261 1360 ἔχωσι,
290 1327 326 1362 μὴ
356 1329 601 1365 παραχωρούμενοι
617 1331 645 1358 ἐν
663 1332 756 1359 πόλεσι
781 1336 872 1369 παρα-

97 1369 189 1396 ὂάλ).ει
194 1380 218 1396 ν.

133 1416 253 1444 ΖΩΝΑΡ.
273 1417 378 1446 Παλαιᾶ
394 1420 410 1454 ἡ
427 1421 522 1454 κακία,
543 1423 587 1449 ἀεὶ
607 1422 709 1458 ταύτην
732 1425 792 1456 ταῖς
820 1425 875 1451 τῶν

97 1462 248 1497 ἀνθρώπων
269 1464 393 1499 καρδίαις
417 1467 464 1492 τοῦ
490 1469 643 1502 ἀρχεκάκου
672 1471 873 1505 ὲνσπείροντος.

97 1506 188 1536 Ἶίσαν
207 1510 259 1546 γὰρ
274 1511 322 1538 καὶ
334 1511 416 1538 πάλαι
433 1513 514 1545 τινὲς,
531 1514 555 1540 οἳ
572 1515 672 1550 μέλανα
683 1524 715 1542 πε
722 1517 871 1551 ριὸλήματα
885 1528 908 1565 C

97 1555 247 1588 ἐνεδύοντο,
279 1558 325 1583 καὶ
351 1558 399 1589 τὰς
417 1559 504 1593 κόμας
521 1560 571 1586 οὐκ
600 1560 718 1596 ἔκειρον,
733 1561 792 1588 ἀλλ’
808 1563 872 1588 εἴων

96 1602 136 1632 εὶς
155 1601 319 1637 βοστρύχους
332 1604 425 1635 ἀὑτὰς
451 1605 651 1640 καθισταμένας
678 1608 734 1638 τοῖς
751 1607 873 1641 στέρνοις

96 1647 185 1675 αὐτῶν
204 1649 252 1674 καὶ
279 1650 334 1681 τοῖς
351 1650 436 1685 ὧμοις
466 1652 648 1686 περικεῖσθαι,
666 1653 714 1680 καὶ
731 1653 802 1680 οὕτω
824 1654 873 1685 τὰς

95 1695 187 1726 πὶλεις
211 1696 393 1731 περιέτρεχον,
419 1697 468 1724 καὶ
495 1699 598 1731 λαῖκοῖς
616 1699 727 1735 ἀνδράσι
755 1701 873 1734 συνῆσαν

96 1740 144 1765 καὶ
156 1741 275 1774 γυναιξὶ,
292 1742 321 1767 τὸ
339 1743 484 1777 μοναχικδν
499 1744 661 1779 ἐπάγγελμα
691 1745 871 1781 καθυϐρίζον-

94 1795 150 1816 τες.
166 1787 276 1818 Τούτοις
293 1788 309 1822 ἡ
326 1788 434 1820 σύνοδος
455 1789 524 1824 αὕτη
539 1792 686 1825 προτάσσει
712 1791 761 1822 τὰς
784 1793 872 1827 κόμας

95 1831 246 1865 κείρεσθαι,
257 1833 304 1859 καὶ
315 1833 343 1860 ἑν
354 1835 545 1869 μοναστηρίοις
559 1836 726 1869 εἰσάγεσθαι,
744 1837 813 1864 ὥστε
827 1847 873 1872 μο-

95 1877 187 1912 ναχοῖς
199 1879 329 1904 συνοικεῖν
343 1887 371 1904 τε
381 1879 425 1905 καὶ
434 1881 574 1906 συνασκεῖν
584 1889 592 1897 ⁸
609 1881 632 1907 εί
645 1882 668 1908 δ’
684 1883 714 1908 οὐ
733 1883 872 1917 βούλονται

95 1923 185 1956 τοῦτο,
208 1923 345 1955 παντελῶς
362 1924 417 1950 τῶν
440 1924 544 1951 πόλεων
560 1927 774 1960 ἀπελαύνεσθαι,
790 1929 833 1955 ἵνα
843 1930 873 1955 ιν

95 1969 209 2004 ἐρήμοις
224 1970 362 2003 διάγωσιν,
380 1971 408 2003 ἐξ
431 1967 468 1997 ὧν
490 1971 539 2006 τὴν
553 1973 711 2006 ἐπωνυμίαν
729 1974 759 2000 τὸ
777 1975 874 2009 ἐρημῖ-

94 2023 139 2041 ται
157 2015 297 2042 καλεῖσθαι
315 2016 422 2047 ἑαυτοῖς
438 2017 637 2045 ἀνεπλάσαντο.
654 2018 691 2044 Οὐ
707 2019 762 2054 γὰρ
783 2018 812 2051 ἐξ
825 2020 873 2045 αὑ-

93 2058 140 2083 τοῦ
155 2058 201 2084 τοῦ
218 2059 379 2093 πράγματος
395 2061 528 2095 ἐσχήκασι
550 2061 599 2095 τὴν
613 2063 780 2097 ἐπωνυμίαν,
802 2064 870 2091 ἀλλὰ

92 2103 199 2137 ψευδῶς
215 2104 316 2140 ταύτην
339 2104 445 2136 ἑαυτοῖς
471 2107 663 2141 ἐπωνόμασαν,
688 2108 735 2135 καὶ
757 2108 869 2144 πλάσμα

96 2150 188 2181 αὐτοῖς
201 2150 232 2176 τὸ
252 2151 346 2185 σχῆμὰ
359 2159 389 2177 τε
407 2152 453 2178 καὶ
469 2151 498 2178 τὸ
511 2152 607 2188 ὄνομα.
640 2160 645 2164 ·

93 2195 202 2222 ΑΡΙΣΤ.
227 2204 236 2220 ι
255 2196 433 2231 Μελανείμων
465 2197 511 2224 καὶ
553 2199 744 2235 ἀκερσεκόμης
769 2200 866 2236 ἑρημί-
882 2199 904 2228 D

131 2251 139 2266 ι
162 2249 222 2273 της,
242 2242 266 2267 εἰ
287 2241 324 2276 μὴ
339 2242 496 2277 κειρόμενος
511 2244 720 2278 ἐγκαταλέγοιτο
734 2246 773 2281 τῷ
788 2247 870 2281 μόνα-

130 2296 138 2312 ι
165 2287 277 2322 στηρίῳ,
294 2288 342 2322 τῆς
358 2288 462 2320 πόλεως
476 2289 678 2318 ἀπελαυνέσθω.
697 2301 706 2317 ι
878 2297 884 2301 ·

128 2335 159 2359 Οἱ
176 2332 224 2363 τὰς
240 2333 331 2364 πόλεις
350 2334 564 2368 περιτρέχοντες,
577 2335 614 2366 ὡς
628 2335 708 2370 δῆθεν
728 2337 868 2371 ἐρημῖται,

93 2379 141 2405 καὶ
159 2379 208 2409 τὰς
220 2378 340 2413 κεφαλὰς
354 2379 503 2413 κομῶντες,
531 2381 578 2406 καὶ
597 2379 866 2416 μελανειμονοῦντες.

90 2425 106 2459 ἢ
127 2425 167 2455 εἰς
180 2425 357 2459 μοναστήριον
367 2425 472 2459 εἰσερχέ
479 2425 596 2457 σθωσαν,
607 2426 654 2458 τὰς
665 2426 760 2461 τρίχας
775 2429 866 2463 κειρό-

92 2479 179 2505 μενοι,
198 2470 246 2496 καὶ
259 2470 289 2496 τὺ
301 2470 395 2504 σχῆμα
408 2470 462 2496 τῶν
475 2470 576 2497 λοιπῶν
598 2472 722 2507 μοναχῶν
739 2474 868 2508 ἀναδεχό-

91 2523 177 2550 μενοι·
198 2515 213 2550 ἢ
232 2516 256 2541 εί
272 2514 309 2550 μὴ
324 2514 402 2541 τοῦτο
428 2514 584 2549 αἱροῦνται,
613 2516 668 2543 τῶν
696 2518 798 2544 πόλεων
813 2519 865 2544 ἁπ-

88 2560 305 2592 ε).αυνέσθωσαν,
326 2559 370 2586 ἵνα
393 2559 473 2595 μὴτὸ
487 2561 594 2595 οἰκεῖον]
614 2561 774 2597 ἐπάγγελμα
798 2564 864 2590 καθ-

89 2606 239 2640 υὸρῐζωσι·
261 2606 307 2632 καὶ
323 2605 371 2636 τὰς
386 2607 504 2641 ἐρημίας
527 2606 694 2640 οίκείτωσαν,
711 2609 739 2641 ἐξ
764 2606 801 2635 ὧν
817 2609 864 2636 καὶ

87 2652 138 2686 τὴν
152 2651 310 2686 ἐπωνυμίαν
323 2651 481 2685 ἐκτήσαντο.

966 409 1063 441 BALS.
1083 414 1241 450 Complures
1263 418 1353 452 populi
1380 420 1546 452 suductores.
1562 423 1642 450 urbes
1657 424 1709 451 ob-

932 463 1041 492 euntes,
1057 460 1207 489 induuntur
1223 463 1307 498 nigris
1325 465 1461 496 vestibus.
1476 471 1502 493 et
1519 472 1582 495 sunt
1593 468 1708 497 intonsis

932 505 1049 537 capillis,
1062 506 1196 540 jejunium
1210 516 1241 535 ac
1256 510 1407 544 silualorein
1422 520 1475 545 pra:
1491 521 1519 541 se
1535 510 1663 545 ferentes.
1681 519 1709 543 et

931 549 1115 584 simpliciores
1131 551 1317 586 decipientes,
1337 562 1369 582 ae
1390 557 1577 585 monachalem
1605 559 1709 593 profes-

931 594 1036 623 sionem
1066 597 1164 632 injuria
1191 599 1349 628 allicientes.
1381 602 1419 629 Ac
1448 602 1569 630 nonnulli
1598 602 1707 638 quidem

931 648 1037 674 eorum,
1051 651 1104 670 una
1117 651 1178 671 cum
1195 644 1263 673 viris
1281 646 1358 674 lalcis
1373 648 1586 685 mulieribusque
1599 652 1709 678 vei-san-

931 691 982 719 tes,
1000 693 1027 716 et
1044 689 1070 716 in
1088 690 1176 719 triviis
1190 693 1365 721 daemoniacis
1381 693 1515 724 doctrinis
1533 697 1709 726 circumstre-

931 735 1035 767 pentcs,
1045 743 1093 769 pro
1102 738 1201 771 popqu
1211 739 1304 773 utique
1314 741 1471 773 precantur,
1484 746 1511 768 et
1521 743 1706 777 paenitentiam

931 780 1090 814 priedicant.
1107 782 1157 809 Alii
1173 791 1239 811 vero
1253 785 1346 812 dicunt
1363 793 1392 812 se
1409 786 1452 812 Dei
1465 786 1546 820 jussu
1562 795 1593 814 ex
1611 789 1708 815 solitu-

930 825 994 853 dine
1009 826 1036 853 in
1053 827 1179 855 civitates
1194 829 1312 862 venisse,
1327 835 1356 857 ut
1373 830 1463 858 futura
1476 832 1596 866 qmedam
1610 833 1709 867 prmdi-

929 876 991 898 cant
1010 882 1016 900 :
1037 873 1064 900 et
1083 874 1294 907 simplicioribus
1313 876 1382 902 bona
1397 877 1521 910 quiedam
1538 879 1708 911 impudenter

929 919 1110 951 pollicentur,
1129 920 1196 947 lucri
1213 925 1239 947 et
1257 922 1427 949 mercimonii
1447 923 1543 957 gratia.
1567 922 1628 952 Ιιιεο
1643 927 1708 960 ergo

929 958 1058 1000 synodus.
1074 967 1180 998 statuit,
1207 972 1235 993 ut
1259 968 1299 994 eis
1320 975 1405 995 eorum
1431 969 1604 1000 tondeantur.
1626 975 1653 997 et
1677 958 1706 998 in

928 1012 1092 1039 monasteria
1118 1013 1338 1046 introducantur,
1362 1019 1391 1041 ut
1416 1015 1596 1042 monasticam
1620 1017 1646 1043 in
1667 1018 1707 1044 eis

927 1056 1010 1083 vitam
1025 1061 1116 1092 agant.
1138 1058 1185 1084 Sin
1207 1063 1295 1085 autem
1313 1059 1363 1086 hoc
1382 1061 1480 1092 nolint,
1501 1065 1531 1088 ut
1544 1070 1576 1088 ex
1594 1062 1706 1090 urbibus

927 1101 1108 1136 expellantur,
1130 1110 1184 1137 quo
1207 1103 1233 1130 in
1249 1105 1348 1131 eremis
1364 1112 1422 1131 eam
1447 1105 1553 1132 vivendi
1571 1107 1704 1133 rationem

927 1153 1139 1182 persequantur.
1160 1157 1240 1182 quam
1262 1149 1329 1181 sibi,
1348 1158 1401 1177 non
1418 1159 1450 1178 ex
1469 1152 1592 1184 veritate,
1612 1153 1656 1179 sed
1672 1159 1705 1180 ex

928 1194 1034 1221 fallacia
1060 1199 1087 1221 et
1102 1202 1206 1221 movum
1229 1195 1411 1230 improbitate.
1432 1198 1596 1225 confinxere.
1614 1198 1705 1233 Neque

927 1241 998 1268 enim
1014 1241 1041 1268 in
1064 1247 1156 1267 eremo
1177 1244 1285 1276 propter
1310 1243 1407 1269 anime
1422 1243 1537 1270 salutem
1556 1244 1706 1271 habitavisa

925 1289 997 1317 seat,
1010 1286 1031 1313 si
1045 1286 1115 1313 hanc
1127 1287 1216 1320 reipsa
1232 1288 1385 1315 necessario
1399 1289 1562 1322 tenuissent,
1575 1290 1607 1316 ad
1622 1291 1706 1318 urbes

926 1333 1056 1360 accedere
1074 1340 1129 1359 non
1145 1334 1282 1360 concessi.

960 1422 1085 1449 ZONAR.
1103 1423 1249 1457 Antiquum
1267 1423 1318 1450 hoc
1333 1426 1432 1451 malum
1448 1430 1500 1454 est.
1517 1425 1543 1452 in
1562 1423 1702 1452 homirium

925 1470 1081 1505 pectoribus
1101 1470 1136 1496 ab
1157 1470 1215 1504 ipso
1239 1471 1371 1497 malorum
1399 1472 1520 1498 omnium
1540 1476 1652 1499 auctore
1674 1475 1703 1500 et.

926 1521 1034 1552 parente
1047 1517 1263 1544 disseminatum.
1277 1516 1346 1544 Olim
1360 1513 1468 1552 quoque
1484 1517 1566 1552 igitur
1581 1526 1633 1544 non
1649 1519 1696 1546 de-

924 1562 1009 1593 fuere,
1025 1563 1070 1597 qui
1088 1563 1165 1596 nigro
1181 1563 1293 1594 amictu,
1310 1570 1443 1597 comaque
1463 1570 1635 1598 nequaquam
1653 1564 1702 1591 des

924 1612 1013 1640 tonsa,
1029 1608 1075 1635 sed
1093 1609 1118 1634 in
1133 1608 1273 1635 cincinnos
1289 1607 1367 1649 plexa
1385 1614 1411 1635 et
1430 1609 1540 1640 intorta,
1558 1609 1584 1636 in
1603 1614 1696 1644 pectus

924 1654 1107 1688 humerosquc
1121 1653 1265 1686 defluente,
1284 1654 1319 1680 ita
1336 1654 1444 1681 demum
1462 1655 1542 1682 urbes
1557 1657 1702 1689 pervolita-

923 1704 994 1732 rent,
1009 1704 1107 1727 etcum
1120 1699 1199 1726 laicis
1211 1699 1276 1726 viris
1288 1700 1390 1735 pariter
1400 1708 1432 1727 ac
1445 1699 1562 1729 feminis.
1576 1708 1628 1727 non
1642 1702 1701 1729 sine
1718 1731 1724 1737 ν

924 1745 1023 1781 injuria
1039 1746 1194 1773 monasticae
1209 1747 1385 1781 professionis
1402 1754 1433 1774 ac
1449 1747 1576 1779 instituti,
1591 1748 1700 1775 assidue

923 1796 1102 1820 versarentur.
1122 1791 1175 1819 Eos
1201 1792 1283 1826 igitur
1304 1793 1428 1819 homines
1448 1792 1560 1819 detonsa
1578 1800 1653 1820 conia
1673 1793 1699 1820 iu

924 1839 1088 1865 monasteria
1104 1838 1214 1869 deduci,
1231 1838 1322 1872 ibique
1337 1844 1399 1864 cum
1420 1837 1560 1863 monachis
1572 1837 1700 1884 degentes

923 1884 1016 1911 eadem
1032 1884 1091 1911 vitae
1103 1885 1194 1911 munia
1215 1884 1290 1911 obire
1307 1892 1314 1910 :
1330 1883 1401 1918 quod
1417 1883 1438 1910 si
1459 1884 1511 1910 hoc
1526 1891 1577 1909 non
1592 1884 1696 1915 volunt,

927 1931 1039 1957 omnino
1069 1939 1102 1957 ex
1124 1931 1237 1958 urbibus
1258 1929 1375 1963 extrudi,
1394 1937 1425 1956 ac
1448 1929 1475 1956 in
1492 1928 1602 1959 eremis,
1619 1929 1700 1964 209

923 1976 995 2002 unde
1017 1976 1190 2003 eremitarum
1207 1976 1258 2002 sibi
1292 1975 1388 2002 falsum
1409 1983 1508 2002 nomen
1533 1977 1698 2006 asciverant,

924 2022 1037 2056 relegari
1059 2022 1179 2056 synodus
1194 2021 1282 2055 jubet.
1301 2021 1357 2047 Nec
1379 2021 1450 2047 enim
1470 2028 1567 2047 nomen
1586 2021 1649 2047 illud
1664 2028 1696 2047 ex

923 2076 987 2094 vero
999 2068 1124 2099 ductum,
1144 2067 1191 2094 sed
1209 2066 1281 2101 quod
1298 2066 1410 2093 sibimet
1435 2067 1486 2101 ipsi
1511 2066 1579 2093 falso
1595 2066 1699 2094 indide—

924 2118 995 2143 rant;
1015 2120 1077 2140 cutn
1103 2113 1196 2140 habitu
1213 2112 1335 2140 mendaci
1357 2120 1453 2139 nomen
1473 2119 1582 2147 quoque
1607 2112 1697 2140 [ictum

924 2159 1053 2186 habuere.

917 2204 1029 2232 ARIST.
1048 2213 1057 2230 ι
1074 2204 1190 2231 Ercmita
1201 2204 1286 2238 nigris
1299 2204 1420 2231 vestibus
1431 2203 1553 2235 indutus,
1566 2207 1593 2230 et
1604 2209 1696 2230 comas

950 2259 958 2275 ι
978 2258 1030 2276 non
1046 2250 1187 2281 detonsus,
1206 2249 1257 2276 nisi
1275 2249 1406 2276 detonsus
1423 2250 1589 2277 monasterio
1608 2249 1696 2276 inelu-

955 2307 964 2321 «
986 2297 1075 2328 datur,
1094 2297 1160 2323 urbe
1175 2297 1338 2329 expellatur.
1359 2305 1369 2322 ι

953 2342 1005 2374 Qui
1026 2342 1108 2369 urbes
1131 2346 1305 2376 percurrunt,
1335 2347 1363 2369 ut
1386 2342 1491 2370 scilicet
1514 2342 1645 2374 eremiuc,
1668 2343 1695 2370 ct

918 2389 1034 2422 capitum
1049 2395 1154 2414 comam
1166 2388 1339 2420 nutriunt,et
1352 2388 1436 2423 nigris
1448 2389 1597 2416 induuntur
1611 2388 1695 2415 vesti-

917 2434 979 2465 bus,
1005 2433 1046 2460 vel
1072 2433 1268 2460 monasterium
1295 2434 1488 2469 ingrediantur,
1508 2435 1623 2469 capillos
1646 2434 1695 2461 dei

917 2479 999 2511 tonsi,
1019 2483 1047 2506 et
1066 2479 1232 2514 reliquorum
1254 2480 1448 2507 monachorum
1472 2480 1592 2507 habitum
1609 2479 1694 2507 suscis

917 2523 1033 2559 pientes,
1045 2524 1086 2550 vel
1100 2523 1122 2550 si
1137 2525 1187 2551 hoc
1199 2531 1251 2551 non
1263 2524 1403 2559 elegerint,
1416 2525 1528 2552 urbibus
1538 2525 1691 2559 abiganturt

917 2577 951 2597 ne
975 2568 1137 2604 professioni
1160 2577 1215 2597 suae
1240 2569 1366 2604 injuriam
1392 2570 1493 2596 faciant
1516 2578 1524 2596 :
1545 2574 1573 2597 et
1586 2572 1692 2597 eremos'

917 2615 1079 2648 inhabitent,
1093 2623 1109 2643 e
1127 2615 1226 2650 quibus
1244 2621 1272 2644 et
1286 2623 1385 2644 nomen
1402 2616 1489 2643 sortiti
1508 2619 1582 2643 sunt.

694 2711 792 2743 Guill.
815 2713 978 2755 Beveregii
991 2720 1084 2748 notae.

123 2760 180 2796 (28)
193 2761 246 2787 Kal
270 2760 333 2793 τοῖς
357 2760 499 2795 ἀδελφοῖς
531 2761 790 2796 ἐγκαταλέγεσθαι.
817 2762 857 2792 ita

85 2797 198 2832 quidem
209 2803 304 2822 omnes
318 2797 410 2857 legunt
421 2796 537 2828 codices,
550 2802 646 2831 praeter
660 2797 854 2837 Amerbachia-

87 2838 166 2857 num.
188 2830 234 2857 cui
258 2830 320 2857 lceit
358 2831 585 2857 γκαταλέγεσθαι.
607 2831 641 2857 Ut
655 2838 736 2857 sensu
752 2836 788 2857 sit
802 2841 854 2857 una

87 2830 166 2865 tium,
188 2830 234 2866 qui
258 2830 320 2865 legit
342 2830 585 2866 ἑγκαταλέγεσθαι.
607 2831 641 2860 Ut
655 2838 736 2859 sensu
752 2833 788 2860 sit
802 2841 855 2860 una

909 2767 1036 2801 fratribus
1051 2768 1172 2804 includi,
1193 2768 1245 2796 viz.
1268 2767 1294 2795 in
1315 2768 1489 2799 monasterio,
1510 2767 1543 2796 dc
1573 2776 1626 2804 quo
1647 2769 1689 2797 hi!
1710 2780 1712 2782 ν

909 2809 998 2831 sermo
1014 2803 1138 2831 habetur.
