1941 3093
32 8 608 28 “ﬁ...
652 16 889 25 _-~-7,r-~:

141 99 189 134 θαι

141 156 187 182 θεν
213 153 319 181 δλισθον
345 154 502 190 κωλύσομεν
513 163 520 170 ⁴
546 155 622 181 ἔσται
637 155 725 189 πολλῴ
741 155 814 191 ῥᾴων
829 164 857 185 τε
876 155 921 181 καὶ

142 200 313 234 εὐκολωτέρα
327 201 382 231 τοῖς
399 200 481 236 ἱεροῖς
497 201 660 234 ἀγωνισταῖς
673 201 688 235 ἡ
703 200 749 226 τοῦ
767 200 919 235 κρείττονος

143 246 200 281 βίου
215 246 395 281 κατόρθωσις.
412 247 515 278 Πάντες
530 247 618 273 τοίνυν
634 246 700 282 τῷδε
716 246 754 280 τῷ
769 247 842 281 νόμῳ
858 255 919 271 πει-

142 292 347 324 θέσθωσαν,καὶ
364 293 430 327 μήτε
442 293 537 328 ἄνδρες
548 293 771 320 ἀποτιθέσθωσαν
787 293 815 319 ἐν
829 301 921 324 γυναι-

142 338 224 366 κείων
240 338 426 374 μοναστηρίων
439 338 541 372 τάφοις,
557 340 626 374 μήτε
642 340 770 373 γυναῖκες
783 332 920 373 ἆνδρικοίς

144 385 336 420 μοναστηρίοις
359 386 628 420 κατορυττὲσθωσαν.
655 386 720 412 Οὐδὲ
737 385 790 420 γὰρ
808 386 919 422 ἀνδίῖᾲσι

143 431 361 465 γυναικωνίτιδες
376 431 608 465 πρέπουσιν,οΰτε
625 432 701 462 αὖθις
716 432 850 467 ἀνδρῶνες
864 433 920 463 τοῖς

142 477 197 504 τῶν
219 477 356 511 γυναικῶν
381 478 551 514 καταλόγοις,
568 479 634 504 Οὐδὲ
651 478 775 504 ἐντεῦθεν
798 478 843 504 διὰ
857 478 920 509 τοὺς

143 524 354 558 τελευτήσαντας
369 525 425 555 τοῖς
439 523 564 558 περιοῦσι
579 524 626 556 τὰς
642 525 799 559 ἀσχήμονας
815 523 919 555 ταύτας

143 569 278 603 ὲπιμίξεις
291 568 412 603 γίνεσθαι
422 569 581 605 ’βουλόμεθα
594 578 601 585 ³
626 569 669 596 ἵνα
691 570 729 604 μὴ
746 570 862 605 πάροδος
877 571 920 596 ὲν-

141 613 236 640 τεῦθεν
253 614 364 649 γένηται
378 616 410 650 τῇ
427 614 506 649 φύσει
521 615 589 650 πρὸς
605 615 717 650 ἑαυτὴν,
743 615 760 642 ἃ
785 616 821 651 μὴ
841 615 919 649 θέμις

141 661 247 696 τρυφᾷν
269 669 298 687 τε
322 661 367 687 καὶ
391 661 511 693 παίζειν⁹
526 662 572 688 καὶ
598 661 632 688 τὰ
648 661 707 688 θεῖα
731 662 919 698 καταισχύνειν

142 706 303 741 πράγματα.
320 707 367 733 καὶ
385 707 526 739 εὐσεϐείας
539 708 620 742 δῆθεν
636 707 850 744 προκαλύμματι
874 708 920 734 καὶ
937 740 939 743 τ

140 752 179 787 τῷ
201 753 249 788 τῆς
265 752 341 784 ὁσίας
365 754 486 790 σχήματι
501 754 590 780 ταῦτα
607 754 748 789 πράττειν,
763 753 835 790 ἅπερ
860 754 919 780 οὐδὲ

140 797 229 831 λέγειν
244 798 305 829 οὐδὲ
317 789 416 824 ἐννοεῖν
430 800 486 830 τοῖς
503 799 608 834 μονήρη
623 799 680 834 βίον
697 798 812 825 ἀσκοῦσι
826 799 918 825 καλόν.

148 844 265 871 Ἐκεινου
281 844 308 870 δὲ
323 844 394 870 οὕτω
411 844 529 878 φανεροῦ
546 844 632 876 ὄντος,
648 844 755 879 ἀνάγκη
766 844 919 879 καθέστηκε

141 889 204 920 τοὺς
217 889 276 920 ταῖς
290 890 387 923 ταφαῖς
400 889 651 924 ὖπηρετουμένους.
664 889 711 925 καὶ
726 889 844 924 μάλιστα
858 890 921 920 τοὺς

139 933 189 968 τὴν
207 934 302 968 κλίνην
318 934 461 969 φέροντας,
471 934 533 966 τούς
546 943 575 960 τε
591 933 764 970 ὁρύττοντας,
780 934 920 969 εἰσφοιτᾷν

141 979 180 1010 είς
193 979 229 1006 τὰ
242 980 423 1016 μοναστήρια.
436 980 489 1006 Καὶ
504 981 533 1005 ὲν
556 979 606 1014 μὲν
630 981 685 1011 τοῖς
710 980 848 1014 ἀνδρικοῖς
874 988 921 1015 μο-

141 1026 297 1060 ναστηρίοις
320 1026 351 1052 τὺ
368 1027 485 1061 πρᾶγμα
511 1026 621 1053 εὔκολόν
646 1027 731 1058 ἐστιν,
756 1027 785 1052 ἐν
809 1026 837 1052 δὲ
865 1027 921 1057 τοῖς

142 1071 306 1105 γυναικείοις
332 1071 381 1106 οὐχ
407 1071 493 1100 οὕτως
510 1071 555 1097 διὰ
571 1071 620 1106 τὴν
645 1072 792 1107 εἰρημένην
818 1071 922 1104 ἀπαγό-

144 1125 248 1152 ρευσιν.
269 1117 439 1151 Θεσπίζομεν
454 1117 554 1149 τοίνυν,
571 1116 599 1143 εί
613 1125 676 1143 ποτε
694 1116 784 1151 μέλλοι
802 1116 921 1143 τοιοῦτον

145 1161 280 1196 γίνεσθαι,
305 1163 350 1188 καὶ
367 1161 517 1189 θάπτεσθαί
533 1170 574 1193 τις
592 1161 659 1197 γυνὴ
674 1163 702 1188 ὲν
714 1162 861 1197 γυναικείῳ
874 1171 921 1196 μο-

142 1206 281 1241 ναστηρίῳ
295 1206 405 1241 (ἄνδρας
420 1207 475 1241 γὰρ
492 1206 541 1232 οὐκ
557 1205 690 1241 ἐφίεμεν),
706 1207 754 1238 τὰς
771 1207 819 1241 μὲν
843 1207 924 1233 εὐλα-

143 1251 275 1282 ϐεστάτας
286 1252 418 1285 γυναῖκας
428 1251 458 1277 ἐν
468 1249 507 1286 τῷ
521 1251 613 1285 οἰκείῳ
628 1251 920 1287 μένεινλμοναστηρίῳι

144 1297 228 1332 μόνην
244 1296 272 1323 δὲ
296 1296 345 1327 τὴν
368 1296 490 1332 θυρωρὸν
514 1296 530 1332 ἢ
554 1297 603 1327 τὰς
627 1296 779 1332 θυρωροὺς,
803 1299 848 1324 καὶ
873 1298 922 1332 τὴν

142 1341 297 1376 ἡγουμένην
313 1342 377 1380 ῐσῳς
392 1341 486 1378 αὐτὴν,
504 1342 528 1368 si
546 1341 702 1377 βουληθείη,
719 1343 849 1377 παρεῖναι
864 1344 920 1375 τοῖς

144 1388 308 1422 γινομένοις·
327 1387 374 1414 καὶ
390 1387 486 1414 Θᾶττον
502 1387 622 1420 ἐκείνους
638 1388 795 1423 πράξαντας
810 1389 844 1416 τὰ
859 1390 922 1424 περὶ

143 1432 192 1466 τὴν
209 1432 284 1458 ὁσίαν
300 1431 493 1466 νενομισμένα,
511 1433 558 1459 καὶ
582 1433 629 1459 τὸν
651 1433 735 1467 τάφον
760 1433 920 1469 ὀρύξαντας,

145 1477 235 1503 καὶτὸ
248 1478 326 1512 σῶμα
342 1477 527 1512 καλύψειν-τας,
544 1478 624 1510 εὐθὺς
639 1479 793 1514 ἀποχωρεῖν
809 1479 848 1515 μὴ
875 1489 920 1506 τε-

143 1522 289 1557 θεαμένους
302 1523 377 1554 τινὰς
387 1523 444 1554 φῶν
459 1523 662 1551 εὑλαὸεστάτων
676 1525 822 1559 γυναικῶν,
840 1527 911 1560 μήτε

144 1568 220 1602 παρά
242 1576 322 1594 τινων
336 1568 425 1594 αὐτῶν
442 1569 598 1599 Θεαθέντας.
620 1569 700 1597 Ἀλλὰ
716 1570 784 1606 μηδὲ
801 1561 921 1598 ἐπινοεῖ-

142 1623 232 1641 τωσαν
249 1615 385 1649 πρόφασιν
399 1615 415 1649 ἢ
432 1615 527 1651 ἄνδρες
542 1616 596 1642 τῶν
619 1616 660 1648 εἰς
676 1618 820 1651 γυναικεῖα
836 1626 920 1652 μονα-

143 1661 241 1696 στήρια
260 1660 395 1696 παρόδων,
411 1661 427 1696 ἢ
444 1662 571 1695 γυναῖκες
583 1661 636 1687 τῶν
663 1662 792 1697 ἀνδράσιν
816 1663 921 1698 ἀφωρι-

144 1705 260 1739 σμένων,
275 1705 323 1731 καὶ
337 1705 471 1740 προφάσει
486 1706 540 1731 τῶν
558 1707 622 1741 περὶ
637 1706 687 1741 τὴν
710 1707 785 1733 ὁσίαν
803 1715 921 1742 πραττο-

144 1753 252 1785 μένων·
277 1750 311 1782 ἂς
334 1750 366 1787 δὴ
390 1753 502 1786 μνήμας
524 1752 657 1784 ποιοῦσιν,
683 1753 723 1784 είς
747 1753 842 1788 τρίτην
872 1755 920 1781 καὶ

142 1797 256 1829 ὲννάτην
280 1797 414 1829 συνιόντες
438 1797 587 1833 ήμὲρας,ἢ
611 1798 692 1833 ἡνίκα
714 1799 919 1834 τεσσαράκοντα

142 1843 274 1878 ἐξήκοιεν,
292 1842 308 1878 ἢ
326 1843 379 1869 ,καὶ
394 1843 532 1874 ἐνιαυτός·
560 1843 630 1876 ten,
647 1844 671 1870 si.
699 1846 747 1880 μὲν
765 1847 920 1879 γυναικεῖον

142 1889 185 1923 εῐη
197 1889 228 1914 τὸ
243 1889 433 1923 μοναστήριον,
448 1890 581 1922 γυναῖκας
591 1890 704 1920 ,ἅπαντα
722 1891 868 1924 πράττειν·
895 1893 920 1918 ει

141 1934 170 1961 δὲ
186 1933 317 1969 ἀνδρῷον,
335 1933 448 1968 ἄνδρας·
465 1934 511 1960 καὶ
524 1934 562 1969 μὴ
577 1934 710 1969 προφάσει
725 1936 778 1962 τῶν
793 1935 920 1963 τοιούτων

141 1979 359 2015 παρατηρήσεων
379 1978 485 2010 ἀδοξίαν
502 1979 563 2006 τινὰ
580 1981 636 2011 τοῖς
652 1980 763 2014 εὐαγέσι
782 1989 920 2017 μοναστη-

142 2025 211 2060 ρίοις
224 2025 444 2059 προστρίϐεσθαι.

176 2070 297 2097 ΖΩΝΛΡ.
314 2070 416 2101 Παντὸς
441 2068 590 2096 σκανδάλου
606 2070 777 2105 ἀπηλλάχθαι
799 2071 813 2097 ὀ
830 2070 919 2098 κανὼν

140 2116 201 2151 οὐχὶ
225 2116 287 2147 τοὺς
315 2115 437 2150 ἁσκητὰς
467 2115 595 2147 ἀπαιτεῖ,
624 2115 693 2142 ἀλλὰ
717 2119 780 2148 τοὺς
807 2116 919 2148 πιστοὺς

140 2162 273 2191 ἅπαντας,
299 2161 346 2186 καὶ
373 2159 441 2195 μήτε
466 2159 572 2191 ἑαυτοῖς
595 2160 630 2186 δι’
648 2160 749 2195 ἐτέρων
766 2163 919 2196 περιποιεῖν

140 2206 286 2238 σκάνδαλα,
313 2205 376 2240 μήθ’
392 2205 497 2240 ἑτέροις
519 2205 554 2231 δι’
569 2205 684 2237 ἑαυτῶν,
710 2208 773 2239 τοὺς
791 2207 819 2234 δὲ
837 2217 919 2242 μονα-

121 2245 124 2250 “
140 2253 203 2288 χοῦς
218 2251 309 2287 πολλῷ
327 2251 419 2277 πλέον.
435 2250 471 2277 Τὺ
487 2251 515 2277 δὲ
528 2251 558 2276 ὲν
571 2251 719 2286 γυναικείῳ
746 2253 917 2288 μοναστηρίῳ

139 2299 281 2326 καθεύδειν
296 2298 405 2332 ἄνδρας,
419 2297 435 2332 ἢ
450 2297 617 2329 τούναντίον,
634 2297 681 2323 καὶ
697 2298 788 2329 αὐτοῖς
804 2298 917 2330 ἐκείνοις

139 2345 295 2372 σκανδάλων
319 2344 406 2370 αῖτιον
429 2343 508 2369 ἔσται
530 2344 576 2369 καὶ
593 2343 692 2374 ἄλλοις.
708 2344 849 2378 Ἕμφυτον
863 2344 917 2379 γὰρ

139 2392 172 2425 τῇ
191 2390 273 2424 σαρκὶ
288 2389 318 2416 τὸ
335 2389 389 2424 πῦρ
403 2388 434 2414 τὸ
456 2390 488 2414 ἐκ
506 2388 560 2414 τῶν
571 2387 678 2420 παθῶν,
696 2391 741 2415 καὶ
758 2389 835 2424 μόλις
851 2390 917 2424 ἡμῖν

138 2435 206 2470 ὕλης
229 2433 401 2468 ἁναπτούσης
427 2434 493 2460 αὐτὸ
516 2434 610 2472 πόρρω
627 2434 741 2466 ἑαυτοὺς
766 2435 917 2461 καθιστώσι

139 2480 351 2517 μαλθακώτερον
375 2480 472 2514 γένοιτ’
489 2479 531 2505 ἄν.
555 2480 585 2505 El
599 2480 626 2506 δὲ
642 2481 720 2515 ἡμεῖς
734 2480 808 2516 αὐτῷ
826 2489 917 2516 παρα-

141 2527 266 2561 ειθέαμεν
291 2525 503 2560 ὑπεκκαύματα,
518 2524 619 2560 λαῦρον
641 2525 743 2558 ἔσεται,
770 2527 817 2552 καὶ
832 2535 917 2553 χαίτας

138 2573 240 2608 πρήσει
267 2572 304 2603 ὡς
332 2572 427 2606 χόρτον
454 2571 552 2606 ῥᾳδίως
577 2572 661 2606 ἡμᾶς.
692 2572 724 2598 Τί
742 2571 763 2598 δ’
780 2572 812 2598 ἂν
841 2572 917 2598 ἔσται

136 2618 250 2653 ἀνδράσι
267 2618 334 2651 πρὸς
350 2618 380 2644 τὸ
398 2618 446 2652 τῆς
462 2616 611 2651 ἐπιθυμίας
627 2617 681 2653 πῦρ
696 2617 917 2654 δραστικὼτερον

137 2665 303 2699 ὑπέκκαυμα
316 2665 454 2700 γυναικὸς,
471 2664 487 2700 ἢ
504 2662 628 2697 γυναιξὶν
644 2661 723 2694 αὖθις
737 2663 834 2698 ἀνδρὸς
849 2664 918 2698 πρὸς

135 2710 232 2746 ἔξαψιν
256 2710 306 2745 τῆς
321 2708 447 2742 τοιαύτης
464 2707 572 2741 φλογός.
590 2707 644 2733 Καὶ
659 2707 730 2733 οὕτω
756 2707 805 2742 μὲν
835 2707 917 2742 ἀλλή-

135 2757 194 2788 λοις
221 2756 245 2783 οἱ
274 2756 409 2790 μονασταὶ
437 2755 521 2784 λαϐὰς
552 2753 703 2780 σκανδάλου
728 2753 892 2788 παρέξοσσιν
908 2774 916 2787 ,

135 2802 247 2837 ἑτέρους
270 2801 299 2827 δὲ
321 2801 554 2832 σκανδαλίσουσιν,
577 2799 698 2834 ὁρῶντας
725 2801 859 2835 γυναῖκας
887 2802 917 2828 ἑν

265 2848 402 2878 ΡΑτιιοι..
419 2850 477 2880 Gn.
493 2847 677 2880 CXXXV”.

622 100 662 130 IN
679 100 749 130 CAN
778 99 881 130 XLVII
902 99 1005 129 CONC.
1026 100 1068 130 ΙΝ
1099 101 1258 133 TRULLO.

1399 4 1437 7 «ς
1449 2 1489 9 qr

951 13 1114 25 a;--'w
1166 8 1330 25 Ιςβὲιῧξ
1360 6 1478 19 ’ντί-³

1140 107 1258 148 lULLU.
1697 107 1750 140 6‘32

936 158 957 184 Α
973 155 1079 189 planior
1094 158 1179 184 sacris
1196 159 1433 186 concertatoribus
1455 160 1517 187 vitae
1542 160 1664 190 melioris
1685 170 1750 190 cor-

974 202 1069 228 rectio.
1089 201 1188 230 Omnes
1209 211 1275 239 ergo
1297 204 1335 230 illi
1352 205 1403 240 legi
1433 210 1555 239 pareant,
1571 210 1597 233 et
1615 214 1665 233 nec
1696 207 1751 234 viri

974 247 1000 273 in
1029 247 1172 274 mulierum
1201 251 1428 277 monasteriorum
1454 251 1587 285 sepulcris
1614 260 1750 286 reponan-

973 296 1028 322 tur,
1044 299 1093 319 nec
1107 292 1235 320 mulieres
1260 294 1286 320 in
1304 294 1422 321 virorum
1456 295 1630 322 inluunentur
1648 305 1746 323 meum

943 332 950 340 ⁶
973 337 1073 364 steriis.
1103 337 1195 372 Neque
1224 339 1295 365 enim
1325 340 1391 366 viris
1416 339 1558 376 Gyuzecea,
1576 350 1626 368 nec
1652 350 1748 370 rursus

974 383 1116 410 mulierum
1143 384 1276 418 catalogis
1305 386 1427 412 virorum
1463 386 1617 414 habitacula
1650 395 1752 414 conve-

974 429 1062 455 niunt.
1084 429 1215 461 Ilinc.nec
1235 435 1346 466 propter
1372 431 1516 459 defunctos
1540 433 1684 461 indecoras
1700 434 1750 461 has

973 475 1182 508 eongressiones
1197 483 1212 503 a
1241 478 1437 510 superstitibus
1462 479 1520 505 lieri
1551 471 1693 506 volumus:
1716 487 1750 507 ne

973 529 1004 548 ex
1022 529 1054 548 eo
1071 526 1176 549 natura:
1195 522 1228 549 ad
1262 523 1378 557 seipsam
1404 523 1484 550 detur
1510 524 1609 556 aditus,
1633 531 1661 551 ut
1684 533 1750 559 quo-

973 567 1053 594 modo
1069 575 1121 595 non
1141 568 1181 595 fas
1196 573 1237 595 est
1253 576 1281 595 se
1298 569 1413 596 delicate
1423 575 1500 605 gerat
1511 574 1538 598 et
1554 570 1638 603 ludat,
1654 575 1680 598 et
1706 579 1750 599 res

973 613 1078 641 divinas
1106 614 1205 647 injuria
1234 615 1343 648 alliciat,
1370 621 1396 642 et
1419 616 1527 649 pietatis
1553 618 1648 652 utique
1682 625 1752 652 pra:-

973 663 1048 686 textu
1067 665 1093 686 et
1120 660 1171 687 sub
1198 661 1350 687 sanctitatis
1374 662 1465 696 specie
1481 669 1510 688 ea
1525 666 1598 696 agat,
1627 671 1688 697 qua
1716 670 1750 689 ne

972 704 1062 731 dicere
1079 705 1188 740 quidem
1211 714 1260 732 nec
1275 707 1396 741 cogitare
1415 707 1456 734 las
1469 711 1511 734 est
1527 715 1574 735 eos
1595 708 1640 742 qui
1665 708 1744 735 hone-

973 755 1041 776 stam
1057 750 1139 777 vitam
1164 752 1343 778 monasticam
1371 757 1588 786 persequuntur.
1615 753 1681 780 Cum
1698 753 1751 780 hoc

973 799 1062 821 autem
1076 796 1110 822 sit
1124 800 1261 830 apertum,
1278 804 1391 824 necesse
1406 802 1446 824 est
1461 805 1508 824 eos
1538 798 1584 832 qui
1602 799 1751 832 sepulturis

935 835 955 863 Β
970 840 1136 873 deserviunt,
1154 845 1181 868 et
1196 849 1241 868 eos
1259 843 1377 869 maxime
1396 843 1443 877 qui
1470 843 1571 870 lectum
1602 845 1702 877 feriunt,
1724 847 1752 872 et

934 878 935 881 ¹
951 908 956 911 .
971 886 1016 920 qui
1034 885 1148 919 fodiunt,
1163 887 1196 914 ad
1220 888 1415 914 monasterium
1440 889 1581 916 accedere.
1599 889 1632 915 Et
1655 891 1683 917 in
1710 891 1748 917 vi.

971 938 1064 958 rerum
1080 931 1189 966 quidem
1204 933 1384 960 monasteriis‘
1392 941 1437 960 res
1453 938 1494 960 est
1520 934 1620 966 facilis,
1634 935 1679 962 sed
1695 943 1748 962 non

972 978 1054 1005 sicin
1071 979 1226 1010 mulierum,
1257 984 1367 1013 propter
1396 979 1496 1006 dictam
1523 972 1749 1014 prohibitionem.

972 1024 1125 1052 Statuimus
1157 1024 1259 1059 itaque,
1273 1024 1294 1052 si
1311 1025 1418 1059 quando
1434 1024 1499 1059 quid
1526 1025 1660 1059 ejusmodi
1676 1026 1751 1053 futu-

971 1076 1031 1095 rum
1055 1075 1105 1100 eet,
1121 1073 1148 1096 et
1162 1068 1317 1104 sepeliendo
1332 1070 1368 1096 sit
1382 1070 1480 1096 mulier
1497 1070 1523 1096 in
1541 1069 1588 1096 tali
1604 1071 1749 1098 mulierum

971 1114 1137 1142 monasterio
1150 1114 1251 1150 (virum
1267 1116 1338 1141 enim
1353 1122 1405 1141 non
1421 1115 1603 1150 admittimus)
1628 1122 1657 1142 ut
1685 1117 1750 1143 reli-

971 1161 1133 1195 giosissima:
1162 1160 1272 1195 quidem
1300 1160 1430 1187 mulieres
1453 1160 1481 1186 in
1504 1168 1554 1188 suo
1578 1160 1757 1189 'monasterio

972 1194 1113 1238 maneant;
1127 1194 1183 1231 sola
1204 1209 1294 1231 autem
1312 1205 1422 1232 ostiaria
1440 1205 1482 1232 vel
1501 1206 1619 1233 ostiaria:
1644 1211 1669 1233 et
1693 1207 1750 1240 ipsa

973 1251 1042 1278 forte
1056 1251 1169 1282 rcctrix,
1186 1251 1209 1278 si
1226 1251 1300 1282 velit,
1315 1250 1407 1278 adsint
1425 1252 1458 1279 iis
1484 1259 1545 1286 quae
1560 1253 1648 1279 liunt:
1672 1258 1698 1280 et
1712 1253 1750 1280 illi

972 1303 1034 1324 cum
1050 1296 1166 1331 primum
1191 1296 1264 1331 justa
1283 1302 1310 1324 et
1324 1297 1469 1332 exsequias
1499 1305 1579 1333 quam
1607 1299 1751 1326 celerrime
1784 1312 1786 1314 >

972 1342 1096 1373 fecerint,
1113 1347 1140 1369 et
1156 1343 1311 1377 sepulcrum
1348 1342 1477 1376 foderint,
1507 1351 1661 1378 corpusque
1683 1351 1751 1371 eon-

974 1388 1102 1421 texerint,
1114 1389 1206 1416 statim
1224 1387 1364 1421 recedant,
1379 1397 1430 1416 nec
1442 1390 1505 1417 ullis
1518 1397 1531 1416 a
1548 1397 1577 1417 se
1598 1390 1665 1417 visis
1677 1390 1750 1417 reli-

971 1434 1273 1469 giosissimis’l‘eminis.
1291 1442 1341 1462 nec
1359 1435 1399 1462 eis
1415 1436 1536 1462 vicissim
1555 1435 1588 1463 ab
1614 1436 1676 1464 ullis
1703 1443 1750 1463 ea-

975 1487 1033 1507 rum
1061 1481 1227 1515 conspectis.
1249 1479 1302 1507 Sed
1331 1487 1381 1507 nec
1404 1481 1456 1520 yiri
1479 1481 1562 1508 alium
1597 1482 1751 1516 exeogiteut
1784 1507 1786 1510 .

973 1529 1141 1559 praetextum,
1159 1533 1213 1559 quo
1229 1524 1263 1551 ad
1279 1525 1422 1552 mulierum
1432 1526 1596 1552 monasteria
1608 1526 1749 1558 accedant,

971 1570 1012 1598 vel
1041 1570 1170 1598 mulieres
1195 1570 1229 1598 ad
1261 1571 1427 1598 monasteria
1460 1579 1520 1606 quae
1537 1572 1601 1598 viris
1626 1572 1751 1600 dedicata

970 1613 1044 1649 s‘unt,
1065 1617 1098 1643 ab
1113 1617 1225 1644 obtentu
1250 1624 1344 1644 eorum
1360 1624 1421 1652 qum
1437 1617 1464 1643 in
1482 1617 1620 1652 exsequiis
1632 1617 1751 1651 etjustis

972 1666 1079 1689 mortuo
1105 1662 1257 1697 praebendis
1269 1662 1356 1694 llunl;
1373 1666 1403 1688 ut
1424 1661 1470 1696 qui
1483 1669 1576 1688 eorum
1592 1663 1749 1690 inemoriam

969 1708 1083 1740 faciunt,
1098 1709 1177 1735 tertio
1192 1712 1219 1735 et
1229 1715 1302 1735 nono
1315 1707 1359 1734 die
1370 1708 1573 1740 convenientes,
1589 1709 1631 1735 vel
1641 1715 1749 1743 quanoc

969 1753 1148 1789 quadraginta
1163 1753 1223 1780 dies
1240 1753 1377 1786 venerint,
1394 1753 1435 1780 vel
1460 1753 1542 1780 etiam
1560 1760 1661 1786 annus,
1687 1762 1749 1781 cum

970 1800 1050 1827 liceat
1067 1799 1177 1834 quidem
1195 1799 1366 1831 mulieribus,
1383 1799 1406 1826 si
1431 1799 1577 1826 mulierum
1595 1800 1630 1827 sit
1657 1808 1752 1833 mona-

969 1846 1094 1877 sterium,
1113 1845 1203 1872 omnia
1218 1844 1326 1877 facere;
1346 1845 1387 1872 sin
1405 1850 1494 1872 autem
1511 1845 1643 1878 virorum,
1663 1846 1749 1878 viris;

969 1896 996 1918 et
1014 1899 1068 1918 non
1084 1891 1176 1917 talium
1188 1890 1413 1918 observationum
1427 1895 1557 1925 praetextu
1575 1893 1677 1920 sanctis
1694 1899 1752 1919 ιιιο‹

970 1937 1098 1964 nasteriis
1113 1937 1232 1972 aliquam
1248 1935 1367 1963 infamia:
1381 1942 1472 1963 notam
1488 1936 1608 1964 inurere.

1005 2059 1134 2094 ZONAR.
1147 2066 1319 2094 Olfensrones
1335 2073 1431 2094 omnes
1448 2070 1476 2094 et
1490 2067 1620 2094 scandala
1633 2068 1746 2101 evitare.

969 2121 1057 2149 neque
1072 2113 1113 2140 vel
1130 2121 1162 2140 ex
1180 2113 1240 2140 aliis
1255 2113 1311 2140 sibi
1326 2114 1455 2147 peccandi
1483 2114 1644 2141 occasiones
1672 2123 1747 2149 qua:-

935 2168 1043 2197 Drere,
1065 2159 1108 2186 vel
1137 2159 1199 2185 aliis
1229 2159 1281 2193 ipsi
1311 2158 1444 2193 praebere,
1477 2166 1530 2186 non
1560 2164 1670 2192 aseetm,
1700 2161 1749 2188 sed

970 2213 1065 2233 omnes
1088 2205 1197 2239 quidem
1215 2204 1276 2231 lldei
1295 2204 1433 2239 mysteriis
1448 2205 1563 2236 initiati,
1577 2205 1749 2240 proinileque

970 2251 1055 2279 multo
1069 2250 1156 2285 magis
1171 2250 1299 2276 monachi
1314 2250 1365 2276 hoc
1379 2257 1484 2277 canone
1512 2251 1653 2285 jubentur.
1670 2251 1748 2285 Quod

969 2297 992 2325 si
1010 2297 1038 2324 in
1053 2296 1227 2323 monasteriis
1243 2296 1388 2322 mulierum
1408 2296 1458 2323 viri
1493 2285 1669 2331 pernoctent,
1697 2303 1745 2325 aut

968 2346 1076 2374 contra,
1102 2343 1128 2368 in
1147 2347 1261 2371 eo,tum
1283 2341 1406 2374 ipsorum
1434 2341 1481 2376 qui
1507 2341 1532 2367 id
1556 2342 1662 2369 iaciunt
1691 2349 1749 2370 tum

968 2389 1081 2416 aliorum
1097 2395 1216 2422 queque,
1235 2387 1414 2414 ollensionem
1434 2387 1554 2422 aliquam
1580 2389 1750 2416 interi-edere

969 2426 1080 2462 necesse
1092 2438 1145 2460 est.
1161 2433 1243 2460 Carui
1259 2434 1331 2459 enim
1345 2433 1456 2460 innatus
1471 2438 1513 2460 est
1538 2435 1621 2461 auiini
1639 2442 1747 2473 pertur-

969 2480 1106 2508 bationum
1122 2479 1203 2514 ignis,
1222 2479 1304 2509 et.vix
1340 2479 1430 2511 nobis,
1460 2481 1552 2513 procul
1579 2489 1592 2506 a
1622 2483 1748 2510 materia.

968 2533 1028 2561 quae
1043 2533 1104 2552 eum
1120 2525 1254 2557 accendit,
1285 2530 1394 2552 nosmet
1419 2526 1654 2553 conslilucntibus
1673 2527 1745 2552 debi-

969 2572 1020 2599 lior
1037 2571 1093 2598 liat.
1111 2570 1187 2603 Quod
1206 2571 1229 2597 si
1248 2573 1331 2597 etiaul
1359 2571 1480 2598 fomitem
1508 2571 1615 2605 ipsimet
1643 2572 1745 2604 iugi-ra-

969 2625 1038 2649 Inus,
1056 2617 1203 2644 invalescet
1220 2617 1419 2649 vehementius,
1452 2625 1559 2651 nosque
1573 2617 1647 2643 nullo
1665 2625 1747 2650 nego-

969 2663 1008 2690 tio
1027 2662 1094 2689 [mili
1111 2662 1251 2697 stipulare
1263 2663 1349 2688 instar
1364 2663 1500 2688 absumet.
1528 2662 1596 2693 Quid
1619 2670 1701 2695 porro
1716 2663 1748 2688 ad

968 2710 1128 2745 cupiditatis
1142 2711 1167 2737 in
1190 2710 1301 2736 homine
1335 2709 1471 2735 ﬂammam
1499 2711 1671 2736 excitandam
1689 2718 1747 2736 mu-

968 2756 1034 2784 liere
1049 2755 1262 2782 vehementius?
1276 2755 1338 2789 quid
1357 2754 1488 2786 vieiSsim,
1510 2760 1538 2780 ut
1565 2754 1743 2783 inﬂammctut

969 2802 1021 2830 hoc
1036 2802 1096 2837 igne
1114 2801 1222 2834 mulier,
1240 2801 1349 2827 homine
1366 2799 1568 2832 periculosius?
1587 2799 1671 2828 Erunt
1698 2803 1748 2838 i5i~

1564 2846 1600 2875 22
