1941 3093
217 79 271 109 653
459 108 464 112 _
838 74 975 104 THEOD.
1002 73 1200 104 BALSAMON
1768 72 1822 104 684

217 138 326 160 tnrlum
343 131 394 159 sibi
407 130 592 164 invicem,’qui
621 130 648 156 in
677 129 850 156 monasteriis
878 115 990 164 degunt,

1052 128 1147 163 ινδρῶν
1160 128 1345 162 καταγωγίοις
1361 127 1630 164 διαιιυκτερευοῦσας,
1647 127 1664 163 ἢ
1679 128 1778 163 ἄνδρας
1793 130 1823 154 ὲν

204 169 473 212 ’θῦειιιεὶοηῑο215
485 183 579 206 causa.
593 182 649 202 tum
666 176 727 203 aliis
743 183 862 210 quoque,
876 176 993 210 quicun-

1052 170 1204 210 iaxqtqplq)
1229 174 1365 208 γυναικῶν
1389 173 1489 208 ὁμοίως
1514 174 1667 206 ποιοῦντας.
1695 174 1824 209 Ταχύπο-

217 233 270 260 que
283 228 329 251 aut
345 223 505 251 muliebrem
525 222 552 248 in
565 222 718 250 diversorio
735 222 818 253 virili,
840 225 888 248 aut
921 221 994 248 viro—

1052 226 1106 244 ιττοι
1120 218 1173 252 γὰρ
1188 219 1212 244 ot
1227 218 1346 250 πλείους,
1364 218 1412 245 καὶ
1428 219 1555 254 ἀφορμὰς
1574 219 1719 254 ζητοῦντες
1738 228 1823 246 σκαν-

218 279 278 298 rum
303 271 329 296 in
360 268 485 295 muliebri
515 269 649 295 asceterio
670 268 902 302 pernoctationem
935 267 994 302 ani-

1052 264 1129 290 Ξάλων
1153 264 1168 299 ἦ
1199 263 1245 290 καὶ
1274 263 1415 291 διαϐολῶν.
1445 265 1491 290 Ach
1522 261 1653 296 καὶ’τοϊς
1680 266 1823 300 Πατράσιν

219 315 421 343 niadvcrterint.
456 313 606 347 Suspiciosi
631 313 731 340 etenim
769 317 834 340 sunt
870 312 994 346 plerique

217 361 351 399 homines.
368 359 468 394 quique
483 359 643 386 oﬂensionis
662 363 690 386 et
705 358 848 385 calumnim
867 358 993 384 occasio-

217 416 265 436 nes
284 408 402 442 undique
417 411 599 442 aucupantur.
615 398 749 434 Eam-rem
781 406 874 441 igitur,
891 413 906 432 a
921 404 987 431 recti

1044 309 1229 344 ἀπηγόρευται
1242 308 1321 336 τοῦτο
1335 309 1372 341 ὡς
1386 310 1435 336 οὐκ
1449 310 1586 345 εῦσχημον
1599 318 1607 326 ·
1621 311 1684 342 τοὺς
1701 311 1729 338 δὲ
1745 312 1824 346 παρὰ

1044 356 1130 382 ταῦτα
1142 355 1290 386 ποιοῦντας
1304 355 1448 391 ἀφορισμῷ
1460 356 1630 388 κολάζουσιν.

1023 403 1112 438 specie
1136 404 1237 438 quippe
1275 402 1402 436 alienam,
1433 403 1529 432 Patres
1569 404 1825 434 hacconstltutione
1860 395 1865 399 ’

216 457 362 487 damnant;
381 455 480 488 quique
493 452 682 480 constitutioni
703 459 756 479 non
775 450 928 486 paruerint,
941 457 988 477 eos
1003 449 1189 484 segregatione
1205 449 1312 488 multari
1326 448 1434 483 jubent.

217 503 329 532 AltlS’l‘.
351 513 360 529 ‹
375 502 467 537 Neque
485 502 627 539 mulierem
648 502 674 528 in
687 492 818 532 virorum,
839 507 889 527 nec
907 500 994 526 virum

255 561 264 576 l
282 552 307 576 in
332 549 476 576 mulierum
503 548 667 575 monasterio
695 547 813 574 dormire
844 549 961 581 oportet.
981 554 990 572 ι

254 595 420 630 Perspicuae.
567 590 570 591 ⁷

476 639 591 668 CANON
619 638 734 666 XLVIII.

220 696 230 713 ι
247 685 322 715 Uxor
337 686 408 720 ejus,
426 686 472 720 qui
489 686 522 712 ad
543 685 732 720 episcopalem
750 684 909 719 dignitatem
928 691 993 718 pro-

255 743 265 758 ι
288 737 377 760 motus
392 736 445 764 est,
460 731 597 759 communi
615 731 657 758 sui
672 731 721 757 viri
748 738 882 758 consensu
918 731 994 764 prius

255 788 264 805 ς
285 783 419 813 separata,
434 782 577 812 postquam
609 778 636 804 in
665 777 823 811 episcopum
851 776 993 802 ordinatus

256 835 265 850 ι
290 829 341 856 est,
361 824 556 850 monasterium
576 822 744 857 ingrediatur
767 821 862 856 procul
891 821 924 848 ab
936 821 993 854 epi-
1007 814 1030 843 Β

255 880 264 896 ι
282 870 355 904 scopi
370 869 536 896 habitatione
554 872 735 900 exstructum,
751 871 777 894 et
792 867 913 902 episcopi
933 873 994 900 pro-

257 927 266 943 ι
286 917 405 944 viilentia
423 915 538 942 fruatur.
557 914 604 941 Sin
625 919 715 941 autem
734 913 814 948 digna
829 913 885 940 visa
902 913 994 944 luerit,

255 972 265 989 c
286 963 370 990 etiam
384 962 416 988 ad
436 961 597 988 diaconatus
613 959 770 995 dignitatem
796 958 968 994 provehetur.
982 966 991 982 ι

253 1053 350 1080 BALS.
386 1051 477 1080 Sancti
503 1052 613 1087 quidem
651 1050 766 1086 apostoli
795 1051 822 1077 in
850 1050 866 1077 5
892 1057 995 1077 canone

217 1100 392 1130 definientes,
403 1098 557 1132 episcopus,
578 1097 620 1124 vel
635 1097 789 1132 presbyter,
806 1097 849 1124 vel
863 1096 995 1123 diaconus

217 1152 294 1172 suam
307 1139 419 1173 uxbrem
439 1151 473 1171 ne
492 1142 701 1178 ejiciatpietatis
725 1145 866 1176 praetextu,
882 1148 994 1168 conces-

217 1187 745 1226 serunt-\piscopospost'ordmationem
754 1187 863 1219 habere
869 1187 995 1223 proprias

220 1246 330 1266 uxores.
347 1237 494 1265 Praesentis
513 1242 602 1264 autem
630 1235 727 1271 synodi
753 1235 841 1262 sancti
862 1234 954 1262 Patres
967 1235 994 1260 in
1013 1230 1020 1233 ”

219 1284 253 1310 12
267 1283 376 1318 quidem
392 1290 497 1310 canone
514 1282 690 1313 deﬁnierunt,
708 1289 769 1316 quae
783 1282 892 1308 tandem
927 1280 994 1315 deﬁ-

217 1330 339 1356 nierunt.
365 1328 440 1355 Nunc
454 1333 545 1355 autem
562 1327 658 1362 jubent
677 1334 750 1360 eum,
767 1327 814 1362 qui
839 1327 943 1354 electus
954 1331 995 1353 est

218 1374 376 1408 episcopus,
411 1373 445 1400 ab
474 1380 505 1400 ea
519 1379 600 1408 quam
632 1372 712 1399 habet
740 1379 825 1399 uxore
857 1370 995 1399 communi

218 1427 354 1448 consensu
373 1419 507 1454 separari,
519 1423 547 1446 et
558 1422 618 1453 post
631 1418 870 1446 consecrationem
899 1418 995 1445 mulie-

220 1473 275 1493 rem
291 1464 486 1491 monastcrinm
501 1464 617 1498 ingredi,
638 1463 710 1498 quod
735 1464 771 1491 sit
791 1464 868 1498 longe
883 1464 917 1490 ab
930 1463 995 1498 cpi-

219 1514 343 1544 scOpatu.
373 1508 408 1535 Se
444 1509 515 1535 enim
550 1509 664 1535 invicem
690 1508 845 1543 frequenter
878 1509 991 1539 intueri.

218 1556 338 1590 priorem
358 1549 451 1581 eorum
466 1554 527 1580 vita:
548 1555 682 1580 rationein
708 1562 738 1581 ac
764 1555 992 1581 consuetudinem

218 1600 379 1628 estomuino
394 1600 419 1625 in
435 1599 590 1626 memoriam
610 1600 650 1626 eis
666 1603 866 1631 revocaturum,
878 1604 905 1626 et
922 1607 994 1626 amo-

219 1653 275 1674 rem
292 1653 482 1672 accensurum.
500 1644 567 1672 Cum
582 1646 632 1672 hoc
648 1651 737 1672 autem
756 1645 796 1672 sic
827 1645 881 1676 lial,
898 1646 996 1672 mulie-

219 1690 394 1725 reiuqnident
410 1689 443 1716 ab
463 1690 591 1724 episcopo
616 1690 723 1724 dignam
753 1689 906 1716 existimari
933 1697 997 1724 pro-

219 1737 336 1764 videntia
358 1735 506 1770 corporali,
525 1736 548 1762 si
578 1735 612 1762 sit
642 1743 763 1770 pauper:
795 1737 835 1763 sin
853 1742 944 1763 autem
963 1736 998 1764 sit

219 1782 352 1816 locuples,
372 1780 442 1807 nihil
458 1780 482 1807 ei
499 1780 533 1807 ab
560 1781 687 1814 episcopo
715 1781 825 1815 dignam
847 1781 998 1808 existimari

216 1828 390 1863 providentia
406 1827 551 1861 corporali,
565 1827 587 1854 si
607 1827 641 1853 sit
658 1834 777 1861 pauper:
802 1828 843 1855 sin
859 1831 949 1855 autem
962 1828 998 1855 sit

219 1874 348 1908 locuples,
366 1873 431 1900 nihil
451 1873 475 1900 ei
489 1873 522 1900 ab
539 1872 665 1908 episcopo
676 1872 797 1906 dabitur;
810 1875 935 1908 quoniam
948 1882 998 1901 nec

219 1920 242 1947 si
261 1921 315 1954 ipse
339 1918 447 1954 quidem
470 1919 505 1946 sit
541 1919 671 1953 locuples,
699 1927 732 1946 ex
750 1919 906 1953 episcopatu
927 1920 998 1946 redi-

220 1965 291 1992 tibus
314 1965 466 2000 quidquam
482 1968 572 2000 potest
590 1965 618 1991 in
641 1965 761 2000 scipsum
787 1958 951 2000 expendere.
971 1965 998 1992 Si

218 2017 308 2038 autem
325 2011 384 2046 ejus
405 2012 500 2038 uxoris
520 2012 572 2038 vita
590 2011 625 2038 sit
645 2013 736 2046 gravis
752 2017 778 2039 et
805 2013 890 2047 gradu
906 2012 999 2039 diaco-

219 2061 299 2083 natus
325 2056 418 2090 digna,
448 2056 479 2082 ad
508 2063 567 2082 eam
599 2064 706 2091 quoque
733 2058 906 2091 prbvehetur.
936 2057 999 2084 Haec

217 2110 279 2129 cum
301 2112 313 2127 ει
328 2109 433 2129 eanone
448 2101 640 2134 dercrnantnr,
655 2103 832 2137 interrogabit
842 2104 975 2138 quispiam
989 2112 996 2130 :

1047 496 1157 523 ΑΡΙΣΤ.
1176 505 1185 521 σ
1202 486 1272 522 Οὕτέ
1283 497 1399 529 γυναῖκα
1409 497 1496 532 χρεὼν
1507 497 1536 523 ὲν
1547 497 1650 531 ἀνδρῶν
1660 497 1826 532 καθευδῆσαι

1087 553 1096 568 ι
1120 543 1301 578 μοναστηρίῳ,
1317 544 1378 570 οὔτε
1393 543 1529 577 γυναικῶν
1542 544 1634 579 ἄνδρα.
1648 553 1658 570 ι
1675 544 1788 579 Σαφής.

1330 631 1447 659 ΚΑΝΩΝ
1467 633 1536 659 ΜΗ’.

1050 687 1059 703 ι
1088 678 1121 704 'H
1141 678 1187 705 τοῦ
1214 678 1282 713 πρὸς
1310 678 1461 712 ἐπισκοπῆς
1484 678 1631 714 προεδρίαν
1654 679 1825 713 ἀναγομένου

1085 734 1094 751 (
1116 726 1185 759 γυνὴ
1210 718 1280 751 κατὰ
1297 724 1388 759 κοινὴν
1405 725 1562 758 συμφωνίαν
1588 725 1633 751 τοῦ
1658 725 1759 752 οἰκείου
1774 727 1826 753 ἀν-

1085 779 1094 796 (
1117 771 1178 806 δρδς
1205 771 1446 806 προδιαζευχθεῖσα
1463 771 1531 805 μετὰ
1561 771 1610 806 τὴν
1627 772 1669 798 ἐπ’
1684 773 1759 807 αὐτῷ
1775 774 1826 807 τῆς

1082 826 1091 842 ι
1114 816 1266 850 ἐπισκοπῆς
1291 812 1458 851 χειροτονίαν
1481 817 1510 842 ὲν
1536 817 1708 853 μοναστηρίῳ
1730 819 1827 854 εἰσίτω

1082 870 1091 887 ε
1115 856 1207 896 πόρρω
1221 861 1269 892 τῆς
1284 860 1331 887 τοῦ
1347 861 1494 887 ἐπισκόπου
1509 862 1671 897 καταγωγῆς
1685 862 1829 898 ᾠκοδομη-

1083 916 1092 933 ι
1115 908 1201 942 μένῳ,
1217 907 1326 940 καὶτῆς
1341 908 1372 934 ὲκ
1386 908 1432 933 τοῦ
1450 907 1597 934 ἐπισκόπου
1614 909 1741 943 προνοίας
1757 910 1829 936 ἁπο-

1069 963 1091 979 -‹
1113 948 1217 980 λαυέτω
1227 960 1235 968 ο
1252 954 1275 980 εἰ
1290 953 1318 980 δὲ
1333 955 1377 980 καὶ
1391 953 1452 985 ἀξια
1466 954 1576 989 φανείη,
1591 954 1637 981 καὶ
1652 954 1719 990 πρὸς
1733 956 1763 983 τὸ
1775 957 1828 992 τῆς

1082 1009 1091 1026 ι
1114 999 1248 1030 διακονίας
1264 999 1510 1034 ἁναϐιόασθήσεται
1524 1000 1641 1035 ἀξίωμα.
1665 1011 1675 1027 ›
1750 1032 1753 1033 ν

1080 1046 1177 1073 ΒΑΛΣ.
1195 1047 1225 1072 Ol
1244 1046 1292 1080 μὲν
1308 1046 1378 1079 ἅγιοι
1395 1046 1539 1074 ἀπόστολοι
1553 1047 1582 1073 ὲν
1598 1048 1713 1084 πέμπτῳ
1732 1050 1828 1076 κανόνι

1044 1092 1229 1127 διοριζόμενοι,
1255 1092 1402 1124 ἐπίσκοπος
1420 1092 1436 1128 ἢ
1462 1093 1646 1129 πρεσΰύτερος
1664 1095 1680 1130 ἢ
1702 1095 1829 1129 διάκονος

1044 1139 1092 1173 τὴν
1114 1137 1210 1165 ἑαυτοῦ
1233 1139 1349 1172 γυναῖκα
1373 1139 1410 1174 μὴ
1432 1139 1570 1166 ὲκϐαλέτω
1590 1140 1725 1175 προφάσει
1745 1143 1831 1169 εὐλα-

1046 1185 1131 1218 ϐείας,
1144 1184 1276 1213 ἐνέδωκαν
1289 1187 1344 1218 τοῖς
1359 1186 1516 1217 ἐπισκόποις
1530 1187 1575 1213 καὶ
1590 1188 1658 1222 μεστὰ
1672 1187 1720 1223 τὴν
1735 1197 1831 1224 χειρο-

1044 1233 1133 1260 τονίαν
1148 1233 1218 1268 ἔχειν
1232 1234 1280 1265 τὰς
1295 1233 1397 1265 οἰκείας
1412 1234 1543 1267 γυναῖκας
1558 1244 1565 1250 ·
1580 1234 1604 1261 οῑ
1619 1234 1646 1260 δὲ
1660 1236 1707 1268 τῆς
1723 1236 1830 1270 παρού-

1045 1289 1094 1315 σης
1117 1280 1226 1306 συνόδου
1253 1280 1324 1313 ἆγιοι
1352 1280 1471 1315 Πατέρες
1497 1281 1526 1306 ὲν
1551 1280 1599 1316 μὲν
1621 1281 1659 1316 τῷ
1683 1281 1717 1316 ιβ’
1734 1283 1830 1309 κανόνι

1043 1325 1201 1361 διωρίσαντο
1219 1326 1268 1352 ὅσα
1285 1326 1350 1361 δῆτα
1367 1326 1413 1352 καὶ
1430 1325 1550 1361 ὥρισαν·
1568 1327 1669 1362 ἀρτίως
1688 1328 1715 1354 δὲ
1735 1336 1829 1362 παρα-

1043 1371 1197 1397 κελεύονται
1219 1371 1263 1397 τὸν
1287 1371 1455 1406 ψηφισθέντα
1480 1372 1519 1402 εἰς
1544 1372 1695 1408 ἐπισκοπὴν
1721 1374 1830 1400 ἀποδιέ-

1045 1417 1158 1444 στασθαι
1173 1418 1223 1452 τῆς
1241 1408 1392 1452 προσούσης
1409 1417 1482 1452 αὐτῷ
1499 1418 1626 1452 γυναικὸς
1645 1419 1713 1445 κατὰ
1732 1421 1830 1454 κοινὴν

1014 1474 1030 1502 μ
1047 1464 1204 1499 ἀρέσκειαν.
1220 1464 1267 1490 καὶ
1284 1464 1352 1498 μετὰ
1365 1464 1412 1498 τὴν
1427 1465 1593 1500 χειροτονίαν
1608 1466 1636 1491 ἐν
1652 1468 1831 1502 μοναστηρίῳ

1047 1509 1215 1545 είσὲρχεσθαι
1227 1510 1274 1544 τὴν
1285 1511 1410 1543 γυναῖκα,
1424 1510 1518 1546 πόῤῥω
1530 1511 1586 1538 ὄντι
1597 1511 1646 1546 τῆς
1660 1512 1830 1545 ἐπισκοπῆς.

1047 1556 1083 1582 Τδ
1099 1556 1152 1591 γὰρ
1170 1556 1298 1589 ἀλλήλους
1312 1557 1377 1591 όρᾷν
1393 1557 1511 1591 συνεχῶς
1527 1557 1745 1592 ἀναμιμνήσκειν
1761 1558 1830 1593 μὲλ-

1046 1601 1086 1628 λει
1107 1603 1213 1633 πάντως
1232 1602 1329 1633 αὐτοὺς
1345 1603 1394 1637 τῆς
1415 1603 1552 1637 προτέρας
1573 1604 1709 1638 διαγωγῆς
1730 1613 1758 1630 τε
1781 1605 1829 1631 καὶ

1047 1647 1234 1681 συμϐιώσεως,
1256 1648 1302 1673 καὶ
1324 1648 1483 1674 ὑπεκκαίειν
1506 1649 1551 1675 τὸν
1572 1649 1671 1684 ἔρωτα.
1700 1649 1779 1676 Οὕτω
1802 1651 1830 1677 δὲ

1046 1692 1139 1719 τούτου
1157 1693 1312 1728 γινομένου,
1333 1693 1471 1725 ἀξιοῦσθαι
1488 1695 1536 1729 τὴν
1553 1697 1668 1728 γυναῖκα
1687 1695 1763 1730 παρὰ
1780 1696 1830 1722 τοῦ

1046 1740 1193 1766 ἐπισκόπου
1208 1740 1334 1774 προνοίας
1348 1741 1515 1775 σωματικῆς,
1530 1741 1604 1775 ἐνδεῆ
1620 1740 1701 1767 οὖσαν
1711 1749 1719 1757 ·
1734 1743 1759 1768 εἰ
1774 1742 1830 1777 γὰρ

1046 1783 1170 1817 εὐπορεῖ,
1186 1782 1260 1810 οὐδέν
1275 1792 1300 1810 τι
1316 1783 1459 1818 δοθήσεται
1478 1785 1545 1820 αὐτῇ
1564 1786 1637 1820 παρὰ
1652 1786 1698 1812 τοῦ
1715 1787 1831 1813 ἐπισκό-

1047 1836 1108 1854 που.
1128 1829 1164 1854 Οὐ
1186 1827 1237 1863 γὰρ
1257 1828 1337 1859 αὐτὸς
1357 1829 1480 1860 εὐπορῶν
1497 1829 1608 1856 δύναταί
1624 1839 1650 1856 τι
1671 1831 1710 1861 είς
1731 1832 1831 1858 ἑαυτὸν

1046 1873 1166 1908 δαπανᾷν
1181 1875 1211 1900 ὲκ
1226 1874 1279 1900 τῶν
1294 1874 1402 1901 εἰσόδων
1417 1875 1465 1910 τῆς
1480 1875 1643 1911 ἐπισκοπῆς.
1661 1877 1692 1903 Εἰ
1707 1876 1736 1903 δὲ
1753 1878 1803 1904 καὶ
1817 1879 1832 1904 ό

1048 1918 1104 1952 βίος
1120 1919 1168 1953 τῆς
1186 1918 1316 1952 γυναικὸς
1337 1919 1434 1954 σεμνός
1451 1920 1508 1946 ἐστι
1526 1921 1572 1947 καὶ
1589 1921 1635 1947 τοῦ
1655 1921 1761 1956 βαθμοῦ
1781 1923 1832 1957 τῆς

1048 1963 1184 1995 διακονίας
1201 1965 1285 1997 ἄξιος,
1301 1966 1346 1990 καί
1360 1965 1426 2000 πρὸς
1439 1966 1540 2002 ταύτην
1555 1968 1831 2005 προαναὸιϐασθήσε-

1047 2019 1101 2037 ται.
1116 2010 1207 2037 Ταῦτα
1221 2011 1266 2036 τοῦ
1283 2012 1392 2042 κανόνος
1407 2012 1606 2047 διοριζομένου,
1624 2015 1757 2050 ἐρωτήσει
1770 2025 1830 2049 τις,

1046 2057 1083 2088 ὡς
1094 2058 1141 2092 τῆς
1155 2057 1212 2091 px?
1227 2057 1434 2084 Ἰουστινιανείου
1446 2059 1554 2093 Napi;
1568 2060 1622 2095 (40)
1634 2062 1682 2094 τῆς
1697 2061 1832 2093 πολλάκις

1047 2103 1075 2129 ὲν
1089 2102 1128 2138 τῷ
1144 2103 1258 2137 παρόντι
1275 2102 1370 2138 βιϐλίῳ
1386 2105 1625 2140 καταστρωθείσης
1642 2107 1832 2142 ἀπαγορευού-

219 2148 285 2174 Cum
303 2147 451 2174 Justiuiani
466 2148 513 2174 1‘27
531 2149 647 2179 novella,
665 2156 726 2183 qua:
739 2149 765 2175 in
785 2144 913 2185 praesen-ti
928 2149 996 2176 libro

1052 2157 1098 2183 της
1117 2149 1147 2175 τὸ
1169 2149 1238 2176 κατὰ
1260 2151 1411 2176 συναίνεσιν
1430 2151 1482 2176 τῶν
1501 2152 1644 2185 όμοζύγων
1663 2153 1776 2180 λύεσθαι
1798 2155 1832 2181 τὰ

220 2201 291 2228 sepe
308 2193 398 2227 posita
431 2197 484 2224 est.
517 2194 662 2227 prohibeat
691 2194 839 2229 coniugum
862 2201 997 2221 consensu

220 2239 332 2266 dissolvi
351 2239 565 2272 matrimonium,
581 2240 722 2274 quomodo
739 2239 861 2266 decernit
877 2246 998 2274 praesens

219 2292 319 2313 canon.
337 2278 447 2311 uxorem
466 2285 499 2310 ab
514 2285 601 2312 electo
630 2285 730 2310 marito
756 2291 890 2312 consensu
919 2291 998 2318 sapa-

218 2330 298 2357 rari?
313 2329 424 2357 Solutio.
439 2329 577 2357 Consensu
604 2330 713 2364 quidem
732 2337 786 2356 non
811 2330 925 2357 solvitur
939 2337 997 2356 ma-

220 2376 376 2402 trimonium
398 2383 405 2402 :
424 2375 469 2402 sed
483 2375 554 2410 jnsla
575 2375 608 2402 de
619 2382 700 2402 causa
712 2375 846 2402 solvitur:
860 2379 886 2402 et
903 2383 1012 2410 quem-.

219 2421 375 2450 admodum.
394 2422 416 2448 si
429 2429 500 2448 unus
520 2428 553 2447 ex
569 2420 735 2455 coniugibus
752 2420 907 2453 tondeatur,
933 2421 999 2448 dici-

219 2474 281 2493 mus
308 2467 377 2494 bona
406 2467 491 2501 gratia
521 2465 719 2499 separationem
745 2464 821 2492 ﬁeri:
837 2465 873 2492 ita
898 2468 927 2492 ct
943 2465 1000 2491 viro

219 2513 306 2539 electo
323 2517 385 2547 post
400 2510 601 2538 ordinationem
625 2510 744 2538 solvetur
763 2510 930 2546 coniugium.
944 2510 998 2538 Nec

1050 2193 1220 2225 συνοικέσια,
1238 2195 1296 2226 πῶς
1313 2196 1327 2221 ὁ
1345 2195 1438 2231 παρὼν
1455 2197 1544 2223 κανὼν
1559 2197 1705 2233 διορίζεται
1721 2199 1832 2226 ἀποδεί-

1048 2239 1161 2266 στασθαι
1179 2241 1249 2267 κατὰ
1267 2241 1417 2279 συναίνεσιν
1432 2242 1478 2268 τοῦ
1497 2242 1650 2277 ὐποψηφίου
1668 2244 1766 2279 ἀνδρὸς
1782 2245 1833 2280 τὴν

1047 2287 1177 2319 γυναῖκας
1191 2287 1294 2320 Λύσις.
1311 2288 1386 2314 Κατὰ
1400 2289 1547 2315 συναίνεσιν
1561 2290 1610 2323 μὲν
1623 2290 1652 2316 οὐ
1661 2290 1755 2316 λύεται
1769 2299 1832 2316 συν.

1047 2331 1180 2358 οικέσιον·
1201 2333 1231 2364 ἐξ
1249 2333 1358 2366 εὐλόγου
1379 2333 1406 2359 δὲ
1427 2333 1517 2364 αἰτίας
1536 2334 1637 2361 λύεται.
1659 2336 1713 2362 Καὶ
1734 2336 1831 2371 ὥσπερ

1049 2376 1095 2402 τοῦ
1108 2377 1165 2408 ἑνὸς
1175 2377 1227 2403 τῶν
1238 2377 1379 2412 ὁμοζύγων
1389 2378 1601 2414 ἀποκειρομένου
1613 2377 1729 2415 λέγομεν
1739 2382 1832 2416 ἀγαθῇ

1050 2423 1140 2457 χάριτι
1155 2423 1203 2457 τὴν
1217 2423 1353 2455 διάζευξιν
1367 2423 1489 2458 γίνεσθαι
1499 2433 1506 2439 ·
1522 2424 1592 2451 οὕτω
1609 2426 1657 2452 καὶ
1671 2425 1717 2452 τοῦ
1736 2427 1833 2461 ἀνδρὸς

1050 2466 1245 2501 ψηφισθέντος,
1259 2467 1402 2503 λυθήσεται
1420 2467 1488 2502 μετὰ
1501 2469 1549 2504 τὴν
1563 2471 1728 2505 χειροτονίαν
1742 2471 1789 2497 καὶ
1803 2471 1842 2497 τδ-

1053 2511 1228 2539 συνοικέσιον.
1246 2513 1302 2539 Καὶ
1321 2513 1351 2540 οὐ
1371 2513 1445 2540 δοκεῖ
1464 2515 1532 2541 κατὰ
1552 2515 1704 2542 συναίνεσιν
1720 2516 1834 2543 λύεσθαι

850 2581 946 2613 Guill.
958 2583 1123 2622 Beveregii
1139 2588 1231 2615 notae.

256 2652 364 2688 (ιωβς.
392 2661 458 2687 key.
485 2652 538 2686 τῆς
559 2657 637 2689 ρκγθ.
659 2655 903 2682 Ἶσυστινιανείυυ
931 2664 998 2682 νεα-

214 2687 282 2722 ρᾶς.
296 2688 336 2725 ita
366 2695 433 2715 sane
460 2696 555 2716 omnes
572 2687 670 2717 habent
696 2698 774 2721 inss.,
800 2693 847 2717 sed
863 2699 911 2724 pro
925 2691 994 2725 ρχγ’,

218 2722 360 2756 legendum
389 2728 430 2750 est
458 2727 527 2757 ρκγ’,
554 2733 608 2751 nun
635 2726 707 2751 enim
732 2726 757 2751 in
791 2725 848 2755 125,
864 2722 995 2753 sed'lﬁii

217 2757 334 2794 Novella:
349 2757 497 2785 Justininni
523 2761 612 2794 capite
632 2760 752 2786 secundo
776 2760 921 2790 habentur,
935 2770 995 2794 qnzP.

219 2791 262 2818 hic
277 2793 397 2819 citautur
415 2802 420 2819 :
439 2794 475 2819 uti
502 2799 528 2821 et
557 2791 617 2821 mox
645 2800 749 2829 postea,
778 2795 823 2822 ubi
845 2791 992 2823 eadenrex

1050 2664 1112 2695 cep,
1144 2649 1189 2690 i5,
1216 2659 1345 2695 tit.‘l,ﬂl.
1377 2667 1402 2686 iv
1433 2658 1540 2686 Basilic.
1572 2650 1703 2689 citantur;
1727 2667 1778 2695 pro
1803 2666 1834 2687 ιε’

1050 2693 1222 2729 scribendum
1241 2692 1284 2726 ιη’.
1302 2694 1359 2720 Non
1388 2695 1459 2721 enim
1477 2695 1503 2721 in
1531 2695 1638 2721 decimo
1663 2692 1770 2729 quinto,
1785 2697 1833 2723 sed

1050 2726 1269 2787 :lnodeviccsimo
1303 2730 1390 2764 capite
1418 2730 1496 2757 istius
1527 2730 1607 2761 tituli,
1635 2726 1835 2759 eat-inveniun-

1064 2771 1104 2787 Im.
1254 2772 1256 2779 '

1064 2771 1104 2789 nrt
1254 2772 1256 2779 '
