1936 3105
83 113 142 146 705

599 114 637 144 IN
658 114 737 144 CAN.
756 100 823 145 ‘le
835 113 943 160 cONC.
966 115 1006 145 1N
1026 89 1185 145 TRULLo.

1634 113 1699 148 '706

125 179 136 197 I
158 170 254 207 καὶτῷ
277 170 453 206 ἀδιαγνώστῳ
472 171 520 206 τῆς
533 170 587 197 τῶν
615 171 741 207 ἀθέσμων
772 172 864 207 γάμων.

956 182 966 198 ο
992 177 1079 200 tarum
1102 175 1258 209 nuptiarum
1282 174 1439 210 prohibitio.
1461 174 1577 208 scipsam
1601 177 1698 201 natura

125 226 136 243 ι
158 217 370 252 ἀπαγορεύσεως
385 218 483 253 ἑαυτὴν
505 219 522 253 ὴ
542 218 622 253 φύσις
639 219 760 253 συνέχεε,
778 218 866 245 συνεί-

123 271 136 288 (
159 262 240 297 δομεν
268 263 436 299 γυμνότερον
463 264 497 290 τὰ
527 264 591 300 περὶ
602 264 698 290 τούτου
728 264 868 296 ἐκθέσθαι,

124 318 133 334 ι
158 309 297 343 ὁρίζοντες
311 308 366 336 ἀπὸ
379 309 424 335 τοῦ
447 309 493 335 νῦν
516 309 562 336 τὸν
575 311 606 345 τῇ
628 309 715 345 οἰκείᾳ
734 309 868 346 ὲξαδέλφῃ

125 363 135 380 ι
159 354 227 388 πρὸς
239 355 328 390 γάμου
346 355 489 381 κοινωνίαν
505 356 707 390 συναπτόμενον
721 356 748 392 (ἢ
764 357 877 391 πατέρωι

123 410 133 426 ι
155 401 201 427 καὶ
213 401 268 426 υἱον
280 401 376 436 μητέρι
385 401 432 428 καὶ
444 401 568 437 θυγατρὶ,
584 401 599 436 ἢ
612 402 671 428 δυσὶ
687 402 781 436 κόραις
795 401 870 428 ἀδελ-

124 456 133 471 ι
154 448 217 480 φαῖς
230 447 335 482 πατέρα
353 448 403 474 καὶ⁹
419 448 486 479 υἱὸν,
516 448 669 483 ἢάδελςροῖς
690 449 750 484 δυσὶ
764 448 870 484 μητέρα

124 500 134 516 ι
156 491 203 517 καὶ
229 485 375 526 θυγατέρα,
391 492 406 526 ἢ
421 492 552 526 ἀδελφοὺς
572 493 618 519 δύο
629 493 704 519 δυσὶν
730 494 869 529 ἀδελφαῖς)

123 543 133 559 ι
155 535 207 560 ὑπὸ
221 535 267 561 τὸν
278 534 327 569 τῆς
342 536 485 569 ἑπταετίας
501 537 611 564 πίπτειν
626 538 736 570 κανόνα,
752 540 869 572 ἀφιστα-

117 588 134 604 ηι
158 580 246 614 μένων
261 580 349 607 αὐτῶν
363 582 501 618 προδήλως
515 583 561 609 τοῦ
574 584 732 619 παρανόμου
744 593 868 612 συνοικετ

123 634 134 651 ε
156 625 241 654 σίου.»

121 670 219 698 ΒΑΛΣ.
234 670 322 703 Τινὲς,
340 671 379 712 τῷ
408 675 458 704 πς¹
475 671 568 699 κανόνι
589 672 635 699 τοῦ
653 672 771 708 μεγάλου
787 673 870 700 Βασιο

83 715 159 743 λείου
173 716 321 752 χρώμενοι,
335 718 535 754 ἀπαριθμοῦντι
547 719 652 754 γάμους
662 720 870 755 κεκωλυμένους

81 762 128 789 διὰ
152 763 324 797 συγγένειαν,
344 764 436 798 ἔλεγον
451 766 554 796 πάντας
572 765 634 796 τοὺς
657 765 733 800 παρὰ
756 765 869 797 τούτους

83 809 241 841 ἀκωλύτους
266 807 346 837 εἶναι.
370 811 455 838 Τοῦτο
475 809 520 838 οὖν
542 811 741 847 ἀνατρέποντες
760 813 783 839 oi
802 812 868 839 θεῖοι

960 228 969 244 ι
991 217 1125 250 confudit,
1137 219 1215 246 nobis
1229 218 1316 245 visum
1330 223 1372 246 est
1385 226 1415 246 ea
1427 219 1507 254 paulo
1521 219 1642 254 apertius
1653 226 1700 246 ex-

961 273 970 289 (
993 271 1104 298 ponere,
1120 264 1153 290 ab
1169 263 1220 290 hoc
1238 263 1368 298 deinceps
1382 268 1502 299 tempore
1517 264 1699 298 decernendo,

960 319 970 336 ι
991 314 1020 337 οι
1033 310 1079 345 qui
1095 317 1156 336 cum
1177 309 1270 336 fratris
1285 310 1327 336 sui
1348 309 1402 336 tilia
1426 311 1591 337 matrimonii
1608 310 1698 337 socie-

961 365 970 381 ι
991 360 1072 383 tatem
1100 356 1204 388 coierit,
1235 355 1287 391 (vel
1313 360 1390 390 pater
1413 360 1440 383 et
1465 356 1552 390 filius,
1570 356 1616 391 qui
1636 364 1698 384 cum

961 410 970 427 I
991 406 1078 428 matre
1092 406 1120 428 et
1135 401 1200 434 ﬁlia,
1215 395 1255 428 ire]
1275 408 1337 428 cum
1357 401 1462 428 duabus
1478 401 1575 436 puellis
1600 401 1700 428 sororis
1721 399 1723 401 ’

960 457 969 473 ι
992 447 1053 480 bus,
1071 452 1147 482 pater
1160 451 1186 474 et
1206 447 1288 478 filius.
1306 448 1346 474 vel
1360 454 1420 474 cum
1433 447 1540 475 duobus
1557 447 1699 482 fratribus,

960 503 970 519 ε
994 498 1080 520 mater
1096 486 1126 521 et
1138 493 1202 527 ﬁlia,
1220 493 1261 521 vel
1278 492 1375 521 fratres
1392 493 1445 520 duo
1459 501 1520 520 cum
1537 494 1643 521 duabus
1656 502 1701 522 so-

960 550 970 566 ‹
989 540 1106 576 roribus)
1134 541 1159 567 in
1185 541 1317 575 scptennii
1347 548 1479 567 eanonem
1502 539 1635 573 incidant,
1652 540 1702 569 riis
1747 532 1749 535 V

960 596 970 612 ‹
991 590 1084 622 aperte
1098 587 1232 622 separatis
1243 594 1258 613 a
1274 586 1378 614 nefario
1393 587 1583 615 contubernio.
1599 596 1609 613 ι

956 674 1053 702 BALS.
1071 675 1187 708 Quidam
1211 675 1245 703 86
1264 676 1355 710 magni
1376 675 1470 703 Basilii
1492 683 1597 704 canone
1621 681 1701 705 uten-

921 724 973 754 tes,
993 721 1040 757 qui
1055 722 1165 756 nuptias
1179 726 1292 757 propter
1312 722 1500 756 cognationem
1521 724 1618 751 vetitas
1631 731 1700 751 enu~

922 770 1019 799 merat,
1036 766 1164 794 dicebant
1175 774 1271 794 omnes
1285 766 1353 793 alias
1372 766 1415 793 his
1433 766 1557 801 exceptis
1566 773 1620 793 non
1638 773 1700 794 esse

922 812 1087 849 prohibitas.
1110 811 1200 839 Divini
1216 820 1280 847 ergo
1303 812 1397 839 Patres
1424 812 1475 839 hoc
1496 812 1698 846 subvertenles,

85 855 216 890 Πατέρες,
234 856 342 891 πρῶτον
358 858 407 891 μὲν
422 855 498 884 εἷπον
512 858 601 884 πᾶσαν
615 858 779 893 συγγενικὴν
798 866 864 884 συν‹

922 852 1035 894 primum
1052 857 1162 893 quidem
1178 858 1306 885 dixerunt
1326 865 1434 885 omnem
1459 866 1521 886 cum
1538 865 1588 885 sua
1600 865 1697 894 cogna-

82 901 183 936 ἀφειαν
197 903 350 930 κωλύεσθαι
365 903 409 930 διὰ
425 903 471 930 τοῦ
483 904 631 931 Μωσαῖκοῦ
647 903 730 939 νόμου
745 904 792 931 τοῦ
811 904 870 931 δια-

83 948 280 983 λαμϐάνοντος,
301 959 310 975 ι
325 950 388 981 ,Οὐκ
413 949 553 986 είσελεύσῃ
568 950 635 986 πρὸς
660 951 748 978 πάντα
770 951 870 977 οἰκεῖον

84 994 187 1029 σαρκός
205 1003 250 1021 σου
262 995 436 1029 ἀποκαλύψαι
453 996 647 1032 ἀσχημοσύνην
671 996 753 1023 αὑτοῦ
765 1004 772 1011 '
788 1006 797 1022 ι
810 994 869 1037 εἶτα

82 1041 367 1077 ὑπεραπολογούμενοι
401 1041 494 1077 ὥσπερ
516 1042 564 1069 τοῦ
592 1043 721 1078 ῥηθέντος
749 1043 869 1078 μεγάλου

85 1086 204 1122 Πατρδς,
222 1088 360 1122 ἐπήγαγον
373 1087 420 1120 ὡς,
445 1089 469 1115 εί
485 1087 533 1115 καὶ
557 1089 594 1124 μὴ
609 1089 698 1124 ῥητῶς
710 1089 724 1114 ὀ
741 1089 869 1124 θεοφόρος

83 1128 162 1164 οὗτος
192 1133 285 1169 Πατὴρ
310 1134 339 1160 ὲν
369 1135 426 1166 τοῖς
441 1134 553 1171 οἰκείοις
567 1135 662 1161 κανόσι
680 1134 785 1166 πάντας
805 1135 869 1166 τοὺς

84 1179 190 1205 κεκωλυ
194 1180 291 1214 μένους
301 1182 479 1215 συγγενικοὺς
486 1181 591 1215 γάμους
600 1181 731 1214 διέλαϐεν,
741 1181 801 1208 an!
808 1181 869 1207 ἐπεὶ

84 1225 195 1257 τούτους
211 1226 383 1261 ἀκαθάρτους
397 1227 548 1262 ὠνόμασεν,
560 1227 598 1260 ὡς
623 1228 868 1263 ἀπηγορευμένους

82 1271 128 1298 διὰ
140 1271 190 1307 τὴν
215 1273 375 1307 συγγένειαν
400 1273 479 1309 κοινῷ
505 1274 576 1309 λόγῳ
593 1276 696 1306 πάντας
717 1275 868 1310 συμπεριέ-

83 1317 160 1349 λασε,
175 1317 222 1343 καὶ
238 1318 281 1345 διὰ
300 1319 430 1354 ῥημάτων
447 1319 545 1354 ὀλίγων
568 1320 623 1354 (58)
645 1320 676 1346 οὐ
697 1320 777 1355 μόνον
805 1321 868 1352 τοὺς

84 1363 328 1399 ἀπαριθμηθέντας
355 1365 503 1400 ἐκώλυσεν,
522 1367 590 1393 ἀλλά
622 1367 670 1394 καὶ
687 1367 790 1398 πάντας
804 1366 867 1398 τοὺς

85 1408 137 1434 ἀπὸ
161 1410 322 1443 συγγενείας
339 1412 553 1446 καταγομένους.
567 1412 620 1439 Καὶ
633 1413 663 1439 οὺ
680 1412 733 1448 χρὴ
747 1412 811 1445 τοὺς
834 1412 868 1439 δι’

85 1455 229 1482 εὐλάϐειαν
249 1455 287 1491 μὴ
311 1457 519 1492 ὲκφωνηθέντας
539 1458 697 1489 ἀκωλύτους
718 1457 878 1494 κατονομά-¹

85 1500 190 1555 ζεσθαι.
203 1503 249 1528 Διὸ
263 1503 310 1529 καὶ⁸
321 1502 423 1538 ὥρισαν
434 1503 539 1539 γάμους
554 1504 689 1539 ἀθέσμους
709 1502 779 1531 εἶναι
791 1503 866 1531 τόνδε
879 1525 901 1555 c

83 1546 131 1572 καὶ
141 1547 227 1573 τόνδε·
239 1547 416 1583 προσθέμενοι
423 1548 485 1581 τοὺς
495 1549 694 1584 ἀφισταμένους
703 1550 792 1576 αὐτῶν
802 1557 868 1585 προ-

82 1592 177 1628 δήλως,
190 1593 310 1619 τουτέστι
319 1594 387 1629 μετά
394 1594 664 1630 ὲξομολογήσεως.τῷ
670 1596 717 1631 τῆς
725 1595 867 1626 ἑπταετίας

83 1639 174 1665 κανόνι
190 1639 384 1674 ἐπιτιμᾶσθαι·
397 1639 435 1672 ὡς
451 1639 519 1668 εῐναι
534 1641 612 1676 δῆλον
627 1642 806 1676 σφοδρότερον
821 1650 867 1668 κο-

83 1685 213 1718 λάζεσθαι
225 1686 287 1717 τοὺς
300 1685 338 1721 μὴ
355 1687 558 1722 ἀφισταμένους
577 1687 687 1723 ῥᾳδίως,
699 1687 767 1714 ἀλλὰ
783 1696 866 1715 κατα.-

85 1728 276 1767 κρινομένουςζ
293 1731 377 1759 Τοῦτο
390 1732 444 1768 γὰρ
457 1733 636 1767 ἀναφαίνεται
646 1733 699 1760 ἀπὸ
709 1733 764 1760 τῶν
775 1734 865 1769 ῥημά-

84 1786 139 1804 των
168 1777 213 1804 τοῦ
251 1778 363 1809 κανόνος
392 1778 448 1804 τῶν
475 1778 628 1813 λεγόντων·
661 1779 865 1816 Ἀφισταμένων

85 1823 173 1850 αὐτῶν
190 1824 332 1859 προδήλως
347 1824 394 1851 τοῦ
410 1826 570 1860 παρανόμου
588 1827 768 1854 συνοικεσιου.
789 1827 865 1853 Ἐπεὶ

83 1870 112 1896 δὲ
126 1870 189 1905 περὶ
202 1871 398 1909 κεκωλυμένων
408 1871 505 1906 γάμων
526 1864 692 1907 πλατύτερον
704 1873 864 1908 ιγράψαμεν

86 1918 126 1946 εἰς
140 1917 171 1943 τὸ
188 1917 210 1952 β’
240 1925 303 1951 κεφ.
320 1916 368 1943 τοῦ
382 1916 416 1951 ιγ’
436 1917 526 1944 τίτλου
537 1917 584 1944 τοῦ
600 1919 733 1954 παρόντος
748 1919 864 1953 συντάγ-

86 1970 178 1995 ματος,
194 1961 328 1996 ἀνάγνωθι
341 1962 419 1990 τοῦτο
434 1963 481 1989 καὶ
491 1963 526 1989 τὰ
539 1963 568 1989 ὲν
580 1963 652 1998 αὐτῷ
663 1964 862 1999 χρησιμώτατα

86 2008 156 2036 ὅντα.

116 2055 238 2082 ΖΩΝΑΡ.
259 2053 289 2081 '0
302 2054 388 2090 μέγας
399 2055 548 2089 Βασίλειος,
565 2055 711 2091 ἐρωτηθεὶς
723 2057 746 2084 εί
757 2056 863 2085 δύναιτό

82 2110 124 2133 τις
139 2101 207 2136 μετὰ
217 2100 329 2127 θάνατον
344 2101 392 2135 τῆς
408 2101 475 2133 ἰδίας
497 2101 612 2136 συμῦίου
627 2103 660 2137 τῇ
675 2102 775 2139 ἀδελφῇ
792 2103 863 2130 ὲκεί-

84 2157 130 2183 νης
146 2146 339 2180 συνάπτεσθαι,
354 2147 528 2183 ἀπηγόρευσε
543 2147 632 2179 τοῦτο.
648 2148 702 2175 Καὶ
716 2148 784 2183 πρὸς
796 2149 860 2181 τοὺς

921 905 994 932 tione
1015 904 1236 938 coniunctionem
1257 904 1396 938 prohiberi
1425 912 1473 939 per
1492 903 1637 933 Mosaicam
1661 905 1698 933 le-

918 958 989 987 gem,
1014 958 1074 986 quae
1098 950 1137 978 sic
1158 950 1238 977 habet
1255 959 1262 977 :
1282 949 1340 977 Non
1356 948 1519 985 ingrediaris
1534 951 1566 978 ad
1587 958 1697 979 omnem

919 997 1150 1032 consanguineum
1181 996 1352 1035 carnistute
1377 996 1410 1023 ad
1436 997 1606 1025 revelandam
1637 999 1698 1032 eius

919 1042 1135 1078 turpitudinem:
1155 1042 1265 1081 deinde,
1283 1043 1366 1070 veluti
1387 1043 1544 1077 praedictum
1568 1052 1696 1079 magnum

919 1088 1026 1115 Patrem
1043 1087 1238 1120 defendentes,
1265 1088 1476 1131 subiunxerunt,
1498 1088 1570 1123 quod
1586 1089 1696 1117 etiamsi

918 1141 972 1160 non
989 1141 1115 1168 expresse
1135 1135 1178 1161 hic
1194 1133 1304 1161 divinus
1317 1134 1398 1162 Pater
1417 1135 1444 1162 in
1465 1136 1523 1163 suis
1544 1136 1698 1164 canonibus

918 1186 1013 1207 omnes
1037 1184 1146 1214 propter
1179 1181 1368 1215 cognationem
1402 1181 1563 1209 interdictas
1588 1183 1698 1217 nuptias

918 1225 1167 1260 comprehenderit,
1183 1226 1231 1253 sed
1249 1226 1380 1261 quoniam
1398 1227 1447 1254 has
1468 1227 1590 1262 impuras
1607 1228 1697 1255 nomi-

918 1271 1003 1303 navit.
1024 1276 1054 1299 ut
1068 1279 1128 1307 quae
1143 1272 1199 1299 sint
1215 1277 1326 1307 propter
1338 1272 1529 1307 cognationem
1541 1273 1696 1314 prohibita,

920 1324 1015 1345 omnes
1034 1316 1172 1344 communi
1195 1316 1300 1344 ratione
1314 1317 1538 1351 comprehendit,
1555 1322 1583 1345 et
1601 1319 1697 1353 paucis

917 1362 1008 1390 νει-δίε
1028 1370 1082 1390 non
1104 1362 1192 1390 solum
1212 1366 1386 1390 enumeratas
1407 1363 1565 1396 prohibuit,
1594 1363 1641 1391 scd
1667 1369 1696 1392 et

916 1416 1011 1437 Omnes
1023 1416 1082 1444 quae
1099 1416 1113 1438 a
1129 1405 1291 1444 cognatione
1303 1408 1486 1436 deducuntur.
1511 1409 1567 1445 Nec
1589 1413 1697 1444 Oportet

917 1454 971 1482 dici
984 1461 1031 1482 eas
1046 1450 1100 1481 non
1116 1461 1177 1481 esse
1189 1453 1340 1489 probibltas
1360 1462 1420 1489 quae
1438 1460 1547 1490 propter
1563 1462 1695 1483 verecun-

917 1500 990 1527 diam
1006 1508 1061 1528 non
1075 1504 1140 1528 sunt
1156 1507 1303 1535 expressa.
1326 1499 1359 1527 Et
1379 1500 1440 1528 ideo
1462 1501 1626 1529 definierunt
1641 1502 1696 1530 illi-

918 1546 987 1573 citas
1003 1551 1029 1573 et
1048 1544 1168 1573 nefarias
1186 1545 1296 1580 nuptias
1309 1552 1369 1573 esse
1383 1545 1431 1573 has
1446 1551 1472 1573 et
1483 1546 1548 1581 has;
1573 1547 1624 1574 hoc
1644 1547 1696 1574 ad-

914 1593 998 1628 jecto.
1026 1592 1109 1627 quod,
1135 1591 1181 1627 qui
1196 1591 1230 1619 ab
1245 1591 1299 1620 illis
1320 1596 1413 1627 aperte
1433 1592 1579 1628 desistunt,
1605 1593 1632 1621 id
1653 1597 1696 1622 est

916 1646 978 1666 eum
994 1638 1186 1671 confesslone,
1206 1642 1234 1666 et
1256 1639 1316 1666 sine
1328 1638 1555 1667 condemnatione
1567 1659 1576 1673 ,
1593 1647 1626 1667 ex
1648 1647 1693 1668 se-

916 1685 1019 1720 ptennii
1037 1691 1142 1712 canone
1154 1683 1328 1720 puniuntur;
1351 1689 1380 1712 ut
1396 1684 1569 1713 manifestum
1591 1686 1627 1713 sit
1646 1694 1694 1715 eos

915 1732 1103 1760 vehementius
1119 1731 1226 1766 punire,
1242 1730 1288 1766 qui
1309 1738 1362 1757 non
1384 1730 1463 1758 facile
1483 1731 1628 1763 desistunt,
1645 1733 1694 1760 sed

915 1777 1145 1805 condemnamur.
1159 1775 1216 1803 Hoc
1229 1777 1301 1803 enim
1318 1780 1429 1811 apparet
1453 1785 1486 1803 ex
1506 1777 1597 1805 verbis
1610 1785 1695 1806 cano-

914 1824 968 1856 nis,
984 1831 1044 1858 quaa
1058 1823 1169 1850 dicunt:
1184 1821 1232 1849 His
1244 1827 1335 1857 aperte
1353 1822 1546 1851 desistentibus
1558 1831 1574 1850 ει
1587 1823 1693 1852 nefario

914 1868 1106 1898 contubernio.
1132 1868 1267 1901 Quoniam
1295 1871 1385 1896 autem
1408 1868 1442 1896 de
1468 1868 1557 1896 vetitis
1587 1871 1690 1904 nuptiis

913 1914 987 1942 aliud
1000 1913 1162 1948 scripsimus
1187 1913 1215 1940 in
1233 1912 1261 1946 2,
1278 1919 1339 1946 cap.
1356 1914 1383 1945 5,
1398 1913 1439 1941 tit.
1458 1913 1598 1948 praesentis
1625 1922 1690 1949 ope—

913 1961 964 1993 ris,
987 1959 1013 1987 id
1036 1959 1105 1994 lege,
1121 1963 1149 1987 et
1166 1967 1227 1993 ηοω
1245 1958 1274 1986 in
1296 1959 1384 1993 ipsum
1404 1959 1507 1993 scripta
1526 1964 1591 1986 sunt
1611 1960 1691 1995 longe

913 2006 1065 2035 utilissima.

947 2053 1072 2081 ZONAR.
1087 2052 1155 2080 Cum
1170 2052 1203 2081 de
1217 2060 1316 2087 magno
1332 2052 1432 2082 Basilio
1451 2055 1594 2089 quaesitum
1606 2058 1689 2089 esset,

911 2106 945 2126 an
969 2098 1067 2126 marito
1085 2097 1218 2125 defuncta:
1241 2098 1333 2124 uxoris
1353 2097 1405 2125 sibi
1428 2097 1601 2125 matrimonio
1627 2098 1685 2133 jun-

913 2145 990 2181 gendi
1008 2144 1122 2172 facultas
1137 2147 1220 2176 esset,
1237 2144 1282 2171 ille
1297 2151 1362 2171 vero
1379 2145 1487 2180 negavit
1500 2144 1591 2172 licere.
1608 2145 1691 2178 Tum,

86 2193 111 2218 τὸ
126 2191 245 2218 ἐναντίον
265 2191 429 2226 φρονοῦντας
454 2193 562 2228 γράψας
588 2193 634 2219 τὸν
658 2193 757 2220 οἰκεῖον
783 2194 861 2228 λόγον

922 2191 1045 2218 Idversus
1061 2197 1108 2217 eos
1122 2189 1168 2225 qui
1184 2197 1263 2217 secus
1282 2189 1466 2225 opinabantur
1478 2190 1615 2222 scribens,
1628 2198 1692 2217 sen-

86 2237 259 2272 γενναιότατα
273 2237 469 2270 κατεσκεύασε,
484 2238 530 2264 καὶ
546 2238 628 2272 ἀξίως
646 2238 691 2265 τοῦ
704 2239 801 2273 βάθους
811 2240 860 2275 τῆς

83 2283 199 2315 διανοίας
223 2283 315 2311 αὐτοῦ.
339 2281 405 2310 Εἶτα
431 2284 478 2310 καί
491 2292 571 2310 τινων
591 2284 718 2319 ἀθέσμων
735 2286 858 2321 ἐμνήσθη

84 2329 177 2364 γάμων
195 2329 242 2356 καὶ
270 2330 509 2365 ἀπηγορευμένων,
534 2331 598 2362 τοὺς
621 2330 718 2362 ἄλλους
745 2331 785 2366 τῷ
803 2324 858 2366 ’τῆς

83 2375 252 2411 ἀκαθαρσίας
267 2376 377 2411 ὀνόματι
403 2375 625 2411 συμπαραλαϐὼν
637 2377 684 2403 καὶ
695 2376 859 2413 παραδηλῶ-

83 2430 142 2454 σας.
168 2421 202 2448 Ἦ
220 2422 249 2448 δὲ
273 2423 338 2456 περὶ
359 2421 463 2448 τούτων
490 2421 603 2457 διαταγὴ
621 2422 651 2449 ἐν
674 2423 729 2454 τοῖς
749 2423 859 2450 κανόσιν

83 2467 232 2503 ἡρίθμηται
246 2467 292 2494 τοῦ
307 2467 456 2502 θεολήπτου
472 2466 576 2502 Πατρδς
594 2467 770 2503 ὀγδοηκοστὸς
781 2468 858 2501 ἕκτος

84 2510 149 2539 οὖσα
161 2512 250 2539 κανών
268 2511 335 2548 (59).
353 2511 445 2548 Τούτῳ
454 2508 500 2538 οὗν
515 2510 554 2547 τῷ
569 2512 662 2538 κανόνι
671 2511 742 2544 τινὲς
756 2521 858 2550 κεχρη-

912 2236 1020 2265 tentiam
1050 2243 1138 2267 suam,
1173 2243 1221 2270 pro
1249 2242 1350 2273 ea‘qua
1369 2236 1438 2262 mire
1460 2236 1567 2263 valebat
1588 2236 1690 2271 ingenii-

911 2280 1079 2316 praastantia,
1106 2281 1212 2315 egregie
1232 2280 1412 2307 confirmavit.
1437 2280 1501 2307 Inde
1522 2288 1596 2312 vero,
1623 2288 1689 2308 cunt-

912 2327 1067 2361 nuptiarum
1083 2334 1182 2361 genera
1195 2327 1316 2361 quaedam
1330 2326 1435 2361 legibus
1452 2325 1596 2354 interdicta
1609 2327 1687 2362 sigil-

911 2373 985 2401 latim
1006 2377 1246 2400 commemorasset
1261 2391 1269 2403 ,
1292 2372 1396 2406 reliqua
1410 2372 1506 2401 deinde
1522 2380 1577 2400 uno
1598 2372 1686 2406 impu.

909 2420 998 2447 vitatis
1019 2420 1150 2446 vocabulo
1164 2419 1322 2453 complexus
1336 2422 1379 2446 est
1394 2423 1421 2446 et
1434 2419 1575 2447 indicavit.
1598 2419 1687 2454 Atque

897 2466 966 2494 haec
979 2465 1087 2501 quidem
1112 2465 1151 2492 sic
1171 2472 1186 2492 a
1202 2465 1294 2492 divino
1312 2465 1391 2492 Patre
1405 2466 1549 2493 constituta
1564 2465 1684 2500 ejusdem

909 2511 1076 2547 octogesimo
1103 2514 1180 2539 sexto
1203 2517 1307 2538 canone
1325 2511 1462 2545 explicata
1488 2511 1619 2546 reperias.
1646 2510 1684 2537 Eo

687 2570 784 2602 Guill.
800 2570 966 2611 Beveregii
983 2573 1076 2600 notae.

117 2622 172 2658 (58)
191 2622 245 2650 Kal
259 2622 307 2650 διὰ
318 2621 458 2656 ῥημάτων
470 2620 602 2658 cithara
621 2621 684 2658 Haec
709 2630 796 2658 usque
819 2623 854 2650 ad

83 2656 211 2685 ἀλλὰκαὶ
232 2658 258 2684 ἰιι
274 2665 327 2685 ms.
349 2656 564 2683 Amerbacliiano
587 2656 786 2684 desiderantur.

119 2693 173 2727 (59)
182 2693 396 2727 Ὀγδοηκοστὸς
407 2692 494 2727 ἕκτος
504 2688 582 2727 οὖσα
597 2691 704 2718 κανών.
716 2691 760 2719 Sic
772 2692 852 2719 etiam

85 2726 226 2756 Balsamon
241 2728 313 2755 hunc
328 2728 415 2755 sancti
427 2726 517 2754 Basilii
528 2733 658 2753 canonem
675 2732 764 2758 vocat,
778 2728 854 2755 vide-

85 2765 146 2792 licet
161 2763 356 2797 octogesimum
382 2760 590 2797 sextum,_et'tam
603 2761 629 2788 in
644 2769 695 2797 rns.
720 2763 854 2790 Amcrba-

86 2800 195 2829 cltiano:
214 2795 258 2825 u'bi
272 2802 363 2824 tamen
383 2799 410 2824 in
435 2797 485 2824 hoc
503 2795 615 2823 Zonarat
643 2796 702 2823 loco
725 2797 854 2824 scribitur

86 2832 260 2869 ἀγδοηκοστὸς
274 2832 375 2866 ὄγδοος.
391 2832 423 2869 Et
440 2831 547 2869 quidem
564 2831 590 2858 in
602 2835 714 2869 nostra»
726 2832 775 2858 hac
795 2833 854 2859 edi-

91 2866 162 2898 tione
181 2875 316 2897 canonum
338 2868 425 2896 sancti
445 2866 545 2899 Basilii,
562 2867 609 2902 qui
619 2866 663 2895 hic
684 2867 795 2901 citatur,
810 2875 852 2896 re-

907 2629 970 2650 vera
985 2625 1027 2649 est
1044 2619 1229 2655 octogesimus
1245 2624 1366 2648 octavus.
1383 2619 1410 2647 ln
1432 2619 1579 2655 Parisiensi
1590 2623 1679 2646 autem

907 2657 1027 2685 editione
1055 2654 1146 2683 nullos
1169 2656 1257 2683 cuivis
1289 2663 1321 2683 ex
1349 2656 1409 2683 istis
1435 2654 1586 2681 canonibus
1612 2655 1682 2681 ultra

906 2692 1103 2725 octogesimum
1119 2691 1242 2725 quintum
1267 2697 1398 2717 numerus
1426 2689 1583 2725 apponitur,
1605 2689 1681 2724 quod

908 2713 1250 2754 ETéﬁﬁLII'FSQQe‘ECiQSc
1264 2713 1401 2759 ἷρἱἷῖὸὲὂ
1416 2713 1534 2751 comm.
1563 2713 1601 2751 lix
1614 2713 1682 2758 ina--

906 2762 998 2790 missis
1015 2769 1091 2795 error
1103 2761 1187 2789 etiam
1202 2761 1229 2788 in
1244 2760 1362 2788 Aristeni
1379 2759 1492 2792 scholiis
1505 2759 1530 2785 in
1542 2759 1680 2795 epitomen

906 2797 989 2831 hujus
1008 2793 1120 2824 canonis
1138 2794 1481 2831 deprehendituriquippe
1493 2793 1592 2831 quibus
1611 2794 1683 2831 ἐϐδο-

907 2829 1041 2894 pigonbv
1050 2831 1154 2867 ὃγδοον,
1164 2829 1291 2858 mendose
1301 2829 1430 2857 scribitur
1443 2837 1493 2866 pro
1502 2829 1679 2865 ὀγδοηκοστὸν

921 2876 935 2894 Υ
967 2876 1005 2894 ον.
1137 2875 1141 2881 ’

904 2867 1005 2902 ὄγδοον.
1137 2875 1141 2881 ’
