1936 3105
269 78 334 114 ⁸10⁸1.

895 76 1032 108 ΤΗΕΟῙ).
1054 76 1257 108 BALSAMON

1829 75 1900 107 708

267 136 352 172 igitur
366 137 474 164 canone
483 133 593 169 quidam
616 136 724 160 utentes
744 138 913 167 quacunque
930 139 965 158 eo
984 131 1044 165 loco

1113 133 1182 165 ενοι,
1209 132 1272 164 τοὺς
1297 132 1334 168 μὴ
1351 131 1597 167 ἀπηριθμημένους
1617 132 1646 158 ὲν
1668 130 1743 167 αὑτῷ
1772 131 1899 166 γάμους

267 184 370 219 nuptiae
398 183 470 209 inter
496 180 640 208 damnatas
673 186 848 214 nequaquam
879 183 1047 206 enumerata:

268 229 388 260 fuerant,
407 226 515 255 easdem
531 225 610 260 quasi
624 232 770 253 concessas
785 232 919 260 usurpare
936 224 990 259 ipsi
1006 224 1047 251 ni-

265 276 402 304 tebantur.
420 265 575 306 violataque
595 276 701 300 natura:
723 272 782 307 lege
801 279 863 299 cum
885 271 1047 307 propinquis

264 320 383 347 coibant.
398 318 513 345 Proinde
527 318 603 346 illum
628 326 761 346 canonem
780 319 832 345 hoc
851 318 910 345 loco
925 318 1048 354 synodus

265 365 409 400 spectavit,
439 372 528 400 eaque
558 366 663 391 ratione
687 364 817 396 adducta,
849 365 934 391 multa
964 364 991 390 in
1014 371 1047 391 eo

268 416 395 438 sanetum
412 409 499 437 virum
528 410 664 437 silentium
692 409 840 436 involvisse
860 408 990 441 defendit,
1014 416 1048 435 ne

263 457 368 484 scilicet
393 456 459 483 dum
488 455 612 482 damnati
638 455 761 490 conjugii
791 463 889 490 genera
919 455 1046 482 universa

264 503 450 539 persequitur,
461 502 611 529 orationem
625 509 705 529 suam
719 501 865 528 verborum
878 501 1047 536 turpitudine

263 548 343 583 223
368 548 536 582 inquinaret,
554 554 586 574 ac
605 546 708 574 idcirco
725 546 874 582 generatim
890 548 982 573 omnia
999 554 1048 574 vo-

265 594 349 621 luisse
370 601 423 621 uno
441 593 608 627 impuritatis
625 593 740 629 nomine
761 593 895 620 indicare.
916 593 1046 627 Singulos

264 638 363 666 deinde
391 639 537 666 vetitarum
573 638 731 673 nuptiarum
757 638 853 666 modos
872 638 967 666 Patres
996 639 1046 674 ipsi

263 690 445 721 percensent,
460 692 492 712 ac
507 685 640 719 ejusmodi
652 685 761 720 quidem
777 685 903 721 conjugia
935 687 1048 713 omnino

263 731 387 764 diﬁolvi,
404 739 435 758 ea
450 738 515 759 vero
530 731 577 767 qui
597 731 768 763 attentarint,
789 731 925 766 septenuii
940 738 1046 759 canone

267 776 359 811 puniri
369 776 478 815 jubent.
845 781 855 795 ¹

1098 178 1136 210 ὡς
1153 178 1328 214 παρανόμους
1343 178 1498 210 ἀκωλύτους
1523 177 1663 209 ἐϐιάζοντο
1687 178 1812 213 φρονεῖν.
1841 177 1902 203 καὶ

1097 225 1146 258 τὴν
1157 225 1237 258 φύσιν
1248 224 1375 259 συνέχεον
1386 225 1528 257 συγγενέσι
1546 220 1717 259 μιγνύμενοι.
1730 225 1780 250 Διὰ
1795 222 1900 250 ταῦτα

1097 270 1165 305 πρὸς
1190 269 1235 296 τὸν
1256 270 1355 296 κανόνα
1386 269 1478 296 τοῦτον
1503 269 1612 295 ἀπεῖδεν
1640 269 1656 304 ἡ
1684 269 1806 301 σύνοδος,
1844 270 1901 295 καὶ

1097 315 1273 348 ἀπολογεῖται
1291 314 1342 349 μὲν
1356 315 1401 341 διὰ
1429 314 1454 341 τί
1481 315 1514 341 τὰ
1539 314 1624 341 πλείω
1649 316 1738 350 σιωπῇ
1760 315 1774 340 ὁ
1808 315 1900 349 ἅγιος

1098 360 1281 395 παρέδραμεν*
1294 359 1362 391 Ἵνα,
1378 360 1454 394 φησὶ,
1472 361 1509 396 μὴ
1523 360 1567 387 τὸν
1581 361 1659 395 λόγον
1671 360 1860 396 καταῤῥυπαί
1878 368 1898 396 ῃ

1097 406 1152 436 τοῖς
1183 406 1302 440 ῥήμασιν
1327 405 1441 432 ἕκαστον
1471 406 1524 432 τῶν
1543 406 1669 441 ἀθέσμων
1691 407 1788 441 γάμων
1813 408 1895 432 ᾶπα-

1101 450 1216 485 ριθμῶν·
1230 451 1411 485 περιεκτικῶς
1423 451 1449 477 δὲ
1464 451 1502 486 τῷ
1514 451 1563 485 τῆς
1578 451 1747 486 ἀκαθαρσίας
1771 452 1896 485 ὀνόματι

1099 497 1160 528 τοὺς
1175 497 1351 531 παρανόμους
1366 496 1470 531 γάμους
1488 497 1634 528 ὑπέδειξεν.
1653 494 1720 524 Εἶτα
1739 497 1895 532 ἐπήγαγον

1098 543 1122 568 οἱ
1139 542 1188 576 τῆς
1206 542 1316 568 συνόδου
1328 543 1449 578 Πατέρες
1464 542 1512 569 καὶ
1541 544 1647 577 γάμους
1669 543 1823 577 ἀθέσμους,
1844 542 1895 573 οὓς

1098 589 1144 616 καὶ
1162 588 1399 624 ἁπηριθμήσαντο,
1422 590 1469 615 καὶ
1492 589 1657 616 διασπᾶσθαι
1669 589 1718 624 μὲν
1741 589 1810 621 τοὺς
1835 598 1895 616 τοι-

1097 635 1191 667 ούτους
1220 635 1327 670 γάμους
1359 636 1390 661 ὲκ
1424 636 1523 667 παντὸς
1554 635 1724 670 διωρίσαντο,
1761 635 1832 667 τοὺς
1866 635 1895 661 δὲ

1098 681 1264 717 χρανθέντας
1285 682 1376 713 αὐτοῖς
1396 681 1437 716 τῷ
1457 681 1507 716 τῆς
1521 681 1668 713 ἑπταετίας
1681 682 1778 709 κανόνι
1795 682 1894 708 ἐπιτι-

1100 727 1212 763 μᾶσθαι.

264 805 378 850 ᾹΒΙΞΤΪ
393 832 402 848 ι
419 821 524 849 Fratris
553 821 636 848 lilium
649 829 710 850 cum
725 821 817 850 fratris
837 822 890 849 lilia
907 822 1050 851 matrimo-

1113 818 1211 845 lPlZT.
1237 827 1246 844 ί
1262 818 1300 847 Οὐ
1327 819 1514 854 συγχωρήσεις
1540 817 1673 855 ὲξαδέλφῃ
1690 817 1892 854 ,συζευχθῆναι

302 877 312 894 ι
331 869 375 895 nia
391 867 520 902 conjungi
537 875 591 894 non
618 868 780 902 permittes;
807 875 857 895 nec
873 876 935 896 cum
953 869 1007 896 tilia
1023 872 1050 896 et

303 923 312 940 ι
329 919 425 946 matre.
441 914 524 941 ﬁliuni
540 918 566 942 et
579 918 703 949 patrem:
731 921 781 941 nec
794 919 906 942 matrem
924 919 950 942 et
967 915 1048 942 ﬁliam

303 970 312 986 ι
326 968 387 988 cum
401 961 507 988 duobus
521 960 670 994 fratribus;
688 967 738 988 nec
756 961 854 989 l'ratres
867 969 928 989 cum
944 961 1051 989 duabus

303 1013 314 1031 ι
330 1005 481 1033 sororibus.
494 1005 521 1032 Si
533 1004 598 1040 quid
608 1008 698 1032 autem
711 1005 866 1033 istiusmodi
876 1005 978 1033 factum
991 1005 1051 1033 l‘ue-

305 1061 314 1078 ι
331 1051 377 1084 rit.
389 1059 442 1078 una
453 1059 515 1078 cum
529 1051 697 1079 matrimonii
713 1051 894 1080 dissolutione
907 1053 1051 1088 septennio

305 1106 315 1123 ι
330 1096 524 1132 subjicientur.
540 1107 549 1122 ι

301 1143 335 1171 Ει
348 1143 505 1178 huiusmodi
514 1143 643 1179 coniugia
656 1148 685 1171 ut
697 1144 836 1181 prohibita
846 1144 1049 1172 dissolvantur:

266 1194 294 1217 et
310 1190 356 1224 qui
372 1197 402 1217 ea
419 1189 588 1217 contrahunt
597 1189 676 1224 juxta
689 1195 849 1224 praesentem
861 1195 889 1217 et
905 1196 1052 1225 septuageo

266 1236 367 1264 simum
393 1239 520 1262 octavum
558 1235 652 1264 Basilii
677 1229 939 1271 magni-canone“),
965 1243 1051 1263 unum

267 1276 369 1308 annum
386 1280 534 1314 deﬂebunl,
544 1280 614 1308 duos
629 1281 753 1313 audient,
767 1285 821 1308 tres
831 1281 1050 1314 substerncntur,

267 1330 295 1353 et
309 1326 427 1361 septimo
444 1333 499 1352 una
520 1334 582 1354 cum
602 1325 726 1354 ﬁdelibus
750 1326 921 1360 consistent;
947 1332 974 1355 et
996 1327 1047 1369 sic,

268 1373 291 1400 si
308 1379 371 1399 cum
396 1371 525 1407 lacrymis
541 1371 719 1408 resipiscam,
744 1372 845 1400 divinis
870 1373 1051 1401 sacramentis

232 1420 235 1424 '
268 1418 343 1454 digni
358 1418 544 1446 habebuntur.

566 1508 681 1549 canon
700 1509 755 1537 LV.
953 1543 957 1546 _

272 1564 283 1582 ι
298 1554 429 1587 Quoniam
448 1550 632 1582 intelleximus
645 1562 704 1588 eos,
727 1555 774 1590 qui
791 1559 855 1583 sunt
871 1555 898 1582 in
915 1555 1053 1583 Romano-

266 1603 269 1609 '
309 1611 319 1627 ι
333 1609 394 1628 rum
413 1601 535 1634 civitate,
551 1601 577 1629 in
594 1602 696 1629 sanctis
707 1601 1053 1637 Quadragesimtejejuniis

309 1657 318 1673 ι
336 1647 397 1681 ejus
415 1647 543 1674 Sabbatis
568 1641 704 1682 jejitnarc,
723 1653 820 1682 praeter
836 1648 1051 1676 ecclesiasticam

308 1702 317 1718 ι
332 1692 461 1719 traditam
473 1693 697 1727 consequentiam
710 1703 716 1720 :
733 1697 835 1721 sanctae
848 1695 952 1729 synodo
961 1695 1052 1730 ‘visutn

308 1748 317 1764 ι
334 1743 387 1772 est,
404 1742 433 1765 ut
448 1738 475 1766 in
494 1738 679 1766 Romanorum
704 1747 814 1775 quoque
830 1740 952 1769 Ecclesia
967 1731 1055 1769 invio-

308 1793 318 1810 ι
334 1784 450 1812 labiliter
465 1785 587 1812 obtineat
601 1792 703 1817 canon,
718 1787 763 1821 qui
779 1787 863 1820 dicitf:
880 1787 908 1814 Si
924 1788 986 1822 quis
999 1788 1055 1816 cle—

310 1837 320 1855 ι
337 1829 413 1856 ricus
437 1829 565 1857 inventus
581 1829 664 1857 fuerit
687 1829 715 1857 in
734 1835 830 1859 sancto
847 1831 992 1860 Dominico
1011 1833 1054 1861 vel

308 1883 319 1901 ι
336 1874 456 1902 Sabbato
470 1875 605 1910 jejunare,
631 1882 729 1911 praeter
744 1884 828 1905 unum
847 1883 874 1905 et
888 1879 990 1913 solum,
1006 1879 1054 1907 de-

308 1930 319 1948 r
333 1926 471 1957 ponatur:
488 1922 531 1949 sin
546 1926 636 1950 autem
649 1922 748 1956 laicus,
771 1930 938 1960 segregetur.
958 1934 969 1952 ι

307 2009 405 2037 BALS.
426 2009 496 2037 Tum
513 2013 625 2045 propter
639 2010 692 2038 alia
708 2012 804 2045 multa,
821 2017 880 2040 tum
894 2014 976 2042 etiam
993 2023 1056 2050 pro-

271 2063 333 2092 pler
358 2061 518 2092 praesentem
551 2064 696 2090 canonem,
721 2058 828 2092 dicunt,
862 2060 909 2095 qui
936 2065 1055 2089 veterem

273 2105 385 2131 Romam
402 2104 535 2136 incolunt,
549 2111 604 2131 non
619 2111 681 2132 esse
696 2109 819 2133 sanctam
835 2106 905 2149 hanc
920 2108 1054 2144 synodum

272 2150 482 2182 (ecumenicam,
497 2150 569 2178 sicut
581 2155 608 2177 et
622 2151 650 2178 in
664 2151 724 2185 ejus
734 2153 869 2186 prooemio
881 2154 1054 2189 scripsimus.
1071 2167 1093 2195 ι)

273 2197 415 2232 Tanquam
433 2196 505 2223 enim
521 2195 623 2224 ferrum
640 2204 689 2224 cor
704 2205 797 2226 eorum
812 2201 942 2234 pervasit,
957 2208 1057 2236 eosque

274 2244 380 2277 pungit,
397 2247 427 2269 ut
439 2242 485 2276 qui
498 2248 592 2269 contra
604 2244 783 2278 apostolicum
799 2252 931 2274 canonem
944 2246 1057 2281 faciant,

274 2289 322 2323 qui
340 2289 422 2315 dicit:
439 2289 466 2315 Si
481 2288 543 2322 quis
556 2289 675 2317 clericus
692 2290 821 2319 inventus
851 2292 934 2319 fuerit
960 2298 1057 2320 sancto

276 2334 417 2361 Dominico
431 2338 457 2362 et
473 2335 593 2362 Sabbato
605 2335 743 2371 jejunare,
765 2342 945 2373 praeterquam
962 2347 1016 2367 uno
1029 2344 1058 2368 et

276 2379 345 2412 solo,
358 2380 528 2414 deponatur:
549 2381 573 2408 si
598 2385 691 2409 autem
716 2382 814 2415 laicus,
840 2389 1008 2420 segregetur.
1036 2386 1057 2413 li

275 2433 341 2460 ergo
358 2427 437 2453 venia
453 2427 528 2461 digni
544 2434 598 2454 non
615 2432 689 2460 sunt,
707 2429 753 2463 qui
781 2436 837 2457 suae
852 2438 949 2458 rursus
967 2432 1058 2466 priva-

277 2477 310 2498 ta:
329 2472 517 2499 constitutioni
531 2473 677 2507 inhaerent,
693 2479 720 2501 et
734 2482 789 2502 non
805 2476 894 2503 solum
913 2478 939 2504 iu
955 2483 1057 2505 sancta:

276 2513 495 2552 Quadragesimae
506 2518 635 2547 Sabbatis
645 2519 781 2555 jejunant,
798 2522 846 2549 sed
859 2528 886 2550 et
900 2523 927 2550 in
944 2524 1057 2558 reliquis

275 2563 413 2591 omnibus.
436 2563 493 2598 Ego
507 2569 597 2592 autem
614 2566 669 2593 vidi
696 2568 828 2601 quosdam
852 2567 975 2602 Latinos,
999 2570 1056 2605 qui,

276 2617 339 2637 cum
364 2614 509 2644 propterea
527 2612 804 2646 reprehenderentur,
823 2614 931 2642 inanetn
948 2622 1057 2650 qucque

275 2656 481 2684 excusationem
499 2656 657 2692 aﬂerebant,
677 2659 711 2686 ad
727 2664 854 2687 sanctum
880 2668 978 2696 nempe
1004 2662 1056 2689 Do-

277 2703 344 2730 mini
367 2707 396 2731 et
409 2703 565 2732 Servatoris
587 2706 676 2733 nostri
700 2704 765 2733 Iesu
782 2706 882 2733 Christi
899 2707 1055 2742 sepulcrum

277 2748 441 2782 sditionem.
458 2753 486 2778 et
502 2751 574 2786 quod
590 2750 673 2786 hujus
688 2751 727 2779 rei
744 2751 832 2787 gratia
846 2759 880 2780 ex
894 2752 974 2788 longa
988 2761 1057 2781 con-

278 2794 423 2824 suetudine
437 2796 557 2825 obtinuit
567 2796 714 2833 jejunium.
729 2798 804 2827 Alios
819 2801 910 2827 autem
927 2799 993 2834 vidi,
1008 2801 1054 2836 qui

1140 873 1149 890 ι
1167 864 1311 898 ὲξάδελφον
1321 872 1328 879 ·
1343 864 1403 890 οὐδὲ
1417 863 1531 898 θυγατρὶ
1546 863 1594 890 καὶ
1610 863 1666 890 υίδν
1682 864 1729 890 καὶ
1756 864 1890 899 πατέρα·

1141 919 1150 936 ι
1170 910 1230 937 οὐδὲ
1245 910 1322 936 δυσὶν
1337 910 1463 949 ᾁδελφοῖς
1479 910 1585 945 μητέρα
1601 910 1648 946 καὶ
1665 910 1807 945 θυγατέρα
1822 917 1831 925 '
1845 911 1890 936 οὖ-

1138 966 1147 983 (
1165 956 1193 983 δὲ
1208 956 1284 983 δυσὶν
1298 957 1427 992 ἀδελφαῖς
1439 957 1571 991 ἀδελφούς
1583 965 1589 972 ·
1616 958 1642 984 εἰ
1657 957 1685 984 δέ
1716 965 1744 984 τι
1766 956 1892 983 τοιοῦτον

1140 1011 1149 1029 ι
1165 994 1282 1038 γένοιτο,
1295 1003 1369 1038 μετὰ
1382 1004 1431 1039 τῆς
1446 1003 1596 1036 διαλύσεως
1611 1003 1758 1031 ἑπταετίαν
1785 1003 1890 1030 ὑποτε-

1139 1059 1149 1076 ι
1168 1051 1320 1077 πτέτωσαν.
1342 1059 1352 1077 ι

1136 1138 1193 1166 Καὶ
1207 1136 1281 1166 οὗτοι
1292 1139 1315 1166 οἱ
1328 1139 1422 1174 γάμοι,
1438 1140 1476 1172 ὡς
1497 1141 1729 1176 ἀπηγορευμένα,
1756 1140 1888 1174 διαλυθή-

1103 1193 1194 1212 σονται
1210 1193 1217 1200 ·
1232 1186 1280 1212 καὶ
1289 1186 1314 1212 ot
1331 1186 1545 1219 συναλλάξαντες
1558 1187 1657 1219 αὐτοὺς
1668 1188 1740 1214 κατὰ
1753 1189 1802 1214 τὸν
1818 1197 1889 1222 παρ-

1101 1231 1163 1258 όντα
1175 1231 1275 1259 κανόνα
1290 1231 1336 1259 καὶ
1349 1233 1394 1259 τὸν
1413 1233 1612 1269 ἑϐδομηκοστὴν
1632 1234 1724 1269 ὃγδοον
1741 1235 1789 1261 τοῦ
1803 1236 1888 1269 μεγά-

1100 1276 1148 1303 λου
1163 1277 1303 1304 Βασιλείου
1318 1279 1439 1305 ἐνιαυτὸν
1463 1280 1693 1314 προσκλαὺσουσι,
1716 1280 1824 1308 διετίαν
1840 1281 1887 1306 ὐπ-

1102 1323 1291 1358 ακροάσονται,
1306 1325 1426 1358 τριετίαν
1445 1325 1653 1359 ὑποπεσοῦνται,
1669 1327 1715 1353 καὶ
1730 1326 1769 1361 τῷ
1780 1327 1888 1361 ἑϐδόμῳ

1103 1369 1280 1404 συστήσονται
1296 1370 1364 1404 μετὰ
1377 1371 1430 1397 τῶν
1441 1372 1545 1398 πιστῶν
1560 1381 1566 1388 ·
1582 1373 1629 1399 καὶ
1648 1373 1743 1404 οὕτως,
1759 1374 1811 1400 ἐὰν
1822 1374 1888 1407 μετὰ

1101 1414 1228 1449 δακρύων
1240 1416 1438 1456 μετανοήσωσι,
1452 1418 1506 1443 τῶν
1523 1417 1602 1444 θείων
1615 1419 1798 1454 ἀγιασμάτων
1812 1420 1889 1452 ἀξια»

1081 1469 1088 1480 ι
1103 1459 1242 1495 θήσονται.

1394 1509 1510 1537 ΚΑΝΩΝ
1525 1510 1589 1537 ΛΕ’.

1107 1562 1116 1578 ‹
1136 1552 1243 1593 Ἐπειδὴ
1263 1553 1462 1590 μεμαθήκαμεν
1476 1556 1539 1587 τοὺς
1554 1557 1582 1583 ἐν
1597 1559 1629 1592 τῇ
1651 1558 1798 1593 Ῥωμαίων
1814 1560 1888 1586 πόλει

1140 1606 1149 1623 ι
1168 1599 1197 1625 ἐν
1210 1600 1270 1630 ταῖς
1283 1599 1373 1633 ἁγίαις
1382 1601 1430 1634 τῆς
1445 1601 1658 1636 Τεσσαρακοσῆς
1672 1604 1816 1637 νηστείαις
1832 1607 1887 1636 τοῖς

1140 1654 1150 1670 σ
1166 1644 1266 1678 ταύτης
1281 1645 1429 1678 Σαϐϐάτοις
1444 1646 1582 1680 νηστεύειν
1599 1648 1674 1683 παρὰ
1687 1649 1737 1683 τὴν
1768 1649 1888 1685 παρεξο-

1139 1699 1148 1716 ι
1168 1690 1261 1716 θεῖσαν
1283 1691 1511 1728 ἑκκλησιαστικὴν
1544 1693 1705 1730 ἀκολουθίαν
1721 1700 1730 1708 ⁵
1755 1695 1831 1727 ἐδσξε
1857 1698 1887 1730 τῇ

1142 1745 1151 1761 ι
1170 1736 1236 1771 ἁγίᾳ
1251 1737 1350 1772 συνόδῳ
1363 1737 1433 1764 ὥστε
1450 1740 1560 1773 κρατεῖν
1572 1741 1618 1766 καὶ
1631 1740 1677 1766 ἐπὶ
1691 1742 1723 1775 τῇ
1743 1741 1888 1775 Ῥωμαίων

1143 1790 1153 1806 ι
1170 1781 1319 1818 Ἐκκλησία
1333 1784 1568 1818 ἁπαρασαλεύτως
1582 1786 1627 1812 τὸν
1641 1786 1753 1819 κανόνα,
1781 1787 1829 1814 τὸν
1845 1788 1887 1814 λέ-

1141 1835 1152 1853 ‹
1171 1835 1254 1862 γοντα
1272 1831 1280 1842 ⁸
1298 1829 1333 1854 Εἰ
1350 1826 1392 1861 τις
1405 1830 1536 1866 κληρικὺς
1554 1832 1679 1868 εὑρεθείη
1694 1835 1726 1868 τῇ
1751 1834 1819 1869 ἁγίᾳ
1832 1836 1887 1861 Κυ-

1145 1882 1155 1900 ‹
1175 1876 1256 1910 ριακῇ
1279 1875 1415 1910 νηστεύων
1431 1876 1447 1912 ἢ
1461 1877 1492 1903 τὸ
1508 1878 1647 1905 Σάὸὂατον
1662 1879 1730 1914 πλὴν
1756 1880 1806 1908 τοῦ
1828 1883 1888 1913 ἑνὸς

1090 1915 1093 1921 ’
1144 1929 1154 1946 ι
1172 1922 1220 1948 καὶ
1239 1921 1334 1956 μόνου,
1350 1922 1534 1958 καθαιρείσθω
1546 1931 1555 1940 ·
1571 1925 1595 1951 εί
1616 1925 1644 1951 δὲ
1670 1925 1775 1960 λαῖκδς,
1791 1928 1888 1964 (mept-

1144 1977 1154 1994 ι
1170 1968 1268 2000 ζέσθω.
1290 1978 1299 1995 ι

1141 2015 1238 2042 ΒΑΛΣ.
1257 2016 1311 2042 Καὶ
1332 2016 1371 2048 είς
1390 2016 1457 2043 ἄλλα
1478 2017 1639 2056 μὲνπολλὰ,
1651 2020 1719 2052 τέως
1733 2021 1763 2048 δὲ
1782 2022 1832 2048 καὶ
1845 2022 1888 2049 διὰ

1105 2061 1150 2088 τὺν
1179 2063 1300 2098 παρόντα
1337 2064 1447 2096 κανόνα,
1474 2064 1599 2100 λέγουσιν
1625 2067 1650 2092 οἱ
1676 2067 1728 2102 τῆς
1768 2069 1889 2101 παλαιᾶς

1112 2107 1219 2144 Ῥώμης,
1234 2110 1271 2151 μὴ
1288 2107 1357 2136 εἶναι
1370 2109 1419 2146 τὴν
1432 2112 1512 2145 ἁγίαν
1528 2113 1631 2148 ταύτην
1650 2113 1760 2140 σύνοδον
1793 2117 1886 2142 οἰκου-

1108 2156 1232 2191 μενικὴν,
1250 2155 1338 2188 καθὼς
1350 2159 1397 2184 καὶ
1413 2159 1441 2184 ἐν
1454 2158 1492 2193 τῷ
1511 2159 1646 2194 προοιμίῳ
1658 2161 1744 2195 αὐτῆς
1767 2163 1889 2196 ἐγράψα-

1108 2210 1170 2236 μεν.
1188 2202 1231 2234 Ὦς
1244 2203 1299 2238 γὰρ
1325 2203 1434 2239 σίδηρος
1459 2205 1551 2240 διῆλθε
1570 2206 1620 2241 τὴν
1647 2207 1761 2242 καρδίαν
1789 2210 1887 2237 αὐτῶν.

1105 2247 1155 2274 ’καὶ
1175 2249 1327 2283 στηλιτεύει
1343 2251 1454 2284 τούτους
1462 2252 1499 2284 ὡς
1514 2253 1682 2286 ὑπεναντίως
1692 2256 1841 2288 ποιοῦντας
1852 2259 1889 2292 τῷ

1107 2294 1280 2331 ἁποστολικῷ
1299 2297 1402 2330 κανόνι,
1433 2298 1471 2333 τῷ
1497 2299 1603 2332 λέγοντι
1616 2309 1623 2316 ·
1640 2301 1673 2327 Εἴ
1699 2309 1741 2332 τις
1760 2302 1889 2337 κληρικὸς

1107 2339 1231 2376 εὑρεθείη
1260 2343 1292 2377 τῇ
1315 2342 1383 2378 ἁγίᾳ
1409 2344 1535 2380 Κυριακῇ
1559 2346 1606 2372 καὶ
1633 2346 1670 2380 τῷ
1695 2346 1830 2382 Σαδὸάτῳ
1845 2357 1890 2382 νη-

1107 2385 1210 2412 στεύων
1226 2387 1296 2422 πλὴν
1315 2387 1363 2414 τοῦ
1383 2389 1441 2420 ἑνὸς
1458 2391 1504 2416 καὶ
1525 2390 1617 2424 μόνου,
1639 2391 1846 2426 καθαιρείσθω·
1865 2394 1889 2419 εἰ

1106 2430 1134 2456 δὲ
1149 2431 1251 2464 λαῖκδς,
1277 2433 1459 2469 ἀφοριξὲσθω.
1470 2436 1507 2461 Οὐ
1522 2436 1574 2471 χρὴ
1590 2434 1636 2463 οὗν
1649 2437 1761 2472 τούτους
1781 2439 1887 2472 συγνώ-

1109 2484 1162 2510 μης
1171 2476 1385 2514 ἀξιωθῆναιητῆς
1392 2480 1475 2515 αὐτῆς
1487 2482 1678 2516 ὲξερχομένους
1689 2483 1887 2518 ίδιορῤυθμίας,

1107 2522 1155 2548 καὶ
1180 2523 1261 2550 πάλιν
1291 2524 1339 2551 καὶ
1366 2526 1544 2561 νηστεύοντας
1572 2528 1610 2563 μὴ
1637 2528 1719 2564 μόνον
1752 2530 1824 2557 κατὰ
1856 2534 1888 2558 τὰ

1107 2568 1233 2606 Σάϐϐατα
1245 2570 1293 2605 τῆς
1307 2571 1389 2606 ἁγίας
1405 2570 1644 2610 Τεσσαρακοστῆς,
1664 2575 1733 2602 ἀλλὰ
1753 2577 1802 2604 καὶ
1819 2581 1888 2606 κατὰ

1106 2615 1141 2641 τὰ
1153 2615 1243 2645 λοιπά.
1263 2616 1333 2651 Ἐγὼ
1346 2618 1374 2644 δὲ
1387 2617 1456 2646 εἶδόν
1472 2628 1547 2652 τινας
1561 2621 1692 2654 Λατίνους
1704 2615 1885 2660 αἰτιωμένους

1106 2660 1150 2687 διὰ
1170 2662 1259 2695 τοῦτο,
1277 2664 1323 2702 καὶ
1336 2665 1453 2699 ματαίαν
1476 2667 1713 2703 προϐαλλομένους
1739 2674 1886 2706 πρόφασιν,

1106 2707 1162 2754 τὴν
1174 2708 1214 2739 είς
1234 2709 1279 2735 τὸν
1305 2711 1382 2743 ἅγιον
1406 2713 1489 2746 τάφον
1512 2713 1559 2740 τοῦ
1576 2714 1680 2750 Κυρίου
1701 2718 1749 2743 καὶ
1761 2719 1887 2754 Σωτῆρος

1106 2753 1184 2788 ἡμῶν
1211 2755 1298 2790 Ἰησοῦ
1326 2756 1443 2792 Χριστοῦ
1465 2759 1623 2792 ἀπέλευσιν,
1649 2761 1697 2788 καὶ
1731 2762 1781 2799 τὴν
1806 2753 1886 2798 χάῥιν

1106 2800 1201 2829 τούτου
1215 2803 1393 2840 κρατήσασαν
1408 2807 1535 2841 νηστείαν
1552 2809 1585 2836 ἐκ
1601 2809 1746 2845 συνηθείας
1767 2811 1885 2846 μακρᾶς.
