1936 3105
89 106 145 139 709

589 103 631 134 IN
646 103 730 134 CAN.
750 103 814 134 LVI
834 102 938 134 CONC.
961 103 1002 134 1N
1017 92 1185 135 TRULLO.

1646 106 1702 141 ’110

90 163 207 194 Ἀλλους
220 162 248 188 δὲ
264 160 332 188 εἶδον
352 160 389 196 μὴ
399 160 565 193 ἀπελθόντας
579 161 618 193 si;
632 161 666 188 τὰ
685 161 718 188 Ίε
724 162 867 197 ροσόλυμα,

929 161 1138 197 Hierosolymam
1162 169 1216 189 non
1239 163 1380 196 venerant,
1403 167 1429 190 et
1444 162 1571 192 similiter
1593 163 1701 199 jejuna-

87 210 139 237 καὶ
151 209 328 245 νηστεύοντας
348 208 448 244 ὁμοίως
468 216 476 224 ο
496 207 543 235 καὶ
571 209 667 239 ἄλλους
690 209 873 243 ἀτιμάζοντας

89 256 140 291 τὴν
166 255 293 300 τοιαύτην
323 255 450 289 νηστείαν
485 255 532 294 καὶ
555 255 706 290 ἀδιαφόρως
734 255 805 281 κατὰ
839 255 873 282 τὰ

89 303 218 330 Σάϐὅατα
240 301 435 333 καταλύοντας,
462 301 628 332 ἀπελθόντας
650 301 696 327 καὶ
723 302 810 328 ταῦτα
833 302 873 333 εἰς

88 348 136 374 τὸν
154 348 198 375 τοῦ
210 347 316 383 Κυρίου
327 347 418 381 τάφον.
435 347 491 374 Οὐκ
517 345 571 381 ἔχω
595 345 662 380 γοῦν
685 343 772 372 εἷπειν
800 346 873 377 ὅπως

88 394 178 421 ταῦτα
193 394 264 426 οὕτω
278 392 422 428 παρὰ-τῶν
433 391 560 419 τοιούτων
573 392 704 426 γίνονται.
728 392 822 419 Ἔοικε
844 390 872 417 δὲ

89 439 128 470 ὡς
140 440 195 470 τοῖς
213 439 285 465 ἔθεσι
300 437 427 474 μᾶλλονῆ
444 438 499 469 τοῖς
515 438 626 464 κανόσιν
649 437 816 464 ἀκολουθεῖν.

127 486 250 512 ΖΩΝΑΡ.
276 484 480 520 Διορθώσασθαι
509 484 539 510 τὺ
572 484 683 519 σφάλμα
710 483 790 510 τοῦτο
819 484 872 511 τῶν

88 532 214 560 Λατίνων
240 532 257 567 ἡ
280 531 387 562 συνόδος
403 531 592 566 ἐπεχείρησεν,
626 530 684 557 ἀλλ’
713 530 871 565 ἀδιόρθωτοι

90 579 141 605 καὶ
152 577 230 609 αὖθις
245 578 270 604 οἱ
278 577 407 609 ἀλαζόνες
421 577 533 612 ἔμεινάν
547 585 577 603 τε
593 577 640 604 καὶ
655 577 776 612 μένουσι,
800 577 868 612 μήτε

89 623 146 656 τοῖς
156 623 344 659 παλαιοτέροις
359 624 454 650 κανόσι
468 623 635 657 πειθόμενοι,
657 624 712 654 τοῖς
742 624 805 650 ἄνευ
822 621 870 649 τοῦ

89 670 148 701 Evt;
166 669 307 696 Σαϐϐάτου
329 669 377 696 τοῦ
400 668 518 704 μεγάλου
540 668 640 704 δηλαδὴ
666 668 703 704 μὴ
730 667 871 702 νηστεύειν

87 715 118 741 ὲν
135 715 264 751 Σαϐϐάτῳ
281 715 429 746 κελεύουσι,
448 715 515 750 μήτε
530 714 618 749 τούτῳ
633 714 869 749 ἐπιστρεφόμενοι,

88 761 137 788 καὶ
153 762 221 797 μήτε
234 763 283 798 τὴν
293 762 451 797 καθαίρεσιν
462 762 488 788 οί
506 761 651 797 ίερωμένοι
663 761 868 796 εὐλαϐούμενοι,

89 807 154 843 μήθ’
168 809 192 835 οί
216 808 304 835 λαῖκοὶ
317 809 362 835 τὸν
373 805 535 843 ἁφορισμὸν.

89 899 204 926 ΔΡΙΣΤ.
225 907 234 924 ι
251 899 282 925 Οί
300 898 434 931 Ῥωμαῖοι
446 898 503 929 τοῖς
515 897 564 931 τῆς
576 896 806 932 Τεσσαρακοστῆς
821 905 870 932 νη-

128 944 283 971 (στεύουσι
310 943 465 971 Σάὸὃασιν·
505 943 709 978 ὑπομιμνήσκει
735 943 825 970 τοίνυν
853 943 870 979 ἡ

127 999 136 1017 ι
154 990 261 1022 σύνοδος
273 991 320 1017 καὶ
336 989 382 1016 ἐπὶ
406 989 508 1016 τούτων
522 989 568 1016 τδν
581 984 758 1015 ἀέτοστολικδν
769 989 871 1016 κανόνα

129 1046 138 1062 ι
157 1037 279 1072 κρατεῖν.
301 1045 312 1062 ι

124 1083 258 1110 Μαθοῦσα
275 1082 344 1116 αὕτη
357 1084 373 1117 ἡ
389 1082 455 1116 ἁγία
476 1081 584 1113 σύνοδος
606 1082 669 1113 τοὺς
690 1082 720 1109 ἐν
747 1083 781 1117 τῇ
805 1081 871 1108 Ῥω-

924 206 1010 233 bant:
1028 211 1055 233 et
1068 206 1138 234 alios
1155 207 1201 242 qui
1219 207 1354 242 ejusmodi
1379 208 1514 243 jejunium
1542 213 1703 239 contemne-

924 252 988 279 bant
1011 257 1038 280 et
1063 252 1302 282 indiscriminatim
1333 254 1361 282 in
1390 254 1518 283 Sabbatis
1540 256 1701 289 solvebant,

922 299 968 333 qui
993 299 1072 326 etiam
1101 300 1134 327 ad
1162 299 1270 327 Domini
1297 302 1450 336 sepulcrum
1474 307 1614 330 venerant.
1642 302 1702 331 Non

902 340 909 346 ⁸
923 351 1034 379 possum
1054 345 1146 380 itaque
1169 346 1260 374 dicere
1277 347 1415 382 quomodo
1440 348 1497 375 haec
1523 348 1556 376 ab
1583 349 1638 376 illis
1662 349 1703 376 sic

925 389 1015 417 ﬁant.‘
1043 390 1176 419 Videntur
1203 398 1293 420 autem
1318 393 1338 420 ii
1361 395 1586 426 consuetudinem
1611 395 1703 431 potius

922 437 1009 469 sequi,
1026 445 1108 472 quam
1125 446 1255 466 canones.

933 480 1083 525 ’ZONAR.
1110 482 1269 511 Latinorum
1304 484 1356 512 hoc
1384 490 1525 520 peccatum
1558 487 1703 515 emendare

921 523 1043 562 synodus
1054 533 1167 556 conatus
1180 534 1237 562 est;
1255 538 1347 558 verum
1363 532 1390 559 in
1405 539 1454 559 sua
1470 532 1618 567 pertinacia
1633 533 1701 560 hac-

920 581 1000 602 tenus
1018 581 1230 610 permanserunt
1251 580 1424 613 arrdgantes,
1441 578 1576 613 hodieque
1595 586 1703 614 perma-

920 626 996 648 nent.
1024 621 1116 656 Neque
1141 630 1218 654 vero,
1244 629 1291 650 aut
1305 624 1430 659 antiquos
1443 632 1562 652 canones
1577 625 1700 657 audiunt,

920 665 967 700 qui
980 673 1061 693 omne
1076 667 1102 700 in
1116 666 1236 695 Sabbato
1245 668 1392 702 jejunium,
1407 676 1462 696 uno
1471 674 1595 705 excepto,
1605 677 1702 704 nempe

920 712 1012 747 magni
1028 712 1140 740 Sabbati
1155 713 1210 747 die,
1230 715 1343 742 vetitum
1356 723 1418 743 esse
1433 716 1556 749 voluere,
1580 721 1628 743 aut
1650 716 1702 744 hu-

918 757 963 793 jus
977 765 1086 794 quoque
1101 765 1247 788 moventur
1262 759 1443 790 auctoritate.~
1462 762 1533 794 Quin
1548 767 1575 790 et
1590 761 1701 797 deposi-

922 804 1022 831 tionem
1038 812 1147 840 quoque
1163 807 1210 841 qui
1226 807 1313 836 sacris
1330 807 1429 835 initiati
1445 813 1518 839 sunt,
1534 813 1560 835 et
1573 815 1701 843 segrega-

921 849 1021 876 tionem
1035 850 1222 886 jejunantibus
1239 852 1368 880 indictam
1386 853 1447 881 laici
1463 854 1615 890 negligunt.

919 895 1033 924 ARIST.
1050 906 1060 923 (
1073 897 1187 926 Romani
1195 898 1415 935 Quadragesimaa
1425 899 1699 936 Sabbatisjejunant:

957 951 967 968 ι
991 943 1120 972 admonet
1145 945 1238 980 itaque
1263 946 1385 979 synodus
1409 946 1436 973 in
1451 945 1494 974 his
1511 947 1593 974 etiam
1611 954 1697 976 cano-

957 999 967 1015 ι
984 997 1045 1024 nem
1062 991 1243 1025 apostolicum
1257 992 1358 1021 valere.
1373 1001 1383 1018 ι

953 1079 1112 1115 intelligens
1120 1081 1178 1109 hazc
1191 1086 1284 1118 sancta
1301 1090 1363 1118 syn.
1379 1090 1438 1116 eos,
1452 1084 1498 1119 qui
1513 1084 1541 1112 in
1559 1085 1699 1114 Romano-

89 1132 180 1166 μαίων
200 1131 276 1157 πόλει
291 1130 336 1157 τόν
359 1129 504 1165 ἑξηκοστὸν
530 1128 661 1164 τέταρτον
688 1127 789 1155 κανόνα
816 1129 867 1154 τνῖνν

929 1133 979 1152 'um
1006 1131 1069 1153 sunt
1095 1126 1176 1163 224
1201 1128 1320 1161 civitate,
1347 1131 1545 1166 sexagesimum
1571 1137 1699 1166 quartum

87 1166 176 1211 ἁκίων
192 1176 347 1203 ἀποστόλων
363 1175 592 1211 παραὸαίνοντας,
606 1174 651 1201 τὸν
669 1175 867 1209 προστάττοντα

929 1176 1077 1198 ιεηεῑοτιιηι
1097 1173 1285 1207 apostolorum
1304 1164 1506 1203 canonemy‘alio
1519 1164 1699 1213 praeterquam

72 1222 153 1258 ⁴ἄνευ
167 1222 212 1248 τοῦ
228 1221 346 1256 μεγάλου
364 1221 503 1247 Σαϐϐάτου
517 1220 610 1254 ἕτερον
624 1220 761 1246 Σάὁὸατον
781 1221 798 1255 ἢ
815 1221 867 1246 Κυ-

929 1224 1017 1252 nagno
1034 1217 1154 1246 Sabbato
1183 1224 1229 1246 aut
1257 1220 1302 1247 die
1329 1220 1471 1249 Dominico
1494 1230 1549 1250 non
1573 1223 1700 1259 jejunare

89 1268 189 1304 ριακὴν
207 1269 244 1303 μὴ
265 1267 404 1303 νηστεύειν
422 1275 428 1282 ·
442 1267 525 1302 ὥρισε
543 1267 590 1293 καὶ
606 1267 634 1293 ἐν
661 1268 693 1302 τῇ
729 1266 867 1301 Ῥωμαίων

929 1263 1104 1297 nandantem,
1122 1265 1262 1293 transilire
1277 1275 1284 1294 :
1316 1267 1448 1300 decrevit,
1465 1274 1492 1295 et
1507 1269 1534 1296 in
1561 1269 1699 1298 Romam-

94 1314 244 1350 Ἐκκλησία
260 1314 484 1350 ἁπαρασάλευτον
499 1313 544 1340 τὸν
554 1313 675 1340 τοιοῦτον
690 1313 867 1341 ἀποστολικὸν

929 1316 977 1335 ὐῐη
1009 1308 1130 1337 Ecclesia
1149 1310 1223 1338 illum
1255 1312 1437 1347 apostolorum
1463 1321 1594 1344 canonem
1624 1316 1702 1345 llrme

87 1361 189 1388 κανόνα
204 1360 397 1395 φυλάττεσθαι.

929 1354 1165 1391 nviolabiliterque
1180 1357 1381 1385 observandum
1400 1367 1472 1388 esse.

369 1416 489 1443 ΚΑΝΩΝ
516 1416 587 1451 Nc.
706 1422 709 1425 -

1207 1413 1321 1442 CANON
1341 1414 1408 1443 LVI.

92 1484 102 1500 ε
129 1473 265 1504 Ὡσαύτως
279 1473 477 1508 μεμαθήκαμεν
486 1473 515 1499 ἐν
530 1482 559 1499 τε
570 1473 603 1508 τῇ
624 1473 776 1509 ’Ᾱρμενιων
791 1473 867 1510 χώρᾳ.

929 1479 932 1496 r
954 1470 1088 1500 Similiter
1105 1472 1260 1508 accepimus
1275 1477 1302 1500 et
1324 1473 1352 1500 in
1379 1474 1572 1503 Armeniorum
1587 1456 1699 1513 reéione

129 1529 140 1546 ‹
156 1521 202 1546 καὶ
214 1520 242 1546 ὲν
258 1519 360 1553 ἑτέροις
377 1519 479 1551 τόποις,
496 1519 525 1544 ἐν
552 1520 608 1549 τοῖς
623 1519 744 1546 Σάῦἥασι
769 1520 816 1547 καὶ
840 1522 869 1548 ὲν

123 1575 133 1591 ι
153 1566 213 1596 ταῖς
232 1565 386 1600 Κυριακαῖς
401 1566 451 1599 τῆς
471 1564 552 1596 ἁγίας
577 1556 815 1599 Τεσσαρακοστῆξ
828 1565 869 1591 ὼὰ

127 1621 136 1637 ι
157 1612 203 1638 καὶ
229 1610 313 1646 τυρὸν
346 1609 447 1637 ὲσθίειν
474 1610 568 1641 τινάς·
602 1610 675 1642 ἔδοξε
704 1610 793 1637 τοίνυν
822 1611 869 1640 καὶ

129 1657 328 1688 ε,τοῦτο,ὥστε
352 1656 401 1691 τὴν
426 1656 497 1683 κατὰ
520 1657 610 1682 πᾶσαν
639 1657 688 1691 τὴν
707 1656 869 1691 οἰκουμένην

125 1713 134 1730 ι
149 1704 197 1730 τοῦ
225 1703 292 1730 Θεοῦ
326 1701 509 1736 Ἐκκλησίαν,
542 1703 591 1737 μιᾷ
617 1701 869 1729 κατακολουθοῦσαν

127 1760 137 1777 ι
154 1749 240 1782 τάξει.
252 1749 302 1785 τὴν
311 1748 438 1783 νηστείαν
460 1748 605 1780 ἐπιτελεῖν,
636 1748 683 1774 καὶ
706 1748 867 1783 ἀπέχεσθαι,

127 1806 136 1822 ι
151 1787 248 1830 ’ὥσπερ
261 1794 342 1834 θυτοῦ
361 1790 469 1826 παντός,
484 1794 555 1820 οὕτω
571 1793 603 1829 δὴ
626 1793 679 1820 ὼοῦ
695 1794 745 1820 καὶ
774 1794 867 1829 τυροῦ,

130 1851 140 1868 ι
161 1841 179 1868 ἃ
193 1840 298 1875 καρπός
312 1840 365 1866 είσι
385 1840 432 1866 καὶ
452 1839 611 1874 γεννήματα
635 1836 673 1866 ὧν
697 1839 867 1874 ἀπεχόμεθα.

129 1897 138 1914 ι
157 1887 192 1915 Εἰ
203 1887 231 1914 δὲ
248 1887 284 1922 μὴ
294 1886 372 1912 τοῦτο
383 1885 630 1919 παραφυλάττοιεν,
642 1886 667 1911 εί
679 1886 727 1920 μὲν
741 1886 869 1921 κληρικοὶ

128 1943 137 1960 ι
155 1931 221 1965 εἷεν,
236 1931 473 1968 καθαιρείσθωσαν
486 1939 494 1947 ·
515 1931 540 1957 εί
562 1931 590 1957 δὲ
601 1931 708 1966 ίλαῖκοὶ,
744 1932 870 1966 ἀφοριζέ-

129 1990 137 2006 ι
158 1980 273 2006 σθωσαν.
295 1988 304 2004 ι
456 1970 462 1978 ’

127 2036 223 2062 ΒΑΛΣ.
245 2035 289 2061 Ἑν
304 2034 341 2069 τῷ
356 2033 516 2069 προλαϐόντι
545 2033 638 2060 κανόνι
660 2033 869 2069 νενομοθέτηται

91 2083 129 2117 μὴ
144 2081 285 2116 νηστεύειν
302 2081 330 2106 ἐν
344 2081 400 2111 τοῖς
412 2079 562 2110 Σαϐϐάτοις
581 2079 628 2105 καὶ
641 2080 700 2110 ταῖς
713 2080 868 2114 Κυριακαῖς

957 1525 967 1542 ‹
982 1521 1010 1544 et
1024 1517 1052 1544 in
1068 1517 1129 1545 aliis
1144 1517 1224 1551 locis,
1241 1518 1269 1545 in
1285 1518 1412 1555 sabbatis
1427 1525 1454 1547 et
1468 1519 1619 1555 Dominicis
1635 1531 1700 1551 san-

956 1572 966 1589 ι
983 1566 1033 1591 cla:
1047 1563 1277 1598 Quadragesimae,
1301 1565 1433 1599 quosdam
1460 1573 1509 1594 ova
1537 1573 1563 1595 et
1587 1576 1696 1597 caseum

956 1617 965 1634 ι
980 1608 1130 1636 comedere.
1152 1608 1242 1639 Visum
1258 1614 1299 1637 est
1314 1617 1379 1644 ergo
1395 1614 1422 1638 et
1439 1611 1502 1645 hoc,
1529 1617 1559 1640 ut
1575 1617 1628 1641 lota
1651 1613 1698 1642 Dei

956 1663 966 1681 ε
982 1654 1115 1687 Ecclesia,
1133 1663 1194 1690 qua:
1212 1659 1254 1683 est
1269 1655 1297 1683 in
1319 1656 1447 1686 universo
1463 1662 1597 1686 terrarum
1621 1661 1696 1694 orbe,

955 1710 966 1727 ο
982 1709 1065 1728 unum
1082 1700 1204 1729 ordinem
1228 1709 1358 1736 sequens,
1370 1703 1506 1737 jejunium
1522 1705 1656 1739 perﬁciat,
1670 1711 1698 1734 et

958 1756 968 1773 ι
984 1747 1131 1780 abstineat,
1151 1747 1223 1775 sicut
1236 1748 1271 1775 ab
1287 1748 1360 1776 omni
1375 1749 1522 1783 mactabili,
1536 1751 1576 1778 sic
1593 1751 1626 1779 ab
1640 1753 1698 1781 ovis

957 1802 967 1820 ι
982 1798 1010 1822 et
1035 1801 1125 1827 caseo,
1151 1801 1212 1829 quae
1236 1793 1346 1828 quidem
1374 1800 1439 1823 sunt
1457 1796 1561 1825 fructus
1576 1802 1602 1826 et
1617 1798 1698 1827 ίυειιιε

956 1849 967 1867 ‹
980 1847 1074 1868 eorum
1090 1848 1105 1867 a
1120 1841 1220 1876 quibus
1233 1835 1409 1869 abstinemus.
1429 1841 1456 1869 Si
1473 1849 1562 1871 autem
1579 1845 1630 1872 hoc
1644 1853 1698 1873 non

956 1895 966 1912 ‹
982 1886 1161 1919 servaverint,
1187 1886 1210 1914 si
1227 1887 1283 1914 sint
1299 1887 1410 1921 quidem
1436 1889 1540 1923 clerici,
1556 1889 1698 1926 deponer-

958 1941 967 1967 ᾳ
985 1936 1051 1960 tur:
1069 1932 1112 1960 sin
1120 1935 1210 1960 autem
1226 1931 1299 1967 laici,
1313 1938 1501 1968 segregentur.
1520 1944 1530 1961 ι

919 2031 944 2065 [3
955 2030 1052 2058 BALS.
1080 2030 1110 2057 in
1127 2029 1289 2065 praecedenti
1306 2030 1417 2065 quidem
1444 2038 1548 2060 canone
1563 2037 1696 2063 statutum

919 2082 971 2110 est,
988 2077 1014 2104 in
1031 2076 1159 2104 Sabbatis
1172 2081 1200 2104 et
1214 2075 1364 2114 Dominicis
1391 2082 1493 2105 sanctae
1512 2078 1696 2116 Quadragesi-

89 2128 137 2162 τῆς
151 2127 229 2166 ἁγίας
239 2125 476 2161 Τεσσαρακοστῆς.
499 2124 637 2159 Ἀρμένιοι
655 2124 701 2150 οὖν
720 2124 766 2166 καί
794 2134 867 2157 τινες

929 2131 970 2151 ne
995 2131 1048 2151 non
1062 2130 1122 2150 esse
1134 2122 1322 2157 jejunandum.
1338 2123 1459 2151 Armenii
1477 2124 1568 2160 itaque
1582 2130 1609 2154 et
1635 2127 1696 2162 qui-

90 2162 235 2209 όρθόδοξοι,
249 2172 285 2203 ὡς
299 2172 381 2201 ἔοικε¹
396 2170 577 2205 πλανηθέντες
591 2170 643 2196 ἀπὸ
670 2169 717 2196 τοῦ
734 2162 867 2196 λτοιούτου

93 2219 213 2251 κανόνος,
230 2218 360 2245 κατέλυον
373 2219 401 2244 ὲν
418 2219 474 2249 τοῖς
499 2217 604 2252 ῥηθεῖσι
631 2217 792 2250 Σαϐϐἀτοις,
822 2218 868 2244 καὶ

89 2265 180 2301 ἤσθιον
195 2265 236 2291 ὡὰ
250 2265 297 2291 καὶ
311 2264 402 2299 τυρὸν,
416 2263 453 2295 ὡς
476 2263 557 2296 δῆθεν
585 2262 623 2297 μὴ
645 2262 793 2297 μετέχοντα
824 2262 868 2289 αῖ-

92 2319 186 2346 ματος.
204 2310 262 2336 ἀλλ’
278 2310 385 2336 ἐοικότα
400 2309 516 2344 καρποῖς
533 2308 687 2344 όπωρινοῑς.
711 2307 796 2350 Τοῦτο
819 2307 866 2335 οὖν

90 2355 268 2390 διορθουμένη
286 2355 302 2390 ἡ
321 2354 442 2386 σύνοδος,
456 2353 603 2389 διορίζεται
616 2354 666 2389 μιᾷ
678 2353 754 2386 τάξει
783 2361 868 2380 κατα-

92 2399 228 2427 κολουθείν
242 2400 292 2431 τὰς
309 2399 543 2433 ὃλαςἘκκλησίας
557 2398 604 2425 τοῦ
619 2399 697 2431 Θεοῦ,
708 2399 754 2425 καὶ
766 2399 869 2431 πάντας

92 2447 242 2482 ἀπέχεσθαι
274 2446 355 2473 θυτοῦ
386 2446 525 2477 παντοίου,
551 2445 591 2471 ὃτι
616 2446 711 2472 καὶτὰ
732 2444 772 2471 ὠὰ
785 2445 831 2471 καὶ
844 2445 869 2471 οἱ

91 2494 169 2528 τυροὶ
181 2493 233 2520 κᾶν
248 2493 349 2528 καρποὶ
373 2492 546 2526 λογίζωνται,
562 2491 618 2518 ἀλλ’
634 2491 696 2518 ἐπεὶ
714 2491 748 2517 τὰ
776 2491 806 2523 ἐξ
831 2488 869 2518 ὧν

92 2539 177 2566 ταῦτα
190 2539 347 2573 γεγόνασιν,
360 2539 410 2564 οὐκ
422 2537 559 2572 ἐσθίομεν,
572 2537 632 2563 οὐδὲ
646 2537 686 2568 είς
701 2537 771 2564 αὐτὰ
785 2545 869 2563 κατα-

93 2586 166 2612 λύειν
178 2585 332 2619 όφείλομεν.
347 2583 416 2615 Τοὺς
439 2584 530 2618 μέντοι
558 2583 596 2618 μὴ
627 2583 809 2618 φυλάττοντας
835 2583 869 2609 τὰ

93 2630 465 2665 διατεταγμένα.κληρικοῦς
489 2629 539 2665 μὲν
564 2629 652 2661 ὄντας,
679 2629 869 2664 καθαιρεῖσθαι

87 2675 310 2711 ’παρακελεύεται
324 2675 338 2701 ό
352 2674 456 2701 κανών·
484 2675 596 2704 λαῖκοὺς
621 2674 660 2706 δὲ,
679 2674 866 2709 ἀφορίζεσθαι.

95 2721 147 2747 Καὶ
161 2721 268 2750 πάντως
285 2719 323 2754 τῷ
339 2719 413 2754 αύτῷ
429 2719 558 2754 ἐπιτιμίῳ
586 2719 743 2746 ὑπόκεινται
771 2719 818 2746 καὶ
844 2719 868 2745 οἱ

93 2767 136 2793 διὰ
151 2760 234 2802 τυροῦ
250 2766 298 2793 καὶ
311 2765 366 2792 ὼοῦ
379 2765 558 2797 καταλύοντες
575 2765 616 2797 είς
629 2765 678 2798 τὰς
689 2766 752 2796 ὅλας
763 2766 867 2801 Τετρά-

94 2813 141 2845 δας
157 2814 204 2840 καὶ
219 2812 397 2847 Παρασκευά;
411 2820 418 2827 ·
432 2812 472 2839 ὅτι
483 2812 692 2847 νενομοθέτηται
708 2811 777 2839 κατὰ
800 2812 866 2838 ταύ-

919 2168 993 2202 dam,
1018 2173 1048 2195 ut
1066 2172 1107 2195 est
1129 2167 1288 2199 verisimile,
1314 2168 1458 2195 orthodoxi
1477 2177 1508 2196 ex
1528 2170 1579 2198 hoc
1593 2178 1697 2200 canone

918 2218 1054 2246 errantes,
1083 2213 1110 2240 in
1136 2211 1217 2240 dictis
1244 2212 1371 2241 Sabbatis
1400 2214 1576 2242 comedebant
1595 2224 1646 2245 ova
1670 2223 1697 2246 et

918 2267 1038 2292 caseum,
1063 2263 1092 2286 ut
1114 2266 1174 2294 quae
1188 2263 1281 2286 essent
1298 2259 1439 2294 sanguinis
1458 2261 1578 2295 expertia
1596 2266 1623 2289 et
1645 2270 1696 2290 au-

918 2306 1004 2341 tumni
1033 2305 1179 2333 lructibus'
1203 2305 1314 2333 similia.
1343 2304 1400 2333 Hoc
1428 2306 1519 2345 itaque
1556 2309 1696 2344 corrigens
1740 2313 1744 2318 ‘

918 2353 1012 2380 deﬁnit
1023 2352 1156 2387 synodus,
1174 2358 1268 2379 omnes
1286 2350 1332 2378 Dei
1347 2351 1483 2380 Ecclesias
1500 2353 1599 2382 debere
1611 2363 1694 2382 unum

918 2399 1038 2427 ordinem
1058 2398 1146 2432 sequi,
1165 2401 1192 2424 et
1208 2397 1345 2425 abstinere
1370 2405 1462 2426 omnes
1491 2399 1524 2426 ab
1549 2400 1621 2427 omni
1638 2409 1695 2428 ma-

918 2443 1021 2474 ctabili,
1036 2443 1164 2478 quoniam
1189 2447 1216 2470 et
1237 2450 1287 2470 ova
1304 2448 1330 2470 et
1348 2444 1434 2477 casei,
1460 2445 1565 2473 etiamsi
1590 2446 1694 2474 fructus

918 2493 1088 2524 reputentur,
1113 2488 1176 2523 quia
1203 2493 1292 2515 tamen
1314 2496 1357 2521 ea,
1385 2497 1417 2516 cx
1439 2491 1538 2524 quibus
1565 2491 1608 2518 illa
1631 2499 1694 2526 pro-

918 2539 1072 2566 cesserunt,
1105 2541 1157 2561 non
1173 2535 1359 2567 comedimus,
1382 2543 1416 2562 ne
1442 2536 1482 2563 eis
1504 2536 1612 2570 quidem
1627 2537 1695 2571 ipsis

918 2581 992 2608 vesci
1007 2588 1038 2608 ac
1051 2579 1184 2619 jejunium
1199 2581 1306 2609 solvere
1334 2581 1474 2609 debemus.
1503 2582 1542 2608 Ac
1567 2589 1616 2609 eos
1632 2583 1694 2616 qui-

918 2625 990 2656 dem,
1006 2624 1051 2658 qui
1069 2623 1126 2650 hazc
1143 2623 1251 2651 decreta
1266 2632 1320 2652 non
1336 2630 1456 2658 servant,
1474 2625 1496 2653 si
1512 2626 1566 2653 sint
1582 2626 1692 2660 quidem

918 2671 1022 2701 clerici,
1037 2670 1138 2706 deponi
1152 2670 1230 2705 jubet
1245 2678 1345 2703 canon,
1363 2671 1446 2697 laicos
1466 2678 1531 2698 vero
1546 2672 1692 2706 segregari.

919 2718 957 2745 Ac
968 2717 1056 2745 eidem
1073 2717 1182 2752 quidem
1210 2716 1321 2743 omnino
1346 2723 1433 2751 pinnae
1454 2716 1635 2750 subjiciuntur
1665 2721 1693 2744 et

919 2764 966 2799 qui
980 2771 1027 2798 per
1043 2770 1155 2790 caseum
1168 2765 1196 2789 et
1220 2769 1300 2789 ovum
1326 2761 1456 2796 jejunium
1483 2762 1591 2790 solvunt
1615 2764 1690 2791 omni

920 2814 1017 2846 quarta
1033 2812 1066 2837 et‘
1084 2812 1159 2836 sexta
1191 2806 1270 2840 feria,
1296 2814 1344 2835 seu
1370 2807 1536 2843 Parasceve;
1562 2809 1690 2844 quoniam
