1936 3105
85 188 133 220 745

549 181 694 227 ΙΝᾛΑΝ.
729 181 836 212 LXVII
852 179 956 210 CONC.
977 180 1018 210 ΙΝ
1034 180 1112 211 TRU
1120 180 1198 211 LLO.

1649 180 1703 213 746

115 244 211 272 ΒΔΛΣ.
229 243 274 274 Ὠς
288 243 337 278 μία
351 240 532 277 Κυριώνυμος
543 239 635 275 ἡμέρα
642 238 780 273 λογίζεται
792 237 864 263 κατὰ

950 236 1049 264 BALS.
1075 236 1216 272 Tanquam
1229 244 1300 264 unus
1314 236 1372 266 dies
1384 236 1542 265 Dominicus
1553 244 1600 273 per
1610 238 1707 266 tritinia

84 291 168 318 πάντα
193 291 210 324 ἡ
235 289 302 324 μετὰ
323 290 373 323 τὴν
399 287 495 321 ἁγίαν,
511 285 661 313 ἀνάστασιν
686 284 732 310 τοῦ
758 282 862 317 Κυρίου

83 336 128 363 καὶ
149 335 216 362 θεοῦ
241 338 289 361 καὶ
312 335 437 369 Σωτῆρος
460 332 537 368 ἡμῶν
568 330 654 366 Ἰησοῦ
671 329 788 366 Χριστοῦ
800 329 864 364 τρέ-

83 390 163 417 χουσαι
188 380 316 415 ἑϐδομὰς,
346 379 416 406 κατὰ
444 378 473 405 δὲ
498 377 527 403 τὺ
556 377 593 415 μῂ
623 377 687 410 γόνυ
714 377 863 410 κάμπτειν,

83 428 128 453 καὶ
157 428 173 462 ἡ
200 426 249 461 ὅλη
274 425 464 460 Πεντηκοστή.
485 424 562 450 Ἐπεὶ
576 423 604 449 δὲ
616 422 712 458 ἑορτῆς
739 422 785 449 καὶ
811 429 864 447 πα-

83 473 220 507 νηγύρεως
245 471 356 506 ἀφορμὴ
369 471 523 505 ἐνομίζοντό
535 478 606 496 τισιν
622 470 650 496 αἱ
673 468 863 504 ἱπποδρομίαι,

84 519 148 554 πρὸς
163 519 190 545 δὲ
218 519 265 544 καὶ
281 518 308 543 αἱ
334 517 412 544 ἄλλαι
433 516 580 552 δημοτικαὶ
605 514 779 549 παιγνιώδεις
793 514 863 545 θέαι,

83 565 241 599 διωρίσαντο
263 564 286 589 οἱ
313 562 434 598 [Ιατέρες
458 563 495 597 μὴ
521 561 609 593 οὕτως
625 559 765 596 ἑορτάζειν
790 561 864 595 ἡμᾶς

83 613 150 637 κατὰ
167 602 269 645 ⁴ταύτην
287 608 347 643 τὴν¹
360 608 512 643 πασχάλιον
538 607 682 643 ὲΰδομάδα,
710 606 779 633 ἀλλὰ
803 606 863 632 θεο-

82 656 164 690 φιλῶς
186 657 232 681 καὶ
261 655 330 681 κατὰ
353 658 383 680 τὸ
403 654 513 680 δυνατὸν
539 653 718 688 ἁγιοπρεπῶς
743 652 865 688 δηλονότι

83 702 221 737 σχολάζειν
242 702 271 727 ὲν
291 702 352 733 ταῖς
378 701 549 735 ἐκκλησίαις,
576 701 622 726 καὶ
637 699 682 726 διὰ
703 699 758 725 τῶν
785 698 864 725 θείων

81 748 303 783 ψαλτῳδημάτων
329 747 530 783 κορέννυσθαι·
558 746 607 772 καὶ
633 745 671 777 ὡς
699 745 748 780 ἤδη
774 744 866 776 ἀξίους

82 795 245 829 γενομὲνους
270 794 400 828 ἑορτάσαι
426 793 475 828 τὴν
492 792 539 819 τοῦ
571 791 675 826 Κυρίου
704 791 864 823 ἀνάστασιν,

82 840 260 875 κατατρυφᾷν
289 839 344 865 τῶν
379 839 461 865 θείων
488 838 657 873 μυστηρίων,
688 837 736 863 καὶ
765 845 865 863 συναν-

83 885 205 912 ίπτατθαι
235 885 273 919 τῷ
305 884 464 914 ἀναστάντι,
484 883 545 911 Γκαὶ
567 883 640 918 ἡμᾶς
669 883 708 913 εἰς
734 882 865 917 οὐρανοὺς

80 930 252 964 ἁνυψὼσκντι
267 949 274 960 ,
300 929 411 964 Χριστῷ
435 928 474 962 τῷ
506 928 565 963 Θεῷ
590 928 681 963 ἡμῶν.
706 927 865 964 Σημείωσαι

80 975 125 1004 οὖν
153 977 193 1003 ὅτι
221 977 323 1006 πάντες
352 976 377 1001 οἱ
403 975 496 1001 πιστοὶ
522 974 675 1009 ὀφείλουσιν
701 975 731 1001 ὲν
757 974 866 1009 ἑτοιμό-

80 1030 141 1057 τητι
162 1020 231 1049 εἶναι
255 1022 302 1055 τοῦ
326 1021 549 1057 μετιλαμϐάνειν
573 1021 628 1048 τῶν
651 1020 738 1054 ἁγίων
764 1029 867 1056 μυστη-

82 1070 145 1104 ρίων
170 1068 230 1095 καθ’
259 1069 398 1102 ἑκάστην,
438 1068 463 1094 εί
488 1067 619 1101 δυνατὸν,
647 1065 739 1097 καθὼς
765 1067 812 1105 καί
838 1067 867 1093 ἐν

81 1114 183 1149 ἑτέροις
205 1114 300 1139 κανόσι
327 1113 406 1139 τοῦτο
434 1112 609 1148 προείρηται.
633 1111 687 1138 Τοῦ
711 1112 739 1138 δὲ
755 1113 867 1144 κανόνος

80 1159 166 1187 ταῦτα
189 1159 389 1194 διοριζομένου,
408 1158 541 1193 ἐρωτήσει
555 1163 609 1191 τις,
632 1158 657 1184 οί
680 1158 865 1194 χειρωνάκται

83 1207 152 1241 μετᾶ
179 1206 228 1241 τὴν
251 1205 348 1240 τρίτην
379 1205 427 1240 τῆς
463 1200 609 1239 ἑϐδομάδος
635 1204 739 1238 ταύτης
766 1205 800 1231 τὰ
826 1205 867 1232 οι-

80 1253 142 1279 κεῖα
168 1252 329 1286 ἐργάζονται
355 1252 526 1286 ἐργόχειρα;
544 1251 656 1286 Νομίζω
678 1250 725 1278 οὖν
749 1251 789 1277 ὃτι
817 1260 866 1278 κα-

81 1298 138 1329 κῶς
165 1298 244 1324 τοῦτο
270 1297 389 1325 ποιοῦσι.
417 1297 475 1324 Κᾶν
503 1300 557 1332 γὰρ
580 1297 633 1324 ἀπὸ
657 1297 703 1325 τοῦ
734 1298 867 1334 παρόντος

81 1345 193 1376 κανόνος
221 1345 252 1371 οὐ
281 1344 441 1375 κολάζονται
467 1344 492 1370 οἱ
519 1343 590 1370 οὕτω
617 1343 666 1378 τὴν
692 1344 790 1379 ἑορτὴν
816 1353 867 1371 κα-

80 1391 234 1422 ταλύοντες,
249 1389 306 1417 ἀλλ’
327 1390 382 1417 ἀπὸ
403 1389 450 1416 τοῦ
480 1389 575 1424 ἑτέρου
604 1389 717 1421 κανόνος
737 1390 783 1416 τοῦ
813 1391 867 1424 ἀφ-

80 1437 218 1472 ορίζοντος
244 1437 308 1467 τοὺς
330 1434 451 1467 λάῖκοὺς,
486 1436 522 1471 μὴ
550 1435 630 1467 ὄντας
653 1436 805 1471 γεωργοὺς,
821 1437 867 1463 καὶ

81 1483 154 1509 κατὰ
181 1484 230 1512 τὰς
254 1481 453 1515 Κυριωνύμους
476 1480 696 1516 ἐργαζομένους,
724 1482 771 1508 καὶ
795 1479 868 1509 οὗτοι

81 1528 309 1563 κολασθήσονται.
330 1528 411 1562 Ζήτει
432 1527 480 1554 καὶ
493 1528 542 1561 τὴν
555 1527 591 1554 νδ¹
603 1528 713 1562 Νεαρὰν
740 1527 787 1554 τοῦ
820 1527 867 1563 βα-

82 1574 180 1605 σιλέως
211 1574 294 1609 κυρυῠ
318 1574 431 1605 Λέοντος
446 1572 493 1600 τοῦ
508 1573 606 1607 Σοφοῦ,
631 1573 868 1608 διαλαμϐάνουσαν

903 1206 1050 1249 .Existimo
1063 1212 1128 1240 ergo
1144 1213 1192 1232 eos
1205 1205 1275 1232 male
1298 1205 1351 1232 hoc
1378 1205 1477 1233 facere.

917 288 1059 318 reputatur
1082 291 1113 311 ea
1136 290 1197 317 qua).
1223 287 1284 318 post
1300 289 1422 311 sanctam
1448 283 1553 311 Domini
1574 290 1600 311 et
1616 285 1661 311 Det
1675 290 1703 312 et

917 329 1072 357 Servatoris
1083 329 1168 356 nostri
1181 328 1246 356 Jesu
1259 328 1359 356 Christi
1375 330 1603 357 resurrectionem
1615 331 1704 357 currit

917 376 1086 410 srptimana:
1114 375 1140 401 iu
1155 382 1187 402 eo
1201 375 1357 410 vet-oequod
1374 383 1442 410 genu
1458 383 1511 402 non
1526 375 1660 408 ﬂectatur,
1677 381 1705 404 et

919 428 973 450 tota
987 422 1068 449 etiant
1089 422 1259 449 Pentecoste.
1298 421 1432 454 Quoniam
1449 427 1540 449 autem
1557 421 1619 449 festi
1636 423 1706 450 celes

918 469 1014 497 hrandi
1032 474 1162 504 prmtexlu
1188 468 1258 502 apud
1282 469 1414 503 quosdam
1436 469 1601 496 inoleverant
1624 476 1706 504 cquo-

920 522 980 542 rum
1000 522 1105 545 cursus,
1132 518 1159 541 et
1177 514 1228 540 alia
1244 513 1327 541 etiam
1346 514 1453 548 publica
1478 515 1581 542 ludicra
1599 522 1707 550 specta-

918 561 990 593 cula,
1002 565 1158 588 statuerunt
1166 561 1270 592 Patres,
1289 569 1338 588 nos
1351 561 1392 589 sic
1403 561 1501 589 festum
1516 570 1569 590 non
1582 567 1708 597 oportere

918 607 1056 635 celebrare
1073 607 1100 633 iu
1117 607 1168 633 hac
1181 606 1304 633 Paschali
1322 607 1501 639 hebdomade,
1517 610 1563 636 sed
1581 609 1708 643 religiose

919 657 945 680 et
958 652 1047 687 quoad
1068 652 1126 678 ﬁeri
1144 656 1244 686 potest.
1273 657 1367 680 sancte
1383 653 1508 680 videlicet
1521 654 1636 681 ecclesia
1652 662 1708 681 va—

918 706 992 730 care,
1011 698 1166 733 divinisque
1182 699 1299 727 canticis
1317 699 1432 726 satiari:
1461 704 1488 726 et
1506 704 1635 735 tanquam
1650 702 1706 735 jam

918 744 992 778 digni
1010 746 1097 771 simus
1112 745 1339 772 resurrectionem
1356 745 1461 773 Domini
1477 747 1625 779 celebrare,
1638 747 1708 774 divi-

919 791 962 818 nis
978 790 1116 826 mysteriis
1129 790 1250 824 jucunde
1264 791 1390 825 latlteque
1406 790 1519 825 perfrui,
1535 796 1562 819 ct
1575 800 1627 819 uua
1644 800 1709 820 con-

919 843 1030 871 surgere
1047 843 1111 862 cum
1128 843 1161 862 eo
1177 835 1223 870 qui
1247 837 1407 868 resurrexit,
1433 841 1459 864 et
1474 845 1525 865 nos
1552 839 1578 865 in
1607 841 1706 866 coelum

919 891 975 911 una
991 883 1113 914 sustulit,
1132 882 1243 922 Christo
1259 882 1315 910 Deo
1331 886 1438 910 nostro.
1465 883 1535 911 Nota
1553 892 1618 920 ergo
1635 885 1707 920 quod

918 939 1013 959 omnes
1038 931 1132 958 ﬁdeles
1153 930 1253 958 debent
1273 937 1335 958 esse
1356 931 1444 966 parati
1468 937 1561 958 sancta
1579 932 1707 968 mysteria

917 977 1083 1013 participare
1105 984 1270 1011 ttnoquoque
1295 977 1349 1009 die,
1376 977 1399 1004 si
1417 976 1474 1004 ﬁeri
1493 981 1590 1012 potest:
1607 986 1707 1013 quem-

917 1024 1063 1052 admodum
1090 1028 1117 1051 et
1142 1023 1169 1050 in
1186 1024 1246 1050 aliis
1263 1024 1414 1050 cauouibus
1432 1027 1495 1050 ante
1508 1024 1638 1059 scriptqu
1654 1028 1708 1051 est.

917 1070 985 1098 Cum
1003 1074 1092 1096 autem
1108 1076 1195 1096 canon
1213 1070 1270 1096 haec
1283 1073 1394 1100 statuat,
1409 1069 1616 1104 inter-rogaverit
1630 1070 1708 1104 quis-

918 1116 1002 1151 piam,
1034 1115 1172 1151 quomodo
1205 1115 1323 1142 artiﬁces
1340 1120 1399 1148 post
1413 1115 1483 1142 diem
1500 1115 1610 1144 tertium
1626 1115 1708 1150 hujus

918 1163 1076 1197 septimana:
1088 1169 1153 1189 suas
1166 1162 1340 1189 mccltanicas
1352 1165 1424 1188 artes
1433 1166 1460 1189 et
1469 1169 1550 1196 opera
1560 1163 1710 1190 exercent?

1522 1205 1576 1232 Etsi
1601 1207 1672 1234 enim
1693 1215 1707 1233 a
1736 1233 1740 1238 ,

918 1250 1044 1286 praesenti
1061 1257 1166 1277 canone
1180 1257 1233 1276 non
1249 1251 1412 1284 puniuntur,
1426 1251 1472 1285 qui
1490 1250 1587 1278 festum
1601 1251 1640 1279 sic
1653 1253 1709 1278 sol-

918 1301 999 1324 vunt:
1012 1296 1046 1323 ab
1058 1295 1111 1322 alio
1129 1300 1217 1322 tamen
1228 1299 1341 1326 canone.
1353 1295 1399 1330 qui
1411 1296 1506 1330 laicus,
1515 1296 1560 1331 qui
1572 1304 1625 1324 non
1643 1303 1709 1324 sunt

918 1342 1044 1378 agricola:
1061 1346 1088 1369 et
1113 1341 1138 1368 in
1155 1342 1250 1369 diebus
1280 1341 1359 1376 237
1391 1342 1539 1383 Dominicis
1551 1348 1708 1378 operantur.

918 1392 1060 1423 segregat.
1088 1388 1106 1415 ii
1132 1389 1423 1423 quoque_puuieutur.
1453 1389 1549 1422 Quane
1572 1390 1652 1416 etiam
1674 1390 1709 1418 54

916 1421 1020 1463 doiuitii
1042 1435 1107 1470 imp.
1125 1421 1224 1474 Leonis
1237 1421 1375 1470 b’apientis
1386 1435 1530 1467 novellam,
1543 1439 1706 1464 statuentem

918 1488 953 1508 ne
967 1481 1042 1516 ipsos
1056 1479 1165 1515 quidem
1178 1480 1315 1514 agricolas
1333 1481 1361 1507 in
1376 1480 1419 1508 die
1441 1481 1584 1508 Dominico
1599 1482 1708 1516 operari

919 1529 1028 1556 debere.
1056 1527 1146 1561 Quare
1162 1528 1324 1563 eis‘quoque
1342 1529 1508 1564 prohibitum
1524 1535 1567 1557 est
1581 1535 1635 1557 tota
1655 1529 1707 1556 Pa-

919 1574 1004 1601 schali
1028 1575 1178 1609 septimana
1205 1575 1323 1609 operari,
1352 1583 1440 1610 neque
1465 1583 1526 1603 cum
1551 1577 1609 1611 ipsa
1635 1584 1707 1604 unus

83 1620 152 1654 μηδὲ
170 1619 269 1651 αὐτοὺς
283 1619 347 1650 τοὺς
367 1619 507 1654 γεωργοὺς
529 1620 600 1645 κατὰ
622 1619 671 1654 τὴν
690 1619 867 1655 Κυριώνυμον

922 1620 981 1647 dies
995 1619 1152 1647 Dominicus
1169 1624 1318 1654 reputclur.

81 1666 257 1700 ἐργάζεσθαι.
275 1666 356 1692 ’Ὠστε
383 1666 570 1701 ἀπηγόρευται
598 1666 645 1691 καὶ
670 1666 761 1697 αὺτοῖς
791 1669 862 1694 κατὰ
881 1667 930 1702 τὴν
945 1667 1010 1702 ὃλην
1040 1666 1192 1702 πασχάλιον
1213 1667 1348 1702 ἐόδομὰδα
1371 1668 1546 1703 ἐργάζεσθαι,
1582 1669 1620 1699 ὡς
1643 1670 1708 1704 μιᾶς

80 1712 210 1747 Κυριωνύ
215 1721 266 1746 μου
276 1712 455 1747 λογιζομένης
469 1712 565 1746 αὐτῆς.

117 1760 239 1787 ΖΩΝΑΡ.
272 1759 426 1794 Ἐορτάζειν
441 1761 465 1786 οί
487 1760 540 1785 ἀπὸ
562 1761 679 1796 Χριστοῦ
705 1761 869 1795 κεκλημένοι

80 1805 239 1839 ὀφείλομεν,
254 1804 284 1830 οὐ
296 1805 400 1840 τρυφὰς
418 1805 523 1835 ἑαυτοῖς
540 1806 586 1830 καὶ
609 1805 805 1840 λαμπρότητας
821 1805 869 1832 καὶ

80 1849 192 1880 ἀνέσεις
208 1849 422 1883 ἐπιτηδεύοντες,
436 1850 505 1876 ἀλλὰ
525 1851 716 1885 πνευματικῶς
729 1851 870 1886 εὐφραινό-

82 1903 173 1930 μενοι.
187 1895 363 1929 Πνευματικὴ
379 1895 401 1921 δ’
428 1895 501 1921 ἐστὶν
532 1896 685 1930 εὐφροσύνη
697 1897 727 1922 τὸ
743 1897 816 1932 ᾅδειν
831 1898 870 1932 τῷ

80 1941 193 1975 Κυρίῳ,
211 1941 260 1967 καὶ.
289 1940 411 1972 δοξάζειν
427 1941 507 1967 αὑτὸν
522 1942 564 1975 ἐφ’
582 1940 623 1973 οἷς
638 1943 748 1978 ἐποίησε
764 1943 870 1977 θαυμα-

83 1986 167 2019 σίοις,
183 1986 333 2021 ῥυσάμενος
343 1986 416 2021 ἡμᾶς
431 1987 462 2012 ἐκ
478 1988 525 2021 τῆς
538 1987 659 2019 δουλείας
671 1988 717 2014 τοῦ
734 1989 869 2016 διαϐόλου.

82 2031 166 2058 υῦτω
185 2032 274 2058 τοίνυν
303 2032 351 2058 καὶ
377 2032 427 2067 τὴν
450 2033 497 2059 τοῦ
513 2033 607 2068 Πάσχα
633 2033 730 2069 ἑορτὴν
745 2034 870 2069 βούλεται

82 2078 227 2111 ἑορτάζειν
259 2078 330 2113 ἡμᾶς
346 2079 359 2104 ὁ
379 2078 487 2110 κανὼν,
514 2079 578 2113 ὃλην
603 2079 652 2114 τὴν
680 2080 814 2114 ἑϐδομάδα
840 2082 870 2108 ὲν

81 2125 241 2159 ἐκκλησίαις
269 2125 454 2160 σχολάζοντας,
469 2126 498 2151 ὲν
527 2126 644 2161 ψαλμοῖς
655 2135 684 2153 τε
701 2127 746 2154 καὶ
776 2128 870 2162 ὕμνοις

81 2171 196 2206 ᾅδοντας
206 2172 244 2204 τῷ
271 2171 375 2206 Κυρίῳ,
405 2172 451 2198 καὶ
481 2171 567 2203 οὕτως
593 2173 621 2198 ὲν
637 2173 748 2208 Χριστῴ
773 2173 870 2207 ἑορτά-

86 2217 182 2248 ζοντας
206 2218 252 2243 καὶ
267 2219 299 2252 τῇ
324 2217 423 2252 μελέτῃ
443 2218 627 2253 προσέχοντας
638 2219 693 2245 τῶν
707 2219 786 2245 θείων
802 2219 872 2253 Γρα-

91 2263 156 2302 ρῶν,
181 2263 226 2288 καὶ
253 2263 482 2298 κατα-τρυφῶντας
511 2263 566 2289 τῶν
596 2264 675 2290 θείων
703 2265 870 2299 μυστηρίων.

81 2307 143 2334 Καὶ
165 2308 245 2339 οὕτω,
261 2309 354 2343 φησὶν,
368 2308 486 2343 ἐσόμεθα
509 2309 618 2344 Χριστῷ
634 2310 869 2344 συνανιστάμενοι.
888 2327 910 2355 D

83 2354 134 2378 καὶ
155 2353 384 2388 συνανυψούμενοι
396 2362 404 2369 ·
426 2356 602 2389 ἀνιστάμενοι
631 2356 680 2390 μὲν
692 2355 739 2382 τοῦ
754 2355 871 2390 πτώμα-

79 2406 130 2428 «eo;
142 2398 190 2431 τῆς
205 2398 341 2433 ἁμαρτίας
366 2400 413 2426 καὶ
440 2400 489 2434 τῆς
509 2401 680 2435 χαμαιζήλου
711 2402 758 2427 καὶ
773 2401 871 2436 γηΐυης

81 2443 160 2477 ζωῆς
172 2451 179 2458 ·
195 2444 296 2478 ἁνυψού
302 2453 377 2478 μενοι
389 2445 417 2471 δὲ
433 2446 499 2480 πρὸς
535 2445 704 2481 ὑψηλοτέραν
717 2447 763 2473 καὶ
787 2454 870 2474 πνευ-

82 2489 205 2524 ματικὴν
219 2489 256 2524 τῷ
271 2490 326 2516 ὖντι
340 2491 490 2526 διαγωγήν.
517 2492 599 2518 Ὅθεν
611 2491 673 2518 οὔτε
688 2493 870 2529 ἱπποδρομίας

84 2536 114 2560 ἓν
128 2536 162 2569 τῇ
179 2534 225 2561 τοῦ
250 2536 344 2571 Πάσχα
369 2537 497 2571 ὲὸὂομὰδι
509 2538 634 2570 γίνεσθαι
647 2541 793 2573 συγχωρεῖ,
807 2539 869 2566 οὔτε

80 2579 152 2610 θέας
177 2579 272 2615 ἑτέρας
294 2580 448 2615 δημώδεις,
479 2583 508 2608 ὲν
537 2581 581 2614 αἷς
605 2582 724 2618 δηλονότι
747 2585 761 2610 ό
785 2584 870 2619 δῆμος

80 2626 243 2661 ἁθροίζεται
254 2625 389 2660 θεώμενος
403 2627 436 2652 τὰ
450 2627 589 2661 γινόμενα.

80 2760 201 2787 ΔΡΙΣΤ.
220 2770 229 2786 ι
252 2761 307 2796 Τὴν
326 2762 394 2796 μετὰ
405 2761 452 2796 τὴν
471 2761 620 2789 ἀνάστασιν
633 2765 724 2791 πᾶσαν
738 2764 872 2800 ἑὸδομάδα

267 2807 320 2838 πᾶς
336 2807 541 2841 ὲκκλησιαζέτω
555 2809 661 2841 πιστός.
682 2819 691 2836 r

128 2852 175 2878 Ἐν
199 2854 258 2884 ταῖς
286 2853 377 2892 ἀχίαις
394 2854 552 2888 ἐκκλησίαις
574 2855 614 2882 δεῖ
638 2857 778 2892 σχολάζειν
807 2859 870 2891 τοὺς

82 2899 214 2931 πιστοὺς,
242 2899 287 2925 καὶ
298 2899 326 2924 é'v
345 2899 461 2934 ψαλμοῖς
489 2901 535 2926 καὶ
561 2900 656 2935 ὕμνοις
680 2903 872 2939 εὐφραίνεσθαι

269 2947 402 2978 ΡΑτιιοι.
427 2950 484 2980 Gn.
508 2949 690 2980 CXXXVII.

947 1755 1087 1786 'ZONAR.
1105 1759 1163 1786 Non
1184 1759 1297 1786 tlelicias
1312 1765 1359 1786 aut
1377 1759 1470 1786 luxum
1486 1760 1575 1787 otiave
1598 1763 1708 1788 sectan-

923 1810 974 1838 tes,
994 1807 1041 1833 sed
1058 1806 1194 1840 spirituali
1211 1805 1310 1840 gaudio
1326 1806 1529 1840 exsultahundi,
1548 1807 1636 1841 festus
1650 1807 1709 1834 dies

923 1857 1003 1885 agere
1018 1850 1166 1877 Christiani
1185 1851 1328 1877 debemus.
1341 1849 1496 1885 Spiritualis
1512 1859 1594 1886 porro
1609 1851 1708 1878 laetitia!

923 1902 966 1924 est
985 1896 1101 1923 canticis
1113 1895 1220 1925 Numen
1236 1896 1359 1923 venerari
1373 1915 1380 1927 ,
1399 1896 1524 1931 illiusque
1537 1897 1642 1926 laudes.
1659 1905 1708 1931 pro

922 1942 957 1969 iis
982 1949 1043 1976 quae
1074 1941 1247 1968 admirabilia
1271 1942 1416 1976 prtestiu,
1447 1942 1574 1976 quodque
1597 1942 1708 1970 diabolo

922 1987 1092 2021 mancipatos
1111 1987 1137 2013 in
1155 1986 1306 2013 libertatem
1330 1994 1381 2013 nos
1406 1987 1535 2017 asseruit,
1558 1986 1708 2014 celebrare.

922 2031 998 2058 lianc
1021 2039 1085 2066 ergo
1110 2031 1242 2058 rationem
1260 2031 1371 2058 Pascha:
1386 2038 1495 2064 quoque
1521 2030 1606 2057 festos
1625 2035 1709 2065 atque

923 2077 1065 2116 solemnes
1085 2078 1143 2104 dies
1167 2077 1288 2112 agitandi
1313 2077 1466 2111 praescribit
1492 2084 1593 2107 canon.
1618 2083 1649 2105 ut
1676 2085 1710 2105 ea

921 2123 1051 2149 nimirum
1069 2124 1231 2158 suptimana,
1248 2128 1406 2158 perpetuam
1424 2123 1452 2151 in
1475 2123 1601 2150 ecclesiis
1615 2124 1708 2151 statio-

923 2176 984 2196 nem
999 2174 1120 2204 ageutes,
1131 2170 1244 2204 psalmis
1258 2170 1419 2205 hymnisque
1433 2170 1546 2197 Domino
1561 2171 1710 2197 concinen-

925 2215 968 2243 dis
982 2217 1116 2250 occupati,
1136 2216 1164 2243 in
1181 2217 1291 2244 Christo
1316 2217 1431 2251 proinde
1457 2216 1591 2249 laetemur,
1615 2224 1709 2244 sacra-

928 2268 1046 2296 runtqtte
1062 2261 1229 2288 Litterarum
1246 2268 1374 2289 accurata
1395 2262 1570 2290 meditatione
1584 2267 1709 2297 tempora

925 2308 1110 2339 traducentes,
1124 2308 1276 2335 divinorum
1291 2309 1484 2343 mysteriorum
1497 2309 1586 2343 epulis
1600 2310 1707 2343 insatu-

926 2351 1046 2378 rabiliter
1059 2353 1228 2387 expleantur.
1249 2342 1337 2388 Atque
1361 2353 1412 2381 hoc
1427 2342 1706 2390 pacto,iinquit,lcum

925 2397 1033 2425 Christo
1048 2398 1128 2425 simul
1151 2397 1309 2433 exsurgere,
1333 2403 1415 2434 atque
1440 2401 1473 2427 ad
1500 2401 1598 2428 altiora
1624 2402 1708 2428 simul

925 2442 991 2469 eniti
1005 2444 1154 2479 continget.
1172 2445 1194 2470 A
1209 2445 1313 2479 peccati
1329 2446 1436 2474 scilicet
1460 2446 1537 2481 lapsu
1562 2451 1709 2482 menteque

927 2489 1001 2516 humi
1021 2490 1151 2524 depressa
1167 2495 1194 2517 et
1208 2491 1242 2518 ad
1257 2495 1368 2519 terrena
1382 2492 1488 2526 abjeeta
1505 2501 1684 2528 exsurgemus
1699 2502 1707 2521 :

926 2535 960 2562 ad
978 2536 1168 2563 sublimiorem
1186 2542 1275 2564 autem
1290 2542 1318 2564 et
1331 2546 1397 2565 vere
1411 2539 1581 2573 spiritualem
1602 2539 1710 2567 vivendi

924 2581 1058 2608 rationetu
1076 2582 1267 2610 excitabimur.
1280 2583 1398 2612 Proinde
1408 2592 1459 2611 nec
1472 2590 1614 2620 equestres
1628 2586 1708 2613 ludos

926 2632 982 2654 tota
999 2628 1138 2656 Pascltatis
1150 2629 1332 2662 hebdomada,
1347 2638 1396 2659 nec
1412 2632 1465 2657 alia
1477 2633 1584 2666 publica
1602 2636 1708 2665 specta-

925 2675 996 2706 cula,
1015 2675 1047 2702 ad
1066 2683 1127 2709 quae
1143 2676 1272 2704 nimirum
1288 2678 1387 2705 tuenda
1405 2678 1550 2705 multitudo
1565 2678 1707 2710 convenit,
1721 2712 1723 2714 τ

925 2721 1078 2748 exhibenda
1094 2721 1251 2750 facultatem
1273 2730 1333 2750 esse
1348 2723 1481 2750 decernit.

961 2765 1076 2794 ABlST.
1097 2777 1107 2793 ι
1128 2768 1248 2802 Quisque
1268 2769 1355 2796 ﬁdelis
1368 2776 1416 2803 per
1432 2773 1517 2796 totatn
1537 2773 1598 2804 post
1615 2777 1708 2797 resur-

928 2821 937 2838 (
961 2814 1109 2840 rectionem
1131 2814 1328 2841 hebdomadam
1354 2816 1380 2841 itt
1414 2817 1528 2843 ecclesia
1543 2821 1676 2844 versetur.
1696 2826 1705 2843 ι

961 2858 990 2885 In
1014 2859 1118 2886 sanctis
1132 2860 1256 2887 ecclesiis
1271 2860 1364 2888 ﬁdeles
1388 2868 1494 2896 oportet
1510 2869 1617 2895 vacare,
1636 2867 1663 2889 et
1681 2864 1709 2890 iu

927 2906 1040 2940 psalmis
1055 2910 1082 2934 et
1107 2907 1218 2940 hymnis
1241 2906 1339 2942 gaudio
1357 2909 1495 2936 exsultare
1519 2914 1601 2937 totam
1626 2911 1710 2946 septi-

1482 2956 1520 2986 25
