1936 3105
93 193 141 224 76I

579 195 618 227 IN
640 197 722 228 CAN.
745 197 854 232 LXXII
875 196 983 227 CONC.
1003 196 1042 227 IN
1061 196 1226 227 TRULLO.

1657 193 1710 225 762

93 249 165 279 νόνα,
180 249 223 275 διὰ
240 250 303 281 τοὺς
329 249 441 285 Ἴϐηρας
467 251 529 283 τοὺς
552 252 705 288 ἀδιαφόρως
734 255 765 279 τὰ
780 253 869 279 οἰκεῖα

926 253 998 287 gerit.
1013 252 1080 279 Nota
1093 260 1158 287 ergo
1169 255 1328 286 praesentem
1340 257 1471 278 canonem
1486 253 1593 284 propter
1603 249 1706 278 Ibero»

93 294 226 329 θυγάτρια
247 296 304 326 τοῖς
347 296 510 331 ’Λγαρηνοίς
531 297 744 331 ἐκγαμίζοντας.
773 297 872 324 Ὦσαύ-

92 347 144 369 τως
157 339 310 373 σημείωσαι
326 339 373 366 καὶ
391 341 421 366 τὺ
444 341 519 375 ῥῆμα
539 341 586 368 τοῦ
609 343 719 372 κανόνος
731 341 761 368 τὸ
775 341 853 374 λέγον
863 350 870 357 ·

93 383 205 410 suam:
217 385 246 410 δὲ
267 385 305 419 τῷ
332 385 421 421 πιστῷ
449 387 464 420 ὴ
493 387 607 419 ἄπιστος
629 387 813 422 συνοικείνςῆ
842 387 873 414 τὸ

92 430 211 464 ἔμπαλιν
227 432 362 463 bimam;
375 433 406 466 τῇ
423 434 505 468 πιστῇ
518 441 525 464 ;
545 434 582 467 μὴ
595 433 819 468 χωριζέσθωσαν.
841 433 871 460 Et

91 476 146 510 γὰρ
158 475 329 510 αἱρετίσεταί
351 486 393 508 τις
405 478 509 505 τούτων
521 478 691 513 διαζυγῆναι,
705 471 871 508 ἀπενέεῦθεν

91 523 106 549 ὁ
116 523 204 557 γάμος
229 523 474 559 διασπασθήσεται.
492 522 582 560 ’Όῖτερ
593 525 687 559 γέγονε
701 525 747 552 καὶ
758 526 804 551 ἐπὶ
817 524 871 551 τῶν

91 569 203 603 ⁴ἡμερῶν
217 570 263 596 τοῦ
278 570 432 603 ἁγιωτάτου
444 571 614 606 πατριάρχου
633 571 716 606 κυροῦ
730 571 869 598 Θεοδότου.

91 615 208 650 Διεζύγη
225 616 279 651 γὰρ
294 616 438 648 Βασιλικὸς
463 618 620 652 Βυκινάτωρ
637 618 705 652 μετὰ
721 618 750 644 τὸ
775 617 872 652 βαπτι-

92 661 191 696 σθῆναι
206 662 261 689 ἀπδ
283 663 335 696 τῆς
350 663 465 690 ἀπίστου
476 663 606 697 γυναικὸς
629 663 712 690 αὐτοῦ
735 663 804 697 μετὰ
820 671 872 689 πα-

90 708 253 743 τριαρχικοῦ
263 708 388 744 ⁶Βρισμοῦ,
402 708 440 741 ὡς
457 709 494 744 μὴ
512 709 674 744 πειθομένης
688 708 871 743 βαπτισθῆναι

91 754 162 780 κατὰ
176 754 225 787 τὴν
239 754 287 781 τοῦ
315 754 411 788 ἀνδρὸς
433 755 618 789 παράκλησιν.
638 754 807 788 Ἀνάγνωσον
824 754 871 780 καὶ

90 799 121 825 τὸ
138 798 154 826 ι’
168 808 231 834 κερ.
248 800 294 827 τοῦ
311 804 334 827 α’
358 801 448 827 τίτλου
467 801 515 827 τοῦ
534 801 666 835 παρόντος
686 800 871 834 συτάγματος,

90 845 184 872 καὶτὰ
214 847 244 872 ὲν
259 846 342 880 αὐτῷ.

126 891 249 919 ΖΩΝΑΡ.
265 892 296 918 0i
312 892 361 926 τῆς
376 891 485 918 συνόδου
515 891 616 928 ταύτης
635 893 702 927 ἱεροὶ
729 895 776 922 καὶ
803 895 869 922 θεῖοι

90 938 211 973 Πατέρες
238 938 374 973 περὶτῶν
401 938 462 972 ἄρτι
490 937 684 973 ζευγνυμένων
716 941 756 971 εις
778 941 869 975 γάμου

89 984 232 1011 κοινωνίαν
243 984 433 1019 νομοθετοῦσιν
446 993 453 1000 ·
477 981 517 1011 ὧν
550 984 597 1011 τὸν
613 985 661 1019 μὲν
676 985 772 1012 πιστὸν
800 983 868 1012 εῖναι

89 1029 268 1062 ὑποτιθέασι,
290 1029 339 1065 τὴν
362 1030 391 1056 δὲ
416 1030 528 1057 ἄπιστον
551 1049 560 1062 ,
592 1030 608 1065 ῆ
641 1030 797 1058 τούναντίον
822 1031 870 1058 καὶ

89 1073 293 1108 ἀπαγορεύουσι
304 1075 354 1105 τὰς
368 1075 495 1106 τοιαύτας
511 1075 654 1109 συζυγίας,
668 1076 714 1101 καὶ
723 1076 871 1110 γενομένας

87 1119 462 1146 δὲδιασπᾶσθαικελεύουσιν.
476 1121 513 1147 Οὐ
531 1123 583 1156 γὰρ
600 1121 664 1156 χρὴ,
679 1122 756 1156 φασὶ,
772 1122 871 1156 μιγνῦ-

89 1174 135 1192 ναι
146 1165 180 1191 τὰ
203 1165 316 1200 ἄμικτα.
336 1166 367 1192 Et
382 1166 436 1200 γὰρ
451 1167 468 1201 ἠ
482 1166 532 1201 τῆς
551 1167 640 1202 ψυχῆς
664 1168 729 1202 περὶ
758 1168 807 1203 τὴν
826 1167 872 1195 πί-

89 1219 149 1252 στιν
163 1211 284 1243 διάθεσις
302 1211 411 1238 ἐναντία
424 1214 480 1244 τοῖς
492 1213 656 1245 συνοικοῦσι,
675 1213 734 1244 πῶς
761 1214 795 1240 ἂν
807 1215 871 1249 περὶ

88 1257 124 1284 τὰ
137 1257 206 1284 ἄλλα
216 1258 347 1292 όμόψυχοι
361 1257 466 1285 ἔσονται
477 1266 484 1290 ;
497 1259 513 1294 ἢ
529 1258 587 1290 πῶς
602 1259 630 1285 ὲν
644 1259 683 1295 τῷ
697 1260 810 1294 μείζονι,
833 1262 868 1296 τῇ

89 1303 181 1329 πίστει
195 1302 274 1336 λέγω,
289 1302 442 1336 ἀσύμϐατοι
456 1302 531 1334 ὄντες
548 1303 593 1329 καὶ
603 1303 789 1339 ἁκοινὼνητοι,
803 1312 834 1331 συ
839 1313 869 1339 μ-

89 1347 166 1373 ϐαϊεν
189 1347 314 1383 ἀλλήλοις
328 1348 375 1374 καὶ
396 1349 641 1383 συγκοινωνήσαιεν
650 1350 678 1375 ἐν
689 1351 743 1380 τοῖς
752 1349 868 1384 lambis;

87 1393 135 1419 Διὸ
151 1394 197 1420 καὶ
214 1394 281 1428 μετὰ
299 1393 347 1429 τὴν
363 1393 440 1420 λύσιν
465 1394 512 1420 τοῦ
536 1394 655 1429 ἀθέσμου
670 1394 763 1421 τούτου
779 1395 869 1430 γάμου

89 1439 137 1465 καὶ
149 1438 327 1474 ἀφορίζεσθαι
350 1439 487 1474 βούλονται
500 1439 562 1471 τοὺς
575 1439 620 1466 τὸν
638 1440 758 1475 παρόντα
771 1441 870 1467 κανόνα

69 1508 77 1515 λ
89 1485 319 1520 παραϐαίνοντας.
339 1485 431 1512 Ταῦτα
447 1486 496 1520 μὲν
509 1484 556 1512 οὖν
572 1487 635 1520 περὶ
648 1486 702 1512 τῶν
713 1487 774 1522 ἄρτι
792 1487 869 1522 πρώ-

87 1539 143 1562 τως
161 1529 350 1565 ζευγνυμένων
367 1531 492 1566 αλλήλοις
508 1532 546 1562 εἰς
561 1531 650 1566 γάμου
673 1533 814 1559 κοι·.ωνίαν
846 1534 870 1560 οἱ

89 1576 211 1621 ματέρες
224 1577 301 1621 φασὶ,
316 1575 368 1621 τοΞ
380 1576 428 1621 μεν
442 1576 583 1611 όρθοδόξου
600 1578 789 1612 τυγχάνοντος,
819 1579 868 1613 τῆς
883 1592 903 1621 c

87 1618 117 1644 δὲ
134 1618 171 1653 μὴ
196 1618 332 1654 τοιαύτης.
350 1619 380 1646 Εἰ
394 1620 432 1651 δὲ,
447 1620 491 1646 ὅτε
508 1621 547 1652 εἰς
561 1621 650 1655 γάμον
665 1622 795 1657 συνῆλθον
821 1623 869 1650 ἀλ-

88 1664 189 1699 λήλοις,
207 1666 254 1692 καὶ
265 1666 348 1700 ἄμφω
357 1666 412 1692 τῶν
425 1666 572 1701 όρθοδόξων
588 1667 784 1703 ἡλλωτρίωντο,
811 1666 870 1695 εἶτα

87 1710 119 1736 τὸ
133 1711 182 1745 μὲν
195 1711 247 1738 τῶν
262 1710 416 1747 προσώπων
442 1712 549 1746 ἐπέγνω
565 1713 614 1748 τὴν
644 1713 784 1748 ἀλήθειαν,
822 1715 870 1741 καὶ

88 1757 227 1792 προσῆλθε
242 1757 343 1788 πίστει.
359 1758 389 1784 τὸ
404 1757 433 1797 δὲ
457 1759 497 1784 ἔτι
514 1759 553 1794 τῷ
570 1759 660 1786 σκότει
685 1761 736 1794 τῆς
765 1761 869 1795 πλάνης

88 1804 243 1838 συνέχεται,
255 1805 288 1838 τῇ
303 1803 350 1830 τοῦ
368 1804 488 1838 μεγάλου
507 1804 614 1831 Παύλου
629 1806 743 1841 διαταγῇ
754 1806 868 1834 ἕπεσθαι

88 1849 137 1874 καὶ
157 1848 183 1874 ot
207 1848 327 1882 Πατέρες
357 1845 430 1875 οὗτοι
455 1848 628 1884 ψηφίζονται.
655 1850 685 1876 Et
703 1850 757 1886 γὰρ
785 1851 868 1883 θέλει,

89 1895 168 1928 φησι,
182 1893 220 1928 τῷ
237 1893 353 1928 πιστῷἠ
380 1893 493 1926 ἄπιστος
512 1897 656 1928 συνοικεῖν,
673 1895 690 1930 ἢ
705 1896 869 1929 τούναντίον,

89 1940 128 1974 μὴ
145 1939 357 1974 χωριζέσθωσαν
370 1947 376 1954 ·
396 1939 524 1975 ἡγίασται
553 1941 634 1977 γὰρὸ
658 1941 771 1974 ἄπιστος
801 1942 870 1978 ἀνὴρ

88 1987 119 2011 ἓν
128 1988 161 2021 τῇ
175 1987 292 2020 γυναικὶ,
305 1985 352 2012 καὶ
364 1985 393 2012 τὸ
407 1985 534 2020 ἔμπαλιν.

925 299 971 333 qui
990 306 1052 325 suas
1071 299 1140 326 tilias
1157 298 1287 332 Agarenis
1303 296 1538 324 indiscriminatim
1559 296 1585 322 in
1602 296 1698 322 matri-

929 345 1021 372 monio
1033 345 1176 372 collocant.
1189 344 1319 371 Similiter
1335 349 1396 371 nota
1411 347 1437 370 et
1452 343 1564 369 verbum
1577 342 1703 374 canonis,

926 391 997 425 quod
1015 390 1082 418 dicit
1102 390 1224 418 :Inlideli
1241 396 1330 417 autem
1348 389 1452 416 mulieri
1469 397 1530 415 cum
1552 389 1610 415 viro
1623 388 1706 420 ﬁdeli,

925 438 1084 465 cohabitare
1110 437 1214 470 placet?
1235 437 1277 463 vel
1306 440 1412 466 contra,
1437 435 1536 461 inﬁdeli
1560 434 1621 460 viro
1644 442 1705 460 eum

925 484 1040 510 muliere
1056 483 1147 511 ﬁdeli?
1164 491 1196 510 ne
1217 488 1385 517 separemur.
1402 481 1429 508 Si
1445 480 1506 512 quis
1523 476 1595 507 enim
1609 479 1706 505 borum

926 530 1048 564 separari
1067 529 1202 561 maluerit,
1221 528 1425 555 matrimonium
1445 534 1477 554 ex
1503 534 1536 553 eo
1552 525 1706 552 divelletur.

925 575 1001 608 Quod
1016 576 1125 610 quidem
1145 575 1243 602 factum
1266 579 1308 601 est
1330 580 1450 607 tempore
1473 572 1639 600 sanctissimi
1659 578 1707 605 pa-

925 621 1053 649 triarcha:
1079 621 1181 648 domini
1209 621 1350 648 Theodoti.
1367 620 1513 653 Su-paratus
1536 623 1577 644 est
1601 617 1672 643 enim
1692 624 1706 643 a

924 676 972 696 sua
990 669 1090 696 inﬁdeli
1109 676 1193 695 uxore
1216 667 1350 695 Basilicus
1371 665 1544 694 Bucciuator.
1562 669 1706 697 postquam

924 715 1077 749 baptizatus
1094 714 1192 745 fuerat,
1205 722 1267 741 cum
1283 713 1393 740 decreto
1407 710 1580 746 patriarcbali
1594 719 1600 736 :
1614 713 1707 744 ulpote

924 768 984 795 quae
1002 768 1016 787 a
1032 761 1082 787 viri
1100 760 1230 788 suasione
1253 760 1346 787 induci
1363 767 1416 786 non
1432 762 1522 792 posset
1536 763 1564 783 ut
1581 757 1706 789 baptiza--

924 811 1010 834 retur.
1022 805 1092 840 Lege
1102 811 1128 833 et
1140 806 1275 833 decimum
1288 809 1371 840 caput
1388 803 1467 839 prlmi
1481 803 1550 830 tituli
1566 801 1707 837 praesentis

923 851 1025 886 operis,
1044 855 1071 877 et
1087 859 1148 885 qua:
1165 851 1191 877 in
1207 857 1239 876 eo
1253 853 1326 876 sunt.

958 896 1083 925 ZONAR.
1100 896 1136 923 De
1152 896 1186 923 iis
1205 895 1250 930 qui
1267 897 1336 922 inter
1352 902 1381 921 se
1399 901 1451 920 non
1468 894 1504 920 ita
1522 892 1625 927 pridem
1647 899 1706 919 ma—

923 943 1044 970 trimonii
1062 942 1162 970 foedere
1175 941 1262 976 juncti
1279 944 1342 968 sunt
1354 961 1361 971 .
1378 941 1401 967 si
1417 947 1511 967 eorum
1534 939 1647 965 alterum
1668 937 1700 963 li-

921 989 1007 1017 delem
1023 996 1096 1021 esse,
1123 988 1238 1014 alterum
1256 995 1270 1013 a
1288 986 1339 1013 ﬁde
1363 986 1512 1012 abhorrere
1537 983 1680 1017 contigerit
1696 1002 1704 1013 .

921 1041 1053 1062 canonem
1069 1033 1142 1060 hunc
1157 1032 1228 1060 sacri
1242 1036 1276 1068 ,οι
1289 1031 1373 1058 divini
1401 1031 1495 1057 Patres
1515 1029 1703 1063 promulgave-

924 1085 1006 1112 runt;
1038 1086 1127 1113 eoque
1155 1078 1313 1106 societatem
1342 1076 1477 1110 ejusmodi
1504 1075 1645 1104 damnant,
1675 1077 1703 1099 et

921 1130 1066 1160 postquam
1085 1124 1165 1150 etiam
1183 1126 1321 1150 contracta
1346 1121 1438 1153 fuerit,
1456 1120 1572 1147 rescindi
1595 1119 1702 1152 jubent.

921 1171 982 1197 Non
996 1170 1067 1197 enim
1083 1176 1126 1200 ea,
1145 1168 1282 1202 inquiunt.
1300 1167 1439 1194 miscenda
1457 1169 1531 1197 sunt,
1548 1173 1608 1199 qua:
1624 1169 1704 1190 natu-

922 1224 991 1247 ram,
1012 1220 1041 1242 ut
1055 1215 1126 1242 inter
1143 1222 1171 1242 se
1185 1213 1293 1241 misceri
1310 1213 1424 1247 possint,
1444 1219 1497 1238 non
1514 1211 1621 1238 habent.
1635 1209 1701 1236 Nam

921 1263 967 1297 qui
982 1261 1064 1289 simul
1089 1261 1124 1288 lta
1145 1260 1251 1291 vivunt,
1274 1263 1302 1285 ut
1319 1265 1413 1285 eorum
1431 1257 1530 1286 animi.
1551 1256 1577 1282 in
1594 1255 1627 1282 iis
1643 1262 1704 1289 ane

922 1308 956 1335 ad
981 1307 1059 1334 ﬁdem
1090 1306 1238 1341 pertinent.
1263 1304 1401 1332 contrario
1426 1302 1507 1329 modo
1526 1301 1613 1328 aﬂecti
1637 1301 1703 1329 sint.

922 1360 977 1388 quo
997 1357 1075 1388 pacto
1091 1359 1139 1379 eos
1152 1352 1178 1378 in
1196 1351 1258 1378 aliis
1273 1350 1357 1377 rebus
1372 1349 1518 1377 convenire
1533 1355 1612 1382 posse
1627 1347 1704 1381 quis-

922 1399 993 1434 piam
1016 1397 1183 1425 arbitretur?
1207 1403 1379 1431 quorumque
1403 1401 1512 1427 sensus,
1533 1393 1559 1419 in
1585 1392 1618 1419 iis
1643 1399 1704 1426 qme

922 1450 985 1474 sunt
1002 1444 1074 1475 ﬁdei.
1088 1450 1204 1477 quorum
1216 1442 1303 1477 prima
1316 1445 1357 1468 est
1372 1445 1453 1475 atque
1467 1440 1601 1474 praecipua
1620 1437 1702 1468 ratio,

922 1491 1034 1518 minimc
1044 1493 1209 1524 celrgruunl,
1219 1496 1273 1522 quo
1286 1491 1364 1522 pacto
1380 1486 1449 1513 inter
1465 1493 1493 1512 se
1503 1485 1589 1518 aequis
1606 1483 1703 1510 animis

926 1538 952 1564 in
971 1536 1073 1569 reliqua
1089 1535 1151 1561 vitae
1183 1534 1314 1562 societate
1331 1531 1588 1559 communicabunt!
1604 1530 1704 1566 Qqam-

920 1583 1013 1610 obrem
1030 1585 1057 1608 et
1074 1580 1229 1615 nuptiarum
1253 1578 1343 1606 ltedus
1370 1577 1439 1604 male
1462 1579 1632 1603 contractum
1660 1581 1704 1600 re-

920 1627 1020 1658 scindi,
1040 1632 1066 1654 et
1083 1634 1130 1654 eos
1146 1626 1267 1659 insuper.
1286 1624 1331 1658 qui
1349 1615 1480 1650 canonem
1498 1621 1570 1648 hunc
1585 1619 1704 1647 violave—

919 1674 985 1706 rint,
998 1672 1134 1708 segregari
1153 1671 1257 1699 volunt.
1283 1670 1372 1704 Atque
1390 1669 1446 1695 haec
1461 1667 1570 1702 quidem
1596 1665 1629 1693 de
1647 1673 1704 1692 ma-

919 1718 1046 1746 trimonio
1060 1725 1146 1751 nuper
1161 1717 1237 1748 inito,
1252 1723 1307 1751 quo
1321 1713 1474 1742 lrwreticam
1491 1712 1542 1740 sibi
1561 1711 1701 1738 tnulierem

918 1765 960 1791 vir
975 1763 1143 1791 orthodoxus
1160 1761 1305 1797 copularit,
1330 1765 1376 1787 aut
1394 1764 1498 1791 contra,
1529 1758 1622 1784 Patres
1638 1764 1702 1782 san-

922 1818 997 1838 xere.
1014 1809 1091 1842 Quod
1109 1810 1131 1836 si
1148 1816 1201 1843 quo
1218 1813 1339 1841 tempore
1360 1809 1475 1839 uterque
1490 1803 1523 1830 ab
1542 1802 1703 1830 orthodoxis

923 1856 1081 1888 dissidebat,
1099 1858 1220 1883 rnutuam
1245 1855 1317 1881 inter
1341 1860 1371 1881 se
1397 1851 1515 1887 coniugii
1544 1851 1721 1878 societatem‘

923 1906 1094 1931 contraxere.
1110 1901 1229 1928 decursu
1248 1906 1313 1926 vero
1330 1898 1472 1932 temporis,
1489 1896 1571 1922 altera
1587 1901 1702 1929 persona

922 1946 1013 1973 adhuc
1041 1953 1168 1972 errorum
1193 1944 1312 1972 tenebris
1338 1943 1471 1975 involuta,
1498 1943 1582 1968 altera
1610 1939 1701 1974 agnita

927 1991 1040 2018 veritate
1063 1991 1141 2018 ﬁdem
1167 1990 1290 2025 amplexa
1315 1993 1368 2020 est,
1397 1992 1460 2015 tunc
1487 1987 1595 2021 quidem
1619 1984 1703 2011 divini

90 2031 187 2059 Patres
202 2032 289 2066 magni
307 2031 383 2058 Pauli
416 2033 557 2068 praeceptis
583 2033 710 2061 standum
742 2042 802 2062 esse
833 2035 994 2064 decernunt.
1030 2036 1057 2064 Si
1086 2037 1168 2069 enim,
1198 2036 1244 2067 ait,
1270 2043 1331 2062 cum
1352 2034 1421 2061 ﬁdeli
1457 2033 1517 2060 vitae
1547 2032 1702 2059 societatem

89 2077 207 2104 Ῐηῧάειίε
226 2078 342 2105 retinere
371 2077 446 2110 νοιίῑο
463 2083 510 2105 θυι
533 2083 638 2112 contra,
655 2087 689 2106 ne
712 2085 898 2116 segregentur.
917 2081 1105 2109 Sanctiﬁcatus
1122 2087 1164 2109 est
1176 2082 1248 2109 enim
1267 2081 1305 2107 vir
1322 2079 1437 2107 inﬁdelis
1452 2086 1500 2113 par
1514 2077 1654 2104 mulierem
1679 2076 1702 2107 ⁷.

87 2130 116 2153 et
131 2133 146 2152 e
159 2131 266 2153 contra.

88 2173 200 2202 ΔΡΙΣΤ.
219 2182 229 2199 ι
249 2174 366 2208 ’Λκυρος
384 2174 398 2200 ὁ
427 2173 497 2208 μετὰ
514 2174 570 2200 τῶν
596 2175 741 2209 αίρετικῶν
768 2176 867 2211 γάμος.

149 2229 159 2245 ι
180 2220 210 2246 0i
227 2218 256 2245 δὲ
271 2218 463 2254 προλαϐόντες,
479 2219 504 2245 εἰ
518 2218 646 2252 ἐθέλοιεν,
660 2220 781 2254 μένοιεν.
801 2230 811 2246 ι

957 2177 1070 2206 ARIST.
1086 2186 1096 2203 ι
1111 2176 1220 2204 lrritum
1232 2181 1273 2203 est
1285 2172 1486 2202 matrimonium
1498 2179 1558 2199 cum
1569 2170 1704 2197 Iizereticis

926 2235 935 2251 (
957 2228 1141 2252 contractum.
1171 2223 1222 2256 Qui
1248 2229 1312 2250 vero
1341 2225 1419 2247 antea
1444 2223 1651 2250 contraxerant,
1680 2219 1703 2244 si

925 2279 935 2296 ι
957 2270 1049 2300 velint,
1067 2272 1205 2296 maneant.
1224 2277 1234 2294 ›

126 2311 184 2337 Οὐκ
195 2309 301 2343 ἐξέσται
313 2308 446 2345 ὀρθοδόξῳ
460 2309 585 2344 αἰρετικῇ
614 2309 797 2338 συνάπτεσθαι
823 2319 869 2345 γυ-

959 2315 1016 2342 Non
1031 2315 1093 2342 licet
1110 2315 1168 2342 viro
1191 2313 1344 2341 orthodoxo
1359 2319 1419 2339 cum
1436 2310 1550 2338 muliere
1575 2309 1703 2336 Ineretiea

88 2357 163 2384 ναικὶ
182 2355 242 2392 ῆτδ
256 2355 400 2383 ἀνάπαλιν.
429 2355 459 2382 Εἰ
477 2355 505 2382 δέ
536 2364 618 2388 τινες,
650 2357 760 2383 ἄπιστοι
784 2356 871 2389 ὄντες,

88 2403 196 2438 νομίμῳ
221 2403 301 2437 γάμῳ
315 2402 502 2438 ἡρμόσθησαν,
514 2400 574 2429 εἶτα
589 2403 603 2428 ὁ
621 2402 671 2437 μὲν
688 2403 824 2438 προσῆλθε
836 2405 870 2439 τῇ

89 2448 192 2481 πίστει,
205 2448 222 2483 ὴ
234 2447 262 2474 δὲ
276 2447 316 2474 ἐτι
328 2447 380 2474 ὑπὸ
392 2448 441 2482 τῆς
455 2447 558 2482 πλάνης
577 2447 722 2483 κατέχεται
733 2457 739 2464 ·
757 2450 805 2476 καὶ
827 2450 872 2476 εὐ-

88 2496 163 2522 δοκεῖ
187 2495 201 2520 6
221 2495 318 2526 πιστὸς
341 2495 476 2521 συνοικεῖν
497 2496 530 2530 τῇ
558 2495 675 2530 ἀπίστῳ,
703 2496 719 2531 ἢ
752 2497 783 2523 τὸ
806 2498 872 2525 ἀνά-

89 2541 183 2568 παλιν.
200 2540 239 2576 μὴ
262 2540 483 2576 χωριζέσθωσαν,
493 2540 565 2581 κατὶι
580 2540 626 2568 τὸν
640 2541 711 2568 θεῖον
724 2543 871 2571 ἀπόστολον

89 2587 210 2615 Παῦλον.

359 2632 478 2660 ΚΑΝΩΝ
493 2632 552 2661 οΓ’.

92 2689 103 2706 ι
129 2678 184 2706 Τοῦ
197 2677 330 2711 ζωοποιοῦ
347 2679 463 2714 σταυροῦ
482 2680 621 2715 δείξαντος
643 2683 712 2718 ἡμῖν
730 2683 760 2710 τὸ
785 2683 871 2718 σωτή-

129 2735 139 2752 ‹
161 2734 229 2761 ριον,
259 2727 349 2752 πᾶσαν
378 2726 495 2761 σπουδὴν
518 2728 592 2762 ἡμᾶς
620 2728 723 2755 τιθέναι
747 2727 800 2764 χρὴ
825 2727 870 2755 τοῦ

127 2782 137 2800 ι
159 2773 241 2809 τιμὴν
268 2773 317 2810 τὴν
347 2773 426 2807 ἀξίαν
453 2773 607 2803 ἀποδιδόναι
635 2777 675 2812 τῷ
697 2777 731 2804 δι’
764 2774 794 2804 οὗ
824 2785 870 2803 σε-

90 2837 93 2846 .
126 2829 136 2846 ι
156 2819 284 2855 σώσμεοα
304 2819 352 2846 τοῦ
386 2819 502 2848 παλαιοῦ
529 2822 762 2858 παραπτώματος,
780 2822 862 2850 Ὅθεν

124 2908 135 2925 ⁷
153 2907 295 2942 ICor.vn,
314 2907 358 2935 Η.

920 2361 1061 2396 conjungi,
1079 2364 1126 2387 aut
1142 2367 1157 2387 e
1168 2358 1318 2387 contrario.
1331 2357 1359 2385 Si
1377 2357 1440 2392 quis
1455 2361 1557 2388 autem,
1572 2362 1635 2382 cum
1648 2355 1703 2381 sint

920 2406 1053 2438 inﬁdeles,
1086 2406 1207 2442 legitimo
1238 2403 1414 2433 matrimonio
1446 2402 1587 2436 cunjuncti
1615 2406 1702 2432 sunt,

921 2457 1014 2487 postea
1030 2455 1121 2479 autem
1137 2451 1178 2478 vir
1194 2450 1302 2485 quidem
1321 2449 1355 2476 ad
1372 2448 1451 2475 ﬁderit
1468 2447 1583 2479 accedit,
1607 2446 1705 2473 mulier

924 2506 989 2526 vero
1005 2498 1033 2525 in
1048 2506 1142 2525 errore
1155 2497 1312 2528 detinetur;
1328 2500 1354 2523 et
1372 2494 1444 2522 ﬁdeli
1464 2494 1552 2528 placet
1568 2501 1628 2520 cum
1644 2492 1704 2520 inll-

919 2544 972 2579 deli
995 2543 1163 2574 cohabitare,
1180 2547 1227 2569 aut
1253 2543 1312 2569 vice
1341 2549 1446 2568 versa:
1466 2548 1501 2568 ne
1525 2543 1702 2574 separentur,

920 2590 998 2625 juxta
1013 2589 1134 2617 divinum
1148 2588 1299 2623 apostolum
1316 2587 1440 2615 Paulum.

1181 2633 1300 2662 CANON
1319 2633 1436 2660 LXXIII.

923 2691 932 2708 ι
954 2681 1021 2709 Cum
1033 2688 1100 2708 crux
1120 2681 1199 2708 nobis
1212 2680 1319 2717 viviﬁca
1335 2680 1453 2706 salutare
1467 2676 1628 2707 ostenderit,
1649 2683 1700 2704 nos

960 2738 970 2755 ι
992 2735 1102 2755 omnem
1120 2727 1287 2762 diligentiam
1315 2721 1446 2751 adbibere
1466 2726 1574 2756 oportet
1586 2742 1593 2752 ,
1611 2726 1640 2748 ut
1656 2721 1701 2754 ei,

960 2784 969 2800 ι
991 2781 1037 2810 per
1052 2781 1133 2809 quem
1148 2773 1182 2800 ab
1196 2772 1307 2805 antiquo
1319 2770 1397 2803 lapsu
1410 2768 1505 2796 salvati
1520 2774 1625 2798 sumus,
1639 2774 1701 2794 eum

959 2831 968 2847 ι
986 2828 1064 2855 quem
1081 2827 1129 2855 par
1144 2823 1184 2847 est
1195 2818 1326 2846 honorem
1341 2815 1499 2842 habeamus.
1519 2813 1700 2846 Quamobrem
