1936 3105
97 195 146 226 τοι

583 199 622 229 ΙΝ
643 199 727 230 ΒΑΝ,
750 199 858 229 LXXII
879 197 987 229 CONC.
1008 198 1047 239 iN
1065 198 1231 229 TRULLO.

947 17 1108 28 ειίν-’ν
1159 14 1242 27 I,I’.'
1280 10 1471 26 R‘_.;L‘

1662 195 1714 227 702

97 252 170 282 νόνα,
185 251 228 278 διὰ
245 252 308 284 τοὺς
333 252 446 287 Ἴϐηρας
471 254 533 285 τοὺς
556 254 710 290 ἀδιαφόρως
738 257 770 281 τά
784 255 873 281 οἰκεῖα

931 255 1003 289 gerit.
1017 254 1084 281 Nota
1097 262 1161 289 ergo
1173 257 1333 288 praesentem
1344 259 1476 279 canonem
1491 255 1598 286 propter
1607 251 1710 280 lbrro~,

96 297 231 332 θυγάτρια
252 298 308 328 τοῖς
352 298 514 334 ’Δγαρηνοῖς
535 299 748 334 ὲκγαμίζοντας.
778 299 877 326 Ὡσαύ-

96 350 148 372 τως
162 342 314 376 σημείωσαι
331 342 378 369 καὶ
396 344 426 368 τὸ
448 343 523 378 ῥῆμα
543 344 590 370 τοῦ
614 345 723 374 κανόνος
736 344 765 370 τὸ
780 343 875 377 λέγον·

97 386 210 413 Ebriost
222 388 251 413 δὲ
271 387 310 422 τῷ
337 388 425 423 πιστῷ
454 390 469 423 ὴ
498 389 611 421 ἄπιστος
634 389 817 425 συνοικεῖν;ἢ
847 389 877 416 τὸ

96 432 216 466 ἔμπαλιν
231 434 367 466 ὁάπιστος
380 436 411 469 τῇ
428 437 509 470 πιστῇ
523 443 530 466 ;
550 436 586 470 μὴ
600 435 824 471 χωριζέσθωσαν.
845 435 876 462 El

96 478 151 512 γὰρ
163 477 334 513 αἱρετίσεταί
356 489 397 510 τις
410 480 513 507 τούτων
525 481 696 515 διαζυγῆναι,
709 474 875 511 ἁπενξεῦθεν

96 526 110 551 ό
120 525 209 559 γάμος
234 526 479 561 διασπασθήσεται.
497 524 586 562 Ὀἓιερ
597 528 691 561 γέγονε
705 528 752 554 καὶ
763 528 809 553 ἐπὶ
822 526 876 553 τῶν

96 571 208 606 ἡμερῶν
222 572 268 598 τοῦ
283 573 436 605 ἁγιωτάτου
449 574 619 609 πατριάρχου
637 573 721 609 κυροῦ
735 573 874 600 Θεοδότου.

96 617 213 652 Διεζύγη
229 618 284 654 γὰρ
299 618 442 651 Βασιλικὸς
468 620 625 655 Βυκινάτωρ
641 620 710 655 μετὰ.
726 620 754 646 τὸ
780 619 876 654 βαπτι-

97 664 196 698 σθῆναι
211 664 266 691 άπὺ
288 665 339 699 τῆς
355 665 470 692 ἀπίστου
481 666 611 700 γυναικὸς
634 665 717 693 αὑτοῦ
740 665 808 700 μετὰ
825 673 877 691 πα-

95 711 258 745 τριαρχικοῦ
268 711 392 746 ὁρισμοῦ,
407 711 444 743 ὡς
461 712 498 746 μὴ
517 712 679 746 πειθομένης
693 710 876 746 βαπτισθῆναι

95 756 167 782 κατὰ
180 756 229 789 τὴν
244 756 291 783 τοῦ
319 756 415 791 ἀνδρὸς
438 757 623 792 παράκλησιν.
643 757 811 790 Ἀνάγνωσον
829 756 876 782 καὶ

96 802 126 828 τὸ
143 801 159 829 ι’
173 810 236 836 κερ.
253 802 298 829 τοῦ
315 805 339 829 α’
362 803 452 829 τίτλου
472 803 519 829 τοῦ
538 803 671 838 παρόντος
691 802 876 837 συτάῖγματος,

95 849 142 874 καὶ
155 848 189 874 τὰ
218 850 248 874 ὲν
264 848 347 882 αὐτῷ.

131 894 254 922 ΖΩΝΑΡ.
269 894 301 920 Οἱ
316 894 366 928 τῆς
381 894 490 920 συνόδου
516 893 621 930 ’ταύτης
639 895 707 930 ἱεροὶ
734 897 781 924 καὶ
808 897 874 924 θεῖοι

95 941 216 976 Πατέρες
243 940 379 975 περὶτῶν
406 940 468 974 ἄρτι
495 940 689 976 ζευγνυμένων
721 943 761 973 είς
783 943 874 977 γάμου

95 987 237 1014 κοινωνίαν
248 986 438 1022 νομοθετοῦσιν
451 995 459 1002 ·
483 983 522 1013 ὧν
556 986 602 1013 τὸν
618 987 666 1022 μὲν
682 987 777 1014 πιστὸν
805 985 873 1015 εἶναι

95 1031 274 1064 ὑποτιθέασι,
295 1032 344 1067 τὴν
368 1032 396 1058 δὲ
421 1032 534 1059 ἄπιστον
557 1051 565 1065 ,
597 1032 614 1068 ἢ
646 1033 802 1060 τούναντίον
827 1034 875 1060 καὶ

94 1076 298 1111 ἀπαγορεύουσι
310 1078 359 1107 τὶς
374 1077 500 1108 τοιαύτας
516 1077 659 1111 συζυγίας,
674 1079 719 1104 καὶ
728 1078 876 1112 γενομένας

93 1122 123 1148 δὲ
131 1122 467 1148 διασπᾶσθαικελεύουσιν.
482 1123 518 1149 Οὺ
536 1125 589 1157 γὰρ
606 1123 669 1158 χρὴ,
685 1124 761 1158 φασὶ,
778 1124 876 1159 μιγνῦ-

94 1177 140 1194 ναι
152 1168 185 1194 τὰ
208 1168 322 1202 ἄμικτα.
341 1169 373 1195 Et
388 1169 441 1202 γὰρ
457 1169 473 1204 ἠ
487 1169 537 1203 τῆς
557 1169 646 1205 ψυχῆς
670 1170 734 1204 περὶ
764 1170 812 1205 τὴν
831 1170 877 1197 πίε

95 1222 154 1255 στιν
169 1214 288 1246 διάθεσις
307 1214 416 1241 ἐναντία
430 1216 485 1246 τοῖς
498 1215 661 1247 συνοικοῦσι,
680 1215 740 1247 πῶς
766 1216 800 1243 ἂν
812 1217 876 1251 περὶ

94 1260 129 1287 τὰ
143 1260 211 1287 ἄλλα
221 1261 352 1295 ὁμόψυχοι
366 1260 472 1288 ἔσονται
482 1269 490 1293 ;
502 1261 518 1296 ἢ
534 1261 592 1292 πῶς
608 1262 636 1287 ἐν
649 1262 689 1298 τῷ
702 1262 816 1296 μείζονι.
837 1264 873 1298 τῇ

95 1305 186 1332 πίστει
200 1305 280 1339 λέγω,
294 1304 447 1339 ἀσύμϐατοι
461 1305 537 1337 ὄντες
554 1305 599 1332 καὶ
609 1306 795 1341 άκοινώνητοι,
808 1315 875 1341 συμ-

95 1350 171 1376 ϐαἰεν
194 1350 319 1385 ἀλλήλοις
333 1351 380 1377 καὶ
401 1351 646 1385 συγκοινωνήσαιεν
655 1353 683 1378 ὲν
694 1353 749 1383 τοῖς
757 1352 874 1386 λοιποῖςς

94 1396 141 1422 Διὸ
156 1397 202 1423 καὶ
220 1397 286 1431 μετὰ
304 1396 353 1432 τὴν
369 1396 445 1423 λύσιν
471 1397 517 1423 τοῦ
542 1397 661 1432 ἀθέσμου
676 1396 769 1424 τούτου
785 1397 875 1432 γάμου

95 1442 143 1467 καὶ
155 1441 332 1477 ἀφορίζεσθαι
355 1441 493 1477 βούλονται
506 1441 567 1474 τοὺς
581 1442 626 1468 τὸν
643 1443 763 1477 παρόντα
776 1443 876 1470 κανόνα

76 1511 82 1518 ι
95 1487 324 1523 παραὸαίνοντας.
344 1487 437 1514 Ταῦτα
453 1488 501 1522 μὲν
515 1486 561 1515 οὖν
578 1489 641 1522 περὶ
653 1489 708 1514 τῶν
719 1489 780 1523 ἄρτι
798 1489 875 1524 πρώα

93 1541 149 1565 τως
167 1532 356 1568 ζευγνυμένων
373 1534 497 1568 ἀλλήλοις
513 1534 552 1565 εἰς
567 1534 655 1568 γάμου
679 1535 820 1561 κοικωνίαν
852 1537 876 1562 ot

95 1579 217 1623 ματέρες
230 1579 307 1623 φασὶ,
322 1578 373 1623 τού
386 1579 434 1623 μέν
447 1579 589 1613 ὁρθοδόξου
605 1580 795 1614 τυγχάνοντος,
825 1581 874 1615 τῆς
889 1595 909 1623 C

94 1621 123 1647 δὲ
139 1620 177 1656 μὴ
202 1621 337 1656 τοιαύτης.
356 1621 386 1648 Εἰ
400 1622 438 1653 δὲ,
453 1623 497 1649 ὅτε
514 1624 553 1654 εὶς
567 1623 656 1658 γάμον
671 1624 801 1659 συνῆλθον
827 1625 875 1652 ἁλ-

94 1667 195 1702 λήλοις,
213 1668 259 1694 καὶ
270 1668 354 1702 ἄμφω
363 1668 417 1694 τῶν
431 1668 578 1703 ὀρθοδόξων
594 1669 789 1705 ὴλλωτρίωντο,
817 1669 876 1698 εἶτα

94 1713 125 1739 τὸ
140 1713 188 1748 μὲν
201 1713 253 1740 τῶν
268 1713 422 1749 προσώπων
448 1714 554 1748 ἐπέγνω
570 1715 620 1750 τὴν
650 1715 790 1751 ἀλήθειαν,
828 1717 876 1743 καὶ

95 1760 233 1795 προσῆλθε
248 1760 349 1791 πίστει,
365 1760 395 1787 τὺ
410 1759 439 1799 δέ
463 1761 504 1787 ἔτι
521 1761 559 1795 τῷ
576 1761 666 1788 σκότει
691 1762 742 1796 τῆς
771 1762 875 1797 πλάνης

95 1807 249 1841 συνέχεται,
261 1807 294 1841 τῇ
308 1806 355 1832 τοῦ
374 1806 494 1840 μεγάλου
513 1806 619 1833 Παύλου
635 1807 749 1843 διαταγῇ
760 1808 874 1836 ἕπεσθαι

95 1852 142 1877 καί
163 1851 188 1877 ot
213 1851 334 1885 Πατέρες
363 1847 436 1877 οὗτοι
460 1850 634 1886 ψηφίζονται.
661 1852 692 1878 Et
709 1852 763 1888 γὰρ
791 1853 874 1885 θέλει,

95 1898 174 1931 φησὶ,
188 1896 226 1931 τῷ
243 1895 359 1931 πιστῷἡ
386 1896 500 1928 ἄπιστος
517 1899 662 1930 συνοικεῖν,
679 1897 696 1932 ἢ
711 1898 875 1931 τούναντίον,

95 1943 134 1976 μὴ
151 1941 363 1977 χωριζέσθωσαν
376 1950 382 1956 ·
402 1942 531 1977 ἡγίασται
559 1943 640 1979 γὰρὸ
664 1944 777 1976 ἄπιστος
807 1944 876 1980 ἀνὴρ

94 1990 125 2014 ἐν
134 1990 167 2023 τῇ
181 1989 298 2023 γυναικὶ,
311 1987 358 2015 καὶ
370 1988 400 2014 τὸ
413 1988 540 2022 ἔμπαλιν.

930 301 976 335 qni
994 308 1057 327 suas
1076 301 1145 328 ﬁlias
1161 300 1291 335 Agarenis
1307 298 1543 325 indiscriminatim
1564 298 1590 323 in
1606 298 1703 323 matri-

933 347 1025 374 monio
1038 347 1181 374 collocant.
1193 346 1324 373 Similiter
1340 351 1401 373 nota
1416 349 1442 372 et
1457 344 1568 371 verbum
1582 344 1708 375 canonis,

930 393 1001 428 quod
1019 392 1086 420 dicit
1107 402 1113 419 :
1127 392 1229 419 lnﬁdcli
1245 398 1335 419 autem
1352 391 1457 418 mulieri
1474 398 1535 417 cum
1556 390 1614 416 viro
1628 389 1711 422 lideli,

930 439 1088 467 cohabitare
1114 439 1219 472 placet?
1240 439 1282 465 vcl
1310 442 1417 468 contra,
1441 436 1541 463 inﬁdeli
1565 436 1625 462 viro
1648 443 1710 462 cum

930 486 1045 512 muliere
1060 486 1152 512 ﬁdeli?
1169 493 1201 512 ne
1222 489 1390 519 separentur.
1407 482 1434 510 Si
1449 482 1511 514 quis
1527 476 1599 508 enim
1614 480 1710 507 ltnrtnn

930 532 1053 566 separari
1071 531 1207 563 maluerit,
1226 530 1430 557 matrimonium
1450 536 1481 555 ex
1507 535 1540 555 eo
1557 527 1711 554 divelletur.

929 577 1006 610 Quod
1021 578 1129 612 quidem
1149 577 1248 604 factum
1271 580 1312 603 est
1335 582 1455 608 tempore
1478 573 1643 601 sanctissimi
1663 580 1712 606 pa-

911 624 1058 651 ‘triarcha:
1084 623 1186 650 domini
1213 622 1355 649 Theodoti.
1372 622 1518 655 Si-paratus
1540 624 1581 646 est
1605 619 1676 645 enim
1697 625 1710 644 a

928 679 976 698 sua
995 671 1095 697 infideli
1114 677 1198 697 uxore
1221 669 1355 697 Basilicus
1376 667 1548 695 Buccinator.
1567 670 1710 698 postquam

929 717 1082 751 baptizatus
1099 716 1197 747 fuerat.
1210 723 1272 743 cum
1288 715 1398 742 decreto
1412 712 1585 748 patriarchali
1599 720 1605 738 :
1618 715 1712 745 utpote

928 770 988 797 qua:
1007 770 1021 789 a
1037 762 1087 789 viri
1105 762 1235 790 suasione
1258 761 1350 788 induci
1368 768 1420 787 non
1437 764 1527 794 posset
1541 764 1569 785 nt
1586 759 1711 790 baptiz:t--

918 813 1015 836 ‘retur.
1027 807 1097 843 Lege
1107 813 1133 835 et
1145 808 1280 834 decimum
1293 811 1376 842 caput
1393 805 1472 840 prlmi
1486 804 1555 831 tituli
1571 803 1712 838 prmscntis

928 853 1030 889 operis,
1049 857 1076 880 et
1092 860 1153 887 qua;
1170 853 1196 879 in
1212 859 1244 878 eo
1258 855 1331 878 sunt.

963 897 1088 927 ZONAR.
1105 898 1141 925 De
1157 898 1191 925 iis
1210 897 1255 932 qui
1272 899 1341 924 inter
1357 903 1386 923 se
1405 903 1457 922 non
1473 896 1510 922 ita
1527 894 1630 929 pridem
1652 901 1712 920 ma-

928 945 1048 972 trimonii
1067 943 1168 972 [uadere
1180 943 1266 978 juncti
1283 946 1347 970 sunt
1359 962 1366 973 .
1383 942 1406 968 si
1422 948 1517 968 eorum
1538 941 1653 966 alterunt
1673 938 1704 965 ﬁ-

926 991 1012 1019 delem
1028 998 1101 1023 esse,
1128 990 1243 1016 alterum
1261 996 1274 1014 a
1293 988 1344 1015 ﬁde
1369 987 1516 1014 abhorrere
1542 984 1685 1019 contigerit
1701 1003 1709 1014 .

926 1044 1058 1064 canonem
1075 1035 1147 1062 hunc
1162 1034 1233 1062 sacri
1248 1038 1281 1070 _et
1294 1033 1378 1060 divini
1406 1032 1500 1058 Patres
1520 1030 1709 1064 promulgave-

929 1087 1012 1114 runt;
1044 1088 1132 1115 eoqne
1161 1081 1318 1107 societatem
1347 1077 1482 1111 ejusmodi
1509 1077 1650 1105 danmant.
1681 1078 1708 1100 et

926 1132 1071 1162 postquam
1090 1125 1171 1152 etiam
1188 1128 1326 1152 contracta
1351 1123 1442 1154 fuerit,
1461 1121 1577 1148 rescindi
1600 1121 1707 1154 juhent.

926 1173 987 1200 Non
1001 1172 1072 1199 enim
1089 1178 1132 1202 ea,
1150 1170 1288 1204 inquiunt,
1305 1168 1444 1195 miscenda
1462 1171 1537 1198 sunt,
1554 1174 1613 1200 qua:
1629 1170 1709 1192 natu-

927 1226 996 1249 ram,
1018 1222 1046 1244 ut
1060 1217 1131 1244 inter
1148 1224 1177 1244 se
1191 1215 1298 1243 misceri
1315 1215 1429 1249 possint,
1449 1221 1502 1240 non
1519 1213 1627 1239 habent.
1640 1211 1706 1238 Nam

927 1265 972 1300 qui
988 1263 1069 1291 simul
1093 1263 1130 1290 ita
1150 1262 1256 1294 vivunt,
1279 1264 1308 1287 ut
1324 1267 1418 1287 eorum
1436 1258 1536 1288 animi.
1556 1257 1582 1284 in
1600 1257 1632 1284 iis
1649 1264 1709 1290 qua:

928 1310 962 1337 ad
987 1309 1064 1336 ﬁdem
1095 1308 1244 1344 pertinent.
1268 1305 1406 1334 contrario
1431 1303 1512 1330 modo
1531 1302 1618 1329 allecti
1643 1302 1709 1331 sint.

927 1362 982 1390 quo
1002 1359 1081 1390 pacto
1095 1361 1144 1381 eos
1157 1354 1184 1380 in
1201 1352 1263 1380 aliis
1278 1351 1362 1379 rebus
1377 1351 1523 1378 convenire
1539 1356 1618 1384 posse
1633 1348 1709 1383 quis-

927 1401 999 1436 piam
1021 1399 1188 1427 arbitretur?
1213 1404 1384 1433 quorumque
1409 1403 1517 1428 sensus,
1538 1395 1564 1421 in
1591 1394 1624 1420 iis
1649 1401 1710 1427 qmc

927 1451 991 1476 sunt
1008 1446 1080 1477 ﬁdei,
1094 1452 1209 1479 quorum
1222 1444 1308 1478 pritna
1321 1447 1362 1470 est
1377 1447 1458 1476 atque
1473 1441 1606 1475 praecipua
1626 1439 1707 1469 ratio,

928 1494 1040 1520 minimc
1049 1495 1214 1525 congruunt,
1225 1497 1279 1524 quo
1291 1493 1370 1523 pacto
1385 1488 1455 1514 inter
1470 1495 1499 1513 se
1509 1486 1594 1520 aequis
1611 1485 1708 1511 animis

932 1540 958 1566 in
976 1538 1079 1571 reliqua
1095 1537 1156 1563 vitae
1189 1535 1320 1563 societate
1336 1532 1594 1561 communicabunt‘.
1609 1531 1710 1568 Qqam-

926 1585 1018 1612 obrem
1036 1587 1063 1610 et
1080 1582 1234 1616 nuptiarum
1259 1579 1348 1607 fmdus
1375 1578 1444 1606 male
1467 1580 1638 1605 contractmn
1665 1582 1710 1602 re-

926 1630 1026 1660 scindi,
1045 1634 1071 1656 ct
1088 1635 1136 1655 eos
1151 1627 1272 1661 insuper,
1291 1626 1336 1660 qui
1354 1616 1486 1651 canonem
1504 1623 1576 1650 hunc
1592 1621 1709 1648 violave-

925 1676 991 1708 rint,
1004 1674 1139 1710 segregari
1159 1673 1262 1700 volunt.
1289 1672 1378 1706 Atque
1395 1670 1452 1697 haec
1467 1669 1577 1704 quidem
1601 1667 1635 1694 de
1653 1673 1710 1693 ma-

924 1720 1051 1747 trimonio
1066 1727 1152 1753 nuper
1166 1719 1243 1749 inito,
1257 1725 1312 1753 quo
1326 1715 1480 1744 lmreticam
1497 1713 1548 1742 sibi
1567 1712 1707 1739 mulierem

924 1767 966 1793 vir
981 1765 1149 1793 orthodoxus
1166 1763 1311 1798 copularit,
1335 1767 1382 1789 aut
1399 1765 1504 1791 contra,
1535 1759 1627 1786 Patres
1644 1765 1708 1784 san-

927 1819 1003 1839 xere.
1020 1810 1097 1844 Quod
1115 1811 1137 1837 si
1154 1818 1207 1845 quo
1224 1814 1345 1842 tempore
1365 1811 1480 1840 uterque
1495 1805 1528 1832 ab
1548 1803 1710 1831 orthodoxis

929 1858 1087 1889 dissidebat,
1105 1860 1226 1884 mutuam
1251 1856 1323 1882 inter
1347 1862 1377 1882 se
1402 1853 1520 1888 conjugii
1549 1852 1707 1879 societatem

929 1908 1100 1933 contraxere.
1115 1902 1234 1929 decursu
1254 1908 1319 1927 vero
1336 1899 1478 1933 temporis,
1494 1897 1577 1924 altera
1593 1902 1709 1931 persona

928 1948 1018 1974 adhuc
1047 1955 1173 1974 errorum
1199 1945 1317 1973 tenebris
1344 1945 1477 1976 involuta,
1504 1945 1588 1969 altera
1616 1941 1708 1975 agnita

933 1993 1046 2020 veritate
1069 1993 1147 2020 ﬁdem
1173 1992 1296 2026 amplexa
1320 1995 1374 2022 est,
1403 1994 1466 2017 lunc
1494 1988 1600 2022 quidem
1625 1985 1709 2013 divini

96 2034 193 2062 Patres
208 2035 296 2069 magni
313 2033 389 2061 Pauli
422 2035 563 2070 praeceptis
589 2035 716 2063 standum
748 2044 809 2065 esse
839 2037 1001 2066 decernunt.
1035 2038 1063 2066 Si
1092 2038 1174 2070 enim,
1204 2037 1250 2069 ait,
1276 2045 1337 2064 cum
1358 2035 1427 2063 ﬁdeli
1463 2035 1523 2061 vitae
1553 2034 1708 2061 societatem

95 2080 213 2107 inﬁdelis
232 2081 348 2108 retinere
377 2079 452 2113 velit,
469 2086 516 2107 aut
539 2085 644 2114 contra,
661 2089 696 2109 ne
718 2088 875 2118 segregentu

931 2084 1111 2112 Sanctiﬁcatus
1128 2088 1170 2111 est
1182 2084 1253 2111 enim
1273 2083 1311 2109 vir
1328 2081 1443 2108 inﬁdelis
1458 2087 1506 2114 par
1520 2078 1660 2106 mulierem
1685 2077 1708 2108 ⁷.

94 2133 122 2156 et
137 2136 152 2155 Β
166 2133 272 2156 contra.

95 2175 206 2205 ΔΡΙΣΤ.
225 2185 235 2202 ι
255 2177 373 2211 Ἀκυρος
390 2177 404 2203 ὁ
433 2175 503 2210 μετὰ
521 2176 576 2203 τῶν
602 2177 747 2212 αίρετικῶν
774 2179 874 2214 γάμος.

155 2231 165 2248 ι
186 2222 217 2249 Οἱ
234 2221 262 2248 δὲ
277 2220 470 2256 προλαϐόντες,
485 2221 510 2247 ει
524 2221 653 2254 ἐθέλοιεν,
667 2222 787 2256 μένοιεν.
808 2232 817 2249 ι

963 2179 1076 2208 Αῐὶίδτ.
1092 2189 1102 2205 ‹
1117 2179 1225 2206 lrrilum
1238 2183 1279 2205 est
1290 2174 1492 2203 matrimonium
1504 2180 1564 2200 cum
1576 2171 1710 2198 lucreticis

932 2237 941 2254 ι
964 2231 1147 2255 contractum.
1177 2225 1228 2258 Qui
1254 2231 1318 2252 vero
1347 2227 1425 2249 antea
1450 2224 1658 2251 contraxeram,
1686 2220 1710 2246 si

932 2281 942 2298 ι
963 2273 1055 2303 velint,
1073 2274 1211 2298 maneant.
1230 2278 1240 2295 ›

133 2313 190 2340 Οὐκ
202 2312 307 2346 ἐξέσται
319 2311 452 2347 ὀρθοδόξῳ
466 2312 592 2346 αἶρε-διχῇ
621 2311 803 2339 συνάπτεσθαι
830 2308 875 2347 γυ-

965 2317 1022 2344 Non
1037 2317 1099 2344 licet
1116 2317 1174 2344 viro
1198 2315 1351 2343 orthodoxe
1365 2321 1425 2341 cum
1442 2312 1557 2340 muliere
1581 2310 1709 2338 literctica

95 2360 170 2386 ναικὶ
188 2359 248 2395 ἢτδ
263 2358 406 2386 ἀνάπαλιν.
436 2358 466 2385 Εί
483 2358 512 2385 δέ
542 2367 624 2390 τινες,
657 2359 767 2386 ἄπιστοι
791 2359 877 2392 ὄντες,

94 2405 203 2441 νομίμῳ
227 2406 308 2440 γάμῳ
321 2404 509 2440 ἠρμόσθησαν,
521 2402 581 2431 εἶτα
596 2406 610 2431 ὁ
627 2405 678 2440 μὲν
694 2406 830 2441 προσῆλθε
843 2407 876 2442 τῇ

95 2451 199 2484 πίστει,
212 2451 229 2486 ἡ
241 2450 269 2477 δὲ
282 2450 322 2477 ἐτι
334 2450 386 2477 ὑπὸ
399 2451 447 2484 τῆς
461 2450 564 2485 πλάνης
584 2450 746 2486 κατέχεται·
764 2452 812 2479 καὶ
834 2453 878 2478 εὐ-

95 2497 208 2525 δοκεῖό
227 2497 324 2529 πιστὸς
347 2498 482 2524 συνοικεῖν
504 2498 537 2533 τῇ
564 2497 682 2532 ἀπίστῳ,
710 2498 726 2533 ἢ
759 2499 789 2525 τὸ
813 2500 879 2527 ἀνά-

96 2544 189 2572 παλιν.
206 2543 245 2580 μὴ
268 2543 490 2579 χωριζέσθωσαν,
500 2543 571 2583 κατα
587 2543 633 2570 τὸν
647 2543 718 2570 θεῖον
731 2545 878 2573 ἀπόστολον

96 2589 217 2618 Παῦλον.

366 2635 484 2662 ΚᾹΝΩΝ
499 2634 559 2664 01”’.

99 2691 110 2709 ι
136 2681 190 2709 Τοῦ
204 2680 338 2714 ζωοποιοῢ
354 2682 470 2717 σταυροῦ
489 2683 628 2717 δείξαντος
649 2686 718 2720 ἡμῖν
736 2685 767 2712 τὺ
791 2685 878 2720 σωτή-

136 2738 146 2755 ι
168 2737 236 2764 ριον,
266 2729 356 2755 πᾶσαν
385 2729 502 2764 σπουδὴν
525 2731 599 2765 ἡμᾶς
627 2730 730 2758 τιθέναι
754 2730 807 2767 χρὴ
831 2730 877 2757 τοῦ

134 2786 144 2804 t
166 2777 248 2812 τιμὴν
275 2776 323 2812 τὴν
354 2776 433 2809 ἀξίαν
460 2776 614 2805 ἀποδιδόναι
642 2779 682 2814 τῷ
704 2779 738 2806 δι’
771 2776 801 2806 οὗ
831 2787 877 2805 σε-

97 2840 100 2849 .
133 2833 143 2849 ε
163 2822 291 2858 σώσμεοα
311 2822 359 2849 τοῦ
393 2822 509 2851 παλαιοῦ
537 2825 768 2860 παραπτώματος.
786 2825 869 2852 Ὅθεν

132 2911 143 2928 ⁷
161 2910 244 2940 lCor.
255 2918 303 2945 vn,
321 2910 365 2938 l4.

927 2363 1068 2398 conjungi,
1086 2364 1132 2389 ant
1148 2370 1163 2389 e
1174 2361 1324 2388 contrario.
1338 2359 1366 2386 Si
1383 2358 1446 2394 quis
1461 2362 1563 2389 autem,
1579 2364 1641 2384 cum
1655 2356 1710 2383 sint

926 2409 1059 2440 inﬁdeles,
1093 2408 1213 2444 legitimo
1244 2405 1420 2435 matrimonio
1453 2404 1594 2438 cunjuncti
1621 2407 1708 2433 sunt,

927 2459 1021 2489 postea
1037 2458 1127 2481 autem
1143 2453 1185 2480 vir
1200 2452 1309 2487 quidem
1327 2451 1362 2478 ad
1379 2450 1457 2477 ﬁdem
1475 2449 1590 2481 accudit,
1613 2448 1710 2475 mulier

930 2508 996 2528 vero
1012 2500 1039 2527 iu
1055 2508 1148 2527 errore
1162 2499 1319 2530 detinetur;
1335 2502 1360 2525 et
1378 2496 1450 2524 ﬁdeli
1471 2496 1559 2529 placet
1574 2502 1635 2522 cum
1650 2493 1711 2520 inﬁ-

926 2546 978 2581 deli
1002 2546 1169 2576 cohabitare,
1186 2549 1233 2571 aut
1260 2544 1319 2571 vice
1347 2550 1452 2570 versa:
1473 2550 1507 2570 ne
1531 2545 1709 2576 separentur.

927 2592 1005 2627 juxta
1020 2591 1140 2618 divinum
1155 2590 1305 2625 apostolum
1323 2588 1446 2616 Paulum.

1188 2635 1306 2664 CANON
1325 2634 1443 2662 LXXIII.

930 2693 939 2710 ι
961 2683 1028 2711 Cum
1040 2690 1107 2710 crux
1127 2682 1205 2710 nobis
1219 2681 1326 2709 viviﬁca
1341 2681 1459 2708 salutare
1474 2677 1635 2709 ostenderit,
1656 2684 1707 2705 nos

967 2740 976 2756 ι
999 2737 1109 2757 omnem
1127 2728 1294 2763 diligentiam
1322 2723 1453 2753 adhibere
1473 2727 1580 2758 oportet
1593 2743 1600 2753 .
1618 2727 1646 2749 ut
1663 2723 1708 2755 ei,

967 2786 976 2802 ι
997 2783 1044 2811 per
1060 2782 1139 2810 quem
1155 2774 1189 2801 ab
1203 2773 1314 2807 antiquo
1326 2771 1403 2805 lapsu
1417 2769 1512 2797 salvati
1527 2776 1632 2799 sumus,
1646 2776 1707 2795 enm

966 2833 975 2849 ι
992 2830 1071 2858 quem
1088 2828 1136 2856 par
1150 2825 1191 2849 est
1202 2819 1333 2847 honorem
1347 2816 1506 2844 habeamus.
1526 2814 1707 2848 Quamobrem
