1936 3105
45 137 104 168 769

820 15 881 23 --τ
941 14 1108 24 --ν-Ἰν
1158 12 1264 24 IIL'.

527 131 579 162 ‘IN
590 130 673 162 CAN.
688 130 791 161 LXXV
805 129 911 160 CONC.
933 129 972 160 ΙΝ
991 129 1157 159 TBULLO.

1391 4 1481 13 ρςηγ

1279 10 1323 24 R
1350 8 1362 13 -

1617 130 1673 161 77B

46 194 112 218 ὁδου
128 190 227 225 ταύτης
242 189 363 224 Πατὲρες
376 187 415 223 τῷ
433 188 467 214 Ἦ
479 187 601 215 ,ἐνταῦθα
621 187 682 215 ἀντὶ
696 187 744 214 τοῦ
761 187 837 214 Ἧτοι

897 184 973 211 modo
987 184 1067 220 igitur
1081 185 1114 212 ab
1129 184 1210 219 hujus
1224 191 1332 220 quoque
1348 184 1444 220 synodi
1465 185 1592 213 Patrilius
1608 195 1672 221 par-

47 235 217 273 χρήσασθαι.

48 324 163 351 ΔΡῘΣΤ.
177 333 187 350 ι
199 323 314 358 Ἀγάπαι
329 324 358 351 ἐν
371 324 426 356 τοῖς
437 323 610 359 Κνριακοῖςῆ
625 323 654 350 ἐν
665 323 724 354 ταῖς
738 323 836 357 ἐκκλη-

91 381 100 397 ι
122 371 194 402 σὶαις
209 371 238 398 οὐ
251 370 399 402 τελοῦνται.
411 369 471 397 οὺδέ
487 370 618 397 ἀκούσιτα
633 369 816 406 στρώννυνται
826 377 835 385 ‘

93 426 102 442 ι
124 417 181 444 ἀλλ’
198 417 222 443 oi.
240 418 276 452 μὴ
291 416 439 451 παυόμενοι
453 415 635 451 ἀφορίζονται.

89 464 127 490 Οὗ
140 463 194 490 δεῖν
208 464 252 490 τδν
266 462 312 489 τοῦ
327 463 394 489 Θεοῦ
409 461 483 489 οἷκον
503 462 591 489 κοινὸν
607 462 731 496 ἡγεῖσθαι
747 460 833 495 οἷκον,

51 510 103 536 καὶ
115 511 143 536 ἐν
165 509 239 544 αὐτῷ
252 509 301 540 τὰς
318 508 467 543 λεγομένας
489 508 599 542 ἀγάπαις
617 508 763 540 τελεῖσθαι,
788 512 835 535 καὶ

50 555 130 581 ἔνδον
146 555 258 586 ἐσθίειν,
275 555 292 588 ἢ
310 554 474 589 στρωννύειν
487 554 629 581 ἁκούϐιτα.
645 554 696 581 Τὸν
713 555 741 580 δὲ
757 554 836 581 τοῦτο

48 601 142 627 ποιεῖν
153 601 304 636 τολμῶντα,
320 601 345 627 εἰ
362 601 400 636 μὴ
414 600 538 633 παύοιτο,
556 602 748 636 ἀφορίζεσθαι.

351 689 472 716 ΚΑΝΩΝ
486 689 535 717 0E’

53 743 65 762 ι
89 734 214 767 Τοὺςέπὶ
228 736 259 763 τὸ
272 735 382 771 ψάλλειν
397 737 426 763 έν
444 738 503 768 ταῖς
518 736 673 771 ἐκκλησίαις
688 745 838 772 παραγινο-

93 791 103 808 ι
130 782 227 817 μένους
241 782 402 817 βουλόμεθα,
421 783 491 817 μήτε
504 782 578 817 βοαῖς
589 782 718 814 ἀτάκτοις
732 783 835 818 κεχρῆο

91 837 102 855 ι
126 829 188 855 σθαι
201 830 249 855 καὶ
259 829 309 864 τὴν
326 828 407 864 φύσιν
423 829 491 864 πρὸς
506 828 630 863 κραυγὴν
646 829 834 862 ἐκϐιάζεσθαι,

91 883 101 900 ι
127 875 195 909 μήτε
209 883 234 900 τι
249 873 386 908 ἐπιλέγειν
409 873 462 900 τῶν
482 873 519 909 μὴ
539 875 571 909 τῇ
593 873 726 909 ἐκκλησία
748 874 835 908 ἁρμο-

58 947 63 950 4
93 930 104 947 ι
125 921 189 947 δίων
205 930 233 947 τε
247 921 295 947 καὶ
309 921 416 948 οἰκείων
427 930 434 936 ·
458 921 527 948 ἀλλὰ
542 922 610 957 μετὰ
625 921 725 957 πολλῆς
749 930 836 956 προσ-

90 976 102 993 (
124 967 189 1002 οχῆς
202 968 249 993 καὶ
261 967 432 1000 κατανύξεως
443 967 492 999 τὰς
509 967 667 1003 ψαλμῳδιας
688 967 836 1003 προσάγειν

91 1020 101 1037 Ι
125 1011 165 1046 τῷ
181 1011 236 1038 τῶν
262 1011 392 1047 κρυπτῶν
415 1012 505 1048 ἐφόρῳ
528 1012 598 1047 Θεῷ.
629 1003 758 1044 Εὖλαόεἰς
780 1013 834 1048 γὰρ

90 1066 100 1082 ι
125 1057 236 1083 ἔσεσθαι
251 1058 314 1089 τοὺς
330 1057 404 1090 υἱοὺς
424 1057 532 1093 Ίσαρὴλ
543 1057 573 1084 τὸ
587 1057 658 1094 ἱερὸν
675 1057 778 1091 ἐδίδαξε
788 1058 832 1084 λό-

91 1112 102 1128 e
127 1111 185 1136 γιον
197 1102 263 1136 (84).
282 1111 291 1127 ι

88 1147 188 1174 ΒΔΔΣ.
209 1149 241 1174 Αἱ
257 1147 303 1174 τοῦ
322 1146 390 1173 Θεοῦ
409 1146 552 1181 ἐκκλησίαι
586 1144 656 1173 οἶκοι
677 1147 836 1182 προσευχῶν

49 1192 198 1227 λέγονται·
223 1193 283 1219 ὅθεν
306 1193 354 1219 καὶ
375 1192 400 1218 οἱ
424 1192 638 1227 προσευχόμενοι
665 1193 836 1227 παρακαλεῖν

49 1240 100 1267 τὸν
117 1240 182 1266 θεὸν
199 1239 333 1272 ὀφείλουσι
350 1239 418 1274 μετὰ
433 1238 558 1273 δακρύων
572 1239 621 1266 καὶ
633 1233 834 1273 ταπεινώσεως,

50 1287 85 1313 οὐ
102 1286 156 1321 μὴν
175 1285 242 1320 μετὰ
258 1286 375 1312 ἀτάκτου
389 1286 436 1312 καὶ¹
450 1285 577 1316 ἀναιδοῦς
594 1286 743 1321 σχήματος.
764 1287 834 1314 Διω-

54 1332 168 1366 piam-.0
180 1328 226 1357 οὖν
236 1331 260 1357 οἱ
273 1331 404 1366 Πατέρες,
422 1330 458 1365 μὴ
471 1330 594 1364 γίνεσθαι
607 1331 640 1358 τὰ
652 1332 712 1366 ἱερὰ
723 1331 836 1367 ψαλμῳ-

51 1377 164 1412 δήματα
192 1376 236 1403 διὰ
254 1376 323 1411 βοῶν
349 1375 474 1402 ἀτάκτων
496 1376 543 1402 καὶ
568 1376 771 1410 ἐπιτεταμένων
788 1377 836 1403 καὶ

51 1423 106 1456 ⁴τὴν
126 1421 206 1456 φύσιν
230 1420 494 1456 παραϐιαζομένων·
514 1421 583 1455 μήτε
611 1420 659 1455 τὴν
685 1420 730 1447 διὰ
755 1429 835 1447 τινων

51 1466 246 1501 καλλιφωνιῶν
261 1467 401 1493 ἀνοικείων
416 1468 449 1502 τῇ
469 1466 680 1502 ἐκκλησιαστικῇ
699 1466 836 1493 καταστά-

53 1521 99 1539 σει
117 1513 163 1539 καὶ
179 1512 336 1547 ἀκολουθίᾳ,
356 1510 400 1539 οἷά
418 1513 471 1539 εἱσι
490 1513 525 1539 τὰ
545 1512 678 1547 θυμελικὰ
693 1512 773 1548 μέλη,
789 1514 837 1540 καὶ

51 1559 85 1587 αἱ
100 1559 227 1594 περιτταὶ
238 1558 369 1585 ποικιλίαι
380 1558 434 1585 τῶν
446 1558 554 1592 φωνῶν“
573 1558 641 1585 ἀλλὰ
657 1558 726 1594 μετά
737 1558 837 1594 πολλῆς

54 1605 232 1637 κατανύξεως
262 1605 308 1632 καὶ
334 1605 481 1640 θεαρέστου
507 1605 609 1641 τρόπου
636 1607 785 1641 προσάγειν
800 1606 855 1642 τῷ.

51 1652 116 1687 Θεῷ
136 1651 184 1683 τὰς
199 1651 291 1686 εὐχὰς,
313 1651 352 1686 τῷ
367 1651 448 1678 είδότι
461 1652 494 1678 τὰ
513 1651 623 1687 κρυπτὰ
642 1653 696 1679 τῶν
718 1653 838 1688 καρδιῶν

53 1698 147 1734 ἡμῶν.
178 1698 270 1724 Ταῦτα
295 1697 323 1724 δέ
355 1697 591 1733 παρεκελεύσαντο
618 1699 771 1730 ἀκολούθως
799 1699 838 1734 τῷ

55 1744 232 1779 εὐαγγελικῷ
262 1744 347 1779 ῥητῷ,
359 1735 362 1742 1
374 1744 414 1779 τῷ
430 1744 607 1780 διοριζομένῳ
626 1745 663 1780 μὴ
681 1746 752 1772 κατὰ
767 1746 839 1772 ἐθνι-

55 1791 124 1822 κοὺς
140 1789 267 1824 εὔχεσθαι
280 1790 353 1824 ἡμᾶς
373 1790 441 1825 μετὰ
457 1790 631 1825 βαττο).ογίας
646 1792 692 1817 καὶ
703 1793 836 1827 κραυγῆς,

55 1836 97 1867 ὡς
122 1836 262 1870 οἰομένους
287 1836 496 1871 εἰσακουσθῆναι
523 1837 567 1864 διὰ
592 1837 642 1872 τὴν
672 1838 838 1872 πολυλογίαν

55 1882 150 1916 ἡμῶν,
166 1881 223 1908 ἀλλ’
246 1883 274 1907 ἐν
296 1881 334 1916 τῷ
347 1882 461 1917 κρυπτῷ
475 1884 623 1917 προσάγειν
634 1883 679 1910 τὸν
699 1884 782 1919 ὕμνον
800 1885 839 1920 τῷ

58 1926 122 1959 Θεῴ
132 1933 139 1941 ’
153 1927 240 1962 ποιεῖν
252 1926 280 1952 δὲ
294 1927 342 1953 καὶ
356 1927 405 1958 τὰς
426 1928 548 1963 αἰτήσεις
568 1929 680 1963 ὁμοίως.
700 1930 743 1956 ῖνα¹
764 1930 812 1956 καὶ
825 1931 839 1957 ὁ

59 1971 158 2005 Πατὴρ
189 1971 266 2005 ἡμῶν
291 1973 306 1999 ὁ
335 1972 440 2007 βλέπων
465 1974 493 2000 ἐν
518 1974 558 2009 τῷ
575 1975 697 2010 κρυπτῷ,
713 1977 839 2012 ἀποδώσῃ

58 2017 129 2051 ἡμῖν
147 2017 175 2043 ἐν
185 2016 223 2051 τῷ
238 2017 358 2053 φανερῷ.
377 2018 454 2045 Ἐπεὶ
466 2019 504 2051 δέ,
519 2021 595 2054 φασὶ,
611 2022 656 2047 καὶ
667 2022 681 2047 ὁ
694 2022 839 2053 Μωσαῖκὺς

60 2061 144 2095 νόμος
161 2060 237 2087 εἶπεν
248 2064 275 2088 ἐν
289 2063 327 2097 τῷ
338 2063 474 2098 Λευῖτικῷ
483 2073 490 2080 ·
510 2065 642 2097 Εὑλαὸετς
664 2067 765 2093 ποιεῖτε
777 2067 839 2099 τοὺς

59 2106 136 2137 υἱοὺς
152 2106 269 2141 Ἰσραὴλ,
289 2108 389 2142 μᾶλλον
405 2109 496 2143 ἡμεῖς,
524 2109 547 2135 οἱ
572 2110 620 2137 τοῦ
646 2111 728 2144 νόμου
742 2111 837 2137 τούτου

60 2151 201 2185 δεξάμενοι
230 2153 260 2177 τὸ
289 2151 441 2188 πλήρωμα,
470 2153 614 2188 ὀφείλομεν
647 2155 837 2192 εὐλαὸἐστεροι

886 229 1008 261 ticulam,
1034 228 1092 261 Vel,
1117 237 1176 264 pro,
1202 229 1275 262 Sive,
1299 229 1448 257 adhibitam
1466 229 1552 259 fuiSse
1575 232 1673 259 exit-ili—

886 276 996 302 mariin.
1087 264 1093 273 ’

922 322 1035 351 ARIST.
1055 332 1064 348 ι
1078 322 1176 358 Agapze
1185 322 1213 349 in
1222 321 1345 349 ecclesiis
1357 329 1410 349 non
1424 325 1487 349 sunt
1500 324 1671 357 peragendae,

888 379 897 396 ι
915 378 966 397 nec
992 370 1133 397 accubitus
1160 369 1300 396 sternendi
1326 376 1333 394 :
1359 369 1507 403 quinetiam
1542 370 1588 404 qui
1619 378 1674 398 non

888 426 898 443 ι
917 416 1063 446 desistunt.
1080 421 1271 451 segregantur.

921 461 980 488 Non
1009 466 1116 496 oportet
1145 462 1191 488 Dei
1220 458 1331 488 domuin
1358 469 1531 489 communem
1559 462 1670 489 domum

885 508 1054 538 existimare,
1067 511 1094 533 et
1113 506 1139 532 in
1161 513 1192 534 ea
1226 512 1326 541 agapas
1353 507 1440 536 dictas
1468 515 1618 541 peragere,
1647 512 1675 534 et

887 554 961 581 intus
971 552 1125 583 comedere,
1140 558 1187 579 aut
1205 553 1347 580 accubitus
1365 557 1487 580 sternere
1504 561 1511 580 :
1531 553 1554 579 is
1570 557 1673 586 autem,

885 601 931 634 qui
961 600 1011 626 hoc
1039 606 1124 626 ausus
1149 604 1191 626 est
1210 599 1300 626 facere
1312 619 1320 631 ,
1336 604 1364 626 et
1379 607 1434 627 non
1448 603 1559 633 cessat,
1583 607 1674 635 segre-

887 649 976 680 getur.

1157 690 1270 718 CANON
1289 690 1395 718 LXXV.

889 747 899 764 ι
920 737 992 771 Eos,
1013 739 1059 773 qui
1083 738 1111 765 in
1137 738 1260 764 ecclesiis
1276 738 1308 764 ml
1325 738 1495 771 psallendum
1516 738 1651 765 accedunt
1664 759 1674 771 ,

925 792 934 808 ι
953 783 1078 810 volumus
1092 803 1100 815 ,
1116 791 1167 811 nec
1184 784 1347 810 inordinatis
1373 783 1617 812 vociferatiouilms
1633 785 1673 811 uti

927 839 936 855 ι
955 835 982 857 et
997 835 1121 862 naturain
1138 830 1172 857 ad
1192 831 1339 856 clamorem
1357 838 1453 864 urgere
1466 850 1474 862 ,
1497 838 1546 858 nec
1571 831 1673 866 aliquid

926 884 936 900 ι
955 882 1062 907 eorum,
1075 883 1135 910 quae
1152 875 1274 902 ecclesia:
1293 883 1346 902 non
1370 876 1537 903 conveniunt
1559 881 1586 903 et
1611 881 1673 911 apta

927 930 936 946 ι
958 929 1012 948 non
1028 925 1102 953 sunt,
1119 921 1254 948 asciscere
1279 929 1286 947 :
1308 921 1354 948 sed
1378 928 1439 947 cum
1465 929 1562 956 magna
1585 928 1674 949 atten-

926 977 937 993 ι
955 967 1030 994 tione
1056 971 1083 994 et
1112 967 1321 1001 compunctioue
1337 967 1502 1002 psalmodias
1527 967 1581 995 Deo
1598 988 1606 1000 ,
1628 970 1674 1002 qui
1715 978 1720 986 ι

926 1022 936 1039 ‹
955 1017 996 1040 est
1010 1012 1180 1039 occultorum
1193 1012 1342 1046 inspector,
1364 1013 1471 1040 oil'erre.
1505 1013 1568 1040 Pios
1598 1016 1670 1040 enim

927 1067 938 1084 ἰ
958 1058 1016 1086 fore
1042 1057 1112 1085 ﬁlios
1137 1057 1223 1085 Israel
1238 1065 1348 1085 sacrum
1372 1058 1466 1086 docuit
1486 1059 1638 1087 oraculum.
1660 1069 1670 1086 ι

925 1148 1023 1176 BALS.
1048 1147 1093 1175 Dei
1107 1147 1229 1175 ecclesiae
1254 1146 1382 1174 dicuntur
1404 1146 1501 1174 domus
1521 1148 1672 1180 orationis;

889 1196 962 1223 unde
973 1196 1055 1223 etiam
1074 1195 1120 1229 qui
1137 1198 1216 1221 orant
1228 1213 1236 1225 ,
1251 1202 1312 1221 cum
1334 1193 1463 1228 lacrymis
1486 1194 1568 1220 Deum
1582 1197 1674 1221 ‘orare
1707 1224 1713 1227 ἰ

889 1242 987 1269 debent
1000 1245 1027 1268 et
1043 1248 1104 1268 cum
1122 1240 1277 1267 liumililate
1288 1259 1296 1271 ,
1312 1247 1366 1266 non
1383 1244 1472 1266 autem
1489 1247 1550 1266 cum
1567 1240 1672 1267 inordi-

889 1291 953 1315 nato
969 1291 995 1314 et
1010 1286 1167 1321 impudente
1181 1285 1287 1312 habitu.
1305 1284 1466 1311 Statuerunt
1487 1292 1552 1319 ergo
1580 1285 1674 1313 Patres

888 1341 943 1361 non
960 1341 1020 1361 esse
1034 1340 1111 1360 sacra
1129 1331 1250 1358 canenda
1266 1331 1371 1357 cantica
1387 1336 1414 1357 et
1437 1331 1601 1366 psalmodias
1630 1331 1673 1358 in-

889 1378 1023 1406 ordinatis
1037 1383 1064 1406 et
1079 1377 1191 1405 intentis
1202 1377 1454 1407 rociferalionibus‘
1466 1382 1493 1405 ct
1506 1383 1608 1406 natura:
1617 1379 1671 1405 vim

889 1425 1084 1458 ail'ereutibus;
1101 1432 1151 1452 nec
1166 1424 1246 1451 etiam
1262 1423 1429 1458 quibusdam
1453 1424 1530 1452 ﬂexis
1553 1425 1676 1451 modula-

891 1471 982 1506 tisque
996 1470 1118 1503 vocibus.
1135 1470 1329 1498 ecclesiasticae
1345 1470 1536 1498 constitutioni
1560 1475 1588 1497 et
1604 1478 1673 1498 con-

890 1516 1037 1552 sequentiae
1059 1524 1112 1543 non
1141 1515 1392 1549 convenientibus,
1424 1516 1577 1550 cujnsmodi
1611 1521 1675 1544 sunt

889 1563 959 1590 modi
989 1562 1092 1591 scenici
1116 1567 1143 1589 et
1166 1570 1376 1597 supervacanea:
1403 1563 1480 1590 vocis
1503 1564 1672 1591 varietates:

888 1609 934 1637 sed
949 1616 1010 1636 cum
1029 1609 1114 1636 multa
1136 1603 1346 1642 compunctione
1368 1613 1395 1635 et
1423 1609 1545 1637 moribus
1572 1609 1624 1644 piis
1647 1614 1675 1636 et

888 1655 988 1682 sanctis
1006 1655 1059 1682 Deo
1075 1662 1169 1688 preces
1182 1654 1281 1681 oﬂ‘erre
1295 1673 1302 1686 ,
1316 1654 1364 1689 qui
1380 1654 1456 1681 novit
1485 1655 1606 1682 conlium
1623 1663 1674 1682 no-

888 1705 1006 1737 strorum
1021 1699 1138 1726 occulta.
1151 1698 1212 1725 Περ
1225 1703 1315 1725 autem
1332 1698 1474 1732 jusserunt
1493 1707 1665 1734 consequen-

889 1750 929 1774 ter
943 1745 1017 1773 dicto
1027 1745 1199 1780 evangelica,
1217 1744 1288 1779 quod
1310 1744 1406 1771 statuit
1425 1752 1431 1770 :
1454 1743 1513 1771 Non
1543 1750 1672 1779 oportere

889 1800 949 1824 nos,
966 1793 1038 1820 sicut
1052 1795 1079 1818 et
1097 1790 1211 1821 ethnici.
1244 1797 1306 1816 cum
1325 1790 1489 1824 loquacitate
1503 1795 1530 1817 et
1550 1791 1670 1817 clamore
1707 1780 1710 1788 ’

888 1838 993 1874 precari
1008 1858 1015 1869 .
1044 1842 1173 1871 tanquam
1190 1843 1238 1870 per
1255 1835 1456 1869 multiloquium
1479 1839 1602 1863 nostrum
1622 1843 1674 1863 nos

888 1882 1070 1910 exaudiendus
1085 1881 1259 1911 arbitremur.
1276 1880 1322 1906 sed
1340 1879 1366 1905 in
1383 1879 1492 1906 occulto
1506 1899 1513 1912 ,
1541 1880 1596 1907 Deo
1623 1880 1672 1916 hy-

889 1937 981 1956 mnum
997 1928 1094 1956 olTerre
1108 1935 1115 1954 :
1133 1927 1223 1954 facere
1238 1930 1327 1953 autem
1358 1925 1501 1960 petitiones
1527 1926 1674 1959 similiter,

889 1979 919 2001 ut
938 1974 1017 2001 Pater
1032 1977 1126 1999 uoster
1141 1970 1278 2001 cmlestis.
1299 1970 1345 2004 qui
1360 1970 1434 1997 videt
1448 1969 1476 1996 in
1503 1969 1674 2004 abscondito,

890 2020 968 2047 nobis
985 2018 1082 2046 reddat
1100 2018 1126 2044 in
1143 2021 1237 2051 aperto
1254 2016 1287 2042 ”.
1301 2015 1436 2048 Quoniam
1452 2019 1542 2042 autem
1556 2033 1563 2046 ,
1583 2015 1676 2050 inqui-

889 2069 959 2097 unt,
979 2065 1020 2091 lex
1036 2070 1144 2098 quoque
1159 2061 1276 2091 Mosaica
1291 2061 1361 2088 dixit
1391 2060 1418 2086 iu
1449 2059 1570 2086 Levitico
1583 2080 1591 2092 ,
1614 2061 1674 2094 pios

890 2106 962 2136 iilios
979 2108 1062 2135 lsrael
1090 2106 1198 2133 futuros
1210 2112 1284 2141 ,Inos
1297 2110 1405 2139 quoque
1416 2122 1426 2136 ,
1448 2102 1495 2137 qui
1511 2102 1591 2135 hujus
1608 2102 1676 2137 legis

889 2154 1116 2190 complementum
1129 2152 1294 2184 accepimus,
1312 2149 1397 2184 magis
1410 2148 1446 2183 pii
1461 2155 1521 2176 esss
1533 2148 1674 2181 debemus,

61 2196 143 2228 εἶναι,
162 2200 208 2224 καὶ
223 2199 293 2224 κατὰ
311 2200 344 2225 τὰ
359 2199 539 2235 νενομισμένα
555 2200 754 2229 πολιτεύεσθαι.
764 2203 837 2230 Ἐπεὶ

897 2205 915 2228 :t
930 2205 1008 2235 prout
1022 2199 1198 2227 constitutum
1213 2201 1271 2238 est,
1291 2204 1339 2223 nos
1365 2202 1458 2230 gerere
1485 2195 1518 2221 ".
1540 2193 1674 2226 Quoniam

61 2245 91 2269 δὲ
109 2244 182 2277 παρὰ
195 2243 329 2278 διαφόροις
346 2245 505 2279 ἁγιωτάτοις
521 2246 704 2282 πατριάρχαις
720 2248 837 2284 ἐλαλήθη

64 2289 103 2324 μὴ
118 2290 196 2323 μόνον
209 2290 237 2315 ἐν
250 2291 308 2321 ταῖς
320 2290 427 2324 ἑορταῖς
441 2290 563 2324 γίνεσθαι
574 2292 686 2320 τοιαῦτα
698 2294 773 2328 παρὰ
785 2294 839 2320 τῶν

62 2334 182 2368 ψαλτὼν,
201 2334 267 2361 ἀλλὰ
285 2336 330 2361 καὶ
361 2337 389 2361 ἐν
408 2336 551 2371 παννυχίσι
580 2338 628 2364 καὶ
656 2339 841 2373 μνημοσύνοις

62 2380 218 2407 τεθνεώτων
229 2389 235 2395 ·
251 2381 378 2414 γεγόνασι
393 2381 507 2416 διάφορα
522 2382 704 2420 σημειώματα
714 2384 841 2412 συνοδικὰ

64 2426 210 2460 ἁφορισμῷ
224 2427 466 2453 καθυποὸἅλλοντα
481 2427 543 2459 τοὺς
562 2428 672 2457 τοιαῦτα
686 2430 840 2464 ποιοῦντας,

64 2472 113 2498 καὶ
125 2472 161 2505 μὴ
175 2471 219 2498 διὰ
235 2471 461 2507 ψαλμῳδημάτων
473 2474 519 2499 καὶ
533 2472 748 2509 ἀλληλουῐαρίων
758 2474 840 2501 λιτῶν

103 2563 230 2591 "Matth.
248 2571 284 2596 τι,
303 2564 346 2591 18.
387 2564 409 2580 ⁸⁵
422 2564 507 2591 Levit.
523 2572 597 2596 xvni,
614 2564 640 2590 5.

891 2252 979 2274 autem
997 2246 1068 2281 apud
1081 2245 1202 2272 diversos
1228 2242 1417 2270 sanctissimos
1444 2240 1615 2275 patriarchas
1632 2239 1675 2266 di-

892 2299 964 2320 ctum
982 2296 1034 2323 est,
1048 2298 1103 2318 non
1121 2290 1209 2318 solum
1226 2289 1252 2316 in
1270 2286 1347 2315 festis
1372 2287 1429 2313 haec
1448 2285 1505 2312 lieri
1526 2292 1541 2311 a
1556 2285 1676 2312 cantori-

893 2340 953 2371 bus,
974 2338 1021 2365 sed
1041 2337 1123 2364 etiam
1148 2336 1174 2363 iu
1203 2335 1302 2370 vigiliis
1328 2338 1356 2360 et
1383 2337 1552 2359 mortuorum
1579 2338 1676 2358 monu-

894 2385 1008 2412 mentis:
1021 2383 1130 2410 fuerunt
1145 2382 1227 2408 multa
1239 2379 1378 2415 synodalia
1391 2372 1480 2405 edicta
1492 2375 1675 2412 segregationi

894 2429 1066 2463 subiicientia
1082 2436 1141 2459 eos,
1155 2426 1201 2462 qui
1219 2426 1283 2453 talia
1300 2425 1412 2455 iaciunt,
1428 2427 1455 2450 et
1472 2430 1524 2449 non
1540 2429 1586 2456 per
1610 2429 1678 2449 cau-

896 2476 960 2508 tica,
977 2479 1005 2502 et
1022 2474 1120 2501 lriodia
1134 2472 1268 2508 simplicia
1285 2471 1450 2504 minimeque
1471 2468 1611 2496 elaborata
1625 2488 1633 2501 ,
1650 2471 1678 2495 et

687 2622 770 2652 Guill
781 2644 788 2652 .
807 2620 973 2660 Beveregii
990 2620 1085 2651 nouae;

104 2686 157 2721 (84)
183 2685 316 2716 Ἑδίδαξε
329 2684 440 2721 λόγιον.
461 2683 527 2721 Post
545 2683 600 2709 haec
621 2683 715 2721 verba,»
735 2688 762 2710 et
778 2687 841 2721 ante

70 2722 90 2748 Β
101 2717 239 2748 .lsniuouis
252 2717 404 2751 scholia,‘in
418 2719 509 2746 codice
520 2722 612 2745 nostro
626 2717 770 2744 Bodleiano
785 2719 842 2744 lucc

70 2758 277 2788 interscrnntur,
298 2755 449 2789 Σημείωσαι
472 2754 515 2782 τὸν
533 2753 651 2789 παρόντα
668 2753 764 2789 κανόνα
785 2761 841 2779 κω-

71 2794 165 2818 λύοντα
186 2793 232 2821 τὰς
250 2787 396 2825 θυμελικὰς
411 2787 587 2825 ψαλμῳδίας,
601 2788 650 2825 καὶλ
661 2789 694 2825 τὰ
710 2787 841 2825 λεγόμενα

70 2828 252 2862 διηλάισματα,
274 2823 319 2852 καὶ
340 2825 475 2859 θαύμασον
499 2824 555 2855 πῶς
579 2823 690 2854 ἀναιδῶς.
705 2823 808 2856 γίνεται
824 2824 841 2856 ἡ

893 2681 989 2707 τούτου
1017 2680 1232 2715 καταφρόνησις,
1262 2679 1335 2706 Nam
1360 2682 1513 2716 [ineuntem
1539 2682 1676 2716 actionem,

893 2717 1009 2743 sreuicas
1032 2711 1205 2747 psulhiodids,
1230 2722 1251 2741 ei
1275 2722 1332 2747 qua:
1355 2711 1516 2746 diplasmam
1536 2711 1677 2747 dicuntur,

895 2757 1040 2782 rcmnlem;
1052 2757 1075 2778 et
1090 2752 1187 2777 mirare
1200 2755 1226 2776 ut
1241 2746 1400 2781 impudenter
1413 2746 1541 2780 neglectui
1555 2746 1676 2785 habetur.

896 2786 957 2813 Hu'c
981 2791 1070 2813 autem
1097 2795 1110 2814 ο
1134 2787 1253 2820 margine
1278 2793 1303 2810 ιιι
1327 2788 1427 2810 textum
1451 2784 1612 2815 transcripta
1638 2787 1678 2806 vt-

895 2822 1001 2849 dentur.
