1936 3105
201 147 257 182 ’183

206 205 327 243 Virginis
347 207 456 239 partum
475 199 578 234 absque
606 195 662 224 ullo
685 193 830 230 puerperio
856 192 940 220 fuisse
950 189 990 217 di-
1004 203 1026 228 Α

205 239 282 284 cens.
296 253 344 280 Est
361 257 424 278 Vero
448 245 622 282 puerperium
647 241 758 271 emissio
790 239 870 267 foetus
882 257 890 270 ,
908 243 988 272 quam

205 301 308 330 doloris
322 304 420 325 sensus
432 302 464 321 ac
473 291 635 329 proﬂuvium
648 286 791 321 sanguinis
802 284 968 312 comitantur
981 289 988 306 :

205 348 306 384 quibus
320 343 429 378 quidem
447 340 528 368 malis
549 338 704 365 nullatenus
732 332 879 360 obnoxiam
905 329 991 355 luisse

206 374 348 428 [1)eiparam
368 387 519 416 credimus.
536 384 635 411 Partus
650 380 752 408 etenim
772 376 911 405 naturales
937 374 990 401 ista

205 423 415 472 consequuntur
429 443 437 465 ς
454 433 514 467 ejus
532 438 596 458 vero
611 426 756 461 couccptio
772 423 822 450 luit
838 428 921 455 supra
941 426 988 445 na-

205 493 306 515 turam,
321 490 384 510 nam
403 489 417 508 a
434 479 535 514 Spiritu
554 481 651 503 sancto
664 472 758 500 ellecta
774 475 812 496 cst
828 477 835 498 :
854 466 990 501 ejusdem-

205 540 258 567 que
277 536 372 565 partus
390 531 560 561 nequaquam
576 522 621 552 iis,
641 526 701 554 qua:
716 521 823 553 partum
838 511 987 540 naturalem

206 557 316 614 propiie
331 557 550 606 consequuntur,
579 566 713 594 obnoxius
733 563 794 590 fuit.
817 560 884 594 Qua:
909 557 991 592 igitur

207 609 380 660 puerperium
398 627 450 646 non
469 615 590 651 agnovit,
611 612 676 649 quid
690 617 741 638 nos
752 609 776 636 ei
795 613 854 642 quae
876 610 992 640 puerpe-

206 655 299 698 rarum
315 670 380 695 sunt
394 660 602 692 exhibebimus?
616 659 663 686 Est
679 657 703 684 id
720 655 829 691 quidem
845 657 991 680 sacrosan-

207 720 258 743 ctae
274 713 378 747 Virgini
395 707 624 747 contumeliosum
641 703 722 738 250
737 701 827 736 potius
848 704 929 733 quam
943 695 992 722 ho-

207 761 363 790 noriﬁcum.
381 764 476 784 eorum
500 745 604 787 aliquid
638 751 664 776 in
688 749 748 783 ejus
772 744 872 772 eximio
891 746 991 777 partu,

208 809 289 845 quale
320 808 346 833 in
375 805 489 831 aliarum
522 800 665 827 mulierum
699 795 797 823 factura

197 853 343 890 .poaitionc
358 850 475 877 clericus
495 856 502 874 ι
520 846 590 872 laico

243 897 360 927 ARIST.
379 905 388 921 1
412 894 462 927 Qui
479 896 540 927 post
558 889 677 923 Dciparre

210 959 220 976 1
243 949 278 976 ali

204 1006 220 1022 v1
243 995 294 1024 ria,
314 992 458 1027 praeparat.
474 987 641 1020 segregatur.
662 990 671 1007 ι

245 1040 303 1066 Hoc
319 1034 436 1070 Virgini,
455 1038 514 1067 quae
538 1035 621 1063 supra
648 1031 763 1053 mentem
786 1027 813 1050 et
840 1028 994 1050 sermonem

206 1069 491 1118 incotnprehensibile
508 1075 610 1110 peperit
628 1078 710 1100 carne
728 1069 845 1096 Verbum
857 1087 864 1100 ,
881 1076 934 1094 non
954 1070 996 1103 est

211 1134 312 1161 honor,
329 1136 361 1155 cx
380 1122 573 1153 communibus
586 1125 613 1147 ct
630 1119 664 1146 iis
678 1124 737 1152 qua:
753 1116 780 1143 in
807 1114 887 1142 nobis
909 1117 973 1141 sunt
986 1133 994 1144 ,

206 1172 494 1206 inenarrabilemejus
508 1172 616 1204 partum
635 1164 748 1192 delinire
774 1167 801 1190 et
826 1160 994 1189 describere.

208 1224 238 1252 Si
252 1222 314 1258 quis
331 1221 423 1253 itaque
438 1203 500 1252 post
521 1217 623 1241 sanctae
635 1209 735 1238 Christi
753 1207 809 1235 vcri
838 1206 884 1233 Dei
907 1203 994 1232 nostri

209 1252 363 1298 nativitatis
379 1252 450 1291 diem
478 1261 593 1288 similam
617 1264 735 1292 coquere
758 1252 970 1288 deprehenditur
986 1270 993 1282 ,

210 1322 325 1349 eamque
343 1311 403 1338 aliis
418 1308 559 1338 exhibere,
579 1302 715 1340 puerperii
734 1299 839 1327 scilicet
863 1297 996 1324 immacu-

210 1342 406 1393 lata-Virginis
426 1354 519 1381 Matris
533 1350 645 1379 honoris
664 1351 810 1383 pra-textu;
837 1344 859 1370 si
887 1342 994 1378 quidem

211 1408 326 1436 clericus
339 1392 391 1436 est,
409 1402 560 1436 deponetur
579 1406 586 1423 :
606 1396 648 1423 sin
665 1401 730 1421 vero
743 1392 849 1421 laicus.
870 1395 996 1423 segrega-

211 1454 296 1482 bitur.
315 1434 527 1476 Divinum‘enim
544 1451 559 1470 e
574 1441 686 1476 Virgine
699 1443 818 1474 partum,
837 1439 865 1461 ut
879 1434 939 1461 sine
952 1440 997 1459 sc-

211 1499 286 1527 mine
303 1495 479 1524 constitutum
497 1511 505 1523 ,
526 1490 584 1517 sine
611 1484 756 1523 puerperio
782 1483 884 1510 editum
911 1478 997 1506 conli-

213 1551 314 1574 tentur.

474 1581 588 1612 CANON
607 1578 712 1608 LXXX.

206 1637 273 1664 «'Si
289 1635 351 1670 quis
366 1628 566 1668 cpiscopus,vel
582 1627 732 1663 presbyter,
745 1623 787 1651 vel
797 1622 939 1654 diaconus,
956 1620 998 1649 vel

253 1692 262 1709 1
283 1688 377 1709 eorum
394 1678 437 1713 qui
457 1678 483 1702 in
500 1676 573 1702 clero
589 1675 784 1700 enumerantur
797 1689 805 1701 .
826 1668 868 1696 vel
894 1668 998 1699 laicus,

253 1739 262 1755 1
284 1727 385 1755 nullam
403 1723 553 1757 graviorem
570 1719 669 1747 habeat
685 1716 876 1754 necessitatem
893 1714 935 1741 vel
950 1721 999 1741 ne-

249 1785 260 1802 1
283 1774 386 1809 gotium
405 1769 524 1800 dillicilc,
544 1771 572 1793 ιιι
592 1774 605 1792 a
624 1772 672 1793 sua
686 1762 803 1791 ecclesia
819 1761 889 1789 absit
903 1760 1000 1787 diutis-

243 1831 263 1848 τ(
284 1821 364 1851 sime,
380 1818 427 1845 sed
446 1817 473 1841 in
487 1814 596 1840 civitate
613 1819 696 1845 agens
707 1829 715 1842 ,
739 1809 826 1837 tribus
840 1807 935 1834 diebus
949 1805 1000 1832 Do-

250 1878 262 1895 1
281 1865 388 1894 minicis
406 1865 432 1890 in
452 1862 540 1888 tribus
555 1857 714 1893 septimanis
738 1863 793 1882 una
820 1861 875 1881 non
900 1859 1000 1880 conve-

251 1925 262 1942 1
281 1914 357 1944 niat,
375 1911 397 1937 si
421 1909 457 1936 sit
472 1906 584 1942 quidem
600 1904 720 1931 clericus
733 1921 740 1934 ,
757 1901 910 1935 deponatur
929 1907 937 1925 :
957 1899 998 1925 sin

252 1970 262 1986 1
282 1965 347 1986 vero
365 1956 461 1986 laicus,
479 1950 672 1980 connnuniOue
688 1951 838 1974 moveatur.
858 1954 867 1971 ι

248 2004 349 2033 BALS.
366 2001 418 2028 Alii
438 1999 548 2034 quidem
573 1994 674 2023 diversi
696 1999 815 2020 canones
842 1990 895 2017 alio
920 1988 1000 2016 modo

213 2053 332 2090 puniunt
348 2049 491 2084 episcopos
507 2049 535 2072 et
551 2043 666 2070 clericos
681 2060 689 2073 ,
718 2039 764 2073 qui
797 2036 956 2071 aliquandiu
984 2042 998 2061 a

215 2084 274 2129 suis
287 2095 411 2124 ecclesiis
429 2097 543 2128 peregre
570 2088 680 2115 absunt.
698 2084 822 2111 Praesens
846 2086 935 2108 autem
955 2087 1001 2107 ca-

215 2152 270 2172 non
289 2149 344 2169 non
365 2139 453 2167 solum
473 2135 619 2171 episcopos
633 2136 660 2158 et
684 2129 818 2160 clericos,
845 2126 893 2154 sed
917 2125 998 2152 etiam

215 2190 311 2219 lnicos,
329 2185 403 2221 quia
416 2183 475 2211 suis
494 2179 652 2212 regionibus
672 2176 698 2203 in
714 2176 804 2202 alieno
817 2173 877 2201 solo
897 2171 1001 2207 _degen—

216 2239 260 2262 tes
273 2218 381 2263 absunt,
398 2228 473 2262 cogit
492 2233 546 2253 una
566 2231 628 2252 cum
649 2221 772 2248 lidelibus
798 2218 1000 2246 communicare

217 2285 245 2308 et
257 2285 354 2309 orare;
371 2281 397 2303 et
409 2273 515 2303 statuit,
531 2271 601 2306 quod
614 2269 637 2296 si
656 2267 719 2303 quis
735 2274 842 2297 eorum,
858 2264 931 2292 nulla
951 2271 997 2290 ne-

217 2324 344 2353 cessitate
361 2319 514 2356 proposita,
529 2315 616 2344 morbi
629 2314 736 2341 scilicet
749 2333 756 2345 ,
771 2312 812 2339 vel
833 2308 1000 2345 gravissima:

216 2368 370 2400 servitutis,
386 2373 446 2401 qua:
462 2364 486 2391 ei
503 2370 555 2390 non
572 2359 700 2388 concedit
717 2364 746 2386 ut
761 2358 788 2384 in
805 2356 921 2383 ecclesia
940 2361 1001 2381 ver-

216 2421 303 2446 selur,
319 2413 408 2440 tribus
423 2410 519 2437 diebus
542 2406 691 2435 Dominicis
710 2412 772 2431 cum
795 2402 918 2429 ﬁdelibus
945 2407 999 2427 non

216 2459 386 2489 convenerit.
403 2461 430 2483 ct
444 2463 498 2482 una
515 2461 568 2480 non
584 2451 715 2481 oraverit,
734 2449 781 2476 sed
798 2449 823 2474 in
843 2447 913 2473 hanc
925 2446 1000 2472 salu-

215 2507 324 2534 tiferam
338 2501 557 2531 communionem
573 2496 743 2534 negligenter
764 2493 879 2520 allectus
898 2491 977 2517 fuerit
992 2509 999 2521 ,

215 2555 238 2581 si
252 2552 287 2580 sit
302 2550 411 2586 quidem
429 2546 557 2578 clericus,
574 2543 725 2578 deponatur
740 2549 747 2567 :
767 2540 790 2567 si
816 2546 881 2565 vero
896 2538 999 2569 laicus,

216 2608 231 2627 a
249 2596 440 2626 communione
456 2596 609 2622 moveatur,
628 2591 678 2616 hoc
698 2591 740 2615 est
755 2607 763 2619 ,
776 2589 945 2620 segrcgetur.
962 2582 999 2608 Ex

215 2653 248 2673 eo
261 2645 333 2672 enim
349 2642 466 2669 duorum
481 2639 596 2666 alterum
609 2638 723 2671 apparet
734 2653 744 2673 _,
761 2640 822 2660 eum
846 2631 885 2658 vel
908 2630 998 2656 divina

215 2693 349 2724 precepta
365 2687 529 2719 dlvinasque
553 2670 719 2717 psalmodias
734 2670 767 2706 iet
787 2676 926 2705 orationes
946 2681 999 2701 ItOn

217 2741 325 2764 curare.
340 2733 381 2760 vel
397 2739 448 2758 non
467 2737 529 2758 esse
549 2728 665 2755 lidclem.
684 2726 739 2753 Cur
753 2724 827 2751 enim
851 2722 885 2749 ΞΟ
904 2721 999 2748 diebus

215 2786 276 2806 cum
290 2777 456 2806 Christianis
469 2776 496 2802 in
509 2774 622 2801 ecclesia
640 2771 741 2800 versari
758 2769 845 2797 noluit
863 2789 870 2802 ,
891 2774 999 2802 unaque

215 2829 276 2849 cum
297 2821 342 2848 Dei
363 2821 434 2848 ﬁdeli
457 2819 556 2854 populo
574 2815 804 2846 communicare?

828 135 967 168 ἸἮΕΟΙ).
986 132 1189 166 BALSAMON

283 947 317 974 ud
335 942 481 979 quidlibet.
499 941 608 973 propter
619 942 651 963 ea
666 941 725 968 quae
740 932 867 959 dicuntur
880 931 995 961 puerpe—
1014 940 1021 947 ι

1769 125 1832 158 784

1041 188 1188 224 Παρθένου.
1208 186 1307 221 Λοχεία
1330 185 1353 212 δ’
1375 185 1450 212 ἐστὶν
1464 185 1481 219 ἡ
1496 183 1556 219 μετ’
1574 181 1678 210 ὠδίνων
1695 181 1743 209 τοῦ
1760 182 1833 216 βρέ-

1041 243 1108 269 φους
1119 232 1258 264 ἀπότεξις,
1274 233 1320 257 καὶ
1336 232 1352 266 ἡ
1366 231 1420 257 τῶν
1436 231 1558 264 αἱμάτων
1571 229 1718 259 ἀκόλουθος
1734 228 1831 263 pitur

1039 275 1076 305 ὧν
1098 278 1135 313 μὴ
1149 277 1313 312 πειραθῆναι
1333 275 1382 311 τὴν
1397 276 1528 301 Θεοτόκον
1539 273 1717 308 πιστεύομεν.
1730 272 1832 299 Ταῦτα

1039 325 1095 360 γὰρ
1123 323 1183 354 ταῖς
1210 321 1332 357 φυσικῶς
1351 319 1549 350 συλλαϐούσαις
1574 320 1766 354 παρομαρτεῖ·
1794 320 1835 353 τῇ

1040 371 1070 398 δὲ
1097 369 1166 404 ὑπὲρ
1194 368 1275 403 φύσιν
1306 369 1322 402 ἡ
1353 367 1500 402 σύλληψις·
1526 367 1557 392 ὲκ
1587 366 1641 400 γὰρ
1667 365 1835 400 Πνεύματος

1042 416 1121 448 ἁγίου
1137 415 1257 449 ἐγένετο,
1273 415 1323 440 καὶ
1341 415 1354 439 ὁ
1368 413 1444 444 τόκος
1466 413 1521 439 τῶν
1535 412 1658 446 φυσικῶν
1673 411 1836 446 ἰδιωμάτων

1042 462 1204 509 ὑπέρτερος.
1216 460 1255 494 Τῇ
1274 459 1339 493 γοῦν
1359 459 1396 495 μὴ
1412 459 1517 494 γνούσῃ
1538 457 1647 492 λοχείαν
1669 457 1729 488 πῶς
1746 458 1836 492 ἡμεῖς

1041 507 1076 534 τὰ
1090 502 1156 533 ’τῶν
1180 505 1367 540 λοχευομὲνων
1398 503 1625 539 διαπραξόμεθα;
1642 502 1739 537 Ὕϐρις
1775 502 1836 536 γὰρ

1042 552 1089 579 καὶ
1104 551 1134 578 οὑ
1154 551 1221 586 τιμὴ
1234 550 1284 585 τῆς
1301 549 1456 586 ὑπεραγίας
1471 549 1612 584 Παρθένου
1634 548 1692 574 ἐστὶ
1714 548 1742 573 τὺ
1757 548 1838 580 γίγνε-

1043 599 1105 626 σθαί
1123 607 1149 624 τι
1166 598 1213 624 ἐπὶ
1227 597 1268 632 τῷ
1288 596 1473 632 ἀνεκφράστῳ
1486 595 1558 630 τόκῳ
1580 596 1676 630 αὐτῆς,
1702 592 1757 621 οἷον
1784 593 1838 619 ἐπὶ

1042 644 1098 671 τῶν
1118 643 1206 671 ἄλλων
1225 643 1331 676 γίνεται
1353 641 1491 676 γυναικῶν
1516 640 1680 667 τικτουσῶν.
1706 640 1778 670 Τοὺς
1801 638 1837 665 δὲ

1042 690 1166 718 τοιοῦτόν
1180 699 1205 716 τι
1224 689 1405 725 πράττοντας,
1428 688 1575 722 κληρικοὺς
1602 687 1650 722 μὲν
1663 685 1751 718 ὄντας,
1766 684 1838 711 καϐ-

1045 738 1127 770 αιρεῐ,
1143 736 1254 767 λαῖκοὺς
1269 735 1308 767 δὲ,
1321 734 1455 769 ἀφορίζει.

833 789 989 823 contingit,
1008 785 1145 820 usurpari.
1174 783 1226 817 Qui
1249 791 1314 817 ergo
1349 782 1401 809 tale
1424 781 1564 816 quidpiam
1596 779 1758 811 admiserit,
1785 779 1836 805 de-

592 852 605 871 s
616 850 681 869 vero
697 838 882 875 segregatione
896 833 982 862 teneri
1001 832 1090 868 jubet.
1298 857 1306 861 η

692 868 791 912 ι’θεῖυῶ
819 880 935 909 similam
951 877 993 904 vel

1053 873 1154 901 ιΡιΣΤ.
1181 883 1190 898 1
1225 871 1401 907 Ἀφορίζεται
1427 871 1440 897 ὁ
1472 871 1543 906 μετὰ
1571 869 1621 904 τὴν
1655 868 1753 903 ἑορτὴν
1782 870 1836 903 τῆς

1083 930 1093 948 1
1116 921 1261 952 Θεοτόκου,
1277 918 1419 955 σεμίδαλιν
1440 918 1456 954 ἦ
1475 918 1538 945 ἄλλο
1560 926 1586 943 τι
1603 916 1835 948 κατασκευάζων,

1083 977 1093 994 1
1117 967 1160 994 διὰ
1176 966 1211 992 τὰ
1223 967 1359 1000 λεγόμενα
1378 956 1530 999 ὲπιλόχὲια.
1553 972 1562 989 ι

1088 1014 1144 1041 Οὐκ
1156 1013 1213 1039 ἔστι
1228 1012 1307 1038 τοῦτο
1331 1010 1399 1046 τιμὴ
1413 1013 1446 1046 τῇ
1470 1010 1610 1045 Παρθένῳ,
1625 1010 1658 1044 τῇ
1678 1008 1747 1043 ὑπὲρ
1767 1007 1833 1034 νοῦν

1045 1062 1093 1089 καὶ
1110 1059 1189 1094 λόγον
1213 1059 1258 1085 τὸν
1282 1058 1424 1093 ἀχώρητον
1446 1056 1564 1091 τεκούσῃ
1582 1055 1668 1089 Λόγον
1690 1053 1785 1089 σαρκὶ,
1800 1054 1835 1080 ὲκ

1045 1108 1098 1135 τῶν
1113 1106 1211 1134 κοινῶν
1224 1113 1255 1131 τε
1271 1105 1318 1131 καὶ
1335 1104 1397 1130 καθ’
1409 1104 1484 1138 ἡμᾶς
1497 1103 1530 1129 τὰ
1546 1103 1617 1129 κατὰ
1629 1102 1675 1128 τὸν
1690 1101 1836 1136 ἄφραστον

1045 1154 1130 1189 αὐτῆς
1142 1152 1222 1180 τόκον
1242 1151 1343 1186 ὁρίζειν
1364 1151 1411 1177 καὶ
1434 1149 1618 1184 ὑπογράφειν.
1635 1148 1684 1175 Διὰ
1697 1147 1790 1176 τοῦτο.
1809 1147 1838 1174 ετ

1045 1208 1086 1231 τις
1102 1200 1173 1234 μετὰ
1197 1199 1246 1234 τὴν
1271 1197 1378 1234 ἡμέραν
1401 1197 1450 1232 τῆς
1465 1196 1545 1230 ἁγίας
1560 1194 1678 1230 Χριστοῦ
1703 1194 1751 1220 τοῦ
1767 1193 1836 1228 ἁλη-

1046 1246 1120 1273 θινοῦ
1136 1246 1205 1272 Θεοῦ
1222 1245 1300 1281 ἡμῶν
1323 1244 1478 1278 γεννήσεως
1505 1241 1645 1277 σεμίδαλιν
1672 1240 1836 1275 εὑρίσκεται

1045 1291 1128 1325 ἕψων,
1152 1291 1199 1317 καὶ
1229 1290 1333 1324 ταύτην
1355 1289 1484 1324 παρέχων
1507 1287 1563 1314 τισὶ
1588 1287 1727 1323 προφάσει
1750 1286 1837 1320 τιμῆς

1046 1337 1125 1372 δῆθεν
1151 1335 1265 1371 λοχειῶν
1288 1336 1337 1370 τῆς
1364 1335 1500 1370 ἁχράντοιι
1518 1333 1763 1369 Παρθενομήτορο;
1779 1341 1785 1346 -
1811 1334 1836 1358 εἰ

1047 1383 1096 1416 μὲν
1117 1381 1247 1417 κληρικός
1274 1382 1345 1412 ἐστι,
1374 1379 1616 1414 καθαιρεθήσεται,
1632 1380 1657 1405 εί
1678 1379 1707 1405 δὲ
1727 1379 1835 1409 λαῐκὺς,

1045 1427 1273 1462 ἀφορισθήσεται.
1306 1425 1465 1460 ’Δλόχευτον
1489 1425 1543 1459 γὰρ
1571 1424 1760 1459 ὁμολογοῦμεν
1786 1424 1834 1449 τὸν

1045 1474 1078 1500 ἐκ
1093 1473 1143 1508 τῆς
1158 1473 1298 1508 Παρθένου
1320 1472 1391 1499 θεῖον
1405 1472 1494 1504 τόκον,
1515 1471 1553 1503 ὡς
1576 1472 1623 1498 καὶ
1641 1471 1769 1506 ὰσπόρως
1787 1478 1836 1495 ou-

1047 1528 1158 1548 σταντα.

1346 1565 1467 1594 ΚΔΝΩΝ
1491 1564 1532 1593 II'.

1051 1633 1061 1650 1
1083 1624 1163 1654 Είτις
1173 1623 1333 1658 ἐπίσκοπος,
1342 1623 1359 1658 ἢ
1369 1623 1563 1658 πρεσϐύτερος,
1578 1622 1594 1657 ἢ
1609 1622 1744 1654 διάκονος,
1758 1621 1840 1656 ἢτῶν

1086 1679 1097 1696 1
1117 1670 1147 1697 ἐν
1161 1670 1200 1705 τῷ
1221 1670 1314 1705 κλήρῳ
1337 1668 1605 1704 καταλεγομένων,ῆ
1630 1668 1734 1698 λαῖκδς.
1752 1668 1840 1703 μηδε-

1086 1724 1096 1741 1
1120 1715 1185 1750 μίαν
1201 1715 1325 1750 ἀνάγκην
1340 1714 1493 1750 βαρυτέραν
1508 1713 1565 1748 ἔχοι
1578 1714 1595 1749 ἦ
1609 1714 1727 1748 πρᾶγμα
1739 1713 1840 1748 δυσχε-

1087 1770 1096 1787 1
1120 1761 1177 1796 ρὲς,
1191 1760 1263 1788 ὥστε
1274 1761 1321 1787 ἐπὶ
1336 1761 1462 1787 πλεῖστον
1475 1759 1674 1787 ἀπολείπεσθαι
1690 1760 1740 1795 τῆς
1752 1760 1837 1787 αὑτοῦ

1086 1818 1096 1835 1
1119 1808 1277 1842 ἐκκλησίας,
1303 1806 1360 1834 ἀλλ’
1385 1808 1413 1833 ἐν
1442 1807 1522 1833 πόλει
1548 1807 1661 1840 διάγων,
1677 1807 1754 1841 τρεῖς
1780 1807 1833 1832 Κυ-

1088 1863 1097 1878 1
1121 1854 1220 1889 ριακὰς
1238 1854 1267 1879 ὲν
1291 1853 1382 1888 τρισὶν
1404 1852 1537 1888 ἑϐδομάσι
1558 1853 1596 1887 μὴ
1618 1852 1789 1887 συνέρχοιτο,
1813 1852 1838 1878 εί

1088 1908 1098 1925 1
1122 1899 1172 1934 μὲν
1192 1898 1394 1934 κληρικὺς,εῐη,
1417 1899 1619 1934 καθαιρείσθω·
1639 1900 1663 1926 εί
1678 1899 1709 1926 δὲ
1727 1899 1836 1931 λαῖκὺς,

1087 1955 1096 1972 1
1120 1945 1305 1973 ἁποκινείσθω
1319 1945 1369 1980 τῆς
1385 1946 1540 1976 κοινωνίας.
1561 1955 1570 1971 ι

1084 1992 1181 2019 ΒΛΛΣ.
1199 1992 1292 2018 Ἄλλοι
1312 1991 1362 2026 μὲν
1386 1991 1498 2022 κανόνες
1513 1991 1638 2024 διάφοροι
1660 1989 1839 2023 ἁλλοτρόπως

1049 2037 1195 2070 κολάζουσι
1211 2037 1275 2068 τοὺς
1287 2036 1457 2067 ἐπισκόπους
1476 2036 1524 2062 καὶ
1546 2035 1611 2066 τοὺς
1627 2034 1778 2070 κληρικοίις
1795 2032 1839 2067 ἐφ’

1051 2083 1142 2109 ἱκανὸν
1161 2080 1369 2117 ἀποδημοῦντας
1384 2081 1438 2107 ἀπὸ
1451 2080 1505 2107 τῶν
1515 2080 1668 2114 ἐκκλησιῶν
1682 2080 1785 2105 αὐτῶν.
1809 2078 1840 2105 '0

1049 2129 1076 2155 δὲ
1092 2127 1188 2163 παρὼν
1210 2126 1301 2154 κανὼν
1325 2127 1355 2153 οὑ
1384 2126 1464 2162 μόνον
1486 2126 1653 2158 ἐπισκόπους
1675 2125 1725 2152 καὶ
1741 2125 1839 2161 κληρι-

1051 2175 1126 2206 ito-2);,
1139 2173 1208 2199 ἀλλὰ
1225 2173 1271 2199 καὶ
1286 2172 1350 2203 τοὺς
1363 2171 1477 2203 λαῖκοὺς
1493 2172 1557 2203 τοὺς
1574 2171 1628 2198 ἀπὸ
1653 2170 1709 2198 τῶν
1735 2170 1836 2205 χωρῶν

1051 2219 1142 2246 αὐτῶν
1167 2219 1196 2245 ὲν
1212 2218 1349 2254 ἀλλοδαπῇ
1368 2217 1524 2250 διάγοντας,
1542 2217 1750 2250 καταναγκάζει
1767 2216 1840 2251 μετὰ

1051 2266 1106 2292 τῶν
1133 2265 1237 2292 πιστῶν
1262 2265 1456 2299 συγκοινωνεῖν
1486 2264 1534 2290 καὶ
1560 2262 1762 2298 συνεύχεσθαν
1790 2262 1841 2289 καί.

1051 2311 1197 2347 διορίζεται
1211 2310 1248 2343 ὡς
1263 2311 1342 2346 εἴπερ
1356 2319 1400 2342 τις
1424 2310 1456 2337 ὲκ
1481 2309 1586 2336 τούτων
1604 2308 1743 2344 μηδεμιᾶς
1770 2316 1840 2343 προ-

1051 2358 1181 2392 κειμένης
1200 2357 1334 2390 ἀνάγκης,
1352 2355 1429 2382 νόσου
1446 2356 1527 2390 τυχὶν
1540 2355 1556 2390 ἦ
1570 2354 1692 2384 δουλείας
1711 2354 1839 2389 βαρυτά-

1050 2411 1099 2438 της
1117 2403 1154 2438 μὴ
1167 2401 1385 2437 παραχωρούσης
1399 2401 1473 2435 αὐτῷ
1488 2399 1690 2435 ἐκκλησιάζειν,
1702 2400 1749 2426 ἐπὶ
1762 2401 1840 2435 τρεῖς

1051 2448 1194 2482 Κυριακὰς
1206 2448 1236 2473 οὐ
1255 2447 1370 2481 συνέλθῃ
1395 2447 1464 2480 μετὰ
1478 2446 1532 2472 τῶν
1547 2446 1652 2472 πιστῶν
1677 2446 1725 2472 καὶ
1742 2446 1840 2472 συνεύ-

1052 2494 1140 2528 ξηται,
1157 2493 1216 2519 ἁλλ’
1233 2491 1341 2528 ἀμελῶς
1355 2492 1466 2527 διατεθῇ
1483 2492 1529 2518 ἐπὶ
1550 2494 1583 2527 τῇ
1610 2491 1725 2528 τοιαύτῃ
1746 2500 1837 2525 σωτη-

1053 2540 1143 2576 ριώδει
1167 2538 1306 2574 κοινωνίᾳ,
1331 2538 1462 2573 κληρικὺς
1482 2538 1531 2572 μὲν
1558 2538 1606 2571 ὢν,
1630 2537 1837 2573 καθαιρείσθω·

1051 2587 1142 2618 λαῖκὸς
1171 2586 1209 2619 δὲ,
1236 2586 1420 2612 ἀποκινείσθω
1446 2585 1494 2619 τῆς
1525 2585 1678 2616 κοινωνίας,
1696 2585 1839 2611 τουτέστιν

1051 2633 1232 2668 ἁφοριζέεθω.
1251 2633 1328 2658 Δυοῖν
1357 2632 1411 2667 γὰρ
1442 2631 1557 2666 θάτερον
1586 2632 1617 2657 ἐκ
1643 2629 1740 2656 τούτου
1770 2630 1838 2656 ἀνα-

1051 2680 1184 2714 φαίνεται,
1199 2678 1216 2714 ἢ
1235 2678 1370 2713 μηδεμίαν
1388 2677 1518 2712 φροντίδα
1543 2676 1664 2703 τίθεσθαι
1679 2677 1725 2702 τὸν
1744 2675 1836 2702 τι)ιοῦ-

1049 2734 1096 2752 τον
1127 2724 1181 2751 τῶν
1213 2723 1293 2750 θείων
1322 2722 1516 2758 παραγγελιῶν
1545 2722 1592 2748 καὶ
1619 2722 1669 2756 τῆς
1697 2722 1738 2753 εἰς
1765 2721 1835 2748 Θεὸν

1051 2772 1134 2807 εὐχῆς
1150 2771 1197 2797 καὶ
1212 2769 1360 2804 ὑμνῳδίαις,
1383 2769 1399 2804 ἢ
1412 2769 1441 2794 τὸ
1467 2768 1504 2803 μὴ
1529 2766 1599 2794 εἶναι
1628 2767 1739 2793 πιστόν·
1753 2767 1796 2793 ἴνα
1810 2766 1838 2792 τί

1050 2817 1104 2852 γὰρ
1119 2816 1166 2842 ἐπὶ
1180 2816 1282 2841 εἴκοσιν
1298 2815 1414 2849 ἡμέραις
1438 2813 1507 2847 μετὰ
1527 2812 1580 2839 τῶν
1602 2812 1776 2847 Χριστιανῶν
1790 2812 1838 2838 ὲκ-

1050 2862 1197 2897 κλησιάσαι
1220 2861 1269 2895 οὐχ
1290 2860 1449 2895 ῄρετίσατο,
1471 2859 1517 2886 καὶ
1549 2859 1769 2893 συγκοινωνήσαι
1796 2857 1839 2892 τῷ

1053 2907 1140 2934 πιστῶ
1159 2905 1216 2935 λ.αῷ
1230 2905 1280 2932 τοῦ
1293 2905 1378 2934 Θεοῦ;
