1936 3105
145 190 198 223 785

612 194 651 224 ΙΝ
667 194 750 224 CAN.
771 194 889 223 LXXXI
905 193 1012 224 CONC.
1034 194 1074 224 ΙΝ
1091 194 1255 225 TRULLO.

1717 189 1770 221 786

182 247 304 275 ΖΩΝΑΡ.
315 247 385 279 Τοὺς
400 248 446 274 ἐπὶ
461 251 534 283 τρεῖς
547 249 699 284 ἑόοομάδας
714 249 930 284 ἀπολειφθέντας

1016 248 1142 276 ZONAR.
1163 249 1214 283 Qui
1230 249 1317 276 tribus
1334 245 1512 274 hebdomadis
1535 245 1571 273 ab
1589 246 1705 273 ecclesia
1719 254 1769 274 sua

144 295 194 329 τῆς
212 294 360 329 ἐκκλησίας
379 295 468 321 αὐτῶν
496 295 560 322 ἄνευ
580 296 690 330 βαρείας
715 296 838 331 ἀνάγκης
857 295 929 326 τινὸς

146 341 162 375 ἢ
177 340 338 376 δυσχερείας
349 341 455 375 ἑτέρας.
471 341 528 368 ἀλλ’
546 343 575 368 ὲν
601 343 678 369 πόλει
705 343 859 376 διάγοντας,
889 341 927 376 μὴ
943 365 947 372 ,

149 387 362 422 συνερχομένους
380 387 410 414 δὲ
428 387 469 419 είς
493 387 641 423 ἐκκλησίαν
663 389 720 418 τοῖς
743 389 848 418 πιστοῖς
867 388 929 413 ἐπι-

147 433 267 464 σκόπους
291 433 340 468 μὲν
366 433 413 459 καὶ
428 433 576 468 κληρικοὺς
598 434 678 465 ὄντας
700 435 714 461 ὁ
729 433 819 460 κανὼν
834 433 931 460 καθαι-

147 479 252 513 ρεῖσθαι
265 479 446 513 προστάττει·
467 479 559 511 λαῖκος
576 480 615 513 δὲ,
634 479 824 514 ἀφορίζεσθαι.
843 480 929 506 Τοῦτο
951 482 960 491 ’

148 524 204 558 γάρ
217 525 274 550 ἐστι
286 524 317 550 τὸ
334 524 522 550 ἀποκινεῖσθαι
536 525 584 559 τῆς
599 525 752 557 κοινωνίας.

148 569 259 596 ΑΡΙΣΤ.
294 579 303 595 ι
332 569 364 595 Εἰ
391 569 429 604 μὴ
449 569 482 596 δι’
505 570 628 605 ἀνάγκην
651 569 869 605 ἁπολιμπάνεταί
887 578 930 599 τις

182 627 190 640 ι
214 616 263 650 τῆς
290 615 437 648 ἐκκλησίας
461 616 507 642 ἐπὶ
531 617 604 651 τρισὶ
628 617 796 652 Κυριακαϊς,
812 614 931 642 ηὰχοινὼ-

182 671 192 686 (
215 670 306 696 νητος,
331 668 341 686 ι

184 707 215 733 '0
233 707 282 741 τῆς
297 707 446 742 ἐκκλησίας
473 709 502 734 ἑν
531 708 605 743 τρισὶ
635 707 792 743 Κυριακαῖς
816 707 928 734 ἀπολει-

146 750 224 784 φθεὶς
238 751 303 778 ἄνευ
322 751 478 787 βαρυτάτης
497 753 621 788 ἀνάγκης
636 752 652 788 ἢ
667 752 828 788 δυσχερείας
840 752 927 784 τινὸς,

145 797 172 822 ει
189 796 238 831 μὲν
255 797 385 832 κληρικός
410 798 485 830 ἐστι,
502 797 675 834 καθαιρεῖται
689 804 698 813 ⁸
722 798 746 824 εί
769 797 797 824 δὲ
824 798 930 829 λαῖκὺς,

147 841 319 877 ἀφορίζεται.

168 880 173 883 “
354 908 355 911 η
439 889 560 915 ΚΔΝΩΝ
574 889 638 924 Iw.

979 296 1052 322 nulla
1071 297 1146 330 gravi
1161 297 1325 323 necessitate
1339 293 1476 321 ditliciltve
1499 293 1552 320 alia
1572 300 1656 321 causa
1672 293 1767 328 impe-

979 342 1041 374 diti,
1060 342 1209 373 abi‘uerint,
1229 349 1325 368 verum
1342 341 1368 366 in
1391 340 1457 367 urbe
1472 339 1600 374 degentes
1614 347 1678 366 cum
1701 340 1767 367 lide-

978 388 1050 415 libus
1065 389 1091 415 in
1108 388 1252 415 ecclesiam
1268 395 1321 414 non
1334 386 1529 418 convenerint,
1545 385 1569 413 si
1586 386 1696 420 quidem
1710 386 1769 420 epi-

979 435 1054 469 scopi
1072 439 1118 461 aut
1134 434 1227 461 clerici
1248 433 1314 463 sint,
1330 440 1380 459 eos
1405 439 1494 459 canon
1521 431 1619 466 deponi
1650 440 1657 458 :
1685 431 1770 458 laicos

980 484 1070 507 autem
1085 480 1221 514 segregari
1242 479 1250 513 (
1264 480 1316 505 hoc
1331 485 1450 512 namque
1464 477 1530 504 illud
1558 482 1601 504 est
1613 497 1621 509 ,
1641 484 1768 504 commu-

980 525 1062 552 nione
1076 525 1179 552 moveri
1192 527 1200 558 )
1217 525 1308 559 jubet.

1015 570 1129 598 ARIST.
1150 581 1159 596 ι
1178 571 1207 598 Si
1231 571 1293 606 quis
1310 570 1382 597 nulla
1400 573 1515 604 cogente
1543 569 1708 596 necessitate
1725 576 1770 597 ec-

983 625 992 640 ι
1010 615 1128 644 clesiam
1147 617 1235 642 tribus
1250 615 1401 644 Dominicis
1425 616 1620 651 derelinquat,
1645 624 1770 643 commu-

983 669 993 685 ι
1017 660 1099 687 nione
1120 661 1254 695 privatur.
1275 671 1284 686 1

1015 706 1067 738 Qui
1084 706 1118 733 ab
1133 707 1250 734 ecclesia
1267 707 1356 734 tribus
1372 707 1470 734 diebus
1495 706 1648 733 Dominicis
1672 707 1746 733 abest
1761 727 1768 738 ,

980 752 1040 780 sine
1051 754 1217 781 necessitate
1243 753 1334 787 aliqua
1358 759 1386 780 ct
1411 753 1570 780 diliicultate
1586 753 1768 788 gravissima,

980 797 1002 824 si
1021 797 1131 832 quidem
1146 798 1263 826 clericus
1277 802 1329 830 cst,
1351 798 1496 832 deponitur
1513 806 1521 825 :
1537 799 1579 826 sin
1596 805 1662 825 vero
1673 798 1768 830 laicus,

981 849 1156 879 segregatur.

1181 887 1274 922 i251
1291 887 1406 915 canos
1424 887 1544 915 LXXXI.

148 942 158 958 ι
187 933 354 970 Ἐπειδήπερ
370 934 400 961 ἐν
425 943 482 962 τισι
497 935 601 970 χώραις
627 935 830 971 μεμαθήκαμεν
846 937 876 963 ἑν
891 936 930 971 τῷ

1013 934 1147 966 Quoniam
1162 934 1189 961 in
1217 934 1358 963 nonnullis
1379 935 1447 962 locis
1466 935 1614 964 didicimus
1629 955 1635 967 .
1659 936 1687 963 in
1707 943 1771 963 san-

182 989 192 1004 ι
214 979 355 1014 Τρισαγίῳ
370 980 447 1016 ὕμνῳ
476 981 506 1013 ὲν
522 981 680 1017 προσθήκης
705 982 786 1017 μέρει
799 983 933 1016 ἐκφωνεῖ-

183 1036 192 1051 ‹
216 1026 279 1052 σθαι
289 1026 505 1061 μετὰτὺ,”Αγιος
513 1027 657 1061 ἀθάνατος,
665 1028 708 1060 τὸ,
730 1029 758 1055 '0
766 1029 934 1063 σταυρωθεὶς

183 1079 192 1095 ι
214 1070 248 1096 δι’
263 1071 348 1105 ἡμᾶς,
363 1071 472 1105 ἐλέησον
485 1072 557 1106 ἡμᾶς
571 1080 578 1088 ·
593 1071 671 1098 τοῦτό
679 1081 709 1098 τε
725 1073 776 1099 ὗπδ
784 1073 838 1099 τῶν
851 1073 934 1100 πάλαι

185 1124 194 1140 ι
218 1115 303 1148 ἁγίων
315 1115 456 1150 Πατέρων,
466 1115 504 1146 ὡς
521 1115 570 1149 τῆς
584 1115 726 1148 εὐσεϐείας
741 1116 889 1152 ἀλλότριον.
901 1117 934 1142 ὲκ

183 1170 192 1186 ι
215 1160 262 1187 τοῦ
270 1161 393 1187 τοιούτου
402 1161 529 1196 ἀπηλάθη
538 1161 634 1196 ὕμνου,
644 1162 694 1188 σὺν
701 1162 738 1196 τῷ
746 1162 796 1197 τὴν
805 1163 934 1197 τοιαύτην

186 1216 194 1230 ι
220 1207 313 1241 φωνὴν
325 1207 558 1244 καινουργῆσαντι
568 1208 721 1243 παρανόμῳ
730 1208 862 1244 αἱρετικῷ
871 1209 934 1235 ’καὶ

184 1262 194 1277 ι
217 1254 312 1287 ἡμεῖς,
324 1253 474 1287 κυροῦντες
491 1254 526 1280 τὰ
541 1255 616 1289 παρὰ
630 1254 684 1281 τῶν
697 1255 783 1288 ἁγίων
798 1256 933 1290 Πατέρων

186 1308 194 1322 ι
218 1298 296 1332 ὴμῶν
314 1298 433 1330 εὐσεϐῶς
460 1298 708 1335 θεσμοθετηθὲντα,
731 1301 933 1336 ἀναθεματίζο-

181 1354 189 1369 ι
216 1353 266 1379 μεν
280 1344 320 1371 ἔτι
337 1345 407 1379 μετὰ
420 1345 467 1371 τὸν
482 1345 605 1378 παρόντα
620 1346 683 1379 ὅρον
699 1347 934 1382 μεταδεχομένους

187 1400 195 1414 ι
219 1389 269 1425 τὴν
290 1390 419 1424 τοιαύτην
433 1391 526 1424 φωνὴν
549 1391 593 1417 ἐπ’
620 1391 791 1427 ἐκκλησίαις,
808 1393 824 1428 ἥ
845 1394 933 1426 ἄλλως

186 1446 194 1462 ι
219 1445 276 1467 πως
304 1436 343 1472 τῷ
366 1437 507 1472 Τρισαγίῳ
525 1437 603 1473 ὕμνῳ
624 1439 821 1472 συνάπτοντας.
839 1441 893 1468 Καὶ
909 1443 933 1469 εἰ

183 1493 193 1508 ι
213 1484 263 1517 μὲν
290 1484 428 1518 ίερατικός
443 1484 541 1511 tenve
560 1485 724 1521 παραϐάτης
737 1486 794 1513 τῶν
810 1487 933 1523 ὁρισθέν-

186 1539 195 1552 ι
219 1537 292 1560 των,
338 1529 565 1564 ἀπογυμνοῦσθαι
594 1529 674 1557 τοῦτο
701 1531 751 1565 τῆς
784 1532 932 1569 ἱερωσύνης

1022 987 1032 1004 ι
1052 979 1176 1007 ctissinto
1204 981 1307 1016 hymno
1331 980 1511 1008 additamenti
1530 982 1601 1008 -loco
1627 982 1681 1009 dici
1710 987 1772 1017 post

1021 1034 1030 1050 ι
1050 1025 1126 1058 illud,
1143 1025 1262 1054 Sanctus
1276 1027 1449 1058 immortalis,
1467 1027 1517 1054 hoc
1533 1037 1540 1055 :
1556 1028 1610 1060 Qui
1623 1028 1770 1056 cruciﬁxus

1022 1081 1031 1096 ι
1053 1079 1082 1098 es
1112 1079 1161 1106 pro
1178 1072 1266 1103 nobis,
1290 1073 1421 1101 miserere
1434 1074 1541 1106 nostri;
1569 1074 1595 1101 id
1622 1078 1713 1101 autem
1738 1075 1772 1102 ab

1023 1126 1032 1143 ι
1053 1118 1174 1151 antiquis
1192 1119 1295 1146 sanctis
1307 1119 1445 1151 Patrihus,
1459 1124 1511 1146 uta
1527 1121 1628 1154 pietate
1638 1121 1770 1152 alienum.

1022 1173 1030 1189 ι
1049 1172 1081 1191 ex
1100 1165 1151 1192 hoc
1165 1165 1266 1200 hymno
1277 1165 1393 1200 ejectum
1407 1174 1469 1193 cum
1483 1167 1618 1194 scelerato
1629 1167 1769 1201 heretico,

1022 1219 1032 1236 ι
1049 1212 1095 1244 qui
1113 1211 1183 1238 hanc
1197 1219 1291 1239 vocem
1309 1212 1449 1239 innovavit
1465 1222 1472 1240 :
1487 1211 1545 1240 'n’os
1569 1221 1679 1248 quoque
1703 1221 1771 1241 con-

1023 1267 1033 1283 ι
1053 1258 1194 1286 tirmantes
1207 1266 1238 1285 ca
1252 1267 1312 1293 quae
1338 1267 1352 1286 a
1381 1259 1485 1286 sanctis
1511 1260 1614 1286 nostris
1641 1259 1771 1288 Patribus

1030 1314 1039 1330 ι
1058 1305 1101 1338 pie
1119 1305 1268 1332 constituta
1287 1310 1361 1338 sunt,
1377 1306 1642 1333 anathematizamus
1653 1307 1770 1341 eos,‘qui

1024 1360 1033 1376 ι
1056 1355 1117 1385 post
1129 1358 1250 1385 przesens
1263 1351 1400 1378 decretum
1419 1351 1554 1387 ejusmodi
1567 1359 1660 1379 vocem
1682 1352 1709 1379 in
1724 1360 1770 1380 ec-

1021 1406 1030 1422 l
1051 1397 1143 1424 clesiis
1160 1397 1330 1430 admittunt,
1350 1401 1394 1425 vel
1419 1398 1512 1432 aliquo
1529 1397 1588 1425 alio
1610 1397 1694 1425 modo
1706 1405 1773 1426 san--

1022 1453 1031 1469 ι
1050 1443 1176 1470 ctissimo
1197 1444 1299 1479 hymno
1319 1444 1480 1480 adiungunt.
1503 1443 1537 1471 Et
1550 1444 1573 1471 si
1599 1448 1641 1471 est
1661 1444 1771 1479 quidem

1021 1498 1030 1514 ‹
1051 1490 1232 1517 sacerdotalis
1245 1490 1350 1518 ordinis
1362 1491 1409 1525 qui
1426 1494 1617 1526 transgressus
1631 1493 1685 1524 est,
1707 1498 1770 1518 eum

1022 1545 1032 1560 ‹
1054 1535 1210 1562 sacerdotio
1232 1536 1334 1570 privari
1354 1536 1482 1571 iubemus
1501 1536 1565 1563 :sin
1577 1539 1666 1562 autem
1683 1535 1770 1564 laicus

184 1584 194 1601 ί
218 1575 428 1610 προστάσσομεν
440 1583 448 1591 ο
465 1577 489 1602 εί
503 1576 532 1602 δὲ
547 1576 640 1608 λαῖκδς
654 1577 670 1612 ἢ
694 1578 822 1612 μοναχὸς,
836 1579 933 1614 ἀφορί-

1023 1590 1032 1607 ι
1051 1582 1092 1608 vel
1109 1582 1270 1614 monachus,
1285 1583 1435 1617 segregari.
1459 1592 1469 1608 ι

184 1630 193 1645 ι
217 1620 322 1652 ζεσθαι.

187 1665 216 1692 ’0
234 1667 414 1702 ματαιόφρων
439 1668 543 1700 ἐκεῖνος
557 1668 605 1696 καὶ
622 1669 786 1705 βλάσφημος
802 1672 904 1707 Πέτρος
918 1673 932 1698 ὁ

146 1713 272 1747 Κναφεὺς
288 1714 449 1750 προσθήκην
457 1715 487 1741 ὲν
503 1714 543 1750 τῷ
558 1716 698 1752 Τρισαγίῳ
716 1716 795 1752 ὕμνῳ
808 1718 931 1753 ἐποίησε,

147 1759 217 1792 μετὰ
232 1760 262 1785 τὸ
279 1761 463 1794 ὲκφωνεῐσθαι
475 1762 506 1788 τό
521 1769 529 1777 ·
550 1762 646 1797 ’Ἄγιος
667 1763 826 1796 ἀθάνατος,
848 1764 933 1791 εἰπὼν

145 1805 266 1839 ὀφείλειν
292 1806 422 1840 λέγεσθαι
447 1808 494 1834 τό·
518 1808 550 1835 Ὀ
573 1809 754 1843 σταυρωθείς
783 1810 820 1837 δι’
841 1810 931 1844 ἡμᾶς,

145 1852 278 1886 ἐλέησον
293 1855 381 1888 ἡμᾶς.
402 1855 456 1880 Ίιν
470 1855 503 1889 δὴ
519 1856 680 1890 προσθήκην
699 1858 714 1890 ἡ
737 1856 886 1892 Ἐκκλησία
902 1858 932 1884 οὐ

147 1899 327 1933 παρεδέξατο,
338 1901 375 1931 ὡς
390 1901 612 1935 παρεισάγουσαν
630 1902 761 1937 τέταρτον
777 1904 931 1938 πρόσωπον,

148 1945 198 1973 καὶ
217 1945 269 1972 ἀνὰ
287 1947 369 1981 μέρος
390 1947 511 1974 τιθεῖσαν
527 1949 572 1974 τὸν
592 1949 637 1975 τοῦ
655 1949 723 1976 Θεοῦ
742 1950 806 1976 Υεδν
823 1950 872 1985 τὴν
886 1949 933 1976 τοῦ

150 1990 255 2026 Πατρδς
269 1992 452 2019 ἐνυπόστατον
485 1993 610 2028 δύναμιν,
635 1995 684 2020 καὶ
712 1996 764 2021 ἀνὰ
789 1997 872 2030 μέρος
889 1995 934 2022 τδν

149 2037 358 2073 ἐσταυρωμένον
385 2039 514 2074 Χριστὸν,
540 2039 578 2071 ὡς
606 2040 684 2067 ἄλλον
705 2041 768 2068 ὅντα
797 2042 872 2077 παρὰ
888 2042 934 2068 τὸν

148 2084 270 2119 ισχυρὺν,
288 2085 304 2120 ἢ
319 2086 357 2116 ὡς
370 2085 497 2121 παθητὴν
511 2087 560 2121 τὴν
580 2087 685 2122 Τριάόα
697 2086 870 2120 δοξάζουσαν.
888 2089 934 2115 καὶ

150 2130 357 2165 συσταυροῦσαν
371 2131 411 2167 τῷ
426 2133 484 2167 Υίῷ
496 2132 543 2159 τὸν
555 2130 665 2167 Πατέρα
677 2134 763 2163 καὶτὸ
779 2132 889 2168 Πνεῦμα
904 2135 934 2160 τὸ

148 2175 236 2208 ἅγιον.
268 2177 323 2203 Καὶ
356 2178 535 2211 ἐδογμάτισεν
561 2179 681 2211 εὐσεϐῶς
708 2180 755 2205 τὺν
785 2180 933 2215 Τρισάγιον

149 2219 236 2252 ὒμνον
250 2221 330 2256 χάριν
347 2222 397 2254 τῆς
412 2223 526 2257 Τριάδος
540 2223 668 2258 λέγεσθαι
679 2230 687 2238 ”
705 2224 774 2258 ὅπερ
785 2233 811 2250 τι
826 2224 871 2251 διὰ
885 2225 933 2258 μὲν

1019 1670 1115 1698 BALS.
1133 1670 1255 1698 Stolidus
1268 1670 1315 1698 ille
1331 1675 1359 1698 et
1374 1670 1552 1705 blasphemus
1568 1670 1667 1698 Petrus
1688 1670 1767 1697 Fullo

983 1717 1011 1745 iu
1027 1718 1203 1746 sanctissimo
1217 1717 1320 1752 hymno
1333 1717 1400 1744 fecit
1413 1717 1643 1750 additamentum,
1654 1717 1751 1749 dicens
1763 1735 1771 1748 .

983 1768 1127 1798 postquam
1143 1763 1247 1790 dictum
1261 1767 1346 1794 esset,
1361 1762 1477 1790 Sanctus
1488 1762 1661 1794 immortalis,
1673 1762 1772 1790 debere

983 1809 1047 1839 dici,
1066 1809 1117 1841 Qui
1145 1809 1284 1843 cruciﬁxus
1306 1817 1333 1835 es
1345 1817 1393 1844 pro
1418 1809 1503 1840 nobis.
1529 1809 1654 1836 miserere
1678 1809 1770 1835 nostri.

983 1856 1061 1888 Quod
1078 1856 1188 1890 quidem
1207 1855 1423 1882 additamentum
1439 1855 1558 1882 Ecclesia
1576 1863 1629 1882 non
1647 1854 1770 1886 admisil,

985 1908 1013 1929 nt
1029 1903 1100 1937 quod
1115 1906 1240 1937 quartam
1254 1909 1398 1937 personam
1412 1902 1533 1934 inducat,
1551 1905 1578 1929 et
1592 1901 1640 1928 Dei
1661 1901 1771 1933 Filium,

986 1946 1137 1973 Sal-vaturis
1153 1946 1258 1972 scilicet
1272 1945 1470 1972 consistentem
1501 1945 1658 1972 facultatem
1670 1964 1677 1976 ,
1694 1951 1772 1971 seor-

984 2000 1043 2018 sum
1067 1996 1159 2025 ponat,
1173 1997 1198 2018 et
1213 1990 1352 2018 Christum
1371 1991 1531 2018 cruciﬁxum
1551 1997 1678 2026 tanquam
1690 1991 1771 2017 ai‘um

984 2045 999 2064 a
1021 2037 1096 2068 forti,
1111 2042 1138 2064 et
1153 2042 1282 2070 tanquam
1297 2037 1487 2064 affectionibus
1513 2037 1662 2071 subjectam
1682 2036 1774 2063 Trini-

985 2087 1068 2110 tatem
1081 2082 1224 2118 gloriiicet,
1240 2089 1268 2110 et
1281 2083 1389 2110 Patrem
1404 2091 1457 2110 una
1478 2090 1540 2110 cum
1554 2083 1622 2110 Filio
1633 2083 1774 2117 cruciﬁgat

984 2135 1012 2157 et
1025 2130 1158 2164 Spiritum
1172 2133 1308 2156 sanctum.
1327 2129 1359 2155 Et
1371 2129 1492 2156 decrevit
1504 2128 1614 2164 quidem
1628 2130 1770 2156 sanctissiv

985 2184 1060 2203 mum
1078 2177 1209 2210 hymnum
1227 2175 1271 2209 pie
1285 2174 1338 2202 dici
1361 2175 1395 2202 de
1413 2180 1508 2202 sancta
1532 2174 1682 2205 Trinitate,
1699 2175 1771 2209 quod

986 2230 1033 2257 per
1052 2223 1151 2249 trinam
1166 2223 1336 2249 sanctitatem
1360 2226 1416 2248 tres
1427 2221 1695 2255 supersubstantialis
1713 2221 1773 2248 Dei-

148 2267 199 2300 τῆς
224 2267 339 2301 τρισσῆς
355 2269 497 2302 ἁγιότητος
515 2269 565 2300 τὰς
593 2270 669 2303 τρεῖς
692 2269 743 2304 τῆς
771 2270 932 2305 ὑπερουσίου

996 2269 1052 2295 .atis
1066 2274 1196 2302 personas
1211 2270 1305 2294 sancta
1326 2266 1406 2294 nobis
1434 2266 1578 2301 Seraphim
1602 2266 1771 2294 ostendant:

149 2312 278 2346 θεότητος
296 2314 460 2346 ὑποστάσεις
483 2315 519 2341 τὰ
531 2315 596 2349 ἅγια
616 2316 744 2350 Σεραφὶμ
759 2317 826 2351 ἡμῖν
844 2317 935 2350 ὑπεμ-

150 2357 278 2390 φαίνουσι
290 2367 296 2374 ·
312 2359 355 2385 διὰ
367 2360 394 2386 δὲ
411 2361 460 2395 τῆς
476 2361 539 2395 μιᾶς
556 2362 718 2397 κυριότητος
734 2361 783 2395 τὴν
802 2363 866 2397 μίαν
886 2364 936 2398 τῆς

150 2403 300 2439 θεαρχικῆς
318 2406 431 2440 Τριάδος
452 2407 549 2435 οὐσίαν
564 2416 594 2434 τε
610 2409 657 2434 καὶ
675 2408 816 2442 βασιλείαν
833 2409 935 2443 γνωρί-

151 2449 252 2480 ζουσι).
272 2451 392 2486 Εὕρηται
409 2453 437 2479 δὲ
457 2454 504 2479 κιιὶ⁸
531 2454 560 2479 ὲν
578 2454 611 2488 τῇ
627 2454 840 2488 ὲκκλησιαστικῇ
865 2455 937 2482 ἱστο-

154 2495 199 2529 ρίᾳ
214 2495 271 2529 (90)
282 2497 323 2522 ὅτι
338 2497 527 2529 λιτανεύοντος
543 2497 590 2524 τοῦ
601 2499 631 2524 ὲν
646 2499 936 2526 Κωνσταντινουπόλει

987 2322 1037 2350 per
1050 2321 1132 2340 unam
1145 2320 1210 2340 vero
1222 2313 1435 2340 dominationem
1450 2320 1532 2339 unam
1555 2312 1652 2339 divime
1678 2311 1774 2339 Trini-

991 2361 1055 2388 tatis
1071 2360 1254 2387 substantiam
1276 2367 1444 2394 regnumque
1459 2359 1624 2390 signiﬁcant;
1639 2359 1668 2385 ln
1686 2360 1774 2386 eccle-

989 2406 1101 2434 siastica
1117 2410 1208 2433 autent
1225 2405 1338 2432 historia
1355 2405 1493 2432 inventum
1510 2411 1563 2438 est,
1580 2412 1642 2432 cum
1657 2405 1772 2439 populus

988 2452 1225 2486 Constantinopoli
1243 2451 1422 2486 supplicaret,
1438 2443 1547 2486 propter
1571 2451 1703 2486 quasdam
1729 2451 1772 2477 di-

988 2499 1092 2526 vinitus
1124 2499 1271 2526 intentatas
1307 2499 1417 2531 minas,
1452 2507 1512 2534 quae
1544 2505 1667 2534 tempore
1681 2498 1769 2525 Procli

767 2554 862 2584 Guill.
880 2555 1044 2594 Beveregii
1061 2558 1155 2585 nota).

188 2601 245 2637 (QQ)
262 2601 389 2634 Εὕρηται
399 2602 433 2628 δὲ
447 2603 494 2629 καὶ
509 2603 543 2629 ἐν
558 2602 593 2636 τῇ
605 2603 845 2637 ἐκκλησιαστικῇ
856 2605 936 2631 ἱστο-

145 2637 209 2673 ρίᾳ.
222 2636 294 2664 Sane
305 2637 360 2663 haec
373 2637 485 2664 historia
500 2639 532 2665 de
545 2637 667 2673 Trisagio
679 2647 693 2666 a
708 2639 871 2673 Theophane
886 2647 914 2665 re
923 2655 929 2658 -

148 2671 161 2698 ἰ
171 2677 254 2708 τιιιν,
263 2673 305 2698 his
318 2673 406 2699 verbis
417 2682 423 2700 :
434 2673 497 2699 Ἐπὶ
509 2673 603 2700 τούτου
614 2671 661 2700 τοῦ
673 2675 701 2700 ὲν
715 2671 802 2708 άγίοίς
815 2674 935 2707 Πρόκλου

151 2707 260 2740 σεισμοὶ
277 2708 404 2748 γεγόνασι
426 2708 539 2742 μεγάλοι
555 2709 584 2735 ἐν
602 2710 635 2743 τῇ
657 2709 939 2735 Κωνσταντινουπόλει

148 2741 197 2767 ἐπὶ
212 2741 347 2775 τέσσαρας
365 2751 470 2775 μηνας,
484 2744 554 2770 ὥστε
575 2744 736 2775 φοϐηθέντες
753 2744 777 2769 ui
800 2743 938 2775 Βυζάντιοι

148 2751 197 2767 an:
212 2751 347 2776 τεσσαρας
365 2751 470 2776 μηνας,
484 2753 554 2770 ωστε
575 2751 736 2778 φοοηυεντες
753 2751 777 2769 ut
800 2751 938 2775 Ιιυςαντιοι

148 2778 250 2819 ἔφυγον
265 2777 316 2809 ἔξω
329 2778 376 2811 τῆς
393 2778 494 2818 πόλεως
507 2779 537 2805 ὲν
551 2778 588 2819 τῷ
603 2779 739 2819 λεγομένῳ
751 2778 862 2819 βάυπιῳ
871 2787 878 2794 ·
892 2780 939 2819 καὶ

148 2813 221 2848 ἦσαν
239 2813 504 2848 προσκαρτεροῦντες
525 2816 593 2848 μετὰ
603 2814 648 2839 τοῦ
661 2813 814 2848 ἐπισκοποῖ
834 2815 863 2840 ἐν
879 2816 938 2842 ταῖς

149 2845 248 2877 λιταῖς.
261 2845 402 2889 γκλριίοντες
417 2849 485 2889 πρὸς
501 2845 546 2889 τξν
562 2849 637 2889 Θεόν.
659 2847 774 2889 Ἔνιμιξ
785 2845 834 2889 οὖν
843 2849 938 2889 ᾑμέρᾳ

150 2882 353 2917 αυμαινομένης
362 2883 410 2917 τῆς
420 2882 482 2918 γῆς,
489 2885 537 2912 καὶ
549 2884 647 2915 παντὸς
657 2883 704 2910 τοῦ
711 2882 776 2910 λαοῦ
785 2882 930 2919 κράζοντος

988 2604 1029 2630 τό·
1042 2603 1136 2639 Κύριε,
1149 2604 1267 2640 ἐλέησον,
1281 2605 1407 2635 ἐκτενῶς,
1421 2606 1482 2639 περὶ
1497 2605 1571 2640 ὤραν
1585 2605 1679 2638 τρίτην
1693 2604 1768 2640 ᾇφνω

990 2639 1098 2666 πάντων
1117 2639 1251 2674 ὁρώντων,
1270 2640 1367 2674 συνέϐη
1383 2641 1434 2666 ὑπὸ
1451 2641 1524 2670 θείας
1536 2640 1676 2670 δυνάμεως
1686 2639 1772 2672 ἀρθῆ-

988 2674 1032 2700 ναί
1044 2683 1104 2700 τινα
1118 2676 1257 2701 νεάνισκον
1278 2675 1316 2704 εἰς
1331 2673 1375 2700 τὸν
1392 2675 1472 2710 ἀέρα,
1492 2675 1538 2701 καὶ
1558 2673 1670 2710 ἀκοῦσαι
1697 2674 1770 2710 θείας

988 2709 1079 2743 φωνῆς
1097 2710 1282 2744 παραινούσης
1299 2709 1380 2735 αὐτὸν
1397 2710 1555 2742 ἀναγγεῖλαι
1572 2709 1610 2743 τῷ
1628 2709 1769 2744 ἐπισκόπῳ

988 2744 1034 2770 καὶ
1047 2744 1085 2778 τῷ
1111 2744 1167 2778 λαῴ
1178 2745 1238 2770 λιτα
1256 2744 1328 2769 ε·3ειν
1340 2744 1424 2774 οὕτως
1439 2752 1444 2757 ·
1461 2745 1554 2777 ’Ἄγιος
1573 2745 1586 2769 ὁ
1603 2743 1679 2776 Θεὸς,
1694 2744 1770 2777 άγιος

989 2780 1117 2814 ἰσχυρὸς,
1144 2779 1219 2812 ἅγιος
1255 2779 1398 2814 ἀθάνατος,
1419 2778 1528 2811 ἐλέησον
1559 2779 1653 2814 ἡμᾶς,
1686 2778 1770 2812 μηδὲν

986 2813 1079 2848 ἕτερον
1095 2814 1301 2848 προστεθένῖας.
1326 2813 1355 2838 '0
1371 2813 1398 2839 δὲ
1413 2815 1441 2839 ὲν
1457 2814 1542 2846 ἁγίοις
1560 2813 1689 2848 Πρόκλος,
1704 2814 1769 2848 το.ύῖ

987 2845 1038 2882 την
1061 2845 1205 2880 δεξάμενος
1230 2848 1454 2884 τὴνηὰπόφασιν,
1481 2845 1615 2884 ἐπέτρεψε
1643 2848 1682 2884 τῷ
1714 2845 1769 2884 λαῷ

983 2881 1093 2918 ψάλλεν
1102 2883 1198 2915 οὕτως,
1210 2884 1254 2909 καὶ
1267 2883 1364 2914 εὐθέως
1373 2883 1500 2918 ἀπέστηὸ
1509 2881 1630 2920 σεισμός,
1643 2881 1767 2917 Τίκιοινιὶ.
