1936 3105
241 147 294 178 799

865 151 1014 182 THEOD.‘
1025 150 1226 183 BALSAMON

1819 154 1884 184 800

240 212 315 237 cere,
339 212 373 232 eo
395 204 468 239 quod
491 204 565 240 leges
587 209 615 232 et
632 213 752 236 canones
767 208 888 236 libertati
909 209 1026 236 maxime

1080 209 1217 241 ἀπόδειξιν
1233 210 1400 246 ἐλευθερίας,
1426 210 1469 238 διὰ
1485 211 1515 239 τὸ
1533 210 1730 239 ὲπιθάλπεσθαι
1743 211 1830 247 παρά
1847 221 1882 238 τε

240 250 364 284 faveant;
391 254 419 278 et
441 251 662 286 quandoquidem
692 254 839 288 cujuslibet
866 256 936 282 servi
965 264 1026 290 pre-

240 297 308 324 tium
334 303 415 323 unam
432 296 649 333 byperpyrorum
674 299 770 327 libram
790 309 844 328 non
863 301 981 333 excedit,
998 303 1024 329 in

245 351 300 370 una
328 347 417 369 autem
449 344 664 380 hyperpyrorum
690 347 757 374 libra
783 349 962 375 constitutum
984 355 1027 376 est

215 416 218 420 λ
240 388 310 417 duos
325 393 410 417 testes
432 389 564 424 sufﬁcere,
585 394 698 420 Omnino
728 398 755 421 et
780 395 812 421 ad
832 396 1025 429 ostendendam

240 434 396 462 libertatem
419 435 473 463 duo
494 441 578 465 testes
602 439 747 471 sudicicul,
772 441 899 474 pratseuti
927 442 1026 468 eanoni

239 486 448 517 consequenter,
465 485 511 518 qui
528 489 570 512 est
587 493 636 520 pro
654 486 780 513 libertate
794 487 896 518 editus.
918 492 945 515 et
961 488 1027 515 dicit

239 528 274 555 ab
290 529 368 556 initio
384 538 391 556 :
410 529 440 556 In
457 538 504 558 ore
526 531 643 559 duorum
659 532 700 559 vel
718 533 800 560 trium
817 534 927 561 testium
946 535 1029 562 stabit

240 581 323 601 omne
339 563 454 602 verbum
467 585 474 608 ;
488 580 514 602 et
529 577 599 611 quod
616 586 648 605 ex
665 578 823 606 inﬁrmitate
834 580 1026 614 probationum

240 619 441 649 inaestimabilis
464 621 579 650 libertas
600 631 652 651 non
674 624 758 662 Idatur
785 627 955 660 adversario,
980 630 1028 656 sed

241 666 360 693 servitus
385 675 445 702 quae
461 668 623 701 aestimatur,
648 675 678 697 ut
702 672 830 705 superius
849 673 952 700 dictum
974 679 1027 707 est.

240 720 292 746 qua
307 713 389 740 etiam
405 714 479 748 data,
494 716 617 749 pecuniis
629 716 790 745 liberabitur
801 720 846 754 qui
864 721 897 747 ad
913 720 1026 748 liberta-

243 762 297 785 tem
312 759 474 794 proclamat.

275 845 347 882 Lege
362 847 444 874 etiam
464 848 603 876 Novellam
621 850 795 886 imperatoris
813 853 915 882 domini
937 850 1026 884 Alexii

240 892 384 924 Comneni.
401 901 460 928 quae.
476 894 547 921 edita
574 900 615 923 est
633 896 667 924 de
680 905 734 925 non
752 899 929 928 admittendis
947 903 1024 930 testi-

240 937 292 965 bus
309 938 356 972 qui
376 944 470 965 contra
488 946 674 975 opponuntur,
699 943 810 977 quando
831 949 914 974 testes
943 947 1029 976 addu-

241 988 343 1022 cuntur
354 984 388 1011 ab
403 992 435 1011 eo
450 985 492 1019 qui
507 986 539 1012 ad
554 986 706 1015 libertatem
719 991 878 1024 proclamat,
893 998 920 1020 et
934 994 967 1021 de
995 1003 1028 1023 eo

241 1028 313 1062 qupd
337 1029 415 1056 liberi
435 1031 506 1057 servi
533 1039 586 1059 non
614 1033 690 1065 ﬁant,
718 1035 764 1069 qui
785 1044 893 1064 sacrant
918 1039 1029 1067 benedi-

241 1074 359 1102 ctionem
377 1076 532 1111 acceperint
558 1086 564 1104 :
588 1086 648 1112 quae
672 1080 728 1107 haec
753 1082 795 1109 bis
813 1084 903 1111 verbis
929 1088 1026 1119 pers‘e-

242 1121 346 1154 quitur.
360 1121 418 1148 Duo
431 1123 487 1150 lnec
500 1123 532 1150 ad
547 1131 628 1151 aures
642 1125 793 1160 imperialis
805 1136 871 1156 mea:
886 1133 1028 1164 potestatis

242 1170 436 1199 pervenerunt,
460 1168 634 1196 sanctissime
659 1170 769 1199 domine
787 1193 794 1205 ,
816 1175 887 1208 quod
916 1177 1026 1210 quidam

243 1219 355 1245 eurum,
380 1214 426 1247 qui
448 1214 481 1240 ad
499 1219 624 1242 sanctum
649 1221 676 1243 et
693 1225 819 1253 magnum
841 1221 924 1258 256
942 1223 1027 1252 divini

246 1256 326 1284 Verbi
345 1259 484 1293 sapientiae
508 1261 637 1295 templum
660 1263 807 1296 accedunt,
823 1265 857 1292 ad
873 1256 1026 1297 libertatem

243 1305 458 1338 proclamantes,
473 1310 500 1333 et
523 1314 610 1341 genus
627 1316 707 1335 suutn
724 1309 758 1336 ad
782 1311 915 1341 libertatis
935 1320 1028 1343 osten-

244 1348 348 1375 sionem
372 1349 520 1385 allegantes
544 1352 649 1386 (dicunt
668 1354 740 1381 enim
762 1363 792 1383 se
816 1364 848 1384 ex
872 1358 965 1386 liberis
982 1369 1028 1395 pa-

245 1395 370 1422 rentibus
395 1403 457 1424 esse
475 1402 564 1430 natos.
588 1397 712 1434 Bulgaris
739 1401 807 1429 forte
825 1403 867 1430 vel
891 1404 1027 1440 aliquibus

244 1440 390 1475 aliis,quos
407 1441 433 1469 in
451 1443 610 1470 servitutem
627 1449 720 1472 nostra
736 1453 789 1473 non
807 1449 911 1484 accepit
928 1458 1027 1486 respu-

247 1486 342 1522 blica),
356 1495 386 1514 ea
402 1488 509 1522 quidem
524 1497 584 1523 quae
601 1490 695 1517 dicunt
712 1491 898 1521 demonstrare
915 1497 1026 1528 permit-

1076 254 1132 281 τῶν
1155 255 1246 289 νόμων
1269 256 1317 282 καὶ
1346 255 1400 283 τῶν
1431 256 1551 283 κανόνων
1571 257 1652 283 πλέον
1681 257 1794 284 πάντων
1822 256 1882 292 τὴν

1076 300 1232 335 ἐλευθερίαν
1243 309 1250 316 ·
1266 301 1354 334 ἄλλως
1370 302 1475 328 τεοὲπεὶ
1489 303 1540 329 οὐκ
1556 302 1732 338 ὑπερϐαίνειν
1751 297 1879 338 τίμημα

1076 346 1169 372 δούλου
1193 346 1357 381 οίουδήτινος
1384 347 1449 381 μίαν
1478 347 1645 382 ὑπερπύρων
1667 346 1776 383 λίτραν,
1792 356 1879 374 νενο-

1079 392 1264 427 mammas
1292 393 1338 418 ἐπὶ
1370 394 1433 427 μιᾶς
1458 393 1625 428 ὑπερπύρων
1656 394 1750 428 λίτρας
1771 395 1879 428 ἀρκεῖν

1080 438 1220 474 μάρτυρας
1228 438 1284 470 δύο,
1302 439 1412 470 πάντως
1432 440 1479 465 καὶ
1500 440 1539 470 είς
1557 440 1693 472 ἀπόδειξιν
1709 439 1879 474 ἐλευθερίας

1078 484 1125 510 δύο
1147 485 1297 519 ἀρκέσουσι
1326 485 1463 519 μ’ᾰρτυρες
1494 484 1648 516 ἀκολούθως
1681 485 1720 519 τῷ
1750 485 1876 519 παρόντι

1078 532 1171 558 κανόνι
1202 532 1240 566 τῷ
1268 532 1336 565 ὑπὲρ
1353 533 1402 566 τῆς
1429 531 1584 565 ἐλευθερίας
1599 531 1800 566 ἐκφωνηῡέντι,
1819 532 1871 557 καὶ

1078 578 1183 611 λέγοντι
1198 578 1225 610 ἐξ
1237 578 1342 613 ἀρχῆςτ
1361 578 1422 604 Ἐπὶ
1438 577 1484 604 δύο
1497 578 1513 612 ἢ
1528 578 1612 612 τριῶν
1632 578 1782 613 μαρτύρων
1801 586 1871 603 στα-

1080 624 1192 658 Θήσεται
1210 624 1263 650 πᾶν
1277 624 1363 658 ῥῆμα.
1384 624 1439 650 Καὶ
1457 624 1497 650 ὃτι
1513 623 1542 655 ἐξ
1559 623 1666 655 ἀτονίας
1681 623 1735 650 τῶν
1747 622 1870 650 ἀποδεί-

1080 669 1147 702 ξεων
1159 669 1218 703 οὐχὶ
1234 670 1249 703 ἡ
1263 669 1438 704 ἀδιατίμητος
1455 669 1596 703 ἐλευθερία
1618 670 1717 696 δίδοται
1739 669 1782 704 τῷ
1793 670 1874 695 ἀντι·

1078 716 1156 750 δῖκῳ,
1169 716 1236 742 ἀλλὰ
1260 716 1276 750 ἡ
1292 716 1408 748 δουλεία,
1433 717 1495 751 ἥτις
1524 717 1692 750 ἀποτιμᾶται
1707 717 1745 748 ὡς
1761 716 1875 743 ἄνωθεν

1079 762 1195 797 είρηται,
1213 759 1246 797 ἧς
1262 763 1306 788 καὶ
1331 762 1454 796 δοθείσης
1468 762 1511 789 διὰ
1527 764 1702 798 νομισμάτων
1714 762 1874 798 ἐλευθερω-

1081 807 1194 842 θήσεται
1212 808 1226 833 ὁ
1243 801 1453 842 ἐλευθεροϐοῶν.

1121 853 1268 888 ’Λνάγνωοι
1293 855 1339 881 καὶ
1366 855 1415 888 τὴν
1437 855 1548 889 Νεαρὰν
1561 854 1608 881 τοῦ
1638 854 1772 889 βασιλέως
1784 857 1871 890 κυροῖ.

1084 900 1202 933 Ἀλεξίου
1214 901 1261 928 τοῦ
1279 901 1434 937 Κομνηνοῦ,
1449 902 1497 935 τὴν
1521 902 1704 936 ὲξενεχθεῖσαν
1725 902 1810 937 χάριν
1821 902 1869 928 τοῦ

1079 946 1116 981 μὴ
1152 947 1277 982 δέχεσθαι
1315 947 1568 983 ἀπιπαραστάσεις
1608 947 1779 982 μαρτύρων,
1806 948 1870 974 ὅταν

1079 992 1256 1027 παράγωνται
1282 993 1420 1028 μάρτυρες
1448 993 1522 1027 παρὰ
1544 992 1591 1019 τοῦ
1609 993 1869 1028 ἑλευθεροὸοῶντος.

1078 1039 1125 1065 καὶ
1140 1038 1220 1074 χάριν
1234 1038 1280 1064 τοῦ
1300 1038 1336 1073 μὴ
1354 1038 1475 1073 γίνεσθαι
1491 1038 1650 1072 ἐλευθέρους
1664 1039 1729 1070 τοὺς
1761 1040 1868 1075 ίερολε-

1077 1084 1208 1118 γομένους
1228 1084 1284 1118 (98)
1302 1084 1422 1117 δούλους,
1439 1084 1488 1119 τὴν
1502 1084 1549 1111 καὶ
1565 1085 1628 1111 τάδε
1653 1085 1744 1120 ῥητῶς
1755 1086 1870 1118 διεξιοῦ-

1078 1139 1138 1158 σαν.
1151 1130 1203 1157 Δύο
1215 1130 1302 1157 ταῦτα
1316 1131 1362 1157 ἐπὶ
1372 1131 1420 1162 τὰς
1429 1131 1514 1163 ἀκοὰς
1526 1132 1559 1166 τῇ
1573 1131 1697 1168 βασιλείᾳ
1710 1141 1762 1166 μου
1772 1130 1868 1168 ἦλθεν,

1078 1177 1212 1209 ἁγιώτατε
1228 1177 1355 1208 δέσποτα,
1371 1177 1409 1209 ὥς
1424 1186 1496 1209 τινες
1513 1178 1567 1204 τῶν
1582 1178 1817 1213 προσερχομένων
1832 1179 1869 1214 τῷ

1080 1223 1150 1258 ἁγίῳ
1165 1223 1275 1258 μεγάλῳ
1287 1232 1316 1250 τε
1328 1223 1376 1250 καὶ
1397 1223 1461 1259 θείῳ
1489 1224 1546 1259 ναῷ
1560 1225 1610 1258 τῆς
1636 1224 1683 1251 τοῦ
1696 1225 1765 1251 Θεοῦ
1779 1225 1867 1260 Λόγου

1078 1267 1184 1302 σοφίας.
1196 1269 1235 1299 εἰς
1255 1268 1412 1303 ἐλευθερίαν
1431 1269 1647 1303 ἁναφωνοῦντες,
1670 1270 1716 1296 καὶ
1728 1271 1867 1305 πρόφασιν

1077 1309 1128 1348 τῆς
1143 1309 1300 1349 ἐλευθερίας
1316 1315 1346 1341 τδ
1361 1315 1440 1348 γένος
1453 1315 1612 1350 ποιούμενοι
1628 1315 1706 1351 (φασὶ
1721 1316 1779 1351 γὰρ
1793 1318 1866 1344 ἐλευ-

1077 1359 1164 1395 θέρων
1175 1360 1470 1394 γεγεννῆσθαίγονέων,
1487 1361 1651 1396 Βουλγάρων
1662 1363 1747 1397 τυχδν
1761 1363 1778 1398 ἦ
1787 1372 1866 1390 τινων

1076 1405 1204 1431 τοιούτων
1218 1405 1264 1438 οὓς
1281 1407 1321 1438 εἰς
1332 1406 1454 1434 δουλείαν
1470 1409 1486 1443 ἡ
1499 1408 1560 1434 καθ’
1572 1408 1645 1443 ἡμᾶς
1667 1409 1697 1435 οὐ
1727 1410 1866 1444 παρέλαϐε

1078 1451 1223 1483 πολιτεία),
1237 1453 1277 1484 είς
1300 1453 1436 1486 ἀπόδειξιν
1463 1454 1517 1481 τῶν
1543 1455 1697 1490 λεγομένων
1725 1456 1865 1490 ἀφίενται.

1077 1498 1199 1534 Κάπειδὴ
1219 1499 1436 1534 παραστήσονται
1449 1501 1590 1535 μάρτυρας
1612 1501 1809 1537 ἀδιαόλήτους,
1824 1503 1864 1534 είς

246 1535 355 1560 tuntur.
377 1533 408 1560 Et
430 1538 573 1570 postquam
597 1540 681 1564 testes
702 1539 776 1564 omni
793 1540 952 1574 exceptione
972 1550 1027 1569 ma-

1080 1543 1345 1580 ἀντιπαραστατικὴν
1377 1546 1531 1581 μαρτυρίαν
1552 1547 1577 1573 οἱ
1590 1547 1680 1582 κύριοι
1694 1548 1801 1575 τούτων
1815 1557 1865 1583 χω-

243 1575 329 1610 j0rcs,
344 1582 371 1604 et
381 1577 408 1604 in
423 1586 491 1612 quos
503 1580 575 1606 nulla
587 1580 660 1607 cadit
672 1581 838 1615 criminatio,
852 1585 1024 1621 adduxerim,

248 1621 281 1647 ad
299 1622 367 1648 alios
383 1623 423 1649 eis
440 1627 524 1651 testes
539 1625 718 1659 opponendos
737 1634 832 1654 eorum
848 1628 951 1657 domini
966 1639 1027 1665 pro.

245 1667 369 1699 cedunt;
384 1672 411 1695 et
432 1669 472 1696 sic
489 1677 551 1696 cum
569 1671 598 1703 ii,
613 1671 659 1704 qui
677 1679 836 1708 provocant,
851 1683 904 1703 non
923 1680 1028 1712 possint

247 1713 365 1747 amplius
385 1714 410 1740 in
427 1714 539 1748 judiciis
559 1717 717 1751 persistere,
732 1720 839 1748 servilis
859 1723 1027 1754 conditionis

249 1767 334 1787 onere
354 1768 451 1788 rursus
473 1763 693 1797 opprimuntur:
710 1770 735 1792 et
757 1768 865 1800 quando
887 1771 1027 1799 matrimo-

247 1805 334 1833 niales
360 1805 426 1834 ﬁunt
451 1815 591 1836 servorum
622 1813 836 1840 consuetudines
861 1819 888 1841 et
914 1818 1028 1845 convin-

248 1851 353 1879 ctiones
371 1852 397 1879 in
419 1857 513 1880 nostra
531 1854 680 1887 republica,
700 1864 746 1885 eas
760 1861 850 1886 tamen
872 1868 950 1888 sacra
973 1871 1027 1890 nou

250 1897 430 1931 consequitur
454 1898 629 1932 benedictio,
660 1903 822 1931 caventibus
851 1904 969 1934 dominis
995 1917 1029 1937 ne

250 1943 322 1971 servi
347 1945 418 1972 inter
444 1953 473 1973 se
500 1946 614 1975 invicem
644 1955 705 1975 cum
731 1957 808 1977 sacra
836 1952 1024 1985 benedictione

250 1990 461 2025 conjungantur.
478 1999 513 2020 ne
527 2000 558 2020 ex
579 2001 611 2021 eo
626 1995 659 2021 ad
677 1995 832 2024 libertatem
854 2001 1030 2030 conveniant.

250 2036 351 2063 Eorum
377 2042 467 2065 autem
492 2043 639 2074 utrumque
662 2043 835 2070 convenienti
861 2048 1031 2076 correctione

251 2089 321 2115 opus
337 2082 436 2110 habere
456 2084 580 2118 censuit;
600 2089 628 2112 et
648 2090 790 2120 propterea
812 2088 882 2116 hanc
902 2093 1032 2119 constitu-

250 2128 350 2154 tionem
364 2136 460 2163 magna
472 2137 533 2156 cum
547 2132 674 2159 cautione
689 2137 715 2159 et
727 2133 921 2164 observatione
935 2139 1031 2171 edidit,

250 2182 298 2209 per
320 2183 401 2210 quem
427 2177 554 2203 statuitur
572 2177 606 2204 de
623 2179 666 2206 bis
679 2180 731 2213 .qui
746 2180 780 2206 ad
799 2180 950 2209 libertatem
968 2192 1031 2219 pro-

1080 1587 1157 1625 ροῦσι
1175 1608 1182 1620 ,
1209 1589 1256 1616 καὶ
1286 1589 1372 1621 οὕτως
1397 1590 1451 1616 τῶν
1486 1591 1675 1625 ἐγκαλούντων
1699 1593 1745 1619 διὰ
1774 1594 1866 1625 τέλους

1081 1635 1252 1671 παραμένειν
1293 1637 1350 1667 τοῖς
1365 1637 1368 1641 ¹
1382 1636 1568 1672 δικαστηρίοις
1594 1638 1802 1667 ἀδυνατούντων
1818 1661 1825 1671 ,
1852 1642 1866 1673 ἡ

1079 1681 1190 1716 δουλικὴ
1213 1681 1281 1716 τύχη
1297 1682 1378 1708 πάλιν
1392 1683 1497 1714 τούτοις
1511 1684 1717 1720 ἑπιφορτίζεται
1730 1693 1739 1702 '
1754 1687 1804 1713 καὶ
1825 1688 1867 1714 ὅτι

1080 1728 1196 1762 γαμικαὶ
1210 1727 1311 1755 δούλων
1319 1728 1422 1764 ὁμιλίαι
1434 1737 1463 1756 τε
1475 1730 1522 1756 καὶ
1547 1720 1719 1766 συναρμογιίὶ
1733 1734 1812 1767 παρὰ
1828 1734 1866 1768 τῷ

1080 1774 1142 1801 καθ’
1156 1775 1228 1808 ἡμᾶς
1253 1774 1373 1808 γίνονται
1403 1775 1592 1811 πολιτεύματι,
1617 1777 1647 1803 οὐ
1667 1778 1796 1813 μέντοιγε
1822 1781 1867 1808 καὶ

1083 1819 1218 1855 ίερολογία
1250 1821 1363 1852 ταύταις
1386 1821 1540 1853 ἀκολουθεῖ,
1569 1822 1623 1849 τῶν
1644 1824 1749 1859 κυρίων
1778 1827 1867 1854 αὐτῶν

1081 1865 1287 1900 εὐλαϐουμένων
1316 1865 1376 1900 μεθ’
1392 1867 1542 1902 ίερολογίας
1573 1868 1705 1904 ἀλλήλους
1720 1872 1866 1900 συνάπτειν

1081 1911 1146 1942 τοὺς
1171 1910 1301 1943 δούλους,
1329 1911 1372 1937 ἴνα
1401 1912 1438 1947 μὴ
1462 1912 1531 1947 πρὸς
1557 1913 1715 1949 ἐλευθερίαν
1742 1917 1866 1944 ἐντεῦθεν

1084 1958 1245 1984 συνέλθωσι.
1262 1957 1317 1984 Καὶ
1332 1957 1382 1992 τῆς
1397 1959 1590 1994 προσηκούσης
1601 1960 1682 1995 ἄμφω
1696 1962 1867 1997 διορθώσεως

1082 2003 1184 2038 ἔγνωκε
1202 2004 1266 2030 δεῖν·
1285 2003 1333 2030 καὶ
1347 2003 1391 2031 διὰ
1403 2003 1482 2030 τοῦτο
1496 2005 1526 2031 τὸ
1535 2005 1622 2040 παρὸν
1635 2006 1778 2042 διάταγμα
1803 2018 1864 2036 συν-

1079 2049 1274 2084 πετηρημένως
1290 2049 1406 2081 ἐξέθετο,
1419 2048 1453 2075 δι’
1467 2047 1497 2077 οὗ
1512 2050 1661 2086 διορίζεται
1678 2053 1751 2083 κατά
1762 2055 1817 2081 τῶν
1832 2057 1867 2087 είς

1083 2093 1239 2129 ἐλευθερίαν
1246 2094 1457 2129 ἀναφωνούντων
1470 2094 1580 2128 δούλων,
1597 2096 1868 2135 ἀντιπαραστατικὴν

1086 2140 1238 2175 μαρτυρίαν
1252 2140 1288 2174 μὴ
1303 2141 1424 2175 κρατεῖν.
1455 2141 1522 2175 μηδὲ
1538 2140 1631 2176 χώραν
1646 2142 1715 2174 ὅλως
1732 2143 1809 2178 ἔχειν
1825 2146 1868 2172 αύ-

1085 2185 1134 2221 τὴν
1146 2187 1211 2219 παρ’
1226 2185 1360 2221 οῑῳδήτινι
1376 2185 1533 2221 πολιτικῷῆ
1549 2187 1774 2224 ἐκκλησιαστικῷ
1794 2191 1868 2218 δικα-

249 2220 368 2246 c'lamaut
383 2222 479 2253 servis,
493 2229 527 2248 ne
540 2221 569 2254 ii,
582 2223 628 2257 qui
641 2229 734 2250 contra
750 2225 933 2260 adducuntur,
945 2233 1027 2258 testes

1082 2220 1186 2267 στηρίῳ
1199 2240 1206 2246 ·
1230 2231 1298 2258 ἀλλὰ
1313 2233 1369 2263 τοῖς
1383 2220 1533 2265 ὲγκαλούσιγ
1550 2220 1640 2267 μόνοις
1652 2233 1701 2265 τὰς
1714 2220 1868 2268 ἀποδέξεις

248 2265 302 2291 vim
328 2265 409 2292 ullam
438 2266 561 2294 locumve
587 2264 722 2301 habeant,
743 2269 770 2296 in
795 2279 957 2307 quocunque
982 2282 1030 2302 seu

249 2309 323 2335 civili
342 2318 389 2337 seu
405 2311 598 2340 ecclesiastico
611 2313 734 2347 judicio:
757 2316 803 2343 sed
824 2317 840 2344 ii
858 2318 920 2352 soli,
940 2320 986 2355 qui
1004 2321 1029 2348 in

246 2354 294 2388 jus
311 2359 421 2387 vocant,
441 2356 574 2390 legitimas
588 2359 762 2394 probationes
776 2362 892 2390 aﬂ‘erant
905 2374 912 2398 ;
927 2354 954 2392 et
971 2368 993 2394 si
1011 2368 1029 2394 ii

249 2401 357 2435 quidem
374 2403 489 2431 testibus
504 2403 652 2437 abundent.
669 2407 714 2440 qui
727 2407 790 2440 jure
803 2413 868 2436 sunt
881 2411 1028 2446 recipiendi

249 2455 339 2482 neque
355 2449 491 2476 calumnia
502 2449 618 2483 inducti,
638 2453 748 2480 testium
760 2454 943 2489 jurejurando
956 2458 1032 2493 judi-

250 2495 323 2521 cium
339 2495 483 2530 solvatur;
502 2497 548 2524 sed
563 2505 617 2525 non
632 2499 776 2526 contraria:
793 2501 874 2528 etiam
890 2510 938 2537 per
951 2509 1034 2533 testes

251 2540 425 2574 probationes
439 2549 533 2569 eorum
546 2543 664 2572 dominis
676 2546 878 2580 perutittantur,
894 2556 927 2575 ne
938 2558 1032 2584 magna

251 2585 469 2614 adversariorum
487 2587 659 2623 inatqualitas
681 2590 718 2617 sit
739 2591 916 2620 inferioribus
938 2594 1032 2623 damni

252 2638 345 2659 causa.

1080 2278 1151 2304 κατά
1177 2278 1276 2312 νόμους
1302 2278 1471 2312 ἐπάγεσθαι,
1499 2278 1550 2305 κᾶν
1580 2279 1607 2305 εί
1633 2287 1684 2306 που
1707 2284 1868 2317 μαρτυριῶν

1079 2323 1256 2359 εὐπορήσοιεν
1264 2320 1336 2350 οὗτοι
1347 2323 1438 2358 νόμοις
1450 2324 1552 2351 δεκτῶν
1577 2325 1624 2352 καὶ
1636 2325 1674 2360 μὴ
1703 2335 1869 2363 περιτρεποο

1080 2369 1168 2404 μένων
1176 2369 1324 2401 διαὸολαῖς,
1339 2369 1378 2404 τῷ
1398 2369 1452 2395 τῶν
1478 2370 1623 2405 μαρτύρων
1635 2372 1709 2406 ὅρκῳ
1725 2373 1778 2407 τὴν
1794 2373 1869 2408 δίκην

1078 2415 1202 2442 λύεσθαι·
1221 2415 1288 2442 ἀλλὰ
1304 2415 1340 2451 μὴ
1355 2417 1403 2442 καὶ
1419 2413 1667 2452 ἀπιτξαραστάσεις
1681 2420 1739 2450 τοῖς
1756 2421 1864 2456 κυρίοις

1081 2461 1171 2488 αὐτῶν
1185 2461 1365 2495 ὲγχωρεῖσθαι
1375 2470 1382 2477 ·
1401 2463 1444 2488 ἵνα
1457 2462 1496 2498 μὴ
1511 2463 1540 2489 τὸ
1556 2463 1623 2490 πολὺ
1642 2464 1696 2491 τῶν
1716 2466 1868 2494 ἀντιθέτων

1081 2509 1174 2536 ἄνισον
1202 2506 1304 2542 βλάϐης
1335 2508 1423 2535 αίτιον
1452 2510 1510 2541 τοῖς
1537 2509 1757 2546 ὲλαχιστοτέροις
1789 2513 1870 2549 γενή-

1083 2561 1162 2589 σηται
1167 2574 1174 2581 .

862 2719 959 2763 θυίιι,
974 2721 1144 2761 ~Beveregii
1162 2725 1258 2753 noue:

290 2777 345 2817 {98)
364 2779 446 2817 _To_t‘1¢
464 2781 714 2817 ιερολετομένους.
735 2783 763 2810 1η
788 2784 880 2812 codice
902 2784 1030 2814 Amerba-

254 2812 353 2851 chiauo
364 2814 462 2853 legitur
469 2812 530 2847 τοὺς
540 2812 783 2853 ίςρολογουμξένους.
795 2819 936 2852 Quomodo
947 2812 1028 2849 etiam

257 2849 284 2873 in
297 2849 416 2891 margire
430 2849 463 2877 ad
480 2849 603 2880 eumdem
615 2849 734 2881 codicem
749 2849 845 2889 legitur
861 2856 903 2883 bis
921 2856 1024 2890 verbis,

1089 2788 1172 2825 νεαρᾶ
1188 2788 1224 2825 μῂ
1239 2787 1446 2825 ᾂιλευθεροῦσθαι
1456 2787 1626 2824 διοριζομένη
1639 2789 1703 2821 τοὺς
1717 2790 1872 2825 ίερολογου.

1085 2822 1193 2858 μένους
1203 2822 1323 2855 δούλους.
