1936 3105
107 168 156 200 801

595 167 638 199 ΙΝ
651 169 735 200 CAN.
752 168 883 201 LXXXV
899 167 1002 199 CONC.
1024 169 1064 199 IN
1083 169 1247 205 TRULLO.
1298 167 1300 169 ’

1677 173 1730 206 802

144 231 214 257 Ἀλλ’
230 230 326 266 ὥσπερ
359 230 406 258 ἐπὶ
422 230 479 257 τῶν
506 229 643 265 ὀμστελῶν
656 230 673 265 ή
690 229 738 256 τοῦ
772 239 880 264 μακαριι

978 229 1030 256 Sed
1052 230 1284 264 quemadmodum
1309 230 1336 258 in
1358 230 1403 264 iis,
1427 231 1473 266 qui
1496 230 1568 259 idem
1593 231 1726 259 tributum

107 277 168 306 στοῦ
194 277 279 313 κυροῦ
292 277 435 304 Βασιλείου
448 276 595 311 νομοθεσία
612 277 670 308 τοῖς
683 276 806 307 δυνατοῖς
819 276 891 303 κατὰ

105 324 159 351 τῶν
179 324 305 358 πενήτων
345 322 594 357 ἀντιπαραστάσεις
620 323 672 350 οὐκ
699 321 890 357 ὲξεχώρησενυ

107 369 177 395 οὕτω
207 369 346 396 κάνταῦθα
370 369 427 400 τοῖς
457 369 565 404 κυρίοις
591 369 663 395 κατὰ
700 369 754 396 τῶν
787 368 889 395 δούλων

107 416 309 451 ἁπεσϐεσμένον
321 415 397 442 ἐσται
409 415 440 442 τὸ
452 415 502 450 τῆς
529 416 794 449 ἁντιπαραστάσεως
811 416 887 450 ἰσχυ-

110 462 164 496 ρὸν,
178 462 223 488 καὶ
242 462 309 496 μόνη
339 462 472 497 κρατήσει
494 462 569 497 παρὰ
583 461 687 493 τούτοις
707 462 724 497 ἡ
737 461 808 488 κατά
831 462 887 488 τῶν

110 507 254 542 μαρτύρων
268 507 376 541 διαϐολή
390 515 398 522 ·
422 507 473 541 τῆς
497 508 760 542 ἀντιπαραστάσεως
780 507 889 539 nivem;

109 552 146 587 μὴ
164 552 380 587 ἀποχλειομένης
406 553 461 584 τοῖς
474 553 685 588 ἐγκαλουμένοις
696 553 810 584 δούλοις,
823 553 889 580 ὅταν

107 598 167 629 τοὺς
177 598 315 632 μάρτυρας
334 599 406 624 κατὰ
418 599 472 625 τῶν
487 599 515 624 ὲν
530 599 599 634 νομῇ
626 598 782 633 ἐλευθερίας
800 599 885 626 δντων

104 643 128 668 oi
143 643 210 678 πρὸς
218 643 342 671 δουλείαν
357 644 481 675 ἕλκοντες
495 643 608 676 τούτους
623 645 814 680 παραγάγωσι.
826 645 888 676 Τοῖς

104 689 157 724 γὰρ
171 689 387 725 ἐλαχιστοτέροις
420 690 466 717 καὶ
485 689 638 717 ’ἀσθενέσιν
650 691 666 724 ἡ
691 690 819 725 παροῦσα
832 690 889 716 διὰ-

104 734 182 767 ταξις
212 735 352 770 χαρίζεται
376 735 425 770 τὴν
452 734 547 770 ῥοπὴν,
577 735 634 762 ἀλλ’
660 735 708 770 οὐχ
734 735 804 770 ὑπὲρ
834 735 889 762 τῶν

105 779 224 806 δυνατῶν
243 782 290 807 καὶ
303 781 402 815 μᾶλλον
419 781 606 816 ἰσχυροτέρων
619 781 785 808 ὲκτέθειται.
797 782 887 816 Προσ-

105 825 196 860 τίθησι
206 826 233 853 δὲ
247 827 295 854 καὶ
311 827 360 859 τὰς
389 827 539 862 ἱερολογίας
573 827 610 862 μὴ
629 828 708 862 μόνον
731 828 807 862 παρὰ
831 829 887 859 τοῖς

104 871 266 907 ἐλευθέροις,
297 873 364 899 ἀλλά
392 873 439 900 καὶ
465 873 541 908 παρὰ
567 875 624 904 τοῖς
643 873 747 903 δούλοις
763 874 885 908 κρατεῖν.

102 917 156 943 Καὶ
181 917 270 952 τάμον
288 919 325 953 μὴ
338 918 426 950 ἄλλως
438 918 550 954 έννομόν
563 927 592 945 τε
606 919 654 945 καὶ
672 919 721 953 τῆς
743 919 765 945 Χ
771 927 886 954 ρισιτια-

101 957 180 998 νικῆς
193 964 383 995 καταστάσεως
405 964 479 998 ἄξιον
497 962 565 991 εἷναί
590 973 620 991 τε
646 965 692 992 καὶ
717 965 884 1000 νομίζεσθαι,

101 1009 125 1034 εί
145 1009 182 1044 μὴ
199 1010 245 1036 καὶ
272 1010 406 1044 ἰερολογία
435 1010 517 1041 τοὺςλ
537 1010 758 1044 συναπτομένους
785 1010 885 1039 συνδεῖ.

103 1054 219 1081 ’Δτοπον
234 1055 332 1090 γὰρᾶν
349 1055 403 1089 εἴη,
420 1055 486 1090 μιᾶς
502 1056 530 1082 ὲν
543 1056 611 1082 πᾶσι
624 1056 674 1090 τῆς
689 1056 886 1090 Χριστιανικῆς

101 1097 258 1132 κρατούσης
273 1097 390 1130 πίστεως
405 1099 452 1126 καὶ
469 1098 656 1135 βαπτίσματος
668 1099 884 1135 ὁμολογουμένου

101 1143 172 1175 ἑνὸς,
200 1143 234 1170 δι’
259 1141 289 1171 οὗ
307 1145 487 1181 προσήγμεθα
499 1146 538 1181 τῷ
547 1143 656 1181 Κυρίῳ,
674 1147 784 1180 καὶτῆς
799 1147 885 1182 αὐτῆς

101 1189 239 1224 σωτηρίας
254 1189 436 1226 ἐλπιζομένης
454 1192 538 1218 πᾶσιν
549 1193 616 1226 ἡμῖν
628 1193 684 1224 τοῖς
700 1192 884 1224 πιστεύουσιν,

100 1235 262 1270 ὑποτρέχειν
281 1236 369 1267 ἐνίους
390 1236 529 1269 ὑπόνοιαν,
545 1237 582 1268 ὡς
596 1238 653 1269 τοῖς
682 1237 787 1268 δούλοις
800 1235 882 1273 ἧττον

102 1280 213 1315 μέτεστι
227 1281 274 1308 τοῦ
289 1282 372 1309 καλοῦ
384 1291 391 1299 ’
408 1283 457 1310 καὶ
476 1283 540 1315 τοὺς
556 1283 606 1318 μὲν
631 1283 790 1319 ἐλευθέρους
813 1283 884 1310 κατὰ

100 1326 190 1362 γάμον
214 1328 341 1363 ἀλλήλοις
367 1329 552 1355 συνάπτεσθαι
593 1329 654 1365 Θείᾳ
687 1329 884 1363 συνδουμένους

100 1373 167 1408 εὐχῇ
183 1374 315 1409 πρότερον
328 1383 336 1390 ·
349 1374 413 1406 τοὺς
427 1374 538 1406 δούλους
553 1374 581 1401 δὲ
589 1375 712 1402 τοιούτου
727 1375 884 1402 διαπίπτειν

100 1418 185 1445 καλοῦ
201 1421 248 1446 καὶ
268 1420 307 1456 μὴ
319 1420 545 1456 παραλαμϐάνειν
555 1421 620 1448 Θεὸν
631 1420 676 1447 ἐπ’
699 1421 812 1457 εὐλογίᾳ
831 1421 882 1456 τῆς

102 1465 294 1498 συνελεύσεως,
309 1466 326 1501 ἢ
338 1466 463 1499 δεδιέναι,
479 1467 555 1498 ὠς,εί
572 1467 809 1502 παρελαμϐἀνετο,
826 1468 883 1494 ἁδι-

101 1511 201 1547 κηθείη
219 1512 252 1538 ἂν
266 1513 329 1548 περὶ
335 1513 384 1548 τὴν
397 1512 556 1539 δεσποτείαν
569 1513 583 1540 ὁ
596 1514 698 1540 τούτων
711 1513 816 1549 κύριος,
833 1513 883 1549 τῆς

99 1556 147 1584 ἐπ’
157 1559 247 1590 αὐτοῖς
261 1559 469 1594 στερισκόμενος
489 1559 657 1591 δεσποτείας.
686 1558 765 1586 Οὕτω
787 1559 840 1594 γὰρ
856 1560 881 1586 εί
895 1575 918 1606 C

97 1603 179 1630 τοῦτο
193 1606 308 1639 κρατοίη
321 1604 438 1631 δεδιέναι
447 1605 499 1640 χρὴ
520 1605 569 1631 καὶ
580 1605 610 1631 τὸ
621 1605 699 1639 ἆγιον
727 1604 879 1640 βάπτισμα,

99 1649 138 1684 μὴ
152 1649 244 1677 δοῦλον
268 1651 410 1684 ξενωθεῖεν
435 1651 491 1678 τῶν
518 1651 698 1678 δεσποτειῶν·
733 1651 802 1678 ἀλλὰ
832 1651 880 1678 καὶ

98 1695 183 1731 αὐτὴν
196 1695 244 1732 τὴν
257 1696 311 1723 τῶν
324 1696 466 1732 ἀχράντων
480 1697 640 1732 μυστηρίων
661 1697 823 1732 μετάληψιν,
842 1696 880 1732 μὴ

97 1742 144 1768 καὶ
162 1742 206 1769 διὰ
232 1742 333 1778 ταύτης
359 1743 473 1770 ἐκείνων
486 1743 703 1778 ἁλλοτριωθετεν.
726 1742 879 1770 Κάντεῦθεν

95 1789 129 1814 ἐκ
145 1788 200 1814 τῶν
215 1788 316 1815 δούλων
340 1789 484 1824 οἰκήσεται
506 1789 536 1816 τὸ
553 1789 625 1824 μέγα
654 1789 701 1816 καὶ
728 1789 878 1824 σεϐάσμιον

96 1834 145 1868 τῆς
167 1833 243 1865 θείας
269 1834 388 1865 πίστεως
416 1834 501 1868 ὄνομα
522 1842 530 1849 ·
554 1834 602 1860 καὶ
629 1834 659 1860 οὐ
680 1833 770 1860 δοῦλοι
796 1834 877 1869 μόνον

95 1878 261 1913 ἀνθρώπων,
276 1878 343 1905 ἀλλὰ
357 1879 462 1905 καὶτοῦ
474 1879 699 1914 ἁνθρωποκτόνου
714 1881 873 1914 γενήσονται

95 1923 247 1959 ἄνθρωποι.
263 1924 522 1958 Συγκινδυνεύσουσι
539 1925 565 1951 δὲ
581 1926 626 1951 καὶ
640 1925 665 1951 οἱ
702 1926 790 1960 κύριοι
817 1925 878 1952 τού-

95 1979 151 1997 των
165 1970 239 2005 φόϐῳ
257 1970 305 1996 τοῦ
337 1970 375 2006 μὴ
399 1970 538 1997 διαπεσεῖν
551 1971 702 2006 ὑπηρεσίας
714 1971 877 2006 ἀνθρώπων,

95 2016 147 2051 τῆς
174 2015 222 2042 τοῦ
234 2016 303 2043 Θεοῦ
315 2016 395 2051 δόξης
425 2015 573 2050 ἀποξενοῦν
604 2017 720 2048 ἑαυτοὺς
747 2017 878 2052 ἀνεχόμε-

94 2070 136 2088 νοι
154 2061 220 2094 (99).
243 2062 312 2089 Ἀλλ’
327 2061 389 2088 οὔτε
406 2061 485 2088 τοῦτο
515 2061 594 2095 λόγον
620 2062 676 2096 ἔχει
692 2062 809 2094 δίκαιον,
830 2062 878 2089 καὶ

93 2108 144 2143 τὴν
157 2107 309 2143 ἱερολογίαν
325 2107 356 2140 ἐξ
368 2108 492 2143 ἀνάγκης
506 2108 552 2134 καὶ
564 2107 610 2134 ἐπὶ
625 2107 680 2133 τῶν
694 2107 796 2134 δούλων
810 2116 878 2140 κραο

93 2155 154 2180 τετν
182 2153 290 2188 εὔλογον
314 2155 361 2180 καὶ
389 2153 585 2189 Χριστιανικῆς
605 2152 716 2185 ἐπάξιον
746 2154 878 2180 καταστά-

95 2207 176 2231 σεως.

941 276 1062 306 solvunt,
1085 276 1127 303 lex
1152 277 1302 304 beatissimi
1327 277 1428 303 domini
1451 277 1543 304 Basilii
1570 278 1729 312 potentibus

940 321 1072 348 adversus
1085 329 1218 356 pauperes
1228 323 1382 350 contrarias
1395 323 1569 357 probationes
1583 331 1631 358 per
1641 327 1727 350 to-stes
1766 335 1770 336 ν

941 375 995 394 non
1014 369 1138 402 permisit
1155 364 1219 395 {sic
1241 373 1269 396 et
1287 369 1330 396 bic
1345 369 1465 396 dominis
1483 370 1616 396 adversus
1634 377 1729 397 servos

941 414 983 441 vis
999 415 1143 441 contraria:
1159 422 1206 448 per
1225 420 1309 442 testes
1323 415 1499 449 probationis
1513 416 1648 442 exstincta
1663 417 1728 447 erit,

939 465 964 486 et
978 460 1036 486 sola
1052 459 1121 494 apud
1135 467 1182 486 eos
1200 460 1300 486 valebit
1315 460 1449 486 adversus
1462 459 1537 493 ipsos
1553 465 1636 487 testes
1653 460 1728 488 inlata

939 505 1096 532 criminatio
1110 514 1117 537 ;
1134 507 1272 532 contraria
1291 514 1344 532 nou
1368 506 1481 532 omnino
1501 513 1549 539 per
1564 510 1649 534 testes
1665 514 1729 541 pro-

941 551 1051 578 batione
1075 551 1196 582 exclusa,
1212 551 1323 585 quando
1345 551 1372 582 ii.
1392 552 1437 586 qui
1456 553 1573 578 trahunt
1595 552 1622 579 in
1641 553 1729 579 servi-

941 601 1042 630 tutem,
1060 598 1189 625 adversus
1206 599 1278 630 illos,
1300 598 1345 633 qui
1366 598 1428 633 jure
1449 603 1513 626 sunt
1533 599 1622 630 liberi,
1640 600 1728 626 servis

939 641 967 668 iu
992 642 1039 676 jus
1065 643 1292 679 vocatis‘testes.
1313 643 1515 677 produxerim.
1546 643 1727 671 lnierioribus

939 690 1012 716 enim
1026 695 1053 715 et
1070 688 1214 715 imbecillis
1229 697 1351 723 praesens
1367 690 1530 716 constitutio
1545 690 1725 725 gratiﬁcatur,

938 737 964 760 et
982 733 1054 767 quod
1076 741 1124 760 eos
1142 733 1220 768 juvet
1238 734 1433 760 subministrat
1458 742 1465 760 :
1487 742 1540 761 non
1563 739 1654 761 autem
1677 743 1727 770 pro

946 778 1098 812 majoribus
1124 784 1150 805 et
1172 778 1372 813 potentioribus
1394 779 1496 806 editur.
1513 779 1616 812 Adjicit
1634 785 1726 807 autem

938 829 965 852 et
980 832 1074 852 sacras
1089 825 1307 856 benedictiones,
1329 832 1384 852 non
1406 825 1494 852 solum
1517 826 1589 860 apud
1614 826 1725 860 liberos,

939 870 987 898 sed
1002 871 1083 898 etiam
1098 872 1169 905 apud
1183 878 1279 898 servos
1291 871 1391 898 valere.
1408 870 1440 898 Et
1456 872 1565 906 nuptias
1581 880 1635 899 non
1654 873 1723 900 alias

939 918 1075 952 legitimas
1089 923 1117 945 et
1140 917 1297 945 Christiana
1317 918 1492 945 institutione
1509 919 1608 953 dignas
1621 926 1682 946 esse
1697 923 1725 946 et

935 964 1102 994 exnstimari.
1121 963 1174 990 nisi
1194 963 1278 990 etiam
1298 964 1451 991 benedictio
1466 972 1525 996 eos,
1542 964 1588 998 qui
1606 964 1724 999 conjun-

935 1015 1047 1045 guntnr.
1063 1009 1184 1044 colliget.
1205 1009 1360 1036 Absurdum
1378 1011 1451 1037 enim
1476 1015 1561 1044 esset,
1582 1019 1644 1038 cum
1668 1019 1722 1039 una

936 1056 963 1083 in
984 1056 1112 1083 omnibus
1125 1055 1281 1082 Christiana
1299 1056 1367 1083 lldes
1387 1057 1488 1088 valeat,
1504 1063 1531 1083 et
1548 1065 1620 1084 unus
1638 1058 1675 1084 sit
1694 1058 1722 1085 in

934 1102 1062 1129 confesso
1087 1102 1251 1137 baptismus,
1278 1109 1326 1136 per
1349 1109 1429 1136 quem
1449 1102 1482 1129 ad
1510 1102 1656 1130 Dominum
1673 1103 1723 1130 de-

935 1148 1010 1176 ducti
1027 1156 1134 1181 sumus,
1150 1153 1177 1175 et
1193 1148 1288 1175 eadem
1305 1147 1381 1176 salus
1398 1155 1413 1175 a
1431 1148 1511 1176 nobis
1527 1149 1655 1176 omnibus
1674 1149 1722 1184 qui

935 1195 1077 1223 credimus
1095 1199 1232 1229 speretur,
1252 1195 1392 1222 nonnullis
1416 1195 1486 1221 hanc
1510 1195 1634 1222 obortam
1661 1203 1721 1222 esse

934 1241 1130 1275 suspicionem,
1142 1240 1215 1275 quod
1226 1241 1297 1268 servi
1310 1240 1366 1268 siut
1376 1240 1439 1267 boni
1453 1241 1542 1268 minus
1553 1241 1717 1276 participes;

933 1291 961 1314 et
973 1286 1051 1314 liberi
1064 1286 1174 1320 quidem
1188 1285 1365 1313 matrimonio
1378 1286 1492 1314 invicem
1505 1287 1720 1322 coniungantur,

934 1333 1009 1368 prius
1024 1332 1150 1359 oratione
1170 1332 1289 1367 colligati
1309 1341 1315 1359 :
1332 1333 1403 1360 servi
1422 1338 1513 1360 autem
1536 1342 1551 1361 a
1577 1335 1623 1361 tali
1648 1335 1722 1362 bono

932 1379 1068 1408 excidant.
1093 1380 1120 1404 et
1147 1377 1230 1404 Deum
1258 1385 1311 1404 non
1336 1382 1478 1407 assumant
1502 1379 1529 1406 in
1556 1387 1722 1414 congressus

932 1423 1132 1456 benedictione,
1155 1423 1196 1450 vel
1214 1427 1349 1454 metuant.
1364 1423 1436 1458 quod
1463 1425 1486 1452 si
1504 1426 1720 1459 assumpseriut,

932 1478 1026 1498 eorum
1042 1470 1170 1497 dominus
1185 1470 1211 1496 in
1229 1469 1352 1497 dominio
1367 1470 1468 1505 injuria
1486 1470 1649 1503 aﬂicer‘etur,
1662 1471 1721 1498 illo-

934 1523 994 1543 rum
1015 1515 1135 1543 dominio
1153 1516 1286 1550 privatus.
1311 1515 1339 1542 Si
1367 1515 1418 1542 hoc
1443 1520 1533 1543 autem
1558 1516 1647 1543 lorum
1671 1517 1720 1543 ba-

932 1561 1034 1592 buerit.
1046 1565 1172 1589 sanctum
1186 1569 1295 1596 quoque
1308 1561 1473 1596 baptismum
1486 1563 1582 1589 timere
1596 1567 1716 1596 oportet,

933 1615 967 1635 ne
983 1607 1055 1635 servi
1072 1607 1223 1634 dominium
1237 1607 1289 1634 sibi
1309 1607 1453 1634 vendicent
1472 1616 1479 1634 :
1497 1607 1544 1635 scd
1561 1608 1643 1635 etiam
1666 1608 1715 1635 im.

933 1653 1130 1681 maculatorum
1154 1653 1345 1688 mysteriorqu
1368 1653 1593 1687 assumptionem.
1616 1662 1648 1681 ne
1670 1662 1718 1689 per

931 1706 991 1727 eam
1008 1699 1041 1726 ab
1054 1699 1109 1726 illis
1120 1705 1231 1733 quoque
1243 1698 1408 1731 alieneutur.
1421 1697 1480 1731 Quo
1493 1698 1538 1726 ﬁet
1550 1703 1578 1725 ut
1592 1699 1618 1725 in
1631 1700 1717 1726 servis

930 1744 1046 1771 intereat
1059 1750 1186 1777 magnum
1197 1747 1224 1769 et
1237 1741 1394 1771 venerabile
1408 1742 1508 1770 divina:
1520 1742 1581 1769 ﬁdei
1595 1750 1692 1770 nomen
1708 1750 1716 1770 :

929 1792 956 1815 et
980 1795 1034 1814 non
1059 1787 1148 1814 solum
1174 1782 1243 1814 servi
1263 1786 1414 1819 hominum,
1441 1786 1489 1813 scd
1515 1787 1596 1814 etiam
1613 1787 1715 1813 diaboli

929 1830 1085 1862 homicidte,
1102 1829 1167 1857 ﬁent
1184 1829 1318 1857 homines.
1338 1829 1439 1857 Eorum
1458 1834 1547 1856 autem
1567 1830 1668 1856 domini
1688 1831 1714 1857 in

929 1876 1079 1910 periculum
1095 1882 1205 1909 quoque
1224 1875 1345 1906 venient.
1368 1882 1412 1906 ne,
1427 1876 1489 1902 dum
1507 1875 1646 1902 hominum
1662 1876 1715 1902 mi-

929 1921 1044 1948 nisterio
1072 1921 1172 1955 privari
1201 1921 1359 1951 formidant.
1387 1928 1401 1947 ιι
1427 1921 1473 1948 Dei
1499 1921 1583 1955 gloria
1608 1922 1714 1956 seipsos

928 1966 1083 1994 abalienare
1104 1966 1268 1997 sustineant,
1295 1966 1342 1992 sed
1362 1973 1453 2000 neque
1478 1967 1528 1993 boc
1544 1970 1588 1994 est
1609 1967 1710 1994 rationi

928 2016 1154 2044 consentaneum,
1167 2015 1194 2038 et
1216 2019 1322 2038 sacram
1340 2011 1559 2039 benedictionem
1582 2012 1608 2038 in
1624 2013 1713 2039 servis

929 2066 1037 2094 quoquo
1051 2058 1140 2085 valere
1162 2065 1282 2093 aequum,
1305 2061 1334 2085 et
1357 2057 1514 2085 Christiana
1539 2057 1713 2095 institutione

928 2105 1039 2142 dignum
1056 2108 1109 2133 est.

133 2245 213 2272 Ἀλλὰ
233 2245 286 2280 γὰρ
296 2246 325 2272 έν
340 2245 495 2281 ἀνθρώποις
505 2243 575 2273 οἶδεν
585 2245 602 2281 ἠ
613 2245 682 2280 τύχη
713 2245 873 2273 δεσποτείαν

959 2245 1202 2274 Verumenimvero
1225 2245 1333 2272 fortuna
1360 2245 1434 2273 novit
1450 2246 1476 2273 in
1493 2245 1651 2273 hominibus
1666 2245 1709 2272 di-

93 2291 142 2318 καὶ
156 2291 277 2318 δουλείαν
298 2291 427 2327 διάφορα.
440 2292 489 2318 καὶ
511 2292 585 2326 ἆτιερ
601 2293 617 2327 ἡ
631 2291 691 2318 καθ’
714 2291 788 2327 ἡμᾶς
799 2291 875 2318 πολι-

92 2337 154 2364 τεία
165 2337 303 2372 παρέλαϐε
315 2337 400 2364 ταῦτα
414 2337 460 2364 καὶ
474 2338 520 2364 ἐπὶ
535 2337 638 2364 τούτων
649 2337 737 2372 χρεὼν
746 2338 869 2372 κρατεῖν.

95 2382 142 2415 Εἷς
157 2384 185 2411 δὲ
200 2383 302 2419 Κύριος
329 2384 448 2416 πάντων,
475 2384 524 2418 μία
546 2385 650 2417 πίστις,
666 2385 696 2410 ἓν
720 2384 874 2420 βάπτισμα,

94 2430 143 2455 καὶ
154 2429 260 2456 δουλεία
270 2429 316 2456 xal.
325 2429 468 2456 δεσποτεία
478 2430 526 2456 δσα
539 2438 570 2464 γε
580 2431 650 2457 κατὰ
662 2431 754 2457 πίστιν
760 2430 876 2465 διάφορα

93 2474 124 2500 οὺ
140 2473 321 2509 γινώσκομεν,
336 2474 378 2500 ὃτι
392 2475 438 2500 καὶ
451 2474 551 2505 πάντες
560 2474 658 2508 ἐπίσης
683 2474 773 2501 δοῦλοί
787 2475 872 2509 ἐσμεν

93 2519 133 2553 τῷ
147 2520 178 2545 ἐκ
190 2519 310 2551 δουλείας
337 2519 507 2555 λυτρώσαντι.
541 2520 615 2555 ἡμᾶς
626 2520 665 2555 τῷ
674 2520 704 2552 ἐξ
713 2520 795 2547 αὑτοῦ
809 2519 874 2555 θείῳ

93 2566 141 2592 καὶ
158 2565 283 2600 ζωοποιῷ
314 2565 422 2600 αἵματι.
443 2565 499 2592 Καὶ
526 2566 587 2593 ἐπεὶ
602 2566 687 2593 ταῦτα
707 2566 798 2598 καλῶς
812 2566 873 2593 τού-

91 2618 150 2642 τοις
165 2611 214 2637 καὶ
241 2611 388 2642 λυσιτελῶς
411 2611 599 2642 διατέτακται,
625 2611 666 2638 δεῖ
682 2611 733 2645 τὴν
746 2611 871 2646 μεγάλην

93 2657 250 2692 ἁγιωσύνην
268 2665 314 2684 σου
329 2657 396 2692 δῆλα
421 2656 506 2683 ταῦτα
525 2656 618 2684 θέσθαι
631 2656 791 2692 ἁπανταχοῦ
816 2657 872 2684 τῶν

129 2736 152 2751 ³⁵
173 2735 272 2770 Eplies.
285 2742 321 2767 tv,
330 2735 357 2762 5.

925 2300 1006 2321 versa
1017 2299 1078 2320 esse
1093 2291 1246 2319 dominium
1267 2295 1293 2318 et
1308 2292 1479 2324 servitutem,
1493 2295 1519 2318 et
1538 2299 1597 2326 qua:
1617 2297 1711 2319 nostra

927 2342 1032 2372 accepit
1046 2337 1211 2372 respublica,
1231 2344 1261 2364 ea
1276 2337 1302 2364 in
1319 2337 1353 2363 iis
1367 2345 1475 2372 quoque
1488 2337 1578 2364 valere
1590 2341 1708 2372 oportet.

925 2382 1003 2410 Unus
1023 2387 1113 2409 autem
1140 2382 1271 2408 Dominus
1295 2383 1430 2414 omnium,
1454 2390 1507 2409 una
1529 2383 1605 2415 ﬁdes,
1624 2390 1709 2410 unum

925 2429 1061 2463 baptisma
1078 2427 1103 2444 "
1120 2436 1128 2455 :
1143 2427 1224 2464 257
1239 2434 1267 2454 et
1280 2428 1352 2462 quod
1367 2428 1400 2454 ad
1421 2429 1500 2455 ﬁdem
1515 2427 1624 2462 quidem
1643 2428 1710 2455 atti-

926 2473 984 2506 net:
1001 2473 1116 2501 dominii
1131 2479 1159 2501 et
1175 2474 1316 2502 servitutis
1335 2474 1517 2502 diﬂ'ereutiutn
1537 2482 1591 2501 non
1608 2481 1710 2509 cogno-

924 2520 1044 2553 scimus;
1057 2519 1188 2554 quoniam
1202 2526 1296 2546 omnes
1310 2526 1405 2546 sumus
1417 2527 1449 2546 ex
1462 2527 1540 2553 aequo
1550 2513 1624 2546 servi
1635 2519 1706 2552 ejus,

922 2565 969 2600 qui
984 2572 1034 2591 nos
1047 2572 1080 2591 ex
1096 2564 1227 2591 servitute
1240 2562 1332 2590 divino
1344 2570 1395 2591 suo
1407 2567 1434 2590 et
1451 2562 1559 2590 viviﬁco
1572 2561 1705 2596 sanguine

922 2610 1046 2638 redemit.
1065 2609 1098 2636 Et
1108 2610 1240 2645 quoniam
1257 2609 1315 2636 haec
1332 2615 1405 2636 recte
1420 2609 1464 2636 his
1477 2613 1505 2636 et
1521 2607 1622 2635 utiliter
1638 2614 1706 2633 con-

921 2658 1017 2685 stituta
1045 2659 1121 2690 sunt,
1144 2659 1255 2691 oportet
1281 2662 1406 2690 magnam
1431 2659 1506 2682 tuam
1530 2653 1704 2682 sanctitatem

698 2777 795 2810 Guill.
815 2778 981 2818 Beveregii
994 2784 1090 2816 notae.

129 2833 184 2869 (99)
201 2833 340 2866 Ἑαυτοὺς
351 2832 533 2869 ἀνεχόμενοι.
547 2831 577 2858 In
590 2830 707 2858 editione
719 2830 866 2869 Parisie_nsi

92 2867 188 2896 lacuna
205 2869 256 2896 hoc
273 2869 332 2896 I0co
349 2868 520 2904 relinquitur.
536 2873 618 2902 quam
633 2874 683 2895 nos
698 2874 730 2894 ex
748 2874 798 2894 ms.
819 2867 868 2894 Bo-

920 2831 1028 2895 dleian?
1043 2834 1083 2860 sic
1097 2834 1299 2870 suppicvuuus;
1314 2833 1358 2861 cui
1371 2831 1451 2860 etiam
1467 2832 1702 2863 Amerbachianus

921 2874 950 2895 IIS
965 2875 1008 2895 mu
1025 2874 1095 2895 allll'.

921 2874 1008 2902 astipu
1014 2874 1095 2895 lallll'.
