1936 3105
256 135 309 166 ἏΟΒ

884 133 935 163 ΤΗ
942 133 1024 163 EOD.
1047 131 1246 162 BALSAMON

1831 130 1892 161 $04

256 194 313 219 hac
325 190 415 217 omnia
424 190 453 218 in
465 189 593 216 omnibus
604 188 730 216 ecclesiis
741 188 886 217 manifesta
900 188 1013 216 reddere
1028 196 1035 214 :

1091 187 1174 222 ἁγίων
1185 186 1350 222 ἐκκλησιῶν,
1377 187 1416 218 ὡς
1433 187 1466 214 ἂν
1480 187 1505 214 οἱ
1527 186 1557 214 ὲν
1573 187 1669 219 αὐταῖς
1697 185 1891 222 προεστῶτες

257 241 286 263 ιιι
301 235 346 269 qui
365 235 403 262 eis
418 238 548 268 pru‘suut,
566 241 597 260 ea
612 241 673 267 qua:
687 233 720 260 ad
735 233 886 260 libcrtatem
903 234 1037 264 pertinent

255 285 297 310 sic
323 282 511 310 exaruinautes
539 280 692 307 contrarias
723 282 832 307 testium
859 279 1035 314 probationes

255 330 387 356 adversus
400 335 495 355 servus
511 326 630 354 dominis
649 335 703 353 non
716 325 886 360 permittant,
907 330 934 351 et
949 325 1038 351 omni-

257 375 309 401 bus
333 375 359 400 in
381 374 439 400 suis
462 371 611 407 provinciis
630 372 803 398 manifestum
819 371 945 403 alliciant,
963 370 1036 405 quod

255 420 302 454 qui
327 427 380 446 non
398 426 460 445 cum
487 425 565 445 sacra
591 418 780 445 benedictione
802 425 895 445 servos
921 417 1036 444 invicem

254 465 435 498 coniungunt,
460 472 514 491 non
538 463 592 491 Deo
616 468 724 498 gratum
740 463 811 490 inter
831 454 879 490 eos
893 463 1038 490 matrimo-

255 512 331 538 nium
348 511 520 538 constltuunt
535 518 543 536 :
560 509 606 536 sed
628 509 837 536 fornicatorium
852 508 953 535 coitum
970 516 1036 536 con-

257 558 376 585 tirmant.
393 556 468 590 Quos
491 556 564 584 enim
583 563 636 582 non
654 555 798 590 coniungit
816 554 887 582 Deus
910 562 959 590 per
974 562 1037 582 san-

255 609 326 630 ctam
356 602 574 630 benedictionem
605 605 782 636 assumptus,
812 600 841 627 bi
875 607 971 629 omnes
1003 601 1036 628 ad

255 654 366 684 peccata
377 649 557 676 conveniunt.
579 647 611 674 Et
631 646 718 674 sicubi
736 646 787 674 hoc
802 646 837 674 ab
855 646 957 681 aliquo,
974 647 1038 681 qui-

254 704 362 730 cunque
389 698 411 723 is
436 695 482 727 sit,
507 695 606 722 abhinc
622 694 722 722 factum
741 695 926 721 renuntiatum
944 693 1036 726 fuerit,

255 743 342 769 sciant
358 741 472 772 domini,
490 741 561 775 quod
587 747 639 766 non
664 740 754 767 solum
779 740 826 766 ira:
841 738 940 765 divinae
953 742 1036 765 erunt

256 788 379 817 obnoxii,
401 786 447 814 sed
469 793 483 813 a
503 786 590 819 servjs
607 791 716 820 quoque
735 784 975 816 abalienabuntur,
996 784 1036 811 eis

256 834 382 860 abductis
398 833 425 859 in
440 833 605 860 libertatem.
621 832 690 859 Cum
704 831 744 859 eis
756 831 827 858 enim
845 831 927 859 licent
942 838 1036 859 servos

256 879 394 914 suosjurc
415 880 441 906 in
464 879 518 906 Deo
537 880 655 906 invicem
673 879 849 913 conjungere.
861 882 889 904 et
903 879 1036 913 integrum

255 927 283 954 in
303 927 345 953 eis
368 926 469 955 habere
492 926 656 957 dominium,
674 925 727 952 nisi
753 925 803 952 hoc
827 924 953 954 fecerint;
976 924 1038 958 jure

254 971 367 999 omnino
379 971 413 998 ab
424 978 518 998 eorum
533 970 654 997 dominio
664 970 800 998 excident.
813 969 937 997 Pmsens
948 972 1037 997 autem

254 1018 416 1045 constitutio
431 1024 485 1044 non
502 1017 591 1044 solum
609 1017 690 1044 debet
705 1017 733 1044 in
755 1017 880 1044 ecclesiis
899 1023 960 1051 quae
974 1016 1038 1043 ubi-

254 1073 308 1100 que
321 1070 385 1091 sunt
401 1063 580 1098 promulgari,
599 1063 645 1091 sed
662 1063 689 1090 in
706 1062 836 1090 omnibus
849 1063 932 1089 etiam
949 1062 1038 1089 civili-

254 1111 307 1137 bus
320 1110 433 1144 iudiciis
453 1109 548 1144 deponi
567 1117 576 1136 :
591 1109 661 1136 tradi
678 1113 769 1136 autem
788 1108 870 1136 etiam
889 1108 933 1140 iis,
950 1108 994 1142 qui
1010 1108 1037 1135 in

257 1156 407 1190 provinciis
424 1155 599 1189 magistratus
621 1159 731 1190 gerunt,
747 1159 776 1182 ut
793 1162 854 1189 qua:
868 1154 902 1181 ab
917 1154 1038 1188 impera-

254 1202 325 1229 toria
342 1206 434 1228 nostra
457 1201 622 1228 auctoritate
639 1201 710 1228 bene
730 1201 928 1232 decernuntur,
950 1200 1039 1227 omni-

257 1248 308 1274 lms
319 1248 503 1274 innotescunt.
517 1246 653 1279 Quoniam
669 1251 758 1273 autem
773 1247 800 1273 in
812 1247 939 1281 personis
951 1247 1038 1274 servi-

254 1293 306 1320 lem
322 1292 460 1319 fortunam
478 1292 645 1320 habentibus
659 1293 760 1327 nuptiae
774 1294 851 1327 prius
868 1293 945 1320 facta:
963 1296 1038 1325 sunt,

255 1341 281 1364 ct
297 1338 398 1372 nuptim
413 1333 615 1364 convenienter'
630 1336 741 1372 iniquae,
761 1344 822 1372 qua
841 1337 983 1372 hucusque
999 1337 1040 1364 in-

255 1383 350 1416 valuit,
376 1384 566 1411 consuetudini
590 1388 806 1418 processerunt,
824 1387 933 1418 oportet
954 1383 981 1410 in
1004 1382 1040 1410 iis

254 1437 364 1465 queque
386 1438 491 1458 sacrant
515 1430 735 1458 benedictionem
761 1429 830 1461 ﬁeri,
854 1435 885 1457 ut
904 1437 952 1464 per
966 1436 1039 1462 eam,

254 1477 335 1504 etiam
353 1477 375 1504 si
393 1477 470 1504 tarde
483 1477 539 1508 ﬁat,
557 1477 583 1504 id
600 1477 673 1511 quod
693 1480 734 1504 est
746 1476 891 1504 colendum
905 1483 938 1503 ac
952 1483 1038 1503 vene-

255 1522 372 1549 randum
389 1522 518 1554 habeant,
535 1522 726 1557 superioribus
741 1529 853 1558 quoque
868 1521 1038 1549 observatio-
1050 1535 1076 1568 ο

255 1569 337 1595 uibus
349 1568 432 1595 etiam
448 1568 475 1595 in
489 1568 565 1595 hisce
580 1568 684 1603 nuptiis
701 1568 793 1596 valere
809 1568 984 1596 debentibus.

290 1613 418 1641 ZONAR.
448 1613 515 1640 Rem
545 1614 763 1641 inaestimabilem
790 1621 850 1642 esse
874 1613 1037 1646 libertatem,

255 1661 307 1687 boc
322 1665 374 1693 est,
399 1660 569 1695 impossibile
591 1668 661 1693 esse,
677 1665 709 1687 ut
731 1661 892 1693 aestimetur,
916 1660 959 1687 vel
978 1666 1040 1694 pre-

255 1707 321 1734 tium
339 1707 400 1740 ejus
416 1707 610 1737 constituatur,
624 1707 697 1742 leges
716 1707 808 1735 civiles
819 1706 928 1734 docent.
942 1707 1037 1742 Igitur,

261 1752 368 1786 quoties
383 1752 416 1779 de
440 1752 574 1784 libertate,
587 1753 686 1787 quippe
707 1753 739 1780 de
755 1760 809 1779 non
827 1753 893 1780 levis
909 1753 1039 1781 momenti

255 1806 284 1825 re
304 1796 490 1825 testimonium
508 1798 574 1825 ferri
593 1802 745 1832 oporteret,
771 1799 1040 1833 quorumgintererat

255 1843 431 1878 probationes
459 1841 577 1874 afferre,
602 1831 721 1876 quinque
744 1831 850 1870 scilicet
875 1831 922 1869 οῗιι
946 1843 1039 1878 plures

254 1888 335 1915 etiam
355 1888 437 1922 (quod
453 1888 566 1915 totidem
582 1887 610 1914 in
627 1887 689 1914 aliis
704 1895 813 1922 quoque
830 1887 1038 1923 disceptationi-

255 1933 307 1961 bus
327 1932 386 1960 dari
404 1931 628 1965 consuevissent)
651 1935 737 1959 testes
753 1932 881 1960 exhibere
907 1933 1041 1968 cogeban-

254 1983 309 2005 tur.
332 1978 390 2011 Qua
401 1977 511 2012 quidem
527 1977 726 2006 consuetudine
745 1978 790 2005 hic
805 1978 931 2005 damnata
950 1985 1039 2006 canon

254 2025 312 2059 (qui
330 2025 460 2051 nimirum
478 2024 597 2052 libertati
619 2023 718 2059 faveat)
744 2024 827 2051 triqu
842 2032 950 2059 quoque
964 2024 1040 2053 testi—

255 2070 378 2096 monium
393 2069 460 2097 satis
476 2077 537 2097 esse
550 2069 695 2103 decernit;
711 2075 738 2097 et
751 2070 922 2098 stabilienda:
938 2070 1042 2098 consti-

255 2115 353 2142 tutioni
366 2123 401 2143 ex
414 2115 501 2143 sacris
517 2116 627 2143 Litteris
644 2116 688 2143 illa
703 2117 816 2151 profert,
829 2117 857 2144 lu
873 2124 920 2144 ore
937 2117 1042 2148 scilicet

1091 234 1163 261 οὕτω
1177 243 1207 261 τι
1234 235 1269 261 τὰ
1300 234 1365 269 περὶ
1398 234 1454 261 τῶν
1484 233 1646 270 ἐλευθεριῶν
1674 234 1889 269 δοκιμάζωσιν.

1087 281 1357 316 ἀντιπαραστατικὴν
1373 281 1527 316 μαρτυρίαν
1538 280 1610 307 κατὰ
1628 280 1684 307 τῶν
1700 280 1810 307 δούλων
1825 282 1889 312 τοῖς

1087 328 1230 359 δεσπὴςαις
1254 328 1292 363 μὴ
1309 327 1527 363 συγχωροῦντες,
1557 327 1603 353 καὶ
1618 327 1685 354 πᾶσι
1706 327 1818 354 θῶνται
1834 335 1889 353 κα-

1087 373 1205 408 ταφανὲς
1220 375 1249 400 ἐν
1266 374 1326 404 ταῖς
1338 373 1383 399 ὑπ’
1399 373 1490 400 αὐτῶν
1509 373 1637 408 ὲνορίαις,
1656 373 1694 405 ὡς
1711 374 1735 400 οἱ
1754 373 1794 408 μὴ
1815 373 1889 407 μεθ’

1095 420 1252 457 ἱερουργίας
1266 419 1391 455 ἀλλήλοις
1406 420 1588 452 συνάπτοντες
1604 421 1668 450 τοῦς
1682 419 1801 451 δούλους
1820 419 1888 453 οὐχὶ

1088 466 1200 501 θεοφιλῆ
1223 466 1313 501 γάμον
1329 465 1491 493 συνιστῶσιν
1508 466 1537 492 ἐν
1554 465 1647 497 αὐτοῖς
1660 473 1668 481 ·
1699 465 1761 492 ἀλλ’
1777 466 1886 500 exmp-

1085 512 1218 540 νεύουσαν
1237 511 1311 547 μίξιν
1325 510 1516 547 κρατύνουσιν.
1531 511 1585 542 οὓς
1603 511 1658 546 γὰρ
1685 511 1723 546 μὴ
1739 511 1886 538 συνάπτει

1086 558 1154 590 Θεὸς
1169 558 1203 585 δι’
1217 552 1366 593 ίερολογίας
1381 557 1674 594 παραλαμϐανόμενος,
1684 555 1760 585 οὗτοι
1774 558 1886 588 πάντες

1086 606 1126 636 εἰς
1141 604 1277 640 ἁμαρτίας
1293 604 1479 640 συνέρχονται.
1512 604 1566 630 Καὶ
1579 605 1605 631 ετ
1623 611 1675 630 που
1699 605 1885 639 προσαγγελι

1086 651 1145 686 θείη
1157 650 1235 677 τοῦτο
1250 650 1314 686 παρ’
1323 650 1488 686 οίουδήτινος
1502 649 1589 682 οὕτως
1609 650 1664 677 άπὸ
1675 650 1753 677 τοῦδε
1765 651 1885 685 γινόμε-

1085 705 1140 728 νον,
1156 697 1274 723 ἴστωσαν
1283 696 1319 728 ὡς
1334 697 1363 722 οὐ
1373 696 1452 731 μόνον
1464 696 1528 731 θείῳ
1559 697 1701 731 μηνύματι
1730 698 1882 731 καταστή-

1087 743 1425 778 σοπαιένοχοιάλλὰκαὶ
1451 743 1505 769 τῶν
1519 742 1620 770 δούλων
1642 743 1883 778 ἀλλοτριωθὴσον-

1087 798 1144 820 ται.
1157 790 1198 820 εἰς
1210 788 1368 824 ἐλευθερίαν
1385 788 1595 824 ἁρπαζομένων.
1617 787 1692 821 Ἐξὸν
1708 789 1768 824 γὰρ
1786 790 1882 820 αὐτὼ

1087 835 1158 862 κατὰ
1171 834 1269 869 νόμους
1291 834 1350 869 Θεῷ
1367 834 1516 860 συνάπτειν
1530 833 1654 868 ἁλλήλοιτ
1668 835 1731 864 τοὺς
1750 834 1880 866 δούλους,

1089 883 1136 908 καὶ
1148 881 1196 915 τὴν
1211 881 1256 907 ἐπὶ
1281 881 1372 912 αὐτοῖς
1399 881 1559 907 δεσποτείαν
1588 881 1662 916 ἔχειν
1683 880 1841 916 ἀλώὸητον,
1856 882 1880 907 εἰ

1091 928 1128 963 μὴ
1142 927 1223 954 τοῦτο
1237 928 1350 959 ποιοῖεν,
1367 927 1474 958 ἑαυτοῖς
1488 926 1600 958 δικαίως
1627 926 1736 957 πάντως
1751 927 1806 960 τὴν
1828 926 1879 959 τῆς

1088 973 1248 1005 δεσποτείας
1262 973 1411 1007 ἐπάγουσιν
1442 971 1592 1000 ἔκπτωσιν.
1615 972 1652 998 Τὸ
1668 971 1698 998 δὶ
1715 971 1808 1006 παρδν
1822 971 1880 997 διά-

1087 1027 1182 1053 ταγμα
1194 1018 1224 1044 οὐ
1254 1018 1335 1052 μόνον
1363 1017 1466 1051 ὀφείλει
1494 1018 1523 1043 ἑν
1549 1017 1610 1048 ταῖς
1629 1015 1796 1050 ἁπανταχοῦ
1825 1014 1878 1041 τᾶν

1088 1064 1239 1098 ἐκκλησιῶν
1251 1062 1458 1098 ὖιαγγελθῆναι,
1473 1061 1540 1088 ἀλλά
1553 1061 1606 1088 κάν
1635 1062 1692 1092 τοῖς
1724 1060 1878 1090 πολιτικοῖς

1088 1110 1275 1145 δικαστηρίοις
1291 1108 1518 1144 καταστρωθῆναι
1536 1107 1589 1143 (1)·
1605 1106 1732 1142 γενέσθαι
1745 1106 1776 1133 δὲ
1794 1107 1878 1133 διαδό-

1090 1165 1180 1192 σιμον,
1209 1157 1256 1184 καὶ
1283 1157 1322 1188 εἰς
1336 1157 1398 1186 τοὺς
1421 1155 1476 1182 τῶν
1495 1155 1676 1191 ὲπαρχιωτῶν
1698 1155 1875 1190 προεστῶτας

1089 1202 1191 1238 ἀρχῶν,
1217 1203 1254 1233 ὡς
1273 1203 1306 1229 ἂν
1332 1201 1435 1236 εἴδησιν
1459 1201 1541 1236 Exorat
1567 1201 1686 1232 ᾶπαντες
1710 1201 1769 1227 τῶν
1785 1199 1874 1230 καλῶς

1089 1250 1166 1284 παρὰ
1176 1249 1226 1283 τῆς
1249 1248 1389 1283 βασιλείας
1414 1247 1493 1282 ήμῶν
1513 1247 1689 1282 ὁρισθέντων.
1725 1245 1842 1281 Ἐπειδὴ
1852 1247 1875 1271 δί

1089 1296 1136 1323 καὶ
1151 1296 1235 1330 γάμοι
1265 1293 1386 1328 ἔφθασιν
1411 1294 1461 1329 ήδη
1492 1294 1617 1326 γενέσθαι
1647 1294 1693 1319 ἐπὶ
1718 1295 1875 1327 προσώποις

1089 1340 1215 1375 δουλικὴν
1228 1339 1319 1374 ἔχουσι
1342 1338 1438 1374 τύχη-ι,
1467 1339 1513 1365 καὶ
1527 1339 1550 1365 ol
1563 1338 1647 1373 γάμοι
1676 1339 1750 1366 κατὰ
1761 1331 1815 1372 τὴν
1829 1339 1876 1369 ἓως

1088 1385 1136 1413 τοῦ
1151 1386 1197 1412 νῦν
1210 1386 1365 1420 κρατοῦσαν
1380 1385 1535 1420 παράλογον
1570 1385 1716 1420 συνήθειαν
1739 1385 1875 1420 προδεδή-

1090 1438 1166 1462 κασι,
1177 1431 1218 1457 δεῖ
1233 1431 1280 1457 καὶ
1304 1431 1350 1457 ἐπὶ
1364 1430 1468 1457 τούτων
1490 1430 1539 1466 τὴν
1555 1430 1707 1466 ῑερολογίαν
1735 1431 1874 1464 γενέσθαι,

1091 1478 1134 1505 ἵνα
1148 1478 1193 1504 διὰ
1224 1478 1338 1513 ταύτης,
1357 1477 1410 1504 κᾶν
1438 1477 1488 1512 ὀψὲ
1517 1477 1640 1513 γένηται,
1669 1478 1700 1503 τὸ
1729 1478 1875 1512 σεῦάσμιοι

1090 1524 1183 1560 ἔχωσι,
1203 1524 1259 1551 τῶν
1270 1524 1414 1559 άνωτέρων
1424 1525 1576 1560 εἰρημένων
1592 1526 1818 1559 παρατηρήσεων
1831 1525 1873 1551 καὶ

1089 1572 1137 1600 ἐπὶ
1151 1571 1193 1606 τῷ
1207 1571 1320 1606 τοιούτῳ
1334 1571 1416 1605 γάμῳ
1433 1572 1545 1606 κρατεῖν
1555 1570 1733 1604 ὀφειλουσῶν.

1108 1618 1249 1644 ίΖΩΝΑΡ.
1268 1616 1461 1652 ’Δδιατίμητον
1487 1617 1605 1651 πρᾶγμα
1626 1616 1677 1651 τὴν
1702 1616 1872 1649 ἐλευθερίαν,

1090 1663 1174 1699 ἤγουν
1197 1663 1391 1698 διατιμηθῆναι
1411 1663 1461 1690 καὶ
1489 1662 1572 1698 τιμὴν
1591 1662 1734 1698 ὁρισθῆναι
1748 1663 1794 1688 ἐπ’
1811 1664 1876 1697 αὐτῇ

1092 1709 1130 1744 μὴ
1146 1709 1305 1743 δυνάμενον,
1332 1709 1356 1735 οἱ
1373 1710 1424 1744 τῆς
1437 1709 1576 1741 πολιτείας
1592 1707 1663 1735 εῖναι
1683 1709 1764 1743 νόμοι
1784 1709 1876 1742 φασιν.

1098 1755 1142 1787 Ὦς
1154 1754 1200 1782 οὖν
1209 1755 1273 1790 περὶ
1286 1754 1404 1790 μεγάλου
1421 1755 1585 1790 πράγματος
1600 1754 1732 1788 ἐσομένης
1746 1755 1798 1788 τῆς
1812 1763 1879 1788 pap-

1091 1801 1190 1837 τυρίας
1204 1802 1248 1828 ὅτε
1271 1800 1362 1836 δεήσει
1375 1801 1527 1836 μαρτυρίας
1543 1800 1607 1835 περὶ
1635 1800 1804 1835 ἐλευθερίας,
1825 1801 1876 1827 άπ-

1091 1847 1206 1883 ῃτοῦντο
1217 1847 1241 1873 oi
1253 1846 1302 1878 τὰς
1316 1846 1466 1878 ἀποδείξεις
1480 1845 1639 1882 ποιούμενοι
1653 1846 1737 1873 πέντε
1755 1847 1839 1880 τυχὸν
1860 1847 1875 1881 ἢ

1091 1894 1139 1920 καὶ
1159 1892 1284 1924 πλείονας
1312 1892 1486 1926 παράγεσθαι
1503 1892 1657 1927 μάρτυρας,
1674 1891 1714 1924 ὡς
1742 1892 1875 1918 τοσούτων

1089 1940 1137 1966 καὶ
1149 1939 1192 1972 ἐφ’
1212 1939 1321 1974 ἑτέραις
1339 1938 1486 1965 ὑποθέσεσι
1499 1938 1711 1973 παραγομένων.
1729 1939 1819 1965 Τοῦτο
1833 1937 1876 1964 οὖν

1089 1983 1209 2019 ἀναιρῶν
1227 1984 1242 2010 ὁ
1269 1983 1358 2010 κανὼν
1372 1984 1418 2010 ἐπὶ
1445 1983 1542 2018 θάλψει
1564 1985 1614 2018 τῆς
1639 1983 1812 2019 ἐλευθερίας,
1833 1986 1876 2010 καὶ

1089 2031 1164 2065 Ιτρεῖς
1188 2029 1274 2064 ὁρίζει
1301 2029 1405 2063 ἀρκεῖν,
1421 2029 1468 2055 καὶ
1495 2029 1544 2065 τὴν
1560 2030 1672 2065 Γραφὴν
1692 2030 1817 2064 παράγει
1840 2031 1876 2062 εἰς

1091 2075 1221 2102 σύστασιν
1237 2074 1286 2109 τῆς
1316 2075 1508 2109 θεσμοθεσξας,
1534 2075 1686 2108 λέγουσαν·
1708 2076 1773 2102 Ἐπὶ
1801 2076 1875 2111 δὺοῆ

1090 2121 1176 2156 τριῶν
1195 2121 1341 2156 μαρτύρων
1371 2120 1538 2155 σταθήσεται
1554 2122 1609 2148 πᾶν
1624 2122 1712 2156 ῥῆμα,
1743 2123 1806 2149 ἀντὶ
1833 2123 1874 2149 τοῦ

255 2161 372 2188 duorum
387 2165 434 2188 aut
447 2162 528 2189 trium
541 2162 648 2189 testium
661 2163 745 2189 stabit
757 2170 837 2190 omne
848 2163 973 2195 verbum,
987 2164 1036 2191 hoc

1093 2165 1316 2200 βεϐαιωθήσεται,
1332 2165 1532 2200 κυρωθήσεται.

253 2213 308 2240 csl,
324 2208 432 2235 ﬂnnum
450 2216 482 2235 ac
498 2213 587 2236 ratum
603 2216 667 2237 esse
680 2209 857 2243 judicabitur.

254 2253 369 2281 ARlS'l‘.
396 2263 405 2280 ι
433 2253 534 2281 Servus
551 2264 564 2282 a
591 2255 704 2282 domino
718 2255 771 2283 sub
789 2255 898 2283 duobus
923 2256 1038 2285 testibus

276 2309 285 2324 ι
308 2301 504 2332 manumissus,
524 2300 650 2328 libertate
668 2302 792 2328 donetur.
815 2310 826 2327 ι
844 2300 1020 2337 Perspicuus.

510 2345 623 2373 CANON
641 2345 784 2374 LXXXVI.

257 2401 268 2418 ι
286 2391 352 2424 Eos,
365 2391 411 2426 qui
428 2390 462 2418 ad
480 2391 632 2418 animarum
649 2391 754 2427 lapsum
768 2392 926 2420 meretrices
938 2398 1040 2435 cogunt

292 2446 302 2464 ι
321 2442 348 2464 et
365 2437 452 2470 alunt,
468 2438 492 2465 si
509 2438 565 2465 sint
579 2437 688 2472 quidem
705 2438 810 2471 clerici,
826 2438 925 2473 deponi
941 2439 1040 2468 deﬂui-

294 2492 303 2509 ι
322 2491 404 2511 mus:
419 2483 463 2510 sin
480 2490 545 2510 vero
557 2483 631 2514 laici,
649 2483 798 2518 segregari.
818 2492 828 2509 ι
897 2516 901 2521 .

289 2528 390 2556 BALS.
420 2529 658 2562 Quemadmodum
675 2529 718 2557 lex
737 2530 827 2558 civilis
849 2529 973 2563 lenones,
995 2531 1041 2566 qui

257 2575 417 2603 meretrices
431 2575 520 2608 alunt,
535 2575 622 2610 punit,
642 2575 679 2602 ita
696 2579 725 2603 et
744 2583 832 2603 canon
845 2575 966 2604 decernit
982 2584 1040 2609 eos,

255 2622 302 2657 qui
326 2621 484 2650 meretrices
506 2625 617 2656 cogunt,
644 2625 672 2649 et
692 2621 793 2649 multos
818 2629 849 2649 ea
879 2622 982 2649 ratione
1007 2623 1040 2649 ad

1090 2249 1202 2276 ΔΡΙΣΤ.
1225 2258 1235 2275 ι
1265 2250 1503 2285 Ἦλσυθερωμένος
1531 2250 1584 2277 ὑπὸ
1615 2251 1749 2279 δεσπότου
1781 2253 1874 2286 δοῦλος

1144 2296 1192 2321 ἐπὶ
1205 2295 1267 2322 δυσὶ
1291 2296 1426 2331 μάρτυσιν
1439 2296 1484 2331 εῐη
1503 2297 1664 2329 ἁδούλωτος.
1689 2306 1699 2324 ι
1718 2299 1826 2335 Σαφής.

1369 2342 1488 2369 “non
1518 2342 1590 2376 uq’.

1092 2397 1103 2414 ι
1127 2387 1198 2419 Τοὺς
1208 2387 1255 2414 ἐπὶ
1272 2387 1364 2423 ψυχῶν
1376 2387 1476 2424 ὀλίσθῳ
1487 2389 1590 2424 πόρνας
1603 2390 1824 2423 ἐπισυναγοντας
1833 2393 1875 2418 καὶ

1130 2442 1140 2461 ι
1163 2433 1360 2469 ἐκτρέφοντας,
1371 2434 1397 2459 ει
1409 2434 1459 2469 μὲν
1470 2433 1596 2470 κληρικοὶ
1608 2432 1674 2466 εἷεν,
1687 2436 1877 2472 καθαιρεῖσθαι

1124 2489 1135 2506 ι
1157 2480 1301 2515 ὁρίζομεν·
1316 2479 1340 2506 ει
1354 2479 1384 2506 δὲ
1398 2480 1498 2512 λαῖκοὶ,
1517 2481 1706 2516 ἀφορίζεσθαι.
1722 2492 1733 2508 ι

1098 2558 1110 2565 ν
1128 2525 1227 2553 ΒΑΛΣ.
1248 2525 1355 2562 ’Ὠσπερ
1371 2526 1386 2553 ὁ
1399 2526 1540 2558 πολιτικὸς
1566 2527 1648 2562 νόμος
1674 2528 1790 2561 κολάζει
1819 2530 1878 2561 rei»;

1091 2572 1305 2608 πορνοϐοσκοὺς,
1324 2571 1397 2599 οὕτω
1420 2573 1468 2600 καὶ
1485 2574 1500 2599 ὁ
1523 2573 1615 2600 κανὼν
1644 2574 1795 2610 διορίζεται
1819 2577 1879 2608 τοὺς

1090 2618 1305 2652 ὲπισυνάγοντας
1328 2618 1443 2653 πόρνας,
1467 2619 1514 2645 καὶ
1539 2617 1595 2646 οἷον
1617 2619 1662 2647 διὰ
1693 2621 1794 2648 τούτου
1819 2630 1879 2648 συν-

860 2704 957 2735 Guill.
973 2703 1135 2742 Beveregii
1152 2708 1244 2734 notata.

294 2767 331 2802 (1)
351 2768 443 2795 Ἀλλὰ
453 2768 510 2795 κὰν
522 2768 583 2802 τοῖς
597 2769 762 2802 πολιτικοῖς
774 2768 977 2802 δικαστηρίοις
987 2777 1039 2795 xa-

255 2803 475 2842 ταᾳτρωθῆναι.
502 2803 565 2831 Hzec
588 2804 670 2842 verba
694 2805 721 2842 in
745 2805 864 2842 editione
889 2803 1037 2842 Parisieltsi

257 2838 419 2864 omittuntur
444 2846 452 2865 :
477 2842 504 2865 at
528 2846 580 2866 non
603 2839 682 2866 modo
703 2839 730 2866 in
754 2839 848 2867 codice
870 2843 963 2867 nostro
985 2838 1038 2867 Bo-

1091 2768 1210 2800 dleiano,
1230 2769 1276 2798 sed
1293 2768 1372 2796 etiam
1390 2768 1416 2795 in
1432 2767 1648 2795 Amerbachiano
1664 2772 1691 2795 et
1709 2767 1822 2795 Tiliauo
1842 2768 1879 2795 le-

1110 2805 1207 2836 untitr;
1225 2809 1252 2831 et
1263 2811 1295 2831 ex
1312 2803 1528 2839 praecedentibus
1542 2802 1643 2833 verbis.
1658 2802 1690 2829 οὐ
1707 2803 1792 2838 μόνον
1805 2803 1878 2838 ὀφεί-

1112 2843 1147 2872 ει,
1161 2836 1321 2867 necessario'
1330 2845 1362 2867 ea
1377 2836 1489 2873 legenda
1505 2844 1567 2866 esse
1581 2843 1701 2866 constat.
