1936 3105
597 166 638 197 ΙΝ
656 167 740 198 CAN.
759 163 903 196 LXXXVI
923 162 1030 193 CONC.
1050 159 1273 192 IN'TBULLO.

1651 135 1653 139 ’
1680 158 1734 189 806

107 228 251 259 ωοοῦντας
260 227 299 258 εἰς
310 224 432 261 ψυχικὴν
446 223 586 252 ἀπώλειαν
595 224 659 254 τοὺς
672 223 796 254 πολλοὺς,
807 223 854 248 καὶ
869 221 899 247 οὺ

957 219 1048 246 mima;
1064 218 1178 245 exilium
1202 217 1284 244 veluti
1309 215 1495 252 protrudunt;
1519 218 1547 243 et
1571 221 1625 242 non
1643 215 1733 242 solum

110 276 190 310 μόνον
204 273 430 307 ὲπισυνάγοντας,
444 270 512 297 ἀλλὰ
536 270 584 298 καὶ
601 270 797 305 ἐκτρέφοντας,
812 269 896 303 ἧγουν

108 321 144 348 τὰ
161 320 299 354 ἀναγκαῖα
313 318 409 349 αὐταῖς
440 314 677 352 ὲπιχορηγοῦντας
705 314 756 350 (τῷ
769 315 824 349 γὰρ
839 313 897 340 ὀνό-

111 375 178 402 ματι
190 366 238 400 τῆς
256 364 360 400 τροφῆς
385 362 432 390 καὶ
448 362 616 397 ἑνδυμινιαι,
633 362 680 388 καὶ
698 360 845 391 τὰ·λοιπὰ,
864 361 898 386 τὰ

111 413 181 448 πρὸς
196 411 345 438 ἀκολασίαν
361 410 424 441 τοὺς
440 408 634 444 ἁπαλωτέρους
661 407 786 438 ἕλκοντα,
802 406 897 441 περιέ-

110 457 226 493 χονται).
243 456 392 492 κληρικοὺς
403 456 452 490 μὲν
464 455 556 487 ὂντας,
572 452 773 488 καθαιρεῖσθαι,
787 451 899 482 λαῖκοὺς

110 503 149 533 δὲ,
165 501 353 537 ἀφορίζεσθαι.
372 499 411 527 Οὐ
427 500 504 535 παρὰ
518 499 596 526 τοῦτο
609 498 638 525 δὲ
651 499 676 525 ot
694 498 774 533 μόνον
788 498 899 523 ἐπισυν-

113 547 228 580 άγοντες
256 546 304 572 καὶ
322 545 360 581 μὴ
377 545 557 581 ἐκτρέφοντες
573 544 659 576 αὐτὰς
678 543 707 570 οὺ
734 542 896 578 τιμωρηθή-

113 598 220 619 σονται-
237 591 307 618 ἀλλὰ
323 592 443 618 κάκεῖνοι
465 590 566 626 ὁμοίως
589 589 815 624 κολασθήσονται.
832 586 898 614 Εἴπε

111 637 139 663 δὲ
155 638 168 664 ό
185 637 273 664 κανὼν
289 638 319 663 τὸ
332 635 539 671 ἐπιτρέψοντες,
557 636 597 662 ὅτι
608 635 637 667 ἐξ
649 635 770 668 ἀνάγκης
797 635 830 669 τῇ
844 643 902 660 συν-

113 683 207 717 αγωγῇ
224 682 403 720 ἐπακολουθεῖ
418 681 465 707 καὶ
479 682 496 715 ὴ
508 680 589 715 λοιπὴ
604 679 714 715 φροντὶς
725 680 777 705 τῶν
793 680 902 705 ἐπισυν-

114 724 269 763 αγομένων.
291 729 328 754 Οὐ
346 728 399 761 γὰρ
414 727 445 753 τὸ
476 726 640 760 συναγαγεῖν
657 728 739 758 μόνον
754 724 829 757 ἄξιόν
844 726 902 750 ὲστι

114 773 254 804 κολάσεως
265 781 276 811 ξ
289 773 356 799 διότι
370 773 481 807 συνάγει
497 781 537 803 τις
558 771 689 802 πολλάκις
703 770 806 805 πόρνας
821 770 901 805 χάριν

114 817 162 844 ’τοῦ
181 817 330 844 ὑποθέσθαι
344 817 439 849 αὑταῖς
455 817 490 843 τὰ
504 814 702 851 σωτηριώδη,ῆ
718 816 903 850 χειραγωγίας

116 863 231 895 ἀξιῶσαι
245 862 416 897 σωματικῆς,
442 861 459 898 ἢ
477 860 647 896 παραδοῦναι
663 859 702 894 τῷ
725 860 837 895 ἄρχοντι
854 861 903 895 χά-

946 275 996 295 eos
1012 267 1058 302 qui
1070 270 1183 301 cogunt,
1200 266 1246 293 sed
1260 270 1288 292 et
1300 265 1346 299 qui
1363 264 1441 292 alunt
1454 264 1512 291 sive
1526 263 1567 291 eis
1578 265 1734 292 necessaria

949 313 1127 347 suppeditant
1144 312 1277 346 (alimenti
1304 311 1376 337 cnim
1399 310 1510 337 nomine
1528 315 1555 337 et
1577 311 1735 341 indumenta

948 364 976 387 et
995 360 1110 394 reliqua,
1125 367 1186 394 qua»
1199 358 1337 385 molliores
1348 358 1381 386 ad
1399 358 1635 392 intemperantiam
1649 363 1734 386 attra-

950 407 1028 436 hunt.
1044 404 1336 440 comprehenduntur),
1349 405 1371 432 si
1387 404 1556 438 sintquidem
1571 405 1673 436 clerici.
1687 406 1735 433 ile-

949 452 1088 488 pnnentlos
1106 459 1112 478 :
1132 451 1174 479 sin
1193 459 1257 478 vero
1273 451 1346 483 laici,
1361 451 1555 486 segregandos.
1568 451 1626 478 Non
1643 459 1734 479 autem

951 499 1054 526 idcirco
1075 498 1121 533 qtti
1140 497 1228 525 solum
1246 497 1354 531 quidem
1377 501 1488 532 cogitat,
1503 503 1529 524 ct
1544 505 1590 525 eas
1613 506 1666 524 non
1685 507 1737 526 nu-

949 544 1046 576 triunt,
1062 551 1115 570 non
1134 543 1303 578 punientur:
1322 541 1369 569 sed
1383 543 1410 569 in
1425 550 1473 570 eos
1488 550 1596 577 quoque
1610 543 1738 570 similiter

953 589 1195 616 animadvertetur.
1213 588 1285 614 Dixit
1296 593 1385 615 autem
1399 595 1487 615 canon
1502 588 1566 615 illttd
1582 597 1590 616 ε
1611 589 1736 622 Ειζιιιιιηι,

951 635 1079 669 quoniam
1093 635 1138 662 ubi
1150 635 1300 670 coegerint,
1314 642 1469 662 necessario
1480 642 1589 669 quoque
1601 636 1736 669 sequitur,

951 685 982 708 ut
997 685 1152 707 conclarum
1169 688 1234 708 cura
1256 681 1384 716 deinceps
1404 680 1437 706 ab
1453 680 1487 707 iis
1504 686 1626 714 geratur.
1645 679 1736 714 Neque

952 727 1024 753 enim
1052 728 1140 754 solum
1165 734 1263 761 cogere
1290 726 1454 761 supplicium
1483 730 1603 752 meretttr
1629 733 1739 752 :mcro-

953 774 1041 800 trices
1057 774 1128 800 enim
1144 781 1215 807 sa'pe
1230 772 1301 807 cogit
1315 772 1464 808 quispiam,
1479 776 1509 798 ut
1528 772 1568 797 eis
1584 771 1640 802 illa,
1657 765 1745 806 258'

953 827 1013 854 qum
1030 824 1095 846 sunt
1111 819 1252 850 salutaria,
1276 821 1416 852 suggerat,
1435 817 1478 844 vel
1503 821 1532 843 ut
1548 825 1641 843 earnm
1658 823 1739 848 Opera

955 865 987 892 ad
1011 865 1184 892 tractandum
1210 864 1319 898 aliquod
1336 863 1518 890 ministerium
1538 867 1641 894 utatur,
1654 862 1695 889 Vt"
1711 865 1740 888 ttt

115 917 158 942 ριν
179 907 380 944 σωφρονισμοῦ.
398 908 482 942 Ζήτει
509 907 612 942 βιϐλίον
630 907 650 938 ξ’
667 905 722 932 τῶν
736 906 900 938 Βασιλικῶν,

957 910 998 936 dct
1013 917 1060 935 eas
1079 908 1249 942 magistratui
1265 907 1451 941 castigandas.
1468 907 1565 940 Quaere
1583 907 1681 932 librum
1706 913 1741 932 ιι

113 954 196 989 τίτλῳ
208 953 259 989 λη’,
275 962 337 988 κεφ.
349 956 383 982 α’.
405 953 468 980 Ἐὰν
484 953 574 988 πατὴρ
587 953 724 987 θυγατέρα
737 952 754 987 ἢ
768 952 901 987 δεσπότης

114 1000 211 1034 δούλην
236 1000 417 1035 πορνοΰοσκῇ,
443 997 638 1025 ἁπολλύτωσαν
665 998 714 1033 τὴν
732 998 776 1023 ἐπ’
801 998 898 1034 αυταῖς

115 1045 252 1077 ἐξουσίαν.
266 1045 432 1081 Προστίθησι
446 1044 474 1070 δὲ
489 1045 519 1077 τὸ
538 1043 686 1077 κεφάλαιον
704 1043 747 1069 διὰ
759 1043 806 1069 τοῦ
839 1044 901 1069 ἐπι-

115 1085 218 1117 σκόπου
238 1090 285 1117 καὶ
302 1088 348 1116 τοῦ
357 1089 484 1124 ἄρχοντος
502 1088 584 1119 αὑτὰς
601 1087 773 1124 βοηθεῖσθαι·
789 1088 836 1114 καὶ
849 1089 901 1120 ὅτε,

116 1137 164 1162 ἐὰν
183 1136 342 1163 ἀνθίσταται
367 1137 435 1170 πρὸς
453 1135 532 1161 τοῦτο
546 1136 560 1161 ὁ
577 1139 667 1171 πατὴρ
683 1136 699 1171 ἢ
723 1136 737 1161 ὁ
752 1135 899 1168 δεσπότης,

115 1182 282 1216 δημεύονται
300 1182 347 1208 καὶ
363 1182 542 1217 ὲξορίζονται.
558 1182 613 1217 Kal.
628 1183 658 1208 τὸ
678 1181 806 1216 δεύτερον
820 1181 904 1214 κεφά-

117 1227 193 1254 λαιον
207 1228 270 1259 τοὺς
288 1227 338 1262 μὲν
352 1228 470 1258 εὐτελεῖς
488 1227 686 1262 πορνοϐοσκοὺς
699 1227 802 1262 ὁμοίως
816 1235 902 1261 τιμω-

120 1274 172 1308 ρεῖ,
187 1273 249 1305 τοὺς
266 1273 295 1299 δὲ
307 1273 451 1308 στρατείαν
467 1272 578 1308 ἔχοντας
589 1272 757 1308 δημεύεσθαί
770 1280 848 1307 φησι.
865 1271 903 1297 Τὸ

119 1319 212 1353 μέντοι
231 1317 254 1353 γ’
277 1328 340 1353 κεφ.
359 1318 405 1345 τοῦ
428 1319 511 1345 αὐτοῦ
528 1318 632 1354 βιῦλίου
649 1320 696 1345 καὶ
713 1319 815 1351 τίτλον,
833 1320 903 1353 ὅπερ

118 1365 176 1391 ἐστὶ
200 1365 294 1401 Νεαρά
314 1365 535 1396 ’1ουστινιάνειος,
559 1365 684 1400 μεγάλως
708 1364 817 1396 κολάζει
839 1364 903 1396 τοὺς

120 1411 169 1437 σὺν
187 1413 278 1448 τέχνῃ,
294 1413 341 1439 καὶ
353 1413 432 1447 δόλῳ,
453 1412 501 1439 καὶ
515 1411 622 1448 ἀνάγκῃ
646 1413 687 1442 εἰς
701 1413 751 1447 τὴν
774 1411 904 1447 τοιαύτην

119 1456 264 1490 ἀσέλγειαν
289 1457 427 1491 ἄγοντας,
452 1457 499 1484 καὶ
533 1457 775 1493 ἐμπορευομένους
804 1457 902 1488 ταῦτα.

126 1500 278 1536 Ἀνάγνωθι
291 1503 337 1530 οὖν
347 1504 377 1530 τὸ
389 1503 510 1530 τοιοῦτον
524 1503 673 1538 κεφάλαιον
688 1504 903 1530 ὲπιστατικὼτεσ

122 1557 178 1584 ρον,
201 1549 317 1583 Λέγουσι
341 1550 396 1586 γάρ
420 1558 493 1582 τινες
505 1550 543 1582 ὡς
559 1550 679 1581 ἐκείνους
697 1549 775 1577 τοῦτο
792 1550 903 1582 κολάζει

119 1595 185 1636 τοὺς
195 1595 365 1628 πλανῶντας,
379 1596 426 1622 καὶ
445 1596 514 1631 μετά
530 1605 602 1627 τινος
625 1596 739 1630 μεθόδου
750 1596 767 1631 ἢ
783 1596 904 1631 ἀνάγκης

123 1640 303 1674 με’)έλκοντας
323 1641 363 1672 είς
380 1641 506 1676 πορνείαν
528 1642 662 1675 γυναῖκάς
679 1649 755 1672 τινας
767 1648 775 1656 ·
793 1641 823 1667 οὺ
853 1641 905 1676 μὴν

120 1688 184 1717 τοῦς
211 1687 446 1722 προσδεκομένους
473 1687 524 1718 τὰς
556 1687 673 1721 ἑκουσίῳ
705 1686 833 1722 βουλήσει
858 1687 907 1722 τὴν

123 1732 252 1766 πορνείαν
278 1732 411 1767 ἑλομένας
434 1732 479 1759 διὰ
495 1733 603 1767 φύσεως
615 1733 741 1768 ἀνάγκην
755 1733 772 1770 ἢ
794 1732 841 1759 καὶ
855 1741 907 1759 πι-

121 1779 192 1806 νξαν.
220 1778 347 1812 Χρῶνται
367 1778 394 1804 δὲ
416 1779 544 1813 καὶπρὸς
563 1779 742 1805 ἐπισύστασιν
761 1778 808 1805 τοῦ
825 1779 906 1813 λόγου

127 1824 216 1850 αὐτῶν
243 1825 289 1850 καὶ
307 1824 414 1860 ῥήμασί
435 1833 492 1850 τισι
503 1824 553 1859 τῆς
570 1825 654 1859 αὐτῆς
668 1824 788 1860 Νεαρᾱς,
804 1825 852 1852 καὶ
868 1825 907 1861 τῷ

127 1870 245 1904 παρόντι
257 1870 349 1896 κανόνι
371 1870 408 1904 μὴ
430 1869 512 1903 μόνον
530 1870 593 1901 τοὺς
608 1871 824 1904 ὲπισυνάγοντας
840 1871 908 1905 πόρ-

125 1924 173 1947 νας
189 1915 340 1947 κολάζοντι,
358 1915 426 1941 ἀλλὰ
439 1915 560 1947 καὶτοὺς
573 1915 767 1951 ἐκτρέφοντας,
782 1917 909 1943 τουτέστι

125 1961 170 1988 διὰ
187 1961 290 1996 πλάνης
305 1961 352 1987 καὶ
367 1961 511 1991 κολακείας
522 1961 711 1994 συνωθοῦντας
725 1963 810 1994 αὑτὰς
825 1964 864 1994 εἰς
877 1963 908 1989 τὸ

129 2007 223 2034 κακόν.
234 2008 290 2034 Καὶ
301 2007 330 2033 τὸ
343 2008 462 2042 σήμερον
473 2006 646 2041 δὲτινόμενον
655 2009 853 2042 πραγματικῶς
866 2009 907 2040 είς

126 2058 160 2080 τά
176 2053 375 2088 προνοόοσκεία
388 2053 569 2080 διενίστανται
584 2054 739 2089 συντρέχειν
750 2056 805 2086 τοῖς
816 2054 909 2089 λόγοις

126 2099 226 2126 αὐτῶν.
249 2099 327 2134 Ἐμοὶ
345 2100 373 2126 δὲ
390 2099 465 2126 δοκεῖ
491 2100 532 2126 ὃτι
561 2100 651 2127 πάντα
674 2099 858 2135 πορνοϐοσκὸν
884 2103 908 2128 οί

127 2146 205 2180 νόμοι
231 2147 278 2172 καὶ
309 2146 333 2172 οἱ
349 2146 460 2177 κανόνες
484 2146 665 2177 ἀδιαστίκτως
688 2146 841 2178 κολάζουσι,
862 2149 910 2175 καὶ

126 2193 217 2218 πᾶσαν
233 2193 335 2227 πόρνην
350 2193 390 2224 εἰς
412 2192 592 2228 σωφροσύνην
608 2192 796 2227 μεθέλκουσιν.
833 2194 912 2222 Ἀνά-

954 955 1061 982 Basilic.
1078 954 1118 981 tit.
1135 954 1179 984 58,
1192 962 1252 987 cap.
1266 953 1277 979 1
1297 960 1305 979 :
1321 952 1348 979 Si
1361 959 1436 986 pater
1450 952 1542 983 tiliam,
1558 953 1598 979 vel
1614 952 1741 979 dominus

955 1008 1061 1028 servam
1077 1000 1178 1027 nutriat
1200 999 1233 1026 ad
1257 1003 1391 1034 (ιιιωειιιιιι
1411 999 1606 1029 meretricium,
1628 999 1742 1033 perdant

954 1055 1036 1082 quam
1048 1047 1149 1073 habent
1166 1047 1191 1072 in
1209 1053 1254 1072 eas
1271 1049 1446 1079 potestatem.
1463 1045 1562 1079 Adjicit
1575 1052 1662 1072 autem
1679 1052 1743 1071 con-

955 1094 1072 1122 stitutio.
1085 1092 1136 1119 Per
1152 1093 1310 1127 episcopum
1329 1097 1354 1119 et
1369 1092 1559 1126 magistratum
1576 1092 1617 1118 eis
1632 1099 1742 1125 quoque

957 1139 1021 1166 ferri
1042 1138 1141 1165 debere
1158 1139 1290 1165 auxilium
1308 1143 1364 1168 :Vet
1377 1138 1449 1172 quod
1468 1138 1490 1164 si
1505 1138 1536 1164 ad
1559 1137 1610 1164 hoc
1632 1137 1742 1163 resistat

957 1190 1033 1220 pater
1047 1185 1088 1212 vel
1104 1184 1243 1215 dominus,
1268 1184 1442 1218 publicantur
1462 1188 1490 1210 et
1513 1184 1742 1210 exlerminantur.

957 1231 995 1257 Ac
1012 1230 1163 1258 secundum
1180 1229 1289 1263 quidem
1305 1232 1385 1263 caput
1401 1229 1468 1255 viles
1485 1228 1597 1255 lenones
1613 1228 1742 1254 similiter

957 1275 1036 1311 punit
1053 1282 1061 1301 :
1076 1283 1123 1302 eos
1141 1279 1243 1305 autem,
1267 1274 1312 1308 qui
1331 1279 1395 1301 sunt
1412 1274 1539 1300 militaris
1561 1274 1675 1303 Ordinis.
1690 1281 1743 1308 pu-

957 1322 1099 1350 blican’dos
1114 1322 1190 1348 dicit.
1211 1320 1337 1356 Ejusdem
1358 1325 1446 1347 autem
1473 1320 1534 1346 libri
1552 1325 1578 1347 et
1595 1319 1664 1346 tituli
1680 1327 1741 1354 cap.

957 1369 984 1400 5.
1002 1368 1074 1404 quod
1091 1367 1290 1395 estJustiuiani
1307 1367 1429 1399 Novella,
1446 1366 1524 1393 valde
1538 1366 1615 1402 punit
1627 1373 1684 1398 eos,
1696 1368 1744 1401 qui

957 1420 1016 1442 arto
1030 1420 1057 1442 et
1071 1414 1134 1442 dolo
1156 1418 1183 1441 et
1201 1415 1363 1441 neceSsitate
1380 1414 1487 1448 aliquas
1510 1414 1536 1440 in
1556 1414 1627 1440 banc
1644 1413 1744 1441 intem-

958 1460 1109 1495 perantiam
1125 1460 1276 1491 attrahunt,
1293 1464 1320 1486 et
1344 1459 1376 1485 iis
1397 1462 1579 1485 mercaturam
1602 1461 1743 1485 exercent.

957 1506 1028 1541 Lege
1047 1514 1110 1542 ergo
1123 1507 1172 1532 hoc
1184 1510 1267 1540 caput
1281 1504 1450 1540 diligentius.
1471 1504 1570 1531 Dicunt
1586 1504 1659 1531 enim
1675 1511 1745 1531 non-

959 1552 1038 1584 nulli,
1055 1551 1128 1586 quod
1149 1551 1175 1578 id
1199 1551 1260 1578 illos
1283 1551 1360 1586 punit
1376 1551 1422 1584 qui
1439 1550 1588 1582 seducunt,
1604 1555 1631 1577 et
1651 1550 1744 1585 aliquo

956 1599 1072 1625 artiﬁcio
1090 1598 1132 1625 vel
1159 1598 1321 1625 necessitate
1335 1597 1463 1623 mulieres
1481 1596 1586 1631 aliquas
1606 1596 1641 1622 ad
1660 1595 1747 1623 forni-

957 1646 1092 1672 cationem
1109 1645 1251 1672 attrahunt
1269 1653 1275 1670 :
1295 1652 1348 1670 non
1371 1647 1461 1670 autem
1482 1650 1531 1670 eos
1548 1642 1594 1676 qui
1618 1643 1678 1669 illas
1696 1651 1745 1670 su-

957 1691 1090 1726 scipiunt.
1115 1698 1175 1725 qua:
1200 1694 1349 1723 spontanee
1375 1689 1516 1715 voluntate
1533 1687 1742 1715 fornicationem

955 1737 1062 1771 eligunt
1076 1740 1186 1770 propter
1202 1739 1307 1762 natura:
1321 1734 1511 1761 necessitatem
1528 1729 1568 1760 vel
1585 1735 1665 1760 etiam
1677 1740 1746 1768 pau-

957 1787 1102 1819 pet-tatem.
1123 1781 1164 1809 Ad
1185 1782 1235 1808 hoc
1261 1786 1352 1808 autem
1378 1781 1549 1815 probandum
1575 1784 1690 1806 utuntur
1717 1783 1745 1806 et

958 1830 1103 1857 nonnullis
1115 1829 1202 1864 ipsius
1217 1827 1336 1856 Novella:
1350 1827 1450 1859 verbis,
1463 1830 1490 1854 et
1503 1826 1629 1861 prmsenti
1641 1831 1747 1853 canone

957 1878 1098 1913 puniente,
1118 1885 1171 1903 non
1196 1883 1243 1903 eos
1268 1874 1356 1903 solum
1381 1875 1426 1908 qui
1451 1874 1609 1900 meretrices
1632 1877 1746 1906 cogunt.

957 1923 1006 1951 sed
1020 1923 1102 1950 etiam
1121 1921 1167 1956 qui
1183 1928 1232 1948 eas
1249 1920 1386 1950 nutriunt,
1406 1926 1453 1953 per
1468 1917 1590 1944 fraudem
1604 1921 1631 1943 et
1648 1916 1746 1943 adula-

958 1969 1059 1998 tionem
1076 1975 1123 1995 eas
1141 1967 1168 1994 in
1189 1966 1290 1993 malum
1307 1965 1491 2004 impellentes.
1511 1962 1597 1989 Porro
1611 1965 1701 1989 autem
1719 1966 1746 1988 et

958 2015 1031 2052 quod
1054 2015 1136 2042 hodie
1158 2016 1221 2041 actu
1242 2013 1278 2040 sit
1304 2013 1331 2040 in
1349 2013 1479 2039 lenonum
1499 2010 1617 2038 oiﬁcinis
1638 2009 1747 2037 videtur

960 2069 1023 2090 cum
1039 2069 1135 2089 eorum
1153 2061 1228 2088 dicto
1244 2066 1419 2086 concurrere.
1440 2057 1503 2084 Mibi
1519 2061 1608 2083 autem
1627 2055 1745 2086 videtur.

959 2108 1033 2142 quod
1050 2108 1122 2142 leges
1138 2111 1166 2134 et
1180 2112 1302 2133 canones
1318 2110 1511 2139 quemcunque
1529 2103 1655 2130 lenonem
1673 2100 1749 2128 indi-

960 2154 1060 2181 stincte
1076 2153 1205 2188 puniunt,
1221 2156 1250 2179 et
1269 2159 1376 2178 onmem
1400 2149 1568 2176 meretricem
1596 2148 1629 2175 ad
1646 2153 1747 2182 tempe-

961 2200 1078 2227 rantiam
1102 2199 1258 2226 retrahunt.
1283 2196 1352 2232 Lege
1373 2195 1443 2222 e191
1467 2194 1605 2221 Novellum
1628 2193 1747 2228 impera-

124 2239 209 2271 τνωθι
225 2240 271 2265 καὶ
286 2235 335 2274 τὴν
347 2239 394 2272 μα’
406 2238 517 2273 Νεαρὰν
533 2238 580 2264 τοῦ
591 2238 722 2274 βασιλέως
738 2238 822 2275 κυροῦ
833 2240 905 2268 Λέον-

965 2246 1033 2272 toris
1048 2245 1150 2272 domini
1171 2244 1272 2271 Leonis
1288 2241 1455 2276 Pbllosophi,
1472 2248 1531 2275 qum
1546 2247 1600 2267 non
1615 2240 1747 2274 permittit

124 2294 170 2315 τος
194 2285 241 2311 τοῦ
270 2285 428 2318 Φιλοσόφου.
459 2285 496 2319 μὴ
520 2284 741 2320 παραχωροῦσαν
777 2286 850 2312 κατὰ
866 2285 912 2312 τὸν

128 2331 243 2358 παλαιὸν
259 2331 341 2365 νόμον
357 2330 462 2364 διάγειν
476 2330 536 2356 τινὰ
554 2331 624 2365 μετὰ
641 2330 797 2358 παλλακῶν.

166 2421 288 2448 ΖΩΝΛΡ.
317 2421 354 2446 Τὸ
379 2420 571 2455 πορνοὸοσκεῖν
601 2420 649 2446 καὶ
678 2421 734 2451 τοῖς
761 2420 911 2454 πολιτικοῖς

129 2462 319 2503 ἀπηγόρευται
337 2467 440 2500 νόμοις.
459 2466 654 2500 Πορνοὸοσκεῑν
669 2466 691 2492 δ’
710 2466 768 2492 ἐστὶ
794 2467 823 2492 τὸ
849 2467 912 2502 τρέ-

130 2523 191 2549 φειν
207 2514 307 2548 πόρνας
324 2513 369 2539 διὰ
386 2512 481 2546 κέρδος
501 2506 548 2538 τοῦ
570 2511 746 2547 μισθώματος
764 2512 811 2551 ἐπὶ
825 2512 912 2549 βλάϐῃ

129 2561 233 2595 ψυχῶν.
248 2560 279 2586 Ει
293 2559 322 2585 δὲ
337 2559 393 2589 τοῖς
404 2559 453 2593 τῆς
467 2557 604 2588 πολιτείας
620 2557 701 2584 τοῦτο
731 2557 842 2592 θεσμοῖς
860 2559 914 2585 ἅπ-

129 2607 290 2641 ηγόρευται,
306 2603 396 2639 πολλῷ
411 2604 450 2638 τῷ
470 2604 545 2638 μέσῳ
561 2604 604 2638 εῐη
619 2603 652 2630 ἂν
671 2604 914 2639 ἀποτετραμμένον

130 2652 186 2682 τοῖς
199 2650 435 2685 ἑκκλησιαστικοίς
448 2650 496 2675 καὶ
518 2651 724 2684 πνευματικοῖς.
741 2649 786 2675 Διὸ
806 2651 854 2676 καὶ
868 2650 915 2684 βα-

133 2697 236 2732 ρύτατα
251 2696 330 2723 τοῦτο
342 2695 450 2726 κολάζει
464 2694 477 2721 ὃ
500 2693 590 2721 κανὼν
614 2695 661 2721 ἐπὶ
674 2694 824 2730 κληρικῶν.
840 2694 916 2720 1(αο-

132 2743 270 2778 αιρεῖσθαι
286 2742 341 2778 γὰρ
365 2742 464 2773 αὐτοὺς
480 2742 509 2767 ἐν
542 2740 634 2775 ταύτῷ
660 2743 707 2768 καὶ
732 2741 913 2776 ἀφορίζεσθαι

131 2789 315 2821 διατάττεται,
327 2788 395 2823 ὅπερ
411 2787 557 2819 σπανιάκις
581 2787 750 2823 εὑρίσκεται.
771 2786 846 2814 ’Λντὶ
859 2787 913 2822 γὰρ

133 2836 224 2871 πάσης
237 2835 337 2870 ἑτέρας
349 2833 483 2869 τιμωρίας
503 2834 541 2865 ὼς
556 2834 602 2860 ἐπὶ
617 2834 648 2860 τὸ
664 2834 733 2860 πολὺ
748 2834 805 2866 τοῖς
815 2833 913 2868 κεκλη-

134 2882 268 2918 ρωμένοις
280 2881 376 2916 ἀρκεῖν
390 2879 599 2915 νενομοθέτηται
624 2881 641 2915 ἡ
658 2879 828 2915 καθαίρεσις.
842 2880 912 2911 Τοὺς

963 2295 993 2318 ut
1005 2291 1090 2318 veteri
1107 2291 1164 2326 lege
1179 2289 1280 2324 aliquis
1296 2288 1375 2323 degat
1392 2295 1454 2314 eum
1470 2285 1646 2323 concubinis.

998 2419 1127 2453 ZONAR:
1146 2422 1305 2450 Meretrices
1317 2421 1391 2448 alere
1403 2421 1523 2448 civilium
1538 2426 1646 2454 quoque
1658 2423 1747 2453 legum

965 2471 1119 2500 sanctiones
1141 2473 1243 2497 vetant.
1262 2468 1341 2495 Alere
1362 2475 1426 2495 vero
1451 2466 1613 2493 meretrices
1636 2468 1688 2495 est,
1706 2463 1749 2490 eis

963 2518 998 2546 ob
1023 2517 1129 2544 lucrum
1157 2522 1190 2542 ex
1214 2513 1373 2541 meretricio
1396 2518 1501 2548 quaestu
1527 2509 1749 2546 percipiendum,

962 2570 1025 2590 cum
1056 2562 1212 2588 animarum
1245 2560 1367 2595 pernicie
1397 2559 1529 2585 alimenta
1561 2554 1745 2590 suppeditarc.

962 2609 1050 2643 Quam
1074 2616 1142 2641 rem,
1170 2609 1193 2635 si
1224 2607 1320 2634 civiles
1342 2613 1452 2641 quoque
1476 2605 1549 2639 leges
1576 2601 1749 2636 prohibeant,

963 2655 1050 2682 multo
1064 2654 1138 2681 illam
1153 2657 1227 2680 certe
1240 2653 1325 2687 magis
1338 2650 1531 2678 ecclesiasticae
1545 2655 1575 2674 ac
1588 2645 1749 2681 spirituales

965 2699 1065 2727 debent
1088 2699 1222 2726 aversari.
1249 2697 1366 2724 Proinde
1392 2695 1532 2730 graviores
1554 2692 1635 2719 etiam
1660 2697 1749 2725 pinna:

965 2745 1072 2773 clericis
1084 2746 1111 2772 in
1126 2745 1177 2771 hoc
1191 2750 1290 2779 genere
1304 2739 1525 2775 delinquentibus
1537 2738 1670 2770 irrogata.
1683 2735 1752 2763 Illos

964 2791 1099 2826 siquidem
1124 2789 1206 2825 (quod
1230 2796 1284 2815 non
1308 2787 1346 2814 ita
1369 2787 1467 2813 crebro
1493 2784 1624 2819 reperias)
1648 2782 1749 2816 deponi

963 2837 1045 2864 simul
1062 2840 1089 2863 et
1099 2834 1235 2870 segregari
1247 2832 1338 2868 jubet.
1351 2831 1404 2859 Pro
1417 2830 1515 2866 quovis
1528 2829 1601 2857 enim
1617 2828 1671 2856 alio
1681 2835 1751 2863 sup-

965 2882 1046 2917 plicio
1058 2882 1085 2908 in
1099 2888 1157 2912 eos,
1168 2880 1214 2915 qui
1231 2879 1304 2906 clero
1319 2877 1431 2912 ascripti
1448 2876 1567 2909 fuerant,
1587 2875 1749 2911 plerumque
