  <div class='ocr_page' id='page_1' title='image "/cluster/home/n/w/nwhite01/storage/ocr_20150623/137/njp.32101077773115/444.png"; bbox 0 0 1936 3105; ppageno 0'>
   <div class='ocr_carea' id='block_1_1' title="bbox 10 237 96 268">
    <p class='ocr_par' dir='ltr' id='par_1_1' title="bbox 10 237 96 268">
     <span class='ocr_line' id='line_1_1' title="bbox 10 237 96 268; baseline -0.023 0"><span class='ocrx_word' id='word_1_1' title='bbox 10 237 13 242; x_wconf 86' lang='grc'><em>’</em></span> <span class='ocrx_word' id='word_1_2' title='bbox 52 237 96 268; x_wconf 71' lang='lat'><strong>6.7</strong></span> 
     </span>
    </p>
   </div>
   <div class='ocr_carea' id='block_1_2' title="bbox 9 279 863 332">
    <p class='ocr_par' dir='ltr' id='par_1_2' title="bbox 9 279 863 332">
     <span class='ocr_line' id='line_1_2' title="bbox 9 279 863 332; baseline -0.007 -12"><span class='ocrx_word' id='word_1_3' title='bbox 53 292 153 319; x_wconf 79' lang='grc' dir='ltr'><strong>ΔΡΙΣΤ.</strong></span> <span class='ocrx_word' id='word_1_4' title='bbox 176 301 185 318; x_wconf 79' lang='grc' dir='ltr'><strong>ι</strong></span> <span class='ocrx_word' id='word_1_5' title='bbox 196 291 282 327; x_wconf 85' lang='grc' dir='ltr'>Ἱεροῦ</span> <span class='ocrx_word' id='word_1_6' title='bbox 296 290 372 318; x_wconf 75' lang='grc' dir='ltr'>ἔνδον</span> <span class='ocrx_word' id='word_1_7' title='bbox 388 291 439 317; x_wconf 87' lang='grc' dir='ltr'>οὐκ</span> <span class='ocrx_word' id='word_1_8' title='bbox 454 290 596 325; x_wconf 71' lang='grc' dir='ltr'><strong>εἰσάγεται</strong></span> <span class='ocrx_word' id='word_1_9' title='bbox 622 289 736 324; x_wconf 75' lang='grc' dir='ltr'>κτῆνος,</span> <span class='ocrx_word' id='word_1_10' title='bbox 752 289 776 315; x_wconf 82' lang='grc' dir='ltr'>εἰ</span> <span class='ocrx_word' id='word_1_11' title='bbox 791 287 828 324; x_wconf 84' lang='grc' dir='ltr'>μὴ</span> <span class='ocrx_word' id='word_1_12' title='bbox 844 289 863 317; x_wconf 85' lang='grc' dir='ltr'><strong>Α</strong></span> 
     </span>
    </p>
   </div>
   <div class='ocr_carea' id='block_1_3' title="bbox 10 333 774 373">
    <p class='ocr_par' dir='ltr' id='par_1_3' title="bbox 10 333 774 373">
     <span class='ocr_line' id='line_1_3' title="bbox 10 333 774 373; baseline -0.007 -6"><span class='ocrx_word' id='word_1_13' title='bbox 10 333 11 339; x_wconf 33' lang='lat'>‘</span> <span class='ocrx_word' id='word_1_14' title='bbox 85 349 94 366; x_wconf 84' lang='lat'><strong>(</strong></span> <span class='ocrx_word' id='word_1_15' title='bbox 107 338 312 370; x_wconf 73' lang='grc' dir='ltr'>καταλαϐούσης</span> <span class='ocrx_word' id='word_1_16' title='bbox 338 338 369 364; x_wconf 79' lang='grc' dir='ltr'>ὲν</span> <span class='ocrx_word' id='word_1_17' title='bbox 384 337 437 372; x_wconf 76' lang='grc' dir='ltr'><strong>ὀδῷ</strong></span> <span class='ocrx_word' id='word_1_18' title='bbox 465 337 596 373; x_wconf 75' lang='grc' dir='ltr'><strong>μεγίστης</strong></span> <span class='ocrx_word' id='word_1_19' title='bbox 612 335 745 370; x_wconf 83' lang='grc' dir='ltr'>ἀνάγκης.</span> <span class='ocrx_word' id='word_1_20' title='bbox 765 344 774 361; x_wconf 74' lang='grc'><em>³</em></span> 
     </span>
    </p>
   </div>
   <div class='ocr_carea' id='block_1_4' title="bbox 83 428 828 464">
    <p class='ocr_par' dir='ltr' id='par_1_4' title="bbox 83 428 828 464">
     <span class='ocr_line' id='line_1_4' title="bbox 83 428 828 464; baseline -0.004 -8"><span class='ocrx_word' id='word_1_21' title='bbox 83 429 147 456; x_wconf 77' lang='grc' dir='ltr'>Είδέ</span> <span class='ocrx_word' id='word_1_22' title='bbox 159 437 201 461; x_wconf 82' lang='grc' dir='ltr'><strong>τις</strong></span> <span class='ocrx_word' id='word_1_23' title='bbox 226 429 311 464; x_wconf 80' lang='grc' dir='ltr'>χωρὶς</span> <span class='ocrx_word' id='word_1_24' title='bbox 328 429 461 464; x_wconf 70' lang='grc' dir='ltr'>ἀνάγκης,</span> <span class='ocrx_word' id='word_1_25' title='bbox 478 428 603 464; x_wconf 81' lang='grc' dir='ltr'>εὐπορῶν</span> <span class='ocrx_word' id='word_1_26' title='bbox 633 428 726 463; x_wconf 77' lang='grc' dir='ltr'>ἑτέρου</span> <span class='ocrx_word' id='word_1_27' title='bbox 746 436 828 454; x_wconf 83' lang='grc' dir='ltr'>κατα-</span> 
     </span>
    </p>
   </div>
   <div class='ocr_carea' id='block_1_5' title="bbox 10 473 828 510">
    <p class='ocr_par' dir='ltr' id='par_1_5' title="bbox 10 473 828 510">
     <span class='ocr_line' id='line_1_5' title="bbox 10 473 828 510; baseline -0.001 -9"><span class='ocrx_word' id='word_1_28' title='bbox 10 475 11 478; x_wconf 59' lang='grc'><em>“</em></span> <span class='ocrx_word' id='word_1_29' title='bbox 54 475 159 508; x_wconf 78' lang='grc' dir='ltr'>γωγίου,</span> <span class='ocrx_word' id='word_1_30' title='bbox 178 474 253 502; x_wconf 75' lang='grc' dir='ltr'>ἔνδον</span> <span class='ocrx_word' id='word_1_31' title='bbox 280 475 326 501; x_wconf 71' lang='grc' dir='ltr'><strong>τοῦ</strong></span> <span class='ocrx_word' id='word_1_32' title='bbox 345 475 417 510; x_wconf 86' lang='grc' dir='ltr'>ίεροῦ</span> <span class='ocrx_word' id='word_1_33' title='bbox 429 475 494 502; x_wconf 85' lang='grc' dir='ltr'>ναοῦ</span> <span class='ocrx_word' id='word_1_34' title='bbox 510 475 541 501; x_wconf 80' lang='grc' dir='ltr'>τὸ</span> <span class='ocrx_word' id='word_1_35' title='bbox 569 473 718 507; x_wconf 69' lang='grc' dir='ltr'>ὑποζύγιον</span> <span class='ocrx_word' id='word_1_36' title='bbox 745 473 828 501; x_wconf 86' lang='grc' dir='ltr'>αὑτοῦ</span> 
     </span>
    </p>
   </div>
   <div class='ocr_carea' id='block_1_6' title="bbox 9 518 829 555">
    <p class='ocr_par' dir='ltr' id='par_1_6' title="bbox 9 518 829 555">
     <span class='ocr_line' id='line_1_6' title="bbox 9 518 829 555; baseline -0.004 -8"><span class='ocrx_word' id='word_1_37' title='bbox 9 518 11 526; x_wconf 89' lang='grc'><em>’</em></span> <span class='ocrx_word' id='word_1_38' title='bbox 59 521 163 552; x_wconf 75' lang='grc' dir='ltr'>εἰσάξει,</span> <span class='ocrx_word' id='word_1_39' title='bbox 179 521 203 547; x_wconf 90' lang='grc' dir='ltr'><strong>εί</strong></span> <span class='ocrx_word' id='word_1_40' title='bbox 220 521 268 554; x_wconf 84' lang='grc' dir='ltr'>μὲν</span> <span class='ocrx_word' id='word_1_41' title='bbox 294 521 423 555; x_wconf 76' lang='grc' dir='ltr'>κληρικός</span> <span class='ocrx_word' id='word_1_42' title='bbox 436 521 505 553; x_wconf 76' lang='grc' dir='ltr'>ἐστι,</span> <span class='ocrx_word' id='word_1_43' title='bbox 530 519 772 555; x_wconf 75' lang='grc' dir='ltr'><strong>καθαιρεθήσεται,</strong></span> <span class='ocrx_word' id='word_1_44' title='bbox 805 519 829 545; x_wconf 80' lang='grc' dir='ltr'>εἰ</span> 
     </span>
    </p>
   </div>
   <div class='ocr_carea' id='block_1_7' title="bbox 51 566 433 602">
    <p class='ocr_par' dir='ltr' id='par_1_7' title="bbox 51 566 433 602">
     <span class='ocr_line' id='line_1_7' title="bbox 51 566 433 602; baseline 0 -9"><span class='ocrx_word' id='word_1_45' title='bbox 51 566 184 599; x_wconf 67' lang='grc' dir='ltr'>δὲλαῖκὺς,</span> <span class='ocrx_word' id='word_1_46' title='bbox 209 567 433 602; x_wconf 69' lang='grc' dir='ltr'>ἀφορισθήσεται.</span> 
     </span>
    </p>
   </div>
   <div class='ocr_carea' id='block_1_8' title="bbox 343 613 546 640">
    <p class='ocr_par' dir='ltr' id='par_1_8' title="bbox 343 613 546 640">
     <span class='ocr_line' id='line_1_8' title="bbox 343 613 546 640; baseline 0 0"><span class='ocrx_word' id='word_1_47' title='bbox 343 613 465 640; x_wconf 79' lang='grc' dir='ltr'><strong>ΚΛΝΩΝ</strong></span> <span class='ocrx_word' id='word_1_48' title='bbox 482 613 546 640; x_wconf 74' lang='lat'><strong>“8&#39;.</strong></span> 
     </span>
    </p>
   </div>
   <div class='ocr_carea' id='block_1_9' title="bbox 54 657 828 693">
    <p class='ocr_par' dir='ltr' id='par_1_9' title="bbox 54 657 828 693">
     <span class='ocr_line' id='line_1_9' title="bbox 54 657 828 693; baseline 0 -11"><span class='ocrx_word' id='word_1_49' title='bbox 54 667 62 682; x_wconf 76' lang='grc' dir='ltr'><strong>ι</strong></span> <span class='ocrx_word' id='word_1_50' title='bbox 82 657 134 689; x_wconf 79' lang='grc' dir='ltr'><strong>Τὰς</strong></span> <span class='ocrx_word' id='word_1_51' title='bbox 143 657 189 684; x_wconf 89' lang='grc' dir='ltr'><strong>τοῦ</strong></span> <span class='ocrx_word' id='word_1_52' title='bbox 207 657 342 692; x_wconf 79' lang='grc' dir='ltr'><strong>σωτηρίου</strong></span> <span class='ocrx_word' id='word_1_53' title='bbox 358 658 460 689; x_wconf 79' lang='grc' dir='ltr'><strong>πάθους</strong></span> <span class='ocrx_word' id='word_1_54' title='bbox 484 658 592 693; x_wconf 82' lang='grc' dir='ltr'>ἡμέρας</span> <span class='ocrx_word' id='word_1_55' title='bbox 606 658 635 685; x_wconf 80' lang='grc' dir='ltr'><strong>έν</strong></span> <span class='ocrx_word' id='word_1_56' title='bbox 646 657 762 692; x_wconf 76' lang='grc' dir='ltr'>νηστείᾳ</span> <span class='ocrx_word' id='word_1_57' title='bbox 781 657 828 683; x_wconf 76' lang='grc' dir='ltr'>καὶ</span> 
     </span>
    </p>
   </div>
   <div class='ocr_carea' id='block_1_10' title="bbox 83 703 828 740">
    <p class='ocr_par' dir='ltr' id='par_1_10' title="bbox 83 703 828 740">
     <span class='ocr_line' id='line_1_10' title="bbox 83 703 828 740; baseline 0.001 -11"><span class='ocrx_word' id='word_1_58' title='bbox 83 713 91 729; x_wconf 73' lang='grc' dir='ltr'><strong>ι</strong></span> <span class='ocrx_word' id='word_1_59' title='bbox 110 706 246 740; x_wconf 81' lang='grc' dir='ltr'>προσευχῇ</span> <span class='ocrx_word' id='word_1_60' title='bbox 269 705 318 732; x_wconf 81' lang='grc' dir='ltr'>καὶ</span> <span class='ocrx_word' id='word_1_61' title='bbox 340 704 485 736; x_wconf 77' lang='grc' dir='ltr'>κατανύξει</span> <span class='ocrx_word' id='word_1_62' title='bbox 502 704 614 739; x_wconf 80' lang='grc' dir='ltr'>καρδίας</span> <span class='ocrx_word' id='word_1_63' title='bbox 626 703 828 734; x_wconf 74' lang='grc' dir='ltr'><strong>ἐπιτελοῦντας,</strong></span> 
     </span>
    </p>
   </div>
   <div class='ocr_carea' id='block_1_11' title="bbox 85 749 831 785">
    <p class='ocr_par' dir='ltr' id='par_1_11' title="bbox 85 749 831 785">
     <span class='ocr_line' id='line_1_11' title="bbox 85 749 831 785; baseline -0.001 -9"><span class='ocrx_word' id='word_1_64' title='bbox 85 759 93 776; x_wconf 88' lang='grc' dir='ltr'><strong>ι</strong></span> <span class='ocrx_word' id='word_1_65' title='bbox 108 750 159 785; x_wconf 81' lang='grc' dir='ltr'><strong>χρὴ</strong></span> <span class='ocrx_word' id='word_1_66' title='bbox 181 750 244 782; x_wconf 74' lang='grc' dir='ltr'>τοὺς</span> <span class='ocrx_word' id='word_1_67' title='bbox 265 751 378 783; x_wconf 69' lang='grc' dir='ltr'>πιστοὺς</span> <span class='ocrx_word' id='word_1_68' title='bbox 390 750 454 785; x_wconf 72' lang='grc' dir='ltr'>περὶ</span> <span class='ocrx_word' id='word_1_69' title='bbox 468 749 551 785; x_wconf 81' lang='grc' dir='ltr'>μέσας</span> <span class='ocrx_word' id='word_1_70' title='bbox 569 751 618 784; x_wconf 81' lang='grc' dir='ltr'>τῆς</span> <span class='ocrx_word' id='word_1_71' title='bbox 634 750 698 785; x_wconf 66' lang='grc' dir='ltr'>περὶ</span> <span class='ocrx_word' id='word_1_72' title='bbox 713 750 744 776; x_wconf 80' lang='grc' dir='ltr'>τὸ</span> <span class='ocrx_word' id='word_1_73' title='bbox 759 749 831 785; x_wconf 82' lang='grc' dir='ltr'>μέγα</span> 
     </span>
    </p>
   </div>
   <div class='ocr_carea' id='block_1_12' title="bbox 85 795 830 831">
    <p class='ocr_par' dir='ltr' id='par_1_12' title="bbox 85 795 830 831">
     <span class='ocr_line' id='line_1_12' title="bbox 85 795 830 831; baseline 0 -10"><span class='ocrx_word' id='word_1_74' title='bbox 85 804 94 821; x_wconf 82' lang='grc' dir='ltr'><strong>ι</strong></span> <span class='ocrx_word' id='word_1_75' title='bbox 114 796 252 824; x_wconf 75' lang='grc' dir='ltr'>Σάῦὸατον</span> <span class='ocrx_word' id='word_1_76' title='bbox 273 797 372 828; x_wconf 81' lang='grc' dir='ltr'>νυκτὸς</span> <span class='ocrx_word' id='word_1_77' title='bbox 400 796 474 831; x_wconf 80' lang='grc' dir='ltr'>ὥρας</span> <span class='ocrx_word' id='word_1_78' title='bbox 505 795 749 831; x_wconf 78' lang='grc' dir='ltr'>ἀπονηστίζεσθαι,</span> <span class='ocrx_word' id='word_1_79' title='bbox 774 798 830 822; x_wconf 80' lang='grc' dir='ltr'><strong>τῶν</strong></span> 
     </span>
    </p>
   </div>
   <div class='ocr_carea' id='block_1_13' title="bbox 86 841 828 877">
    <p class='ocr_par' dir='ltr' id='par_1_13' title="bbox 86 841 828 877">
     <span class='ocr_line' id='line_1_13' title="bbox 86 841 828 877; baseline 0 -9"><span class='ocrx_word' id='word_1_80' title='bbox 86 852 95 868; x_wconf 82' lang='grc' dir='ltr'><strong>ι</strong></span> <span class='ocrx_word' id='word_1_81' title='bbox 116 843 195 870; x_wconf 83' lang='grc' dir='ltr'>θείων</span> <span class='ocrx_word' id='word_1_82' title='bbox 208 843 410 877; x_wconf 80' lang='grc' dir='ltr'>εὐαγγελιστῶν</span> <span class='ocrx_word' id='word_1_83' title='bbox 431 843 573 870; x_wconf 83' lang='grc' dir='ltr'>Ματοαίου</span> <span class='ocrx_word' id='word_1_84' title='bbox 589 842 636 869; x_wconf 76' lang='grc' dir='ltr'>καὶ</span> <span class='ocrx_word' id='word_1_85' title='bbox 655 843 759 874; x_wconf 81' lang='grc' dir='ltr'>Λουκᾶ,</span> <span class='ocrx_word' id='word_1_86' title='bbox 781 841 828 868; x_wconf 90' lang='grc' dir='ltr'><strong>τοῦ</strong></span> 
     </span>
    </p>
   </div>
   <div class='ocr_carea' id='block_1_14' title="bbox 87 888 829 925">
    <p class='ocr_par' dir='ltr' id='par_1_14' title="bbox 87 888 829 925">
     <span class='ocr_line' id='line_1_14' title="bbox 87 888 829 925; baseline -0.001 -10"><span class='ocrx_word' id='word_1_87' title='bbox 87 899 95 915; x_wconf 87' lang='grc' dir='ltr'><strong>ι</strong></span> <span class='ocrx_word' id='word_1_88' title='bbox 114 890 162 925; x_wconf 77' lang='grc' dir='ltr'>μὲν</span> <span class='ocrx_word' id='word_1_89' title='bbox 182 890 227 918; x_wconf 73' lang='grc' dir='ltr'>διὰ</span> <span class='ocrx_word' id='word_1_90' title='bbox 237 890 282 916; x_wconf 91' lang='grc' dir='ltr'><strong>τοῦ</strong></span> <span class='ocrx_word' id='word_1_91' title='bbox 294 890 342 925; x_wconf 75' lang='grc' dir='ltr'><strong>ὀψὲ</strong></span> <span class='ocrx_word' id='word_1_92' title='bbox 357 890 503 917; x_wconf 75' lang='grc' dir='ltr'>Σαὸὃάτων</span> <span class='ocrx_word' id='word_1_93' title='bbox 521 890 655 925; x_wconf 77' lang='grc' dir='ltr'>ῥήματος,</span> <span class='ocrx_word' id='word_1_94' title='bbox 666 888 713 915; x_wconf 87' lang='grc' dir='ltr'><strong>τοῦ</strong></span> <span class='ocrx_word' id='word_1_95' title='bbox 739 889 766 914; x_wconf 82' lang='grc' dir='ltr'><strong>δὲ</strong></span> <span class='ocrx_word' id='word_1_96' title='bbox 785 888 829 915; x_wconf 77' lang='grc' dir='ltr'>διὰ</span> 
     </span>
    </p>
   </div>
   <div class='ocr_carea' id='block_1_15' title="bbox 85 935 828 973">
    <p class='ocr_par' dir='ltr' id='par_1_15' title="bbox 85 935 828 973">
     <span class='ocr_line' id='line_1_15' title="bbox 85 935 828 973; baseline -0.001 -10"><span class='ocrx_word' id='word_1_97' title='bbox 85 946 94 963; x_wconf 74' lang='grc' dir='ltr'><strong>ι</strong></span> <span class='ocrx_word' id='word_1_98' title='bbox 107 936 152 963; x_wconf 73' lang='grc' dir='ltr'>τιιῦ</span> <span class='ocrx_word' id='word_1_99' title='bbox 164 937 264 972; x_wconf 75' lang='grc' dir='ltr'>ὄρθρου</span> <span class='ocrx_word' id='word_1_100' title='bbox 281 937 388 972; x_wconf 68' lang='grc' dir='ltr'>βαθέος,</span> <span class='ocrx_word' id='word_1_101' title='bbox 406 937 456 972; x_wconf 85' lang='grc' dir='ltr'>τὴν</span> <span class='ocrx_word' id='word_1_102' title='bbox 483 935 636 973; x_wconf 87' lang='grc' dir='ltr'>βραδύτητα</span> <span class='ocrx_word' id='word_1_103' title='bbox 651 935 701 970; x_wconf 82' lang='grc' dir='ltr'>τῆς</span> <span class='ocrx_word' id='word_1_104' title='bbox 732 936 828 966; x_wconf 73' lang='grc' dir='ltr'>νυκτὸς</span> 
     </span>
    </p>
   </div>
   <div class='ocr_carea' id='block_1_16' title="bbox 81 982 413 1018">
    <p class='ocr_par' dir='ltr' id='par_1_16' title="bbox 81 982 413 1018">
     <span class='ocr_line' id='line_1_16' title="bbox 81 982 413 1018; baseline 0.006 -10"><span class='ocrx_word' id='word_1_105' title='bbox 81 992 89 1008; x_wconf 83' lang='grc' dir='ltr'><strong>ι</strong></span> <span class='ocrx_word' id='word_1_106' title='bbox 112 982 176 1016; x_wconf 81' lang='grc' dir='ltr'>ἡμῖν</span> <span class='ocrx_word' id='word_1_107' title='bbox 191 983 413 1018; x_wconf 81' lang='grc' dir='ltr'>ὑπογραφόντων.</span> 
     </span>
    </p>
   </div>
   <div class='ocr_carea' id='block_1_17' title="bbox 79 1029 829 1060">
    <p class='ocr_par' dir='ltr' id='par_1_17' title="bbox 79 1029 829 1060">
     <span class='ocr_line' id='line_1_17' title="bbox 79 1029 829 1060; baseline -0.001 -5"><span class='ocrx_word' id='word_1_108' title='bbox 79 1029 174 1056; x_wconf 77' lang='grc' dir='ltr'><strong>ΒΑΛΣ.</strong></span> <span class='ocrx_word' id='word_1_109' title='bbox 191 1030 246 1056; x_wconf 80' lang='grc' dir='ltr'><strong>Καὶ</strong></span> <span class='ocrx_word' id='word_1_110' title='bbox 259 1031 287 1055; x_wconf 82' lang='grc' dir='ltr'>ἐν</span> <span class='ocrx_word' id='word_1_111' title='bbox 304 1029 494 1060; x_wconf 71' lang='grc' dir='ltr'>ἀποστολικοῖς</span> <span class='ocrx_word' id='word_1_112' title='bbox 520 1029 618 1056; x_wconf 79' lang='grc' dir='ltr'>κανόσι</span> <span class='ocrx_word' id='word_1_113' title='bbox 639 1029 687 1055; x_wconf 82' lang='grc' dir='ltr'>καὶ</span> <span class='ocrx_word' id='word_1_114' title='bbox 702 1029 731 1054; x_wconf 82' lang='grc' dir='ltr'>ἐν</span> <span class='ocrx_word' id='word_1_115' title='bbox 756 1036 829 1055; x_wconf 85' lang='grc' dir='ltr'>συνο-</span> 
     </span>
    </p>
   </div>
   <div class='ocr_carea' id='block_1_18' title="bbox 10 1074 827 1111">
    <p class='ocr_par' dir='ltr' id='par_1_18' title="bbox 10 1074 827 1111">
     <span class='ocr_line' id='line_1_18' title="bbox 10 1074 827 1111; baseline 0 -11"><span class='ocrx_word' id='word_1_116' title='bbox 10 1079 12 1083; x_wconf 84' lang='lat'><strong><em>&#39;</em></strong></span> <span class='ocrx_word' id='word_1_117' title='bbox 45 1074 128 1106; x_wconf 72' lang='grc' dir='ltr'>δικοῖς</span> <span class='ocrx_word' id='word_1_118' title='bbox 147 1075 358 1110; x_wconf 80' lang='grc' dir='ltr'>νενομοθέτηται</span> <span class='ocrx_word' id='word_1_119' title='bbox 377 1075 414 1111; x_wconf 84' lang='grc' dir='ltr'>μὴ</span> <span class='ocrx_word' id='word_1_120' title='bbox 449 1075 590 1110; x_wconf 83' lang='grc' dir='ltr'><strong>νηστεύειν</strong></span> <span class='ocrx_word' id='word_1_121' title='bbox 621 1075 650 1101; x_wconf 79' lang='grc' dir='ltr'>ὲν</span> <span class='ocrx_word' id='word_1_122' title='bbox 668 1074 827 1109; x_wconf 80' lang='grc' dir='ltr'><strong>Σαϐϐάτῳῆ</strong></span> 
     </span>
    </p>
   </div>
   <div class='ocr_carea' id='block_1_19' title="bbox 9 1117 829 1155">
    <p class='ocr_par' dir='ltr' id='par_1_19' title="bbox 9 1117 829 1155">
     <span class='ocr_line' id='line_1_19' title="bbox 9 1117 829 1155; baseline 0.002 -11"><span class='ocrx_word' id='word_1_123' title='bbox 9 1117 13 1132; x_wconf 75' lang='grc' dir='ltr'><strong>ί</strong></span> <span class='ocrx_word' id='word_1_124' title='bbox 43 1117 76 1144; x_wconf 82' lang='grc' dir='ltr'>ἐν</span> <span class='ocrx_word' id='word_1_125' title='bbox 90 1119 214 1155; x_wconf 74' lang='grc' dir='ltr'>κυριακῇ</span> <span class='ocrx_word' id='word_1_126' title='bbox 232 1119 297 1147; x_wconf 72' lang='grc' dir='ltr'>ἄνευ</span> <span class='ocrx_word' id='word_1_127' title='bbox 307 1120 366 1152; x_wconf 76' lang='grc' dir='ltr'>ἐνὸς</span> <span class='ocrx_word' id='word_1_128' title='bbox 391 1120 437 1147; x_wconf 71' lang='grc' dir='ltr'>καὶ</span> <span class='ocrx_word' id='word_1_129' title='bbox 452 1120 532 1155; x_wconf 80' lang='grc' dir='ltr'>μόνου</span> <span class='ocrx_word' id='word_1_130' title='bbox 559 1119 709 1152; x_wconf 75' lang='grc' dir='ltr'>Σαϐϐάτου,</span> <span class='ocrx_word' id='word_1_131' title='bbox 732 1120 829 1146; x_wconf 85' lang='grc' dir='ltr'>τούτου</span> 
     </span>
    </p>
   </div>
   <div class='ocr_carea' id='block_1_20' title="bbox 11 1163 830 1202">
    <p class='ocr_par' dir='ltr' id='par_1_20' title="bbox 11 1163 830 1202">
     <span class='ocr_line' id='line_1_20' title="bbox 11 1163 830 1202; baseline 0.005 -13"><span class='ocrx_word' id='word_1_132' title='bbox 11 1171 13 1177; x_wconf 62' lang='grc' dir='ltr'><strong>λ</strong></span> <span class='ocrx_word' id='word_1_133' title='bbox 42 1163 165 1198; x_wconf 84' lang='grc' dir='ltr'>δηλονότι</span> <span class='ocrx_word' id='word_1_134' title='bbox 184 1165 232 1192; x_wconf 88' lang='grc' dir='ltr'><strong>τοῦ</strong></span> <span class='ocrx_word' id='word_1_135' title='bbox 244 1166 375 1202; x_wconf 85' lang='grc' dir='ltr'>μεγάλου.</span> <span class='ocrx_word' id='word_1_136' title='bbox 401 1167 482 1194; x_wconf 79' lang='grc' dir='ltr'>Κατὰ</span> <span class='ocrx_word' id='word_1_137' title='bbox 501 1166 582 1193; x_wconf 81' lang='grc' dir='ltr'>τοῦτο</span> <span class='ocrx_word' id='word_1_138' title='bbox 601 1166 655 1202; x_wconf 73' lang='grc' dir='ltr'><strong>γὰρ</strong></span> <span class='ocrx_word' id='word_1_139' title='bbox 689 1167 830 1201; x_wconf 81' lang='grc' dir='ltr'>νηστεύειν</span> 
     </span>
    </p>
   </div>
   <div class='ocr_carea' id='block_1_21' title="bbox 43 1211 830 1248">
    <p class='ocr_par' dir='ltr' id='par_1_21' title="bbox 43 1211 830 1248">
     <span class='ocr_line' id='line_1_21' title="bbox 43 1211 830 1248; baseline 0.003 -11"><span class='ocrx_word' id='word_1_140' title='bbox 43 1211 283 1248; x_wconf 76' lang='grc' dir='ltr'>προτετάχθημεν.</span> <span class='ocrx_word' id='word_1_141' title='bbox 324 1213 491 1245; x_wconf 74' lang='grc' dir='ltr'>’Δκολοὺθως</span> <span class='ocrx_word' id='word_1_142' title='bbox 511 1211 558 1241; x_wconf 83' lang='grc' dir='ltr'>οὖν</span> <span class='ocrx_word' id='word_1_143' title='bbox 599 1215 703 1246; x_wconf 81' lang='grc' dir='ltr'>τούτοις</span> <span class='ocrx_word' id='word_1_144' title='bbox 746 1219 792 1241; x_wconf 81' lang='grc' dir='ltr'><strong>και</strong></span> <span class='ocrx_word' id='word_1_145' title='bbox 816 1213 830 1239; x_wconf 83' lang='grc' dir='ltr'><strong><em>ὁ</em></strong></span> 
     </span>
    </p>
   </div>
   <div class='ocr_carea' id='block_1_22' title="bbox 42 1257 826 1295">
    <p class='ocr_par' dir='ltr' id='par_1_22' title="bbox 42 1257 826 1295">
     <span class='ocr_line' id='line_1_22' title="bbox 42 1257 826 1295; baseline 0.004 -11"><span class='ocrx_word' id='word_1_146' title='bbox 42 1257 140 1293; x_wconf 85' lang='grc' dir='ltr'>παρὼν</span> <span class='ocrx_word' id='word_1_147' title='bbox 152 1260 243 1285; x_wconf 82' lang='grc' dir='ltr'>κανὼν</span> <span class='ocrx_word' id='word_1_148' title='bbox 268 1259 368 1295; x_wconf 76' lang='grc' dir='ltr'>ὀρέζων</span> <span class='ocrx_word' id='word_1_149' title='bbox 388 1259 460 1286; x_wconf 84' lang='grc' dir='ltr'>κατὰ</span> <span class='ocrx_word' id='word_1_150' title='bbox 474 1260 523 1292; x_wconf 81' lang='grc' dir='ltr'><strong>τὰς</strong></span> <span class='ocrx_word' id='word_1_151' title='bbox 552 1259 617 1291; x_wconf 79' lang='grc' dir='ltr'>ὅλας</span> <span class='ocrx_word' id='word_1_152' title='bbox 645 1261 752 1295; x_wconf 79' lang='grc' dir='ltr'>ἡμέρας</span> <span class='ocrx_word' id='word_1_153' title='bbox 779 1260 826 1287; x_wconf 85' lang='grc' dir='ltr'><strong>τοῦ</strong></span> 
     </span>
    </p>
   </div>
   <div class='ocr_carea' id='block_1_23' title="bbox 41 1303 829 1342">
    <p class='ocr_par' dir='ltr' id='par_1_23' title="bbox 41 1303 829 1342">
     <span class='ocr_line' id='line_1_23' title="bbox 41 1303 829 1342; baseline 0.004 -13"><span class='ocrx_word' id='word_1_154' title='bbox 41 1303 179 1339; x_wconf 78' lang='grc' dir='ltr'><strong>σωτηρίου</strong></span> <span class='ocrx_word' id='word_1_155' title='bbox 194 1305 296 1336; x_wconf 64' lang='grc' dir='ltr'>πάθους</span> <span class='ocrx_word' id='word_1_156' title='bbox 307 1305 355 1332; x_wconf 81' lang='grc' dir='ltr'><strong>τοῦ</strong></span> <span class='ocrx_word' id='word_1_157' title='bbox 368 1305 487 1340; x_wconf 79' lang='grc' dir='ltr'>Χριστοῦ</span> <span class='ocrx_word' id='word_1_158' title='bbox 502 1306 550 1332; x_wconf 73' lang='grc' dir='ltr'>καὶ</span> <span class='ocrx_word' id='word_1_159' title='bbox 578 1305 647 1332; x_wconf 83' lang='grc' dir='ltr'>Θεοῦ</span> <span class='ocrx_word' id='word_1_160' title='bbox 674 1306 753 1341; x_wconf 81' lang='grc' dir='ltr'>ἡμῶν</span> <span class='ocrx_word' id='word_1_161' title='bbox 783 1315 829 1342; x_wconf 86' lang='grc' dir='ltr'>νη-</span> 
     </span>
    </p>
   </div>
   <div class='ocr_carea' id='block_1_24' title="bbox 41 1350 829 1387">
    <p class='ocr_par' dir='ltr' id='par_1_24' title="bbox 41 1350 829 1387">
     <span class='ocr_line' id='line_1_24' title="bbox 41 1350 829 1387; baseline 0.004 -11"><span class='ocrx_word' id='word_1_162' title='bbox 41 1350 151 1378; x_wconf 71' lang='grc' dir='ltr'>στεύειν</span> <span class='ocrx_word' id='word_1_163' title='bbox 166 1351 214 1377; x_wconf 78' lang='grc' dir='ltr'>καὶ</span> <span class='ocrx_word' id='word_1_164' title='bbox 234 1351 434 1387; x_wconf 73' lang='grc' dir='ltr'>προσεύχεσθαι</span> <span class='ocrx_word' id='word_1_165' title='bbox 449 1352 516 1387; x_wconf 69' lang='grc' dir='ltr'>μετὰ</span> <span class='ocrx_word' id='word_1_166' title='bbox 534 1351 720 1385; x_wconf 77' lang='grc' dir='ltr'>κατανύξεως,</span> <span class='ocrx_word' id='word_1_167' title='bbox 747 1361 829 1379; x_wconf 84' lang='grc' dir='ltr'>τουτ-</span> 
     </span>
    </p>
   </div>
   <div class='ocr_carea' id='block_1_25' title="bbox 9 1396 829 1434">
    <p class='ocr_par' dir='ltr' id='par_1_25' title="bbox 9 1396 829 1434">
     <span class='ocr_line' id='line_1_25' title="bbox 9 1396 829 1434; baseline 0.005 -12"><span class='ocrx_word' id='word_1_168' title='bbox 9 1409 11 1412; x_wconf 59' lang='grc' dir='ltr'>ν</span> <span class='ocrx_word' id='word_1_169' title='bbox 37 1397 102 1424; x_wconf 80' lang='grc' dir='ltr'>ἐστι</span> <span class='ocrx_word' id='word_1_170' title='bbox 119 1396 156 1433; x_wconf 83' lang='grc' dir='ltr'>μὴ</span> <span class='ocrx_word' id='word_1_171' title='bbox 183 1397 246 1424; x_wconf 85' lang='grc' dir='ltr'>καθ’</span> <span class='ocrx_word' id='word_1_172' title='bbox 261 1397 418 1434; x_wconf 83' lang='grc' dir='ltr'>ὑπόκρισιν,</span> <span class='ocrx_word' id='word_1_173' title='bbox 433 1398 462 1425; x_wconf 80' lang='grc' dir='ltr'>ἐν</span> <span class='ocrx_word' id='word_1_174' title='bbox 485 1396 530 1429; x_wconf 75' lang='grc' dir='ltr'>αἷς</span> <span class='ocrx_word' id='word_1_175' title='bbox 545 1398 593 1425; x_wconf 76' lang='grc' dir='ltr'>καὶ</span> <span class='ocrx_word' id='word_1_176' title='bbox 612 1398 643 1425; x_wconf 82' lang='grc' dir='ltr'>τδ</span> <span class='ocrx_word' id='word_1_177' title='bbox 670 1399 742 1434; x_wconf 84' lang='grc' dir='ltr'>μέγα</span> <span class='ocrx_word' id='word_1_178' title='bbox 766 1408 829 1426; x_wconf 87' lang='grc' dir='ltr'>συν-</span> 
     </span>
    </p>
   </div>
   <div class='ocr_carea' id='block_1_26' title="bbox 37 1443 830 1479">
    <p class='ocr_par' dir='ltr' id='par_1_26' title="bbox 37 1443 830 1479">
     <span class='ocr_line' id='line_1_26' title="bbox 37 1443 830 1479; baseline 0.004 -10"><span class='ocrx_word' id='word_1_179' title='bbox 37 1443 205 1477; x_wconf 78' lang='grc' dir='ltr'>αριθμετται</span> <span class='ocrx_word' id='word_1_180' title='bbox 229 1444 387 1471; x_wconf 60' lang='grc' dir='ltr'>Σάῦὼιτον·</span> <span class='ocrx_word' id='word_1_181' title='bbox 422 1445 597 1479; x_wconf 81' lang='grc' dir='ltr'>προστίθησι,</span> <span class='ocrx_word' id='word_1_182' title='bbox 623 1445 694 1472; x_wconf 79' lang='grc' dir='ltr'>κατὰ</span> <span class='ocrx_word' id='word_1_183' title='bbox 716 1445 747 1472; x_wconf 74' lang='grc' dir='ltr'>τὸ</span> <span class='ocrx_word' id='word_1_184' title='bbox 764 1445 830 1472; x_wconf 76' lang='grc' dir='ltr'>αὗτὺ</span> 
     </span>
    </p>
   </div>
   <div class='ocr_carea' id='block_1_27' title="bbox 844 961 865 988">
    <p class='ocr_par' dir='ltr' id='par_1_27' title="bbox 844 961 865 988">
     <span class='ocr_line' id='line_1_27' title="bbox 844 961 865 988; baseline 0 0"><span class='ocrx_word' id='word_1_185' title='bbox 844 961 865 988; x_wconf 84' lang='grc' dir='ltr'><strong>Β</strong></span> 
     </span>
    </p>
   </div>
   <div class='ocr_carea' id='block_1_28' title="bbox 40 1487 830 1526">
    <p class='ocr_par' dir='ltr' id='par_1_28' title="bbox 40 1487 830 1526">
     <span class='ocr_line' id='line_1_28' title="bbox 40 1487 830 1526; baseline 0.005 -13"><span class='ocrx_word' id='word_1_186' title='bbox 40 1487 187 1514; x_wconf 76' lang='grc' dir='ltr'>Σάδδατον</span> <span class='ocrx_word' id='word_1_187' title='bbox 199 1488 271 1522; x_wconf 85' lang='grc' dir='ltr'>μετὰ</span> <span class='ocrx_word' id='word_1_188' title='bbox 290 1489 403 1524; x_wconf 81' lang='grc' dir='ltr'>ἓξῶρας</span> <span class='ocrx_word' id='word_1_189' title='bbox 431 1490 481 1525; x_wconf 82' lang='grc' dir='ltr'><strong>τῆς</strong></span> <span class='ocrx_word' id='word_1_190' title='bbox 509 1489 607 1521; x_wconf 78' lang='grc' dir='ltr'>νυκτὸς</span> <span class='ocrx_word' id='word_1_191' title='bbox 637 1490 830 1526; x_wconf 79' lang='grc' dir='ltr'>ἀπονηστίζειν</span> 
     </span>
    </p>
   </div>
   <div class='ocr_carea' id='block_1_29' title="bbox 35 1533 827 1570">
    <p class='ocr_par' dir='ltr' id='par_1_29' title="bbox 35 1533 827 1570">
     <span class='ocr_line' id='line_1_29' title="bbox 35 1533 827 1570; baseline 0.005 -11"><span class='ocrx_word' id='word_1_192' title='bbox 35 1533 108 1564; x_wconf 79' lang='grc' dir='ltr'>τοὺς</span> <span class='ocrx_word' id='word_1_193' title='bbox 119 1534 307 1568; x_wconf 79' lang='grc' dir='ltr'>πιστοτέρους,</span> <span class='ocrx_word' id='word_1_194' title='bbox 320 1534 366 1562; x_wconf 74' lang='grc' dir='ltr'>διὰ</span> <span class='ocrx_word' id='word_1_195' title='bbox 385 1535 416 1561; x_wconf 80' lang='grc' dir='ltr'>τὸ</span> <span class='ocrx_word' id='word_1_196' title='bbox 429 1535 579 1569; x_wconf 82' lang='grc' dir='ltr'>ἀναστῆναι</span> <span class='ocrx_word' id='word_1_197' title='bbox 589 1534 636 1561; x_wconf 81' lang='grc' dir='ltr'>τὸν</span> <span class='ocrx_word' id='word_1_198' title='bbox 649 1535 767 1570; x_wconf 70' lang='grc' dir='ltr'>Χριστὸν</span> <span class='ocrx_word' id='word_1_199' title='bbox 779 1535 827 1563; x_wconf 66' lang='grc' dir='ltr'>καὶ</span> 
     </span>
    </p>
   </div>
   <div class='ocr_carea' id='block_1_30' title="bbox 35 1579 829 1616">
    <p class='ocr_par' dir='ltr' id='par_1_30' title="bbox 35 1579 829 1616">
     <span class='ocr_line' id='line_1_30' title="bbox 35 1579 829 1616; baseline 0.003 -10"><span class='ocrx_word' id='word_1_200' title='bbox 35 1579 111 1607; x_wconf 82' lang='grc' dir='ltr'>Θεὸν</span> <span class='ocrx_word' id='word_1_201' title='bbox 137 1580 217 1616; x_wconf 74' lang='grc' dir='ltr'>ἡμῶν</span> <span class='ocrx_word' id='word_1_202' title='bbox 241 1582 312 1607; x_wconf 74' lang='grc' dir='ltr'>κατὰ</span> <span class='ocrx_word' id='word_1_203' title='bbox 347 1581 411 1613; x_wconf 75' lang='grc' dir='ltr'>τοὺς</span> <span class='ocrx_word' id='word_1_204' title='bbox 439 1581 527 1613; x_wconf 82' lang='grc' dir='ltr'>θείους</span> <span class='ocrx_word' id='word_1_205' title='bbox 550 1581 762 1615; x_wconf 80' lang='grc' dir='ltr'>εὐαγγελιστὰς,</span> <span class='ocrx_word' id='word_1_206' title='bbox 781 1582 829 1609; x_wconf 76' lang='grc' dir='ltr'><strong>τὸν</strong></span> 
     </span>
    </p>
   </div>
   <div class='ocr_carea' id='block_1_31' title="bbox 33 1626 863 1666">
    <p class='ocr_par' dir='ltr' id='par_1_31' title="bbox 33 1626 863 1666">
     <span class='ocr_line' id='line_1_31' title="bbox 33 1626 863 1666; baseline 0.004 -14"><span class='ocrx_word' id='word_1_207' title='bbox 33 1626 183 1653; x_wconf 84' lang='grc' dir='ltr'>Ματθατον</span> <span class='ocrx_word' id='word_1_208' title='bbox 195 1626 244 1652; x_wconf 80' lang='grc' dir='ltr'>καὶ</span> <span class='ocrx_word' id='word_1_209' title='bbox 255 1627 302 1654; x_wconf 80' lang='grc' dir='ltr'>τὸν</span> <span class='ocrx_word' id='word_1_210' title='bbox 316 1627 435 1661; x_wconf 81' lang='grc' dir='ltr'>Λουκᾶν,</span> <span class='ocrx_word' id='word_1_211' title='bbox 453 1628 517 1662; x_wconf 79' lang='grc' dir='ltr'>περὶ</span> <span class='ocrx_word' id='word_1_212' title='bbox 549 1628 598 1663; x_wconf 76' lang='grc' dir='ltr'>τὴν</span> <span class='ocrx_word' id='word_1_213' title='bbox 628 1627 765 1663; x_wconf 81' lang='grc' dir='ltr'>μεσότητα</span> <span class='ocrx_word' id='word_1_214' title='bbox 779 1628 829 1663; x_wconf 85' lang='grc' dir='ltr'>τῆς</span> <span class='ocrx_word' id='word_1_215' title='bbox 842 1637 863 1666; x_wconf 62' lang='grc' dir='ltr'><strong>(ι</strong></span> 
     </span>
    </p>
   </div>
   <div class='ocr_carea' id='block_1_32' title="bbox 31 1671 828 1709">
    <p class='ocr_par' dir='ltr' id='par_1_32' title="bbox 31 1671 828 1709">
     <span class='ocr_line' id='line_1_32' title="bbox 31 1671 828 1709; baseline 0.005 -13"><span class='ocrx_word' id='word_1_216' title='bbox 31 1671 142 1702; x_wconf 77' lang='grc' dir='ltr'>νυκτός</span> <span class='ocrx_word' id='word_1_217' title='bbox 151 1678 158 1686; x_wconf 73' lang='grc' dir='ltr'><strong>ο</strong></span> <span class='ocrx_word' id='word_1_218' title='bbox 167 1671 205 1703; x_wconf 85' lang='grc' dir='ltr'>ὤς</span> <span class='ocrx_word' id='word_1_219' title='bbox 214 1671 258 1698; x_wconf 86' lang='grc' dir='ltr'><strong>τοῦ</strong></span> <span class='ocrx_word' id='word_1_220' title='bbox 268 1671 318 1706; x_wconf 82' lang='grc' dir='ltr'>μὲν</span> <span class='ocrx_word' id='word_1_221' title='bbox 326 1671 461 1706; x_wconf 77' lang='grc' dir='ltr'>λέγοντος,</span> <span class='ocrx_word' id='word_1_222' title='bbox 476 1672 550 1707; x_wconf 70' lang='grc' dir='ltr'><strong>Ὀψὲ</strong></span> <span class='ocrx_word' id='word_1_223' title='bbox 562 1673 721 1700; x_wconf 77' lang='grc' dir='ltr'>Σαϐϐάτων</span> <span class='ocrx_word' id='word_1_224' title='bbox 733 1671 828 1709; x_wconf 78' lang='grc' dir='ltr'>ἦλθον</span> 
     </span>
    </p>
   </div>
   <div class='ocr_carea' id='block_1_33' title="bbox 29 1715 828 1752">
    <p class='ocr_par' dir='ltr' id='par_1_33' title="bbox 29 1715 828 1752">
     <span class='ocr_line' id='line_1_33' title="bbox 29 1715 828 1752; baseline 0.003 -10"><span class='ocrx_word' id='word_1_225' title='bbox 29 1717 69 1743; x_wconf 80' lang='grc' dir='ltr'>αἱ</span> <span class='ocrx_word' id='word_1_226' title='bbox 82 1715 192 1750; x_wconf 76' lang='grc' dir='ltr'>Μαριαι</span> <span class='ocrx_word' id='word_1_227' title='bbox 205 1717 247 1749; x_wconf 75' lang='grc' dir='ltr'>εις</span> <span class='ocrx_word' id='word_1_228' title='bbox 260 1717 313 1744; x_wconf 76' lang='grc' dir='ltr'><strong>τὸν</strong></span> <span class='ocrx_word' id='word_1_229' title='bbox 324 1717 419 1751; x_wconf 70' lang='grc' dir='ltr'>τάφον</span> <span class='ocrx_word' id='word_1_230' title='bbox 435 1717 544 1752; x_wconf 77' lang='grc' dir='ltr'>Κυρίου</span> <span class='ocrx_word' id='word_1_231' title='bbox 557 1717 606 1744; x_wconf 79' lang='grc' dir='ltr'>καὶ</span> <span class='ocrx_word' id='word_1_232' title='bbox 619 1719 674 1752; x_wconf 83' lang='grc' dir='ltr'><strong>οὐχ</strong></span> <span class='ocrx_word' id='word_1_233' title='bbox 689 1715 784 1752; x_wconf 78' lang='grc' dir='ltr'>εὖρον</span> <span class='ocrx_word' id='word_1_234' title='bbox 793 1717 828 1744; x_wconf 82' lang='grc' dir='ltr'>τὸ</span> 
     </span>
    </p>
   </div>
   <div class='ocr_carea' id='block_1_34' title="bbox 28 1761 829 1799">
    <p class='ocr_par' dir='ltr' id='par_1_34' title="bbox 28 1761 829 1799">
     <span class='ocr_line' id='line_1_34' title="bbox 28 1761 829 1799; baseline 0 -9"><span class='ocrx_word' id='word_1_235' title='bbox 28 1761 129 1796; x_wconf 78' lang='grc' dir='ltr'>σῶμα</span> <span class='ocrx_word' id='word_1_236' title='bbox 143 1762 254 1790; x_wconf 83' lang='grc' dir='ltr'>αὐτοῦ·</span> <span class='ocrx_word' id='word_1_237' title='bbox 270 1762 317 1789; x_wconf 88' lang='grc' dir='ltr'><strong>τοῦ</strong></span> <span class='ocrx_word' id='word_1_238' title='bbox 339 1763 367 1790; x_wconf 83' lang='grc' dir='ltr'>δὲ</span> <span class='ocrx_word' id='word_1_239' title='bbox 382 1763 590 1799; x_wconf 76' lang='grc' dir='ltr'>ὑπογράφοντος</span> <span class='ocrx_word' id='word_1_240' title='bbox 612 1764 662 1799; x_wconf 84' lang='grc' dir='ltr'>τὴν</span> <span class='ocrx_word' id='word_1_241' title='bbox 692 1764 829 1798; x_wconf 78' lang='grc' dir='ltr'>μεσότητα</span> 
     </span>
    </p>
   </div>
   <div class='ocr_carea' id='block_1_35' title="bbox 26 1807 829 1846">
    <p class='ocr_par' dir='ltr' id='par_1_35' title="bbox 26 1807 829 1846">
     <span class='ocr_line' id='line_1_35' title="bbox 26 1807 829 1846; baseline 0.002 -10"><span class='ocrx_word' id='word_1_242' title='bbox 26 1810 90 1844; x_wconf 76' lang='grc' dir='ltr'><strong>τῆς</strong></span> <span class='ocrx_word' id='word_1_243' title='bbox 106 1809 213 1842; x_wconf 81' lang='grc' dir='ltr'>νυκτὸς,</span> <span class='ocrx_word' id='word_1_244' title='bbox 227 1808 271 1836; x_wconf 68' lang='grc' dir='ltr'>διὰ</span> <span class='ocrx_word' id='word_1_245' title='bbox 288 1809 334 1836; x_wconf 84' lang='grc' dir='ltr'><strong>τοῦ</strong></span> <span class='ocrx_word' id='word_1_246' title='bbox 350 1810 437 1837; x_wconf 79' lang='grc' dir='ltr'>εἰπεῖν</span> <span class='ocrx_word' id='word_1_247' title='bbox 454 1819 461 1826; x_wconf 92' lang='grc'><strong><em>-</em></strong></span> <span class='ocrx_word' id='word_1_248' title='bbox 476 1809 603 1844; x_wconf 69' lang='grc' dir='ltr'>νορθρος</span> <span class='ocrx_word' id='word_1_249' title='bbox 614 1807 761 1846; x_wconf 79' lang='grc' dir='ltr'>ἧνβαθὺς</span> <span class='ocrx_word' id='word_1_250' title='bbox 779 1811 829 1838; x_wconf 81' lang='grc' dir='ltr'>ὅτε</span> 
     </span>
    </p>
   </div>
   <div class='ocr_carea' id='block_1_36' title="bbox 24 1853 830 1892">
    <p class='ocr_par' dir='ltr' id='par_1_36' title="bbox 24 1853 830 1892">
     <span class='ocr_line' id='line_1_36' title="bbox 24 1853 830 1892; baseline 0 -8"><span class='ocrx_word' id='word_1_251' title='bbox 24 1859 65 1884; x_wconf 74' lang='lat' dir='ltr'><strong>al</strong></span> <span class='ocrx_word' id='word_1_252' title='bbox 79 1853 326 1892; x_wconf 75' lang='grc' dir='ltr'>τυναῖκεςῆιθρν</span> <span class='ocrx_word' id='word_1_253' title='bbox 337 1857 380 1889; x_wconf 85' lang='grc' dir='ltr'><strong>εις</strong></span> <span class='ocrx_word' id='word_1_254' title='bbox 394 1856 428 1883; x_wconf 83' lang='grc' dir='ltr'>τὸ</span> <span class='ocrx_word' id='word_1_255' title='bbox 438 1857 594 1891; x_wconf 81' lang='grc' dir='ltr'>μνημεῖον,</span> <span class='ocrx_word' id='word_1_256' title='bbox 606 1857 659 1883; x_wconf 79' lang='grc' dir='ltr'><strong>Καὶ</strong></span> <span class='ocrx_word' id='word_1_257' title='bbox 673 1856 759 1883; x_wconf 87' lang='grc' dir='ltr'>ταῦτα</span> <span class='ocrx_word' id='word_1_258' title='bbox 779 1858 830 1892; x_wconf 79' lang='grc' dir='ltr'>μὲν</span> 
     </span>
    </p>
   </div>
   <div class='ocr_carea' id='block_1_37' title="bbox 24 1901 829 1938">
    <p class='ocr_par' dir='ltr' id='par_1_37' title="bbox 24 1901 829 1938">
     <span class='ocr_line' id='line_1_37' title="bbox 24 1901 829 1938; baseline -0.001 -9"><span class='ocrx_word' id='word_1_259' title='bbox 24 1902 141 1932; x_wconf 78' lang='grc' dir='ltr'>οὕτως.</span> <span class='ocrx_word' id='word_1_260' title='bbox 160 1901 237 1928; x_wconf 84' lang='grc' dir='ltr'>Εῐποι</span> <span class='ocrx_word' id='word_1_261' title='bbox 253 1901 280 1927; x_wconf 79' lang='grc' dir='ltr'>δέ</span> <span class='ocrx_word' id='word_1_262' title='bbox 295 1910 337 1932; x_wconf 87' lang='grc' dir='ltr'><strong>τις</strong></span> <span class='ocrx_word' id='word_1_263' title='bbox 353 1901 401 1934; x_wconf 81' lang='grc' dir='ltr'><strong>ὡς,</strong></span> <span class='ocrx_word' id='word_1_264' title='bbox 428 1902 489 1928; x_wconf 76' lang='grc' dir='ltr'>ἐπεὶ</span> <span class='ocrx_word' id='word_1_265' title='bbox 514 1903 528 1928; x_wconf 87' lang='grc' dir='ltr'><strong>ὁ</strong></span> <span class='ocrx_word' id='word_1_266' title='bbox 559 1901 649 1929; x_wconf 85' lang='grc' dir='ltr'>κανὼν</span> <span class='ocrx_word' id='word_1_267' title='bbox 677 1902 829 1938; x_wconf 78' lang='grc' dir='ltr'>διορίζεται</span> 
     </span>
    </p>
   </div>
   <div class='ocr_carea' id='block_1_38' title="bbox 23 1947 829 1983">
    <p class='ocr_par' dir='ltr' id='par_1_38' title="bbox 23 1947 829 1983">
     <span class='ocr_line' id='line_1_38' title="bbox 23 1947 829 1983; baseline 0.001 -8"><span class='ocrx_word' id='word_1_268' title='bbox 23 1950 87 1977; x_wconf 72' lang='grc' dir='ltr'><strong>ἐπὶ</strong></span> <span class='ocrx_word' id='word_1_269' title='bbox 102 1949 192 1979; x_wconf 75' lang='grc' dir='ltr'>πάσας</span> <span class='ocrx_word' id='word_1_270' title='bbox 217 1948 266 1980; x_wconf 81' lang='grc' dir='ltr'><strong>τὰς</strong></span> <span class='ocrx_word' id='word_1_271' title='bbox 295 1947 401 1983; x_wconf 82' lang='grc' dir='ltr'>ἡμέρας</span> <span class='ocrx_word' id='word_1_272' title='bbox 416 1947 464 1974; x_wconf 82' lang='grc' dir='ltr'><strong>τοῦ</strong></span> <span class='ocrx_word' id='word_1_273' title='bbox 487 1949 623 1983; x_wconf 73' lang='grc' dir='ltr'>σωτηρίου</span> <span class='ocrx_word' id='word_1_274' title='bbox 653 1949 756 1980; x_wconf 80' lang='grc' dir='ltr'>πάθους</span> <span class='ocrx_word' id='word_1_275' title='bbox 783 1957 829 1983; x_wconf 88' lang='grc' dir='ltr'>νη-</span> 
     </span>
    </p>
   </div>
   <div class='ocr_carea' id='block_1_39' title="bbox 23 1993 829 2030">
    <p class='ocr_par' dir='ltr' id='par_1_39' title="bbox 23 1993 829 2030">
     <span class='ocr_line' id='line_1_39' title="bbox 23 1993 829 2030; baseline -0.001 -8"><span class='ocrx_word' id='word_1_276' title='bbox 23 1994 151 2023; x_wconf 83' lang='grc' dir='ltr'>στεύειν</span> <span class='ocrx_word' id='word_1_277' title='bbox 163 1994 246 2029; x_wconf 79' lang='grc' dir='ltr'>ήμᾶς,</span> <span class='ocrx_word' id='word_1_278' title='bbox 258 1993 453 2028; x_wconf 77' lang='grc' dir='ltr'>ἁπονηστίζειν</span> <span class='ocrx_word' id='word_1_279' title='bbox 468 1994 496 2020; x_wconf 75' lang='grc' dir='ltr'><strong>δὲ</strong></span> <span class='ocrx_word' id='word_1_280' title='bbox 510 1994 583 2021; x_wconf 77' lang='grc' dir='ltr'>κατὰ</span> <span class='ocrx_word' id='word_1_281' title='bbox 593 1994 622 2021; x_wconf 84' lang='grc' dir='ltr'>τδ</span> <span class='ocrx_word' id='word_1_282' title='bbox 641 1994 713 2030; x_wconf 79' lang='grc' dir='ltr'>μέγα</span> <span class='ocrx_word' id='word_1_283' title='bbox 758 1995 829 2021; x_wconf 75' lang='grc' dir='ltr'>Σάϐ-</span> 
     </span>
    </p>
   </div>
   <div class='ocr_carea' id='block_1_40' title="bbox 21 2039 829 2075">
    <p class='ocr_par' dir='ltr' id='par_1_40' title="bbox 21 2039 829 2075">
     <span class='ocr_line' id='line_1_40' title="bbox 21 2039 829 2075; baseline -0.002 -7"><span class='ocrx_word' id='word_1_284' title='bbox 21 2042 125 2068; x_wconf 75' lang='grc' dir='ltr'>ϐατόν</span> <span class='ocrx_word' id='word_1_285' title='bbox 150 2040 178 2066; x_wconf 85' lang='grc' dir='ltr'>ὲν</span> <span class='ocrx_word' id='word_1_286' title='bbox 194 2039 255 2075; x_wconf 73' lang='grc' dir='ltr'>ὥρᾳ</span> <span class='ocrx_word' id='word_1_287' title='bbox 269 2039 458 2074; x_wconf 82' lang='grc' dir='ltr'>μεσονυκτίου,</span> <span class='ocrx_word' id='word_1_288' title='bbox 478 2039 625 2074; x_wconf 73' lang='grc' dir='ltr'>πρόκειται</span> <span class='ocrx_word' id='word_1_289' title='bbox 654 2040 683 2074; x_wconf 77' lang='grc' dir='ltr'><strong>ἒξ</strong></span> <span class='ocrx_word' id='word_1_290' title='bbox 707 2040 829 2075; x_wconf 81' lang='grc' dir='ltr'>ἀνάγκης</span> 
     </span>
    </p>
   </div>
   <div class='ocr_carea' id='block_1_41' title="bbox 18 2085 828 2121">
    <p class='ocr_par' dir='ltr' id='par_1_41' title="bbox 18 2085 828 2121">
     <span class='ocr_line' id='line_1_41' title="bbox 18 2085 828 2121; baseline -0.002 -7"><span class='ocrx_word' id='word_1_291' title='bbox 18 2086 113 2114; x_wconf 75' lang='grc' dir='ltr'>δυοῖν</span> <span class='ocrx_word' id='word_1_292' title='bbox 131 2085 246 2120; x_wconf 82' lang='grc' dir='ltr'>θάτερον</span> <span class='ocrx_word' id='word_1_293' title='bbox 261 2086 360 2118; x_wconf 78' lang='grc' dir='ltr'>εἰπεῖν,</span> <span class='ocrx_word' id='word_1_294' title='bbox 375 2085 391 2120; x_wconf 78' lang='grc' dir='ltr'><strong>ἢ</strong></span> <span class='ocrx_word' id='word_1_295' title='bbox 406 2085 440 2112; x_wconf 90' lang='grc' dir='ltr'><strong>δι’</strong></span> <span class='ocrx_word' id='word_1_296' title='bbox 457 2085 527 2112; x_wconf 76' lang='grc' dir='ltr'>ὅλων</span> <span class='ocrx_word' id='word_1_297' title='bbox 564 2086 618 2112; x_wconf 81' lang='grc' dir='ltr'><strong>τῶν</strong></span> <span class='ocrx_word' id='word_1_298' title='bbox 644 2086 758 2121; x_wconf 78' lang='grc' dir='ltr'>ἡμερῶν</span> <span class='ocrx_word' id='word_1_299' title='bbox 781 2085 828 2113; x_wconf 82' lang='grc' dir='ltr'><strong>τοῦ</strong></span> 
     </span>
    </p>
   </div>
   <div class='ocr_carea' id='block_1_42' title="bbox 19 2131 828 2168">
    <p class='ocr_par' dir='ltr' id='par_1_42' title="bbox 19 2131 828 2168">
     <span class='ocr_line' id='line_1_42' title="bbox 19 2131 828 2168; baseline 0.002 -10"><span class='ocrx_word' id='word_1_300' title='bbox 19 2131 185 2167; x_wconf 76' lang='grc' dir='ltr'>Κυριακοῦ</span> <span class='ocrx_word' id='word_1_301' title='bbox 212 2132 325 2164; x_wconf 81' lang='grc' dir='ltr'>πάθους,</span> <span class='ocrx_word' id='word_1_302' title='bbox 342 2131 398 2158; x_wconf 81' lang='grc' dir='ltr'>τῶν</span> <span class='ocrx_word' id='word_1_303' title='bbox 430 2131 628 2166; x_wconf 73' lang='grc' dir='ltr'>ψηφιζομένων</span> <span class='ocrx_word' id='word_1_304' title='bbox 641 2132 745 2167; x_wconf 88' lang='grc' dir='ltr'>κυρίως</span> <span class='ocrx_word' id='word_1_305' title='bbox 760 2133 828 2168; x_wconf 79' lang='grc' dir='ltr'>μετὰ</span> 
     </span>
    </p>
   </div>
   <div class='ocr_carea' id='block_1_43' title="bbox 17 2177 829 2213">
    <p class='ocr_par' dir='ltr' id='par_1_43' title="bbox 17 2177 829 2213">
     <span class='ocr_line' id='line_1_43' title="bbox 17 2177 829 2213; baseline -0.001 -7"><span class='ocrx_word' id='word_1_306' title='bbox 17 2180 87 2213; x_wconf 79' lang='grc' dir='ltr'>τὴν</span> <span class='ocrx_word' id='word_1_307' title='bbox 103 2177 232 2212; x_wconf 80' lang='grc' dir='ltr'>τετράδα,</span> <span class='ocrx_word' id='word_1_308' title='bbox 249 2177 366 2204; x_wconf 79' lang='grc' dir='ltr'>καθόλου</span> <span class='ocrx_word' id='word_1_309' title='bbox 383 2177 528 2212; x_wconf 78' lang='grc' dir='ltr'>νηστεύειν</span> <span class='ocrx_word' id='word_1_310' title='bbox 542 2178 628 2213; x_wconf 70' lang='grc' dir='ltr'>ἡμᾶς,</span> <span class='ocrx_word' id='word_1_311' title='bbox 654 2179 702 2204; x_wconf 72' lang='grc' dir='ltr'><strong>καὶ</strong></span> <span class='ocrx_word' id='word_1_312' title='bbox 728 2179 829 2212; x_wconf 79' lang='grc' dir='ltr'>παντὸς</span> 
     </span>
    </p>
   </div>
   <div class='ocr_carea' id='block_1_44' title="bbox 16 2222 828 2258">
    <p class='ocr_par' dir='ltr' id='par_1_44' title="bbox 16 2222 828 2258">
     <span class='ocr_line' id='line_1_44' title="bbox 16 2222 828 2258; baseline 0 -8"><span class='ocrx_word' id='word_1_313' title='bbox 16 2223 193 2258; x_wconf 66' lang='grc' dir='ltr'>ἀπέχεσθαι</span> <span class='ocrx_word' id='word_1_314' title='bbox 209 2222 365 2258; x_wconf 85' lang='grc' dir='ltr'>βρώματος,</span> <span class='ocrx_word' id='word_1_315' title='bbox 384 2222 455 2250; x_wconf 82' lang='grc' dir='ltr'>κατὰ</span> <span class='ocrx_word' id='word_1_316' title='bbox 471 2224 551 2258; x_wconf 79' lang='grc' dir='ltr'>μόνον</span> <span class='ocrx_word' id='word_1_317' title='bbox 580 2223 608 2250; x_wconf 78' lang='grc' dir='ltr'><strong>δὲ</strong></span> <span class='ocrx_word' id='word_1_318' title='bbox 624 2224 654 2250; x_wconf 72' lang='grc' dir='ltr'>τὸ</span> <span class='ocrx_word' id='word_1_319' title='bbox 688 2224 828 2251; x_wconf 74' lang='grc' dir='ltr'>Σάῆὁατον</span> 
     </span>
    </p>
   </div>
   <div class='ocr_carea' id='block_1_45' title="bbox 16 2268 827 2304">
    <p class='ocr_par' dir='ltr' id='par_1_45' title="bbox 16 2268 827 2304">
     <span class='ocr_line' id='line_1_45' title="bbox 16 2268 827 2304; baseline 0 -8"><span class='ocrx_word' id='word_1_320' title='bbox 16 2268 249 2304; x_wconf 82' lang='grc' dir='ltr'>ἀπονηστίζειν,</span> <span class='ocrx_word' id='word_1_321' title='bbox 267 2268 305 2300; x_wconf 81' lang='grc' dir='ltr'>ὡς</span> <span class='ocrx_word' id='word_1_322' title='bbox 325 2270 442 2304; x_wconf 69' lang='grc' dir='ltr'>εἴρηται,</span> <span class='ocrx_word' id='word_1_323' title='bbox 459 2268 474 2304; x_wconf 78' lang='grc' dir='ltr'><strong>ἢ</strong></span> <span class='ocrx_word' id='word_1_324' title='bbox 490 2269 561 2296; x_wconf 79' lang='grc' dir='ltr'>κατὰ</span> <span class='ocrx_word' id='word_1_325' title='bbox 581 2269 611 2296; x_wconf 68' lang='grc' dir='ltr'>τὸ</span> <span class='ocrx_word' id='word_1_326' title='bbox 621 2269 742 2296; x_wconf 85' lang='grc' dir='ltr'>τοιοῦτον</span> <span class='ocrx_word' id='word_1_327' title='bbox 756 2269 827 2296; x_wconf 75' lang='grc' dir='ltr'><strong>Σάϐ-</strong></span> 
     </span>
    </p>
   </div>
   <div class='ocr_carea' id='block_1_46' title="bbox 15 2315 830 2352">
    <p class='ocr_par' dir='ltr' id='par_1_46' title="bbox 15 2315 830 2352">
     <span class='ocr_line' id='line_1_46' title="bbox 15 2315 830 2352; baseline -0.004 -7"><span class='ocrx_word' id='word_1_328' title='bbox 15 2318 124 2345; x_wconf 75' lang='grc' dir='ltr'>ϐατον</span> <span class='ocrx_word' id='word_1_329' title='bbox 143 2315 375 2350; x_wconf 75' lang='grc' dir='ltr'>καταλύεινήμᾶς</span> <span class='ocrx_word' id='word_1_330' title='bbox 408 2315 488 2342; x_wconf 80' lang='grc' dir='ltr'>πλέον</span> <span class='ocrx_word' id='word_1_331' title='bbox 520 2316 576 2343; x_wconf 86' lang='grc' dir='ltr'>τῶν</span> <span class='ocrx_word' id='word_1_332' title='bbox 604 2316 692 2343; x_wconf 80' lang='grc' dir='ltr'>ἄλλων</span> <span class='ocrx_word' id='word_1_333' title='bbox 718 2317 830 2352; x_wconf 82' lang='grc' dir='ltr'>ἡμερῶν</span> 
     </span>
    </p>
   </div>
   <div class='ocr_carea' id='block_1_47' title="bbox 13 2360 830 2397">
    <p class='ocr_par' dir='ltr' id='par_1_47' title="bbox 13 2360 830 2397">
     <span class='ocr_line' id='line_1_47' title="bbox 13 2360 830 2397; baseline 0 -9"><span class='ocrx_word' id='word_1_334' title='bbox 13 2363 83 2390; x_wconf 75' lang='grc' dir='ltr'><strong>τοῦ</strong></span> <span class='ocrx_word' id='word_1_335' title='bbox 102 2360 300 2397; x_wconf 86' lang='grc' dir='ltr'>σωτηριώδους</span> <span class='ocrx_word' id='word_1_336' title='bbox 320 2360 429 2392; x_wconf 77' lang='grc' dir='ltr'>πάθους</span> <span class='ocrx_word' id='word_1_337' title='bbox 443 2361 490 2388; x_wconf 85' lang='grc' dir='ltr'><strong>τοῦ</strong></span> <span class='ocrx_word' id='word_1_338' title='bbox 506 2362 637 2397; x_wconf 83' lang='grc' dir='ltr'>Χριστοῦ.</span> <span class='ocrx_word' id='word_1_339' title='bbox 666 2362 726 2388; x_wconf 87' lang='grc' dir='ltr'>Ἴνα</span> <span class='ocrx_word' id='word_1_340' title='bbox 737 2362 763 2389; x_wconf 82' lang='grc' dir='ltr'><strong>τί</strong></span> <span class='ocrx_word' id='word_1_341' title='bbox 777 2362 830 2397; x_wconf 74' lang='grc' dir='ltr'>γὰρ</span> 
     </span>
    </p>
   </div>
   <div class='ocr_carea' id='block_1_48' title="bbox 11 2405 830 2444">
    <p class='ocr_par' dir='ltr' id='par_1_48' title="bbox 11 2405 830 2444">
     <span class='ocr_line' id='line_1_48' title="bbox 11 2405 830 2444; baseline 0.001 -11"><span class='ocrx_word' id='word_1_342' title='bbox 11 2407 203 2443; x_wconf 75' lang='grc' dir='ltr'>ὡρίσθημεν</span> <span class='ocrx_word' id='word_1_343' title='bbox 219 2406 291 2433; x_wconf 85' lang='grc' dir='ltr'>κατὰ</span> <span class='ocrx_word' id='word_1_344' title='bbox 305 2405 384 2433; x_wconf 87' lang='grc' dir='ltr'>τοῦτο</span> <span class='ocrx_word' id='word_1_345' title='bbox 396 2407 590 2442; x_wconf 77' lang='grc' dir='ltr'>ἁπονηστίζειν</span> <span class='ocrx_word' id='word_1_346' title='bbox 606 2408 635 2434; x_wconf 84' lang='grc' dir='ltr'>ὲν</span> <span class='ocrx_word' id='word_1_347' title='bbox 648 2408 830 2444; x_wconf 51' lang='grc' dir='ltr'>μεσονυκτίιιὶ,</span> 
     </span>
    </p>
   </div>
   <div class='ocr_carea' id='block_1_49' title="bbox 12 2452 830 2489">
    <p class='ocr_par' dir='ltr' id='par_1_49' title="bbox 12 2452 830 2489">
     <span class='ocr_line' id='line_1_49' title="bbox 12 2452 830 2489; baseline 0.001 -9"><span class='ocrx_word' id='word_1_348' title='bbox 12 2457 52 2483; x_wconf 77' lang='grc' dir='ltr'><strong>εἰ</strong></span> <span class='ocrx_word' id='word_1_349' title='bbox 87 2453 192 2489; x_wconf 78' lang='grc' dir='ltr'>ἐπίσης</span> <span class='ocrx_word' id='word_1_350' title='bbox 233 2452 376 2487; x_wconf 84' lang='grc' dir='ltr'>νηστεύειν</span> <span class='ocrx_word' id='word_1_351' title='bbox 415 2453 551 2487; x_wconf 82' lang='grc' dir='ltr'>μέλλομεν</span> <span class='ocrx_word' id='word_1_352' title='bbox 584 2454 656 2480; x_wconf 80' lang='grc' dir='ltr'>κατὰ</span> <span class='ocrx_word' id='word_1_353' title='bbox 685 2454 735 2486; x_wconf 83' lang='grc' dir='ltr'><strong>τὰς</strong></span> <span class='ocrx_word' id='word_1_354' title='bbox 767 2454 830 2486; x_wconf 79' lang='grc' dir='ltr'>ὄὶας</span> 
     </span>
    </p>
   </div>
   <div class='ocr_carea' id='block_1_50' title="bbox 13 2498 831 2536">
    <p class='ocr_par' dir='ltr' id='par_1_50' title="bbox 13 2498 831 2536">
     <span class='ocr_line' id='line_1_50' title="bbox 13 2498 831 2536; baseline 0 -9"><span class='ocrx_word' id='word_1_355' title='bbox 13 2499 172 2529; x_wconf 70' lang='grc' dir='ltr'>τοιαύτας</span> <span class='ocrx_word' id='word_1_356' title='bbox 183 2498 292 2534; x_wconf 79' lang='grc' dir='ltr'>ἡμέρας</span> <span class='ocrx_word' id='word_1_357' title='bbox 311 2509 320 2532; x_wconf 84' lang='lat'><strong><em>;</em></strong></span> <span class='ocrx_word' id='word_1_358' title='bbox 344 2499 423 2533; x_wconf 79' lang='grc' dir='ltr'>Ἐμοὶ</span> <span class='ocrx_word' id='word_1_359' title='bbox 438 2499 466 2525; x_wconf 82' lang='grc' dir='ltr'><strong>δὲ</strong></span> <span class='ocrx_word' id='word_1_360' title='bbox 485 2499 560 2526; x_wconf 84' lang='grc' dir='ltr'>δοκεῖ</span> <span class='ocrx_word' id='word_1_361' title='bbox 573 2499 615 2526; x_wconf 75' lang='grc' dir='ltr'><strong>ὅτι</strong></span> <span class='ocrx_word' id='word_1_362' title='bbox 634 2499 831 2536; x_wconf 79' lang='grc' dir='ltr'>ὑπεξῃρημένη</span> 
     </span>
    </p>
   </div>
   <div class='ocr_carea' id='block_1_51' title="bbox 12 2543 829 2580">
    <p class='ocr_par' dir='ltr' id='par_1_51' title="bbox 12 2543 829 2580">
     <span class='ocr_line' id='line_1_51' title="bbox 12 2543 829 2580; baseline -0.001 -7"><span class='ocrx_word' id='word_1_363' title='bbox 12 2545 115 2573; x_wconf 66' lang='grc' dir='ltr'>ἐστὶν</span> <span class='ocrx_word' id='word_1_364' title='bbox 129 2545 147 2578; x_wconf 86' lang='grc' dir='ltr'>ἡ</span> <span class='ocrx_word' id='word_1_365' title='bbox 166 2543 281 2578; x_wconf 83' lang='grc' dir='ltr'>νηστεία</span> <span class='ocrx_word' id='word_1_366' title='bbox 297 2543 345 2570; x_wconf 88' lang='grc' dir='ltr'><strong>τοῦ</strong></span> <span class='ocrx_word' id='word_1_367' title='bbox 365 2544 483 2578; x_wconf 80' lang='grc' dir='ltr'>μεγάλου</span> <span class='ocrx_word' id='word_1_368' title='bbox 499 2544 652 2578; x_wconf 75' lang='grc' dir='ltr'>Σαϐϐάτου,</span> <span class='ocrx_word' id='word_1_369' title='bbox 669 2545 716 2572; x_wconf 76' lang='grc' dir='ltr'><strong>καὶ</strong></span> <span class='ocrx_word' id='word_1_370' title='bbox 733 2554 829 2580; x_wconf 84' lang='grc' dir='ltr'>προτι-</span> 
     </span>
    </p>
   </div>
   <div class='ocr_carea' id='block_1_52' title="bbox 12 2589 830 2629">
    <p class='ocr_par' dir='ltr' id='par_1_52' title="bbox 12 2589 830 2629">
     <span class='ocr_line' id='line_1_52' title="bbox 12 2589 830 2629; baseline 0 -11"><span class='ocrx_word' id='word_1_371' title='bbox 12 2592 161 2629; x_wconf 73' lang='grc' dir='ltr'>μότερον</span> <span class='ocrx_word' id='word_1_372' title='bbox 174 2589 228 2616; x_wconf 77' lang='grc' dir='ltr'>τῶν</span> <span class='ocrx_word' id='word_1_373' title='bbox 242 2589 330 2617; x_wconf 75' lang='grc' dir='ltr'>ἄλλων</span> <span class='ocrx_word' id='word_1_374' title='bbox 346 2590 458 2625; x_wconf 77' lang='grc' dir='ltr'>ἡμερῶν</span> <span class='ocrx_word' id='word_1_375' title='bbox 474 2589 521 2616; x_wconf 93' lang='grc' dir='ltr'><strong>τοῦ</strong></span> <span class='ocrx_word' id='word_1_376' title='bbox 538 2591 667 2625; x_wconf 87' lang='grc' dir='ltr'>Χριστοῦ,</span> <span class='ocrx_word' id='word_1_377' title='bbox 695 2589 736 2617; x_wconf 73' lang='grc' dir='ltr'>ὅτι</span> <span class='ocrx_word' id='word_1_378' title='bbox 769 2591 830 2618; x_wconf 81' lang='grc' dir='ltr'>τότε</span> 
     </span>
    </p>
   </div>
   <div class='ocr_carea' id='block_1_53' title="bbox 10 2635 830 2671">
    <p class='ocr_par' dir='ltr' id='par_1_53' title="bbox 10 2635 830 2671">
     <span class='ocr_line' id='line_1_53' title="bbox 10 2635 830 2671; baseline 0 -7"><span class='ocrx_word' id='word_1_379' title='bbox 10 2636 188 2666; x_wconf 76' lang='grc' dir='ltr'>κατέκειτο</span> <span class='ocrx_word' id='word_1_380' title='bbox 198 2635 228 2662; x_wconf 81' lang='grc' dir='ltr'>ἑν</span> <span class='ocrx_word' id='word_1_381' title='bbox 243 2636 281 2670; x_wconf 87' lang='grc' dir='ltr'>τῷ</span> <span class='ocrx_word' id='word_1_382' title='bbox 294 2636 374 2670; x_wconf 83' lang='grc' dir='ltr'>τάφῳ</span> <span class='ocrx_word' id='word_1_383' title='bbox 386 2635 418 2662; x_wconf 83' lang='grc' dir='ltr'>τὺ</span> <span class='ocrx_word' id='word_1_384' title='bbox 431 2635 599 2671; x_wconf 81' lang='grc' dir='ltr'>τεθεαμένον</span> <span class='ocrx_word' id='word_1_385' title='bbox 627 2637 708 2671; x_wconf 89' lang='grc' dir='ltr'>σῶμα</span> <span class='ocrx_word' id='word_1_386' title='bbox 735 2637 830 2664; x_wconf 75' lang='grc' dir='ltr'>αὑτοῦ.</span> 
     </span>
    </p>
   </div>
   <div class='ocr_carea' id='block_1_54' title="bbox 10 2680 831 2719">
    <p class='ocr_par' dir='ltr' id='par_1_54' title="bbox 10 2680 831 2719">
     <span class='ocr_line' id='line_1_54' title="bbox 10 2680 831 2719; baseline 0.001 -10"><span class='ocrx_word' id='word_1_387' title='bbox 10 2686 45 2713; x_wconf 86' lang='grc' dir='ltr'>Χ</span> <span class='ocrx_word' id='word_1_388' title='bbox 54 2684 98 2719; x_wconf 63' lang='lat' dir='ltr'><strong>ph</strong></span> <span class='ocrx_word' id='word_1_389' title='bbox 111 2680 162 2709; x_wconf 78' lang='grc' dir='ltr'>οὖν</span> <span class='ocrx_word' id='word_1_390' title='bbox 180 2683 208 2709; x_wconf 69' lang='grc' dir='ltr'>ἐν</span> <span class='ocrx_word' id='word_1_391' title='bbox 222 2683 283 2713; x_wconf 80' lang='grc' dir='ltr'>ταῖς</span> <span class='ocrx_word' id='word_1_392' title='bbox 297 2681 391 2714; x_wconf 77' lang='grc' dir='ltr'>ἄλλαις</span> <span class='ocrx_word' id='word_1_393' title='bbox 407 2682 458 2716; x_wconf 78' lang='grc' dir='ltr'>μὲν</span> <span class='ocrx_word' id='word_1_394' title='bbox 473 2683 590 2718; x_wconf 81' lang='grc' dir='ltr'>ἡμέραις</span> <span class='ocrx_word' id='word_1_395' title='bbox 603 2683 748 2718; x_wconf 79' lang='grc' dir='ltr'>νηστεύειν</span> <span class='ocrx_word' id='word_1_396' title='bbox 760 2683 831 2718; x_wconf 68' lang='grc' dir='ltr'>μετὰ</span> 
     </span>
    </p>
   </div>
   <div class='ocr_carea' id='block_1_55' title="bbox 10 2727 830 2764">
    <p class='ocr_par' dir='ltr' id='par_1_55' title="bbox 10 2727 830 2764">
     <span class='ocr_line' id='line_1_55' title="bbox 10 2727 830 2764; baseline 0.004 -10"><span class='ocrx_word' id='word_1_397' title='bbox 10 2727 221 2761; x_wconf 73' lang='grc' dir='ltr'>κατανύξεως</span> <span class='ocrx_word' id='word_1_398' title='bbox 234 2727 279 2754; x_wconf 81' lang='grc' dir='ltr'><strong>διὰ</strong></span> <span class='ocrx_word' id='word_1_399' title='bbox 294 2727 329 2755; x_wconf 83' lang='grc' dir='ltr'><strong>τὰ</strong></span> <span class='ocrx_word' id='word_1_400' title='bbox 355 2727 428 2762; x_wconf 83' lang='grc' dir='ltr'>πάθη</span> <span class='ocrx_word' id='word_1_401' title='bbox 458 2729 506 2755; x_wconf 89' lang='grc' dir='ltr'><strong>τοῦ</strong></span> <span class='ocrx_word' id='word_1_402' title='bbox 533 2729 653 2764; x_wconf 82' lang='grc' dir='ltr'>Χριστοῦ</span> <span class='ocrx_word' id='word_1_403' title='bbox 692 2731 740 2757; x_wconf 73' lang='grc' dir='ltr'>καὶ</span> <span class='ocrx_word' id='word_1_404' title='bbox 761 2731 830 2757; x_wconf 86' lang='grc' dir='ltr'>Θεοῦ</span> 
     </span>
    </p>
   </div>
   <div class='ocr_carea' id='block_1_56' title="bbox 12 2764 832 2812">
    <p class='ocr_par' dir='ltr' id='par_1_56' title="bbox 12 2764 832 2812">
     <span class='ocr_line' id='line_1_56' title="bbox 12 2764 832 2812; baseline 0.002 -11"><span class='ocrx_word' id='word_1_405' title='bbox 12 2775 141 2812; x_wconf 62' lang='grc' dir='ltr'>ἡμῶν·</span> <span class='ocrx_word' id='word_1_406' title='bbox 172 2773 263 2809; x_wconf 87' lang='grc' dir='ltr'>πολλῴ</span> <span class='ocrx_word' id='word_1_407' title='bbox 290 2774 319 2800; x_wconf 76' lang='grc' dir='ltr'><strong>δὲ</strong></span> <span class='ocrx_word' id='word_1_408' title='bbox 349 2774 431 2801; x_wconf 81' lang='grc' dir='ltr'>πλέον</span> <span class='ocrx_word' id='word_1_409' title='bbox 458 2774 528 2802; x_wconf 75' lang='grc' dir='ltr'>κατὰ</span> <span class='ocrx_word' id='word_1_410' title='bbox 555 2775 585 2802; x_wconf 83' lang='grc' dir='ltr'>τὸ</span> <span class='ocrx_word' id='word_1_411' title='bbox 602 2764 754 2808; x_wconf 68' lang='grc' dir='ltr'>Σάϐϐατον,</span> <span class='ocrx_word' id='word_1_412' title='bbox 787 2778 832 2804; x_wconf 80' lang='grc' dir='ltr'>ὅτε</span> 
     </span>
    </p>
   </div>
   <div class='ocr_carea' id='block_1_57' title="bbox 12 2819 831 2858">
    <p class='ocr_par' dir='ltr' id='par_1_57' title="bbox 12 2819 831 2858">
     <span class='ocr_line' id='line_1_57' title="bbox 12 2819 831 2858; baseline 0.002 -10"><span class='ocrx_word' id='word_1_413' title='bbox 12 2826 33 2857; x_wconf 71' lang='grc' dir='ltr'>ἡ</span> <span class='ocrx_word' id='word_1_414' title='bbox 62 2823 102 2848; x_wconf 76' lang='grc' dir='ltr'>ὲκ</span> <span class='ocrx_word' id='word_1_415' title='bbox 116 2820 176 2846; x_wconf 86' lang='grc' dir='ltr'>τῶν</span> <span class='ocrx_word' id='word_1_416' title='bbox 186 2819 295 2854; x_wconf 81' lang='grc' dir='ltr'>δεσμῶν</span> <span class='ocrx_word' id='word_1_417' title='bbox 313 2819 361 2846; x_wconf 89' lang='grc' dir='ltr'><strong>τοῦ</strong></span> <span class='ocrx_word' id='word_1_418' title='bbox 389 2820 504 2847; x_wconf 83' lang='grc' dir='ltr'>θανάτου</span> <span class='ocrx_word' id='word_1_419' title='bbox 529 2821 722 2857; x_wconf 79' lang='grc' dir='ltr'>ἀπολύτρωσις</span> <span class='ocrx_word' id='word_1_420' title='bbox 753 2822 831 2858; x_wconf 80' lang='grc' dir='ltr'>ἡμῶν</span> 
     </span>
    </p>
   </div>
   <div class='ocr_carea' id='block_1_58' title="bbox 12 2865 224 2902">
    <p class='ocr_par' dir='ltr' id='par_1_58' title="bbox 12 2865 224 2902">
     <span class='ocr_line' id='line_1_58' title="bbox 12 2865 224 2902; baseline -0.009 -7"><span class='ocrx_word' id='word_1_421' title='bbox 12 2881 33 2898; x_wconf 64' lang='grc' dir='ltr'><strong>κ</strong></span> <span class='ocrx_word' id='word_1_422' title='bbox 43 2865 224 2902; x_wconf 47' lang='grc' dir='ltr'>μτηρτύετο.</span> 
     </span>
    </p>
   </div>
   <div class='ocr_carea' id='block_1_59' title="bbox 68 2958 649 2995">
    <p class='ocr_par' dir='ltr' id='par_1_59' title="bbox 68 2958 649 2995">
     <span class='ocr_line' id='line_1_59' title="bbox 68 2958 649 2995; baseline 0.005 -9"><span class='ocrx_word' id='word_1_423' title='bbox 68 2960 97 2975; x_wconf 67' lang='grc' dir='ltr'><strong>²ί</strong></span> <span class='ocrx_word' id='word_1_424' title='bbox 115 2958 217 2987; x_wconf 74' lang='lat' dir='ltr'><strong>Matth.</strong></span> <span class='ocrx_word' id='word_1_425' title='bbox 241 2968 333 2994; x_wconf 78' lang='lat' dir='ltr'><strong>xxvut,</strong></span> <span class='ocrx_word' id='word_1_426' title='bbox 352 2961 374 2988; x_wconf 85' lang='grc' dir='ltr'><strong>Ι.</strong></span> <span class='ocrx_word' id='word_1_427' title='bbox 414 2961 436 2978; x_wconf 73' lang='grc'><strong>⁸³</strong></span> <span class='ocrx_word' id='word_1_428' title='bbox 449 2959 516 2989; x_wconf 78' lang='lat' dir='ltr'><strong>Luc.</strong></span> <span class='ocrx_word' id='word_1_429' title='bbox 534 2969 608 2995; x_wconf 63' lang='grc' dir='ltr'>μιν,</span> <span class='ocrx_word' id='word_1_430' title='bbox 627 2962 649 2989; x_wconf 82' lang='grc'><strong>1.</strong></span> 
     </span>
    </p>
   </div>
   <div class='ocr_carea' id='block_1_60' title="bbox 525 228 1186 276">
    <p class='ocr_par' dir='ltr' id='par_1_60' title="bbox 525 228 1186 276">
     <span class='ocr_line' id='line_1_60' title="bbox 525 228 1186 276; baseline -0.003 -13"><span class='ocrx_word' id='word_1_431' title='bbox 525 232 566 263; x_wconf 78' lang='lat' dir='ltr'><strong>1N</strong></span> <span class='ocrx_word' id='word_1_432' title='bbox 584 232 667 264; x_wconf 80' lang='lat' dir='ltr'><strong>CAN.</strong></span> <span class='ocrx_word' id='word_1_433' title='bbox 683 230 833 276; x_wconf 78' lang='lat' dir='ltr'><strong>LXXXIX</strong></span> <span class='ocrx_word' id='word_1_434' title='bbox 851 230 956 261; x_wconf 86' lang='lat' dir='ltr'><strong>CONC.</strong></span> <span class='ocrx_word' id='word_1_435' title='bbox 977 230 1017 260; x_wconf 80' lang='lat' dir='ltr'><strong>1N</strong></span> <span class='ocrx_word' id='word_1_436' title='bbox 1026 228 1186 261; x_wconf 73' lang='lat' dir='ltr'><strong>TRUILO.</strong></span> 
     </span>
    </p>
   </div>
   <div class='ocr_carea' id='block_1_61' title="bbox 1610 224 1666 255">
    <p class='ocr_par' dir='ltr' id='par_1_61' title="bbox 1610 224 1666 255">
     <span class='ocr_line' id='line_1_61' title="bbox 1610 224 1666 255; baseline 0 0"><span class='ocrx_word' id='word_1_437' title='bbox 1610 224 1666 255; x_wconf 72' lang='lat'><strong>828</strong></span> 
     </span>
    </p>
   </div>
   <div class='ocr_carea' id='block_1_62' title="bbox 880 284 1660 320">
    <p class='ocr_par' dir='ltr' id='par_1_62' title="bbox 880 284 1660 320">
     <span class='ocr_line' id='line_1_62' title="bbox 880 284 1660 320; baseline -0.008 -5"><span class='ocrx_word' id='word_1_438' title='bbox 880 286 995 314; x_wconf 80' lang='lat' dir='ltr'><strong>ARIST.</strong></span> <span class='ocrx_word' id='word_1_439' title='bbox 1014 297 1023 314; x_wconf 86' lang='grc'><strong>‹</strong></span> <span class='ocrx_word' id='word_1_440' title='bbox 1042 288 1116 315; x_wconf 87' lang='lat' dir='ltr'><strong>intra</strong></span> <span class='ocrx_word' id='word_1_441' title='bbox 1141 293 1235 314; x_wconf 86' lang='lat' dir='ltr'><strong>sacras</strong></span> <span class='ocrx_word' id='word_1_442' title='bbox 1259 285 1331 313; x_wconf 72' lang='lat' dir='ltr'><strong>aedes</strong></span> <span class='ocrx_word' id='word_1_443' title='bbox 1356 284 1510 320; x_wconf 82' lang='lat' dir='ltr'><strong>jumentum</strong></span> <span class='ocrx_word' id='word_1_444' title='bbox 1535 291 1588 311; x_wconf 88' lang='lat' dir='ltr'><strong>non</strong></span> <span class='ocrx_word' id='word_1_445' title='bbox 1617 284 1660 310; x_wconf 87' lang='lat' dir='ltr'><strong>in-</strong></span> 
     </span>
    </p>
   </div>
   <div class='ocr_carea' id='block_1_63' title="bbox 925 331 1663 366">
    <p class='ocr_par' dir='ltr' id='par_1_63' title="bbox 925 331 1663 366">
     <span class='ocr_line' id='line_1_63' title="bbox 925 331 1663 366; baseline -0.007 -4"><span class='ocrx_word' id='word_1_446' title='bbox 925 344 935 361; x_wconf 78' lang='grc' dir='ltr'><strong>ι</strong></span> <span class='ocrx_word' id='word_1_447' title='bbox 957 334 1135 366; x_wconf 80' lang='lat' dir='ltr'><strong>traducitur.</strong></span> <span class='ocrx_word' id='word_1_448' title='bbox 1160 334 1213 362; x_wconf 88' lang='lat' dir='ltr'><strong>nisi</strong></span> <span class='ocrx_word' id='word_1_449' title='bbox 1231 333 1348 361; x_wconf 76' lang='lat' dir='ltr'><strong>maxima</strong></span> <span class='ocrx_word' id='word_1_450' title='bbox 1376 332 1404 361; x_wconf 93' lang='lat' dir='ltr'><strong>in</strong></span> <span class='ocrx_word' id='word_1_451' title='bbox 1432 332 1474 359; x_wconf 90' lang='lat' dir='ltr'><strong>via</strong></span> <span class='ocrx_word' id='word_1_452' title='bbox 1500 331 1663 359; x_wconf 75' lang='lat' dir='ltr'><strong>necessitate</strong></span> 
     </span>
    </p>
   </div>
   <div class='ocr_carea' id='block_1_64' title="bbox 884 372 1112 417">
    <p class='ocr_par' dir='ltr' id='par_1_64' title="bbox 884 372 1112 417">
     <span class='ocr_line' id='line_1_64' title="bbox 884 372 1112 417; baseline -0.004 -9"><span class='ocrx_word' id='word_1_453' title='bbox 884 372 889 374; x_wconf 22' lang='grc' dir='ltr'>ν</span> <span class='ocrx_word' id='word_1_454' title='bbox 928 391 937 408; x_wconf 81' lang='grc' dir='ltr'><strong>ι</strong></span> <span class='ocrx_word' id='word_1_455' title='bbox 955 387 1080 417; x_wconf 78' lang='lat' dir='ltr'><strong>cogente.</strong></span> <span class='ocrx_word' id='word_1_456' title='bbox 1101 390 1112 407; x_wconf 70' lang='grc' dir='ltr'><strong>ι</strong></span> 
     </span>
    </p>
   </div>
   <div class='ocr_carea' id='block_1_65' title="bbox 920 423 1663 462">
    <p class='ocr_par' dir='ltr' id='par_1_65' title="bbox 920 423 1663 462">
     <span class='ocr_line' id='line_1_65' title="bbox 920 423 1663 462; baseline -0.005 -9"><span class='ocrx_word' id='word_1_457' title='bbox 920 427 948 454; x_wconf 88' lang='lat' dir='ltr'><strong>Si</strong></span> <span class='ocrx_word' id='word_1_458' title='bbox 965 427 1028 462; x_wconf 85' lang='lat' dir='ltr'><strong>quis</strong></span> <span class='ocrx_word' id='word_1_459' title='bbox 1043 431 1134 455; x_wconf 87' lang='lat' dir='ltr'><strong>autem</strong></span> <span class='ocrx_word' id='word_1_460' title='bbox 1153 426 1222 454; x_wconf 89' lang='lat' dir='ltr'><strong>citra</strong></span> <span class='ocrx_word' id='word_1_461' title='bbox 1240 426 1447 457; x_wconf 71' lang='lat' dir='ltr'><strong>necessitatem,</strong></span> <span class='ocrx_word' id='word_1_462' title='bbox 1463 423 1535 452; x_wconf 82' lang='lat' dir='ltr'><strong>aliud</strong></span> <span class='ocrx_word' id='word_1_463' title='bbox 1560 423 1663 450; x_wconf 84' lang='lat' dir='ltr'><strong>habens</strong></span> 
     </span>
    </p>
   </div>
   <div class='ocr_carea' id='block_1_66' title="bbox 882 470 1662 505">
    <p class='ocr_par' dir='ltr' id='par_1_66' title="bbox 882 470 1662 505">
     <span class='ocr_line' id='line_1_66' title="bbox 882 470 1662 505; baseline -0.008 -4"><span class='ocrx_word' id='word_1_464' title='bbox 882 473 1086 504; x_wconf 79' lang='lat' dir='ltr'><strong>diversorium,</strong></span> <span class='ocrx_word' id='word_1_465' title='bbox 1116 472 1187 500; x_wconf 90' lang='lat' dir='ltr'><strong>intra</strong></span> <span class='ocrx_word' id='word_1_466' title='bbox 1215 479 1324 499; x_wconf 79' lang='lat' dir='ltr'><strong>sacrum</strong></span> <span class='ocrx_word' id='word_1_467' title='bbox 1352 471 1484 505; x_wconf 81' lang='lat' dir='ltr'><strong>templum</strong></span> <span class='ocrx_word' id='word_1_468' title='bbox 1508 470 1662 503; x_wconf 85' lang='lat' dir='ltr'><strong>jumentum</strong></span> 
     </span>
    </p>
   </div>
   <div class='ocr_carea' id='block_1_67' title="bbox 880 516 1661 553">
    <p class='ocr_par' dir='ltr' id='par_1_67' title="bbox 880 516 1661 553">
     <span class='ocr_line' id='line_1_67' title="bbox 880 516 1661 553; baseline -0.006 -7"><span class='ocrx_word' id='word_1_469' title='bbox 880 526 958 547; x_wconf 88' lang='lat' dir='ltr'><strong>suum</strong></span> <span class='ocrx_word' id='word_1_470' title='bbox 979 518 1137 552; x_wconf 81' lang='lat' dir='ltr'><strong>introducit,</strong></span> <span class='ocrx_word' id='word_1_471' title='bbox 1153 518 1174 545; x_wconf 90' lang='lat' dir='ltr'><strong>si</strong></span> <span class='ocrx_word' id='word_1_472' title='bbox 1189 519 1225 546; x_wconf 86' lang='lat' dir='ltr'><strong>sit</strong></span> <span class='ocrx_word' id='word_1_473' title='bbox 1241 517 1352 553; x_wconf 83' lang='lat' dir='ltr'><strong>quidem</strong></span> <span class='ocrx_word' id='word_1_474' title='bbox 1367 517 1483 545; x_wconf 85' lang='lat' dir='ltr'><strong>clericus</strong></span> <span class='ocrx_word' id='word_1_475' title='bbox 1497 516 1661 551; x_wconf 83' lang='lat' dir='ltr'><strong>deponetur:</strong></span> 
     </span>
    </p>
   </div>
   <div class='ocr_carea' id='block_1_68' title="bbox 879 565 1336 598">
    <p class='ocr_par' dir='ltr' id='par_1_68' title="bbox 879 565 1336 598">
     <span class='ocr_line' id='line_1_68' title="bbox 879 565 1336 598; baseline -0.002 -6"><span class='ocrx_word' id='word_1_476' title='bbox 879 566 922 592; x_wconf 86' lang='lat' dir='ltr'><strong>sin</strong></span> <span class='ocrx_word' id='word_1_477' title='bbox 936 572 1000 592; x_wconf 85' lang='lat' dir='ltr'><strong>vero</strong></span> <span class='ocrx_word' id='word_1_478' title='bbox 1019 565 1120 596; x_wconf 73' lang='lat' dir='ltr'><strong>laicus.</strong></span> <span class='ocrx_word' id='word_1_479' title='bbox 1134 565 1336 598; x_wconf 72' lang='lat' dir='ltr'><strong>segregahitur.</strong></span> 
     </span>
    </p>
   </div>
   <div class='ocr_carea' id='block_1_69' title="bbox 1135 609 1416 638">
    <p class='ocr_par' dir='ltr' id='par_1_69' title="bbox 1135 609 1416 638">
     <span class='ocr_line' id='line_1_69' title="bbox 1135 609 1416 638; baseline -0.007 0"><span class='ocrx_word' id='word_1_480' title='bbox 1135 610 1251 638; x_wconf 76' lang='lat' dir='ltr'><strong>CANON</strong></span> <span class='ocrx_word' id='word_1_481' title='bbox 1272 609 1416 637; x_wconf 84' lang='lat' dir='ltr'><strong>LXXXIX.</strong></span> 
     </span>
    </p>
   </div>
   <div class='ocr_carea' id='block_1_70' title="bbox 883 656 1662 693">
    <p class='ocr_par' dir='ltr' id='par_1_70' title="bbox 883 656 1662 693">
     <span class='ocr_line' id='line_1_70' title="bbox 883 656 1662 693; baseline 0 -11"><span class='ocrx_word' id='word_1_482' title='bbox 883 667 892 682; x_wconf 73' lang='grc' dir='ltr'><strong>ι</strong></span> <span class='ocrx_word' id='word_1_483' title='bbox 914 657 975 685; x_wconf 82' lang='lat' dir='ltr'><strong>Dies</strong></span> <span class='ocrx_word' id='word_1_484' title='bbox 991 658 1141 685; x_wconf 69' lang='lat' dir='ltr'><strong>salutifera:</strong></span> <span class='ocrx_word' id='word_1_485' title='bbox 1164 658 1303 685; x_wconf 78' lang='lat' dir='ltr'><strong>Passionis</strong></span> <span class='ocrx_word' id='word_1_486' title='bbox 1316 657 1420 693; x_wconf 80' lang='lat' dir='ltr'><strong>jejunio</strong></span> <span class='ocrx_word' id='word_1_487' title='bbox 1439 661 1467 685; x_wconf 79' lang='lat' dir='ltr'><strong>et</strong></span> <span class='ocrx_word' id='word_1_488' title='bbox 1488 656 1612 683; x_wconf 80' lang='lat' dir='ltr'><strong>oratione</strong></span> <span class='ocrx_word' id='word_1_489' title='bbox 1636 661 1662 682; x_wconf 75' lang='lat' dir='ltr'><strong>et</strong></span> 
     </span>
    </p>
   </div>
   <div class='ocr_carea' id='block_1_71' title="bbox 917 701 1661 739">
    <p class='ocr_par' dir='ltr' id='par_1_71' title="bbox 917 701 1661 739">
     <span class='ocr_line' id='line_1_71' title="bbox 917 701 1661 739; baseline -0.004 -10"><span class='ocrx_word' id='word_1_490' title='bbox 917 713 926 729; x_wconf 80' lang='grc' dir='ltr'><strong>ι</strong></span> <span class='ocrx_word' id='word_1_491' title='bbox 945 704 1036 731; x_wconf 85' lang='lat' dir='ltr'><strong>cordis</strong></span> <span class='ocrx_word' id='word_1_492' title='bbox 1054 705 1264 738; x_wconf 84' lang='lat' dir='ltr'><strong>compunctione</strong></span> <span class='ocrx_word' id='word_1_493' title='bbox 1280 707 1440 739; x_wconf 78' lang='lat' dir='ltr'><strong>peragentes</strong></span> <span class='ocrx_word' id='word_1_494' title='bbox 1465 702 1569 732; x_wconf 81' lang='lat' dir='ltr'><strong>ﬁdeles.</strong></span> <span class='ocrx_word' id='word_1_495' title='bbox 1588 701 1661 728; x_wconf 76' lang='lat' dir='ltr'><strong>circa</strong></span> 
     </span>
    </p>
   </div>
   <div class='ocr_carea' id='block_1_72' title="bbox 918 747 1661 784">
    <p class='ocr_par' dir='ltr' id='par_1_72' title="bbox 918 747 1661 784">
     <span class='ocr_line' id='line_1_72' title="bbox 918 747 1661 784; baseline -0.004 -9"><span class='ocrx_word' id='word_1_496' title='bbox 918 758 927 775; x_wconf 84' lang='grc' dir='ltr'><strong>ι</strong></span> <span class='ocrx_word' id='word_1_497' title='bbox 946 749 1063 777; x_wconf 88' lang='lat' dir='ltr'><strong>mediam</strong></span> <span class='ocrx_word' id='word_1_498' title='bbox 1081 749 1170 784; x_wconf 74' lang='lat' dir='ltr'><strong>magni</strong></span> <span class='ocrx_word' id='word_1_499' title='bbox 1187 749 1298 777; x_wconf 85' lang='lat' dir='ltr'><strong>Sahbati</strong></span> <span class='ocrx_word' id='word_1_500' title='bbox 1317 755 1425 776; x_wconf 84' lang='lat' dir='ltr'><strong>noctem</strong></span> <span class='ocrx_word' id='word_1_501' title='bbox 1448 748 1580 783; x_wconf 90' lang='lat' dir='ltr'><strong>jejunium</strong></span> <span class='ocrx_word' id='word_1_502' title='bbox 1605 747 1661 773; x_wconf 76' lang='lat' dir='ltr'><strong>sol~</strong></span> 
     </span>
    </p>
   </div>
   <div class='ocr_carea' id='block_1_73' title="bbox 916 791 1683 829">
    <p class='ocr_par' dir='ltr' id='par_1_73' title="bbox 916 791 1683 829">
     <span class='ocr_line' id='line_1_73' title="bbox 916 791 1683 829; baseline -0.004 -8"><span class='ocrx_word' id='word_1_503' title='bbox 916 803 926 819; x_wconf 76' lang='grc' dir='ltr'><strong>ι</strong></span> <span class='ocrx_word' id='word_1_504' title='bbox 944 802 1008 821; x_wconf 80' lang='lat' dir='ltr'><strong>vere</strong></span> <span class='ocrx_word' id='word_1_505' title='bbox 1034 797 1158 828; x_wconf 76' lang='lat' dir='ltr'><strong>oportet;</strong></span> <span class='ocrx_word' id='word_1_506' title='bbox 1186 802 1248 822; x_wconf 90' lang='lat' dir='ltr'><strong>cum</strong></span> <span class='ocrx_word' id='word_1_507' title='bbox 1265 794 1356 821; x_wconf 87' lang='lat' dir='ltr'><strong>&#39;divini</strong></span> <span class='ocrx_word' id='word_1_508' title='bbox 1379 793 1562 829; x_wconf 55' lang='lat' dir='ltr'><strong>evangelista,</strong></span> <span class='ocrx_word' id='word_1_509' title='bbox 1589 791 1657 819; x_wconf 84' lang='lat' dir='ltr'><strong>Mat-</strong></span> <span class='ocrx_word' id='word_1_510' title='bbox 1681 811 1683 814; x_wconf 54' lang='grc'>‹</span> 
     </span>
    </p>
   </div>
   <div class='ocr_carea' id='block_1_74' title="bbox 917 840 1661 876">
    <p class='ocr_par' dir='ltr' id='par_1_74' title="bbox 917 840 1661 876">
     <span class='ocr_line' id='line_1_74' title="bbox 917 840 1661 876; baseline -0.003 -10"><span class='ocrx_word' id='word_1_511' title='bbox 917 840 1035 868; x_wconf 67' lang='grc' dir='ltr'>ιιιιωιιε</span> <span class='ocrx_word' id='word_1_512' title='bbox 1057 845 1084 868; x_wconf 86' lang='lat' dir='ltr'><strong>et</strong></span> <span class='ocrx_word' id='word_1_513' title='bbox 1112 840 1212 873; x_wconf 87' lang='lat' dir='ltr'><strong>Lucas,</strong></span> <span class='ocrx_word' id='word_1_514' title='bbox 1240 840 1285 868; x_wconf 89' lang='lat' dir='ltr'><strong>ille</strong></span> <span class='ocrx_word' id='word_1_515' title='bbox 1303 840 1411 876; x_wconf 87' lang='lat' dir='ltr'><strong>quidem</strong></span> <span class='ocrx_word' id='word_1_516' title='bbox 1443 847 1491 874; x_wconf 87' lang='lat' dir='ltr'><strong>per</strong></span> <span class='ocrx_word' id='word_1_517' title='bbox 1519 847 1661 873; x_wconf 85' lang='lat' dir='ltr'><strong>vesperam</strong></span> 
     </span>
    </p>
   </div>
   <div class='ocr_carea' id='block_1_75' title="bbox 918 884 1660 921">
    <p class='ocr_par' dir='ltr' id='par_1_75' title="bbox 918 884 1660 921">
     <span class='ocr_line' id='line_1_75' title="bbox 918 884 1660 921; baseline 0 -9"><span class='ocrx_word' id='word_1_518' title='bbox 918 895 927 912; x_wconf 77' lang='grc' dir='ltr'><strong>ι</strong></span> <span class='ocrx_word' id='word_1_519' title='bbox 948 884 1058 913; x_wconf 73' lang='lat' dir='ltr'><strong>Subhati</strong></span> <span class='ocrx_word' id='word_1_520' title='bbox 1075 907 1082 920; x_wconf 90' lang='lat'><strong><em>,</em></strong></span> <span class='ocrx_word' id='word_1_521' title='bbox 1113 887 1158 914; x_wconf 86' lang='lat' dir='ltr'><strong>hic</strong></span> <span class='ocrx_word' id='word_1_522' title='bbox 1183 894 1249 914; x_wconf 89' lang='lat' dir='ltr'><strong>vero</strong></span> <span class='ocrx_word' id='word_1_523' title='bbox 1277 894 1325 921; x_wconf 88' lang='lat' dir='ltr'><strong>per</strong></span> <span class='ocrx_word' id='word_1_524' title='bbox 1349 887 1394 917; x_wconf 85' lang='lat' dir='ltr'><strong>id.</strong></span> <span class='ocrx_word' id='word_1_525' title='bbox 1420 886 1498 913; x_wconf 80' lang='lat' dir='ltr'><strong>valde</strong></span> <span class='ocrx_word' id='word_1_526' title='bbox 1529 885 1660 916; x_wconf 83' lang='lat' dir='ltr'><strong>diluculo,</strong></span> 
     </span>
    </p>
   </div>
   <div class='ocr_carea' id='block_1_76' title="bbox 918 931 1518 960">
    <p class='ocr_par' dir='ltr' id='par_1_76' title="bbox 918 931 1518 960">
     <span class='ocr_line' id='line_1_76' title="bbox 918 931 1518 960; baseline 0 -2"><span class='ocrx_word' id='word_1_527' title='bbox 918 940 927 957; x_wconf 83' lang='grc' dir='ltr'><strong>ι</strong></span> <span class='ocrx_word' id='word_1_528' title='bbox 945 932 1036 959; x_wconf 83' lang='lat' dir='ltr'><strong>noctis</strong></span> <span class='ocrx_word' id='word_1_529' title='bbox 1051 931 1131 960; x_wconf 85' lang='lat' dir='ltr'><strong>nobis</strong></span> <span class='ocrx_word' id='word_1_530' title='bbox 1147 932 1307 960; x_wconf 82' lang='lat' dir='ltr'><strong>tarditatem</strong></span> <span class='ocrx_word' id='word_1_531' title='bbox 1323 932 1493 960; x_wconf 78' lang='lat' dir='ltr'><strong>describant.</strong></span> <span class='ocrx_word' id='word_1_532' title='bbox 1509 940 1518 958; x_wconf 76' lang='grc' dir='ltr'><strong>ι</strong></span> 
     </span>
    </p>
   </div>
   <div class='ocr_carea' id='block_1_77' title="bbox 917 1022 1665 1059">
    <p class='ocr_par' dir='ltr' id='par_1_77' title="bbox 917 1022 1665 1059">
     <span class='ocr_line' id='line_1_77' title="bbox 917 1022 1665 1059; baseline 0 -9"><span class='ocrx_word' id='word_1_533' title='bbox 917 1022 1014 1050; x_wconf 82' lang='lat' dir='ltr'><strong>BALS.</strong></span> <span class='ocrx_word' id='word_1_534' title='bbox 1033 1023 1067 1051; x_wconf 86' lang='lat' dir='ltr'><strong>Et</strong></span> <span class='ocrx_word' id='word_1_535' title='bbox 1081 1023 1109 1051; x_wconf 93' lang='lat' dir='ltr'><strong>in</strong></span> <span class='ocrx_word' id='word_1_536' title='bbox 1124 1024 1283 1056; x_wconf 77' lang='lat' dir='ltr'><strong>apostolicis</strong></span> <span class='ocrx_word' id='word_1_537' title='bbox 1304 1024 1457 1051; x_wconf 81' lang='lat' dir='ltr'><strong>eanonibus</strong></span> <span class='ocrx_word' id='word_1_538' title='bbox 1476 1029 1502 1051; x_wconf 89' lang='lat' dir='ltr'><strong>et</strong></span> <span class='ocrx_word' id='word_1_539' title='bbox 1529 1024 1555 1051; x_wconf 91' lang='lat' dir='ltr'><strong>in</strong></span> <span class='ocrx_word' id='word_1_540' title='bbox 1583 1031 1665 1059; x_wconf 75' lang='lat' dir='ltr'><strong>syno-</strong></span> 
     </span>
    </p>
   </div>
   <div class='ocr_carea' id='block_1_78' title="bbox 880 1068 1664 1101">
    <p class='ocr_par' dir='ltr' id='par_1_78' title="bbox 880 1068 1664 1101">
     <span class='ocr_line' id='line_1_78' title="bbox 880 1068 1664 1101; baseline -0.003 -6"><span class='ocrx_word' id='word_1_541' title='bbox 880 1068 989 1095; x_wconf 85' lang='lat' dir='ltr'><strong>dalibus</strong></span> <span class='ocrx_word' id='word_1_542' title='bbox 1005 1072 1139 1096; x_wconf 85' lang='lat' dir='ltr'><strong>statutum</strong></span> <span class='ocrx_word' id='word_1_543' title='bbox 1156 1071 1210 1101; x_wconf 82' lang='lat' dir='ltr'><strong>est,</strong></span> <span class='ocrx_word' id='word_1_544' title='bbox 1227 1076 1261 1096; x_wconf 88' lang='lat' dir='ltr'><strong>ne</strong></span> <span class='ocrx_word' id='word_1_545' title='bbox 1276 1070 1302 1096; x_wconf 90' lang='lat' dir='ltr'><strong>in</strong></span> <span class='ocrx_word' id='word_1_546' title='bbox 1316 1068 1448 1100; x_wconf 73' lang='lat' dir='ltr'><strong>Salihato,</strong></span> <span class='ocrx_word' id='word_1_547' title='bbox 1464 1069 1506 1095; x_wconf 85' lang='lat' dir='ltr'><strong>vel</strong></span> <span class='ocrx_word' id='word_1_548' title='bbox 1523 1069 1549 1095; x_wconf 91' lang='lat' dir='ltr'><strong>in</strong></span> <span class='ocrx_word' id='word_1_549' title='bbox 1570 1069 1664 1095; x_wconf 82' lang='lat' dir='ltr'><strong>Domi-</strong></span> 
     </span>
    </p>
   </div>
   <div class='ocr_carea' id='block_1_79' title="bbox 881 1113 1662 1149">
    <p class='ocr_par' dir='ltr' id='par_1_79' title="bbox 881 1113 1662 1149">
     <span class='ocr_line' id='line_1_79' title="bbox 881 1113 1662 1149; baseline -0.001 -9"><span class='ocrx_word' id='word_1_550' title='bbox 881 1113 955 1144; x_wconf 75' lang='lat' dir='ltr'><strong>nico,</strong></span> <span class='ocrx_word' id='word_1_551' title='bbox 973 1118 1072 1147; x_wconf 64' lang='lat' dir='ltr'><strong>praster</strong></span> <span class='ocrx_word' id='word_1_552' title='bbox 1089 1121 1172 1141; x_wconf 94' lang='lat' dir='ltr'><strong>unum</strong></span> <span class='ocrx_word' id='word_1_553' title='bbox 1191 1119 1218 1141; x_wconf 78' lang='lat' dir='ltr'><strong>et</strong></span> <span class='ocrx_word' id='word_1_554' title='bbox 1237 1115 1324 1142; x_wconf 87' lang='lat' dir='ltr'><strong>solum</strong></span> <span class='ocrx_word' id='word_1_555' title='bbox 1353 1115 1514 1146; x_wconf 83' lang='lat' dir='ltr'><strong>Sahhatum,</strong></span> <span class='ocrx_word' id='word_1_556' title='bbox 1535 1123 1662 1149; x_wconf 76' lang='lat' dir='ltr'><strong>magnum</strong></span> 
     </span>
    </p>
   </div>
   <div class='ocr_carea' id='block_1_80' title="bbox 881 1159 1666 1196">
    <p class='ocr_par' dir='ltr' id='par_1_80' title="bbox 881 1159 1666 1196">
     <span class='ocr_line' id='line_1_80' title="bbox 881 1159 1666 1196; baseline 0 -9"><span class='ocrx_word' id='word_1_557' title='bbox 881 1159 1164 1194; x_wconf 75' lang='lat' dir='ltr'><strong>scilicet.jejunetur.</strong></span> <span class='ocrx_word' id='word_1_558' title='bbox 1179 1159 1209 1187; x_wconf 83' lang='lat' dir='ltr'><strong>in</strong></span> <span class='ocrx_word' id='word_1_559' title='bbox 1239 1167 1272 1187; x_wconf 90' lang='lat' dir='ltr'><strong>eo</strong></span> <span class='ocrx_word' id='word_1_560' title='bbox 1294 1161 1365 1187; x_wconf 88' lang='lat' dir='ltr'><strong>enim</strong></span> <span class='ocrx_word' id='word_1_561' title='bbox 1391 1161 1457 1195; x_wconf 82' lang='lat' dir='ltr'><strong>jussi</strong></span> <span class='ocrx_word' id='word_1_562' title='bbox 1483 1169 1578 1188; x_wconf 88' lang='lat' dir='ltr'><strong>sumus</strong></span> <span class='ocrx_word' id='word_1_563' title='bbox 1599 1161 1666 1196; x_wconf 79' lang='lat' dir='ltr'><strong>jeju-</strong></span> 
     </span>
    </p>
   </div>
   <div class='ocr_carea' id='block_1_81' title="bbox 880 1206 1664 1241">
    <p class='ocr_par' dir='ltr' id='par_1_81' title="bbox 880 1206 1664 1241">
     <span class='ocr_line' id='line_1_81' title="bbox 880 1206 1664 1241; baseline -0.001 -9"><span class='ocrx_word' id='word_1_564' title='bbox 880 1213 956 1233; x_wconf 86' lang='lat' dir='ltr'><strong>nare.</strong></span> <span class='ocrx_word' id='word_1_565' title='bbox 971 1206 1018 1233; x_wconf 87' lang='lat' dir='ltr'><strong>llis</strong></span> <span class='ocrx_word' id='word_1_566' title='bbox 1033 1214 1099 1239; x_wconf 66' lang='lat' dir='ltr'><strong>ergo</strong></span> <span class='ocrx_word' id='word_1_567' title='bbox 1113 1212 1315 1241; x_wconf 77' lang='lat' dir='ltr'><strong>consequenter</strong></span> <span class='ocrx_word' id='word_1_568' title='bbox 1325 1214 1445 1241; x_wconf 52' lang='lat' dir='ltr'><strong>praesens</strong></span> <span class='ocrx_word' id='word_1_569' title='bbox 1457 1215 1565 1241; x_wconf 89' lang='lat' dir='ltr'><strong>quoque</strong></span> <span class='ocrx_word' id='word_1_570' title='bbox 1577 1215 1664 1234; x_wconf 79' lang='lat' dir='ltr'><strong>canon</strong></span> 
     </span>
    </p>
   </div>
   <div class='ocr_carea' id='block_1_82' title="bbox 882 1253 1666 1285">
    <p class='ocr_par' dir='ltr' id='par_1_82' title="bbox 882 1253 1666 1285">
     <span class='ocr_line' id='line_1_82' title="bbox 882 1253 1666 1285; baseline 0.003 -6"><span class='ocrx_word' id='word_1_571' title='bbox 882 1256 1024 1285; x_wconf 77' lang='lat' dir='ltr'><strong>statuens,</strong></span> <span class='ocrx_word' id='word_1_572' title='bbox 1054 1253 1183 1280; x_wconf 88' lang='lat' dir='ltr'><strong>omnibus</strong></span> <span class='ocrx_word' id='word_1_573' title='bbox 1213 1253 1311 1281; x_wconf 83' lang='lat' dir='ltr'><strong>diebus</strong></span> <span class='ocrx_word' id='word_1_574' title='bbox 1341 1253 1488 1281; x_wconf 65' lang='lat' dir='ltr'><strong>salutifera:</strong></span> <span class='ocrx_word' id='word_1_575' title='bbox 1517 1253 1618 1281; x_wconf 83' lang='lat' dir='ltr'><strong>Christi</strong></span> <span class='ocrx_word' id='word_1_576' title='bbox 1639 1258 1666 1281; x_wconf 81' lang='lat' dir='ltr'><strong>ct</strong></span> 
     </span>
    </p>
   </div>
   <div class='ocr_carea' id='block_1_83' title="bbox 881 1297 1666 1335">
    <p class='ocr_par' dir='ltr' id='par_1_83' title="bbox 881 1297 1666 1335">
     <span class='ocr_line' id='line_1_83' title="bbox 881 1297 1666 1335; baseline 0.004 -11"><span class='ocrx_word' id='word_1_577' title='bbox 881 1297 928 1325; x_wconf 89' lang='lat' dir='ltr'><strong>Dei</strong></span> <span class='ocrx_word' id='word_1_578' title='bbox 955 1299 1042 1326; x_wconf 90' lang='lat' dir='ltr'><strong>nostri</strong></span> <span class='ocrx_word' id='word_1_579' title='bbox 1071 1298 1211 1326; x_wconf 72' lang='lat' dir='ltr'><strong>Passionis</strong></span> <span class='ocrx_word' id='word_1_580' title='bbox 1234 1299 1360 1334; x_wconf 63' lang='lat' dir='ltr'><strong>ji-junare</strong></span> <span class='ocrx_word' id='word_1_581' title='bbox 1381 1304 1508 1335; x_wconf 85' lang='lat' dir='ltr'><strong>oportere</strong></span> <span class='ocrx_word' id='word_1_582' title='bbox 1534 1304 1560 1326; x_wconf 89' lang='lat' dir='ltr'><strong>et</strong></span> <span class='ocrx_word' id='word_1_583' title='bbox 1587 1307 1666 1327; x_wconf 80' lang='lat' dir='ltr'><strong>orare</strong></span> 
     </span>
    </p>
   </div>
   <div class='ocr_carea' id='block_1_84' title="bbox 881 1345 1667 1380">
    <p class='ocr_par' dir='ltr' id='par_1_84' title="bbox 881 1345 1667 1380">
     <span class='ocr_line' id='line_1_84' title="bbox 881 1345 1667 1380; baseline 0.001 -10"><span class='ocrx_word' id='word_1_584' title='bbox 881 1351 944 1371; x_wconf 79' lang='lat' dir='ltr'><strong>cum</strong></span> <span class='ocrx_word' id='word_1_585' title='bbox 962 1345 1189 1379; x_wconf 81' lang='lat' dir='ltr'><strong>cornpunctinne,</strong></span> <span class='ocrx_word' id='word_1_586' title='bbox 1210 1345 1235 1372; x_wconf 83' lang='lat' dir='ltr'><strong>id</strong></span> <span class='ocrx_word' id='word_1_587' title='bbox 1250 1350 1303 1377; x_wconf 69' lang='lat' dir='ltr'><strong>est,</strong></span> <span class='ocrx_word' id='word_1_588' title='bbox 1320 1353 1373 1373; x_wconf 92' lang='lat' dir='ltr'><strong>non</strong></span> <span class='ocrx_word' id='word_1_589' title='bbox 1389 1346 1527 1376; x_wconf 82' lang='lat' dir='ltr'><strong>simulate.</strong></span> <span class='ocrx_word' id='word_1_590' title='bbox 1554 1347 1581 1373; x_wconf 92' lang='lat' dir='ltr'><strong>iu</strong></span> <span class='ocrx_word' id='word_1_591' title='bbox 1607 1346 1667 1380; x_wconf 84' lang='lat' dir='ltr'><strong>qui—</strong></span> 
     </span>
    </p>
   </div>
   <div class='ocr_carea' id='block_1_85' title="bbox 883 1390 1664 1426">
    <p class='ocr_par' dir='ltr' id='par_1_85' title="bbox 883 1390 1664 1426">
     <span class='ocr_line' id='line_1_85' title="bbox 883 1390 1664 1426; baseline 0.001 -8"><span class='ocrx_word' id='word_1_592' title='bbox 883 1390 936 1418; x_wconf 83' lang='lat' dir='ltr'><strong>bus</strong></span> <span class='ocrx_word' id='word_1_593' title='bbox 966 1398 1094 1426; x_wconf 79' lang='lat' dir='ltr'><strong>magnum</strong></span> <span class='ocrx_word' id='word_1_594' title='bbox 1120 1398 1229 1426; x_wconf 84' lang='lat' dir='ltr'><strong>quoque</strong></span> <span class='ocrx_word' id='word_1_595' title='bbox 1256 1391 1401 1419; x_wconf 85' lang='lat' dir='ltr'><strong>Sahhatum</strong></span> <span class='ocrx_word' id='word_1_596' title='bbox 1431 1397 1664 1420; x_wconf 83' lang='lat' dir='ltr'><strong>connumeratur:</strong></span> 
     </span>
    </p>
   </div>
   <div class='ocr_carea' id='block_1_86' title="bbox 881 1437 1668 1474">
    <p class='ocr_par' dir='ltr' id='par_1_86' title="bbox 881 1437 1668 1474">
     <span class='ocr_line' id='line_1_86' title="bbox 881 1437 1668 1474; baseline 0.004 -9"><span class='ocrx_word' id='word_1_597' title='bbox 881 1437 987 1473; x_wconf 86' lang='lat' dir='ltr'><strong>adjicit.</strong></span> <span class='ocrx_word' id='word_1_598' title='bbox 1005 1441 1032 1465; x_wconf 91' lang='lat' dir='ltr'><strong>ct</strong></span> <span class='ocrx_word' id='word_1_599' title='bbox 1047 1445 1079 1465; x_wconf 85' lang='lat' dir='ltr'><strong>eo</strong></span> <span class='ocrx_word' id='word_1_600' title='bbox 1101 1437 1161 1473; x_wconf 88' lang='lat' dir='ltr'><strong>ipso</strong></span> <span class='ocrx_word' id='word_1_601' title='bbox 1177 1445 1286 1473; x_wconf 86' lang='lat' dir='ltr'><strong>quoque</strong></span> <span class='ocrx_word' id='word_1_602' title='bbox 1304 1438 1425 1466; x_wconf 86' lang='lat' dir='ltr'><strong>Sabhato</strong></span> <span class='ocrx_word' id='word_1_603' title='bbox 1439 1444 1499 1474; x_wconf 88' lang='lat' dir='ltr'><strong>post</strong></span> <span class='ocrx_word' id='word_1_604' title='bbox 1513 1447 1558 1467; x_wconf 73' lang='lat' dir='ltr'><strong>se:</strong></span> <span class='ocrx_word' id='word_1_605' title='bbox 1584 1439 1668 1468; x_wconf 77' lang='lat' dir='ltr'><strong>haras</strong></span> 
     </span>
    </p>
   </div>
   <div class='ocr_carea' id='block_1_87' title="bbox 883 1485 1666 1522">
    <p class='ocr_par' dir='ltr' id='par_1_87' title="bbox 883 1485 1666 1522">
     <span class='ocr_line' id='line_1_87' title="bbox 883 1485 1666 1522; baseline 0.001 -10"><span class='ocrx_word' id='word_1_606' title='bbox 883 1486 972 1517; x_wconf 85' lang='lat' dir='ltr'><strong>noctis</strong></span> <span class='ocrx_word' id='word_1_607' title='bbox 986 1485 1121 1520; x_wconf 88' lang='lat' dir='ltr'><strong>jejunium</strong></span> <span class='ocrx_word' id='word_1_608' title='bbox 1152 1487 1259 1514; x_wconf 87' lang='lat' dir='ltr'><strong>solvere</strong></span> <span class='ocrx_word' id='word_1_609' title='bbox 1285 1485 1390 1520; x_wconf 82' lang='lat' dir='ltr'><strong>ﬁdeles,</strong></span> <span class='ocrx_word' id='word_1_610' title='bbox 1415 1494 1449 1514; x_wconf 80' lang='lat' dir='ltr'><strong>eo</strong></span> <span class='ocrx_word' id='word_1_611' title='bbox 1475 1487 1547 1522; x_wconf 82' lang='lat' dir='ltr'><strong>quod</strong></span> <span class='ocrx_word' id='word_1_612' title='bbox 1573 1495 1666 1515; x_wconf 85' lang='lat' dir='ltr'><strong>resur-</strong></span> 
     </span>
    </p>
   </div>
   <div class='ocr_carea' id='block_1_88' title="bbox 880 1532 1666 1562">
    <p class='ocr_par' dir='ltr' id='par_1_88' title="bbox 880 1532 1666 1562">
     <span class='ocr_line' id='line_1_88' title="bbox 880 1532 1666 1562; baseline 0.001 -2"><span class='ocrx_word' id='word_1_613' title='bbox 880 1532 982 1560; x_wconf 80' lang='lat' dir='ltr'><strong>rexerit</strong></span> <span class='ocrx_word' id='word_1_614' title='bbox 999 1532 1126 1560; x_wconf 87' lang='lat' dir='ltr'><strong>Christus</strong></span> <span class='ocrx_word' id='word_1_615' title='bbox 1151 1532 1221 1560; x_wconf 75' lang='lat' dir='ltr'><strong>Deus</strong></span> <span class='ocrx_word' id='word_1_616' title='bbox 1248 1538 1354 1562; x_wconf 87' lang='lat' dir='ltr'><strong>noster.</strong></span> <span class='ocrx_word' id='word_1_617' title='bbox 1381 1533 1532 1560; x_wconf 82' lang='lat' dir='ltr'><strong>secundum</strong></span> <span class='ocrx_word' id='word_1_618' title='bbox 1560 1534 1666 1561; x_wconf 87' lang='lat' dir='ltr'><strong>divinos</strong></span> 
     </span>
    </p>
   </div>
   <div class='ocr_carea' id='block_1_89' title="bbox 881 1578 1673 1612">
    <p class='ocr_par' dir='ltr' id='par_1_89' title="bbox 881 1578 1673 1612">
     <span class='ocr_line' id='line_1_89' title="bbox 881 1578 1673 1612; baseline 0.001 -7"><span class='ocrx_word' id='word_1_619' title='bbox 881 1578 1075 1612; x_wconf 76' lang='lat' dir='ltr'><strong>evangelistas,</strong></span> <span class='ocrx_word' id='word_1_620' title='bbox 1106 1578 1262 1606; x_wconf 72' lang='lat' dir='ltr'><strong>Matlhzeum</strong></span> <span class='ocrx_word' id='word_1_621' title='bbox 1286 1583 1312 1605; x_wconf 90' lang='lat' dir='ltr'><strong>et</strong></span> <span class='ocrx_word' id='word_1_622' title='bbox 1340 1578 1450 1609; x_wconf 76' lang='lat' dir='ltr'><strong>Lucam.</strong></span> <span class='ocrx_word' id='word_1_623' title='bbox 1476 1579 1548 1606; x_wconf 84' lang='lat' dir='ltr'><strong>circa</strong></span> <span class='ocrx_word' id='word_1_624' title='bbox 1578 1580 1673 1607; x_wconf 77' lang='lat' dir='ltr'><strong>nectis.</strong></span> 
     </span>
    </p>
   </div>
   <div class='ocr_carea' id='block_1_90' title="bbox 881 1624 1666 1664">
    <p class='ocr_par' dir='ltr' id='par_1_90' title="bbox 881 1624 1666 1664">
     <span class='ocr_line' id='line_1_90' title="bbox 881 1624 1666 1664; baseline 0.001 -13"><span class='ocrx_word' id='word_1_625' title='bbox 881 1624 1024 1652; x_wconf 89' lang='lat' dir='ltr'><strong>dimidium</strong></span> <span class='ocrx_word' id='word_1_626' title='bbox 1038 1633 1045 1657; x_wconf 89' lang='lat'><strong>;</strong></span> <span class='ocrx_word' id='word_1_627' title='bbox 1060 1632 1122 1652; x_wconf 88' lang='lat' dir='ltr'><strong>eum</strong></span> <span class='ocrx_word' id='word_1_628' title='bbox 1142 1625 1185 1652; x_wconf 89' lang='lat' dir='ltr'><strong>ille</strong></span> <span class='ocrx_word' id='word_1_629' title='bbox 1201 1624 1310 1659; x_wconf 83' lang='lat' dir='ltr'><strong>quidem</strong></span> <span class='ocrx_word' id='word_1_630' title='bbox 1327 1625 1410 1657; x_wconf 76' lang='lat' dir='ltr'><strong>dicat,</strong></span> <span class='ocrx_word' id='word_1_631' title='bbox 1423 1624 1542 1664; x_wconf 80' lang='lat' dir='ltr'><strong>vespere</strong></span> <span class='ocrx_word' id='word_1_632' title='bbox 1554 1625 1666 1653; x_wconf 84' lang='lat' dir='ltr'><strong>Sahhati</strong></span> 
     </span>
    </p>
   </div>
   <div class='ocr_carea' id='block_1_91' title="bbox 880 1670 1674 1706">
    <p class='ocr_par' dir='ltr' id='par_1_91' title="bbox 880 1670 1674 1706">
     <span class='ocr_line' id='line_1_91' title="bbox 880 1670 1674 1706; baseline -0.001 -8"><span class='ocrx_word' id='word_1_633' title='bbox 880 1675 1016 1699; x_wconf 84' lang='lat' dir='ltr'><strong>venerunt</strong></span> <span class='ocrx_word' id='word_1_634' title='bbox 1032 1670 1123 1699; x_wconf 64' lang='lat' dir='ltr'><strong>Maria;</strong></span> <span class='ocrx_word' id='word_1_635' title='bbox 1141 1673 1174 1699; x_wconf 88' lang='lat' dir='ltr'><strong>ad</strong></span> <span class='ocrx_word' id='word_1_636' title='bbox 1190 1671 1345 1706; x_wconf 82' lang='lat' dir='ltr'><strong>sepulcrum</strong></span> <span class='ocrx_word' id='word_1_637' title='bbox 1374 1671 1490 1704; x_wconf 85' lang='lat' dir='ltr'><strong>Domini,</strong></span> <span class='ocrx_word' id='word_1_638' title='bbox 1514 1676 1540 1699; x_wconf 86' lang='lat' dir='ltr'><strong>et</strong></span> <span class='ocrx_word' id='word_1_639' title='bbox 1565 1679 1674 1706; x_wconf 75' lang='lat' dir='ltr'><strong>corpus</strong></span> 
     </span>
    </p>
   </div>
   <div class='ocr_carea' id='block_1_92' title="bbox 880 1717 1665 1752">
    <p class='ocr_par' dir='ltr' id='par_1_92' title="bbox 880 1717 1665 1752">
     <span class='ocr_line' id='line_1_92' title="bbox 880 1717 1665 1752; baseline 0.001 -8"><span class='ocrx_word' id='word_1_640' title='bbox 880 1719 941 1752; x_wconf 80' lang='lat' dir='ltr'><strong>ejus</strong></span> <span class='ocrx_word' id='word_1_641' title='bbox 958 1726 1011 1745; x_wconf 91' lang='lat' dir='ltr'><strong>non</strong></span> <span class='ocrx_word' id='word_1_642' title='bbox 1039 1718 1257 1746; x_wconf 82' lang='lat' dir='ltr'><strong>invenerunt&quot;:</strong></span> <span class='ocrx_word' id='word_1_643' title='bbox 1282 1717 1327 1744; x_wconf 92' lang='lat' dir='ltr'><strong>hic</strong></span> <span class='ocrx_word' id='word_1_644' title='bbox 1350 1725 1415 1745; x_wconf 84' lang='lat' dir='ltr'><strong>vero</strong></span> <span class='ocrx_word' id='word_1_645' title='bbox 1436 1718 1554 1745; x_wconf 80' lang='lat' dir='ltr'><strong>medium</strong></span> <span class='ocrx_word' id='word_1_646' title='bbox 1577 1718 1665 1745; x_wconf 75' lang='lat' dir='ltr'><strong>noctis</strong></span> 
     </span>
    </p>
   </div>
   <div class='ocr_carea' id='block_1_93' title="bbox 880 1764 1675 1800">
    <p class='ocr_par' dir='ltr' id='par_1_93' title="bbox 880 1764 1675 1800">
     <span class='ocr_line' id='line_1_93' title="bbox 880 1764 1675 1800; baseline -0.003 -8"><span class='ocrx_word' id='word_1_647' title='bbox 880 1764 1033 1797; x_wconf 73' lang='lat' dir='ltr'><strong>describat,</strong></span> <span class='ocrx_word' id='word_1_648' title='bbox 1061 1771 1094 1792; x_wconf 87' lang='lat' dir='ltr'><strong>eo</strong></span> <span class='ocrx_word' id='word_1_649' title='bbox 1123 1765 1203 1800; x_wconf 89' lang='lat' dir='ltr'><strong>quod&#39;</strong></span> <span class='ocrx_word' id='word_1_650' title='bbox 1221 1764 1297 1797; x_wconf 83' lang='lat' dir='ltr'><strong>dicit.</strong></span> <span class='ocrx_word' id='word_1_651' title='bbox 1327 1764 1391 1791; x_wconf 84' lang='lat' dir='ltr'><strong>Erat</strong></span> <span class='ocrx_word' id='word_1_652' title='bbox 1422 1771 1558 1791; x_wconf 90' lang='lat' dir='ltr'><strong>summum</strong></span> <span class='ocrx_word' id='word_1_653' title='bbox 1584 1772 1675 1791; x_wconf 17' lang='lat' dir='ltr'><strong>manes</strong></span> 
     </span>
    </p>
   </div>
   <div class='ocr_carea' id='block_1_94' title="bbox 880 1810 1665 1847">
    <p class='ocr_par' dir='ltr' id='par_1_94' title="bbox 880 1810 1665 1847">
     <span class='ocr_line' id='line_1_94' title="bbox 880 1810 1665 1847; baseline -0.004 -9"><span class='ocrx_word' id='word_1_654' title='bbox 880 1812 989 1847; x_wconf 82' lang='lat' dir='ltr'><strong>quando</strong></span> <span class='ocrx_word' id='word_1_655' title='bbox 1007 1811 1282 1838; x_wconf 29' lang='lat' dir='ltr'><strong>veneruntrmnliercs</strong></span> <span class='ocrx_word' id='word_1_656' title='bbox 1301 1811 1333 1837; x_wconf 80' lang='lat' dir='ltr'><strong>ad</strong></span> <span class='ocrx_word' id='word_1_657' title='bbox 1360 1810 1609 1838; x_wconf 80' lang='lat' dir='ltr'><strong>monumentum“.</strong></span> <span class='ocrx_word' id='word_1_658' title='bbox 1634 1810 1665 1836; x_wconf 90' lang='grc' dir='ltr'>Ει</span> 
     </span>
    </p>
   </div>
   <div class='ocr_carea' id='block_1_95' title="bbox 881 1856 1664 1892">
    <p class='ocr_par' dir='ltr' id='par_1_95' title="bbox 881 1856 1664 1892">
     <span class='ocr_line' id='line_1_95' title="bbox 881 1856 1664 1892; baseline -0.003 -8"><span class='ocrx_word' id='word_1_659' title='bbox 881 1857 939 1884; x_wconf 63' lang='grc' dir='ltr'>Ιιιιερ</span> <span class='ocrx_word' id='word_1_660' title='bbox 951 1858 1060 1892; x_wconf 79' lang='lat' dir='ltr'><strong>quidem</strong></span> <span class='ocrx_word' id='word_1_661' title='bbox 1077 1857 1113 1884; x_wconf 89' lang='lat' dir='ltr'><strong>ita</strong></span> <span class='ocrx_word' id='word_1_662' title='bbox 1131 1865 1161 1884; x_wconf 87' lang='lat' dir='ltr'><strong>se</strong></span> <span class='ocrx_word' id='word_1_663' title='bbox 1169 1857 1282 1884; x_wconf 84' lang='lat' dir='ltr'><strong>habent.</strong></span> <span class='ocrx_word' id='word_1_664' title='bbox 1295 1856 1397 1884; x_wconf 84' lang='lat' dir='ltr'><strong>Dixerit</strong></span> <span class='ocrx_word' id='word_1_665' title='bbox 1409 1860 1500 1883; x_wconf 81' lang='lat' dir='ltr'><strong>autem</strong></span> <span class='ocrx_word' id='word_1_666' title='bbox 1516 1856 1664 1890; x_wconf 86' lang='lat' dir='ltr'><strong>quispiam.</strong></span> 
     </span>
    </p>
   </div>
   <div class='ocr_carea' id='block_1_96' title="bbox 880 1901 1665 1938">
    <p class='ocr_par' dir='ltr' id='par_1_96' title="bbox 880 1901 1665 1938">
     <span class='ocr_line' id='line_1_96' title="bbox 880 1901 1665 1938; baseline 0 -9"><span class='ocrx_word' id='word_1_667' title='bbox 880 1905 951 1938; x_wconf 90' lang='lat' dir='ltr'><strong>quod</strong></span> <span class='ocrx_word' id='word_1_668' title='bbox 968 1904 1098 1937; x_wconf 83' lang='lat' dir='ltr'><strong>quoniam</strong></span> <span class='ocrx_word' id='word_1_669' title='bbox 1113 1904 1209 1931; x_wconf 89' lang='lat' dir='ltr'><strong>statuit</strong></span> <span class='ocrx_word' id='word_1_670' title='bbox 1223 1911 1325 1936; x_wconf 84' lang='lat' dir='ltr'><strong>canon,</strong></span> <span class='ocrx_word' id='word_1_671' title='bbox 1344 1907 1375 1930; x_wconf 93' lang='lat' dir='ltr'><strong>ut</strong></span> <span class='ocrx_word' id='word_1_672' title='bbox 1388 1902 1516 1930; x_wconf 68' lang='lat' dir='ltr'><strong>omnibus</strong></span> <span class='ocrx_word' id='word_1_673' title='bbox 1537 1901 1665 1929; x_wconf 74' lang='lat' dir='ltr'><strong>salutaris</strong></span> 
     </span>
    </p>
   </div>
   <div class='ocr_carea' id='block_1_97' title="bbox 881 1948 1666 1985">
    <p class='ocr_par' dir='ltr' id='par_1_97' title="bbox 881 1948 1666 1985">
     <span class='ocr_line' id='line_1_97' title="bbox 881 1948 1666 1985; baseline -0.004 -6"><span class='ocrx_word' id='word_1_674' title='bbox 881 1951 1021 1979; x_wconf 81' lang='lat' dir='ltr'><strong>Passionis</strong></span> <span class='ocrx_word' id='word_1_675' title='bbox 1034 1950 1132 1978; x_wconf 87' lang='lat' dir='ltr'><strong>diebus</strong></span> <span class='ocrx_word' id='word_1_676' title='bbox 1144 1949 1312 1985; x_wconf 82' lang='lat' dir='ltr'><strong>jcjuuemus.</strong></span> <span class='ocrx_word' id='word_1_677' title='bbox 1329 1957 1427 1984; x_wconf 76' lang='lat' dir='ltr'><strong>magno</strong></span> <span class='ocrx_word' id='word_1_678' title='bbox 1441 1953 1531 1976; x_wconf 84' lang='lat' dir='ltr'><strong>autem</strong></span> <span class='ocrx_word' id='word_1_679' title='bbox 1547 1948 1666 1976; x_wconf 83' lang='lat' dir='ltr'><strong>Sabhato</strong></span> 
     </span>
    </p>
   </div>
   <div class='ocr_carea' id='block_1_98' title="bbox 878 1995 1662 2032">
    <p class='ocr_par' dir='ltr' id='par_1_98' title="bbox 878 1995 1662 2032">
     <span class='ocr_line' id='line_1_98' title="bbox 878 1995 1662 2032; baseline -0.003 -9"><span class='ocrx_word' id='word_1_680' title='bbox 878 1997 1014 2032; x_wconf 73' lang='lat' dir='ltr'><strong>jejunium</strong></span> <span class='ocrx_word' id='word_1_681' title='bbox 1030 1997 1166 2024; x_wconf 66' lang='lat' dir='ltr'><strong>solvamus</strong></span> <span class='ocrx_word' id='word_1_682' title='bbox 1194 1996 1227 2023; x_wconf 87' lang='lat' dir='ltr'><strong>ad</strong></span> <span class='ocrx_word' id='word_1_683' title='bbox 1257 1995 1372 2023; x_wconf 85' lang='lat' dir='ltr'><strong>mediam</strong></span> <span class='ocrx_word' id='word_1_684' title='bbox 1403 1998 1523 2026; x_wconf 85' lang='lat' dir='ltr'><strong>noctem,</strong></span> <span class='ocrx_word' id='word_1_685' title='bbox 1548 1995 1662 2022; x_wconf 87' lang='lat' dir='ltr'><strong>alterum</strong></span> 
     </span>
    </p>
   </div>
   <div class='ocr_carea' id='block_1_99' title="bbox 880 2041 1659 2076">
    <p class='ocr_par' dir='ltr' id='par_1_99' title="bbox 880 2041 1659 2076">
     <span class='ocr_line' id='line_1_99' title="bbox 880 2041 1659 2076; baseline -0.005 -6"><span class='ocrx_word' id='word_1_686' title='bbox 880 2043 997 2071; x_wconf 90' lang='lat' dir='ltr'><strong>duorum</strong></span> <span class='ocrx_word' id='word_1_687' title='bbox 1016 2042 1174 2070; x_wconf 82' lang='lat' dir='ltr'><strong>necessario</strong></span> <span class='ocrx_word' id='word_1_688' title='bbox 1187 2041 1331 2069; x_wconf 89' lang='lat' dir='ltr'><strong>dicendum</strong></span> <span class='ocrx_word' id='word_1_689' title='bbox 1348 2041 1519 2076; x_wconf 86' lang='lat' dir='ltr'><strong>proponitur,</strong></span> <span class='ocrx_word' id='word_1_690' title='bbox 1541 2041 1583 2067; x_wconf 87' lang='lat' dir='ltr'><strong>vel</strong></span> <span class='ocrx_word' id='word_1_691' title='bbox 1599 2048 1659 2067; x_wconf 89' lang='lat' dir='ltr'><strong>om-</strong></span> 
     </span>
    </p>
   </div>
   <div class='ocr_carea' id='block_1_100' title="bbox 880 2087 1665 2122">
    <p class='ocr_par' dir='ltr' id='par_1_100' title="bbox 880 2087 1665 2122">
     <span class='ocr_line' id='line_1_100' title="bbox 880 2087 1665 2122; baseline -0.005 -5"><span class='ocrx_word' id='word_1_692' title='bbox 880 2089 963 2117; x_wconf 86' lang='lat' dir='ltr'><strong>nibus</strong></span> <span class='ocrx_word' id='word_1_693' title='bbox 995 2089 1140 2116; x_wconf 75' lang='lat' dir='ltr'><strong>Dominicze</strong></span> <span class='ocrx_word' id='word_1_694' title='bbox 1173 2087 1312 2115; x_wconf 72' lang='lat' dir='ltr'><strong>Passionis</strong></span> <span class='ocrx_word' id='word_1_695' title='bbox 1343 2088 1449 2118; x_wconf 79' lang='lat' dir='ltr'><strong>diebus,</strong></span> <span class='ocrx_word' id='word_1_696' title='bbox 1482 2087 1528 2122; x_wconf 85' lang='lat' dir='ltr'><strong>qui</strong></span> <span class='ocrx_word' id='word_1_697' title='bbox 1554 2087 1665 2122; x_wconf 90' lang='lat' dir='ltr'><strong>proprie</strong></span> 
     </span>
    </p>
   </div>
   <div class='ocr_carea' id='block_1_101' title="bbox 880 2133 1665 2170">
    <p class='ocr_par' dir='ltr' id='par_1_101' title="bbox 880 2133 1665 2170">
     <span class='ocr_line' id='line_1_101' title="bbox 880 2133 1665 2170; baseline -0.005 -7"><span class='ocrx_word' id='word_1_698' title='bbox 880 2140 940 2170; x_wconf 87' lang='lat' dir='ltr'><strong>post</strong></span> <span class='ocrx_word' id='word_1_699' title='bbox 969 2139 1094 2170; x_wconf 80' lang='lat' dir='ltr'><strong>quartam</strong></span> <span class='ocrx_word' id='word_1_700' title='bbox 1125 2134 1219 2161; x_wconf 76' lang='lat' dir='ltr'><strong>feriam</strong></span> <span class='ocrx_word' id='word_1_701' title='bbox 1252 2134 1455 2168; x_wconf 66' lang='lat' dir='ltr'><strong>praefiniuntur,</strong></span> <span class='ocrx_word' id='word_1_702' title='bbox 1476 2141 1525 2160; x_wconf 90' lang='lat' dir='ltr'><strong>nos</strong></span> <span class='ocrx_word' id='word_1_703' title='bbox 1552 2133 1665 2160; x_wconf 68' lang='lat' dir='ltr'><strong>omnino</strong></span> 
     </span>
    </p>
   </div>
   <div class='ocr_carea' id='block_1_102' title="bbox 878 2179 1663 2218">
    <p class='ocr_par' dir='ltr' id='par_1_102' title="bbox 878 2179 1663 2218">
     <span class='ocr_line' id='line_1_102' title="bbox 878 2179 1663 2218; baseline -0.005 -9"><span class='ocrx_word' id='word_1_704' title='bbox 878 2182 1013 2218; x_wconf 83' lang='lat' dir='ltr'><strong>jejunare,</strong></span> <span class='ocrx_word' id='word_1_705' title='bbox 1042 2186 1068 2209; x_wconf 88' lang='lat' dir='ltr'><strong>et</strong></span> <span class='ocrx_word' id='word_1_706' title='bbox 1099 2181 1133 2208; x_wconf 84' lang='lat' dir='ltr'><strong>ab</strong></span> <span class='ocrx_word' id='word_1_707' title='bbox 1163 2180 1237 2208; x_wconf 89' lang='lat' dir='ltr'><strong>omni</strong></span> <span class='ocrx_word' id='word_1_708' title='bbox 1267 2180 1329 2208; x_wconf 87' lang='lat' dir='ltr'><strong>cibo</strong></span> <span class='ocrx_word' id='word_1_709' title='bbox 1357 2179 1495 2207; x_wconf 86' lang='lat' dir='ltr'><strong>abstinere</strong></span> <span class='ocrx_word' id='word_1_710' title='bbox 1525 2185 1663 2214; x_wconf 69' lang='lat' dir='ltr'><strong>oportere.</strong></span> 
     </span>
    </p>
   </div>
   <div class='ocr_carea' id='block_1_103' title="bbox 881 2225 1664 2261">
    <p class='ocr_par' dir='ltr' id='par_1_103' title="bbox 881 2225 1664 2261">
     <span class='ocr_line' id='line_1_103' title="bbox 881 2225 1664 2261; baseline -0.008 -4"><span class='ocrx_word' id='word_1_711' title='bbox 881 2229 939 2257; x_wconf 89' lang='lat' dir='ltr'><strong>solo</strong></span> <span class='ocrx_word' id='word_1_712' title='bbox 954 2233 1045 2258; x_wconf 89' lang='lat' dir='ltr'><strong>autem</strong></span> <span class='ocrx_word' id='word_1_713' title='bbox 1066 2227 1187 2254; x_wconf 82' lang='lat' dir='ltr'><strong>Sahhato</strong></span> <span class='ocrx_word' id='word_1_714' title='bbox 1201 2226 1338 2261; x_wconf 81' lang='lat' dir='ltr'><strong>jejunium</strong></span> <span class='ocrx_word' id='word_1_715' title='bbox 1367 2225 1484 2257; x_wconf 82' lang='lat' dir='ltr'><strong>solvere.</strong></span> <span class='ocrx_word' id='word_1_716' title='bbox 1505 2230 1534 2252; x_wconf 90' lang='lat' dir='ltr'><strong>ut</strong></span> <span class='ocrx_word' id='word_1_717' title='bbox 1560 2225 1664 2252; x_wconf 86' lang='lat' dir='ltr'><strong>dictum</strong></span> 
     </span>
    </p>
   </div>
   <div class='ocr_carea' id='block_1_104' title="bbox 882 2272 1665 2308">
    <p class='ocr_par' dir='ltr' id='par_1_104' title="bbox 882 2272 1665 2308">
     <span class='ocr_line' id='line_1_104' title="bbox 882 2272 1665 2308; baseline -0.005 -5"><span class='ocrx_word' id='word_1_718' title='bbox 882 2280 934 2308; x_wconf 77' lang='lat' dir='ltr'><strong>est,</strong></span> <span class='ocrx_word' id='word_1_719' title='bbox 953 2275 994 2302; x_wconf 85' lang='lat' dir='ltr'><strong>vel</strong></span> <span class='ocrx_word' id='word_1_720' title='bbox 1009 2276 1060 2302; x_wconf 89' lang='lat' dir='ltr'><strong>hoc</strong></span> <span class='ocrx_word' id='word_1_721' title='bbox 1073 2274 1192 2301; x_wconf 87' lang='lat' dir='ltr'><strong>Sabbato</strong></span> <span class='ocrx_word' id='word_1_722' title='bbox 1205 2273 1294 2307; x_wconf 78' lang='lat' dir='ltr'><strong>magis</strong></span> <span class='ocrx_word' id='word_1_723' title='bbox 1307 2272 1441 2307; x_wconf 86' lang='lat' dir='ltr'><strong>jejunium</strong></span> <span class='ocrx_word' id='word_1_724' title='bbox 1459 2272 1566 2300; x_wconf 85' lang='lat' dir='ltr'><strong>solvere</strong></span> <span class='ocrx_word' id='word_1_725' title='bbox 1583 2279 1665 2307; x_wconf 86' lang='lat' dir='ltr'><strong>quam</strong></span> 
     </span>
    </p>
   </div>
   <div class='ocr_carea' id='block_1_105' title="bbox 847 2310 1663 2350">
    <p class='ocr_par' dir='ltr' id='par_1_105' title="bbox 847 2310 1663 2350">
     <span class='ocr_line' id='line_1_105' title="bbox 847 2310 1663 2350; baseline -0.005 -1"><span class='ocrx_word' id='word_1_726' title='bbox 847 2310 868 2337; x_wconf 65' lang='grc' dir='ltr'><strong><em>Β</em></strong></span> <span class='ocrx_word' id='word_1_727' title='bbox 883 2323 944 2350; x_wconf 83' lang='lat' dir='ltr'><strong>aliis</strong></span> <span class='ocrx_word' id='word_1_728' title='bbox 964 2322 1062 2350; x_wconf 77' lang='lat' dir='ltr'><strong>diebus</strong></span> <span class='ocrx_word' id='word_1_729' title='bbox 1081 2320 1210 2349; x_wconf 87' lang='lat' dir='ltr'><strong>salutaris</strong></span> <span class='ocrx_word' id='word_1_730' title='bbox 1226 2319 1327 2346; x_wconf 90' lang='lat' dir='ltr'><strong>Christi</strong></span> <span class='ocrx_word' id='word_1_731' title='bbox 1340 2318 1488 2346; x_wconf 84' lang='lat' dir='ltr'><strong>Passionis.</strong></span> <span class='ocrx_word' id='word_1_732' title='bbox 1511 2318 1566 2346; x_wconf 87' lang='lat' dir='ltr'><strong>Cur</strong></span> <span class='ocrx_word' id='word_1_733' title='bbox 1590 2319 1663 2345; x_wconf 88' lang='lat' dir='ltr'><strong>enim</strong></span> 
     </span>
    </p>
   </div>
   <div class='ocr_carea' id='block_1_106' title="bbox 880 2364 1664 2399">
    <p class='ocr_par' dir='ltr' id='par_1_106' title="bbox 880 2364 1664 2399">
     <span class='ocr_line' id='line_1_106' title="bbox 880 2364 1664 2399; baseline -0.006 -3"><span class='ocrx_word' id='word_1_734' title='bbox 880 2373 1013 2396; x_wconf 84' lang='lat' dir='ltr'><strong>statutum</strong></span> <span class='ocrx_word' id='word_1_735' title='bbox 1031 2371 1115 2399; x_wconf 82' lang='lat' dir='ltr'><strong>esset,</strong></span> <span class='ocrx_word' id='word_1_736' title='bbox 1143 2370 1171 2393; x_wconf 88' lang='lat' dir='ltr'><strong>ut</strong></span> <span class='ocrx_word' id='word_1_737' title='bbox 1199 2365 1288 2393; x_wconf 84' lang='lat' dir='ltr'><strong>media</strong></span> <span class='ocrx_word' id='word_1_738' title='bbox 1313 2365 1396 2399; x_wconf 86' lang='lat' dir='ltr'><strong>hujus</strong></span> <span class='ocrx_word' id='word_1_739' title='bbox 1429 2368 1505 2391; x_wconf 80' lang='lat' dir='ltr'><strong>nocte</strong></span> <span class='ocrx_word' id='word_1_740' title='bbox 1531 2364 1664 2399; x_wconf 82' lang='lat' dir='ltr'><strong>jejunium</strong></span> 
     </span>
    </p>
   </div>
   <div class='ocr_carea' id='block_1_107' title="bbox 880 2409 1665 2444">
    <p class='ocr_par' dir='ltr' id='par_1_107' title="bbox 880 2409 1665 2444">
     <span class='ocr_line' id='line_1_107' title="bbox 880 2409 1665 2444; baseline -0.006 -3"><span class='ocrx_word' id='word_1_741' title='bbox 880 2413 1030 2444; x_wconf 83' lang='lat' dir='ltr'><strong>solvamus,</strong></span> <span class='ocrx_word' id='word_1_742' title='bbox 1043 2412 1065 2439; x_wconf 92' lang='lat' dir='ltr'><strong>si</strong></span> <span class='ocrx_word' id='word_1_743' title='bbox 1078 2411 1207 2438; x_wconf 81' lang='lat' dir='ltr'><strong>omnibus</strong></span> <span class='ocrx_word' id='word_1_744' title='bbox 1223 2410 1265 2437; x_wconf 87' lang='lat' dir='ltr'><strong>his</strong></span> <span class='ocrx_word' id='word_1_745' title='bbox 1276 2409 1373 2437; x_wconf 84' lang='lat' dir='ltr'><strong>diehus</strong></span> <span class='ocrx_word' id='word_1_746' title='bbox 1387 2409 1529 2444; x_wconf 74' lang='lat' dir='ltr'><strong>aequaliter</strong></span> <span class='ocrx_word' id='word_1_747' title='bbox 1539 2409 1665 2444; x_wconf 84' lang='lat' dir='ltr'><strong>jcjunarc</strong></span> 
     </span>
    </p>
   </div>
   <div class='ocr_carea' id='block_1_108' title="bbox 879 2454 1663 2486">
    <p class='ocr_par' dir='ltr' id='par_1_108' title="bbox 879 2454 1663 2486">
     <span class='ocr_line' id='line_1_108' title="bbox 879 2454 1663 2486; baseline -0.005 0"><span class='ocrx_word' id='word_1_748' title='bbox 879 2458 1061 2486; x_wconf 67' lang='lat' dir='ltr'><strong>deberemus?</strong></span> <span class='ocrx_word' id='word_1_749' title='bbox 1095 2457 1158 2484; x_wconf 80' lang='lat' dir='ltr'><strong>Mihi</strong></span> <span class='ocrx_word' id='word_1_750' title='bbox 1188 2460 1279 2483; x_wconf 86' lang='lat' dir='ltr'><strong>autem</strong></span> <span class='ocrx_word' id='word_1_751' title='bbox 1310 2454 1418 2483; x_wconf 82' lang='lat' dir='ltr'><strong>videtur</strong></span> <span class='ocrx_word' id='word_1_752' title='bbox 1446 2463 1506 2482; x_wconf 75' lang='lat' dir='ltr'><strong>esse</strong></span> <span class='ocrx_word' id='word_1_753' title='bbox 1534 2456 1663 2482; x_wconf 79' lang='lat' dir='ltr'><strong>eximium</strong></span> 
     </span>
    </p>
   </div>
   <div class='ocr_carea' id='block_1_109' title="bbox 881 2500 1664 2539">
    <p class='ocr_par' dir='ltr' id='par_1_109' title="bbox 881 2500 1664 2539">
     <span class='ocr_line' id='line_1_109' title="bbox 881 2500 1664 2539; baseline -0.005 -7"><span class='ocrx_word' id='word_1_754' title='bbox 881 2506 973 2539; x_wconf 76' lang='lat' dir='ltr'><strong>magni</strong></span> <span class='ocrx_word' id='word_1_755' title='bbox 991 2504 1102 2532; x_wconf 81' lang='lat' dir='ltr'><strong>Sahhati</strong></span> <span class='ocrx_word' id='word_1_756' title='bbox 1116 2503 1263 2538; x_wconf 80' lang='lat' dir='ltr'><strong>jejunium,</strong></span> <span class='ocrx_word' id='word_1_757' title='bbox 1280 2501 1396 2536; x_wconf 87' lang='lat' dir='ltr'><strong>aliisque</strong></span> <span class='ocrx_word' id='word_1_758' title='bbox 1407 2501 1507 2529; x_wconf 77' lang='lat' dir='ltr'><strong>Christi</strong></span> <span class='ocrx_word' id='word_1_759' title='bbox 1523 2500 1664 2529; x_wconf 85' lang='lat' dir='ltr'><strong>Passionis</strong></span> 
     </span>
    </p>
   </div>
   <div class='ocr_carea' id='block_1_110' title="bbox 879 2548 1665 2586">
    <p class='ocr_par' dir='ltr' id='par_1_110' title="bbox 879 2548 1665 2586">
     <span class='ocr_line' id='line_1_110' title="bbox 879 2548 1665 2586; baseline -0.005 -7"><span class='ocrx_word' id='word_1_760' title='bbox 879 2553 977 2581; x_wconf 82' lang='lat' dir='ltr'><strong>diebus</strong></span> <span class='ocrx_word' id='word_1_761' title='bbox 993 2551 1184 2586; x_wconf 67' lang='lat' dir='ltr'><strong>prmstantius,</strong></span> <span class='ocrx_word' id='word_1_762' title='bbox 1202 2549 1336 2584; x_wconf 86' lang='lat' dir='ltr'><strong>quoniam</strong></span> <span class='ocrx_word' id='word_1_763' title='bbox 1355 2554 1420 2576; x_wconf 85' lang='lat' dir='ltr'><strong>tunc</strong></span> <span class='ocrx_word' id='word_1_764' title='bbox 1438 2548 1465 2575; x_wconf 93' lang='lat' dir='ltr'><strong>in</strong></span> <span class='ocrx_word' id='word_1_765' title='bbox 1480 2549 1607 2582; x_wconf 88' lang='lat' dir='ltr'><strong>sepulcro</strong></span> <span class='ocrx_word' id='word_1_766' title='bbox 1621 2548 1665 2580; x_wconf 75' lang='lat' dir='ltr'><strong>ia,-</strong></span> 
     </span>
    </p>
   </div>
   <div class='ocr_carea' id='block_1_111' title="bbox 879 2593 1662 2632">
    <p class='ocr_par' dir='ltr' id='par_1_111' title="bbox 879 2593 1662 2632">
     <span class='ocr_line' id='line_1_111' title="bbox 879 2593 1662 2632; baseline -0.009 -7"><span class='ocrx_word' id='word_1_767' title='bbox 879 2599 957 2625; x_wconf 87' lang='lat' dir='ltr'><strong>cehat</strong></span> <span class='ocrx_word' id='word_1_768' title='bbox 970 2605 1070 2632; x_wconf 86' lang='lat' dir='ltr'><strong>corpus</strong></span> <span class='ocrx_word' id='word_1_769' title='bbox 1082 2597 1142 2631; x_wconf 87' lang='lat' dir='ltr'><strong>ejus</strong></span> <span class='ocrx_word' id='word_1_770' title='bbox 1167 2595 1238 2630; x_wconf 88' lang='lat' dir='ltr'><strong>quod</strong></span> <span class='ocrx_word' id='word_1_771' title='bbox 1255 2595 1343 2622; x_wconf 86' lang='lat' dir='ltr'><strong>visum</strong></span> <span class='ocrx_word' id='word_1_772' title='bbox 1368 2599 1437 2622; x_wconf 90' lang='lat' dir='ltr'><strong>erat.</strong></span> <span class='ocrx_word' id='word_1_773' title='bbox 1461 2593 1576 2628; x_wconf 87' lang='lat' dir='ltr'><strong>Oportet</strong></span> <span class='ocrx_word' id='word_1_774' title='bbox 1598 2600 1662 2627; x_wconf 80' lang='lat' dir='ltr'><strong>ergo</strong></span> 
     </span>
    </p>
   </div>
   <div class='ocr_carea' id='block_1_112' title="bbox 880 2638 1664 2677">
    <p class='ocr_par' dir='ltr' id='par_1_112' title="bbox 880 2638 1664 2677">
     <span class='ocr_line' id='line_1_112' title="bbox 880 2638 1664 2677; baseline -0.006 -8"><span class='ocrx_word' id='word_1_775' title='bbox 880 2642 907 2669; x_wconf 90' lang='lat' dir='ltr'><strong>in</strong></span> <span class='ocrx_word' id='word_1_776' title='bbox 926 2643 987 2670; x_wconf 80' lang='lat' dir='ltr'><strong>aliis</strong></span> <span class='ocrx_word' id='word_1_777' title='bbox 1004 2649 1113 2677; x_wconf 85' lang='lat' dir='ltr'><strong>quoque</strong></span> <span class='ocrx_word' id='word_1_778' title='bbox 1124 2641 1221 2668; x_wconf 83' lang='lat' dir='ltr'><strong>diebus</strong></span> <span class='ocrx_word' id='word_1_779' title='bbox 1232 2641 1356 2675; x_wconf 70' lang='lat' dir='ltr'><strong>jejunare</strong></span> <span class='ocrx_word' id='word_1_780' title='bbox 1368 2646 1429 2667; x_wconf 90' lang='lat' dir='ltr'><strong>cum</strong></span> <span class='ocrx_word' id='word_1_781' title='bbox 1442 2638 1664 2672; x_wconf 87' lang='lat' dir='ltr'><strong>compunctione,</strong></span> 
     </span>
    </p>
   </div>
   <div class='ocr_carea' id='block_1_113' title="bbox 881 2684 1665 2723">
    <p class='ocr_par' dir='ltr' id='par_1_113' title="bbox 881 2684 1665 2723">
     <span class='ocr_line' id='line_1_113' title="bbox 881 2684 1665 2723; baseline -0.009 -7"><span class='ocrx_word' id='word_1_782' title='bbox 881 2693 992 2723; x_wconf 84' lang='lat' dir='ltr'><strong>propter</strong></span> <span class='ocrx_word' id='word_1_783' title='bbox 1013 2688 1171 2715; x_wconf 82' lang='lat' dir='ltr'><strong>Passionem</strong></span> <span class='ocrx_word' id='word_1_784' title='bbox 1195 2686 1299 2714; x_wconf 89' lang='lat' dir='ltr'><strong>Christi</strong></span> <span class='ocrx_word' id='word_1_785' title='bbox 1325 2690 1352 2713; x_wconf 90' lang='lat' dir='ltr'><strong>et</strong></span> <span class='ocrx_word' id='word_1_786' title='bbox 1375 2685 1420 2712; x_wconf 90' lang='lat' dir='ltr'><strong>Dei</strong></span> <span class='ocrx_word' id='word_1_787' title='bbox 1443 2684 1528 2711; x_wconf 88' lang='lat' dir='ltr'><strong>nostri</strong></span> <span class='ocrx_word' id='word_1_788' title='bbox 1547 2691 1555 2710; x_wconf 86' lang='lat'><strong>:</strong></span> <span class='ocrx_word' id='word_1_789' title='bbox 1579 2684 1665 2711; x_wconf 88' lang='lat' dir='ltr'><strong>multo</strong></span> 
     </span>
    </p>
   </div>
   <div class='ocr_carea' id='block_1_114' title="bbox 884 2728 1671 2769">
    <p class='ocr_par' dir='ltr' id='par_1_114' title="bbox 884 2728 1671 2769">
     <span class='ocr_line' id='line_1_114' title="bbox 884 2728 1671 2769; baseline -0.008 -7"><span class='ocrx_word' id='word_1_790' title='bbox 884 2738 977 2762; x_wconf 86' lang='lat' dir='ltr'><strong>autem</strong></span> <span class='ocrx_word' id='word_1_791' title='bbox 995 2734 1081 2769; x_wconf 77' lang='lat' dir='ltr'><strong>magis</strong></span> <span class='ocrx_word' id='word_1_792' title='bbox 1095 2740 1195 2769; x_wconf 71' lang='lat' dir='ltr'><strong>magno</strong></span> <span class='ocrx_word' id='word_1_793' title='bbox 1220 2732 1353 2761; x_wconf 81' lang='lat' dir='ltr'><strong>Sabbato.</strong></span> <span class='ocrx_word' id='word_1_794' title='bbox 1380 2730 1488 2765; x_wconf 82' lang='lat' dir='ltr'><strong>quando</strong></span> <span class='ocrx_word' id='word_1_795' title='bbox 1513 2728 1671 2764; x_wconf 66' lang='lat' dir='ltr'><strong>redemptio</strong></span> 
     </span>
    </p>
   </div>
   <div class='ocr_carea' id='block_1_115' title="bbox 883 2775 1555 2813">
    <p class='ocr_par' dir='ltr' id='par_1_115' title="bbox 883 2775 1555 2813">
     <span class='ocr_line' id='line_1_115' title="bbox 883 2775 1555 2813; baseline -0.012 -4"><span class='ocrx_word' id='word_1_796' title='bbox 883 2784 974 2809; x_wconf 84' lang='lat' dir='ltr'><strong>nostra</strong></span> <span class='ocrx_word' id='word_1_797' title='bbox 992 2788 1007 2808; x_wconf 90' lang='lat' dir='ltr'><strong>e</strong></span> <span class='ocrx_word' id='word_1_798' title='bbox 1022 2780 1117 2808; x_wconf 89' lang='lat' dir='ltr'><strong>mortis</strong></span> <span class='ocrx_word' id='word_1_799' title='bbox 1135 2778 1252 2807; x_wconf 84' lang='lat' dir='ltr'><strong>vinculis</strong></span> <span class='ocrx_word' id='word_1_800' title='bbox 1267 2777 1348 2813; x_wconf 79' lang='lat'><strong>263</strong></span> <span class='ocrx_word' id='word_1_801' title='bbox 1363 2775 1555 2804; x_wconf 68' lang='lat' dir='ltr'><strong>athl&#39;llilllﬂllll‘.</strong></span> 
     </span>
    </p>
   </div>
  </div>
