1936 3105
65 121 109 153 89l
579 122 619 151 IN
638 122 721 152 CAN.
737 121 784 151 XC
805 121 909 152 CONC.
932 121 972 151 ΙΝ
993 121 1155 151 TRULLO.

1629 123 1680 154 8‘22

62 179 144 210 αὐτῆς
169 180 220 214 τῆς
247 180 367 214 καρδίας
390 179 560 214 ἁπτομένην.
582 179 648 213 Περὶ
672 179 701 206 δὲ
717 179 747 205 τὸ
764 179 843 213 μέσον

910 184 1003 206 autum
1016 180 1108 214 specie
1125 183 1316 213 apparentem;
1333 181 1380 207 sed
1393 188 1454 214 qtae
1470 180 1556 214 ipsius
1569 188 1680 215 quoque

61 224 110 258 τῆς
137 223 236 256 νυκτδς
259 226 305 252 τοῦ
332 225 474 252 Σαεϐἁτου
490 224 702 259 ἐπιφωσκούσης
725 224 774 258 τῆς
789 225 845 250 Κυ-

64 271 160 306 ριακῆς
178 272 326 306 προτρέπει
354 271 593 306 ἀπονηστίςεσθαι,
623 271 683 298 ἀντὶ
709 270 756 297 τοῦ
774 270 844 306 βρώ-

64 323 128 346 σεως
144 315 278 343 ἅπτεσθαι
290 336 297 348 ,
314 317 351 349 ὡς
368 317 418 352 ἤδη
433 317 576 351 γεγονυίας
588 317 637 350 τῆς
659 316 843 347 ἀναστάσεως.

69 362 96 388 Ὀ
116 362 164 396 μὲν
188 362 242 398 γὰρ
266 362 471 397 εὐαγγελιστὴς,
498 362 576 397 φησὶ,
600 363 749 394 Ματυαῖος,
773 361 844 396 Ὀψὲ

63 405 228 438 Σαϐϐἀτων,
246 405 340 439 εἰπὼν,
358 407 372 433 ὁ
385 406 414 433 δὲ
441 408 558 439 Λουκᾶς,
577 407 699 441 Ὀρθρου
720 407 845 440 βαθέος.

64 451 111 485 τὴν
145 451 300 486 βραδύτητοι
328 453 378 484 τῆς
405 453 500 484 νυκτὸς
529 454 595 488 ἡμῖν
621 453 844 488 ὑπογράφουσιν,

63 495 122 522 ἀντὶ
152 496 211 529 τοῦ,
239 497 452 532 παραδηλοῦσι,.
466 498 657 534 παραδιδόασι.
676 499 731 526 Καὶ
756 499 803 526 νῦν
817 499 846 526 δέ.

60 550 125 575 φασι
141 543 205 574 τοὺς
223 543 253 571 ἐν
276 543 477 580 Ἰεροσολύμοις
505 545 568 572 οὗτε
599 546 670 572 κατά
685 546 734 581 τὴν
750 547 843 581 Παρα-

62 587 171 622 σκευὴν,
182 587 244 615 οὔτε
259 589 331 616 κατά
343 589 373 615 τὸ
386 589 525 624 Σάϐϐατον
539 590 652 617 ἐσθίειν.
669 591 724 617 Καὶ
737 592 752 618 ὁ
773 591 846 618 Ἀλε-

66 632 207 668 ξάνδρείσς
216 634 244 660 δὲ
265 635 404 667 Διονύσιος
427 636 492 672 περὶ
519 637 615 663 τούτου
640 637 788 673 ἐρωτηθεὶς
811 638 846 665 τὰ

61 678 131 705 αὕτά
149 678 322 715 πλατύτερον
331 681 509 716 ἀπεκρίνατο.

58 809 171 836 ΛΡιΣΤ.
191 819 202 836 ε
225 810 269 846 Τῷ
284 811 394 847 μεγάλῳ
412 814 544 849 Σαϐϐάτῳ
563 815 627 850 περὶ
643 816 729 850 μέσας
742 816 843 849 νύκτας

238 867 247 887 ι
269 858 319 894 τὴν
328 860 455 893 νηστείαν
466 861 632 896 διαρκετέον.
654 873 663 889 ι

100 903 131 930 ’0
148 904 198 939 μὲν
216 905 358 938 Ματθαϊος
373 907 422 942 ὀψὲ
447 908 597 936 Σαϐϐάτων
610 910 842 945 ἀναστῆναιλὲγει

57 949 104 975 τὶν
119 950 238 986 Κύριονο
264 953 277 979 ὁ
290 952 317 978 δὲ
333 953 441 985 Λουκᾶς
464 954 563 990 ὄρθρου
581 955 686 990 βαθέος·
712 956 753 983 δεῖ
777 956 843 990 γοῦν

56 995 97 1028 τῷ
113 997 225 1031 μεγάλῳ
246 997 379 1034 Σαϐϐάτῳ
394 999 459 1035 ἄχρι
489 1001 665 1035 μεσονυκτίου
691 1003 842 1038 νηστεύειν,

56 1042 99 1066 xz‘
115 1041 209 1069 ἔκτοτε
235 1044 459 1079 μεταλαμϐάνειν
473 1045 519 1072 τὸν
539 1046 701 1082 βουλόμενον
728 1049 843 1084 τροφῆς,

57 1087 104 1113 διὰ.
123 1087 153 1113 τὸ
169 1089 392 1124 καταλαμϐάνειν
409 1092 441 1118 ὲκ
453 1092 507 1119 τῶν
523 1093 655 1128 ῥημάτων
677 1095 779 1122 τούτων
790 1096 844 1123 τῶν

57 1133 265 1168 εὖαγγελιστῶν
278 1136 344 1172 περὶ
358 1137 444 1172 μέσας
461 1138 536 1175 ὥρας
549 1141 599 1176 τῆς
611 1141 706 1173 νυκτὸς
723 1142 842 1177 ἀναστῆ-

55 1188 102 1206 ναι
121 1180 165 1207 τὸν
183 1181 297 1216 Κύριον.

359 1231 477 1259 ΚΑΝΩΝ
490 1232 525 1266 ιί.

57 1280 67 1296 ς
92 1272 158 1304 Ταῖς
170 1274 326 1310 Κυριακαϊς
341 1278 378 1313 μὴ
395 1279 461 1313 γόνυ
481 1280 583 1308 κλίνειν
596 1282 627 1309 ὲκ
635 1282 690 1309 τῶν
705 1282 843 1319 θεοφόρων

95 1329 104 1344 ι
127 1320 207 1354 ἡμῶν
234 1322 364 1358 Πατέρων
390 1326 542 1358 κανονικῶς
566 1327 768 1363 παρελάϐομεν,
794 1329 843 1364 τὴν

96 1376 105 1391 l
131 1367 178 1393 τοῦ
193 1368 312 1403 Χριστοῦ
330 1370 473 1405 τιμώντων
498 1372 658 1400 ἀνάστασιν.
681 1373 726 1406 Ὧς
750 1374 784 1402 ἃν
796 1374 842 1402 οὖν

97 1421 106 1437 r
135 1413 173 1448 μὴ
189 1415 335 1450 ἀγνοῶμεν
348 1416 377 1443 τὺ
398 1417 484 1453 σαφὲς
500 1420 551 1454 τῆς
567 1420 699 1454 τοιαύτης
716 1429 842 1456 παρατη-

138 1459 254 1494 ρήσεως,
267 1461 348 1496 δῆλον
363 1463 420 1494 τοῖς
439 1465 546 1497 πιστοῖς
564 1466 748 1502 καθιστῶμεν,
770 1467 842 1495 ὥστε

135 1506 205 1539 μετὰ
221 1507 271 1542 τὴν
286 1508 314 1534 ὲν
332 1508 371 1542 τῷ
383 1509 515 1545 Σαϐϐάτῳ
528 1511 677 1548 ἐσπερινὴν
693 1513 747 1540 τῶν
763 1515 842 1549 ἱερω-
856 1507 878 1537 (ἶ

95 1561 105 1576 ε
136 1551 226 1586 μένων
237 1554 307 1589 πρὸς
327 1555 359 1582 τὸ
379 1555 577 1592 θυσιαστήριον
601 1558 716 1592 εἴσοδον,
732 1560 801 1587 κατὰ
813 1560 844 1587 τὸ

95 1608 105 1624 ι
133 1600 253 1635 κρατοῦν
267 1601 339 1634 ἔθος,
358 1603 459 1638 μηδένα
475 1604 541 1638 γόνυ
562 1604 664 1632 κλίνειν
682 1605 763 1641 μέχρι
792 1606 844 1641 τῆς

96 1655 105 1671 ε
131 1647 233 1682 ἑφεξῆς
251 1649 321 1675 κατά
334 1649 384 1683 τὴν
408 1650 551 1686 Κυριακὴν
566 1651 700 1687 ἑσπέρας·
727 1652 789 1679 καθ’
809 1653 843 1689 ὴν

95 1702 104 1718 ε
132 1694 200 1727 μετὰ
215 1694 264 1730 τὴν
279 1696 313 1727 ἐν¹
328 1695 368 1731 τῷ
384 1695 504 1732 λυχνικῷ
526 1697 630 1725 εἴσοδον
644 1696 724 1730 αὖθις
739 1699 773 1726 τὰ
794 1700 843 1734 γό-

95 1749 107 1766 c
129 1749 197 1766 νατα
218 1741 403 1776 κάμπτοντες,
422 1743 496 1770 οὕτω
511 1743 560 1775 τὰς
589 1744 670 1779 εὐχὰς
689 1745 727 1781 τῷ
748 1745 843 1782 Κυρίῳ

94 1797 105 1814 ι
131 1788 318 1823 προσάγομεν.
332 1789 388 1824 Τῆς
403 1790 457 1826 γὰρ
473 1791 520 1818 τοῦ
534 1792 660 1826 Σωτῆρος
675 1792 753 1827 ήμῶν
763 1793 844 1829 ἐγέρ-

97 1842 107 1859 ι
134 1842 203 1865 σεως
228 1833 384 1869 πρόδρομον
400 1835 449 1871 τὴν
467 1837 535 1871 μετά
559 1838 589 1863 τὺ
605 1838 744 1865 Σάϐϐατον
758 1838 844 1866 νύκτα

97 1888 107 1905 ι
134 1879 409 1914 παραλαμϐάνοντες,
425 1881 479 1908 τῶν
508 1882 602 1916 ὓμνων
618 1883 744 1910 ἐντεῦθεν
760 1893 844 1911 πνευε

97 1934 107 1951 ι
140 1925 264 1960 ματικῶς
277 1926 468 1962 ἀπαρχόμεϐα,
485 1928 525 1959 εἰς
541 1927 600 1961 φῶς
618 1930 650 1956 ὲκ
665 1929 778 1961 σκότους
794 1930 843 1965 τὴν

97 1981 118 2001 ι,
139 1971 238 2006 ἑορτὴν
263 1972 477 2007 καταλήγοντες,
496 1972 534 2005 ὡς
548 1974 577 2001 ὲν
590 1974 732 2011 ὁλοκλήρῳ
749 1975 843 2002 ἔντεῦο

96 2027 106 2044 ί
133 2017 179 2044 θεν
199 2018 278 2044 νυκτὶ
303 2017 350 2044 καὶ
376 2018 467 2055 ἡμέρᾳ
488 2019 687 2055 πανηγυρίζειν
706 2021 779 2056 ἡμᾶς
795 2021 844 2056 τὴν

98 2071 108 2088 ε
137 2061 296 2088 ἀνάστασιν.
319 2071 329 2088 ι

92 2108 192 2136 ΒΛΛΣ.
216 2108 245 2136 '0
273 2111 297 2135 κ’
317 2108 409 2135 κανὼν
441 2109 489 2143 τῆς
506 2108 535 2134 ὲν
556 2109 658 2145 Νικαίᾳ
685 2111 806 2145 συνόδου,
830 2112 844 2139 ὁ

49 2155 88 2183 ιε’
118 2153 209 2181 κανὼν
237 2155 287 2181 τοῦ
311 2155 391 2189 ἁγίου
424 2155 529 2191 Πέτρου
559 2155 773 2191 Ἀλεξανδρείας,
795 2159 842 2185 καὶ

47 2201 84 2228 τὸ
101 2200 145 2232 κζ’
160 2200 306 2235 κεφάλαιον
329 2200 380 2235 τῆς
413 2200 481 2235 πρὸς
502 2200 548 2227 τὸν
579 2200 755 2237 Ἀμφιλόχιον
781 2204 843 2230 ἐπι-

49 2246 156 2281 στολῆς
170 2245 218 2272 τοῦ
234 2245 353 2280 μεγάλου
370 2245 513 2272 Βασιλείου
530 2246 644 2281 (τούτων
660 2247 715 2283 γὰρ
730 2249 754 2274 ot
771 2248 843 2283 ἆγιοι

47 2293 181 2326 Πατέρες
195 2291 349 2326 μέμνηνται
374 2292 420 2318 καὶ
438 2292 585 2327 οεοφόρους
603 2293 729 2329 Πατέρας
743 2294 843 2322 καλοῦ-

49 2338 113 2373 σιν)
131 2338 236 2373 ὥρισαν
262 2337 301 2373 μὴ
315 2337 418 2364 κλίνειν
437 2338 502 2369 γόνυ
522 2339 551 2364 ὲν
563 2340 623 2370 ταῖς
642 2340 796 2374 Κυριακαίς
824 2341 840 2376 ἢ

47 2387 82 2413 ἐν
98 2386 161 2416 ταῖς
186 2384 306 2419 ἡμέραις
316 2384 367 2419 τῆς
390 2385 592 2419 Πεντηκοστῆς,
609 2386 778 2418 Ἀκολούοως
795 2385 843 2414 οὖν

47 2432 151 2462 αὐτοῖς
167 2430 313 2465 διορίζεται
327 2431 342 2456 ό
358 2429 456 2466 παρὼν
472 2430 562 2458 κανὼν
585 2432 718 2466 τιμᾶσθαι
732 2432 781 2468 τὴν
794 2433 841 2460 τοῦ

48 2477 163 2512 Κυρίου
183 2475 264 2510 ἁγίαν
283 2475 443 2502 ἀνάστασιν.
458 2476 535 2502 Ἐπεὶ
554 2476 583 2503 δέ
598 2485 669 2509 τινες
682 2477 840 2514 διηπόρουν,

47 2525 118 2553 ὅθεν
144 2524 191 2550 καὶ
216 2524 248 2549 ὲκ
274 2522 352 2553 ποίας
367 2521 442 2557 ὥρας
465 2522 481 2556 ἡ
509 2522 688 2557 Κυριώνυμος
714 2524 839 2559 ἄρχεται,

49 2572 105 2599 καὶ
123 2571 204 2606 μέχρι
216 2570 287 2600 τινος
298 2568 520 2603 συμπεραίνςται,
534 2568 700 2604 κατέστησαν
710 2571 756 2597 καὶ
766 2571 844 2598 τοῦτο

49 2617 139 2652 δῆλον
158 2616 206 2642 καὶ
232 2614 318 2647 σαφὲς
337 2615 395 2645 τοῖς
417 2615 531 2645 πιστοῖς,
562 2614 611 2640 καὶ
636 2613 712 2642 εἷπον
743 2616 845 2652 ταύτην

49 2662 194 2698 ἄρχεσθαι
211 2660 280 2696 μετὰ
299 2660 348 2696 τὴν
371 2660 516 2695 ἐσπερινὴν
535 2660 674 2695 ὑμνῳδίαν
702 2662 748 2689 τοῦ
772 2663 843 2690 236-

51 2710 155 2741 ϐάτου,
174 2707 222 2734 καὶ
244 2706 412 2741 καταλήγειν
433 2705 514 2741 μέχρι
541 2707 590 2740 τῆς
618 2707 843 2743 συμπληρώσεως

48 2755 105 2784 τοῦ
123 2753 264 2789 λυχνικοῦ,
291 2753 350 2788 ἢτοι
376 2752 423 2779 τοῦ
444 2752 588 2787 ἑσπερινοῦ
617 2752 667 2788 τῆς
689 2754 841 2790 Κυριακῆς.

93 2846 120 2863 ³⁸
135 2845 231 2874 Matth.
245 2853 341 2881 .uvut,
352 2847 376 2875 l.
415 2847 438 2863 "
450 2848 517 2885 Luc.
529 2856 602 2880 xxtv.
621 2849 646 2878 1.

902 225 995 252 cordis
1011 225 1163 260 penetralia
1180 226 1330 261 contingat.
1349 226 1464 253 Circiter
1481 234 1544 252 vero
1563 227 1678 253 inediam

897 269 1005 297 Sabbati
1025 275 1145 302 noctem,
1162 279 1244 306 quam
1270 272 1328 299 dies
1345 279 1406 298 mox
1426 271 1583 298 Dominieus
1605 272 1679 298 exci-

898 316 946 351 pit,
962 315 995 344 ad
1010 316 1137 344 solvenda
1149 317 1266 352 jeiunia,
1283 317 1334 344 hoc
1348 320 1400 348 est.
1423 317 1475 344 cibi
1501 317 1604 351 aliquid
1631 325 1680 344 su-

897 361 1039 394 mendum,
1055 363 1132 398 quasi
1159 363 1281 390 redivivo
1302 362 1359 398 jam
1386 370 1400 389 a
1424 362 1538 390 mortuis
1561 362 1679 392 Christo.

898 408 1004 435 invitat.
1015 407 1083 435 Nam
1098 408 1265 442 evangelista
1280 408 1401 443 quidem,
1416 407 1514 442 inquit,
1526 407 1679 439 Maltlneus,

900 453 1021 488 Vespere
1046 453 1200 484 Sabbati“,
1226 460 1288 479 etnn
1316 452 1431 484 dixerit';
1460 451 1547 480 Lucas
1575 455 1678 483 autem,

895 499 980 526 Valde
1008 499 1169 540 diluculo",
1195 499 1285 526 noctis
1312 499 1386 526 illius
1414 498 1568 525 tarditatem
1600 496 1681 524 nobis

896 545 1069 577 describunt,
1084 546 1135 572 hoc
1154 549 1207 578 est,
1225 545 1391 578 significant,
1409 543 1546 571 indicant.
1567 543 1600 570 Et
1617 550 1680 569 vero

896 598 969 618 nunc
985 599 1095 626 quoque
1117 590 1205 622 aiunt,
1221 597 1268 618 eos
1284 591 1330 625 qui
1354 588 1551 624 Hierosolymis
1565 588 1680 622 degunt,

896 644 986 672 neque
1013 642 1070 665 toto
1095 636 1277 670 Parasceves,
1304 644 1391 671 neque
1412 635 1521 663 Sabbati
1546 634 1601 666 die,
1625 633 1681 661 cibi

897 682 1000 717 aliquid
1014 683 1171 717 degustare.
1198 682 1233 709 Et
1259 681 1405 717 Dionysius
1432 688 1542 715 quoque
1561 680 1680 706 Alexan-

895 729 1005 761 drinus,
1022 737 1084 756 cum
1104 722 1138 755 ei
1154 735 1187 755 co
1202 728 1235 755 de
1260 728 1311 755 hac
1329 735 1360 754 re
1383 730 1562 762 quatreretur,
1585 725 1679 753 eadem

896 776 953 802 haec
968 775 1057 803 fusius
1074 774 1208 810 explicata
1224 773 1376 809 respOndit.

895 820 1008 849 ARIST.
1027 830 1035 846 ι
1047 820 1145 856 Magno
1163 820 1282 848 Sabbato
1300 827 1387 854 usque
1401 819 1433 846 ad
1445 818 1561 846 mediam
1573 825 1619 844 110(
1626 821 1679 844 tc'n

1030 876 1039 893 ι
1063 868 1089 895 in
1104 867 1209 902 jejunio
1236 865 1462 902 perseverandum
1478 868 1529 892 est.
1544 873 1553 890 ι

931 913 1078 941 Μοιιιιειτυε
1099 913 1209 948 quidem
1229 919 1342 947 vespere
1355 911 1469 938 Sabbati
1494 909 1680 937 rcsurrexisse

894 960 962 988 dicit
991 961 1138 988 Dontinum
1163 969 1170 987 :
1203 960 1293 987 Lucas
1324 963 1415 986 autem
1446 958 1522 986 valde
1548 957 1678 984 diluculo.

894 1005 991 1040 Magno
1009 1006 1101 1040 itaque
1118 1004 1238 1033 Sabbato
1259 1012 1344 1039 usque
1371 1003 1405 1031 ad
1432 1002 1546 1030 mediam
1570 1006 1675 1028 noctein

894 1055 1002 1086 oportet
1034 1050 1171 1086 jejunare,
1196 1055 1224 1078 et
1250 1054 1325 1082 tunc,
1343 1049 1389 1084 qui
1418 1049 1485 1081 vult,
1514 1048 1673 1075 alimentum

895 1106 1014 1130 sumere,
1039 1099 1171 1134 quoniam
1197 1106 1230 1126 ex
1255 1097 1346 1125 verbis
1363 1097 1418 1125 illis
1444 1095 1673 1131 evangelistarutn

895 1145 1008 1173 circiter
1024 1145 1128 1173 medias
1155 1145 1246 1172 noctis
1275 1144 1358 1172 horas
1382 1142 1568 1171 resurrexisse
1585 1141 1679 1168 Domi-

895 1198 961 1218 num
978 1191 1222 1226 deprehendimus.

1130 1236 1212 1273 234
1228 1235 1343 1265 canon
1363 1234 1418 1264 xc.

898 1291 906 1307 ι
928 1281 1078 1311 Dominicis
1093 1291 1163 1318 genu
1189 1291 1243 1311 non
1270 1282 1381 1311 ﬂectere
1408 1289 1422 1309 a
1448 1281 1548 1310 divinis
1577 1280 1678 1308 nostris

932 1339 940 1354 ς
956 1329 1091 1362 Ροιτὶὺιιε,
1104 1330 1205 1357 Chriin
1218 1329 1448 1358 resurrectionem
1459 1328 1676 1359 honorantibus,

934 1384 943 1400 ι
966 1375 1100 1403 canonice
1114 1376 1282 1411 accepimus.
1302 1375 1342 1403 Ne
1357 1382 1423 1409 ergo
1447 1374 1530 1409 hujus
1551 1374 1679 1401 observa-

933 1432 941 1448 ι
963 1422 1046 1450 tionis
1059 1422 1222 1450 evidentiam
1251 1422 1422 1457 ignoremus,
1449 1420 1577 1448 ﬁdelibus
1591 1419 1692 1446 mani-7

933 1477 942 1494 ε
963 1467 1062 1496 festum
1083 1468 1211 1500 facimus,
1240 1467 1314 1503 quod
1335 1471 1396 1502 post
1421 1466 1608 1502 vespertinum
1631 1472 1680 1492 sa-

934 1524 943 1540 ‹
962 1514 1103 1542 cerdotum
1136 1514 1169 1542 ad
1197 1514 1284 1542 altare
1306 1513 1426 1541 Subbato
1452 1513 1619 1547 ingressum,
1645 1519 1687 1538 ex.

933 1569 942 1585 ι
961 1560 1160 1588 consuetudine
1173 1567 1234 1595 qua:
1246 1564 1386 1592 servatur,
1403 1565 1484 1586 nemo
1498 1565 1568 1593 genu
1584 1557 1678 1585 ﬂectat

933 1616 942 1632 ι
963 1614 1048 1641 usque
1066 1606 1099 1633 ad
1117 1611 1276 1641 sequentem
1297 1612 1439 1641 vesperam
1461 1605 1489 1632 in
1512 1604 1557 1632 die
1585 1604 1678 1632 Domi-

933 1663 940 1680 l
963 1653 1024 1681 uico
1039 1661 1045 1680 :
1064 1653 1091 1680 in
1105 1660 1158 1687 qua
1171 1656 1234 1688 post
1246 1652 1400 1687 ingressum
1417 1651 1444 1678 in
1460 1649 1618 1686 vespertino
1630 1656 1677 1677 seu

935 1709 942 1725 ι
964 1699 1154 1733 completorio,
1179 1705 1268 1734 genua
1288 1705 1383 1726 rursus
1411 1696 1549 1725 ﬂectentes
1565 1695 1678 1723 Domino

933 1755 942 1771 ε
964 1753 1059 1781 preces
1085 1744 1126 1773 sic
1142 1744 1296 1772 offerimus.
1317 1743 1470 1771 Servatoris
1491 1743 1565 1770 enitn
1593 1742 1678 1769 nostri

934 1802 942 1817 ι
962 1791 1174 1819 resurrectionis
1198 1791 1283 1818 velttti
1317 1797 1516 1826 prazcttrsorem
1547 1794 1654 1816 noctem
1669 1808 1676 1820 ,

933 1849 942 1864 ι
964 1847 1024 1874 ηοω
1058 1843 1120 1874 post
1150 1838 1298 1866 Sabbatum
1333 1837 1399 1868 fuit,
1420 1837 1601 1870 accipientes,
1627 1836 1677 1870 hy-

933 1895 942 1911 ‹
964 1893 1040 1913 mnos
1056 1885 1090 1912 ab
1106 1892 1137 1912 ea
1153 1884 1330 1919 spiritualiter
1347 1883 1505 1917 incipimus,
1519 1882 1616 1909 festum
1643 1889 1677 1908 ex

936 1941 944 1957 ι
967 1931 1087 1959 tenebris
1111 1931 1138 1959 in
1163 1931 1251 1958 lucem
1276 1926 1506 1959 transmittentes.
1523 1932 1549 1955 ut
1571 1927 1597 1954 in
1617 1934 1677 1962 per-

936 1987 945 2003 ‹
967 1977 1038 2004 fecto
1056 1981 1083 2004 et
1098 1977 1202 2011 integro
1217 1976 1261 2003 die
1278 1983 1310 2002 ac
1327 1979 1405 2002 nocte
1424 1981 1474 2001 nos
1500 1972 1564 2000 inde
1586 1979 1678 2000 resur-

935 2033 943 2049 ι
967 2023 1114 2051 rectionem
1129 2022 1310 2050 celebremus.
1331 2030 1340 2046 ι

933 2112 1029 2140 BALS.
1057 2112 1210 2139 Vicesimus
1242 2118 1330 2137 canon
1358 2110 1467 2137 Nicente
1502 2108 1611 2144 synodi,
1640 2107 1676 2134 ‘25

858 2173 881 2203 ο
895 2166 983 2186 canon
1003 2158 1090 2186 sancti
1103 2158 1176 2186 Petri
1193 2156 1381 2188 Alexandrini,
1396 2161 1422 2183 et
1448 2155 1483 2182 27
1512 2162 1674 2189 responsum

893 2205 1013 2240 epistolae
1033 2205 1121 2239 magni
1154 2203 1245 2232 Basilii
1265 2203 1299 2230 ad
1323 2201 1544 2238 Amphiloehium
1565 2201 1674 2235 (horum

895 2251 966 2278 euint
984 2249 1071 2278 sancti
1088 2249 1184 2277 Patres
1201 2248 1396 2279 meminerunt,
1414 2251 1441 2274 et
1455 2247 1562 2274 divinos
1577 2246 1672 2273 Patres

893 2297 1043 2332 appellant)
1062 2300 1228 2328 statuerunt,
1254 2302 1325 2330 genu
1352 2301 1405 2321 non
1425 2301 1486 2322 esse
1511 2293 1675 2320 lict-tendum

894 2344 922 2370 in
943 2342 1039 2370 diebus
1066 2342 1226 2373 Dominicis,
1249 2340 1291 2367 vel
1315 2339 1343 2367 in
1365 2339 1462 2367 diebus
1487 2337 1675 2365 Pentecostes.

896 2388 944 2416 llis
970 2396 1034 2424 ergo
1057 2391 1259 2422 consequenter
1284 2385 1407 2415 decernit
1427 2391 1537 2420 quoque
1555 2390 1675 2418 praesens

897 2442 998 2467 canon,
1015 2439 1138 2462 sanctam
1157 2432 1265 2460 Domini
1288 2431 1516 2460 resurrectionem
1542 2436 1605 2457 esse
1628 2428 1676 2454 lto-

893 2479 1057 2507 norandam.
1074 2479 1208 2512 Quoniam
1236 2481 1327 2505 autem
1349 2476 1472 2505 nonnulli
1499 2475 1676 2504 dubitabant,

895 2527 966 2554 unde
978 2530 1006 2554 et
1021 2534 1053 2553 cx
1069 2533 1185 2560 quanam
1200 2525 1268 2552 hora
1289 2525 1447 2551 Dominicus
1475 2522 1582 2556 incipit,
1598 2524 1625 2548 et
1640 2519 1675 2546 ad

893 2579 975 2606 quant
991 2578 1078 2606 usque
1095 2572 1259 2606 completur,
1277 2570 1330 2597 hoc
1345 2576 1454 2604 quoque
1475 2567 1599 2595 ﬁdelibus
1617 2572 1675 2592 ma-

893 2618 995 2646 nifeste
1015 2622 1043 2645 et
1056 2618 1199 2653 perspicue
1217 2617 1403 2648 declararunt,
1421 2618 1449 2642 et
1465 2613 1594 2641 dixerunt
1612 2618 1675 2639 eum

893 2663 1014 2699 incipere
1022 2660 1091 2699 'p0st
1109 2664 1291 2699 vespertinam
1307 2661 1421 2689 Sabbati
1445 2659 1631 2695 hymnodiam,
1645 2660 1676 2685 et

892 2711 1019 2739 desinere
1044 2711 1077 2738 ad
1112 2710 1343 2745 complementum
1373 2706 1541 2742 lychnicum,
1569 2704 1594 2731 id
1620 2709 1672 2735 est.

894 2757 1043 2793 vespertini
1058 2757 1138 2785 otiicii
1156 2755 1314 2784 Dominieie.
1332 2753 1363 2781 Et
1379 2757 1446 2780 tunc
1461 2751 1583 2786 quidctn,
1598 2750 1674 2779 scili-
