1936 3105
261 138 315 171 823

872 142 921 171 ’ΠΙ
927 140 1010 171 EOD.
1026 139 1070 169 BA
1076 140 1226 173 LSAMON

1842 139 1898 172 εεῖι

262 203 307 226 cet
320 203 381 233 post
401 199 592 238 Ivesprrtlnum
619 198 730 227 Sabhati
757 207 843 235 usque
867 201 899 227 ad
927 200 1044 234 comple-

1104 201 1157 228 Καὶ
1170 201 1230 228 τότε
1257 203 1317 238 μὲν,
1339 204 1424 239 ἤγουν
1443 202 1513 239 μετὰ
1530 203 1560 230 τδ
1583 203 1727 238 ἑσπερινόν
1742 201 1790 228 τοῦ
1824 200 1900 227 Σαε-

263 249 387 272 mentum
404 245 554 278 vespertini
571 245 732 279 Dominicis,
761 254 850 281 genua
867 247 977 274 ﬂectere
993 253 1046 274 non

261 294 408 324 oportere,
436 294 551 325 propter
574 291 677 319 Christi
709 293 964 320 resurrectionem:
989 297 1048 327 post

262 335 412 363 Dominieie
427 344 491 363 vero
505 337 674 373 lychnicum,
689 346 777 374 genua
801 346 909 367 rursum
937 338 1048 366 ﬂectere

263 385 291 408 et
304 388 400 416 preces
417 381 471 409 Deo
488 382 638 411 eﬂ'nndere.
653 384 693 412 Ad
713 384 795 418 hujus
810 388 898 412 autem
916 385 956 412 rei
981 393 1048 412 cou-

260 427 445 456 iirmatiouem
480 429 573 464 adjicit
602 438 702 462 canon,
733 431 808 466 quod
837 431 939 459 Christi
964 432 1046 459 etiam

262 475 429 502 resurrectio
445 483 558 509 vespere
578 476 703 508 Snbbati.
721 478 773 505 hoc
803 482 855 510 est,
882 481 946 505 ante
974 478 1046 504 diem

261 520 437 549 Dominicnm
456 523 560 550 exstitit
577 532 583 550 :
598 523 737 557 ut{l'estum
758 531 791 551 ex
811 523 931 551 tenebris
950 523 977 551 in
1005 524 1048 550 ln—

262 575 320 595 cem
346 567 505 601 desineret.
530 574 557 597 ct
584 570 733 598 celebratio
761 570 973 598 resurrectionis
1001 578 1048 605 per

262 614 397 650 integrum
425 615 496 643 diem
513 616 704 651 integramque
730 622 838 644 noctem
869 617 955 644 ﬁeret.
977 615 1046 643 Cum

261 659 320 687 haec
336 661 374 688 ita
388 669 419 688 se
437 661 567 695 habeant,
583 662 684 689 dixerit
696 662 843 697 quispiam,
859 670 890 689 ea
906 669 965 697 quae
982 665 1047 688 sunt

261 705 289 732 in
315 706 442 741 praesenti
477 714 584 734 canone
611 715 763 742 repugnare
790 707 920 735 doctrinae
943 715 1048 743 praece-

261 751 351 780 dentis
371 753 496 780 canonis.
514 753 573 780 Illic
588 752 661 780 enim
675 753 777 780 dictum
796 757 850 786 est,
865 754 936 781 diem
953 754 1046 780 Domi-

262 798 355 825 nicum
396 800 535 826 numerari
572 806 593 833 a_
622 800 734 834 septima
769 800 835 827 hora
867 799 1046 835 pra-cedentis

262 844 365 876 unctis,
391 849 418 871 et
438 845 504 871 hora
535 849 611 873 sexta
636 845 778 880 sequentis
801 846 889 873 noctis
906 846 1043 874 desinere.

262 888 340 917 Nunc
357 894 447 917 autem
468 889 607 918 decretum
634 895 688 922 est,
714 891 885 918 Dominicnm
906 892 1046 919 numerari

262 940 324 970 post
335 936 492 972 lychnicum
509 935 636 968 Sabbati,
656 940 683 964 et
699 936 826 964 desinere
840 945 955 972 vespera
970 938 1047 973 ejus-

262 982 325 1009 dem
344 982 427 1010 etiam
444 982 603 1010 Dominicze.
619 982 678 1010 Non
697 987 761 1010 sunt
777 988 868 1011 autem
897 985 1047 1012 contraria.

263 1029 286 1055 Α
304 1028 423 1055 naturali
437 1029 509 1055 enim
529 1030 683 1056 caelestium
701 1037 847 1064 corporum
872 1035 958 1062 motu,
975 1034 1002 1058 et
1015 1038 1048 1058 ex

263 1074 298 1101 iis
312 1082 373 1108 qua-
400 1082 516 1108 magnus
542 1074 664 1102 Damasci
689 1074 785 1102 doctor
812 1075 912 1110 inquit,
938 1075 996 1104 dies
1012 1076 1049 1104 ita

264 1120 360 1155 incipit
375 1125 402 1148 et
418 1120 531 1153 desiuit,
548 1121 620 1148 sicut
645 1121 671 1149 in
689 1121 722 1149 89
746 1128 851 1149 canone
870 1122 973 1150 dictum
994 1126 1047 1151 est.

261 1169 387 1196 Prasens
404 1173 494 1196 autem
517 1176 605 1196 canon
624 1169 752 1197 similiter
765 1169 864 1205 iubens
888 1178 936 1205 per
961 1174 1046 1198 totum

263 1216 316 1244 diei
330 1220 357 1243 et
374 1216 463 1244 noctis
477 1216 598 1251 spatium
612 1224 662 1244 nos
680 1216 786 1244 Domini
814 1218 1043 1246 resurrectionem

262 1261 415 1294 celebrare,
434 1269 488 1289 non
503 1262 607 1290 habens
625 1266 716 1290 autem
738 1271 851 1291 necesse
867 1268 931 1291 tunc
948 1264 1047 1292 docere

262 1307 296 1334 de
312 1307 413 1335 diurno
436 1309 536 1343 spatio.
562 1308 609 1336 sed
636 1309 776 1344 quomodo
806 1313 833 1337 et
860 1310 969 1345 quando
999 1319 1048 1339 nos

264 1357 373 1388 oportet
399 1354 431 1380 ad
461 1353 523 1381 festi
557 1354 769 1382 celebrationem
801 1359 829 1383 et
857 1358 1046 1391 pteuitentiam

262 1407 439 1435 componere,
470 1399 547 1431 dicit.
566 1401 639 1436 quod
667 1405 729 1436 post
757 1402 911 1437 lychnicum
934 1403 1046 1431 Sabbati

260 1453 303 1478 ea.
332 1454 393 1481 qua:
427 1447 460 1474 ad
484 1448 697 1475 resurrectionis
722 1448 821 1476 festum
851 1450 1044 1478 celebrandum

261 1493 412 1527 pertinent.
427 1494 617 1528 componenda
643 1501 675 1521 ac
689 1495 809 1527 paranda
828 1500 893 1523 sunt
914 1506 920 1525 :
950 1497 987 1524 ita
1018 1502 1045 1525 et

262 1545 325 1574 post
343 1539 528 1574 vespertinum
551 1540 699 1568 Dominicre
714 1549 745 1568 ea
772 1549 832 1577 quin
857 1543 891 1570 ad
906 1545 1042 1578 pceniten-
1060 1543 1084 1576 ο

262 1585 341 1612 riam.
364 1585 392 1612 Si
412 1585 483 1612 enim
500 1586 552 1613 hoc
566 1594 621 1613 non
648 1586 805 1618 fecerimus,
827 1589 873 1615 sed
899 1596 986 1624 usque
1012 1590 1045 1617 ad

261 1632 356 1658 horam
374 1632 516 1666 septimam
540 1639 662 1667 vespera:
678 1637 740 1668 post
761 1633 934 1661 Doniinicunt
955 1635 1044 1670 poeni.

261 1677 355 1704 tentia!
386 1678 612 1713 praparationcm
638 1678 838 1711 distulerimus.
861 1684 992 1716 tanquam
1019 1682 1046 1710 in

260 1730 293 1750 ea
309 1723 446 1758 completo
472 1723 635 1757 Dominico,
664 1724 754 1760 populi
769 1729 831 1760 post
858 1726 1044 1761 Dominicnm,

261 1769 363 1804 populo
394 1769 491 1796 festum
522 1770 679 1798 celebrante
705 1771 828 1806 ignotum
860 1772 913 1802 erit
939 1778 1047 1810 tempus

260 1819 324 1849 post
340 1815 525 1848 Dominicnm,
554 1816 654 1844 festum
681 1816 850 1846 celebrantes
878 1822 1042 1853 manserint,

259 1866 293 1887 eo
305 1859 377 1894 quod
395 1860 489 1888 multis
503 1864 585 1896 atque
602 1861 670 1889 adeo
682 1861 806 1896 pluribus
822 1863 856 1890 sit
866 1862 1045 1898 incognitum,

259 1906 373 1940 quando
388 1906 478 1933 veniat
494 1907 559 1933 hora
575 1907 690 1942 septima
703 1911 745 1940 ,et
760 1909 868 1942 quando
885 1909 1046 1938 tenuius-tur

260 1958 349 1981 sexta.
376 1953 500 1982 Observa
528 1962 593 1988 ergo
620 1962 751 1988 canones,
781 1955 826 1983 ubi
857 1961 884 1982 ct
909 1958 1047 1991 quomodo

260 2000 326 2027 editi
354 2004 440 2028 sunt:
458 2008 508 2028 nec
524 2009 573 2029 eos
600 2001 702 2029 dixeris
728 2002 799 2029 inter
827 2010 856 2029 se
883 2010 1044 2038 repugnare.

261 2045 380 2082 Spiritus
395 2047 467 2074 enim
482 2051 595 2074 sanctus
621 2048 651 2074 in
664 2048 793 2075 omnibus
815 2048 923 2076 locutus
939 2054 990 2076 est.

1061 2159 1084 2186 D

295 2222 375 2258 265
392 2222 518 2250 ZONAR.
535 2221 592 2250 Non
618 2230 678 2251 esse
699 2223 850 2252 Dominicis
871 2230 918 2251 aut
946 2225 1044 2251 Pente-

259 2272 349 2296 rostes
365 2268 465 2296 diebus
481 2268 615 2296 ﬂectenda
645 2276 734 2304 genua
752 2270 832 2297 multi
855 2277 977 2298 canones
999 2271 1046 2298 de-

260 2324 383 2345 crevere.
409 2317 509 2344 Eadem
537 2317 629 2344 Basilii
664 2325 776 2353 quoque
806 2325 883 2345 mens
910 2317 972 2349 fuit,
998 2318 1044 2353 qui

260 2367 392 2396 prmterea
412 2370 523 2395 causas,
539 2367 652 2399 propter
678 2371 750 2398 quas
765 2371 797 2391 ea
814 2364 985 2391 consuetudo
1011 2364 1046 2391 sit

259 2408 403 2440 damnata,
431 2408 581 2436 subnectit.
608 2408 657 2436 llic
680 2416 745 2437 vero
765 2416 854 2436 canon
867 2410 900 2437 de
924 2409 984 2438 solo
1001 2409 1046 2437 die

260 2455 404 2482 Dominico
423 2455 531 2488 statuit,
546 2459 712 2490 tempusque
734 2462 749 2481 a
779 2455 869 2490 primo
897 2455 930 2482 ad
955 2461 1046 2483 extre-

258 2509 345 2533 mum,
370 2501 398 2528 in
424 2509 480 2536 quo
495 2509 581 2534 genua
609 2500 791 2535 procumbere
807 2501 919 2528 minime
944 2501 1038 2533 liceat,

194 2574 205 2579 ,
259 2550 352 2581 aperte
369 2545 540 2579 describens,
565 2545 624 2572 ait:
644 2546 667 2572 A
691 2545 810 2573 Sabbato
832 2546 953 2580 quidem,
982 2554 1044 2573 cum

259 2591 378 2626 primum
395 2599 510 2626 vespere
529 2591 564 2618 ad
587 2591 671 2618 altare
689 2591 860 2619 initiatorum
877 2592 977 2619 chorus
1004 2591 1046 2618 iu-

259 2637 393 2672 greditur,
407 2644 487 2664 nemo
505 2644 575 2672 genu
590 2637 692 2670 ﬂectat,
714 2637 751 2665 ad
763 2645 852 2672 usque
874 2638 928 2664 diei
953 2637 1043 2663 Durni-

260 2685 315 2712 nici
344 2691 498 2719 vesperam,
521 2683 631 2718 quando
645 2684 752 2711 scilicet
780 2683 849 2710 alter
875 2683 1044 2710 initiatorum

262 2731 293 2758 ﬁt
310 2730 463 2766 ingressus.
495 2733 560 2756 tunc
577 2729 649 2756 enim
675 2736 763 2764 genua
787 2728 938 2759 ﬂectentes,
963 2733 990 2755 et
1008 2728 1047 2756 sic

261 2777 373 2800 orantes
387 2780 441 2800 non
453 2772 639 2808 peccabimus.
657 2773 723 2807 Quae
741 2781 793 2800 nox
816 2773 918 2800 ctenim
941 2774 1046 2801 Sabbu-

262 2823 319 2844 tum
336 2819 524 2853 consequitur.
536 2827 567 2846 ea
585 2820 695 2854 propria
709 2819 856 2847 Dominicaa
870 2819 938 2847 lucis
952 2821 1046 2847 existi‘

264 2867 363 2894 luatur,
383 2871 465 2898 quam
481 2865 563 2892 etiam
579 2856 700 2900 hymnis,
719 2864 805 2900 inquit
831 2872 930 2899 canon,
953 2866 1047 2893 tradu-

1101 247 1184 274 ϐάτου
1202 248 1286 284 μέχρι
1299 249 1482 285 περατώσεως
1500 248 1547 276 τοῦ
1563 248 1707 283 ἑσπερινοῦ
1720 248 1770 282 τῆς
1783 248 1898 281 Κυρια·

1099 295 1162 330 κῆς,
1182 296 1219 330 μὴ
1234 295 1337 323 κλίνειν
1363 296 1427 330 γόνυ
1443 296 1487 322 διὰ
1505 296 1555 330 τὴν
1569 296 1616 322 τοῦ
1631 295 1751 330 Χριστοῦ
1767 294 1899 320 ἀνάστα·

1100 349 1160 367 σιν·
1177 342 1247 376 μετὰ
1261 341 1289 368 δὲ
1307 341 1338 368 τὺ
1354 340 1479 376 λυχνικδν
1508 340 1558 376 τῆς
1576 340 1720 376 Κυριακῆς
1750 337 1837 369 αὖθις
1864 339 1897 365 τὰ

1099 387 1202 422 γόνατα
1231 387 1370 422 κάμπτειν
1402 388 1448 414 καὶ
1475 387 1514 422 τῷ
1541 387 1638 422 Κυρίῳ
1671 384 1896 421 προσεύχεσθαι.

1100 433 1266 468 Προστίϐησι
1285 433 1314 459 δὲ
1329 433 1368 464 είς
1394 433 1567 467 κατασκευὴν
1585 432 1683 459 τούτου
1698 432 1712 459 ό
1735 431 1835 458 κανὼν
1854 431 1895 457 ὅτι

1100 479 1147 505 καὶ
1168 480 1185 513 ἡ
1202 479 1352 511 ἀνάστασις
1379 479 1426 506 τοῦ
1452 479 1573 514 Χριστοῦ
1601 478 1673 506 κατὰ
1695 478 1743 513 τὴν
1766 477 1896 511 ἑσπέραν

1099 525 1145 551 τοῦ
1163 524 1315 558 Σαϐϐάτου,
1331 525 1457 552 τουτέστι
1471 525 1524 560 πρδ
1539 524 1705 560 τῆςὴμέρας
1716 523 1767 554 τῆς
1781 523 1896 557 Κυρια-

1099 572 1162 606 κῆς,
1178 571 1305 605 γέγονεν,
1322 570 1364 598 ῐνα
1390 571 1444 598 ἀπὸ
1459 570 1507 598 τοῦ
1532 571 1644 603 σκότους
1661 570 1696 597 τὰ
1717 570 1767 604 τῆς
1794 568 1896 604 ἑορτῆς

1101 618 1276 653 καταλήξωσι
1299 618 1367 654 πρὸς
1387 618 1457 652 φῶς,
1489 617 1565 652 καὶὴ
1581 617 1736 651 πανήγυρις
1761 615 1815 648 τῆς
1837 615 1896 641 ἀνα-

1100 665 1223 696 στάσεως
1236 665 1345 700 γίνηται
1358 663 1403 690 διὰ
1416 663 1562 698 ὁλοκλήρου
1580 661 1766 698 νυχθημέρου.
1779 661 1894 688 τούτων

1098 710 1185 742 οὕτως
1196 710 1322 746 ἑχόντων,
1337 710 1408 737 εῐποι
1422 718 1464 741 τις
1476 709 1662 737 ἐναντιοῦσθαι
1677 709 1711 736 τὰ
1723 709 1751 735 ὲν
1765 707 1807 742 τῷ
1824 716 1895 742 παρ-

1097 757 1156 784 όντι
1177 756 1269 783 κανόνι
1285 757 1318 791 τῇ
1332 755 1490 790 διδασκαλίᾳ
1501 754 1548 781 τοῦ
1563 753 1748 791 προλαϐόντος
1766 752 1892 781 κανόιιιος.

1104 802 1178 829 Ἐκεῖ
1194 801 1244 836 μὲν
1266 801 1321 837 γὰρ
1333 801 1441 836 εἴρηται
1464 800 1513 836 τὴν
1530 799 1703 836 κυριώνυμον
1718 797 1893 834 ψηφίζεσθαι

1063 869 1084 898 Β
1099 848 1152 874 ἀπὸ
1166 847 1214 882 τῆς
1230 846 1252 880 ζ’
1266 847 1341 883 ὥρας
1353 848 1403 881 τῆς
1422 845 1475 882 πρὸ
1499 845 1585 898 αὐτῆς
1600 845 1713 898 νυκτόςζ
1725 844 1784 895 καὶ
1809 851 1891 898 xum;

1101 893 1198 928 λήγειν
1223 892 1306 928 μέχρι
1331 892 1381 927 τῆς
1395 891 1480 927 ἕκτης
1495 890 1569 927 ὥρας
1582 890 1629 917 καὶ
1647 889 1734 924 αὐτῆς
1751 889 1806 923 τῆς
1827 888 1892 924 μετὰ

1101 939 1204 974 ταύτην
1228 938 1336 970 νυκτός·
1353 939 1456 974 ἀρτίως
1482 938 1509 964 δὲ
1528 937 1652 964 δέδοκται
1677 937 1727 971 τὴν
1746 936 1891 971 Κυριακὴν

1101 985 1270 1022 ψηφίζεσθαι
1293 985 1363 1021 μετὰ
1388 985 1419 1011 τὸ
1442 984 1569 1020 λυχνικὸν
1591 983 1637 1010 τοῦ
1661 982 1822 1014 Σαϐϐάτου,
1854 983 1891 1008 καὶ

1101 1031 1266 1066 καταλήγειν
1300 1030 1381 1065 μέχρι
1416 1029 1463 1056 τοῦ
1499 1028 1643 1064 ἑσπερινοῦ
1667 1028 1714 1054 καὶ
1740 1027 1832 1053 αὑτοῦ
1851 1027 1890 1060 τῆς

1099 1077 1184 1111 αὐτῆς
1200 1075 1356 1112 Κυριακῆς.
1374 1075 1433 1102 Οὐκ
1450 1075 1504 1101 είσὶ
1519 1075 1546 1100 δὲ
1563 1073 1682 1100 ἐναντία.
1704 1072 1775 1099 Ἀπὸ
1789 1081 1823 1099 τε
1842 1072 1887 1106 γὰρ

1100 1123 1149 1157 τῆς
1169 1122 1286 1157 φυσικῆς
1302 1121 1433 1157 κινήσεως
1446 1120 1500 1148 τῶν
1525 1120 1659 1156 οὐρανίων
1681 1119 1837 1153 σωμάτων,
1851 1119 1887 1145 καὶ

1099 1167 1130 1200 ἐξ
1146 1165 1182 1194 ὧν
1211 1168 1225 1194 ὁ
1246 1167 1335 1202 μέγας
1361 1167 1411 1202 τῆς
1437 1166 1586 1201 Δαμασκοῦ
1607 1164 1772 1196 διδάσκαλός
1802 1173 1886 1200 φησιν,

1099 1215 1186 1246 οὕτως
1201 1215 1217 1249 ἡ
1246 1213 1339 1248 ἡμέρα
1355 1213 1467 1248 ἄρχεται
1483 1212 1531 1239 καὶ
1555 1211 1721 1247 πληροῦται,
1737 1210 1840 1241 καθὼς
1866 1210 1887 1236 ἑν

1099 1262 1137 1298 τῷ
1157 1261 1200 1288 πο¹
1216 1261 1308 1288 κανόνι
1339 1261 1459 1296 εἴρηται.
1482 1259 1512 1286 ’0
1535 1259 1564 1286 δὲ
1581 1258 1676 1293 παρὼν
1694 1257 1791 1284 κανὼν
1809 1266 1889 1292 παρ(-
1925 1289 1926 1296 ἶ

1102 1309 1185 1344 μοίως
1197 1307 1452 1343 παρακελευόμενος
1467 1305 1502 1333 δι’
1516 1305 1577 1333 ὅλου
1595 1303 1788 1340 ἡμερονὺκτου
1809 1313 1888 1338 πανη-

1100 1355 1224 1392 γυρίζειν
1240 1355 1315 1390 ἡμᾶς
1328 1355 1378 1390 τὴν
1392 1353 1439 1380 τοῦ
1456 1352 1559 1388 Κυρίου
1577 1352 1742 1383 ἀνάστασιν,
1760 1350 1805 1386 μὴ
1827 1350 1888 1385 ἔχων

1098 1403 1126 1430 δὲ
1148 1402 1179 1429 τὸ
1204 1400 1356 1436 τηνικαῦτα
1379 1398 1590 1434 ἠναγκασμένον
1622 1395 1729 1428 διδάξαι
1755 1396 1829 1430 περὶ
1851 1394 1887 1422 τοῦ

1101 1444 1255 1481 ήμερησίου
1273 1443 1467 1478 διαστήματος,
1481 1441 1549 1469 ἀλλὰ
1563 1441 1629 1476 περὶ
1646 1440 1692 1467 τοῦ
1713 1440 1772 1472 πῶς
1788 1440 1834 1467 δεῖ
1851 1439 1887 1466 καὶ

1102 1491 1167 1518 πότε
1183 1488 1395 1525 εὐτρεπίζεσθαι
1412 1489 1486 1523 ἡμᾶς
1507 1488 1547 1519 είς
1563 1487 1718 1522 πανήγυριν
1735 1486 1788 1512 καὶ
1814 1486 1887 1519 μετά-

1101 1545 1188 1570 νοιαν,
1208 1536 1292 1570 φησὶν
1305 1535 1346 1562 ὅτι
1367 1534 1438 1569 μετὰ
1459 1534 1490 1560 τδ
1510 1533 1640 1568 λυχνικδν
1669 1531 1716 1559 τοῦ
1746 1531 1887 1558 Σαϐϐάτου

1100 1583 1134 1610 τὰ
1156 1582 1224 1618 πρὸς
1237 1581 1392 1617 πανήγυριν
1417 1580 1466 1616 τῆς
1489 1579 1665 1610 ἀναστάσεως
1680 1577 1885 1613 εὐτρεπιστέον’

1099 1628 1229 1659 ὡσαύτως
1248 1628 1295 1654 καὶ
1312 1626 1382 1662 μετὰ
1401 1626 1430 1652 τὸ
1453 1624 1598 1660 ἐσπερινδν
1615 1624 1666 1659 τῆς
1683 1624 1888 1659 Κυριακῆς,τὰ

1100 1675 1168 1710 πρὸς
1190 1673 1343 1708 μετάνοιαν.
1366 1673 1396 1698 Ei
1411 1671 1449 1707 μὴ
1466 1672 1520 1706 γὰρ
1536 1669 1608 1698 οὕτω
1626 1670 1801 1705 ποιήσωμεν,
1829 1669 1889 1697 am

1101 1721 1182 1756 μέχρι
1200 1719 1250 1754 τῆς
1263 1718 1382 1754 ἑϐδόμης
1399 1717 1474 1751 ὥρας
1500 1716 1569 1751 μετὰ
1583 1715 1633 1751 τὴν
1645 1714 1794 1751 Κυριακὴν
1814 1716 1888 1742 ἐσπέ-

1100 1777 1150 1804 ρας
1167 1767 1370 1802 ἀναμείνωμεν,
1393 1765 1439 1791 καὶ
1462 1763 1506 1790 τὸν
1527 1762 1710 1799 εὐτρεπισμὸν
1739 1762 1794 1797 τῆς
1813 1772 1888 1798 μετει-

1098 1814 1185 1846 νοίας,
1205 1813 1243 1845 ὡς
1261 1813 1291 1840 ὲν
1307 1811 1392 1848 ταύτῃ
1410 1810 1663 1847 συμπληρουμένης
1688 1808 1741 1843 τῆς
1759 1809 1888 1844 κυριωνᾶ-

1101 1869 1163 1896 μου,
1177 1859 1288 1886 λάθοιεν
1308 1858 1341 1885 ἂν
1357 1856 1592 1892 πανηγυρίζοντες
1606 1855 1653 1882 καὶ
1670 1855 1743 1890 μετὰ
1774 1855 1830 1890 τὴν
1847 1865 1890 1881 κυ-

1100 1905 1249 1941 ριὼνυμον,
1264 1904 1309 1931 διὰ
1327 1903 1356 1930 τὸ
1372 1903 1493 1934 πολλοῖς,
1530 1901 1631 1936 μᾶλλον
1650 1901 1677 1927 δὲ
1694 1901 1754 1932 τοῖς
1770 1901 1890 1927 πλείοσιν

1098 1952 1281 1984 ἀδιάγνωστον
1291 1949 1359 1976 εἶναι
1371 1948 1420 1984 τὴν
1433 1947 1595 1975 ἐπιστασίαν
1609 1948 1657 1981 τῆς
1673 1946 1796 1982 ἑϐδόμης
1806 1947 1887 1982 ὥρας,

1100 1997 1147 2024 καὶ
1162 1996 1192 2022 τὸ
1206 1995 1284 2028 τέλος
1307 1995 1359 2029 τῆς
1371 1995 1465 2029 ἕκτης.
1480 1994 1613 2029 Συντήρει
1629 1992 1678 2020 οὖν
1694 1993 1729 2020 τὰ
1745 1995 1887 2025 κανονικὶ,

1099 2041 1164 2068 ἔνθα
1179 2041 1227 2068 καὶ
1245 2041 1322 2072 ὅπως
1336 2036 1560 2075 ὲξεφωνήσησσιν·
1586 2039 1635 2066 καὶ
1653 2038 1690 2074 μὴ
1714 2037 1802 2074 εἴπῃς
1818 2039 1887 2065 ἐναν-

1100 2087 1234 2114 τιοῦσθαι.
1263 2087 1308 2113 Ἐν
1327 2087 1394 2113 πᾶσι
1417 2085 1472 2121 γὰρ
1488 2085 1519 2112 τὸ
1540 2085 1675 2119 πανάγιον
1697 2083 1818 2119 Πνεῦμα
1835 2084 1889 2111 ὲλά-

1099 2134 1190 2168 λησεν.

1134 2224 1255 2251 ΖΩΝΛΡ.
1276 2223 1312 2250 re
1325 2222 1363 2258 μὴ
1390 2221 1493 2248 κλίνειν
1516 2222 1581 2257 γόνυ
1611 2222 1640 2248 ὲν
1653 2221 1815 2256 Κυριακαῖς
1831 2222 1849 2256 ἢ
1863 2222 1889 2248 ἒν

1097 2271 1159 2302 ταῖς
1181 2270 1231 2303 τῆς
1253 2267 1445 2303 Πεντηκοστῆς
1475 2267 1593 2303 ἡμέραις
1621 2267 1749 2301 διάφοροι
1775 2267 1890 2301 vanae:-

1098 2316 1176 2343 τοῦσι
1197 2315 1319 2346 κανόνες,
1341 2313 1388 2340 καὶ
1401 2312 1416 2339 ὸ
1439 2312 1527 2346 μέγας
1541 2311 1692 2344 Βασίλειος,
1713 2311 1744 2342 ὃς
1767 2311 1819 2338 καὶ
1843 2311 1890 2342 τὰς

1099 2362 1189 2393 αἰτίας
1206 2359 1382 2396 προστίθησι,
1398 2359 1430 2385 δι’
1453 2358 1487 2390 ἃς
1502 2358 1704 2394 ἀπηγόρευται.
1723 2354 1815 2388 οὗτος
1828 2357 1856 2384 δὲ
1878 2358 1891 2383 δ

1099 2407 1191 2434 κανὼν
1207 2406 1271 2441 περὶ
1286 2405 1370 2440 μόνης
1384 2405 1435 2440 τῆς
1461 2404 1606 2440 Κυριακῆς
1626 2403 1820 2434 διατάττεται,
1844 2402 1892 2429 καὶ

1098 2455 1130 2480 ἑκ
1149 2452 1229 2483 ποίας
1243 2451 1320 2486 ὥρας
1338 2451 1420 2486 μέχρι
1435 2450 1509 2482 τίνος
1527 2449 1588 2476 οὐδὲ
1602 2449 1705 2476 κλίνειν
1716 2449 1784 2482 γόνυ
1795 2449 1893 2483 σαφῶς

1099 2497 1241 2534 παριστῶν
1261 2504 1329 2531 φησι
1350 2495 1421 2531 μετὰ
1445 2495 1495 2530 τὴν
1511 2494 1581 2521 κατὰ
1595 2494 1626 2521 τὸ
1647 2494 1790 2521 Σάϐϐατον
1806 2494 1892 2520 ἐσπε-

1099 2545 1176 2578 ρινὴν
1201 2542 1303 2569 εῖσοδον
1322 2543 1363 2574 εἰς
1376 2541 1407 2568 τδ
1425 2540 1621 2576 ουσιαστήριον
1649 2540 1704 2566 τῶν
1728 2539 1894 2574 ἱερωμένων

1100 2590 1202 2626 μηδένα
1228 2589 1292 2624 γόνυ
1306 2589 1410 2615 κλίνειν
1430 2588 1512 2623 μέχρι
1536 2587 1585 2622 τῆς
1605 2586 1727 2622 ἑσπέρας
1754 2586 1808 2619 τῆς
1834 2586 1893 2612 Κυ-

1098 2637 1209 2674 ριακῆς,
1228 2637 1272 2663 ὅτε
1288 2634 1391 2670 δηλαδὴ
1429 2632 1508 2665 αὖθις
1534 2634 1550 2668 ὴ
1576 2632 1678 2663 εἴσοδος
1702 2631 1815 2666 γίνεται
1837 2632 1893 2658 τῶν

1100 2683 1269 2720 ἱερωμένωνε
1295 2682 1388 2708 ἔκτοτε
1404 2680 1458 2715 γὰρ
1480 2680 1618 2710 κλίνοντες
1635 2678 1704 2712 γόνυ
1725 2679 1773 2704 καὶ
1801 2678 1895 2709 οὕτως

1097 2729 1241 2763 εὐχόμενοι
1255 2728 1302 2762 οὐχ
1326 2726 1534 2761 άμαρτήσομεν.
1558 2724 1590 2750 Ἦ
1605 2726 1660 2758 γάρ
1676 2723 1747 2758 μετὰ
1772 2723 1806 2750 τὸ
1820 2723 1894 2751 Σάε.

1097 2774 1180 2801 ὂειτον
1192 2773 1240 2806 νὺξ
1254 2773 1303 2807 τῆς
1319 2772 1463 2807 Κυριακῆς
1475 2771 1626 2804 λογίζεται,
1642 2771 1676 2805 ῆν
1687 2770 1734 2796 καὶ
1745 2771 1775 2796 ὲν
1791 2769 1893 2805 ὖμνοθς

1097 2818 1156 2845 δέον
1165 2818 1281 2851 διάγειν,
1291 2817 1375 2852 φησὶν
1389 2818 1403 2842 ὁ
1419 2816 1520 2850 κανὼν,
1533 2817 1564 2842 ἐκ
1581 2815 1696 2846 σκότους
1709 2815 1752 2846 εἰς
1768 2814 1832 2849 φῶς
1842 2815 1893 2848 τὴν

1098 2867 1195 2901 ἑορτὴν
1228 2864 1476 2900 παραπέμποντας,
1510 2863 1556 2890 καὶ
1579 2862 1666 2894 αὕτως
1689 2862 1719 2888 ἐν
1746 2862 1892 2897 ὁλοκλήρῳ
