1936 3105
140 146 195 180 8Ξ5

951 18 1115 26 -ι--ςςι
1162 18 1179 27 ι
1206 17 1252 27 ,‘J
1283 16 1325 28 f3.-
1355 14 1367 19 ‘

666 151 708 183 IN
721 153 802 183 CAN.
819 153 882 183 XCI
897 153 991 184 (ΣΟΧο
1015 155 1050 184 l\'
1066 156 1231 189 TllUl.LO.

1708 162 1762 196 8'36

141 206 220 232 νυκτὶ
250 206 298 233 καὶ
333 206 426 243 ἡμέρᾳ
450 209 650 245 πανηγυρίζειν
678 211 753 246 ἡμᾶς
781 211 830 246 τὴν
858 210 921 238 ἀνά-

977 222 1049 246 t‘t-rc,
1071 213 1194 242 festivam
1219 215 1407 245 celebritatem
1431 225 1446 245 e
1481 218 1601 247 tenebris
1627 218 1655 247 111
1672 220 1759 248 lucent

141 260 189 278 στα
192 259 244 279 σιν.

140 346 250 374 ΔΡΙΣΤ.
273 356 284 373 ι
306 347 383 374 Μετὰ
399 347 448 383 τὴν
458 348 606 384 ἐσπερινὴν
614 348 717 377 εἴσοδον
728 352 774 377 τοῦ
787 351 925 379 Σαϐϐάτου

180 402 191 420 t
213 393 250 429 μὴ
265 394 329 428 γόνυ
344 395 440 430 κλίνης
461 395 525 430 ἄχρι
552 396 602 430 τῆς
619 396 765 432 ἑσπερινῆς
783 398 854 425 κατά
876 399 924 434 τὴν

178 448 188 464 ι
207 439 351 476 Κυριακὴν
363 441 476 470 εισόδου,
494 451 504 468 1

175 484 226 511 Ἐκ
239 484 294 511 τῶν
309 486 447 522 θεοφόρων
467 488 597 524 Πατέρων
625 490 776 521 κανονικῶς
801 489 923 524 παρελά-

89 559 92 562 ,
140 529 225 565 6ομεν
239 531 277 566 μὴ
292 532 356 565 γόνυ
370 533 472 560 κλίνειν
490 535 518 561 ὲν
528 537 588 567 ταῖς
598 537 761 569 Κυριακαῖς,
771 535 808 567 ὡς
821 536 924 571 τιμῶν-

138 584 184 608 τες
200 577 250 612 τὴν
260 578 306 604 τοῦ
320 579 423 614 Κυρίου
433 580 594 608 ἀνάστασιν.
612 582 672 608 Ἵνα
684 581 749 616 γοῦν
761 581 798 617 μὴ
830 583 925 618 ἀγνοῆ·

138 630 184 649 ται
204 624 220 658 ή
245 626 441 659 παρατήρησις
470 626 551 662 αὕτη,
572 628 645 659 ὅπως
667 628 770 663 ὀφείλει
789 628 922 662 γίνεσθαι,

137 668 222 703 δήλην
237 669 320 705 αὐτὴν
335 671 358 696 οἱ
373 671 496 707 Πατέρες
516 674 573 704 τοῖς
594 675 702 706 πιστοῖς
719 674 764 701 διὰ
781 674 828 702 τοῦ
840 677 922 702 κανό-

138 723 182 745 νος
202 716 299 742 τούτου
328 718 525 753 πεποιήκασιν·
559 720 628 746 ὥστε
648 721 718 755 μετὰ
746 722 796 756 τὴν
825 723 854 748 ἐν
884 721 923 758 τῷ

138 760 276 796 Σαὸὃάτῳη
288 761 437 799 ἑσπερινὴν
449 764 504 790 τῶν
523 765 680 800 ἱερωμένων
698 767 770 802 πρὸς
784 768 814 794 τὸ
830 767 924 795 Ουσια-

138 807 248 842 στήριον
262 807 363 834 εἴσοδον
378 809 415 844 μὴ
432 810 496 843 γόνυ
519 810 619 837 κλίνειν
643 812 725 847 μέχρι
743 813 793 846 τῆς
821 813 922 848 ἑφεξῆς

137 853 209 880 κατὰ
219 854 268 889 τὴν
291 855 439 891 Κυριακὴν
453 856 602 892 ἑσπερινῖῃ
619 858 736 890 εἰσόδου,
756 857 793 888 ὡς
809 859 836 885 ἐν
860 859 920 885 ὀλο-

137 899 231 934 κλήρῳ
255 901 419 937 νυχθημέρῳ
451 903 650 938 πανηγυρίζειν
677 904 752 940 ἡμᾶς
781 904 830 940 τὴν
856 905 921 931 ἀνά-

137 953 243 973 στασιν.

424 993 544 1021 ΚΑΝΩΝ
563 994 619 1029 ιιΑν.

139 1047 149 1064 ι
167 1038 223 1070 Τὰς
237 1038 272 1066 τὰ
283 1038 472 1076 ἀμϐλωθρίδια
486 1040 613 1072 διδούσας
646 1042 781 1077 φάρμακα
803 1044 851 1071 καὶ
872 1045 921 1075 τὰς

176 1094 186 1111 ι
202 1085 352 1120 δεχομένας
373 1086 407 1113 τὰ
427 1087 617 1122 ὲμόρυοκτόνα
635 1088 787 1124 δηλητήρια
813 1090 852 1125 τῷ
873 1088 921 1117 τοῦ

173 1139 183 1155 ι
203 1130 307 1164 φονέως
316 1132 447 1167 ἔπιτιμίῳ
460 1133 714 1167 καθυποὸάλλομεν.
733 1143 743 1160 1

170 1176 274 1204 ΒΛΛΣ.
299 1177 413 1210 Ἐπίσης
433 1178 543 1211 κολάζει
567 1179 581 1206 ό
606 1179 698 1206 κανὼν
726 1181 764 1215 τῷ
789 1181 921 1216 ἐπιτιμίῳ

134 1223 182 1250 τοῦ
198 1222 302 1257 φονέως
318 1223 367 1255 τὰς
377 1223 501 1255 διδούσας
513 1224 647 1260 φάρμακα
664 1226 816 1262 δηλητήρια
840 1228 921 1263 χάριν

134 1267 183 1294 τοῦ
210 1267 392 1302 ἀμϐλωθῆναι
425 1269 459 1296 τὰ
479 1269 599 1305 ἔμϐρυα,
623 1271 672 1298 καὶ
700 1272 750 1304 τὰς
773 1273 922 1308 δεχομένας

135 1314 218 1342 αὐτά.
244 1314 302 1341 Καὶ
325 1314 339 1340 ὁ
367 1314 416 1350 μὲν
446 1316 538 1346 κανὼν
559 1317 603 1345 διὰ
626 1318 749 1345 τοιούτου
782 1320 922 1355 ἰπιτιμίου

134 1361 244 1394 κολάζει
269 1360 383 1393 ταύτας.
405 1363 459 1390 Καὶ
483 1364 612 1399 εὑρήσεις
641 1365 675 1392 τὰ
692 1364 749 1401 εἴδη
766 1367 820 1393 τῶν
837 1367 923 1394 ἐπιτι-

135 1407 207 1443 μίων
222 1407 250 1434 ὲν
274 1408 313 1444 τῷ
337 1409 360 1444 β’
381 1409 473 1436 κανόνι
497 1408 544 1436 τοῦ
560 1410 638 1444 ἁγίου
655 1411 806 1444 Βασιλείου,
829 1413 877 1440 καὶ
893 1414 922 1440 ὲν

133 1456 172 1489 τῷ
189 1454 233 1483 κα’
254 1457 347 1484 κανόνι
370 1458 417 1491 τῆς
435 1457 464 1484 ἐν
499 1458 621 1495 Ἀγκὺρᾳ
646 1458 765 1488 συνόδου.
784 1461 820 1487 Τὸ
847 1460 875 1488 δὲ
897 1464 922 1488 α’

133 1510 197 1536 κεφ,
234 1503 280 1530 τοῦ
309 1503 347 1529 λο¹
367 1503 458 1530 τίτλου
493 1503 540 1531 τοῦ
573 1505 594 1538 ξ’
616 1505 719 1540 βιϐλίου
744 1507 812 1542 φησὶ
833 1507 923 1534 ταῦτα

980 261 1210 294 transmittentes,
1236 266 1263 290 et
1295 263 1335 290 sic
1361 268 1417 291 tota
1436 268 1517 292 nocte
1546 265 1644 300 dieque
1670 275 1762 294 resur-

979 307 1128 334 rectionem
1147 316 1197 335 nos
1216 309 1356 337 celebrare
1370 315 1489 345 oportet.

977 352 1090 380 Αιιιδτ.
1110 362 1119 379 1
1136 353 1201 381 Post
1229 356 1414 390 vespertinum
1448 357 1561 385 Sahhati
1589 358 1760 393 ingressum,

1016 409 1026 426 l
1049 408 1136 434 usque
1151 400 1184 428 ad
1205 402 1394 435 vespertinum
1419 402 1571 430 001111111οω
1587 404 1759 438 ingressum,

1015 455 1024 471 ι
1043 454 1129 481 genua
1150 455 1182 474 ne
1200 446 1320 475 ﬂectas.»

1013 493 1034 519 Α
1049 492 1151 520 divinis
1169 491 1298 521 Patribns
1313 494 1445 522 canonice
1471 495 1638 530 accepimus,
1667 495 1759 522 Domi-

948 559 955 563 .
978 537 1047 564 nicis
1064 546 1134 572 genu
1155 546 1207 565 non
1224 538 1346 572 ﬂectere,
1360 545 1392 567 ut
1408 540 1515 567 Domini
1530 540 1759 568 resurrectionem

976 582 1154 611 honorantes.
1174 583 1206 612 Ut
1223 585 1316 620 itaque
1328 585 1386 612 haec
1402 585 1558 612 observatio
1582 593 1635 612 non
1650 585 1760 620 ignore-

977 634 1032 661 tur,
1049 631 1187 664 quomodo
1213 631 1269 658 ﬁeri
1289 631 1380 665 debet,
1406 640 1464 658 eam
1494 631 1588 659 Patres
1612 639 1658 666 per
1687 632 1760 658 hunc

976 683 1108 703 canoncm
1125 676 1251 704 ﬁdelibus
1266 677 1437 705 manifestam
1453 677 1622 709 eﬂeccrnut;
1646 681 1675 704 ut
1698 681 1759 712 post

977 723 1165 757 uespertinum
1183 724 1358 751 sacerdotum
1371 725 1397 750 in
1413 723 1534 751 Subhato
1554 724 1588 751 ad
1607 723 1692 750 altare
1715 724 1759 749 in-

975 776 1097 803 gressum
1117 777 1185 804 gcnu
1203 777 1256 796 non
1272 769 1380 797 ﬂectere
1395 770 1556 801 debeamus.
1569 778 1656 804 neque
1670 770 1702 797 ad
1718 777 1761 797 se-

976 820 1105 849 quentem
1124 815 1151 843 in
1166 815 1208 843 die
1228 815 1368 843 Dominico
1383 816 1568 849 vespertinum
1591 815 1758 849 ingressum,

976 863 1005 887 nt
1023 869 1069 894 per
1085 861 1223 894 integrum
1244 862 1332 889 noctis
1351 864 1378 887 ct
1393 861 1446 888 diei
1466 861 1584 897 spatium
1601 868 1652 889 nos
1669 868 1760 889 resur-

973 907 1120 935 rectionem
1141 907 1321 935 celebremus.

1260 996 1376 1025 CANON
1398 997 1467 1025 XCI.

975 1051 985 1068 1
1007 1042 1059 1069 Eas
1075 1051 1135 1078 qum
1150 1043 1213 1070 dant
1229 1043 1400 1071 abortionem
1418 1044 1517 1071 cientia
1546 1043 1756 1076 medicamenta,

1011 1098 1020 1115 ‹
1038 1093 1064 1116 et
1081 1097 1141 1123 quae
1162 1089 1243 1117 foetus
1262 1090 1389 1116 uccantia
1419 1097 1524 1116 venena
1543 1089 1692 1123 accipiunt,
1708 1089 1758 1116 ho-

1011 1145 1020 1162 1
1041 1135 1146 1163 micidae
1166 1136 1255 1169 pomis
1269 1135 1443 1170 snbjicimus.
1465 1145 1474 1162 1

1008 1181 1106 1209 BALS.
1137 1181 1238 1208 Eadem
1270 1189 1361 1217 poena,
1397 1189 1450 1216 qua
1469 1181 1646 1214 homicidam,
1677 1181 1757 1215 punit

973 1235 1061 1255 canon
1076 1235 1133 1259 eas,
1150 1235 1210 1261 qua:
1224 1228 1290 1255 dant
1302 1235 1418 1259 venena,
1443 1231 1472 1254 nt
1493 1234 1582 1262 111-0110
1594 1231 1656 1254 etnr
1674 1227 1757 1254 abor-

975 1273 1023 1303 tio,
1041 1276 1144 1307 el'qnaa
1160 1272 1310 1307 accipiunt.
1329 1272 1362 1299 Et
1383 1272 1427 1299 hic
1442 1273 1552 1307 quidem
1579 1279 1667 1298 canon
1696 1271 1758 1298 illas

973 1318 1018 1345 tali
1037 1326 1116 1351 pmna
1132 1318 1223 1346 allicit.
1241 1318 1388 1346 Poenarum
1407 1323 1496 1345 auten
1516 1325 1617 1353 genera
1633 1318 1758 1345 invenit-8

972 1364 1000 1391 in
1024 1366 1042 1391 2
1064 1372 1126 1391 can.
1154 1364 1241 1391 sancti
1265 1363 1417 1395 Basilii.et
1452 1364 1478 1391 in
1506 1364 1538 1390 21
1568 1371 1631 1391 can.
1661 1363 1758 1399 synodi

971 1411 1072 1445 Ancyr.
1088 1410 1206 1437 Primum
1224 1413 1314 1437 autem
1335 1414 1417 1445 caput
1450 1410 1484 1438 59
1503 1410 1546 1437 ιὶι.
1572 1417 1604 1437 ιιι
1626 1410 1675 1438 lib.
1700 1410 1758 1438 haec

973 1455 1041 1483 dicit
1055 1463 1185 1489 expresse
1200 1464 1207 1482 :
1223 1454 1293 1491 Lege
1306 1455 1340 1482 de
1355 1455 1501 1483 homicidia
1526 1460 1634 1483 tenetur
1657 1455 1694 1487 is.
1710 1456 1758 1490 qui

974 1502 1111 1529 hominem
1129 1501 1242 1535 occidit,
1255 1506 1282 1529 et
1297 1502 1344 1537 qui
1369 1501 1433 1530 dolo
1449 1503 1565 1530 suscitat
1590 1502 1759 1534 incendium,

137 1548 227 1583 ῥητῶς
245 1555 253 1564 ”
288 1548 334 1583 Τῷ
359 1549 423 1583 περὶ
441 1549 612 1584 ἀνδροφόνων
641 1551 716 1586 νόμῳ
739 1551 880 1579 ὑπόκειται
905 1552 918 1579 ό

977 1552 998 1576 et
1012 1549 1069 1583 qui,
1088 1547 1129 1576 vel
1143 1547 1252 1575 furandi
1270 1547 1312 1576 vel
1329 1548 1411 1576 caedis
1425 1547 1557 1575 facienda:
1579 1548 1678 1584 gratia.
1695 1555 1757 1576 cum

134 1594 254 1628 φονεύων
269 1594 426 1630 ἄνθρωπον,
441 1595 489 1622 καὶ
504 1595 518 1622 ὁ
534 1596 605 1622 κατὰ
622 1596 696 1623 δόλον
713 1597 797 1624 ποιῶν
810 1599 917 1634 ἐμπρη-

134 1641 214 1675 σμὸν,
231 1642 278 1668 καὶ
290 1642 304 1668 ό
319 1641 364 1668 διὰ
375 1641 481 1677 φόνονῆ
495 1641 598 1677 κλοπὴν
612 1642 671 1677 μεθ’
684 1643 774 1670 ὅπλων
793 1644 919 1679 περιιὼν,

133 1686 181 1713 καὶ
196 1687 210 1713 ό
224 1686 311 1722 ἀρχῆς
331 1685 346 1722 ἦ
364 1686 544 1721 δικαστηρίου
560 1687 693 1722 δημοσίου
711 1687 860 1722 προεστὼς,
871 1689 919 1716 καὶ

135 1732 290 1763 σπουδάσας
303 1731 432 1764 πλαστῶς
449 1731 676 1767 κατηγορηθῆναί
696 1739 757 1759 τινα
774 1732 820 1759 καὶ
843 1733 920 1760 ἀναι-

134 1779 200 1810 τίως
216 1778 464 1813 καταδικασθῆναι,
495 1779 542 1805 καὶ
563 1779 577 1805 ό
600 1779 648 1805 ἐπὶ
670 1779 810 1814 ἀναιρέσει
833 1788 920 1806 κατα-

135 1825 271 1856 σκευάσας
296 1824 313 1859 ἧ
328 1823 450 1856 δεδωκὼς
480 1824 648 1860 φάρμακον·
667 1824 717 1852 καὶ
743 1834 805 1860 κεφ.
829 1829 855 1861 γ’
879 1825 919 1860 τῷ

136 1871 203 1907 περὶ
225 1871 402 1906 ἀνδροφόνων
425 1870 500 1906 νόμῳ
523 1872 680 1907 κατέχεται.
711 1872 767 1899 Καὶ
786 1873 800 1899 ό
821 1872 866 1899 διὰ
889 1873 920 1900 τὸ

137 1915 268 1950 φονεῦσαι
281 1915 426 1951 ἄνθρωπον
441 1916 589 1951 φάρμακον
604 1917 690 1943 ποιῶν
712 1916 728 1952 ἥ
754 1917 920 1953 πιπράσκων

136 1962 152 1998 ἢ
171 1963 250 1998 ἔχων.
267 1962 328 1989 Εἰσὶ
341 1961 370 1988 δὲ
383 1962 517 1997 φάρμακα
537 1962 632 1996 ὑγείαν
647 1962 813 2001 ἐμποιοῦντα
828 1963 921 1990 καὶτὰ

134 2008 269 2044 λεγόμενα
277 2008 385 2044 φίλτρα.
406 2008 439 2034 01
449 2008 478 2034 δὲ
498 2007 532 2035 τὰ
544 2008 644 2044 φίλτρα
662 2009 804 2041 ποιοῦντες
818 2009 920 2044 δημευ-

135 2055 234 2090 όμενοι
265 2053 495 2090 ὲξοριζὲσθωσαν.
516 2055 548 2081 El
577 2054 606 2081 δὲ
632 2055 679 2082 καί
712 2064 755 2087 τις
785 2056 823 2091 μὴ
843 2056 922 2091 κακῷ

135 2100 260 2136 λογισμῷ
272 2100 345 2136 δώσῃ
373 2100 483 2135 γυναικὶ
507 2100 700 2136 συλληπτικὸν,
718 2102 766 2129 καὶ
797 2103 921 2138 ἀποθάνῃ

135 2148 152 2182 ὴ
175 2146 306 2179 λαϐοῦσα,
331 2146 502 2182 ὲξορίζεται·
520 2146 576 2174 Καὶ
604 2146 675 2181 θέμα
704 2146 728 2182 γ’
760 2147 807 2175 τοῦ
838 2149 920 2175 αὑτοῦ

136 2201 207 2227 κεφ.
224 2191 306 2226 λέγον
335 2192 401 2228 περὶ
422 2191 471 2224 τὰς
489 2192 588 2228 ἀρχάς.
614 2192 767 2228 Κατέχεται
792 2193 832 2229 τῷ
856 2195 921 2229 περὶ

138 2237 311 2274 ἀνδροφόνων
335 2236 411 2273 νόμῳ
428 2237 476 2264 καὶ
506 2238 520 2264 ὁ
549 2238 746 2274 πιγμεντάριος
776 2240 921 2276 προπετῶς

137 2283 226 2314 διδοὺς
241 2283 389 2318 φάρμακον
410 2282 426 2318 ἢ
444 2283 637 2318 σαλαμάνδραν
656 2283 812 2319 ῆάκόνιτον
837 2285 854 2320 ἢ
876 2293 922 2311 πι-

137 2327 304 2364 τυοκάμπην
318 2328 335 2362 ἢ
362 2327 530 2362 βοὺὃρωστιν
546 2327 563 2363 ἢ
579 2328 772 2364 μανδραγόραν
788 2327 804 2364 ἥ
820 2329 921 2356 κανθα-

140 2375 225 2411 ρίδας.
241 2374 296 2402 Καὶ
312 2374 383 2409 Θέμα
400 2374 421 2401 δ’
437 2382 446 2390 ⁸
473 2373 505 2402 Ἥ
522 2374 600 2410 ¹ιιοινὴ
625 2375 642 2410 ἡ
666 2375 736 2402 κατὰ
751 2376 922 2411 ἀνδροφόνων

138 2421 185 2448 ἐπὶ
204 2421 253 2456 μὲν
265 2419 384 2455 ἐντίμων
401 2420 582 2456 περιορισμός
611 2421 670 2446 ἐστι
699 2420 746 2454 καὶ
763 2421 853 2448 τελεία
876 2421 923 2456 δή-

140 2474 248 2501 μευσις·
275 2465 323 2492 ἐπὶ
337 2466 366 2492 δὲ
385 2465 441 2492 τῶν
452 2465 571 2492 εὐτελῶν
589 2464 662 2501 ξίφει
674 2467 721 2493 καὶ
736 2465 841 2501 Θηρίοις
858 2467 923 2495 ὐπο-

138 2510 287 2546 δληθῆναι.
313 2510 369 2537 Καὶ
382 2510 469 2537 ταῦτα
493 2509 542 2544 μὲν
557 2510 611 2537 ἀπὸ
634 2510 682 2537 τοῦ
701 2510 818 2537 παλαιοῦ
838 2506 921 2545 νόμου

138 2558 186 2584 καὶ
208 2556 263 2583 τῶν
302 2556 435 2582 κανόνων.
461 2554 650 2590 ’Δπελὺθησαν
678 2556 707 2583 δὲ
735 2556 832 2592 νεαραὶ
859 2557 923 2592 περὶ

139 2602 242 2637 φονέων
253 2601 389 2628 ἀκουσίων
402 2600 450 2628 καὶ
468 2600 598 2627 ἑκουσίων
605 2601 730 2637 διάφοροι
744 2602 820 2638 παρὰ
836 2610 866 2628 τε
875 2601 921 2629 τοῦ

139 2648 272 2684 βασιλέως
285 2646 376 2682 κυροῦ
388 2647 594 2673 Κωνσταντίνου
606 2647 653 2674 τοῦ
665 2648 923 2684 Πορφυρυγεννήτου

139 2695 187 2722 καὶ
197 2693 244 2720 τοῦ
263 2692 425 2726 θεοπτεφοῦς
445 2693 494 2719 καὶ
520 2693 599 2727 ἁγίου
627 2693 707 2728 ἡμῶν
723 2694 923 2729 αὐτοκράτορος

139 2739 226 2775 κυροῦ
258 2738 388 2773 Μανουὴλ
419 2738 467 2765 τοῦ
499 2738 656 2774 Κομνηνοῦ,
684 2735 722 2766 ὧν
744 2739 771 2766 αἱ
795 2739 923 2774 δυνάμεις

140 2785 349 2820 συνυκῖιίσθησαν
378 2785 407 2811 ὲν
438 2786 496 2816 τοῖς
521 2784 585 2819 περὶ
620 2784 723 2819 φονέων
759 2785 855 2812 κανόσι
875 2786 922 2812 τοῦ

141 2832 262 2868 μεγάλου
284 2831 436 2858 Βασιλείου.
460 2830 614 2866 Ἐρωτήσει
629 2830 658 2857 δέ
672 2839 725 2863 τις,
740 2830 777 2862 ὡς
794 2832 826 2857 ὲκ
840 2831 922 2866 μόνου

138 2879 186 2906 τοῦ
212 2877 302 2906 δοῦναι
318 2886 379 2905 τινα
417 2876 484 2912 πρὸς
503 2878 619 2912 γυναῖκα
647 2876 832 2913 ἀμόλωθρίδια
854 2878 923 2905 ὐπο-

976 1593 1062 1621 armis
1086 1593 1255 1627 obambulat,
1281 1599 1308 1621 et
1331 1594 1389 1629 qui.
1407 1601 1469 1621 cum
1495 1595 1684 1629 magistratum
1710 1601 1758 1629 ge-

976 1643 1048 1666 reret
1065 1638 1105 1666 vel
1127 1637 1232 1673 jndicio
1258 1642 1398 1673 praeesset.
1425 1639 1614 1673 procuraverit
1641 1643 1670 1666 ut
1696 1639 1759 1673 quis

975 1685 1038 1713 ﬁcte
1056 1689 1244 1717 accusaretur,
1265 1690 1290 1712 et
1309 1685 1443 1712 innocens
1463 1685 1704 1717 condemnaretur,
1728 1688 1757 1712 et

974 1732 1021 1766 qni
1035 1731 1067 1758 ad
1083 1731 1233 1758 tollendum
1252 1731 1286 1758 dc
1303 1731 1393 1758 medio
1406 1737 1540 1757 venenum
1564 1730 1759 1765 prwparaverit

973 1778 1017 1804 vel
1032 1777 1147 1804 dederit.
1165 1777 1198 1804 Et
1214 1784 1275 1811 cap.
1293 1777 1309 1804 5
1326 1776 1384 1811 lege
1399 1776 1431 1804 de
1446 1776 1591 1804 homicidia
1607 1777 1660 1803 luta
1683 1781 1760 1804 teuc-

973 1827 1030 1855 tur,
1045 1823 1091 1858 qni
1111 1823 1144 1850 ad
1163 1823 1302 1849 hominem
1322 1822 1504 1849 occidendum
1528 1821 1757 1849 medicamentum

975 1868 1051 1899 facit,
1065 1869 1106 1895 vel
1122 1869 1196 1900 emit,
1217 1868 1260 1895 Vel
1279 1867 1370 1895 habet.
1393 1867 1463 1896 Sunt
1479 1872 1570 1894 autem
1598 1868 1759 1902 pharmaca.

975 1923 1035 1950 quae
1049 1915 1196 1942 sanitatem
1215 1913 1344 1946 aderunt,
1360 1919 1387 1941 et
1400 1922 1460 1949 qua:
1472 1914 1603 1940 dicuntur
1615 1913 1758 1940 amatoria.

975 1960 1026 1993 Qui
1042 1963 1131 1987 autem
1152 1958 1258 1986 faciunt
1273 1959 1417 1990 amatoria,
1438 1957 1586 1991 publicatis
1612 1957 1694 1984 bonis
1709 1964 1759 1983 ex-

975 2005 1168 2033 terminentur.
1182 2003 1260 2037 Quod
1275 2004 1298 2032 si
1313 2003 1375 2038 quis
1397 2004 1480 2031 ctiam
1498 2002 1646 2030 non.malo
1667 2002 1760 2028 animo

977 2052 1085 2080 mulieri
1100 2051 1206 2079 dederit
1224 2050 1454 2078 medicamentum
1481 2050 1513 2076 ad
1535 2048 1756 2083 concipiendum,

975 2105 1065 2133 eoque
1080 2101 1193 2133 accepto
1219 2100 1329 2123 mortua
1357 2095 1404 2127 sit.
1431 2095 1457 2122 in
1478 2094 1604 2122 exsilium
1629 2093 1758 2121 mittitur.

976 2143 1161 2179 Ejusdemqne
1177 2142 1276 2177 capitis
1292 2142 1382 2168 thema
1400 2141 1522 2171 tertium,
1536 2139 1630 2167 dicens
1642 2139 1669 2166 in
1685 2139 1761 2174 prin-

975 2191 1069 2224 cipio:
1088 2190 1159 2224 Lege
1183 2188 1217 2216 de
1244 2187 1388 2215 homicidis
1414 2187 1468 2214 lata
1494 2190 1614 2217 tenetur,
1642 2190 1669 2212 et
1697 2185 1758 2219 qui-

975 2244 1085 2270 cunque
1101 2234 1299 2271 pigmentarius
1323 2238 1427 2262 temere
1443 2234 1490 2260 dat
1511 2232 1758 2264 medicamentum,

973 2283 1016 2311 vel
1028 2281 1241 2313 salamandram,
1258 2280 1299 2308 vel
1319 2279 1469 2311 aconitum.
1490 2278 1531 2306 vel
1558 2277 1758 2313 pityocampam

974 2329 1015 2356 vel
1046 2327 1196 2363 bnprestim
1218 2326 1258 2353 vel
1286 2325 1492 2359 mandragoram
1514 2324 1555 2351 vel
1576 2323 1761 2351 cantharides.

974 2373 1006 2402 Et
1024 2374 1114 2402 thema
1128 2373 1145 2401 ι
1161 2373 1294 2401 adversus
1311 2371 1463 2399 homicidas
1476 2379 1553 2406 poena
1571 2375 1624 2404 est,
1638 2371 1664 2398 in
1678 2370 1761 2398 claris

973 2421 1083 2456 quidem
1104 2420 1234 2447 exsilium
1250 2423 1276 2446 et
1295 2418 1416 2454 perlecta
1435 2418 1570 2446 bonorum
1588 2418 1735 2453 publicatio
1750 2425 1759 2444 ι

974 2467 1002 2494 111
1016 2466 1212 2494 humilioribus
1237 2469 1328 2493 autem
1356 2465 1414 2492 ensi
1437 2469 1464 2492 et
1488 2465 1587 2492 bestiis
1599 2464 1708 2498 subjici.
1727 2463 1761 2490 Ει

975 2512 1032 2540 11ωο
1048 2513 1158 2547 quidem
1175 2519 1208 2539 ex
1225 2511 1309 2538 veteri
1329 2511 1387 2546 lege
1402 2514 1430 2538 et
1445 2510 1569 2545 antiquis
1592 2510 1759 2537 canonibus.

975 2558 1089 2587 Emissa;
1104 2561 1169 2586 sunt
1184 2562 1275 2585 autem
1291 2557 1325 2584 de
1343 2557 1500 2588 homicidis.
1523 2561 1578 2584 tam
1596 2556 1762 2583 voluntariis

974 2612 1056 2640 quam
1071 2603 1276 2635 involuntariis,
1294 2603 1408 2630 diversa:
1426 2603 1540 2629 novella:
1561 2602 1596 2629 ab
1614 2603 1680 2636 imp.
1710 2602 1761 2629 do-

974 2651 1050 2677 mino
1067 2649 1249 2678 Constantino
1273 2648 1546 2684 Porphyrogennela,
1574 2652 1600 2674 et
1627 2651 1759 2681 praestan-

975 2695 1082 2723 tissimo
1102 2698 1253 2729 sanctoque
1273 2693 1340 2727 imp.
1363 2696 1460 2719 nostro
1474 2691 1586 2718 domino
1609 2691 1761 2719 Emanuele

975 2742 1126 2772 Comueno,
1142 2747 1260 2775 quarum
1277 2739 1349 2765 vires
1367 2738 1394 2765 in
1419 2737 1572 2764 canonibus
1594 2737 1686 2772 magni
1707 2737 1759 2764 Ba-

976 2787 1033 2814 silii
1056 2786 1090 2814 de
1103 2785 1247 2813 homicidis
1265 2785 1292 2811 in
1318 2783 1510 2818 compendium
1538 2783 1656 2812 redactae
1682 2789 1758 2812 sunt.

975 2831 1188 2867 lnterrogaverit
1213 2834 1304 2857 autem
1320 2829 1467 2864 quispiam,
1496 2836 1530 2856 an
1558 2836 1591 2857 ex
1613 2837 1657 2863 eo,
1685 2831 1758 2865 quod

978 2877 1083 2906 dederit
1098 2875 1235 2912 quispiam
1248 2874 1356 2903 mulieri
1370 2874 1598 2904 medicamentum
1622 2873 1661 2903 ad
1680 2875 1760 2904 abor-
