1936 3105
183 63 235 94 827
810 67 947 97 TIIEOD.
962 67 1163 97 BALSAMON’
1762 64 1835 94 828‘

183 124 298 155 tionem,
317 122 454 151 homicidii
468 124 621 160 tenebitur;
640 126 722 162 266
737 135 769 153 au
785 134 853 162 opus
882 127 918 154 sit
944 129 972 152 nt

1043 128 1149 153 τεσεϊται
1165 126 1203 162 τῷ
1217 126 1272 152 τῶν
1284 126 1386 160 φονέων
1401 125 1568 159 ὲγκλήματγ
1593 124 1608 158 ῆ
1636 124 1722 158 χρεία
1755 122 1830 147 ἐστὶ

185 173 319 203 sequatur
333 170 415 196 etiam
431 174 545 197 eventus
560 171 599 198 vel
618 164 725 198 cwcles?
749 172 863 200 Salutio.
889 171 965 204 Quod

1043 172 1066 199 ιῦ
1082 172 1207 207 γενέσθαι
1227 173 1275 199 καὶ
1290 171 1473 205 ἀποτέλεσμα,
1487 171 1570 206 ἤγουν
1586 171 1685 205 φόνονς
1701 172 1830 204 Λύσις,

186 215 313 250 superius
330 216 447 249 positum
461 219 502 242 est
516 221 597 250 caput
610 217 638 249 5,
656 217 690 245 59
724 218 768 245 tit.
784 227 818 245 ιιι
836 217 882 244 lib.
897 225 966 244 enn-

1044 218 1059 244 ὸ
1089 218 1281 253 καταστρωοὲν
1308 217 1412 245 ἄνωθεν
1438 215 1462 250 γ’
1489 225 1553 250 κεφ.
1573 217 1618 243 τοῦ
1646 217 1684 243 λο¹
1719 217 1827 243 τίτλον

189 262 287 293 stituit,
305 269 357 288 non
376 269 438 288 eum
460 261 548 289 solum
575 263 621 298 qui
642 263 690 290 dat
713 272 848 291 venenum
876 263 967 298 puniri

1043 264 1068 291 ιῦ
1086 264 1107 297 ξ’
1136 265 1237 300 βιϐλίου
1251 264 1400 298 διορίζεται
1421 263 1459 299 μὴ
1471 263 1517 290 τὸν
1530 264 1608 290 δόντα
1625 265 1706 299 μόνον
1727 264 1826 298 δηλη-

189 311 218 334 ιιι
235 306 410 339 homicidam,
427 307 475 335 sed
491 316 553 335 eum
571 310 654 336 etiam
668 310 713 343 qui
729 311 782 337 tale
796 310 860 345 quid
875 311 967 338 habet:

1043 309 1115 343 ἦριον
1142 309 1286 343 φάρμακον
1304 308 1340 339 ὡς
1358 308 1440 343 φονέα
1457 308 1650 343 τιμωρεῖσθαι,
1674 308 1747 335 ἀλλὰ
1771 311 1825 335 καὶ

185 359 212 379 et
227 352 245 379 9.
262 353 352 379 thema
373 353 454 387 primi
475 354 573 388 capitis
593 355 715 388 ejusdem
733 356 775 383 tit.
803 361 828 383 et
854 356 902 383 lib.
927 355 967 382 di-

1043 354 1069 379 ὃν
1086 354 1181 389 ἔχοντά
1199 364 1225 380 τι
1239 354 1357 381 τοιοῦτον
1368 363 1375 369 ·
1389 355 1436 380 καὶ
1461 355 1491 381 τδ
1522 353 1544 389 β’
1565 354 1635 389 θέμα
1647 355 1695 381 τοῦ
1709 355 1737 382 α’
1751 365 1822 389 κεφ.

186 398 300 430 cit:Qui
319 406 352 424 eo
368 399 416 425 fuit
431 400 522 426 animo
538 404 567 427 ut
583 400 661 428 vellet
686 401 847 435 interficere,
863 401 969 428 etiamsi

1043 400 1070 426 οὗ
1099 400 1181 426 αὐτοῦ
1197 400 1284 426 τίτλου
1306 401 1351 426 καὶ
1381 399 1484 433 βιῆλίου
1516 400 1620 434 φησίν·
1650 400 1681 427 Ὀ
1711 402 1824 427 σκοπὸν

187 451 244 471 non
261 444 440 476 interfecerit.
466 445 513 473 sed
539 447 717 479 sanciaverit,
745 452 788 475 est
812 448 969 475 homicida:

1043 444 1149 481 σχηκὼς
1159 445 1205 472 τοῦ
1222 444 1363 480 φονεῦσαι,
1378 445 1430 471 κάν
1443 445 1479 480 μὴ
1496 445 1624 480 φονεύσῃ,
1638 446 1707 473 ἀλλὰ
1723 455 1820 480 1:910-

186 494 213 516 et
229 490 275 524 qui
293 490 381 518 noluit
405 490 569 524 interllccre,
584 492 691 519 etiamsi
709 492 890 526 interfecerit,
913 502 969 521 non

1043 491 1137 527 ατίσῃ,
1156 491 1252 526 φονεύς
1274 492 1332 517 ἐστι
1345 498 1352 506 ·
1369 491 1416 518 καὶ
1429 491 1442 517 ό
1470 491 1507 526 μὴ
1532 491 1649 525 θελήσας
1668 492 1823 525 φονεῦσαι,

186 538 226 561 est
244 534 388 562 homicida.
405 535 522 563 Aﬂectio
537 540 627 562 autent
660 544 692 563 ex
708 537 892 564 instrumento
906 538 967 571 eius

1043 538 1073 564 ὰν
1090 537 1218 572 φονεύσῃ,
1240 536 1290 563 οὐκ
1317 536 1376 563 ἔστι
1402 536 1513 570 φονεύς.
1536 536 1569 562 Ἠ
1589 536 1618 563 δὲ
1633 537 1762 568 διάθεσις
1789 538 1822 563 ὲκ

187 579 235 613 qui
255 580 409 614 percussit,
437 586 551 616 apparet
578 585 605 609 et
631 583 774 617 probatur.
803 583 856 610 Sed
882 585 972 619 magni

1043 582 1072 609 οὗ
1082 581 1233 617 πλήξαντος
1242 582 1361 617 ὀργάνου
1377 581 1527 616 ἐλέγχεται.
1545 583 1576 608 Oi
1595 582 1689 617 μέντοι
1701 583 1821 614 κανὸνες

190 625 281 653 Basilii
304 634 425 654 canones
440 627 519 655 etiam
533 635 594 655 eum
613 629 659 663 qui
684 637 737 656 non
756 635 854 664 sponte
887 630 972 657 inter-

191 671 267 704 fecit,
291 672 542 708 quomodocuuque
568 674 660 707 fuerit,
687 675 807 710 puniunt
833 680 859 703 ul
885 676 973 703 homi-

1029 627 1077 654 τοῦ
1096 627 1214 662 μεγάλου
1227 627 1368 654 Βασιλείου
1385 627 1488 654 καὶτὸν
1503 628 1639 659 ἀκουσίως
1654 628 1821 662 φονεύοντα,

1027 673 1065 703 ὡς
1081 673 1114 700 ἂν
1126 673 1187 710 ἔχῃ,
1214 673 1252 705 ὼς
1265 673 1347 708 φονέα
1364 673 1509 705 κολάζουσι
1521 674 1595 710 παρὰ
1607 675 1655 709 τὴν
1668 674 1820 709 περίληψιν

191 717 279 744 cidanr
296 739 304 751 ,
335 723 429 745 contra
460 726 492 746 ac
521 721 764 754 comprehenditur
792 723 842 749 hac
861 721 975 756 lcge,et

1044 720 1074 746 οὗ
1090 719 1210 747 τοιούτου
1231 719 1313 754 νόμον
1340 720 1388 746 καὶ
1402 719 1478 755 παρὰ
1503 719 1533 746 τδ
1568 723 1594 752 ς’
1621 720 1692 755 θὲμα
1718 721 1772 747 τοῦ
1798 721 1821 754 τ

194 762 275 790 aliter
301 771 382 798 quam
400 764 523 791 decernit
544 764 560 791 6
576 766 665 792 thema
684 767 701 793 5
725 774 783 801 cap.
806 768 839 795 59
866 767 910 794 tit.
935 776 970 795 ιιι

193 809 243 835 lib.
262 809 334 843 quod
351 811 392 837 sic
408 810 477 837 dicit
499 820 507 838 :
532 811 586 838 Lex
601 811 635 838 de
660 811 805 840 humicidis
822 813 915 840 dolum
933 822 978 841 re-

194 854 291 888 quirit,
318 861 344 882 et
371 863 424 883 non
453 864 578 891 u-agnam
607 857 809 893 negligentiam.
838 858 929 891 Quare
957 859 979 886 si

194 901 268 934 quis,
293 901 385 936 seipSo
415 910 448 929 ex
474 903 529 930 alto
557 903 672 936 deiecto.
700 903 742 930 vel
769 911 845 931 ramo
873 905 981 932 arboris

195 948 327 974 deorsum
363 948 459 980 missu,
489 939 644 984 quempiam
672 950 825 983 occiderit,
851 952 979 985 praesenti

197 994 255 1027 li-ge
270 1001 322 1020 non
341 997 461 1023 tenetur.
476 994 535 1022 Jam
549 1003 615 1022 vero
631 996 660 1022 3i
680 996 746 1030 imp.
763 996 865 1024 domini
883 997 981 1026 Leonis

195 1039 355 1073 Philosophi
375 1041 481 1069 novella
500 1041 546 1069 dat
572 1042 632 1069 viro
650 1046 813 1077 potestatem
834 1044 979 1071 matrimo-

198 1084 274 1111 niur'n
292 1085 460 1114 dissolvendi
491 1095 553 1114 cum
582 1096 678 1122 uxore,
697 1097 756 1124 qua:
784 1089 858 1118 illius
886 1098 978 1119 semen

195 1131 338 1159 abortione
354 1132 445 1161 sciens
460 1133 543 1166 ejicit.

231 1175 356 1209 ZONAR.
378 1177 516 1209 Mulieres.
533 1183 678 1214 postquam
699 1188 731 1208 ex
751 1181 850 1209 furtivo
876 1190 978 1210 concu—

201 1221 260 1249 bitu
275 1231 437 1258 concepere,
454 1225 557 1260 prolem
573 1233 643 1255 eam.
663 1235 695 1254 ne
707 1227 870 1262 prodantur,
888 1229 978 1256 modi-

196 1268 347 1303 camenlis.
368 1269 533 1304 quibusdam
564 1272 653 1306 epotis
687 1273 713 1300 in
746 1277 826 1301 utero
861 1279 979 1308 necant,

199 1313 318 1348 indeque
333 1314 387 1342 vita
405 1316 566 1344 destitutam
584 1317 709 1352 ejiciunt.
730 1318 782 1347 Eas
810 1319 894 1355 igitur
921 1328 982 1356 qua:

197 1359 330 1392 ejusmodi
349 1367 496 1397 pnarmaca
524 1363 586 1391 aliis
613 1364 746 1399 pra-bent.
769 1368 826 1392 turn
853 1373 900 1394 eas
923 1374 984 1401 quae

197 1407 346 1442 accipiunt,
363 1408 562 1436 homicidarum
580 1410 669 1444 pmnis
684 1417 771 1438 canon
789 1412 875 1439 teneri
893 1413 982 1447 jubet,

1029 775 1091 801 κεφ.
1105 766 1153 793 τοῦ
1174 766 1213 792 λθ¹
1227 766 1316 793 τίτλου
1336 765 1382 793 τοῦ
1398 764 1419 798 ξ’
1434 765 1548 800 βιϐλίου,
1564 766 1593 792 τὸ
1608 765 1684 798 λέγον
1707 766 1800 798 οὕτως
1814 775 1820 782 ·

1038 810 1068 839 '0
1085 811 1149 846 περὶ
1164 811 1334 846 ἀνδροφόνων
1360 811 1442 846 νόμος
1462 811 1538 838 δόλον
1557 811 1692 846 ἐπιζητεῖ,
1721 813 1774 838 καὶ.
1793 812 1821 838 οὺ

1032 858 1153 893 μεγάλην
1168 856 1309 891 ἀμέλειαν.
1328 856 1411 883 Ὅθεν
1426 856 1474 883 ἐάν
1503 865 1545 888 τις
1558 857 1653 883 ἑαυτὸν
1673 857 1704 890 ὲξ
1735 857 1822 892 ὕψους

1032 903 1156 938 ρίψας,ῆ
1180 903 1276 930 κλάδον
1299 902 1355 929 ἀπὸ
1373 903 1494 938 δένδρον,
1525 903 1652 937 φονεύσει
1680 903 1758 936 τινὰ,
1774 904 1823 938 οὐκ

1032 949 1174 976 ὑπόκειται
1193 949 1232 984 τῷ
1248 949 1363 984 παρόντι
1373 948 1458 984 νόμῳ.
1492 949 1527 975 Ἦ
1545 949 1637 983 μέντοι
1664 948 1705 974 λα’
1734 950 1824 984 νεαρὰ

1033 992 1080 1019 τοῦ
1096 993 1225 1028 βασιλέως
1237 992 1323 1027 κυροῦ
1345 992 1459 1024 Λέοντος
1474 993 1520 1019 τοῦ
1543 992 1692 1026 Φιλοσόφου
1711 993 1823 1019 δίδωσιν

1033 1039 1126 1067 ἄδειαν
1149 1039 1189 1073 τῷ
1215 1039 1292 1074 ἀνδρὶ
1315 1039 1432 1075 διασπᾷν
1452 1039 1498 1065 τὸν
1521 1039 1590 1074 μετᾶ
1611 1039 1660 1073 τῆς
1687 1040 1822 1074 γυναικὸς

1034 1085 1117 1112 αὐτοῦ
1133 1085 1232 1120 γάμον,
1247 1084 1374 1120 ἐπίτηδες
1400 1083 1620 1119 ἁμϐλωσκούσης
1642 1084 1693 1120 τὴν
1713 1086 1822 1112 ἐκείνου

1034 1132 1149 1167 σποράν.

1069 1179 1191 1207 ΖΩΝᾹΡ.
1221 1179 1354 1210 Γυναῖκες
1371 1177 1460 1213 λάθρα
1491 1177 1548 1204 τισὶ
1582 1177 1751 1213 μιγνύμεναι
1775 1179 1822 1204 καὶ

1034 1224 1286 1260 συλλαμϐάνουσαι,
1311 1223 1353 1249 ἵνα
1368 1222 1405 1257 μὴ
1419 1222 1577 1257 γνωσθετεν,
1598 1222 1736 1256 φάρμακά
1761 1231 1822 1248 τινα

1033 1271 1153 1302 πίνουσι,
1164 1269 1199 1296 δι’
1213 1266 1250 1296 ὧν
1264 1267 1297 1294 τὰ
1313 1267 1422 1303 ἔμϐρυα
1448 1267 1649 1303 διαφθείρουσι,
1666 1267 1715 1294 καὶ
1734 1266 1822 1298 οὕτως

1034 1315 1105 1343 αὐτὰ
1132 1315 1218 1350 νεκρὰ
1241 1312 1451 1340 ἀποϐάλλονται.
1479 1312 1534 1344 Τὰς
1563 1311 1610 1339 οὖν
1632 1312 1758 1344 διδούσας
1791 1313 1824 1339 τὰ

1032 1363 1144 1390 τοιαῦτα
1160 1361 1303 1397 φάρμακα,
1335 1360 1381 1387 καὶ¹
1409 1359 1459 1391 τὰς
1486 1358 1678 1393 λαμϐανούσας
1703 1358 1744 1394 τῷ
1768 1359 1823 1385 τῶν

1034 1409 1137 1444 φονέων
1165 1407 1298 1442 ἐπιτιμίῳ
1333 1404 1520 1437 καταδικάζει,
1552 1405 1600 1431 καλ⁸
1633 1404 1756 1436 εἰκότως.
1784 1405 1822 1430 0:3

197 1460 230 1479 ac
247 1453 345 1481 merito
360 1454 494 1488 quidem:
512 1455 613 1490 quippe
643 1464 704 1490 qua:
727 1464 782 1484 non
810 1460 889 1486 modo
918 1467 983 1487 oon-

1043 1455 1116 1488 μόνον
1130 1454 1184 1491 γὰρ
1203 1453 1237 1480 τὰ
1254 1451 1363 1487 ἔμϐρυα
1381 1450 1533 1478 κτείνουσιν
1556 1451 1584 1476 αι
1611 1449 1747 1482 τοιαῦται,
1762 1450 1823 1476 ἀλλ’

198 1502 305 1533 (reptant
323 1501 443 1534 prolem,
457 1501 504 1529 sed
529 1502 604 1536 ipsas
620 1502 702 1530 etiam
726 1504 892 1539 quandoque
914 1513 983 1540 prte-

199 1549 315 1575 gnantes
336 1546 476 1580 mulieres,
502 1548 577 1581 quod
593 1555 710 1582 magnus
734 1557 844 1584 quoque
865 1550 983 1579 Basilius

199 1596 305 1618 canone
321 1592 442 1619 secundo
459 1596 588 1625 testatur,
604 1600 620 1621 e
647 1594 737 1622 medio
761 1595 871 1622 tollunt.
895 1596 985 1632 Ancy-

201 1643 274 1663 ranae
290 1643 356 1664 vero
369 1638 468 1673 synodi
484 1646 588 1666 canone
602 1639 732 1667 vicesimo
752 1641 840 1675 primo
856 1641 984 1670 mulieres

200 1682 334 1713 eiusmodi
354 1684 479 1712 decennii
498 1685 688 1720 segregatione
702 1687 865 1721 puniuntur.

199 1725 314 1755 AlilST.
331 1737 340 1754 ι
355 1728 386 1756 ΕΙ
401 1730 448 1764 qui
467 1731 524 1764 dat,
543 1736 570 1759 et
586 1740 648 1767 quae
663 1733 764 1767 accipit
783 1733 987 1761 medicamenta

291 1783 301 1800 ι
321 1775 489 1804 abortionem
503 1778 615 1811 cientis,
641 1783 684 1806 est
701 1779 852 1806 homicida.
871 1789 879 1805 ι

237 1819 427 1854 Suhjiciuntnr
441 1822 586 1851 homicidae
601 1825 690 1858 poenis
705 1829 731 1852 et
746 1825 808 1856 illae,
826 1832 886 1860 qua:
903 1825 986 1854 fcetus

205 1867 333 1894 nocentia
359 1868 499 1903 accipiunt
520 1869 734 1904 medicamenta,
752 1876 779 1899 et
796 1871 844 1906 qui
872 1879 904 1899 ea
928 1873 988 1901 istis

202 1912 340 1941 exhibent.

483 1960 598 1989 CANON
618 1961 700 1991 XCII.

207 2011 217 2028 ι
243 2004 295 2031 Eos
308 2004 354 2038 qui
389 2006 499 2034 nomine
521 2007 687 2035 matrimonii
710 2009 838 2037 mulieres
863 2011 981 2044 rapiunt.

244 2059 254 2075 ι
271 2051 311 2077 vel
326 2050 372 2084 qui
391 2059 475 2086 opera
489 2060 596 2087 opeque
618 2061 666 2081 sua
694 2059 818 2089 raptores
843 2055 986 2091 adjuvmt,

243 2105 252 2120 ι
273 2096 369 2123 statuit
385 2102 480 2125 sancta
496 2099 628 2134 synodus.
643 2099 666 2126 si
683 2100 739 2127 sint
753 2100 863 2134 quidem
878 2102 985 2134 clerici,

243 2151 252 2166 ι
273 2143 381 2176 proprio
396 2143 481 2178 gradu
497 2144 622 2171 excidere
639 2153 646 2171 :
661 2145 705 2172 sin
732 2152 796 2173 vero
825 2146 898 2180 laici,
918 2155 986 2175 ana-

245 2197 254 2213 ι
272 2188 391 2215 themate
406 2189 521 2223 percuti.
539 2199 548 2215 ι
899 2217 907 2223 ,

245 2233 340 2261 BALS.
357 2234 481 2262 Praesens
499 2243 586 2262 canon
604 2235 673 2263 idem
690 2239 733 2264 est
744 2236 857 2264 omnino
876 2245 937 2264 cum
951 2238 986 2265 Ἦ

207 2287 312 2306 canone
331 2279 498 2308 Chalcedon.
525 2282 633 2316 synodi.
657 2282 687 2308 Et
714 2290 806 2318 quaere
826 2291 887 2318 qua:
905 2283 931 2310 in
956 2292 989 2311 eo

209 2326 312 2359 scripta
330 2329 403 2358 sunt,
417 2330 445 2352 et
457 2326 474 2354 9
490 2326 532 2353 tit.
549 2327 693 2361 praesentis
708 2328 810 2362 operis.
826 2335 887 2362 cap.
905 2328 940 2355 50
963 2332 990 2355 et

208 2379 269 2406 qua:
296 2370 323 2398 in
347 2378 407 2398 eum
437 2372 536 2407 scripta
563 2377 637 2400 sunt.
661 2373 793 2401 Similiter
815 2379 841 2400 et
864 2374 898 2401 (i7
926 2382 988 2402 can.

209 2421 300 2450 npost.
314 2415 384 2449 Quid
402 2421 506 2450 autem,
525 2417 549 2446 si
563 2417 627 2453 quis
639 2418 782 2446 mulierem
800 2426 853 2447 non
868 2419 991 2454 rapuerit

208 2462 318 2490 nomine
333 2462 514 2497 matrimonii,
531 2464 579 2491 sed
605 2463 795 2492 fornicationis
807 2465 906 2500 gratia,
928 2473 983 2492 non

211 2507 341 2541 punietur
354 2514 407 2534 una
421 2514 484 2535 cum
501 2508 545 2540 iis,
562 2509 610 2544 qui
634 2509 708 2536 illum
731 2517 813 2544 opera
829 2514 856 2537 et
874 2518 925 2545 ope
941 2517 990 2537 sua

209 2551 358 2586 adjuvant!
386 2550 505 2581 Salutio.
527 2553 656 2582 Maxime.
685 2554 742 2582 Hoc
760 2559 802 2582 est
835 2555 906 2582 enim
933 2556 992 2583 sine

209 2600 399 2627 controversia
415 2608 424 2627 :
442 2599 468 2627 id
484 2605 587 2633 autem,
603 2600 677 2635 quod
700 2600 898 2628 dubitationem
926 2601 993 2627 οσο-

211 2644 302 2675 rcbat.
319 2649 378 2672 erat
393 2649 542 2679 praetentis
562 2646 744 2673 matrimonii.
767 2644 899 2672 Dicebant
920 2646 992 2671 enim

213 2691 350 2723 nonnulli,
367 2697 429 2719 eum
448 2691 517 2718 nihil
531 2690 595 2718 mali
614 2691 724 2723 fecisse,
745 2691 792 2725 qui
815 2690 906 2725 rapuit
932 2698 992 2717 mu-

213 2737 320 2770 lierem,
338 2741 369 2764 ut
384 2737 410 2765 ei
423 2737 543 2772 legitime
558 2737 780 2773 conjungeretur,
795 2744 855 2771 qua:
877 2735 994 2764 fortasse

217 2782 300 2808 etiam
316 2781 427 2818 indigna
440 2785 482 2810 est
500 2780 561 2817 ejus
574 2789 683 2818 genere,
701 2785 728 2810 ct
744 2789 775 2808 ex
791 2788 823 2808 co
839 2780 955 2808 maxime
969 2781 994 2806 vi

1036 1500 1125 1527 ἐνίοτε
1140 1503 1188 1529 καὶ
1207 1499 1291 1530 αὑτὰς
1307 1498 1356 1529 τὰς
1373 1496 1500 1531 ἐγκύους,
1516 1495 1529 1522 ὃ
1543 1495 1589 1522 καὶ
1603 1496 1617 1521 ὁ
1636 1495 1724 1530 μέγας
1736 1495 1823 1521 Βασί-

1035 1546 1107 1577 λειος
1120 1546 1149 1572 ἐν
1157 1545 1276 1580 δευτέρῳ
1291 1542 1386 1570 κανόνι
1396 1542 1489 1577 φησιν.
1502 1541 1531 1568 Ὀ
1543 1541 1572 1568 δὲ
1580 1541 1630 1575 τῆς
1643 1541 1672 1567 ἐν
1700 1540 1825 1576 Ἀγκύρῃ.

1038 1591 1150 1618 συνόδου
1165 1590 1255 1618 κανὼν
1270 1588 1316 1616 καὶ
1340 1589 1388 1619 τὰς
1396 1587 1525 1619 τοιαύτας
1533 1588 1664 1621 γυναῖκας
1677 1586 1824 1613 δεκαετίαν

1037 1637 1174 1674 ἀφορίζει.

1037 1728 1146 1756 ΑΡιΣτ.
1181 1737 1191 1754 ι
1208 1726 1264 1754 Καὶ
1276 1727 1290 1753 ὁ
1306 1725 1393 1757 διδοὺς
1412 1725 1460 1753 καὶ
1488 1723 1696 1760 ήλαμϐάνουσα
1712 1722 1824 1758 ἀμϐλω-

1268 1773 1357 1806 ορίδια
1370 1771 1538 1808 ἀνδροφόνοι.
1563 1779 1572 1797 ι

1078 1821 1254 1848 ’Υπόκεινται
1279 1819 1317 1855 τῷ
1333 1818 1379 1845 τοῦ
1409 1818 1510 1852 φονέως
1528 1816 1661 1851 ἐπιτιμίῳ
1680 1815 1728 1842 καὶ
1748 1816 1777 1842 αἱ
1792 1815 1825 1842 τὰ

1040 1867 1228 1904 ἑμϐρυοκτόνα
1238 1866 1372 1901 φάρμακα
1383 1863 1584 1899 λαμϐάνουσαι,
1598 1862 1645 1889 καὶ
1654 1862 1679 1888 οἱ
1689 1861 1824 1898 παρέχον-

1039 1923 1085 1947 τες
1099 1914 1185 1942 ταῦτα
1209 1913 1314 1943 αὐταῖς.

1337 1955 1457 1984 κΑΝςιΝ
1484 1953 1542 1989 una

1044 2015 1054 2032 ι
1074 2005 1142 2036 Τοὺς
1158 2003 1331 2040 ἁρπάζοντας
1345 2003 1478 2036 γυναῖκας
1495 2000 1542 2027 ἐπὶ
1564 1999 1678 2034 ὀνόματι
1705 2007 1825 2025 συνοικε-

1080 2060 1089 2076 ι
1107 2050 1178 2081 σίου,
1198 2049 1214 2084 ἢ
1232 2048 1457 2083 συμπράττοντας
1472 2046 1489 2082 ἦ
1518 2045 1747 2081 συναιρουμὲνους
1769 2046 1823 2076 τοῖς

1080 2105 1089 2121 ι
1108 2095 1277 2130 ἁρπάζουσιν
1292 2093 1393 2127 ὥρισεν
1406 2092 1421 2126 ἡ
1436 2091 1502 2124 ἅγια
1518 2089 1638 2120 σύνοδος,
1655 2089 1679 2115 εἰ
1696 2089 1745 2123 μὲν
1758 2088 1825 2123 κλη-

1078 2151 1087 2168 ι
1109 2141 1180 2176 ρικυὶ
1192 2137 1256 2171 εἷεν,
1271 2138 1414 2165 ἐκπίπτειν
1431 2135 1477 2162 τοῦ
1498 2134 1598 2161 οἰκείου
1615 2133 1732 2169 βαθμοῦ,
1747 2133 1771 2159 εἰ
1797 2133 1825 2160 δὲ

1078 2197 1087 2213 ι
1107 2186 1207 2217 λαῖκοὶ,
1223 2182 1483 2217 ἁναῢεματίζεσθαι.
1510 2190 1520 2207 ι

1074 2232 1174 2260 ΒΛΛΣ.
1193 2231 1222 2257 '0
1230 2228 1325 2264 παρὼν
1335 2228 1424 2255 κανὼν
1440 2226 1652 2262 ἀπαράλλακτός
1667 2227 1726 2252 ἐστι
1734 2225 1824 2252 κανὼν

1040 2279 1081 2311 κζ’
1110 2278 1161 2312 τῆς
1181 2278 1209 2303 ἐν
1237 2275 1389 2310 Χαλκηδόνι
1409 2274 1530 2301 συνόδου.
1557 2273 1612 2300 Καὶ
1637 2272 1712 2307 ζήτει
1739 2272 1772 2298 τὰ
1796 2272 1825 2298 ἐν

1040 2324 1114 2360 αὐτῷ
1135 2321 1363 2358 παραγραφέντα,
1383 2320 1430 2347 καὶ
1454 2320 1542 2346 τίτλον
1567 2319 1589 2345 θ’
1620 2318 1667 2345 τοῦ
1689 2317 1826 2352 παρόντος

1041 2369 1229 2404 συντάγματος
1244 2376 1307 2401 κεφ.
1325 2366 1346 2392 λ’
1363 2366 1411 2393 καὶ
1428 2365 1463 2392 τὰ
1477 2367 1505 2391 ὲν
1516 2363 1593 2399 αὐτῷ
1611 2383 1619 2396 ,
1633 2363 1766 2394 ὡσαύτως
1777 2364 1825 2389 καὶ

1041 2416 1086 2443 τδν
1102 2414 1140 2448 ξζ*
1153 2412 1331 2441 ἀποστολικδν
1347 2411 1457 2438 κανόνα.
1474 2411 1508 2437 Τί
1524 2410 1564 2442 δὲ,
1582 2410 1630 2436 ἐὰν
1648 2409 1686 2444 μὴ
1711 2409 1825 2444 ὀνόματι

1042 2461 1211 2488 συνοικεσίου
1228 2459 1341 2495 ἁρπάσῃ
1361 2466 1402 2488 τις
1411 2457 1537 2491 γυναῖκα,
1550 2455 1618 2482 ἀλλὰ
1630 2455 1675 2482 διὰ
1684 2454 1825 2489 πορνείαν,

1042 2508 1073 2534 οὐ
1093 2504 1293 2540 κολασθήσεται
1307 2504 1356 2531 σὺν
1368 2504 1427 2535 τοῖς
1445 2501 1624 2538 συμπράξασι
1645 2501 1693 2527 καὶ
1709 2509 1825 2535 συναρα-

1045 2551 1136 2586 μένοις
1148 2549 1222 2584 αὺτῷ
1234 2558 1241 2582 ;
1258 2548 1365 2581 Λύσις.
1378 2547 1434 2574 Καὶ
1442 2547 1569 2584 μάλιστα.
1581 2545 1666 2573 Τοῦτο
1680 2545 1734 2581 γὰρ
1754 2545 1824 2580 ἀζή-

1043 2596 1127 2632 τητόν
1150 2596 1219 2623 ἐστι.
1244 2595 1281 2621 Τὸ
1295 2594 1323 2621 δὲ
1337 2593 1431 2621 ποιοῦν
1448 2593 1498 2628 τὴν
1515 2591 1632 2628 ζήτησιν
1660 2591 1784 2627 ὑπῆρχεν
1809 2592 1826 2626 ἡ

1045 2645 1181 2677 πρόφασις
1205 2640 1251 2668 τοῦ
1270 2639 1447 2667 συνοικεσιου.
1460 2638 1572 2672 Ἔλεγον
1588 2637 1642 2672 γάρ
1653 2645 1726 2668 τινες
1742 2636 1826 2671 μηδέν

1045 2696 1071 2714 τι
1086 2687 1173 2714 κακὸν
1196 2686 1308 2720 ποιῆσαι
1335 2684 1381 2711 τὸν
1401 2683 1565 2719 ἁρπάσαντα
1590 2682 1708 2716 γυναῖκα
1731 2681 1776 2707 διὰ
1795 2681 1827 2707 τὸ

1047 2733 1171 2767 νομίμως
1189 2730 1360 2765 συναφθῆναι
1375 2729 1457 2764 αὐτῇ,
1474 2727 1538 2759 ῑσως
1549 2726 1598 2753 καὶ
1615 2725 1731 2758 ἀναξίαν
1740 2723 1828 2751 οὖσαν

1046 2778 1084 2814 τῷ
1109 2778 1184 2813 γένει
1200 2776 1306 2810 τούτου,
1321 2774 1468 2803 κάντεῦθεν
1486 2772 1610 2808 μεγάλως
1635 2777 1827 2806 χειραγωγου-

1906 984 1912 1041 i

1907 1292 1911 1333 ι

1908 1426 1913 1529 i

1909 1125 1911 1153 ι

1908 1157 1909 1174 ι

1908 1292 1911 1333 ι

1908 1426 1914 1529 i

1912 1693 1915 1727 l

1911 1741 1915 1789 i

1912 1868 1915 1924 ί

1913 1925 1915 1988 l

1913 2198 1915 2266 i

1912 1693 1915 1727 l

1911 1741 1915 1789 i

1912 1868 1915 1924 ί

1913 1925 1915 1988 l

1913 2198 1915 2266 i
