1936 3105
204 130 256 161 831

829 128 881 160 ’ΠΙ
887 129 970 160 EOD.
988 129 1033 157 BA
1039 126 1188 158 LSAMON
1784 120 1846 152 832

246 197 256 213 1
277 187 385 215 veniam
403 187 513 219 habeat,
526 187 600 222 quod
629 187 665 215 sit
691 187 779 222 major
803 188 864 222 ejus
891 188 989 215 mortis

1079 195 1088 211 1
1108 194 1162 219 μην
1174 185 1204 211 τὸ
1223 183 1339 219 πρᾶγμα
1357 181 1472 210 ἐνταῦθα.
1495 181 1540 208 διὰ
1566 181 1598 207 τὸ
1621 179 1725 214 μᾶλλον
1761 178 1842 212 πρὶς

242 243 254 260 1
271 234 403 268 suspicio.
426 231 464 259 Ea
490 238 592 266 autem,
615 241 675 268 qua:
700 234 750 266 illi,
767 235 812 269 qui
827 234 860 261 ad
881 238 989 268 tempus

247 290 258 308 1
276 287 333 308 erat
347 281 381 308 ab
393 287 479 308 uxore
492 280 613 312 relictus,
624 282 715 316 nupsit
729 289 776 316 per
794 281 989 317 ignorantiam.

247 335 257 352 1
277 326 376 353 deinde
395 325 509 354 dimissa
523 332 576 360 est,
593 327 664 362 quod
682 328 757 362 prior
778 330 810 354 ad
833 329 920 362 ipsqu
945 335 990 354 re-

249 381 257 397 1
279 371 372 403 dierit,
389 378 429 399 est
456 373 565 406 quidem
591 373 738 406 fornicata,
767 374 815 401 sed
840 382 888 409 per
916 374 992 407 igno-

247 427 257 444 1
277 418 393 444 rantiam
411 427 418 446 :
437 427 451 445 a
476 420 652 446 matrimonio
670 428 735 455 ergo
762 428 815 446 non
841 421 990 447 arcebitur.

249 473 258 489 1
281 465 376 492 Melius
388 470 478 493 autem
491 466 513 493 si
531 466 570 493 sic
586 467 727 494 manserit.
743 467 790 493 Sin
807 473 897 494 autem
914 467 992 495 miles

249 520 258 536 1
278 512 419 544 aliquanto
445 517 505 546 post
531 518 651 547 tempore
675 513 797 543 redierit.
823 513 899 546 Cujus
925 521 993 540 uxor

250 566 258 582 1
282 562 393 591 propter
421 558 529 592 longam
557 559 630 586 illitis
648 559 799 586 absentiam
823 559 902 586 alzcri
933 559 993 587 viro

247 611 256 627 1
275 603 421 637 conjuncta
438 609 490 635 est,
508 605 541 636 is,
563 605 585 632 si
611 605 685 637 velit,
714 606 851 640 propriam
880 614 992 633 uxorem

252 658 261 674 1
281 649 407 683 recipiat,
425 650 475 685 ipsi
495 652 572 678 venia
595 657 706 686 propter
721 652 904 687 ignorantiam
919 653 994 685 data,

252 704 260 718 ι
280 697 360 728 eique
378 696 423 730 qui
448 696 522 723 illam
550 697 577 725 in
601 697 730 725 secundis
759 698 859 733 nuptiis
885 699 995 726 domum

250 751 260 766 1
276 740 362 768 duxil.
380 751 390 768 ι

248 785 346 814 BALS.
372 787 501 820 Quasdam
520 789 659 822 mulieres,
688 798 750 817 cum
778 791 818 818 sui
845 792 935 819 mariti
963 793 997 820 ab

214 839 308 860 carum
325 834 387 861 vita:
402 835 534 862 societate
551 843 580 862 se
595 836 795 870 scjnnxissent.
820 838 858 864 vel
887 844 997 873 propter

215 876 360 905 militarem
378 886 490 906 causam
504 881 661 915 quampiam
675 889 788 916 peregre
814 881 928 917 profecti
947 891 997 911 es—

218 928 291 955 sent,
308 931 358 952 nec
376 933 490 960 usquam
506 932 679 962 apparerent,
695 931 723 954 ut
740 928 784 962 qui
813 937 900 964 neque
925 930 998 964 ipsas

215 975 304 1002 neque
319 969 388 997 ullos
403 971 470 998 alios
486 971 518 998 de
536 979 564 999 se
580 971 713 1000 certiores
727 962 868 1006 fecissent,
886 982 948 1001 cum
965 975 999 1001 de

215 1013 338 1048 ipsorum
358 1021 444 1043 morte
470 1016 581 1044 inccrtre
606 1022 708 1050 essent,
738 1018 799 1046 aliis
824 1019 999 1046 matrimonio

217 1061 372 1095 conjunche
389 1066 464 1090 sunt.
481 1063 552 1090 Dicit
577 1070 644 1097 ergo
672 1071 770 1095 canon,
797 1072 843 1092 eas
867 1070 895 1091 ut
921 1065 1000 1092 adul-

216 1111 291 1135 teras
316 1108 416 1143 puniri,
443 1113 586 1143 postquam
614 1109 652 1137 illi
678 1109 822 1141 redierint.
847 1111 920 1146 quod
946 1119 998 1139 non

217 1154 439 1189 exspectaverint
455 1159 484 1181 ut
500 1155 602 1183 scirent
615 1155 648 1184 de
665 1164 760 1184 eorum
782 1163 869 1186 morte
896 1159 998 1193 aliquid

217 1200 330 1227 certius.
350 1198 408 1226 Non
424 1200 528 1234 justum
541 1201 614 1229 enim
628 1202 730 1230 habent
745 1207 919 1236 prartextum,
938 1204 999 1232 lon-

219 1253 279 1280 gam
298 1253 410 1273 suorum
426 1246 586 1274 maritorum
603 1255 717 1283 peregre
732 1249 895 1282 absentiam,
919 1254 946 1277 et
968 1250 1001 1278 de

219 1295 307 1318 morte
322 1299 417 1319 eurum
434 1292 664 1321 incertitudinem.
677 1293 742 1327 Quae
759 1299 848 1323 autem
864 1303 911 1329 per
926 1296 1001 1331 igno-

220 1338 338 1365 rantiam
357 1338 427 1367 forte
443 1339 564 1375 legitime
577 1341 669 1376 nupsit
687 1341 723 1373 ei,
740 1343 786 1376 qui
811 1342 844 1368 ad
866 1346 972 1377 tempus
986 1349 1000 1370 a

221 1383 471 1421 propria'conjuge
492 1386 634 1420 sejunctus
648 1392 699 1418 est.
719 1387 817 1416 deinde
842 1388 877 1415 ab
901 1396 934 1415 eo
959 1397 1004 1417 se-

221 1431 318 1461 cessit.
335 1432 406 1465 quod
431 1431 491 1465 ejus
513 1440 581 1459 uxor
604 1432 670 1459 velit
697 1441 791 1461 rursus
807 1441 868 1461 cum
892 1435 1003 1470 proprio

221 1477 320 1504 marito
334 1470 511 1512 cohabitare;
525 1478 692 1506 adulterium
712 1479 823 1514 quidem
851 1488 904 1508 non
925 1489 1002 1508 com-

1077 241 1086 257 1
1108 231 1221 258 Θάνατον
1246 228 1317 256 εἶναι
1343 228 1391 264 τὴν
1403 229 1542 255 ὑπόνοιαν.
1567 227 1599 254 Ἦ
1625 227 1653 253 δὲ
1676 226 1717 261 τῷ
1749 234 1844 254 κατα-

1076 287 1085 304 1
1106 276 1320 311 λειφοέντιπρδς
1340 274 1521 310 καιρδνπῑαρὲ
1536 274 1587 308 τῆς
1600 273 1731 308 γυναικὸς
1759 272 1841 300 κατὰ

1079 332 1088 349 1
1109 323 1221 356 ἄγνοιαν
1237 318 1466 357 γημαμένη,εῐτα
1482 320 1613 354 ἀφεθεῖσα
1627 319 1671 346 διὰ
1693 320 1724 345 τὸ
1745 321 1842 346 ἐπαν-

1073 379 1081 395 ι
1102 369 1190 396 ελθεῖν
1213 368 1283 403 πρὶς
1314 367 1396 394 αὐτὸν
1418 367 1469 403 τὴν
1494 366 1641 401 προτέραν,
1664 365 1841 399 ἑπόρνευσεν

1079 424 1087 440 1
1109 414 1168 449 μὲν,
1183 415 1211 440 ὲν
1223 414 1319 449 ἀγνοίᾳ
1335 413 1364 440 δέ
1376 421 1382 428 ·
1401 414 1490 448 γάμου
1502 412 1548 439 οὖν
1565 413 1615 439 οὐκ
1642 412 1839 448 ἀρχθήσεται.

1079 469 1088 486 1
1109 460 1227 486 Κάλλιον
1243 459 1281 492 δὲ,
1296 459 1344 485 ἐὰν
1358 459 1437 494 μείνῃ
1451 458 1547 490 οὕτως.
1565 459 1595 484 Ei
1621 459 1650 484 δέ
1671 466 1703 492 γε
1717 459 1732 485 ὁ
1751 466 1841 492 στρα-

1082 516 1090 532 ι
1112 507 1211 539 τιώτης
1229 505 1371 533 ἐπανέλθοι
1384 505 1471 540 χρόνῳ
1484 505 1559 537 ποτὲ,
1575 502 1605 532 οὗ
1633 505 1650 540 ἡ
1686 504 1759 539 γυνὴ
1794 503 1840 530 διὰ

1083 561 1092 577 1
1111 551 1160 586 τὴν
1175 551 1220 577 ἐπὶ
1236 550 1303 577 πολὺ
1319 551 1425 577 ἐκείνου
1439 550 1583 585 ἀπόλειψιν
1597 550 1683 584 ἑτέρῳ
1701 548 1837 584 συνήφῧη

1084 607 1092 623 ι
1117 597 1203 631 ἀνδρὶ.
1222 594 1309 629 οὗτος,
1322 597 1346 623 εί
1362 598 1543 631 προαιρεῖται,
1557 597 1606 631 τὴν
1621 595 1726 622 οἰκείαν
1756 593 1841 625 αὖθις

1085 654 1094 670 1
1117 643 1368 678 ὲπαναλαμόανέτω
1377 643 1507 677 γυναῖκα,
1523 641 1687 676 συγγνώμης
1703 641 1778 675 αὑτῇ
1794 641 1841 666 ἐπὶ

1081 700 1089 717 1
1109 692 1141 725 τῇ
1154 690 1253 725 ἀγνοίᾳ
1269 690 1427 726 δεδομένης,
1441 690 1489 716 καὶ
1501 689 1540 724 τῷ
1553 687 1655 723 ταύτην
1693 689 1840 715 είσοκισα-

1083 746 1092 761 1
1113 735 1184 770 μένῳ
1195 735 1265 762 κατά
1279 735 1405 770 δεύτερον
1420 735 1510 769 γάμον
1523 733 1608 769 ἀνδρί.

1078 782 1176 809 ΒᾹΛΣ.
1191 783 1270 814 Τινὲς
1285 783 1425 816 γυναῖκες,
1443 782 1498 808 τῶν
1510 781 1620 808 οἰκείων
1634 781 1744 815 ἀνδρῶν
1772 780 1840 807 ἀνα-

1049 829 1233 864 χωρησάντων
1250 829 1281 855 ὲκ
1295 828 1345 863 τῆς
1365 828 1501 867 ὁμοζωτας
1524 827 1636 860 τούτων,
1663 827 1680 862 ἢ
1702 827 1749 853 διὰ
1780 835 1842 852 τινα

1049 876 1140 903 αἰτίαν
1169 875 1385 911 στρατιωτικὴν
1401 874 1618 909 ἀποδημούντων
1641 875 1688 900 καὶ
1711 873 1835 907 ἀφανῶν

1050 922 1214 956 γενομένων,
1245 922 1283 953 ὡς
1318 921 1385 957 μηδὲ
1423 921 1668 956 ἀναδιδαξάντωνῆ
1691 921 1802 951 ταύτας
1827 920 1842 954 ἢ

1050 969 1160 1002 ἐτέρους
1176 969 1252 999 τινὰς
1262 969 1296 995 τὰ
1312 969 1376 1004 περὶ
1391 968 1500 1000 αὐτοὺς.
1529 968 1642 1003 ἀδηλίαν
1662 968 1778 1002 ἔχουσαι
1796 967 1842 993 τοῦ

1051 1016 1165 1042 θανάτου
1181 1015 1280 1047 αὐτῶν,
1304 1015 1408 1050 ἑτέροις
1431 1014 1617 1050 συνήφυησαν.
1652 1014 1721 1048 Φησὶ
1745 1012 1842 1048 γοῦνὸ

1051 1062 1151 1094 κανὼν,
1165 1062 1202 1093 ὡς
1220 1061 1377 1096 μοιχαλίδας
1406 1061 1508 1092 ταύτας
1525 1060 1700 1092 κολάζεσθαι,
1721 1060 1798 1095 μετὰ
1815 1061 1843 1086 τὺ

1051 1108 1172 1139 ἐκείνους
1189 1106 1370 1142 ὑποστρέψαι,
1386 1106 1430 1133 διὰ
1447 1106 1476 1133 τὸ
1505 1106 1542 1141 μὴ
1567 1106 1711 1140 ἀναμεῖναι
1743 1105 1844 1141 μαθεῖν

1051 1154 1153 1181 τέλειόν
1164 1163 1190 1180 τι
1201 1153 1265 1188 περὶ
1279 1152 1326 1180 τοῦ
1344 1153 1460 1180 θανάτου
1477 1152 1577 1180 αὐτῶν.
1594 1152 1660 1179 Οὐδὲ
1675 1152 1731 1188 γὰρ
1748 1152 1844 1187 ἔχουσι

1051 1200 1188 1236 πρόφασιν
1218 1199 1256 1235 (6)
1280 1199 1391 1234 εὔλογον
1418 1199 1468 1234 τὴν
1492 1199 1546 1225 τῶν
1573 1198 1677 1234 ἀνδρῶν
1705 1200 1748 1229 είς
1773 1198 1844 1224 πολὺ

1052 1246 1206 1280 ἀποδημίαν
1222 1245 1390 1280 καὶάδηλίαν
1402 1244 1450 1271 τοῦ
1473 1245 1589 1272 θανάτου
1619 1244 1720 1272 αὐτῶν,
1754 1245 1791 1271 Ἡ
1818 1245 1845 1271 δὲ

1052 1292 1404 1326 κατ’ἇγνοιανγαμηοεῖσα
1417 1291 1488 1327 τάχα
1520 1291 1644 1327 νομίμως
1670 1292 1709 1327 τῷ
1733 1292 1846 1326 διασχι-

1054 1340 1143 1368 σθέντι
1154 1340 1221 1376 πρὸς
1232 1339 1328 1375 καιρὸν
1339 1339 1392 1366 ἀπὸ
1406 1340 1454 1374 τῆς
1469 1339 1571 1371 οίκείας
1585 1339 1712 1374 συζύγου,
1733 1338 1798 1367 εἶτα
1815 1341 1847 1366 ὲκ

1053 1387 1148 1414 τούτου
1161 1387 1373 1422 ἀναχωρήσασα,
1403 1386 1448 1412 διὰ
1472 1386 1501 1412 τὺ
1525 1386 1576 1421 τὴν
1606 1386 1724 1420 σύμϐιον
1757 1386 1844 1413 αὺτοῦ

1055 1433 1136 1460 πάλιν
1149 1433 1263 1467 θελῆσαι
1280 1432 1415 1460 συνοικεῖν
1431 1433 1470 1467 τῷ
1490 1433 1582 1468 οίκείῳ
1609 1433 1696 1468 ἀνδρὶ,
1715 1434 1846 1469 μοιχείαν

1057 1481 1106 1516 μὲν
1123 1481 1172 1516 οὐχ
1186 1481 1321 1516 ἥμαρτεν,
1335 1481 1483 1514 ὲπόρνευσε
1501 1481 1539 1507 δέ.
1558 1481 1636 1514 Ἔχει
1654 1481 1748 1515 μέντοι
1764 1481 1847 1507 εὔλο-

225 1522 311 1554 misit,
329 1522 377 1550 sed
396 1523 531 1551 fornicata
547 1528 598 1552 est.
617 1524 704 1552 liabet
719 1529 810 1554 tamen
828 1526 931 1560 justam
955 1535 1002 1555 ex-

1062 1536 1104 1562 γον
1121 1527 1259 1562 πρόφασιν
1273 1527 1324 1562 τὴν
1339 1528 1463 1561 ἄγνοιαν.
1478 1527 1524 1553 Διὸ
1537 1527 1584 1553 καὶ
1601 1527 1687 1561 ἑτέρῳ
1717 1527 1848 1561 νομίμως

226 1569 408 1601 cusationem,
427 1570 621 1604 ignorantiam.
636 1571 726 1603 Quare
742 1578 791 1599 nec
807 1572 883 1605 alteri
900 1573 1003 1601 nubere

223 1613 425 1648 proh'bcbitur.
456 1615 554 1648 Quaero
579 1621 607 1643 et
632 1616 666 1643 46
692 1624 753 1645 can.
784 1618 870 1645 sancti
901 1617 1003 1647 Basilii.

225 1658 348 1685 Suadent
364 1663 453 1687 tamen
467 1660 561 1688 Patres
573 1662 693 1695 mulieri,
706 1670 740 1689 ne
751 1663 796 1690 alii
810 1663 1004 1699 conjltngatur,

225 1703 272 1730 sed
293 1711 322 1730 se
339 1704 445 1732 fortiter
459 1710 486 1733 et
507 1706 681 1735 continenter
702 1713 786 1743 gerat.
812 1713 840 1737 et
864 1714 1005 1744 peccaturo

225 1751 386 1785 pmnitentia
409 1753 509 1788 expiet.
540 1753 625 1782 Porro
646 1757 673 1782 et
697 1754 788 1788 militi,
806 1756 853 1791 qui
879 1763 1006 1784 reversus

225 1801 280 1829 est,
308 1798 504 1832 permiserunt,
531 1799 553 1825 si
583 1799 658 1832 velit,
682 1807 795 1828 uxorem
822 1809 901 1829 suam
929 1801 1006 1830 alteri

226 1842 401 1877 conjunctam
418 1851 557 1876 revocare,
572 1852 686 1880 eamque
701 1846 781 1873 venia
803 1846 914 1881 dignam
940 1855 1006 1876 cen-

225 1888 293 1920 seri,
309 1891 338 1915 ut
350 1896 410 1922 quae
422 1889 473 1916 viri
489 1889 531 1917 sui
556 1891 670 1921 reditum
688 1891 873 1927 desperaverit
888 1902 895 1920 :
911 1901 1009 1927 quem-

227 1933 375 1962 admodum
405 1938 432 1962 et
463 1935 500 1962 illi
517 1936 683 1971 ignoscetur,
698 1938 745 1972 qui
769 1938 856 1973 ipsam
873 1939 952 1966 duxit
980 1939 1008 1967 in

227 1980 380 2008 secundum
394 1981 608 2010 matrimonium.
625 1981 693 2010 Cum
710 1983 767 2011 haec
782 1979 817 2010 it'a
831 1992 861 2012 se
879 1984 1008 2018 habeant,

228 2027 365 2061 rogaverit
376 2027 523 2062 quispiam,
542 2027 597 2055 Cur
613 2036 702 2056 canon
719 2030 829 2064 quidem
843 2030 911 2058 dicit
927 2037 1009 2065 supe-

227 2073 286 2099 rius
301 2071 449 2100 adulterari
468 2073 610 2106 mulieres,
634 2079 690 2102 tam
707 2075 767 2110 ejus
798 2076 843 2110 qui
868 2076 1009 2109 discessit,

228 2117 312 2152 268
328 2126 408 2152 quam
424 2119 531 2151 militis,
548 2119 570 2146 si
587 2120 666 2148 altcri
683 2122 836 2154 nupserint,
863 2127 1009 2156 antequam

231 2163 313 2198 plane
329 2164 363 2192 de
385 2165 505 2193 virorum
533 2174 645 2194 suorum
671 2172 758 2195 morte
775 2170 908 2196 certiores
932 2168 1010 2196 factae

230 2208 332 2237 fuerint
362 2218 370 2238 :
399 2210 426 2238 in
458 2210 511 2238 [lue
536 2218 625 2240 autent
656 2213 780 2241 decernit
808 2214 902 2242 militis
931 2214 1010 2242 uxori

231 2255 337 2290 ignosci
352 2262 490 2292 oportere,
505 2257 585 2292 eique
598 2259 644 2294 qui
661 2260 700 2286 illi
717 2260 746 2287 in
763 2260 890 2288 secundis
907 2261 1012 2295 nuptiis

230 2301 374 2336 copulatus
389 2302 451 2330 est?
466 2301 582 2332 Salutio.
600 2304 694 2339 Magna
717 2309 758 2333 cst
775 2305 928 2333 diii‘erentia
942 2306 1014 2334 inter

232 2353 346 2375 uxorem
367 2347 462 2376 militis
477 2352 505 2376 et
523 2350 615 2378 aliam.
630 2349 678 2378 Illa
693 2351 777 2383 enim.
803 2351 886 2379 simul
914 2359 945 2379 ac
963 2360 1011 2386 pe-

231 2400 310 2427 regre
325 2393 465 2428 proiectus
477 2399 519 2424 est
532 2395 620 2429 miles,
640 2396 721 2424 habet
744 2396 864 2432 aliquam
890 2398 925 2424 de
950 2397 1011 2432 ejus

233 2443 321 2467 morte
349 2441 551 2475 suspicionem;
579 2442 808 2477 quemadmodum
836 2448 864 2471 et
893 2451 1013 2479 praesens

230 2492 331 2519 canon,
360 2490 506 2522 postquam
532 2487 603 2514 dixit
623 2488 656 2515 de
677 2488 773 2520 milite,
804 2488 856 2515 hoc
883 2496 1012 2524 expresse

231 2532 315 2559 dicit:
332 2531 386 2560 Sed
403 2541 447 2561 res
464 2533 509 2560 hic
524 2533 634 2568 quidem
649 2534 769 2568 aliquant
787 2534 867 2562 habet
894 2536 1012 2570 veniam,

231 2577 283 2605 hoc
299 2581 353 2610 est.
372 2579 468 2606 militia
485 2579 565 2606 uxori
582 2579 744 2614 ignoscitur,
761 2581 833 2615 quod
863 2581 900 2608 sit
924 2582 1013 2616 major

229 2623 264 2651 de
280 2628 368 2651 morte
385 2623 526 2660 suspicio:
541 2625 614 2660 quod
634 2626 716 2653 etiam
733 2627 765 2654 51
788 2631 816 2655 ct
841 2627 875 2656 56
892 2636 1013 2657 canones

229 2671 318 2700 sancti
346 2670 441 2700 Basilii
464 2675 601 2700 statuunt.
624 2672 684 2700 Alia
713 2677 804 2701 autem
830 2674 898 2702 nihil
919 2679 1009 2710 potest

1055 1574 1213 1608 γαμηθῆναι
1224 1573 1254 1600 οὺ
1266 1573 1466 1607 κωλυθήσεται.
1482 1574 1563 1608 Ζήτει
1575 1573 1622 1599 καὶ
1637 1573 1684 1599 τὸν
1720 1577 1771 1608 μς¹
1796 1583 1847 1600 κα-

1055 1621 1119 1648 νόνα
1146 1620 1192 1647 τοῦ
1218 1621 1296 1655 ἁγίου
1319 1620 1471 1647 Βασιλείου.
1494 1619 1719 1654 Συμὸουλευτιχῷ
1748 1621 1848 1655 τρόπῳ

1056 1665 1233 1693 ὑποτιθέασιν
1249 1667 1273 1692 οἱ
1290 1666 1412 1700 Πατέρες
1427 1667 1460 1701 τῇ
1477 1665 1586 1698 γυναικὶ
1603 1666 1640 1700 μὴ
1662 1665 1849 1700 συζευχθῆναι

1057 1711 1153 1746 ἑτέρῳ,
1167 1711 1235 1738 ἀλλὰ
1246 1711 1416 1748 καρτερῆσαι
1431 1711 1477 1738 καὶ
1490 1710 1688 1738 ἐξιλεώααοοαι
1699 1711 1730 1737 τὸ
1750 1711 1848 1745 ἀμάρ-

1056 1765 1132 1792 ⁴ιημιι
1146 1756 1190 1784 διὰ
1207 1757 1365 1791 μετανοίας.
1383 1757 1437 1783 Καὶ
1446 1757 1484 1792 τῷ
1493 1756 1706 1789 ὲπαναζεύξαντι
1718 1757 1747 1783 δὲ
1762 1765 1849 1791 στρα-

1058 1803 1141 1839 τιώτῃ
1159 1803 1344 1838 ἐξεχώρησαν.
1373 1804 1397 1830 εί
1423 1803 1508 1834 θέλει.
1542 1803 1765 1830 ἀνακαλέσασθαι
1795 1804 1846 1837 τὴν

1058 1849 1144 1884 ἑτέρῳ
1175 1849 1371 1883 συζευχθεῖσαν
1395 1849 1512 1882 γυναῖκα
1554 1847 1647 1879 αὐτοῦ,
1682 1845 1848 1881 ὀφείλουσαν

1060 1895 1226 1931 συγγνώμης
1241 1895 1404 1929 ἀξιωθῆναι,
1417 1894 1455 1926 ὡς
1463 1894 1657 1921 ἀπελπίσασαν
1680 1894 1730 1929 τὴν
1745 1895 1846 1921 ὲπάνο·

1060 1941 1104 1967 δον
1116 1941 1161 1967 τοῦ
1172 1940 1273 1967 οἰκείου
1285 1940 1381 1975 ἀνδρός
1397 1948 1404 1956 ·
1418 1939 1512 1974 ὥσπερ
1543 1939 1575 1973 δὴ
1602 1939 1848 1973 συγγνωσθήσεται

1060 1987 1108 2014 καὶ
1126 1987 1140 2013 ὁ
1149 1986 1187 2018 εἰς
1200 1986 1327 2021 δεύτερον
1341 1985 1429 2020 γάμον
1443 1985 1529 2020 αὐτὴν
1542 1985 1725 2019 ἀγαγόμενος.
1734 1984 1847 2011 Τούτων

1060 2033 1145 2064 οὕτως
1155 2032 1281 2067 ἐχόντων,
1296 2032 1429 2067 ἐρωτήσει
1441 2041 1494 2063 τις,
1505 2032 1554 2058 Διὰ
1567 2032 1593 2058 τί
1605 2032 1660 2058 ἄνω
1675 2031 1723 2065 μὲν
1732 2032 1747 2058 ό
1756 2031 1850 2058 κανών

1061 2086 1127 2114 φησι
1141 2076 1285 2112 μοιχᾶσθαι
1296 2076 1346 2108 τὰς
1355 2077 1496 2111 γυναῖκας,
1511 2075 1558 2102 τοῦ
1573 2085 1601 2103 τε
1609 2076 1849 2111 ἀναχωρήσαντος,

1046 2124 1132 2159 ,πρὸς
1148 2123 1175 2150 δὲ
1203 2123 1249 2150 καὶ
1264 2123 1311 2150 τοῦ
1325 2122 1507 2158 στρατιώτου,
1536 2122 1641 2156 ἑτέροις
1671 2121 1851 2156 γαμηθείτας

1062 2170 1115 2205 πρὸ
1129 2169 1253 2201 ὶντελοῢς
1264 2169 1452 2204 πληροφορίας
1466 2168 1512 2195 τοῦ
1525 2167 1643 2195 θανάτου
1670 2168 1725 2194 τῶν
1740 2168 1851 2202 ἀνδρῶν

1062 2214 1151 2242 αὐτῶν
1166 2222 1172 2230 ⁸
1187 2214 1216 2241 ἐν
1233 2214 1271 2249 τῷ
1283 2214 1355 2241 τέλει
1367 2214 1396 2240 δὲ
1425 2213 1574 2248 διορίζεται
1611 2212 1851 2248 συγγινώσχεσθαι

1061 2260 1111 2296 τὴν
1125 2262 1243 2295 γυναῖκα
1263 2260 1310 2287 τοῦ
1326 2260 1506 2294 στρατιώτου,
1528 2259 1576 2286 καὶ
1599 2260 1645 2286 τὸν
1673 2259 1849 2293 συναφοὲντα

1060 2305 1130 2341 αὐτῇ
1145 2305 1214 2340 μετὰ
1229 2305 1354 2340 δεύτερον
1369 2305 1477 2339 γάμον;
1495 2306 1516 2332 Α
1523 2305 1603 2338 ὐσις.
1628 2303 1714 2338 Πολλὴ
1729 2304 1851 2339 διαφορὰ

1061 2353 1119 2379 ἐστι
1134 2353 1184 2387 τῆς
1195 2351 1325 2386 γυναικὸς
1337 2351 1385 2378 τοῦ
1404 2351 1572 2386 στρατιώτου
1601 2351 1648 2378 καὶ
1674 2351 1722 2385 τῆς
1752 2350 1851 2385 ἄλλης.

1067 2396 1100 2422 Ἦ
1117 2396 1166 2431 μὲν
1182 2395 1235 2432 γὰρ
1266 2395 1324 2431 ἅμα
1339 2395 1377 2431 τῷ
1391 2395 1570 2430 ἀποδημῆσαι
1598 2395 1644 2421 τὸν
1675 2395 1850 2430 στρατιώτην

1062 2441 1182 2469 ὕποπτον
1195 2441 1303 2477 ἔχειτὸν
1314 2441 1438 2473 θάνατον,
1454 2441 1543 2472 καθὼς
1557 2441 1604 2468 καὶ
1617 2441 1631 2466 ὸ
1640 2441 1736 2476 παρὼν
1744 2440 1851 2471 κανὼν,

1063 2486 1134 2522 μετὰ
1152 2486 1182 2512 τδ
1197 2486 1287 2512 εἰπεῖν
1299 2485 1363 2520 περὶ
1380 2486 1426 2513 τοῦ
1456 2485 1637 2522 στρατιώτου,
1662 2487 1730 2521 φησι
1761 2486 1852 2514 ταῦτα

1063 2532 1175 2568 ῥητῶς·
1202 2531 1276 2566 Πλὴν
1308 2530 1366 2566 ἔχει
1388 2531 1450 2558 τινὰ
1476 2531 1643 2566 συγγνώμην
1667 2532 1698 2557 τὸ
1732 2532 1853 2566 πρᾶγμα
1893 2556 1896 2558 .

1060 2577 1286 2612 ὲνταῦθα,ἦγουν
1305 2577 1526 2611 συγγινώσκεται
1553 2578 1569 2612 ἡ
1606 2577 1654 2604 τοῦ
1680 2578 1852 2612 στρατιώτου

1061 2625 1143 2661 γυνὴ,
1160 2623 1205 2651 διὰ
1218 2624 1248 2651 τὸ
1263 2623 1366 2660 μᾶλλον
1379 2623 1448 2659 πρὸς
1463 2624 1576 2651 θάνατον
1603 2622 1673 2651 εἶναι
1697 2625 1747 2659 τὴν
1783 2625 1854 2651 ὑπό-

1062 2679 1137 2699 νοιαν
1150 2690 1158 2703 ,
1170 2671 1239 2706 ὅπερ
1271 2670 1319 2697 καὶ
1337 2671 1351 2696 ὁ
1373 2670 1413 2696 λα’
1428 2670 1474 2696 καὶ
1486 2670 1501 2696 ὁ
1517 2670 1560 2702 λς’
1579 2669 1669 2696 κανὼν
1695 2670 1742 2696 τοῦ
1771 2671 1854 2704 ἁγίου

829 2744 927 2775 Guill.
947 2743 1111 2784 Bcveregii
1133 2746 1228 2774 noue.

266 2803 305 2838 (ﬁl
327 2804 403 2841 opes
429 2805 483 2839 γὰρ
507 2805 613 2840 ἔχουσι
639 2806 802 2841 πρόφασιν.
831 2806 894 2834 "me
921 2808 1013 2838 verba,

231 2845 319 2874 usque
332 2839 364 2867 ad
376 2839 490 2868 θανάτου
506 2839 605 2876 αὖτῶν,
621 2839 671 2870 ms.
687 2842 831 2877 Bollpianu
846 2848 952 2878 atccpta
970 2851 1013 2871 τεο

1071 2808 1194 2835 fvrimus.
1215 2807 1280 2833 Nam
1296 2806 1322 2833 in
1337 2807 1454 2833 editione
1471 2805 1614 2833 Parisiensi
1631 2805 1824 2833 desiderantur
1845 2815 1853 2835 :

1068 2843 1113 2872 sed
1128 2844 1152 2871 in
1171 2841 1384 2870 Amerlva'hiano
1398 2841 1513 2875 a'iisquc
1528 2848 1591 2868 mss.
1607 2840 1743 2876 leguntur.
