1936 3105
59 185 113 217 εἵη

578 181 618 211 IN
639 179 724 211 CAN.
745 180 840 210 XCIII
863 180 968 212 CONC.
989 180 1029 211 IN
1049 179 1212 211 TRULLO.

1625 178 1679 212 834

60 239 201 268 Daedalon
237 238 459 276 θεσμοθετοῦςιν.
494 238 526 264 'll
566 237 634 272 ἄλλη
658 237 686 263 δὲ
714 236 791 263 οὐδέν
820 245 847 263 τι

912 236 1033 270 rjusmodi
1063 235 1192 270 allegare.
1222 235 1310 263 Simul
1327 236 1399 263 enim
1423 242 1456 263 ac
1478 242 1493 263 e
1521 234 1603 263 domo
1630 245 1679 264 sui

60 287 180 313 τοιοῦτον
206 285 409 321 προϐάλλεσθαι
425 283 547 311 δύναται.
575 283 651 316 Ἅμα
679 281 734 316 γὰρ
759 283 792 317 τῇ
814 282 847 309 ἐκ

61 332 111 366 τῆς
120 331 211 362 οὶκίας
227 331 312 365 αὐτῆς
323 330 498 365 ἀναχωρήσει
520 327 567 354 τοῦ
595 328 692 362 ἀνδρος
713 327 847 362 ἐγίνωσκε

61 378 111 413 τὴν
126 377 218 412 ἀφανῆ
232 376 327 403 τούτου
343 375 500 410 ἀποδημίαν
520 381 527 390 ⁸
546 374 593 401 καὶ
605 373 650 400 διὰ
678 373 759 399 τοῦτο
785 372 846 400 οὐδὲ

62 423 228 458 συγγνώμης
246 422 380 456 ἀξιοῦται.
401 422 471 456 Πρὸς
482 420 587 452 τούτοις
611 420 683 446 εἴποι
699 428 741 450 τις
755 419 791 450 ὡς
799 418 847 446 τοῦ

61 467 152 501 γάμου
168 467 215 494 τοῦ
228 467 374 502 γενομένου
394 466 464 502 μετὰ
478 466 523 493 τοῦ
532 464 758 500 καταλειφθέντος
772 464 848 500 παρὰ

62 514 115 548 τῆς
126 514 232 545 οἰκείας
263 513 381 548 συζύγου
403 512 451 539 καὶ
474 513 522 547 τῆς
542 510 687 546 ἐλευθέρας
708 510 846 544 γυναικὺς,

62 559 251 586 ἁνυποστάτου
264 559 350 590 ὕντος,
367 559 441 589 πιίος
452 557 531 592 λόγος
546 556 693 583 ὑπελίπετο
707 557 787 591 χάριν
801 555 851 583 τοῦ

65 605 104 639 μὴ
118 604 288 639 συναφθῆναι
303 604 389 639 αὐτὴν
402 603 488 639 ἑτέρῳ
502 603 589 638 ἀνδρὶ,
614 602 788 637 ἁγνοήσαοαν
803 601 850 628 καὶ

65 650 154 676 ταῦτα
175 651 220 677 τὸν
244 650 352 686 πρῶτον
369 649 457 684 γάμον
473 648 520 675 τοῦ
550 647 779 682 καταλειφθέντος
804 648 852 674 ἁν-

66 696 131 730 δρός
145 704 154 729 ς
171 695 278 728 Λύσις.
295 694 382 722 Τινῶν
399 695 532 729 λεγόντων
544 694 594 725 ὅτι,
611 693 664 720 κᾶν
691 694 798 729 μοιχεία
819 692 850 719 οὗ

63 742 163 776 γέγονε
179 741 255 777 παρὰ
266 742 315 775 τῆς
326 741 458 775 γυναικος
482 740 526 767 διὰ
550 739 600 775 τὴν
627 739 753 774 ἄγνοιαν,
783 739 852 766 ἀλλὰ

63 788 180 823 πορνεία
192 787 333 822 ἐτελέσθη,
349 787 398 813 καὶ
424 786 555 821 ὀφείλειή
581 785 754 821 πορνεύσασα
783 784 852 812 κατὰ

64 834 130 865 τοὺς
147 833 274 868 περὶτῆς
286 832 416 867 πορνείας
434 831 549 863 κανόνας
578 830 787 865 ὲπιτιμηθῆναι,
804 830 852 857 καὶ

64 879 110 906 διὰ
121 878 199 906 τοῦτο
212 878 279 914 μηδὲ
290 877 441 913 συζυγῆναι
455 877 543 912 ἀνδρὶ,
566 876 604 908 ὡς
625 876 678 908 ἔξω
703 875 770 902 οὖσα
798 876 852 902 τῶν

65 923 302 960 ἐκκλησιαστικῶν
318 922 469 959 περιϐόλων
483 931 490 938 ·
517 924 541 950 οἱ
567 921 689 957 Πατέρες
712 922 758 948 καὶ
775 921 854 948 τοῦτο

64 971 174 1002 λύοντες
191 970 295 1006 ἔφησαν
309 971 350 997 δτι
365 969 480 1005 πορνεία
492 969 542 1005 μὲν
556 969 669 1004 γέγονεν
687 976 695 984 ·
728 968 791 995 ἐπεὶ
824 967 853 994 δὲ

65 1017 83 1051 ἠ
98 1016 168 1052 γυνὴ
181 1016 212 1042 οὐ
231 1015 352 1051 πορνικῷ
371 1017 476 1050 τρόπῳ,
488 1015 556 1042 ἀλλὰ
567 1015 691 1050 νομίμως
718 1014 855 1049 συνεζύγη

65 1060 107 1096 τῷ
134 1060 352 1094 καταλειφθέντι,
384 1060 573 1096 πορνευόντων
608 1060 759 1095 ἐπιτιμίοις
805 1061 856 1086 οὐκ

66 1104 340 1137 ὗποπεσείται,ἁλλὰ
373 1105 423 1139 τῆς
456 1104 686 1140 ὲκκλησιαστικῆς
713 1104 856 1136 κοινωνίας

66 1152 261 1188 ἀξιωθήσεται.
291 1151 350 1178 Ἴνα
377 1151 405 1177 δὲ
430 1151 468 1186 μὴ
497 1151 593 1183 δόξωσι
615 1151 781 1186 προτρέπειν
808 1151 857 1183 τὰς

67 1198 204 1231 γυναῖκας
216 1196 334 1232 προς-τὸ
359 1195 602 1230 ἀνευλαϐέοτερον,
632 1194 710 1222 εἷπον
748 1195 858 1222 κάλλιον

68 1241 142 1270 εἶναι
165 1242 312 1278 ἡσυχάζειν
324 1243 419 1274 αὐτάς.
434 1243 494 1269 Κᾶν
518 1242 572 1277 γὰρ
608 1242 638 1269 ὲν
655 1242 751 1278 ἀγνοίᾳ
766 1241 858 1276 ἥμαρ-

68 1298 133 1315 ιιτον⁸
151 1289 210 1315 ἀλλ’
219 1288 281 1315 ὅσον
292 1289 322 1314 τὸ
335 1289 374 1320 είς
389 1288 475 1319 αὑτὰς
494 1288 605 1323 πρῶτος
616 1287 704 1322 γάμος
722 1285 859 1320 λογίζεται

69 1335 160 1362 ἑκεῖνο
174 1335 205 1361 τὺ
220 1334 415 1366 ἀνυπόστατον,
430 1333 476 1359 καὶ
496 1334 546 1360 οὐκ
572 1332 710 1367 ὀφείλουσι
733 1332 860 1366 δευτερο-

71 1382 209 1417 γαμῆσαι,
224 1381 248 1408 εί
264 1381 301 1416 μὴ
318 1381 459 1416 βούλονται
475 1380 531 1410 τοῖς
559 1378 614 1405 τῶν
629 1376 860 1413 δευτερογαμούν-

71 1437 128 1455 των
143 1428 290 1463 ἐπιτιμίοις
301 1428 460 1454 ὑποπεσεῖν.
472 1427 533 1453 Ἐτι
547 1426 683 1461 ἐρωτήσει
707 1433 759 1456 τις,
786 1423 859 1459 *Αρα

71 1475 123 1501 καὶ
136 1475 149 1500 ό
164 1474 213 1509 τὴν
228 1474 274 1500 τοῦ
303 1473 473 1508 στρατιώτου
490 1473 608 1506 γυναῖκα
623 1471 653 1497 ὲν
668 1471 767 1504 (ξιγνοίςι⁴
786 1470 855 1503 ἁγα-

72 1520 190 1555 γὸμενος
203 1519 444 1555 συγγνωσθήσεται
460 1517 586 1552 ςΛύσις.
599 1516 654 1544 Καὶ
685 1516 812 1552 μάλιστα.
829 1515 861 1541 El

899 282 1014 309 maritus
1030 282 1160 315 excessit,
1176 283 1309 309 incertam
1333 289 1442 317 quoqtte
1466 280 1526 315 ejus
1550 289 1611 310 esse
1634 283 1681 309 ab-

899 328 1019 355 sentiam
1033 328 1161 363 cognovit
1174 336 1181 354 :
1196 332 1222 354 et
1239 333 1382 362 propterea
1401 335 1435 356 ne
1450 328 1556 355 veniam
1570 328 1680 363 quidem

897 378 1028 400 uteretur.
1040 372 1080 400 Ad
1100 373 1156 400 lucc
1167 373 1270 401 dixerit
1283 374 1432 408 quispiam,
1447 374 1528 407 Quod
1542 382 1603 402 cum
1620 383 1681 402 ma-

898 418 1143 449 trimonium,cum
1168 426 1200 446 co
1226 420 1302 454 quia
1321 420 1432 458 propria
1459 427 1546 448 uxore
1571 421 1683 449 relictus

899 468 941 490 est
956 467 983 491 et
1000 463 1085 491 libera
1100 473 1149 492 seu
1166 465 1256 494 soluta
1275 467 1399 500 muliere,
1419 474 1473 494 non
1500 468 1588 503 possit
1614 475 1683 495 cun-

899 509 1008 542 sistere,
1027 518 1151 545 quamam
1167 512 1261 539 relicta
1277 517 1321 539 est
1337 513 1410 540 ratio
1425 513 1459 541 de
1475 520 1507 541 ea
1524 514 1601 542 alteri
1624 514 1684 541 viro

899 563 955 582 non
971 556 1175 590 eunjungenda,
1192 559 1310 586 maxime
1323 566 1384 585 cum
1400 558 1566 594 ignoraverit
1587 559 1685 586 ιιιοινί-

902 603 1023 629 monium
1050 602 1099 630 vl‘ri
1116 603 1162 638 qui
1180 603 1290 631 relictus
1310 605 1367 632 est?
1390 605 1506 633 So!utio.
1532 605 1600 633 Cum
1623 605 1686 640 qui-

901 646 963 674 dam
979 647 1113 681 dicerent,
1130 648 1203 683 quod
1218 649 1326 677 etiamsi
1340 658 1394 677 non
1413 650 1464 677 fuit
1479 650 1646 677 adulterium
1668 658 1683 677 a

902 692 1016 720 muliere
1026 693 1200 720 commissum
1220 700 1331 729 propter
1347 695 1542 730 ignorantiam,
1562 695 1683 723 admissa

902 742 944 764 est
961 741 1052 765 tamen
1068 737 1225 772 fornicatio,
1253 745 1281 767 et
1308 748 1369 767 cum
1391 742 1426 768 sit
1443 741 1586 773 fornicata,
1605 741 1687 768 debet

903 791 935 811 ex
952 784 1106 812 canonibtts
1120 784 1154 812 de
1169 785 1348 814 fornicatione
1361 787 1464 822 puniri,
1494 791 1522 814 et
1548 787 1609 815 ideo
1635 795 1686 815 nec

903 831 949 858 alii
965 831 1074 866 quidem
1089 832 1148 859 viro
1163 832 1304 868 conjungi,
1323 837 1353 860 ut
1366 841 1427 868 qua:
1446 833 1482 861 sit
1506 838 1583 861 extra
1600 833 1688 861 ambi-

871 883 890 910 Β
905 880 950 904 tus
976 877 1204 905 ecclesiasticos:
1221 877 1318 906 Patres
1342 878 1394 905 hoc
1418 878 1500 905 etiam
1527 878 1687 911 solventes,

905 922 1045 956 dixerunt,
1063 922 1136 958 quod
1155 923 1301 951 fornicatio
1322 923 1431 959 quidem
1457 925 1604 951 commissa
1623 929 1688 958 est;

906 968 953 997 sed
972 969 1101 1004 quoniam
1114 970 1225 1002 mulier,
1252 977 1305 997 non
1327 977 1403 998 more
1424 969 1613 1003 fornicatorio,
1641 970 1688 997 sed

906 1014 1027 1049 legitime
1062 1014 1098 1047 ei,
1129 1015 1176 1049 qui
1208 1015 1323 1043 relictus
1355 1019 1424 1047 eral,
1452 1015 1598 1050 conjuncta
1627 1015 1689 1048 fuit,

908 1066 1090 1088 scortatorum
1111 1068 1191 1096 paena
1207 1069 1259 1088 non
1280 1061 1426 1096 punietur;
1441 1062 1487 1089 sed
1508 1062 1589 1097 digna
1602 1062 1688 1089 eccle-

908 1107 1018 1135 siastica
1037 1107 1232 1134 communione
1251 1107 1419 1136 censebitur.
1436 1115 1486 1134 nee
1504 1108 1549 1134 alii
1562 1108 1691 1144 conjungi

909 1151 1111 1187 prohibebitur.
1126 1151 1165 1178 Ne
1182 1156 1272 1179 autem
1294 1152 1453 1179 viderentur
1469 1152 1565 1180 Patres
1591 1153 1693 1180 adhor-

911 1197 964 1224 tari
981 1198 1112 1226 mulieres
1130 1197 1163 1225 ad
1181 1198 1208 1225 id
1229 1198 1303 1233 quod
1325 1202 1368 1226 est
1393 1199 1484 1226 minus
1508 1199 1597 1233 pium,
1613 1199 1693 1227 diru—

910 1246 976 1269 runt
1008 1249 1071 1269 esse
1103 1242 1202 1270 melius
1229 1247 1260 1269 ut
1287 1243 1440 1278 quiescant.
1465 1242 1522 1271 Etsi
1546 1243 1618 1271 enim
1645 1251 1694 1278 per

911 1287 1094 1323 ignorantiam
1119 1292 1267 1323 peccarunt
1282 1297 1290 1316 :
1308 1288 1357 1317 sed
1369 1289 1442 1324 quod
1460 1288 1493 1316 ad
1515 1296 1562 1317 eas
1585 1290 1693 1324 quidem

911 1334 1033 1367 attinet,
1061 1334 1181 1369 primum
1217 1335 1421 1363 matrimonium
1454 1341 1597 1370 reputatur
1628 1336 1694 1364 illud

913 1380 987 1415 quod
1008 1387 1062 1407 non
1080 1385 1170 1415 potest
1193 1381 1358 1414 consistere,
1385 1388 1436 1408 nec
1459 1382 1558 1409 debent
1572 1383 1695 1410 secundo

912 1427 1026 1460 nubere,
1052 1427 1106 1454 nisi
1132 1426 1216 1453 velint
1243 1427 1334 1461 pennis
1351 1433 1458 1460 earum,
1488 1434 1548 1462 quae
1574 1429 1696 1456 secundo

913 1473 1029 1505 nubunt,
1047 1473 1158 1508 subjici.
1176 1474 1314 1500 Praeterea
1340 1473 1520 1508 interrogabit
1546 1473 1694 1508 quispiam.

913 1518 1050 1553 Numquid
1064 1524 1091 1546 et
1107 1519 1153 1554 qui
1181 1519 1276 1547 militis
1300 1527 1413 1546 uxorem
1442 1527 1489 1553 per
1517 1520 1696 1554 ignorantiam

72 1567 130 1601 γὰρ
138 1566 239 1601 ὠφελεῖ
258 1565 307 1601 τὴν
322 1566 442 1600 γυναῖκα
453 1566 586 1600 ήᾶγνοια,
599 1562 689 1597 πολλῷ
701 1562 802 1597 μᾶλλον
815 1561 858 1587 τὸν

913 1563 1003 1598 duxit,
1017 1563 1042 1592 ei
1059 1564 1137 1591 venia
1156 1563 1285 1591 dabitur?
1302 1563 1419 1591 Salutio.
1436 1563 1562 1591 Maxime.
1583 1565 1611 1592 Si
1623 1565 1696 1592 enim

72 1613 162 1648 ἄνδρα
182 1612 228 1639 τὸν
258 1611 360 1646 ταύτην
397 1610 569 1645 ἀγαγόμενον
606 1607 858 1643 ἁπροκριμάτιστον

75 1659 252 1694 συντηρήσει,
272 1658 310 1690 ὡς
331 1657 399 1693 μηδὲ
419 1657 517 1684 εἰδέναι
536 1654 689 1690 ὀφείλοντα.
711 1653 743 1680 Τί
758 1653 798 1686 δὲ,
813 1652 859 1679 τοῦ

76 1706 245 1741 στρατιώτου
255 1703 467 1739 αἱρετισαμένον
483 1702 533 1737 μὲν
548 1699 734 1728 ἁναλαὸέσῡαι
748 1699 798 1734 τὴν
819 1699 859 1725 ol-

75 1751 157 1778 κείαν
171 1751 317 1786 ὁμὸζογον,
329 1750 474 1784 γενήσεται
489 1747 523 1774 τὰ
537 1746 577 1782 τῷ
602 1745 696 1772 κανόνι
734 1743 860 1779 περιεχό-

77 1805 148 1832 μενιι
160 1804 168 1829 ;
188 1795 407 1830 ἁπαναινομᾶνου
423 1794 461 1825 δὲ,
473 1791 599 1827 οὐδαμῶς
609 1799 616 1806 ·
634 1789 777 1817 ἀλλ’ἐσται
791 1789 860 1823 αὐτὴ

77 1845 149 1879 μετὰ
166 1843 211 1868 τοῦ
228 1843 321 1876 ἐτέρου
340 1839 573 1876 συμϐιοτεύουσας
589 1838 695 1869 Λύσις.
720 1836 798 1862 Μετὰ
812 1835 861 1869 τὴν

75 1889 254 1925 ὑποστροψὴν
269 1887 317 1914 τοῦ
333 1886 515 1922 στρατιώτου,
531 1883 698 1911 ἀπεντεῦθεν
714 1881 862 1916 ὁδεύτερος

76 1939 167 1972 γάμος
186 1935 334 1961 διασπᾶται
351 1941 358 1948 ⁸
376 1936 422 1959 και
433 1933 457 1958 εἰ
475 1932 525 1966 μὲν
548 1930 619 1956 θέλει
652 1931 666 1956 ὁ
691 1927 862 1963 στρατιώτης

77 1980 172 2010 λαϐεῖν
184 1981 280 2016 αὐτὴν,
292 1979 347 2014 ἔχει
360 1979 403 2004 ἐπ’
416 1976 507 2008 ἁδείας
537 1975 617 2002 τοῦτο
632 1974 722 2001 ποιεῖν
742 1980 748 1988 ·
782 1973 807 1999 εὶ
833 1973 862 1998 δὲ

79 2028 131 2063 μὴ,
157 2025 218 2052 οὐδὲ
238 2025 307 2059 μετὰ
345 2022 392 2049 τοῦ
419 2022 545 2056 δευτέρου
580 2019 675 2055 ἀνδρὸς
696 2019 862 2053 συνοικήσει.

78 2071 189 2100 Μᾶλλον
203 2070 253 2105 μὲν
265 2067 312 2095 οὖν
323 2068 371 2094 καὶ
387 2067 411 2093 εί
427 2065 558 2101 ὲπιμείνῃ
579 2065 647 2099 μετὰ
665 2063 762 2090 τούτου
791 2070 862 2096 συμ-

79 2117 254 2148 ϐιοτεύουσα,
273 2113 438 2149 συγγνώμης
457 2113 507 2138 οὐκ
529 2111 723 2145 ἀξιωθήσεται,
736 2108 802 2136 ἀλλὰ
819 2108 865 2134 καὶ

78 2167 117 2197 ὡς
134 2163 256 2199 μοιχαλὶ⁵
275 2159 512 2196 τιμωρηθήσεται.
535 2158 658 2188 Ἐκείνας
675 2157 730 2191 γὰρ
740 2163 865 2189 συγγνω-

82 2209 222 2249 μονεῖσοαί
235 2217 317 2244 φασιν
336 2208 361 2234 οί
382 2205 573 2240 Πατέρες,τὰς
608 2202 724 2238 ἑτοίμως
748 2202 865 2249 dque-ra.-

82 2240 166 2294 μένας
176 2255 224 2282 τοῦ
241 2240 368 2289 δευτέρον
387 2249 566 2281 συνοικεσίου,
595 2250 641 2276 καὶ
670 2247 865 2282 συντιθεμένας
884 2240 904 2267 ι)

81 2293 120 2338 τῷ
136 2303 165 2335 ἐξ
177 2300 287 2335 ἀγνοίας
307 2299 488 2334 ἁμαρτήματι
510 2303 516 2310 ·
534 2297 563 2322 οὐ
578 2296 631 2330 μὴν
647 2294 696 2325 τὰς
733 2293 864 2338 ἀνθιστα-

83 2350 167 2384 μένας
182 2347 229 2374 καὶ
245 2346 293 2381 τὴν
312 2344 434 2379 μοιχείαν
445 2342 640 2378 προελομένας.
654 2338 802 2366 Κα¹ιταῦτα
815 2337 866 2372 μὲν

80 2397 95 2421 ὁ
113 2393 213 2421 κανών.
238 2391 267 2418 '0
280 2391 308 2418 δὲ
323 2389 461 2420 πολιτικὸς
475 2389 569 2423 νόμος,
582 2387 643 2421 ἦτοι
659 2385 690 2412 τὸ
710 2388 726 2411 ι’
739 2393 803 2418 κεφ.
818 2384 865 2410 τοῦ

83 2442 106 2472 ιζ’
124 2439 213 2465 τίτλον
227 2437 273 2464 τοῦ
289 2440 331 2471 κη’
343 2435 425 2471 ﬁdi)",
437 2435 506 2469 ὅπερ
521 2434 579 2459 ἐστὶ
595 2432 680 2466 νεαρὰ
711 2430 868 2457 Ἰουστινιά-

82 2492 155 2515 veto;
170 2482 232 2518 ριξ,
252 2482 320 2517 φησὶ
329 2483 374 2511 τὰς
389 2481 523 2514 γυναῖκας
538 2478 592 2504 τῶν
610 2478 639 2503 ὲν
658 2476 804 2508 ταξατιῶνι
821 2475 868 2501 δν-

82 2540 137 2557 των
159 2531 206 2556 καὶ
222 2527 366 2564 στρατείας
381 2523 609 2559 καταλεγομένων
629 2521 806 2558 στρατιωτῶν
820 2521 868 2547 καὶ

82 2578 187 2606 λοιπῶν
205 2575 363 2612 περιμένειν
378 2574 427 2609 τὴν
444 2571 592 2607 ἐπιδημίαν
605 2571 659 2597 τῶν
671 2570 790 2605 ἀνδρῶν,
806 2568 859 2596 κᾶν

82 2628 145 2656 ὅσος
159 2623 282 2659 παρέλθῃ
294 2621 406 2657 χρόνος¹
425 2620 471 2645 καὶ
488 2619 539 2645 κᾶν
555 2617 686 2649 δέξωνται
714 2616 867 2651 γράμματα

84 2672 311 2706 πληροφορητικα
325 2666 373 2693 τοῦ
387 2666 503 2692 θανάτου
530 2663 630 2695 αὐτῶν,
655 2663 804 2697 ἀναμένειν
821 2662 868 2688 καὶ

82 2720 179 2753 ἓτερον
197 2717 332 2747 ἐνιαυτὸν,
348 2714 396 2742 καὶ
413 2714 483 2748 μετὰ
495 2711 574 2738 τοῦτο
590 2711 779 2746 συγγνωστέον
796 2707 865 2736 εἶναι

83 2766 130 2792 τὸν
148 2763 217 2799 μετὰ
234 2762 328 2797 ἐτέρου
342 2760 439 2795 ἀνδρὸς
469 2760 558 2793 γάμον
585 2758 698 2792 ταᾲτης,
733 2758 770 2792 μὴ
793 2757 868 2791 ὀφεί-

83 2812 166 2837 λοντα
191 2807 402 2841 διασπασθῆναι.
425 2805 457 2831 Ἦ
476 2804 568 2839 μέντοι
593 2803 634 2838 κβ¹
656 2803 869 2834 Ὶουστινιάνειος

83 2856 250 2893 νεαρὰ,ἧτοι
270 2854 300 2879 τὸ
316 2855 335 2878 ε’
351 2860 414 2886 κεφ.
442 2851 489 2877 τοὺ
513 2850 533 2882 ς’
550 2850 640 2876 τίτλον
656 2849 703 2875 τοῦ
731 2847 774 2884 κη’
795 2848 868 2882 βιϐλ.

83 2902 233 2939 διορίζεται
259 2900 304 2926 ἐπὶ
317 2897 478 2925 πενταετίαν
493 2897 641 2931 ἀναμένειν
671 2896 719 2931 τὴν
745 2896 864 2929 γυναῖκχ

914 1609 1026 1643 prodest
1042 1608 1149 1648 mulieri
1167 1608 1334 1643 ignorantia,
1350 1609 1437 1636 multo
1452 1610 1537 1646 magis
1556 1615 1582 1637 et
1598 1609 1697 1643 virum,

914 1654 960 1689 qui
986 1661 1046 1682 earn
1074 1654 1162 1687 duxit,
1196 1654 1350 1682 indemnem
1381 1655 1512 1689 nulloque
1538 1655 1698 1690 praeiudicio

916 1699 1045 1727 allectum
1069 1701 1256 1732 conservabit,
1277 1705 1306 1727 ut
1322 1700 1368 1735 qui
1384 1708 1419 1728 ne
1434 1701 1506 1729 scire
1525 1701 1634 1736 quidem
1650 1702 1698 1729 de-

914 1745 985 1774 beat.
1004 1745 1074 1779 Quid
1097 1753 1174 1779 vero,
1190 1747 1213 1774 si
1229 1746 1307 1774 miles
1335 1754 1412 1774 suam
1443 1755 1554 1775 uxorem
1578 1748 1699 1783 recipere

914 1792 1045 1826 voluerit,
1062 1800 1096 1820 an
1118 1800 1150 1820 ea
1175 1793 1240 1821 [ient
1259 1801 1320 1827 quae
1336 1801 1442 1823 canone
1460 1796 1700 1830 comprehendu-

915 1837 979 1864 tur?
1005 1838 1053 1865 Sin
1081 1843 1173 1866 autem
1202 1844 1321 1872 recuset,
1347 1847 1538 1876 nequaquam;
1567 1841 1613 1868 sed
1639 1841 1699 1876 ipsa

916 1890 978 1909 cum
993 1883 1046 1910 alio
1068 1884 1151 1912 vitam
1181 1885 1335 1920 lransiget?
1350 1885 1467 1914 Salutio.
1492 1886 1556 1914 Post
1582 1886 1699 1914 reditum

917 1929 1024 1961 militis,
1057 1930 1158 1957 exinde
1187 1931 1339 1958 secundum
1368 1932 1573 1959 matrimonium
1602 1932 1702 1960 dissol-

919 1975 993 2002 vitur
1008 1983 1015 2002 :
1033 1979 1060 2002 et
1074 1975 1096 2002 si
1114 1975 1180 2002 velit
1197 1975 1308 2010 quidem
1327 1976 1405 2004 miles
1421 1984 1481 2003 eam
1509 1977 1659 2011 suscipere,
1675 1978 1699 2004 ei

918 2020 982 2047 licet
998 2021 1049 2047 boc
1063 2019 1164 2048 facere.
1182 2019 1230 2047 Sin
1244 2022 1346 2054 minus,
1362 2029 1413 2048 nec
1428 2029 1490 2049 cum
1507 2023 1628 2049 secundo
1640 2015 1702 2057 qiui-

917 2068 979 2094 dem
998 2067 1058 2094 viro
1072 2067 1249 2094 cohabitabit.
1264 2067 1348 2095 Multo
1364 2069 1451 2102 magis
1474 2073 1563 2095 autem
1587 2069 1609 2095 si
1638 2076 1700 2095 cum

918 2120 951 2140 eo
967 2113 1058 2140 vivere
1074 2113 1303 2148 perseveraverit,
1319 2113 1344 2140 ei
1359 2113 1436 2140 venia
1453 2120 1506 2140 non
1516 2112 1637 2145 dabitur,
1654 2115 1701 2141 sed

919 2164 948 2186 ut
964 2159 1087 2185 adultera
1106 2158 1246 2193 punietur.
1266 2158 1320 2185 Illis
1334 2159 1408 2186 enim
1427 2167 1488 2186 esse
1514 2159 1632 2186 dandam
1648 2161 1702 2192 ενο-

921 2193 994 2231 niam
1011 2204 1105 2231 dicunt
1120 2203 1228 2236 Patres.
1252 2212 1313 2239 qua:
1343 2211 1358 2231 a
1387 2205 1508 2232 secundo
1526 2205 1702 2232 matrimonio

921 2254 1046 2285 prompte
1060 2250 1201 2282 recedunt,
1220 2254 1247 2277 et
1263 2252 1425 2284 ignorantia:
1448 2255 1591 2284 peccatum
1617 2258 1702 2286 agno-

922 2300 1024 2324 scunt:
1049 2304 1101 2323 non
1121 2302 1213 2324 autem
1240 2303 1301 2331 quat
1317 2297 1451 2324 resistunt
1481 2300 1510 2324 et
1536 2297 1702 2324 adulterium

919 2342 1034 2377 eligunt.
1050 2342 1082 2369 Et
1099 2342 1156 2370 haec
1178 2342 1289 2376 quidem
1313 2349 1413 2370 canon.
1438 2342 1494 2370 Lex
1521 2349 1612 2370 autem
1627 2343 1704 2379 ,civi-

921 2387 966 2420 lis,
980 2386 1013 2414 10
1039 2387 1144 2415 scilicet
1172 2395 1233 2422 cap.
1249 2388 1264 2415 7
1291 2390 1333 2415 tit.
1349 2396 1432 2415 xxvnt
1457 2388 1517 2420 lib..
1542 2389 1616 2424 quod
1640 2389 1704 2424 qui-

921 2433 982 2460 dem
999 2437 1039 2460 est
1064 2433 1170 2460 novella
1192 2432 1294 2460 Justin.
1311 2434 1358 2461 H'l
1378 2434 1444 2461 dicit
1472 2443 1572 2462 uxores
1597 2440 1703 2467 eorum,

922 2479 966 2514 qui
982 2484 1047 2506 sunt
1078 2480 1104 2506 in
1130 2479 1199 2512 acie,
1226 2483 1253 2506 et
1281 2479 1308 2506 in
1338 2479 1473 2507 militares
1494 2480 1606 2508 ordines
1627 2481 1703 2507 relati

922 2528 998 2556 sunt,
1018 2524 1136 2550 militum
1162 2528 1188 2551 et
1216 2524 1395 2560 reliquorum,
1421 2525 1520 2553 debere
1545 2529 1705 2560 exspectare

922 2571 1082 2596 maritorum
1099 2570 1229 2602 reditum,
1249 2573 1496 2605 quantumcunque
1513 2576 1620 2605 tempus
1635 2577 1704 2605 pra:-

922 2616 1027 2644 terierit
1041 2625 1047 2643 :
1065 2623 1091 2644 et
1107 2617 1213 2644 etiamsi
1228 2617 1261 2644 de
1278 2618 1339 2652 ejus
1354 2621 1442 2644 morte
1455 2617 1556 2643 litteris
1569 2616 1702 2643 certiores
1730 2650 1735 2652 _

922 2663 1001 2691 facite
1032 2663 1158 2694 inerunt,
1191 2663 1291 2691 debere
1319 2670 1429 2698 quoque
1455 2664 1571 2689 altermn
1600 2669 1702 2688 annutn

922 2715 1093 2744 exspectare,
1110 2713 1137 2736 et
1158 2709 1181 2735 ei
1201 2713 1295 2743 postea
1312 2709 1418 2735 veniam
1437 2707 1554 2734 dandam
1580 2713 1652 2738 esse,
1678 2706 1702 2733 si

923 2763 985 2783 cum
999 2756 1053 2782 alio
1068 2763 1127 2782 Vll‘o
1146 2755 1350 2781 matrimonium
1366 2753 1525 2784 contrahat,
1550 2753 1622 2786 quod
1648 2759 1704 2779 non

923 2803 1002 2829 debet
1018 2801 1151 2836 separati.
1166 2799 1301 2827 Vicesima
1316 2803 1405 2825 autem
1419 2797 1538 2825 secunda
1555 2796 1703 2825 Justiniaui

925 2848 1050 2879 novella,
1069 2848 1127 2874 sive
1158 2846 1173 2873 5
1201 2850 1283 2880 caput
1308 2845 1322 2871 7
1348 2846 1392 2871 tit.
1424 2851 1506 2871 xxvm
1533 2844 1581 2871 lib.
1609 2845 1705 2872 statuit

923 2893 1114 2929 quinquennio
1132 2893 1230 2920 ότι)ωό
1245 2895 1405 2926 exspectare
1422 2891 1566 2920 mulierem
1587 2891 1629 2920 vel
1645 2898 1704 2919 tua.
