  <div class='ocr_page' id='page_1' title='image "/cluster/home/n/w/nwhite01/storage/ocr_20150623/137/njp.32101077773115/453.png"; bbox 0 0 1936 3105; ppageno 0'>
   <div class='ocr_carea' id='block_1_1' title="bbox 276 154 327 187">
    <p class='ocr_par' dir='ltr' id='par_1_1' title="bbox 276 154 327 187">
     <span class='ocr_line' id='line_1_1' title="bbox 276 154 327 187; baseline 0.02 -1"><span class='ocrx_word' id='word_1_1' title='bbox 276 154 327 187; x_wconf 72' lang='lat' dir='ltr'><strong>83E</strong></span> 
     </span>
    </p>
   </div>
   <div class='ocr_carea' id='block_1_2' title="bbox 277 205 1094 244">
    <p class='ocr_par' dir='ltr' id='par_1_2' title="bbox 277 205 1094 244">
     <span class='ocr_line' id='line_1_2' title="bbox 277 205 1094 244; baseline -0.005 -8"><span class='ocrx_word' id='word_1_2' title='bbox 277 209 372 241; x_wconf 76' lang='lat' dir='ltr'><strong>titum.</strong></span> <span class='ocrx_word' id='word_1_3' title='bbox 387 207 498 244; x_wconf 78' lang='lat' dir='ltr'><strong>quando</strong></span> <span class='ocrx_word' id='word_1_4' title='bbox 522 207 584 242; x_wconf 85' lang='lat' dir='ltr'><strong>quis</strong></span> <span class='ocrx_word' id='word_1_5' title='bbox 600 207 717 243; x_wconf 78' lang='lat' dir='ltr'><strong>exipsls</strong></span> <span class='ocrx_word' id='word_1_6' title='bbox 744 207 817 234; x_wconf 88' lang='lat' dir='ltr'><strong>bello</strong></span> <span class='ocrx_word' id='word_1_7' title='bbox 841 211 939 241; x_wconf 86' lang='lat' dir='ltr'><strong>captus</strong></span> <span class='ocrx_word' id='word_1_8' title='bbox 961 205 1054 237; x_wconf 75' lang='lat' dir='ltr'><strong>fuerit,</strong></span> <span class='ocrx_word' id='word_1_9' title='bbox 1073 208 1094 236; x_wconf 80' lang='grc' dir='ltr'>Α</span> 
     </span>
    </p>
   </div>
   <div class='ocr_carea' id='block_1_3' title="bbox 276 253 1059 288">
    <p class='ocr_par' dir='ltr' id='par_1_3' title="bbox 276 253 1059 288">
     <span class='ocr_line' id='line_1_3' title="bbox 276 253 1059 288; baseline -0.001 -7"><span class='ocrx_word' id='word_1_10' title='bbox 276 262 302 282; x_wconf 89' lang='lat' dir='ltr'><strong>et</strong></span> <span class='ocrx_word' id='word_1_11' title='bbox 333 263 367 282; x_wconf 90' lang='lat' dir='ltr'><strong>an</strong></span> <span class='ocrx_word' id='word_1_12' title='bbox 395 258 468 280; x_wconf 80' lang='lat' dir='ltr'><strong>vivat</strong></span> <span class='ocrx_word' id='word_1_13' title='bbox 493 255 629 281; x_wconf 88' lang='lat' dir='ltr'><strong>ittcertunt</strong></span> <span class='ocrx_word' id='word_1_14' title='bbox 663 259 732 281; x_wconf 87' lang='lat' dir='ltr'><strong>est:</strong></span> <span class='ocrx_word' id='word_1_15' title='bbox 759 258 820 288; x_wconf 81' lang='lat' dir='ltr'><strong>post</strong></span> <span class='ocrx_word' id='word_1_16' title='bbox 842 253 1059 288; x_wconf 88' lang='lat' dir='ltr'><strong>quinquennium</strong></span> 
     </span>
    </p>
   </div>
   <div class='ocr_carea' id='block_1_4' title="bbox 276 299 1060 335">
    <p class='ocr_par' dir='ltr' id='par_1_4' title="bbox 276 299 1060 335">
     <span class='ocr_line' id='line_1_4' title="bbox 276 299 1060 335; baseline 0 -8"><span class='ocrx_word' id='word_1_17' title='bbox 276 304 378 330; x_wconf 84' lang='lat' dir='ltr'><strong>autem,</strong></span> <span class='ocrx_word' id='word_1_18' title='bbox 408 299 523 326; x_wconf 90' lang='lat' dir='ltr'><strong>alterum</strong></span> <span class='ocrx_word' id='word_1_19' title='bbox 551 299 757 327; x_wconf 88' lang='lat' dir='ltr'><strong>matriutonium</strong></span> <span class='ocrx_word' id='word_1_20' title='bbox 787 299 963 327; x_wconf 81' lang='lat' dir='ltr'><strong>contrahere.</strong></span> <span class='ocrx_word' id='word_1_21' title='bbox 989 300 1060 335; x_wconf 75' lang='lat' dir='ltr'><strong>Lege</strong></span> 
     </span>
    </p>
   </div>
   <div class='ocr_carea' id='block_1_5' title="bbox 276 345 1060 381">
    <p class='ocr_par' dir='ltr' id='par_1_5' title="bbox 276 345 1060 381">
     <span class='ocr_line' id='line_1_5' title="bbox 276 345 1060 381; baseline 0 -8"><span class='ocrx_word' id='word_1_22' title='bbox 276 353 341 380; x_wconf 76' lang='lat' dir='ltr'><strong>ergo</strong></span> <span class='ocrx_word' id='word_1_23' title='bbox 357 346 428 373; x_wconf 88' lang='lat' dir='ltr'><strong>hanc</strong></span> <span class='ocrx_word' id='word_1_24' title='bbox 460 345 605 378; x_wconf 83' lang='lat' dir='ltr'><strong>novellam,</strong></span> <span class='ocrx_word' id='word_1_25' title='bbox 624 350 651 373; x_wconf 85' lang='lat' dir='ltr'><strong>et</strong></span> <span class='ocrx_word' id='word_1_26' title='bbox 676 346 710 373; x_wconf 78' lang='grc'><strong>55</strong></span> <span class='ocrx_word' id='word_1_27' title='bbox 740 345 805 381; x_wconf 91' lang='lat' dir='ltr'><strong>itttp.</strong></span> <span class='ocrx_word' id='word_1_28' title='bbox 833 345 936 374; x_wconf 87' lang='lat' dir='ltr'><strong>domini</strong></span> <span class='ocrx_word' id='word_1_29' title='bbox 962 345 1060 373; x_wconf 78' lang='lat' dir='ltr'><strong>Leonis</strong></span> 
     </span>
    </p>
   </div>
   <div class='ocr_carea' id='block_1_6' title="bbox 276 390 1060 426">
    <p class='ocr_par' dir='ltr' id='par_1_6' title="bbox 276 390 1060 426">
     <span class='ocr_line' id='line_1_6' title="bbox 276 390 1060 426; baseline 0.001 -9"><span class='ocrx_word' id='word_1_30' title='bbox 276 390 416 425; x_wconf 76' lang='lat' dir='ltr'><strong>Sapientis</strong></span> <span class='ocrx_word' id='word_1_31' title='bbox 436 391 569 418; x_wconf 78' lang='lat' dir='ltr'><strong>novellam</strong></span> <span class='ocrx_word' id='word_1_32' title='bbox 599 395 767 418; x_wconf 84' lang='lat' dir='ltr'><strong>statuetttcm</strong></span> <span class='ocrx_word' id='word_1_33' title='bbox 798 399 851 418; x_wconf 93' lang='lat' dir='ltr'><strong>non</strong></span> <span class='ocrx_word' id='word_1_34' title='bbox 881 391 965 419; x_wconf 82' lang='lat' dir='ltr'><strong>licere</strong></span> <span class='ocrx_word' id='word_1_35' title='bbox 990 398 1060 426; x_wconf 73' lang='lat' dir='ltr'><strong>prae-</strong></span> 
     </span>
    </p>
   </div>
   <div class='ocr_carea' id='block_1_7' title="bbox 277 436 1059 472">
    <p class='ocr_par' dir='ltr' id='par_1_7' title="bbox 277 436 1059 472">
     <span class='ocr_line' id='line_1_7' title="bbox 277 436 1059 472; baseline -0.001 -8"><span class='ocrx_word' id='word_1_36' title='bbox 277 441 354 464; x_wconf 74' lang='lat' dir='ltr'><strong>textu</strong></span> <span class='ocrx_word' id='word_1_37' title='bbox 372 436 542 472; x_wconf 82' lang='lat' dir='ltr'><strong>captivitatis</strong></span> <span class='ocrx_word' id='word_1_38' title='bbox 569 437 636 464; x_wconf 79' lang='lat' dir='ltr'><strong>solvi</strong></span> <span class='ocrx_word' id='word_1_39' title='bbox 656 436 870 467; x_wconf 82' lang='lat' dir='ltr'><strong>matrimonium,</strong></span> <span class='ocrx_word' id='word_1_40' title='bbox 895 444 946 463; x_wconf 91' lang='lat' dir='ltr'><strong>nec</strong></span> <span class='ocrx_word' id='word_1_41' title='bbox 976 436 1059 471; x_wconf 81' lang='lat' dir='ltr'><strong>parti,</strong></span> 
     </span>
    </p>
   </div>
   <div class='ocr_carea' id='block_1_8' title="bbox 275 481 1059 518">
    <p class='ocr_par' dir='ltr' id='par_1_8' title="bbox 275 481 1059 518">
     <span class='ocr_line' id='line_1_8' title="bbox 275 481 1059 518; baseline -0.001 -10"><span class='ocrx_word' id='word_1_42' title='bbox 275 491 336 518; x_wconf 80' lang='lat' dir='ltr'><strong>qua:</strong></span> <span class='ocrx_word' id='word_1_43' title='bbox 354 482 439 510; x_wconf 86' lang='lat' dir='ltr'><strong>libera</strong></span> <span class='ocrx_word' id='word_1_44' title='bbox 460 486 624 510; x_wconf 85' lang='lat' dir='ltr'><strong>conservata</strong></span> <span class='ocrx_word' id='word_1_45' title='bbox 640 487 694 514; x_wconf 83' lang='lat' dir='ltr'><strong>est,</strong></span> <span class='ocrx_word' id='word_1_46' title='bbox 713 483 794 509; x_wconf 89' lang='lat' dir='ltr'><strong>licere</strong></span> <span class='ocrx_word' id='word_1_47' title='bbox 817 481 900 516; x_wconf 75' lang='lat'><strong>239</strong></span> <span class='ocrx_word' id='word_1_48' title='bbox 929 481 962 508; x_wconf 84' lang='lat' dir='ltr'><strong>ad</strong></span> <span class='ocrx_word' id='word_1_49' title='bbox 988 481 1059 507; x_wconf 88' lang='lat' dir='ltr'><strong>alte-</strong></span> 
     </span>
    </p>
   </div>
   <div class='ocr_carea' id='block_1_9' title="bbox 274 526 1059 562">
    <p class='ocr_par' dir='ltr' id='par_1_9' title="bbox 274 526 1059 562">
     <span class='ocr_line' id='line_1_9' title="bbox 274 526 1059 562; baseline -0.003 -7"><span class='ocrx_word' id='word_1_50' title='bbox 274 536 334 555; x_wconf 89' lang='lat' dir='ltr'><strong>runt</strong></span> <span class='ocrx_word' id='word_1_51' title='bbox 357 529 561 556; x_wconf 77' lang='lat' dir='ltr'><strong>matrimonium</strong></span> <span class='ocrx_word' id='word_1_52' title='bbox 580 529 715 562; x_wconf 85' lang='lat' dir='ltr'><strong>respicere</strong></span> <span class='ocrx_word' id='word_1_53' title='bbox 732 537 738 555; x_wconf 89' lang='lat'>:</span> <span class='ocrx_word' id='word_1_54' title='bbox 758 528 806 555; x_wconf 87' lang='lat' dir='ltr'><strong>sed</strong></span> <span class='ocrx_word' id='word_1_55' title='bbox 823 532 851 554; x_wconf 87' lang='lat' dir='ltr'><strong>et</strong></span> <span class='ocrx_word' id='word_1_56' title='bbox 879 528 900 555; x_wconf 96' lang='lat' dir='ltr'><strong>si</strong></span> <span class='ocrx_word' id='word_1_57' title='bbox 927 527 972 554; x_wconf 90' lang='lat' dir='ltr'><strong>alii</strong></span> <span class='ocrx_word' id='word_1_58' title='bbox 992 526 1059 554; x_wconf 51' lang='lat' dir='ltr'><strong>con;</strong></span> 
     </span>
    </p>
   </div>
   <div class='ocr_carea' id='block_1_10' title="bbox 273 573 1060 609">
    <p class='ocr_par' dir='ltr' id='par_1_10' title="bbox 273 573 1060 609">
     <span class='ocr_line' id='line_1_10' title="bbox 273 573 1060 609; baseline -0.003 -8"><span class='ocrx_word' id='word_1_59' title='bbox 273 574 387 609; x_wconf 86' lang='lat' dir='ltr'><strong>junctus</strong></span> <span class='ocrx_word' id='word_1_60' title='bbox 405 573 496 606; x_wconf 87' lang='lat' dir='ltr'><strong>l&#39;tterit,</strong></span> <span class='ocrx_word' id='word_1_61' title='bbox 515 574 577 601; x_wconf 86' lang='lat' dir='ltr'><strong>licet</strong></span> <span class='ocrx_word' id='word_1_62' title='bbox 606 574 687 608; x_wconf 90' lang='lat' dir='ltr'><strong>parti,</strong></span> <span class='ocrx_word' id='word_1_63' title='bbox 705 581 765 608; x_wconf 58' lang='lat' dir='ltr'><strong>quae</strong></span> <span class='ocrx_word' id='word_1_64' title='bbox 787 581 820 600; x_wconf 82' lang='lat' dir='ltr'><strong>ex</strong></span> <span class='ocrx_word' id='word_1_65' title='bbox 844 573 1001 607; x_wconf 78' lang='lat' dir='ltr'><strong>captivitate</strong></span> <span class='ocrx_word' id='word_1_66' title='bbox 1016 580 1060 599; x_wconf 87' lang='lat' dir='ltr'><strong>re-</strong></span> 
     </span>
    </p>
   </div>
   <div class='ocr_carea' id='block_1_11' title="bbox 275 619 1057 654">
    <p class='ocr_par' dir='ltr' id='par_1_11' title="bbox 275 619 1057 654">
     <span class='ocr_line' id='line_1_11' title="bbox 275 619 1057 654; baseline 0 -9"><span class='ocrx_word' id='word_1_67' title='bbox 275 627 353 647; x_wconf 69' lang='lat' dir='ltr'><strong>versa</strong></span> <span class='ocrx_word' id='word_1_68' title='bbox 370 624 423 652; x_wconf 88' lang='lat' dir='ltr'><strong>est,</strong></span> <span class='ocrx_word' id='word_1_69' title='bbox 440 620 577 654; x_wconf 85' lang='lat' dir='ltr'><strong>proprium</strong></span> <span class='ocrx_word' id='word_1_70' title='bbox 593 620 746 646; x_wconf 85' lang='lat' dir='ltr'><strong>membrum</strong></span> <span class='ocrx_word' id='word_1_71' title='bbox 765 626 904 651; x_wconf 84' lang='lat' dir='ltr'><strong>revocare,</strong></span> <span class='ocrx_word' id='word_1_72' title='bbox 921 619 1057 646; x_wconf 86' lang='lat' dir='ltr'><strong>secundas</strong></span> 
     </span>
    </p>
   </div>
   <div class='ocr_carea' id='block_1_12' title="bbox 275 665 1058 701">
    <p class='ocr_par' dir='ltr' id='par_1_12' title="bbox 275 665 1058 701">
     <span class='ocr_line' id='line_1_12' title="bbox 275 665 1058 701; baseline 0 -8"><span class='ocrx_word' id='word_1_73' title='bbox 275 671 366 693; x_wconf 86' lang='lat' dir='ltr'><strong>autem</strong></span> <span class='ocrx_word' id='word_1_74' title='bbox 381 665 490 701; x_wconf 78' lang='lat' dir='ltr'><strong>nuptias</strong></span> <span class='ocrx_word' id='word_1_75' title='bbox 518 665 682 693; x_wconf 81' lang='lat' dir='ltr'><strong>di~traltcre.</strong></span> <span class='ocrx_word' id='word_1_76' title='bbox 704 665 772 692; x_wconf 83' lang='lat' dir='ltr'><strong>Cum</strong></span> <span class='ocrx_word' id='word_1_77' title='bbox 797 673 864 700; x_wconf 75' lang='lat' dir='ltr'><strong>ergo</strong></span> <span class='ocrx_word' id='word_1_78' title='bbox 894 673 984 692; x_wconf 89' lang='lat' dir='ltr'><strong>canon</strong></span> <span class='ocrx_word' id='word_1_79' title='bbox 1000 665 1058 693; x_wconf 74' lang='lat' dir='ltr'><strong>lliPC</strong></span> 
     </span>
    </p>
   </div>
   <div class='ocr_carea' id='block_1_13' title="bbox 274 711 1059 746">
    <p class='ocr_par' dir='ltr' id='par_1_13' title="bbox 274 711 1059 746">
     <span class='ocr_line' id='line_1_13' title="bbox 274 711 1059 746; baseline 0.001 -8"><span class='ocrx_word' id='word_1_80' title='bbox 274 713 366 738; x_wconf 87' lang='lat' dir='ltr'><strong>otnnia</strong></span> <span class='ocrx_word' id='word_1_81' title='bbox 383 712 525 742; x_wconf 84' lang='lat' dir='ltr'><strong>decernat.</strong></span> <span class='ocrx_word' id='word_1_82' title='bbox 537 719 597 745; x_wconf 65' lang='lat' dir='ltr'><strong>quae</strong></span> <span class='ocrx_word' id='word_1_83' title='bbox 612 711 741 745; x_wconf 84' lang='lat' dir='ltr'><strong>superius</strong></span> <span class='ocrx_word' id='word_1_84' title='bbox 756 711 827 738; x_wconf 75' lang='lat' dir='ltr'><strong>dicta</strong></span> <span class='ocrx_word' id='word_1_85' title='bbox 849 716 924 744; x_wconf 84' lang='lat' dir='ltr'><strong>sunt,</strong></span> <span class='ocrx_word' id='word_1_86' title='bbox 938 717 964 738; x_wconf 91' lang='lat' dir='ltr'><strong>et</strong></span> <span class='ocrx_word' id='word_1_87' title='bbox 987 711 1059 746; x_wconf 76' lang='lat' dir='ltr'><strong>leges</strong></span> 
     </span>
    </p>
   </div>
   <div class='ocr_carea' id='block_1_14' title="bbox 274 756 1058 792">
    <p class='ocr_par' dir='ltr' id='par_1_14' title="bbox 274 756 1058 792">
     <span class='ocr_line' id='line_1_14' title="bbox 274 756 1058 792; baseline 0.001 -9"><span class='ocrx_word' id='word_1_88' title='bbox 274 763 306 783; x_wconf 81' lang='lat' dir='ltr'><strong>ea</strong></span> <span class='ocrx_word' id='word_1_89' title='bbox 320 757 435 790; x_wconf 78' lang='lat' dir='ltr'><strong>jubeant</strong></span> <span class='ocrx_word' id='word_1_90' title='bbox 450 765 510 790; x_wconf 73' lang='lat' dir='ltr'><strong>qua:</strong></span> <span class='ocrx_word' id='word_1_91' title='bbox 529 756 653 791; x_wconf 68' lang='lat' dir='ltr'><strong>proxime</strong></span> <span class='ocrx_word' id='word_1_92' title='bbox 675 757 777 791; x_wconf 81' lang='lat' dir='ltr'><strong>scripta</strong></span> <span class='ocrx_word' id='word_1_93' title='bbox 803 761 879 788; x_wconf 73' lang='lat' dir='ltr'><strong>sunt.</strong></span> <span class='ocrx_word' id='word_1_94' title='bbox 906 757 1058 792; x_wconf 67' lang='lat' dir='ltr'><strong>interroga-</strong></span> 
     </span>
    </p>
   </div>
   <div class='ocr_carea' id='block_1_15' title="bbox 275 802 1056 836">
    <p class='ocr_par' dir='ltr' id='par_1_15' title="bbox 275 802 1056 836">
     <span class='ocr_line' id='line_1_15' title="bbox 275 802 1056 836; baseline 0.003 -8"><span class='ocrx_word' id='word_1_95' title='bbox 275 802 345 828; x_wconf 81' lang='lat' dir='ltr'><strong>verit</strong></span> <span class='ocrx_word' id='word_1_96' title='bbox 358 802 506 836; x_wconf 80' lang='lat' dir='ltr'><strong>quispiam,</strong></span> <span class='ocrx_word' id='word_1_97' title='bbox 531 804 542 829; x_wconf 92' lang='lat' dir='ltr'><strong>l</strong></span> <span class='ocrx_word' id='word_1_98' title='bbox 556 802 670 830; x_wconf 82' lang='lat' dir='ltr'><strong>trisnant</strong></span> <span class='ocrx_word' id='word_1_99' title='bbox 687 808 805 829; x_wconf 84' lang='lat' dir='ltr'><strong>mentem</strong></span> <span class='ocrx_word' id='word_1_100' title='bbox 822 803 953 830; x_wconf 83' lang='lat' dir='ltr'><strong>adhibere</strong></span> <span class='ocrx_word' id='word_1_101' title='bbox 974 803 1056 831; x_wconf 86' lang='lat' dir='ltr'><strong>debe-</strong></span> 
     </span>
    </p>
   </div>
   <div class='ocr_carea' id='block_1_16' title="bbox 275 847 1056 883">
    <p class='ocr_par' dir='ltr' id='par_1_16' title="bbox 275 847 1056 883">
     <span class='ocr_line' id='line_1_16' title="bbox 275 847 1056 883; baseline 0.005 -11"><span class='ocrx_word' id='word_1_102' title='bbox 275 847 355 874; x_wconf 79' lang='lat' dir='ltr'><strong>mus?</strong></span> <span class='ocrx_word' id='word_1_103' title='bbox 376 847 508 880; x_wconf 81' lang='lat' dir='ltr'><strong>Dicimus,</strong></span> <span class='ocrx_word' id='word_1_104' title='bbox 537 849 606 882; x_wconf 84' lang='lat' dir='ltr'><strong>quod</strong></span> <span class='ocrx_word' id='word_1_105' title='bbox 624 854 650 875; x_wconf 88' lang='lat' dir='ltr'><strong>et</strong></span> <span class='ocrx_word' id='word_1_106' title='bbox 673 848 707 876; x_wconf 89' lang='lat' dir='ltr'><strong>iis</strong></span> <span class='ocrx_word' id='word_1_107' title='bbox 732 855 792 883; x_wconf 72' lang='lat' dir='ltr'><strong>quan</strong></span> <span class='ocrx_word' id='word_1_108' title='bbox 814 849 920 876; x_wconf 89' lang='lat' dir='ltr'><strong>suntin</strong></span> <span class='ocrx_word' id='word_1_109' title='bbox 938 857 1056 880; x_wconf 84' lang='lat' dir='ltr'><strong>canone,</strong></span> 
     </span>
    </p>
   </div>
   <div class='ocr_carea' id='block_1_17' title="bbox 273 894 1056 928">
    <p class='ocr_par' dir='ltr' id='par_1_17' title="bbox 273 894 1056 928">
     <span class='ocr_line' id='line_1_17' title="bbox 273 894 1056 928; baseline 0.001 -8"><span class='ocrx_word' id='word_1_110' title='bbox 273 898 302 920; x_wconf 86' lang='lat' dir='ltr'><strong>et</strong></span> <span class='ocrx_word' id='word_1_111' title='bbox 321 901 379 927; x_wconf 62' lang='lat' dir='ltr'><strong>quae</strong></span> <span class='ocrx_word' id='word_1_112' title='bbox 394 897 456 920; x_wconf 89' lang='lat' dir='ltr'><strong>sunt</strong></span> <span class='ocrx_word' id='word_1_113' title='bbox 477 894 502 920; x_wconf 92' lang='lat' dir='ltr'><strong>in</strong></span> <span class='ocrx_word' id='word_1_114' title='bbox 520 894 586 927; x_wconf 78' lang='lat' dir='ltr'><strong>lege.</strong></span> <span class='ocrx_word' id='word_1_115' title='bbox 603 894 747 927; x_wconf 74' lang='lat' dir='ltr'><strong>unicuique</strong></span> <span class='ocrx_word' id='word_1_116' title='bbox 759 901 854 921; x_wconf 84' lang='lat' dir='ltr'><strong>eorum</strong></span> <span class='ocrx_word' id='word_1_117' title='bbox 869 899 1024 928; x_wconf 85' lang='lat' dir='ltr'><strong>opportune</strong></span> <span class='ocrx_word' id='word_1_118' title='bbox 1048 903 1056 922; x_wconf 88' lang='lat'><strong>:</strong></span> 
     </span>
    </p>
   </div>
   <div class='ocr_carea' id='block_1_18' title="bbox 276 939 1059 973">
    <p class='ocr_par' dir='ltr' id='par_1_18' title="bbox 276 939 1059 973">
     <span class='ocr_line' id='line_1_18' title="bbox 276 939 1059 973; baseline 0.004 -9"><span class='ocrx_word' id='word_1_119' title='bbox 276 943 304 965; x_wconf 85' lang='lat' dir='ltr'><strong>et</strong></span> <span class='ocrx_word' id='word_1_120' title='bbox 320 946 367 966; x_wconf 80' lang='lat' dir='ltr'><strong>cas</strong></span> <span class='ocrx_word' id='word_1_121' title='bbox 383 939 490 973; x_wconf 82' lang='lat' dir='ltr'><strong>quidem</strong></span> <span class='ocrx_word' id='word_1_122' title='bbox 510 947 542 965; x_wconf 82' lang='lat' dir='ltr'><strong>cx</strong></span> <span class='ocrx_word' id='word_1_123' title='bbox 558 946 663 966; x_wconf 84' lang='lat' dir='ltr'><strong>canone</strong></span> <span class='ocrx_word' id='word_1_124' title='bbox 681 939 820 966; x_wconf 79' lang='lat' dir='ltr'><strong>adulteras</strong></span> <span class='ocrx_word' id='word_1_125' title='bbox 833 947 895 967; x_wconf 85' lang='lat' dir='ltr'><strong>esse</strong></span> <span class='ocrx_word' id='word_1_126' title='bbox 908 940 1059 967; x_wconf 82' lang='lat' dir='ltr'><strong>dixerimus</strong></span> 
     </span>
    </p>
   </div>
   <div class='ocr_carea' id='block_1_19' title="bbox 274 983 1058 1020">
    <p class='ocr_par' dir='ltr' id='par_1_19' title="bbox 274 983 1058 1020">
     <span class='ocr_line' id='line_1_19' title="bbox 274 983 1058 1020; baseline 0.003 -11"><span class='ocrx_word' id='word_1_127' title='bbox 274 984 418 1016; x_wconf 76' lang='lat' dir='ltr'><strong>mulieros,</strong></span> <span class='ocrx_word' id='word_1_128' title='bbox 432 983 467 1011; x_wconf 90' lang='lat' dir='ltr'><strong>de</strong></span> <span class='ocrx_word' id='word_1_129' title='bbox 483 984 582 1018; x_wconf 84' lang='lat' dir='ltr'><strong>quibus</strong></span> <span class='ocrx_word' id='word_1_130' title='bbox 611 991 710 1016; x_wconf 89' lang='lat' dir='ltr'><strong>canon,</strong></span> <span class='ocrx_word' id='word_1_131' title='bbox 734 992 794 1019; x_wconf 67' lang='lat' dir='ltr'><strong>qua:</strong></span> <span class='ocrx_word' id='word_1_132' title='bbox 818 985 880 1013; x_wconf 88' lang='lat' dir='ltr'><strong>aliis</strong></span> <span class='ocrx_word' id='word_1_133' title='bbox 898 990 1058 1020; x_wconf 88' lang='lat' dir='ltr'><strong>nupserunt,</strong></span> 
     </span>
    </p>
   </div>
   <div class='ocr_carea' id='block_1_20' title="bbox 275 1027 1060 1062">
    <p class='ocr_par' dir='ltr' id='par_1_20' title="bbox 275 1027 1060 1062">
     <span class='ocr_line' id='line_1_20' title="bbox 275 1027 1060 1062; baseline 0.005 -9"><span class='ocrx_word' id='word_1_134' title='bbox 275 1027 436 1062; x_wconf 70' lang='lat' dir='ltr'><strong>priusquam</strong></span> <span class='ocrx_word' id='word_1_135' title='bbox 453 1029 533 1062; x_wconf 87' lang='lat' dir='ltr'><strong>plane</strong></span> <span class='ocrx_word' id='word_1_136' title='bbox 551 1029 687 1055; x_wconf 80' lang='lat' dir='ltr'><strong>certiores</strong></span> <span class='ocrx_word' id='word_1_137' title='bbox 701 1028 780 1056; x_wconf 66' lang='lat' dir='ltr'><strong>facta:</strong></span> <span class='ocrx_word' id='word_1_138' title='bbox 796 1028 899 1057; x_wconf 75' lang='lat' dir='ltr'><strong>fuerint</strong></span> <span class='ocrx_word' id='word_1_139' title='bbox 914 1029 948 1056; x_wconf 90' lang='lat' dir='ltr'><strong>de</strong></span> <span class='ocrx_word' id='word_1_140' title='bbox 971 1035 1060 1057; x_wconf 89' lang='lat' dir='ltr'><strong>morte</strong></span> 
     </span>
    </p>
   </div>
   <div class='ocr_carea' id='block_1_21' title="bbox 275 1073 1058 1110">
    <p class='ocr_par' dir='ltr' id='par_1_21' title="bbox 275 1073 1058 1110">
     <span class='ocr_line' id='line_1_21' title="bbox 275 1073 1058 1110; baseline 0.005 -11"><span class='ocrx_word' id='word_1_141' title='bbox 275 1073 439 1100; x_wconf 86' lang='lat' dir='ltr'><strong>maritorum</strong></span> <span class='ocrx_word' id='word_1_142' title='bbox 457 1081 582 1105; x_wconf 85' lang='lat' dir='ltr'><strong>suorum,</strong></span> <span class='ocrx_word' id='word_1_143' title='bbox 596 1074 642 1109; x_wconf 88' lang='lat' dir='ltr'><strong>qui</strong></span> <span class='ocrx_word' id='word_1_144' title='bbox 657 1081 711 1101; x_wconf 91' lang='lat' dir='ltr'><strong>non</strong></span> <span class='ocrx_word' id='word_1_145' title='bbox 731 1079 901 1110; x_wconf 83' lang='lat' dir='ltr'><strong>comparent.</strong></span> <span class='ocrx_word' id='word_1_146' title='bbox 918 1074 974 1102; x_wconf 88' lang='lat' dir='ltr'><strong>lloc</strong></span> <span class='ocrx_word' id='word_1_147' title='bbox 985 1078 1058 1104; x_wconf 88' lang='lat' dir='ltr'><strong>enim</strong></span> 
     </span>
    </p>
   </div>
   <div class='ocr_carea' id='block_1_22' title="bbox 276 1118 1059 1158">
    <p class='ocr_par' dir='ltr' id='par_1_22' title="bbox 276 1118 1059 1158">
     <span class='ocr_line' id='line_1_22' title="bbox 276 1118 1059 1158; baseline 0.008 -14"><span class='ocrx_word' id='word_1_148' title='bbox 276 1118 389 1145; x_wconf 74' lang='lat' dir='ltr'><strong>novella:</strong></span> <span class='ocrx_word' id='word_1_149' title='bbox 406 1126 513 1153; x_wconf 83' lang='lat' dir='ltr'><strong>quoque</strong></span> <span class='ocrx_word' id='word_1_150' title='bbox 525 1119 633 1153; x_wconf 84' lang='lat' dir='ltr'><strong>jubent.</strong></span> <span class='ocrx_word' id='word_1_151' title='bbox 646 1119 740 1147; x_wconf 78' lang='lat' dir='ltr'><strong>Militis</strong></span> <span class='ocrx_word' id='word_1_152' title='bbox 756 1124 844 1147; x_wconf 84' lang='lat' dir='ltr'><strong>autem</strong></span> <span class='ocrx_word' id='word_1_153' title='bbox 861 1124 986 1154; x_wconf 75' lang='lat' dir='ltr'><strong>uxorem,</strong></span> <span class='ocrx_word' id='word_1_154' title='bbox 1001 1130 1059 1158; x_wconf 74' lang='lat' dir='ltr'><strong>qua:</strong></span> 
     </span>
    </p>
   </div>
   <div class='ocr_carea' id='block_1_23' title="bbox 278 1164 1060 1200">
    <p class='ocr_par' dir='ltr' id='par_1_23' title="bbox 278 1164 1060 1200">
     <span class='ocr_line' id='line_1_23' title="bbox 278 1164 1060 1200; baseline 0.006 -9"><span class='ocrx_word' id='word_1_155' title='bbox 278 1172 332 1191; x_wconf 86' lang='lat' dir='ltr'><strong>non</strong></span> <span class='ocrx_word' id='word_1_156' title='bbox 347 1169 377 1192; x_wconf 87' lang='lat' dir='ltr'><strong>ut</strong></span> <span class='ocrx_word' id='word_1_157' title='bbox 396 1164 502 1191; x_wconf 82' lang='lat' dir='ltr'><strong>novella</strong></span> <span class='ocrx_word' id='word_1_158' title='bbox 518 1164 675 1192; x_wconf 86' lang='lat' dir='ltr'><strong>continetur</strong></span> <span class='ocrx_word' id='word_1_159' title='bbox 687 1167 823 1200; x_wconf 86' lang='lat' dir='ltr'><strong>nupserit,</strong></span> <span class='ocrx_word' id='word_1_160' title='bbox 837 1167 915 1194; x_wconf 76' lang='lat' dir='ltr'><strong>venia</strong></span> <span class='ocrx_word' id='word_1_161' title='bbox 929 1175 983 1195; x_wconf 89' lang='lat' dir='ltr'><strong>tton</strong></span> <span class='ocrx_word' id='word_1_162' title='bbox 997 1176 1060 1197; x_wconf 85' lang='lat' dir='ltr'><strong>esse</strong></span> 
     </span>
    </p>
   </div>
   <div class='ocr_carea' id='block_1_24' title="bbox 276 1211 1059 1248">
    <p class='ocr_par' dir='ltr' id='par_1_24' title="bbox 276 1211 1059 1248">
     <span class='ocr_line' id='line_1_24' title="bbox 276 1211 1059 1248; baseline 0.008 -12"><span class='ocrx_word' id='word_1_163' title='bbox 276 1211 387 1246; x_wconf 71' lang='lat' dir='ltr'><strong>dignam</strong></span> <span class='ocrx_word' id='word_1_164' title='bbox 406 1211 643 1244; x_wconf 80' lang='lat' dir='ltr'><strong>existimabimus;</strong></span> <span class='ocrx_word' id='word_1_165' title='bbox 665 1213 734 1239; x_wconf 83' lang='lat' dir='ltr'><strong>sicut</strong></span> <span class='ocrx_word' id='word_1_166' title='bbox 749 1216 776 1239; x_wconf 74' lang='lat' dir='ltr'><strong>et</strong></span> <span class='ocrx_word' id='word_1_167' title='bbox 795 1221 869 1245; x_wconf 88' lang='lat' dir='ltr'><strong>eam,</strong></span> <span class='ocrx_word' id='word_1_168' title='bbox 887 1221 946 1248; x_wconf 69' lang='lat' dir='ltr'><strong>quae</strong></span> <span class='ocrx_word' id='word_1_169' title='bbox 959 1221 1059 1242; x_wconf 90' lang='lat' dir='ltr'><strong>secun-</strong></span> 
     </span>
    </p>
   </div>
   <div class='ocr_carea' id='block_1_25' title="bbox 275 1256 1058 1291">
    <p class='ocr_par' dir='ltr' id='par_1_25' title="bbox 275 1256 1058 1291">
     <span class='ocr_line' id='line_1_25' title="bbox 275 1256 1058 1291; baseline 0.006 -9"><span class='ocrx_word' id='word_1_170' title='bbox 275 1257 341 1283; x_wconf 91' lang='lat' dir='ltr'><strong>dum</strong></span> <span class='ocrx_word' id='word_1_171' title='bbox 357 1257 431 1283; x_wconf 88' lang='lat' dir='ltr'><strong>illam</strong></span> <span class='ocrx_word' id='word_1_172' title='bbox 450 1256 556 1289; x_wconf 78' lang='lat' dir='ltr'><strong>iecerit,</strong></span> <span class='ocrx_word' id='word_1_173' title='bbox 575 1264 630 1283; x_wconf 86' lang='lat' dir='ltr'><strong>non</strong></span> <span class='ocrx_word' id='word_1_174' title='bbox 645 1257 890 1291; x_wconf 82' lang='lat' dir='ltr'><strong>reprehendemus.</strong></span> <span class='ocrx_word' id='word_1_175' title='bbox 906 1257 982 1291; x_wconf 83' lang='lat' dir='ltr'><strong>Quod</strong></span> <span class='ocrx_word' id='word_1_176' title='bbox 1007 1267 1058 1287; x_wconf 86' lang='lat' dir='ltr'><strong>au-</strong></span> 
     </span>
    </p>
   </div>
   <div class='ocr_carea' id='block_1_26' title="bbox 273 1302 1059 1333">
    <p class='ocr_par' dir='ltr' id='par_1_26' title="bbox 273 1302 1059 1333">
     <span class='ocr_line' id='line_1_26' title="bbox 273 1302 1059 1333; baseline 0.004 -3"><span class='ocrx_word' id='word_1_177' title='bbox 273 1308 328 1330; x_wconf 91' lang='lat' dir='ltr'><strong>tem</strong></span> <span class='ocrx_word' id='word_1_178' title='bbox 351 1303 430 1329; x_wconf 88' lang='lat' dir='ltr'><strong>liceat</strong></span> <span class='ocrx_word' id='word_1_179' title='bbox 444 1303 572 1330; x_wconf 90' lang='lat' dir='ltr'><strong>omnibus</strong></span> <span class='ocrx_word' id='word_1_180' title='bbox 587 1302 772 1330; x_wconf 79' lang='lat' dir='ltr'><strong>adulterarum</strong></span> <span class='ocrx_word' id='word_1_181' title='bbox 786 1304 930 1331; x_wconf 89' lang='lat' dir='ltr'><strong>mulierum</strong></span> <span class='ocrx_word' id='word_1_182' title='bbox 953 1305 1059 1333; x_wconf 80' lang='lat' dir='ltr'><strong>maritis</strong></span> 
     </span>
    </p>
   </div>
   <div class='ocr_carea' id='block_1_27' title="bbox 273 1347 1054 1385">
    <p class='ocr_par' dir='ltr' id='par_1_27' title="bbox 273 1347 1054 1385">
     <span class='ocr_line' id='line_1_27' title="bbox 273 1347 1054 1385; baseline 0.004 -10"><span class='ocrx_word' id='word_1_183' title='bbox 273 1356 322 1375; x_wconf 84' lang='lat' dir='ltr'><strong>eas</strong></span> <span class='ocrx_word' id='word_1_184' title='bbox 339 1347 459 1382; x_wconf 79' lang='lat' dir='ltr'><strong>retipere</strong></span> <span class='ocrx_word' id='word_1_185' title='bbox 473 1348 553 1375; x_wconf 86' lang='lat' dir='ltr'><strong>etiam</strong></span> <span class='ocrx_word' id='word_1_186' title='bbox 570 1352 633 1382; x_wconf 74' lang='lat' dir='ltr'><strong>post</strong></span> <span class='ocrx_word' id='word_1_187' title='bbox 651 1349 782 1380; x_wconf 84' lang='lat' dir='ltr'><strong>reditum,</strong></span> <span class='ocrx_word' id='word_1_188' title='bbox 797 1349 841 1376; x_wconf 84' lang='lat' dir='ltr'><strong>dic</strong></span> <span class='ocrx_word' id='word_1_189' title='bbox 857 1351 1054 1385; x_wconf 86' lang='lat' dir='ltr'><strong>communiter,</strong></span> 
     </span>
    </p>
   </div>
   <div class='ocr_carea' id='block_1_28' title="bbox 273 1392 1058 1427">
    <p class='ocr_par' dir='ltr' id='par_1_28' title="bbox 273 1392 1058 1427">
     <span class='ocr_line' id='line_1_28' title="bbox 273 1392 1058 1427; baseline 0.005 -8"><span class='ocrx_word' id='word_1_190' title='bbox 273 1397 301 1420; x_wconf 87' lang='lat' dir='ltr'><strong>et</strong></span> <span class='ocrx_word' id='word_1_191' title='bbox 313 1400 366 1420; x_wconf 91' lang='lat' dir='ltr'><strong>non</strong></span> <span class='ocrx_word' id='word_1_192' title='bbox 386 1393 412 1420; x_wconf 91' lang='lat' dir='ltr'><strong>in</strong></span> <span class='ocrx_word' id='word_1_193' title='bbox 426 1393 484 1420; x_wconf 79' lang='lat' dir='ltr'><strong>sola</strong></span> <span class='ocrx_word' id='word_1_194' title='bbox 505 1392 600 1421; x_wconf 78' lang='lat' dir='ltr'><strong>militis</strong></span> <span class='ocrx_word' id='word_1_195' title='bbox 617 1401 717 1427; x_wconf 78' lang='lat' dir='ltr'><strong>uxore,</strong></span> <span class='ocrx_word' id='word_1_196' title='bbox 738 1399 768 1421; x_wconf 93' lang='lat' dir='ltr'><strong>ut</strong></span> <span class='ocrx_word' id='word_1_197' title='bbox 784 1394 857 1421; x_wconf 86' lang='lat' dir='ltr'><strong>dicta</strong></span> <span class='ocrx_word' id='word_1_198' title='bbox 877 1395 926 1422; x_wconf 83' lang='lat' dir='ltr'><strong>H7</strong></span> <span class='ocrx_word' id='word_1_199' title='bbox 952 1396 1058 1423; x_wconf 87' lang='lat' dir='ltr'><strong>novella</strong></span> 
     </span>
    </p>
   </div>
   <div class='ocr_carea' id='block_1_29' title="bbox 273 1438 1057 1475">
    <p class='ocr_par' dir='ltr' id='par_1_29' title="bbox 273 1438 1057 1475">
     <span class='ocr_line' id='line_1_29' title="bbox 273 1438 1057 1475; baseline 0.004 -9"><span class='ocrx_word' id='word_1_200' title='bbox 273 1438 528 1474; x_wconf 55' lang='lat' dir='ltr'><strong>continuumque:</strong></span> <span class='ocrx_word' id='word_1_201' title='bbox 557 1439 665 1466; x_wconf 83' lang='lat' dir='ltr'><strong>redacta</strong></span> <span class='ocrx_word' id='word_1_202' title='bbox 699 1444 741 1467; x_wconf 90' lang='lat' dir='ltr'><strong>est</strong></span> <span class='ocrx_word' id='word_1_203' title='bbox 765 1439 792 1466; x_wconf 93' lang='lat' dir='ltr'><strong>in</strong></span> <span class='ocrx_word' id='word_1_204' title='bbox 819 1447 878 1475; x_wconf 81' lang='lat' dir='ltr'><strong>cap.</strong></span> <span class='ocrx_word' id='word_1_205' title='bbox 909 1441 936 1473; x_wconf 76' lang='grc'><strong>5.</strong></span> <span class='ocrx_word' id='word_1_206' title='bbox 967 1442 1000 1469; x_wconf 72' lang='grc'><strong>15</strong></span> <span class='ocrx_word' id='word_1_207' title='bbox 1014 1442 1057 1469; x_wconf 81' lang='lat' dir='ltr'><strong>tit.</strong></span> 
     </span>
    </p>
   </div>
   <div class='ocr_carea' id='block_1_30' title="bbox 274 1482 1055 1520">
    <p class='ocr_par' dir='ltr' id='par_1_30' title="bbox 274 1482 1055 1520">
     <span class='ocr_line' id='line_1_30' title="bbox 274 1482 1055 1520; baseline 0.006 -12"><span class='ocrx_word' id='word_1_208' title='bbox 274 1483 419 1517; x_wconf 63' lang='lat' dir='ltr'><strong>praesentis</strong></span> <span class='ocrx_word' id='word_1_209' title='bbox 433 1483 534 1517; x_wconf 78' lang='lat' dir='ltr'><strong>operis.</strong></span> <span class='ocrx_word' id='word_1_210' title='bbox 561 1482 696 1515; x_wconf 85' lang='lat' dir='ltr'><strong>Quoniam</strong></span> <span class='ocrx_word' id='word_1_211' title='bbox 722 1489 812 1511; x_wconf 89' lang='lat' dir='ltr'><strong>autem</strong></span> <span class='ocrx_word' id='word_1_212' title='bbox 832 1491 920 1512; x_wconf 87' lang='lat' dir='ltr'><strong>canon</strong></span> <span class='ocrx_word' id='word_1_213' title='bbox 947 1485 1055 1520; x_wconf 89' lang='lat' dir='ltr'><strong>quidem</strong></span> 
     </span>
    </p>
   </div>
   <div class='ocr_carea' id='block_1_31' title="bbox 276 1527 1056 1562">
    <p class='ocr_par' dir='ltr' id='par_1_31' title="bbox 276 1527 1056 1562">
     <span class='ocr_line' id='line_1_31' title="bbox 276 1527 1056 1562; baseline 0.006 -9"><span class='ocrx_word' id='word_1_214' title='bbox 276 1527 311 1554; x_wconf 88' lang='lat' dir='ltr'><strong>de</strong></span> <span class='ocrx_word' id='word_1_215' title='bbox 327 1527 443 1562; x_wconf 77' lang='lat' dir='ltr'><strong>captivis</strong></span> <span class='ocrx_word' id='word_1_216' title='bbox 460 1527 530 1555; x_wconf 89' lang='lat' dir='ltr'><strong>nihil</strong></span> <span class='ocrx_word' id='word_1_217' title='bbox 542 1528 696 1561; x_wconf 86' lang='lat' dir='ltr'><strong>constituit,</strong></span> <span class='ocrx_word' id='word_1_218' title='bbox 713 1528 785 1555; x_wconf 90' lang='lat' dir='ltr'><strong>dicta</strong></span> <span class='ocrx_word' id='word_1_219' title='bbox 802 1533 893 1557; x_wconf 81' lang='lat' dir='ltr'><strong>autent</strong></span> <span class='ocrx_word' id='word_1_220' title='bbox 908 1529 1056 1558; x_wconf 82' lang='lat' dir='ltr'><strong>.lustiniani</strong></span> 
     </span>
    </p>
   </div>
   <div class='ocr_carea' id='block_1_32' title="bbox 275 1552 1095 1608">
    <p class='ocr_par' dir='ltr' id='par_1_32' title="bbox 275 1552 1095 1608">
     <span class='ocr_line' id='line_1_32' title="bbox 275 1552 1095 1608; baseline 0.006 -9"><span class='ocrx_word' id='word_1_221' title='bbox 275 1552 382 1600; x_wconf 54' lang='lat' dir='ltr'><strong>ttovellra</strong></span> <span class='ocrx_word' id='word_1_222' title='bbox 399 1573 497 1600; x_wconf 88' lang='lat' dir='ltr'><strong>statuit</strong></span> <span class='ocrx_word' id='word_1_223' title='bbox 517 1573 707 1608; x_wconf 79' lang='lat' dir='ltr'><strong>quinquennio</strong></span> <span class='ocrx_word' id='word_1_224' title='bbox 718 1579 879 1608; x_wconf 65' lang='lat' dir='ltr'><strong>exspectare</strong></span> <span class='ocrx_word' id='word_1_225' title='bbox 893 1574 994 1604; x_wconf 83' lang='lat' dir='ltr'><strong>debere</strong></span> <span class='ocrx_word' id='word_1_226' title='bbox 1016 1583 1059 1604; x_wconf 81' lang='lat' dir='ltr'><strong>re-</strong></span> <span class='ocrx_word' id='word_1_227' title='bbox 1071 1552 1095 1585; x_wconf 68' lang='grc' dir='ltr'>α</span> 
     </span>
    </p>
   </div>
   <div class='ocr_carea' id='block_1_33' title="bbox 275 1618 1059 1656">
    <p class='ocr_par' dir='ltr' id='par_1_33' title="bbox 275 1618 1059 1656">
     <span class='ocr_line' id='line_1_33' title="bbox 275 1618 1059 1656; baseline 0.006 -12"><span class='ocrx_word' id='word_1_228' title='bbox 275 1618 367 1645; x_wconf 81' lang='lat' dir='ltr'><strong>lietatn</strong></span> <span class='ocrx_word' id='word_1_229' title='bbox 387 1623 492 1653; x_wconf 78' lang='lat' dir='ltr'><strong>partem</strong></span> <span class='ocrx_word' id='word_1_230' title='bbox 511 1618 638 1651; x_wconf 84' lang='lat' dir='ltr'><strong>liberam,</strong></span> <span class='ocrx_word' id='word_1_231' title='bbox 653 1622 681 1646; x_wconf 91' lang='lat' dir='ltr'><strong>et</strong></span> <span class='ocrx_word' id='word_1_232' title='bbox 694 1620 735 1647; x_wconf 79' lang='lat' dir='ltr'><strong>sic</strong></span> <span class='ocrx_word' id='word_1_233' title='bbox 748 1620 808 1647; x_wconf 88' lang='lat' dir='ltr'><strong>sine</strong></span> <span class='ocrx_word' id='word_1_234' title='bbox 826 1620 879 1648; x_wconf 89' lang='lat' dir='ltr'><strong>ullo</strong></span> <span class='ocrx_word' id='word_1_235' title='bbox 901 1622 1059 1656; x_wconf 69' lang='lat' dir='ltr'><strong>praeiudicio</strong></span> 
     </span>
    </p>
   </div>
   <div class='ocr_carea' id='block_1_34' title="bbox 274 1664 1057 1703">
    <p class='ocr_par' dir='ltr' id='par_1_34' title="bbox 274 1664 1057 1703">
     <span class='ocr_line' id='line_1_34' title="bbox 274 1664 1057 1703; baseline 0.008 -13"><span class='ocrx_word' id='word_1_236' title='bbox 274 1664 388 1691; x_wconf 83' lang='lat' dir='ltr'><strong>alterunt</strong></span> <span class='ocrx_word' id='word_1_237' title='bbox 423 1664 626 1691; x_wconf 88' lang='lat' dir='ltr'><strong>matrimonium</strong></span> <span class='ocrx_word' id='word_1_238' title='bbox 659 1666 841 1699; x_wconf 81' lang='lat' dir='ltr'><strong>contrahere;</strong></span> <span class='ocrx_word' id='word_1_239' title='bbox 870 1668 914 1695; x_wconf 86' lang='lat' dir='ltr'><strong>cui</strong></span> <span class='ocrx_word' id='word_1_240' title='bbox 946 1669 1057 1703; x_wconf 88' lang='lat' dir='ltr'><strong>quidem</strong></span> 
     </span>
    </p>
   </div>
   <div class='ocr_carea' id='block_1_35' title="bbox 273 1709 1058 1748">
    <p class='ocr_par' dir='ltr' id='par_1_35' title="bbox 273 1709 1058 1748">
     <span class='ocr_line' id='line_1_35' title="bbox 273 1709 1058 1748; baseline 0.008 -12"><span class='ocrx_word' id='word_1_241' title='bbox 273 1709 427 1737; x_wconf 77' lang='lat' dir='ltr'><strong>deﬁnitioni</strong></span> <span class='ocrx_word' id='word_1_242' title='bbox 461 1709 622 1739; x_wconf 83' lang='lat' dir='ltr'><strong>adversatur</strong></span> <span class='ocrx_word' id='word_1_243' title='bbox 648 1710 683 1738; x_wconf 76' lang='lat'><strong>53</strong></span> <span class='ocrx_word' id='word_1_244' title='bbox 711 1712 817 1738; x_wconf 81' lang='lat' dir='ltr'><strong>novella</strong></span> <span class='ocrx_word' id='word_1_245' title='bbox 858 1712 924 1748; x_wconf 86' lang='lat' dir='ltr'><strong>imp.</strong></span> <span class='ocrx_word' id='word_1_246' title='bbox 955 1715 1058 1742; x_wconf 90' lang='lat' dir='ltr'><strong>domitt&#39;i</strong></span> 
     </span>
    </p>
   </div>
   <div class='ocr_carea' id='block_1_36' title="bbox 277 1755 1056 1796">
    <p class='ocr_par' dir='ltr' id='par_1_36' title="bbox 277 1755 1056 1796">
     <span class='ocr_line' id='line_1_36' title="bbox 277 1755 1056 1796; baseline 0.009 -14"><span class='ocrx_word' id='word_1_247' title='bbox 277 1755 376 1783; x_wconf 83' lang='lat' dir='ltr'><strong>Leonis</strong></span> <span class='ocrx_word' id='word_1_248' title='bbox 396 1755 546 1790; x_wconf 84' lang='lat' dir='ltr'><strong>Sapientis,</strong></span> <span class='ocrx_word' id='word_1_249' title='bbox 566 1763 628 1790; x_wconf 65' lang='lat' dir='ltr'><strong>quae</strong></span> <span class='ocrx_word' id='word_1_250' title='bbox 644 1756 710 1784; x_wconf 92' lang='lat' dir='ltr'><strong>dicit</strong></span> <span class='ocrx_word' id='word_1_251' title='bbox 726 1757 896 1793; x_wconf 72' lang='lat' dir='ltr'><strong>indistinCIe,</strong></span> <span class='ocrx_word' id='word_1_252' title='bbox 909 1761 1056 1796; x_wconf 83' lang='lat' dir='ltr'><strong>captivum,</strong></span> 
     </span>
    </p>
   </div>
   <div class='ocr_carea' id='block_1_37' title="bbox 274 1799 1058 1838">
    <p class='ocr_par' dir='ltr' id='par_1_37' title="bbox 274 1799 1058 1838">
     <span class='ocr_line' id='line_1_37' title="bbox 274 1799 1058 1838; baseline 0.011 -13"><span class='ocrx_word' id='word_1_253' title='bbox 274 1799 322 1834; x_wconf 84' lang='lat' dir='ltr'><strong>qui</strong></span> <span class='ocrx_word' id='word_1_254' title='bbox 340 1808 467 1828; x_wconf 78' lang='lat' dir='ltr'><strong>reversus</strong></span> <span class='ocrx_word' id='word_1_255' title='bbox 481 1804 523 1828; x_wconf 81' lang='lat' dir='ltr'><strong>est</strong></span> <span class='ocrx_word' id='word_1_256' title='bbox 537 1808 646 1836; x_wconf 88' lang='lat' dir='ltr'><strong>semper</strong></span> <span class='ocrx_word' id='word_1_257' title='bbox 670 1809 798 1830; x_wconf 88' lang='lat' dir='ltr'><strong>revocare</strong></span> <span class='ocrx_word' id='word_1_258' title='bbox 813 1804 953 1838; x_wconf 85' lang='lat' dir='ltr'><strong>proprium</strong></span> <span class='ocrx_word' id='word_1_259' title='bbox 972 1813 1058 1834; x_wconf 84' lang='lat' dir='ltr'><strong>mem-</strong></span> 
     </span>
    </p>
   </div>
   <div class='ocr_carea' id='block_1_38' title="bbox 275 1844 1057 1884">
    <p class='ocr_par' dir='ltr' id='par_1_38' title="bbox 275 1844 1057 1884">
     <span class='ocr_line' id='line_1_38' title="bbox 275 1844 1057 1884; baseline 0.013 -14"><span class='ocrx_word' id='word_1_260' title='bbox 275 1844 355 1871; x_wconf 85' lang='lat' dir='ltr'><strong>brum</strong></span> <span class='ocrx_word' id='word_1_261' title='bbox 371 1853 378 1871; x_wconf 92' lang='lat'><strong>:</strong></span> <span class='ocrx_word' id='word_1_262' title='bbox 395 1845 439 1872; x_wconf 88' lang='lat' dir='ltr'><strong>die</strong></span> <span class='ocrx_word' id='word_1_263' title='bbox 455 1844 604 1873; x_wconf 66' lang='lat' dir='ltr'><strong>Iustiniani</strong></span> <span class='ocrx_word' id='word_1_264' title='bbox 622 1847 758 1874; x_wconf 82' lang='lat' dir='ltr'><strong>novellam</strong></span> <span class='ocrx_word' id='word_1_265' title='bbox 775 1848 933 1884; x_wconf 81' lang='lat' dir='ltr'><strong>abrogatam</strong></span> <span class='ocrx_word' id='word_1_266' title='bbox 957 1858 1019 1879; x_wconf 88' lang='lat' dir='ltr'><strong>esse</strong></span> <span class='ocrx_word' id='word_1_267' title='bbox 1041 1859 1057 1880; x_wconf 82' lang='lat' dir='ltr'><strong>a</strong></span> 
     </span>
    </p>
   </div>
   <div class='ocr_carea' id='block_1_39' title="bbox 273 1890 1057 1928">
    <p class='ocr_par' dir='ltr' id='par_1_39' title="bbox 273 1890 1057 1928">
     <span class='ocr_line' id='line_1_39' title="bbox 273 1890 1057 1928; baseline 0.009 -11"><span class='ocrx_word' id='word_1_268' title='bbox 273 1890 347 1917; x_wconf 89' lang='lat' dir='ltr'><strong>dicta</strong></span> <span class='ocrx_word' id='word_1_269' title='bbox 365 1891 472 1918; x_wconf 82' lang='lat' dir='ltr'><strong>novella</strong></span> <span class='ocrx_word' id='word_1_270' title='bbox 491 1891 556 1925; x_wconf 90' lang='lat' dir='ltr'><strong>imp.</strong></span> <span class='ocrx_word' id='word_1_271' title='bbox 575 1891 679 1918; x_wconf 90' lang='lat' dir='ltr'><strong>domini</strong></span> <span class='ocrx_word' id='word_1_272' title='bbox 694 1892 794 1920; x_wconf 89' lang='lat' dir='ltr'><strong>Leonis</strong></span> <span class='ocrx_word' id='word_1_273' title='bbox 810 1893 958 1928; x_wconf 85' lang='lat' dir='ltr'><strong>Sapientis.</strong></span> <span class='ocrx_word' id='word_1_274' title='bbox 984 1895 1057 1924; x_wconf 55' lang='lat' dir='ltr'><strong>Prae-</strong></span> 
     </span>
    </p>
   </div>
   <div class='ocr_carea' id='block_1_40' title="bbox 273 1937 1055 1974">
    <p class='ocr_par' dir='ltr' id='par_1_40' title="bbox 273 1937 1055 1974">
     <span class='ocr_line' id='line_1_40' title="bbox 273 1937 1055 1974; baseline 0.009 -12"><span class='ocrx_word' id='word_1_275' title='bbox 273 1941 348 1963; x_wconf 79' lang='lat' dir='ltr'><strong>terea</strong></span> <span class='ocrx_word' id='word_1_276' title='bbox 378 1944 410 1963; x_wconf 85' lang='lat' dir='ltr'><strong>ne</strong></span> <span class='ocrx_word' id='word_1_277' title='bbox 441 1937 491 1963; x_wconf 92' lang='lat' dir='ltr'><strong>tibi</strong></span> <span class='ocrx_word' id='word_1_278' title='bbox 521 1937 692 1964; x_wconf 87' lang='lat' dir='ltr'><strong>contrarium</strong></span> <span class='ocrx_word' id='word_1_279' title='bbox 720 1938 846 1966; x_wconf 83' lang='lat' dir='ltr'><strong>videatur</strong></span> <span class='ocrx_word' id='word_1_280' title='bbox 875 1942 1055 1974; x_wconf 86' lang='lat' dir='ltr'><strong>penultimum</strong></span> 
     </span>
    </p>
   </div>
   <div class='ocr_carea' id='block_1_41' title="bbox 272 1982 1057 2017">
    <p class='ocr_par' dir='ltr' id='par_1_41' title="bbox 272 1982 1057 2017">
     <span class='ocr_line' id='line_1_41' title="bbox 272 1982 1057 2017; baseline 0.009 -9"><span class='ocrx_word' id='word_1_281' title='bbox 272 1982 363 2008; x_wconf 81' lang='lat' dir='ltr'><strong>thema</strong></span> <span class='ocrx_word' id='word_1_282' title='bbox 380 1982 422 2015; x_wconf 83' lang='grc' dir='ltr'>Η,</span> <span class='ocrx_word' id='word_1_283' title='bbox 435 1990 495 2017; x_wconf 81' lang='lat' dir='ltr'><strong>cap.</strong></span> <span class='ocrx_word' id='word_1_284' title='bbox 510 1982 544 2010; x_wconf 78' lang='grc'><strong>57</strong></span> <span class='ocrx_word' id='word_1_285' title='bbox 571 1983 613 2010; x_wconf 88' lang='lat' dir='ltr'><strong>tit.</strong></span> <span class='ocrx_word' id='word_1_286' title='bbox 632 1991 665 2010; x_wconf 69' lang='grc' dir='ltr'><strong>ιχ</strong></span> <span class='ocrx_word' id='word_1_287' title='bbox 693 1983 740 2011; x_wconf 88' lang='lat' dir='ltr'><strong>lib.</strong></span> <span class='ocrx_word' id='word_1_288' title='bbox 757 1985 851 2013; x_wconf 90' lang='lat' dir='ltr'><strong>dicens</strong></span> <span class='ocrx_word' id='word_1_289' title='bbox 868 1995 874 2012; x_wconf 92' lang='lat'><strong>:</strong></span> <span class='ocrx_word' id='word_1_290' title='bbox 895 1987 923 2013; x_wconf 76' lang='lat' dir='ltr'><strong>Si</strong></span> <span class='ocrx_word' id='word_1_291' title='bbox 937 1987 982 2014; x_wconf 89' lang='lat' dir='ltr'><strong>dttt</strong></span> <span class='ocrx_word' id='word_1_292' title='bbox 1008 1989 1057 2016; x_wconf 91' lang='lat' dir='ltr'><strong>ab-</strong></span> 
     </span>
    </p>
   </div>
   <div class='ocr_carea' id='block_1_42' title="bbox 274 2027 1057 2065">
    <p class='ocr_par' dir='ltr' id='par_1_42' title="bbox 274 2027 1057 2065">
     <span class='ocr_line' id='line_1_42' title="bbox 274 2027 1057 2065; baseline 0.011 -14"><span class='ocrx_word' id='word_1_293' title='bbox 274 2031 379 2053; x_wconf 85' lang='lat' dir='ltr'><strong>sentem</strong></span> <span class='ocrx_word' id='word_1_294' title='bbox 403 2027 494 2053; x_wconf 85' lang='lat' dir='ltr'><strong>virum</strong></span> <span class='ocrx_word' id='word_1_295' title='bbox 522 2027 591 2055; x_wconf 80' lang='lat' dir='ltr'><strong>falso</strong></span> <span class='ocrx_word' id='word_1_296' title='bbox 606 2028 720 2062; x_wconf 87' lang='lat' dir='ltr'><strong>periisse</strong></span> <span class='ocrx_word' id='word_1_297' title='bbox 746 2029 844 2057; x_wconf 86' lang='lat' dir='ltr'><strong>mulier</strong></span> <span class='ocrx_word' id='word_1_298' title='bbox 863 2031 1009 2065; x_wconf 85' lang='lat' dir='ltr'><strong>audiverit,</strong></span> <span class='ocrx_word' id='word_1_299' title='bbox 1029 2037 1057 2060; x_wconf 83' lang='lat' dir='ltr'><strong>et</strong></span> 
     </span>
    </p>
   </div>
   <div class='ocr_carea' id='block_1_43' title="bbox 275 2071 1059 2113">
    <p class='ocr_par' dir='ltr' id='par_1_43' title="bbox 275 2071 1059 2113">
     <span class='ocr_line' id='line_1_43' title="bbox 275 2071 1059 2113; baseline 0.011 -15"><span class='ocrx_word' id='word_1_300' title='bbox 275 2071 347 2099; x_wconf 78' lang='lat' dir='ltr'><strong>fama</strong></span> <span class='ocrx_word' id='word_1_301' title='bbox 363 2079 493 2106; x_wconf 86' lang='lat' dir='ltr'><strong>persuasa</strong></span> <span class='ocrx_word' id='word_1_302' title='bbox 509 2073 555 2099; x_wconf 86' lang='lat' dir='ltr'><strong>alii</strong></span> <span class='ocrx_word' id='word_1_303' title='bbox 572 2081 602 2100; x_wconf 84' lang='lat' dir='ltr'><strong>se</strong></span> <span class='ocrx_word' id='word_1_304' title='bbox 615 2074 674 2101; x_wconf 73' lang='lat' dir='ltr'><strong>sine</strong></span> <span class='ocrx_word' id='word_1_305' title='bbox 692 2073 756 2102; x_wconf 90' lang='lat' dir='ltr'><strong>dolo</strong></span> <span class='ocrx_word' id='word_1_306' title='bbox 776 2076 951 2104; x_wconf 84' lang='lat' dir='ltr'><strong>matrimonio</strong></span> <span class='ocrx_word' id='word_1_307' title='bbox 962 2078 1059 2113; x_wconf 82' lang='lat' dir='ltr'><strong>junxe-</strong></span> 
     </span>
    </p>
   </div>
   <div class='ocr_carea' id='block_1_44' title="bbox 274 2117 1058 2159">
    <p class='ocr_par' dir='ltr' id='par_1_44' title="bbox 274 2117 1058 2159">
     <span class='ocr_line' id='line_1_44' title="bbox 274 2117 1058 2159; baseline 0.011 -16"><span class='ocrx_word' id='word_1_308' title='bbox 274 2117 322 2149; x_wconf 86' lang='lat' dir='ltr'><strong>rit,</strong></span> <span class='ocrx_word' id='word_1_309' title='bbox 339 2125 393 2144; x_wconf 91' lang='lat' dir='ltr'><strong>non</strong></span> <span class='ocrx_word' id='word_1_310' title='bbox 413 2118 536 2152; x_wconf 90' lang='lat' dir='ltr'><strong>puttitur.</strong></span> <span class='ocrx_word' id='word_1_311' title='bbox 553 2117 607 2145; x_wconf 84' lang='lat' dir='ltr'><strong>Sed</strong></span> <span class='ocrx_word' id='word_1_312' title='bbox 633 2118 679 2146; x_wconf 88' lang='lat' dir='ltr'><strong>dic</strong></span> <span class='ocrx_word' id='word_1_313' title='bbox 696 2119 749 2146; x_wconf 90' lang='lat' dir='ltr'><strong>ltoc</strong></span> <span class='ocrx_word' id='word_1_314' title='bbox 773 2128 835 2148; x_wconf 86' lang='lat' dir='ltr'><strong>esse</strong></span> <span class='ocrx_word' id='word_1_315' title='bbox 857 2121 918 2156; x_wconf 88' lang='lat' dir='ltr'><strong>jure</strong></span> <span class='ocrx_word' id='word_1_316' title='bbox 939 2124 1058 2159; x_wconf 74' lang='lat' dir='ltr'><strong>digesto-</strong></span> 
     </span>
    </p>
   </div>
   <div class='ocr_carea' id='block_1_45' title="bbox 273 2162 949 2202">
    <p class='ocr_par' dir='ltr' id='par_1_45' title="bbox 273 2162 949 2202">
     <span class='ocr_line' id='line_1_45' title="bbox 273 2162 949 2202; baseline 0.01 -14"><span class='ocrx_word' id='word_1_317' title='bbox 273 2169 347 2194; x_wconf 82' lang='lat' dir='ltr'><strong>rum,</strong></span> <span class='ocrx_word' id='word_1_318' title='bbox 362 2167 390 2188; x_wconf 88' lang='lat' dir='ltr'><strong>et</strong></span> <span class='ocrx_word' id='word_1_319' title='bbox 406 2169 421 2188; x_wconf 85' lang='lat' dir='ltr'><strong>a</strong></span> <span class='ocrx_word' id='word_1_320' title='bbox 433 2162 515 2189; x_wconf 78' lang='lat' dir='ltr'><strong>dictis</strong></span> <span class='ocrx_word' id='word_1_321' title='bbox 534 2163 649 2190; x_wconf 86' lang='lat' dir='ltr'><strong>novellis</strong></span> <span class='ocrx_word' id='word_1_322' title='bbox 663 2171 726 2192; x_wconf 78' lang='lat' dir='ltr'><strong>esse</strong></span> <span class='ocrx_word' id='word_1_323' title='bbox 741 2165 895 2194; x_wconf 81' lang='lat' dir='ltr'><strong>sublatum.</strong></span> <span class='ocrx_word' id='word_1_324' title='bbox 946 2196 949 2202; x_wconf 60' lang='grc'><em>,</em></span> 
     </span>
    </p>
   </div>
   <div class='ocr_carea' id='block_1_46' title="bbox 890 150 1251 183">
    <p class='ocr_par' dir='ltr' id='par_1_46' title="bbox 890 150 1251 183">
     <span class='ocr_line' id='line_1_46' title="bbox 890 150 1251 183; baseline -0.008 0"><span class='ocrx_word' id='word_1_325' title='bbox 890 153 1028 183; x_wconf 86' lang='lat' dir='ltr'><strong>THEOD.</strong></span> <span class='ocrx_word' id='word_1_326' title='bbox 1051 150 1251 182; x_wconf 76' lang='lat' dir='ltr'><strong>BALSAMON</strong></span> 
     </span>
    </p>
   </div>
   <div class='ocr_carea' id='block_1_47' title="bbox 1871 148 1918 181">
    <p class='ocr_par' dir='ltr' id='par_1_47' title="bbox 1871 148 1918 181">
     <span class='ocr_line' id='line_1_47' title="bbox 1871 148 1918 181; baseline -0.064 0"><span class='ocrx_word' id='word_1_327' title='bbox 1871 148 1918 181; x_wconf 61' lang='lat'><strong>83$</strong></span> 
     </span>
    </p>
   </div>
   <div class='ocr_carea' id='block_1_48' title="bbox 1110 202 1918 239">
    <p class='ocr_par' dir='ltr' id='par_1_48' title="bbox 1110 202 1918 239">
     <span class='ocr_line' id='line_1_48' title="bbox 1110 202 1918 239; baseline -0.001 -9"><span class='ocrx_word' id='word_1_328' title='bbox 1110 204 1183 239; x_wconf 83' lang='grc' dir='ltr'>ἢτδν</span> <span class='ocrx_word' id='word_1_329' title='bbox 1198 205 1294 239; x_wconf 76' lang='grc' dir='ltr'>ἄνδρα,</span> <span class='ocrx_word' id='word_1_330' title='bbox 1313 203 1378 230; x_wconf 78' lang='grc' dir='ltr'>ὅταν</span> <span class='ocrx_word' id='word_1_331' title='bbox 1393 211 1434 235; x_wconf 78' lang='grc' dir='ltr'><strong>τις</strong></span> <span class='ocrx_word' id='word_1_332' title='bbox 1447 203 1476 236; x_wconf 77' lang='grc' dir='ltr'><strong>ἐξ</strong></span> <span class='ocrx_word' id='word_1_333' title='bbox 1491 203 1582 231; x_wconf 81' lang='grc' dir='ltr'>αὐτῶν</span> <span class='ocrx_word' id='word_1_334' title='bbox 1600 202 1839 239; x_wconf 73' lang='grc' dir='ltr'>αῖχμαλωτισθῇ,</span> <span class='ocrx_word' id='word_1_335' title='bbox 1875 205 1918 230; x_wconf 75' lang='grc' dir='ltr'><strong>καὶ</strong></span> 
     </span>
    </p>
   </div>
   <div class='ocr_carea' id='block_1_49' title="bbox 1111 248 1918 284">
    <p class='ocr_par' dir='ltr' id='par_1_49' title="bbox 1111 248 1918 284">
     <span class='ocr_line' id='line_1_49' title="bbox 1111 248 1918 284; baseline -0.002 -8"><span class='ocrx_word' id='word_1_336' title='bbox 1111 249 1208 284; x_wconf 79' lang='grc' dir='ltr'>ἀδηλὶα</span> <span class='ocrx_word' id='word_1_337' title='bbox 1231 250 1290 275; x_wconf 67' lang='grc' dir='ltr'>ἐστὶ</span> <span class='ocrx_word' id='word_1_338' title='bbox 1317 250 1365 284; x_wconf 79' lang='grc' dir='ltr'>τῆς</span> <span class='ocrx_word' id='word_1_339' title='bbox 1389 248 1495 276; x_wconf 56' lang='grc' dir='ltr'>τούτιυι</span> <span class='ocrx_word' id='word_1_340' title='bbox 1514 249 1597 283; x_wconf 80' lang='grc' dir='ltr'>ζωῆς,</span> <span class='ocrx_word' id='word_1_341' title='bbox 1614 249 1683 283; x_wconf 86' lang='grc' dir='ltr'><strong>μετά</strong></span> <span class='ocrx_word' id='word_1_342' title='bbox 1708 248 1738 275; x_wconf 79' lang='grc' dir='ltr'>δὲ</span> <span class='ocrx_word' id='word_1_343' title='bbox 1766 249 1831 283; x_wconf 77' lang='grc' dir='ltr'>τὴν</span> <span class='ocrx_word' id='word_1_344' title='bbox 1853 257 1918 275; x_wconf 83' lang='grc' dir='ltr'>πεν-</span> 
     </span>
    </p>
   </div>
   <div class='ocr_carea' id='block_1_50' title="bbox 1110 293 1918 330">
    <p class='ocr_par' dir='ltr' id='par_1_50' title="bbox 1110 293 1918 330">
     <span class='ocr_line' id='line_1_50' title="bbox 1110 293 1918 330; baseline 0 -8"><span class='ocrx_word' id='word_1_345' title='bbox 1110 295 1222 322; x_wconf 84' lang='grc' dir='ltr'>ταετίαν</span> <span class='ocrx_word' id='word_1_346' title='bbox 1239 295 1334 330; x_wconf 75' lang='grc' dir='ltr'>ἕτερον</span> <span class='ocrx_word' id='word_1_347' title='bbox 1351 294 1544 321; x_wconf 76' lang='grc' dir='ltr'><strong>συναλλάττειν</strong></span> <span class='ocrx_word' id='word_1_348' title='bbox 1559 294 1659 329; x_wconf 81' lang='grc' dir='ltr'><strong>γάμον.</strong></span> <span class='ocrx_word' id='word_1_349' title='bbox 1683 294 1855 329; x_wconf 69' lang='grc' dir='ltr'>*Ανάγνωθι</span> <span class='ocrx_word' id='word_1_350' title='bbox 1873 293 1918 322; x_wconf 72' lang='grc' dir='ltr'>οὖν</span> 
     </span>
    </p>
   </div>
   <div class='ocr_carea' id='block_1_51' title="bbox 1110 340 1916 377">
    <p class='ocr_par' dir='ltr' id='par_1_51' title="bbox 1110 340 1916 377">
     <span class='ocr_line' id='line_1_51' title="bbox 1110 340 1916 377; baseline 0 -9"><span class='ocrx_word' id='word_1_351' title='bbox 1110 341 1161 376; x_wconf 84' lang='grc' dir='ltr'>τὴν</span> <span class='ocrx_word' id='word_1_352' title='bbox 1176 341 1306 376; x_wconf 83' lang='grc' dir='ltr'>τοιαύτην</span> <span class='ocrx_word' id='word_1_353' title='bbox 1319 341 1433 376; x_wconf 78' lang='grc' dir='ltr'>νεαρὰν,</span> <span class='ocrx_word' id='word_1_354' title='bbox 1454 340 1587 371; x_wconf 71' lang='grc' dir='ltr'>ὡσαύτως</span> <span class='ocrx_word' id='word_1_355' title='bbox 1605 341 1652 367; x_wconf 80' lang='grc' dir='ltr'>καὶ</span> <span class='ocrx_word' id='word_1_356' title='bbox 1677 340 1728 376; x_wconf 77' lang='grc' dir='ltr'>τὴν</span> <span class='ocrx_word' id='word_1_357' title='bbox 1739 341 1787 376; x_wconf 81' lang='grc' dir='ltr'>λγ¹</span> <span class='ocrx_word' id='word_1_358' title='bbox 1806 343 1916 377; x_wconf 74' lang='grc' dir='ltr'>νεαρὰν</span> 
     </span>
    </p>
   </div>
   <div class='ocr_carea' id='block_1_52' title="bbox 1110 386 1916 423">
    <p class='ocr_par' dir='ltr' id='par_1_52' title="bbox 1110 386 1916 423">
     <span class='ocr_line' id='line_1_52' title="bbox 1110 386 1916 423; baseline 0 -9"><span class='ocrx_word' id='word_1_359' title='bbox 1110 386 1160 414; x_wconf 79' lang='grc' dir='ltr'>τοῦ</span> <span class='ocrx_word' id='word_1_360' title='bbox 1174 386 1309 423; x_wconf 80' lang='grc' dir='ltr'>βασιλέως</span> <span class='ocrx_word' id='word_1_361' title='bbox 1323 386 1409 421; x_wconf 82' lang='grc' dir='ltr'>κυροῦ</span> <span class='ocrx_word' id='word_1_362' title='bbox 1424 386 1541 417; x_wconf 81' lang='grc' dir='ltr'>Λέοντος</span> <span class='ocrx_word' id='word_1_363' title='bbox 1567 386 1615 413; x_wconf 84' lang='grc' dir='ltr'><strong>τοῦ</strong></span> <span class='ocrx_word' id='word_1_364' title='bbox 1627 387 1726 421; x_wconf 78' lang='grc' dir='ltr'><strong>Σοφοῦ,</strong></span> <span class='ocrx_word' id='word_1_365' title='bbox 1742 387 1916 422; x_wconf 80' lang='grc' dir='ltr'>διοριζομέ-</span> 
     </span>
    </p>
   </div>
   <div class='ocr_carea' id='block_1_53' title="bbox 1110 431 1913 468">
    <p class='ocr_par' dir='ltr' id='par_1_53' title="bbox 1110 431 1913 468">
     <span class='ocr_line' id='line_1_53' title="bbox 1110 431 1913 468; baseline -0.004 -8"><span class='ocrx_word' id='word_1_366' title='bbox 1110 441 1159 467; x_wconf 85' lang='grc' dir='ltr'><strong>νην</strong></span> <span class='ocrx_word' id='word_1_367' title='bbox 1174 432 1212 467; x_wconf 77' lang='grc' dir='ltr'>μὴ</span> <span class='ocrx_word' id='word_1_368' title='bbox 1223 431 1337 459; x_wconf 83' lang='grc' dir='ltr'>λύεσθαι</span> <span class='ocrx_word' id='word_1_369' title='bbox 1353 431 1490 466; x_wconf 76' lang='grc' dir='ltr'>προφάσει</span> <span class='ocrx_word' id='word_1_370' title='bbox 1504 432 1555 466; x_wconf 82' lang='grc' dir='ltr'>τῆς</span> <span class='ocrx_word' id='word_1_371' title='bbox 1579 432 1774 468; x_wconf 75' lang='grc' dir='ltr'><strong>αἰχμαλωσίας</strong></span> <span class='ocrx_word' id='word_1_372' title='bbox 1807 433 1913 468; x_wconf 63' lang='grc' dir='ltr'>γάμον,</span> 
     </span>
    </p>
   </div>
   <div class='ocr_carea' id='block_1_54' title="bbox 1112 477 1912 515">
    <p class='ocr_par' dir='ltr' id='par_1_54' title="bbox 1112 477 1912 515">
     <span class='ocr_line' id='line_1_54' title="bbox 1112 477 1912 515; baseline 0.001 -11"><span class='ocrx_word' id='word_1_373' title='bbox 1112 479 1180 513; x_wconf 79' lang='grc' dir='ltr'>μηδὲ</span> <span class='ocrx_word' id='word_1_374' title='bbox 1192 478 1231 514; x_wconf 84' lang='grc' dir='ltr'><strong>τῷ</strong></span> <span class='ocrx_word' id='word_1_375' title='bbox 1248 477 1382 513; x_wconf 75' lang='grc' dir='ltr'>ἐλευθέρῳ</span> <span class='ocrx_word' id='word_1_376' title='bbox 1398 478 1597 514; x_wconf 84' lang='grc' dir='ltr'>συντηρηθέντι</span> <span class='ocrx_word' id='word_1_377' title='bbox 1612 479 1692 514; x_wconf 80' lang='grc' dir='ltr'><strong>μέρει</strong></span> <span class='ocrx_word' id='word_1_378' title='bbox 1713 478 1829 512; x_wconf 67' lang='grc' dir='ltr'>ἐξεῖναι</span> <span class='ocrx_word' id='word_1_379' title='bbox 1847 481 1912 515; x_wconf 68' lang='grc' dir='ltr'>πρὶς</span> 
     </span>
    </p>
   </div>
   <div class='ocr_carea' id='block_1_55' title="bbox 1108 523 1909 561">
    <p class='ocr_par' dir='ltr' id='par_1_55' title="bbox 1108 523 1909 561">
     <span class='ocr_line' id='line_1_55' title="bbox 1108 523 1909 561; baseline 0.002 -11"><span class='ocrx_word' id='word_1_380' title='bbox 1108 524 1203 559; x_wconf 71' lang='grc' dir='ltr'>ἓτερον</span> <span class='ocrx_word' id='word_1_381' title='bbox 1218 523 1323 550; x_wconf 75' lang='grc' dir='ltr'>ῖπιδεῖν</span> <span class='ocrx_word' id='word_1_382' title='bbox 1339 523 1507 550; x_wconf 83' lang='grc' dir='ltr'>συνοικέσιον</span> <span class='ocrx_word' id='word_1_383' title='bbox 1521 531 1529 539; x_wconf 93' lang='grc'><strong>·</strong></span> <span class='ocrx_word' id='word_1_384' title='bbox 1561 523 1623 550; x_wconf 84' lang='grc' dir='ltr'>ἀλλ”</span> <span class='ocrx_word' id='word_1_385' title='bbox 1647 525 1671 551; x_wconf 80' lang='grc' dir='ltr'>εἰ</span> <span class='ocrx_word' id='word_1_386' title='bbox 1699 527 1747 552; x_wconf 79' lang='grc' dir='ltr'>καὶ</span> <span class='ocrx_word' id='word_1_387' title='bbox 1778 526 1909 561; x_wconf 62' lang='grc' dir='ltr'>συναςθῇ</span> 
     </span>
    </p>
   </div>
   <div class='ocr_carea' id='block_1_56' title="bbox 1109 568 1907 606">
    <p class='ocr_par' dir='ltr' id='par_1_56' title="bbox 1109 568 1907 606">
     <span class='ocr_line' id='line_1_56' title="bbox 1109 568 1907 606; baseline 0.003 -11"><span class='ocrx_word' id='word_1_388' title='bbox 1109 569 1206 604; x_wconf 77' lang='grc' dir='ltr'>ἑτέρῳ,</span> <span class='ocrx_word' id='word_1_389' title='bbox 1225 568 1317 596; x_wconf 75' lang='grc' dir='ltr'>ἄδειαν</span> <span class='ocrx_word' id='word_1_390' title='bbox 1330 568 1403 604; x_wconf 73' lang='grc' dir='ltr'>ἔχειν</span> <span class='ocrx_word' id='word_1_391' title='bbox 1426 569 1456 595; x_wconf 79' lang='grc' dir='ltr'><strong>τδ</strong></span> <span class='ocrx_word' id='word_1_392' title='bbox 1475 569 1650 604; x_wconf 77' lang='grc' dir='ltr'>ὑποστρέψαν</span> <span class='ocrx_word' id='word_1_393' title='bbox 1681 570 1770 606; x_wconf 81' lang='grc' dir='ltr'>μέρος</span> <span class='ocrx_word' id='word_1_394' title='bbox 1797 571 1837 597; x_wconf 81' lang='grc' dir='ltr'>ἐκ</span> <span class='ocrx_word' id='word_1_395' title='bbox 1865 572 1907 605; x_wconf 70' lang='grc' dir='ltr'>τῆς</span> 
     </span>
    </p>
   </div>
   <div class='ocr_carea' id='block_1_57' title="bbox 1109 613 1906 652">
    <p class='ocr_par' dir='ltr' id='par_1_57' title="bbox 1109 613 1906 652">
     <span class='ocr_line' id='line_1_57' title="bbox 1109 613 1906 652; baseline 0.004 -12"><span class='ocrx_word' id='word_1_396' title='bbox 1109 613 1297 648; x_wconf 75' lang='grc' dir='ltr'><strong>αἰχμαλωσίας</strong></span> <span class='ocrx_word' id='word_1_397' title='bbox 1311 614 1511 643; x_wconf 73' lang='grc' dir='ltr'><strong>ἀνακαλεῖσθαι</strong></span> <span class='ocrx_word' id='word_1_398' title='bbox 1544 614 1575 641; x_wconf 77' lang='grc' dir='ltr'><strong>τὺ</strong></span> <span class='ocrx_word' id='word_1_399' title='bbox 1593 616 1694 642; x_wconf 81' lang='grc' dir='ltr'>οἰκεῖον</span> <span class='ocrx_word' id='word_1_400' title='bbox 1724 616 1833 652; x_wconf 78' lang='grc' dir='ltr'>μέλος,</span> <span class='ocrx_word' id='word_1_401' title='bbox 1868 625 1906 643; x_wconf 77' lang='lat' dir='ltr'><strong>xz:</strong></span> 
     </span>
    </p>
   </div>
   <div class='ocr_carea' id='block_1_58' title="bbox 1109 659 1905 696">
    <p class='ocr_par' dir='ltr' id='par_1_58' title="bbox 1109 659 1905 696">
     <span class='ocr_line' id='line_1_58' title="bbox 1109 659 1905 696; baseline 0.003 -10"><span class='ocrx_word' id='word_1_402' title='bbox 1109 660 1154 687; x_wconf 71' lang='grc' dir='ltr'>τὸν</span> <span class='ocrx_word' id='word_1_403' title='bbox 1166 660 1292 695; x_wconf 82' lang='grc' dir='ltr'>δεύτερον</span> <span class='ocrx_word' id='word_1_404' title='bbox 1307 659 1397 695; x_wconf 83' lang='grc' dir='ltr'>γάμον</span> <span class='ocrx_word' id='word_1_405' title='bbox 1408 661 1536 696; x_wconf 72' lang='grc' dir='ltr'>διασπᾷν.</span> <span class='ocrx_word' id='word_1_406' title='bbox 1553 660 1607 687; x_wconf 85' lang='grc' dir='ltr'><strong>Τοῦ</strong></span> <span class='ocrx_word' id='word_1_407' title='bbox 1632 661 1698 696; x_wconf 84' lang='grc' dir='ltr'>γοῦν</span> <span class='ocrx_word' id='word_1_408' title='bbox 1712 662 1842 693; x_wconf 78' lang='grc' dir='ltr'>κανόνος</span> <span class='ocrx_word' id='word_1_409' title='bbox 1856 662 1905 688; x_wconf 68' lang='grc' dir='ltr'>διε-</span> 
     </span>
    </p>
   </div>
   <div class='ocr_carea' id='block_1_59' title="bbox 1110 703 1904 741">
    <p class='ocr_par' dir='ltr' id='par_1_59' title="bbox 1110 703 1904 741">
     <span class='ocr_line' id='line_1_59' title="bbox 1110 703 1904 741; baseline 0.003 -10"><span class='ocrx_word' id='word_1_410' title='bbox 1110 705 1255 741; x_wconf 79' lang='grc' dir='ltr'>ριζομένου</span> <span class='ocrx_word' id='word_1_411' title='bbox 1281 706 1331 732; x_wconf 81' lang='grc' dir='ltr'>ὅσα</span> <span class='ocrx_word' id='word_1_412' title='bbox 1353 706 1467 740; x_wconf 76' lang='grc' dir='ltr'>εἴπομεν</span> <span class='ocrx_word' id='word_1_413' title='bbox 1500 703 1615 739; x_wconf 77' lang='grc' dir='ltr'>ἀνωθεν,</span> <span class='ocrx_word' id='word_1_414' title='bbox 1652 707 1700 733; x_wconf 79' lang='grc' dir='ltr'>καὶ</span> <span class='ocrx_word' id='word_1_415' title='bbox 1723 707 1783 733; x_wconf 84' lang='grc' dir='ltr'><strong>τῶν</strong></span> <span class='ocrx_word' id='word_1_416' title='bbox 1818 707 1904 741; x_wconf 64' lang='grc' dir='ltr'>νόμων</span> 
     </span>
    </p>
   </div>
   <div class='ocr_carea' id='block_1_60' title="bbox 1109 751 1903 787">
    <p class='ocr_par' dir='ltr' id='par_1_60' title="bbox 1109 751 1903 787">
     <span class='ocr_line' id='line_1_60' title="bbox 1109 751 1903 787; baseline 0 -9"><span class='ocrx_word' id='word_1_417' title='bbox 1109 751 1377 786; x_wconf 70' lang='grc' dir='ltr'>παρακελευομένων</span> <span class='ocrx_word' id='word_1_418' title='bbox 1392 752 1479 778; x_wconf 82' lang='grc' dir='ltr'>ταῦτα</span> <span class='ocrx_word' id='word_1_419' title='bbox 1495 751 1527 787; x_wconf 86' lang='grc' dir='ltr'>δὴ</span> <span class='ocrx_word' id='word_1_420' title='bbox 1541 752 1576 779; x_wconf 81' lang='grc' dir='ltr'><strong>τὰ</strong></span> <span class='ocrx_word' id='word_1_421' title='bbox 1591 752 1734 787; x_wconf 81' lang='grc' dir='ltr'>προσεχῶς</span> <span class='ocrx_word' id='word_1_422' title='bbox 1776 761 1903 787; x_wconf 78' lang='grc' dir='ltr'>γεγραμ-</span> 
     </span>
    </p>
   </div>
   <div class='ocr_carea' id='block_1_61' title="bbox 1111 797 1903 833">
    <p class='ocr_par' dir='ltr' id='par_1_61' title="bbox 1111 797 1903 833">
     <span class='ocr_line' id='line_1_61' title="bbox 1111 797 1903 833; baseline 0.001 -11"><span class='ocrx_word' id='word_1_423' title='bbox 1111 797 1192 832; x_wconf 81' lang='grc' dir='ltr'>μένα,</span> <span class='ocrx_word' id='word_1_424' title='bbox 1207 797 1342 831; x_wconf 80' lang='grc' dir='ltr'>ἐρωτήσει</span> <span class='ocrx_word' id='word_1_425' title='bbox 1373 806 1425 829; x_wconf 81' lang='grc' dir='ltr'>τις,</span> <span class='ocrx_word' id='word_1_426' title='bbox 1451 797 1529 824; x_wconf 81' lang='grc' dir='ltr'>Τίσιν</span> <span class='ocrx_word' id='word_1_427' title='bbox 1562 798 1594 824; x_wconf 78' lang='grc' dir='ltr'>ἐκ</span> <span class='ocrx_word' id='word_1_428' title='bbox 1620 797 1724 824; x_wconf 87' lang='grc' dir='ltr'>τούτων</span> <span class='ocrx_word' id='word_1_429' title='bbox 1753 799 1903 833; x_wconf 63' lang='grc' dir='ltr'>προσέχω</span> 
     </span>
    </p>
   </div>
   <div class='ocr_carea' id='block_1_62' title="bbox 1108 841 1902 879">
    <p class='ocr_par' dir='ltr' id='par_1_62' title="bbox 1108 841 1902 879">
     <span class='ocr_line' id='line_1_62' title="bbox 1108 841 1902 879; baseline 0.003 -10"><span class='ocrx_word' id='word_1_430' title='bbox 1108 843 1255 878; x_wconf 73' lang='grc' dir='ltr'>ὀφείλομεν</span> <span class='ocrx_word' id='word_1_431' title='bbox 1271 853 1279 878; x_wconf 69' lang='grc' dir='ltr'><strong>ς</strong></span> <span class='ocrx_word' id='word_1_432' title='bbox 1293 844 1386 878; x_wconf 75' lang='grc' dir='ltr'>Φαμὲν</span> <span class='ocrx_word' id='word_1_433' title='bbox 1401 841 1448 871; x_wconf 78' lang='grc' dir='ltr'>οὖν</span> <span class='ocrx_word' id='word_1_434' title='bbox 1461 845 1502 871; x_wconf 81' lang='grc' dir='ltr'>δτι.</span> <span class='ocrx_word' id='word_1_435' title='bbox 1519 845 1633 877; x_wconf 77' lang='grc' dir='ltr'>καὶτοῖς</span> <span class='ocrx_word' id='word_1_436' title='bbox 1644 846 1672 871; x_wconf 80' lang='grc' dir='ltr'>ὲν</span> <span class='ocrx_word' id='word_1_437' title='bbox 1684 845 1722 879; x_wconf 85' lang='grc' dir='ltr'>τῷ</span> <span class='ocrx_word' id='word_1_438' title='bbox 1739 845 1844 871; x_wconf 77' lang='grc' dir='ltr'>κανόνι</span> <span class='ocrx_word' id='word_1_439' title='bbox 1863 846 1902 870; x_wconf 76' lang='lat' dir='ltr'><strong>ul</strong></span> 
     </span>
    </p>
   </div>
   <div class='ocr_carea' id='block_1_63' title="bbox 1113 889 1901 926">
    <p class='ocr_par' dir='ltr' id='par_1_63' title="bbox 1113 889 1901 926">
     <span class='ocr_line' id='line_1_63' title="bbox 1113 889 1901 926; baseline 0 -10"><span class='ocrx_word' id='word_1_440' title='bbox 1113 891 1143 916; x_wconf 78' lang='grc' dir='ltr'>ὲν</span> <span class='ocrx_word' id='word_1_441' title='bbox 1156 891 1212 922; x_wconf 86' lang='grc' dir='ltr'>τοῖς</span> <span class='ocrx_word' id='word_1_442' title='bbox 1229 889 1335 925; x_wconf 73' lang='grc' dir='ltr'>νόμοις,</span> <span class='ocrx_word' id='word_1_443' title='bbox 1361 890 1504 925; x_wconf 75' lang='grc' dir='ltr'>ἑκατέροις</span> <span class='ocrx_word' id='word_1_444' title='bbox 1532 891 1643 922; x_wconf 78' lang='grc' dir='ltr'>πάντως</span> <span class='ocrx_word' id='word_1_445' title='bbox 1676 892 1751 918; x_wconf 81' lang='grc' dir='ltr'>κατὰ</span> <span class='ocrx_word' id='word_1_446' title='bbox 1783 892 1901 926; x_wconf 73' lang='grc' dir='ltr'>καιρόν·</span> 
     </span>
    </p>
   </div>
   <div class='ocr_carea' id='block_1_64' title="bbox 1113 934 1899 972">
    <p class='ocr_par' dir='ltr' id='par_1_64' title="bbox 1113 934 1899 972">
     <span class='ocr_line' id='line_1_64' title="bbox 1113 934 1899 972; baseline -0.001 -10"><span class='ocrx_word' id='word_1_447' title='bbox 1113 935 1161 962; x_wconf 80' lang='grc' dir='ltr'>καὶ</span> <span class='ocrx_word' id='word_1_448' title='bbox 1179 936 1234 962; x_wconf 79' lang='grc' dir='ltr'>ἀπὸ</span> <span class='ocrx_word' id='word_1_449' title='bbox 1252 936 1301 971; x_wconf 73' lang='grc' dir='ltr'>μὲν</span> <span class='ocrx_word' id='word_1_450' title='bbox 1313 935 1361 962; x_wconf 84' lang='grc' dir='ltr'><strong>τοῦ</strong></span> <span class='ocrx_word' id='word_1_451' title='bbox 1373 936 1487 968; x_wconf 83' lang='grc' dir='ltr'>κανόνος</span> <span class='ocrx_word' id='word_1_452' title='bbox 1504 936 1664 971; x_wconf 86' lang='grc' dir='ltr'>μοιχαλίδας</span> <span class='ocrx_word' id='word_1_453' title='bbox 1679 937 1818 972; x_wconf 66' lang='grc' dir='ltr'>εἴποιμεν</span> <span class='ocrx_word' id='word_1_454' title='bbox 1836 934 1899 962; x_wconf 72' lang='grc' dir='ltr'>εἶναι</span> 
     </span>
    </p>
   </div>
   <div class='ocr_carea' id='block_1_65' title="bbox 1111 978 1899 1019">
    <p class='ocr_par' dir='ltr' id='par_1_65' title="bbox 1111 978 1899 1019">
     <span class='ocr_line' id='line_1_65' title="bbox 1111 978 1899 1019; baseline 0.003 -11"><span class='ocrx_word' id='word_1_455' title='bbox 1111 981 1171 1013; x_wconf 77' lang='grc' dir='ltr'>τὰς,</span> <span class='ocrx_word' id='word_1_456' title='bbox 1188 982 1252 1016; x_wconf 86' lang='grc' dir='ltr'>περὶ</span> <span class='ocrx_word' id='word_1_457' title='bbox 1263 978 1302 1008; x_wconf 80' lang='grc' dir='ltr'>ὧν</span> <span class='ocrx_word' id='word_1_458' title='bbox 1315 983 1330 1008; x_wconf 82' lang='grc' dir='ltr'><strong>ὀ</strong></span> <span class='ocrx_word' id='word_1_459' title='bbox 1343 981 1444 1014; x_wconf 86' lang='grc' dir='ltr'>κανὼν,</span> <span class='ocrx_word' id='word_1_460' title='bbox 1463 984 1595 1017; x_wconf 86' lang='grc' dir='ltr'>γυναῖκας</span> <span class='ocrx_word' id='word_1_461' title='bbox 1608 982 1787 1018; x_wconf 80' lang='grc' dir='ltr'>γαμηθείσας</span> <span class='ocrx_word' id='word_1_462' title='bbox 1800 983 1899 1019; x_wconf 62' lang='grc' dir='ltr'>ἑτέρας</span> 
     </span>
    </p>
   </div>
   <div class='ocr_carea' id='block_1_66' title="bbox 1112 1025 1897 1063">
    <p class='ocr_par' dir='ltr' id='par_1_66' title="bbox 1112 1025 1897 1063">
     <span class='ocr_line' id='line_1_66' title="bbox 1112 1025 1897 1063; baseline 0.005 -13"><span class='ocrx_word' id='word_1_463' title='bbox 1112 1025 1167 1060; x_wconf 81' lang='grc' dir='ltr'>πρὸ</span> <span class='ocrx_word' id='word_1_464' title='bbox 1180 1025 1227 1051; x_wconf 86' lang='grc' dir='ltr'>τοῦ</span> <span class='ocrx_word' id='word_1_465' title='bbox 1243 1025 1334 1052; x_wconf 79' lang='grc' dir='ltr'>λαϐεῖν</span> <span class='ocrx_word' id='word_1_466' title='bbox 1363 1026 1462 1062; x_wconf 76' lang='grc' dir='ltr'>ἐντελῆ</span> <span class='ocrx_word' id='word_1_467' title='bbox 1490 1027 1679 1063; x_wconf 78' lang='grc' dir='ltr'>πληροφορίαν</span> <span class='ocrx_word' id='word_1_468' title='bbox 1702 1028 1752 1055; x_wconf 81' lang='grc' dir='ltr'><strong>τοῦ</strong></span> <span class='ocrx_word' id='word_1_469' title='bbox 1785 1028 1897 1056; x_wconf 57' lang='grc' dir='ltr'>θανάτῳ</span> 
     </span>
    </p>
   </div>
   <div class='ocr_carea' id='block_1_67' title="bbox 1112 1070 1895 1109">
    <p class='ocr_par' dir='ltr' id='par_1_67' title="bbox 1112 1070 1895 1109">
     <span class='ocr_line' id='line_1_67' title="bbox 1112 1070 1895 1109; baseline 0.005 -13"><span class='ocrx_word' id='word_1_470' title='bbox 1112 1070 1167 1097; x_wconf 88' lang='grc' dir='ltr'><strong>τῶν</strong></span> <span class='ocrx_word' id='word_1_471' title='bbox 1178 1070 1289 1104; x_wconf 79' lang='grc' dir='ltr'>ἀφανῶν</span> <span class='ocrx_word' id='word_1_472' title='bbox 1299 1071 1405 1105; x_wconf 82' lang='grc' dir='ltr'>ἀνδρῶν</span> <span class='ocrx_word' id='word_1_473' title='bbox 1421 1072 1512 1099; x_wconf 80' lang='grc' dir='ltr'>αὐτῶν</span> <span class='ocrx_word' id='word_1_474' title='bbox 1530 1080 1537 1088; x_wconf 90' lang='grc'>·</span> <span class='ocrx_word' id='word_1_475' title='bbox 1553 1072 1634 1099; x_wconf 83' lang='grc' dir='ltr'>τοῦτο</span> <span class='ocrx_word' id='word_1_476' title='bbox 1647 1073 1703 1109; x_wconf 73' lang='grc' dir='ltr'>γὰρ</span> <span class='ocrx_word' id='word_1_477' title='bbox 1717 1074 1768 1100; x_wconf 79' lang='grc' dir='ltr'>καὶ</span> <span class='ocrx_word' id='word_1_478' title='bbox 1795 1075 1827 1101; x_wconf 73' lang='grc' dir='ltr'>αξ</span> <span class='ocrx_word' id='word_1_479' title='bbox 1844 1083 1895 1100; x_wconf 65' lang='grc' dir='ltr'>νει-</span> 
     </span>
    </p>
   </div>
   <div class='ocr_carea' id='block_1_68' title="bbox 1114 1115 1896 1155">
    <p class='ocr_par' dir='ltr' id='par_1_68' title="bbox 1114 1115 1896 1155">
     <span class='ocr_line' id='line_1_68' title="bbox 1114 1115 1896 1155; baseline 0.009 -15"><span class='ocrx_word' id='word_1_480' title='bbox 1114 1115 1161 1150; x_wconf 69' lang='grc' dir='ltr'>ραὶ</span> <span class='ocrx_word' id='word_1_481' title='bbox 1180 1116 1415 1151; x_wconf 81' lang='grc' dir='ltr'>παρακελεύονται</span> <span class='ocrx_word' id='word_1_482' title='bbox 1434 1117 1500 1153; x_wconf 80' lang='grc' dir='ltr'>’τὴν</span> <span class='ocrx_word' id='word_1_483' title='bbox 1509 1118 1538 1145; x_wconf 79' lang='grc' dir='ltr'>δὲ</span> <span class='ocrx_word' id='word_1_484' title='bbox 1555 1120 1676 1152; x_wconf 80' lang='grc' dir='ltr'>γυναῖκα</span> <span class='ocrx_word' id='word_1_485' title='bbox 1697 1118 1748 1146; x_wconf 79' lang='grc' dir='ltr'><strong>τοῦ</strong></span> <span class='ocrx_word' id='word_1_486' title='bbox 1767 1121 1896 1155; x_wconf 61' lang='grc' dir='ltr'>στρατιείν</span> 
     </span>
    </p>
   </div>
   <div class='ocr_carea' id='block_1_69' title="bbox 1111 1161 1895 1202">
    <p class='ocr_par' dir='ltr' id='par_1_69' title="bbox 1111 1161 1895 1202">
     <span class='ocr_line' id='line_1_69' title="bbox 1111 1161 1895 1202; baseline 0.011 -16"><span class='ocrx_word' id='word_1_487' title='bbox 1111 1169 1160 1187; x_wconf 89' lang='grc' dir='ltr'><strong>του</strong></span> <span class='ocrx_word' id='word_1_488' title='bbox 1176 1161 1214 1196; x_wconf 82' lang='grc' dir='ltr'>μὴ</span> <span class='ocrx_word' id='word_1_489' title='bbox 1228 1162 1299 1188; x_wconf 87' lang='grc' dir='ltr'>κατὰ</span> <span class='ocrx_word' id='word_1_490' title='bbox 1315 1163 1366 1197; x_wconf 79' lang='grc' dir='ltr'>τὴν</span> <span class='ocrx_word' id='word_1_491' title='bbox 1377 1163 1522 1199; x_wconf 83' lang='grc' dir='ltr'>περίληψιν</span> <span class='ocrx_word' id='word_1_492' title='bbox 1535 1164 1585 1200; x_wconf 85' lang='grc' dir='ltr'>τῆς</span> <span class='ocrx_word' id='word_1_493' title='bbox 1598 1166 1698 1201; x_wconf 83' lang='grc' dir='ltr'>νεαρᾶς</span> <span class='ocrx_word' id='word_1_494' title='bbox 1712 1168 1895 1202; x_wconf 61' lang='grc' dir='ltr'>γαμηθεῖσαν.</span> 
     </span>
    </p>
   </div>
   <div class='ocr_carea' id='block_1_70' title="bbox 1112 1208 1895 1247">
    <p class='ocr_par' dir='ltr' id='par_1_70' title="bbox 1112 1208 1895 1247">
     <span class='ocr_line' id='line_1_70' title="bbox 1112 1208 1895 1247; baseline 0.008 -15"><span class='ocrx_word' id='word_1_495' title='bbox 1112 1208 1277 1242; x_wconf 80' lang='grc' dir='ltr'><strong>συγγνώμης</strong></span> <span class='ocrx_word' id='word_1_496' title='bbox 1304 1208 1354 1235; x_wconf 80' lang='grc' dir='ltr'>οὐκ</span> <span class='ocrx_word' id='word_1_497' title='bbox 1378 1209 1546 1245; x_wconf 78' lang='grc' dir='ltr'>ἀξιώσομεν,</span> <span class='ocrx_word' id='word_1_498' title='bbox 1578 1211 1673 1247; x_wconf 81' lang='grc' dir='ltr'>ὥσπερ</span> <span class='ocrx_word' id='word_1_499' title='bbox 1702 1214 1780 1240; x_wconf 87' lang='grc' dir='ltr'><strong>κατά</strong></span> <span class='ocrx_word' id='word_1_500' title='bbox 1802 1214 1895 1247; x_wconf 67' lang='grc' dir='ltr'>ταύτην</span> 
     </span>
    </p>
   </div>
   <div class='ocr_carea' id='block_1_71' title="bbox 1112 1252 1896 1294">
    <p class='ocr_par' dir='ltr' id='par_1_71' title="bbox 1112 1252 1896 1294">
     <span class='ocr_line' id='line_1_71' title="bbox 1112 1252 1896 1294; baseline 0.009 -17"><span class='ocrx_word' id='word_1_501' title='bbox 1112 1252 1267 1286; x_wconf 80' lang='grc' dir='ltr'>ποιήσασαν</span> <span class='ocrx_word' id='word_1_502' title='bbox 1293 1253 1343 1280; x_wconf 86' lang='grc' dir='ltr'>οὑκ</span> <span class='ocrx_word' id='word_1_503' title='bbox 1375 1255 1567 1290; x_wconf 80' lang='grc' dir='ltr'>αἰτιασόμεθα.</span> <span class='ocrx_word' id='word_1_504' title='bbox 1593 1257 1629 1283; x_wconf 87' lang='grc' dir='ltr'><strong>Τὸ</strong></span> <span class='ocrx_word' id='word_1_505' title='bbox 1668 1257 1852 1294; x_wconf 76' lang='grc' dir='ltr'>μέντοιέχειν</span> <span class='ocrx_word' id='word_1_506' title='bbox 1863 1260 1896 1286; x_wconf 74' lang='grc' dir='ltr'><strong>ἐπ’</strong></span> 
     </span>
    </p>
   </div>
   <div class='ocr_carea' id='block_1_72' title="bbox 1111 1297 1896 1339">
    <p class='ocr_par' dir='ltr' id='par_1_72' title="bbox 1111 1297 1896 1339">
     <span class='ocr_line' id='line_1_72' title="bbox 1111 1297 1896 1339; baseline 0.011 -16"><span class='ocrx_word' id='word_1_507' title='bbox 1111 1297 1204 1329; x_wconf 81' lang='grc' dir='ltr'>ἁδείας</span> <span class='ocrx_word' id='word_1_508' title='bbox 1229 1299 1292 1330; x_wconf 68' lang='grc' dir='ltr'>τοὺς</span> <span class='ocrx_word' id='word_1_509' title='bbox 1309 1299 1410 1334; x_wconf 76' lang='grc' dir='ltr'>ἄνδρας</span> <span class='ocrx_word' id='word_1_510' title='bbox 1439 1301 1536 1327; x_wconf 81' lang='grc' dir='ltr'>πασῶν</span> <span class='ocrx_word' id='word_1_511' title='bbox 1556 1302 1611 1329; x_wconf 87' lang='grc' dir='ltr'><strong>τῶν</strong></span> <span class='ocrx_word' id='word_1_512' title='bbox 1634 1303 1837 1338; x_wconf 80' lang='grc' dir='ltr'>μοιχευθεισῶν</span> <span class='ocrx_word' id='word_1_513' title='bbox 1858 1314 1896 1339; x_wconf 72' lang='grc' dir='ltr'>γυ-</span> 
     </span>
    </p>
   </div>
   <div class='ocr_carea' id='block_1_73' title="bbox 1116 1343 1896 1386">
    <p class='ocr_par' dir='ltr' id='par_1_73' title="bbox 1116 1343 1896 1386">
     <span class='ocr_line' id='line_1_73' title="bbox 1116 1343 1896 1386; baseline 0.009 -16"><span class='ocrx_word' id='word_1_514' title='bbox 1116 1343 1219 1370; x_wconf 79' lang='grc' dir='ltr'>ναικῶν</span> <span class='ocrx_word' id='word_1_515' title='bbox 1234 1344 1471 1379; x_wconf 72' lang='grc' dir='ltr'>ἀναλαμϐάνεσθαι</span> <span class='ocrx_word' id='word_1_516' title='bbox 1486 1347 1570 1379; x_wconf 80' lang='grc' dir='ltr'>αὑτὰς</span> <span class='ocrx_word' id='word_1_517' title='bbox 1597 1348 1643 1375; x_wconf 78' lang='grc' dir='ltr'>καὶ</span> <span class='ocrx_word' id='word_1_518' title='bbox 1660 1350 1730 1384; x_wconf 84' lang='grc' dir='ltr'><strong>μετά</strong></span> <span class='ocrx_word' id='word_1_519' title='bbox 1759 1350 1815 1386; x_wconf 76' lang='grc' dir='ltr'>τὴν</span> <span class='ocrx_word' id='word_1_520' title='bbox 1843 1354 1896 1377; x_wconf 58' lang='lat' dir='ltr'><strong>iam</strong></span> 
     </span>
    </p>
   </div>
   <div class='ocr_carea' id='block_1_74' title="bbox 1112 1391 1894 1432">
    <p class='ocr_par' dir='ltr' id='par_1_74' title="bbox 1112 1391 1894 1432">
     <span class='ocr_line' id='line_1_74' title="bbox 1112 1391 1894 1432; baseline 0.012 -17"><span class='ocrx_word' id='word_1_521' title='bbox 1112 1391 1232 1425; x_wconf 82' lang='grc' dir='ltr'>στροφὴν</span> <span class='ocrx_word' id='word_1_522' title='bbox 1243 1391 1340 1423; x_wconf 79' lang='grc' dir='ltr'>κοινῶς</span> <span class='ocrx_word' id='word_1_523' title='bbox 1353 1392 1424 1424; x_wconf 81' lang='grc' dir='ltr'>εἰπὲ,</span> <span class='ocrx_word' id='word_1_524' title='bbox 1438 1392 1485 1419; x_wconf 80' lang='grc' dir='ltr'>καὶ</span> <span class='ocrx_word' id='word_1_525' title='bbox 1500 1393 1537 1429; x_wconf 85' lang='grc' dir='ltr'>μὴ</span> <span class='ocrx_word' id='word_1_526' title='bbox 1553 1394 1600 1420; x_wconf 72' lang='grc' dir='ltr'><strong>ἐπὶ</strong></span> <span class='ocrx_word' id='word_1_527' title='bbox 1616 1395 1699 1430; x_wconf 75' lang='grc' dir='ltr'>μόνης</span> <span class='ocrx_word' id='word_1_528' title='bbox 1722 1396 1778 1432; x_wconf 76' lang='grc' dir='ltr'>τῆς</span> <span class='ocrx_word' id='word_1_529' title='bbox 1806 1406 1894 1432; x_wconf 69' lang='grc' dir='ltr'>γυνα-</span> 
     </span>
    </p>
   </div>
   <div class='ocr_carea' id='block_1_75' title="bbox 1112 1436 1894 1479">
    <p class='ocr_par' dir='ltr' id='par_1_75' title="bbox 1112 1436 1894 1479">
     <span class='ocr_line' id='line_1_75' title="bbox 1112 1436 1894 1479; baseline 0.012 -17"><span class='ocrx_word' id='word_1_530' title='bbox 1112 1436 1158 1468; x_wconf 80' lang='grc' dir='ltr'><strong>κδς</strong></span> <span class='ocrx_word' id='word_1_531' title='bbox 1171 1436 1219 1463; x_wconf 84' lang='grc' dir='ltr'>τοῦ</span> <span class='ocrx_word' id='word_1_532' title='bbox 1237 1438 1404 1472; x_wconf 87' lang='grc' dir='ltr'>στρατιώτου</span> <span class='ocrx_word' id='word_1_533' title='bbox 1423 1439 1495 1467; x_wconf 82' lang='grc' dir='ltr'><strong>κατά</strong></span> <span class='ocrx_word' id='word_1_534' title='bbox 1519 1441 1569 1476; x_wconf 79' lang='grc' dir='ltr'>τὴν</span> <span class='ocrx_word' id='word_1_535' title='bbox 1605 1441 1752 1478; x_wconf 63' lang='grc' dir='ltr'>περίληψιν</span> <span class='ocrx_word' id='word_1_536' title='bbox 1779 1445 1833 1479; x_wconf 78' lang='grc' dir='ltr'>τῆς</span> <span class='ocrx_word' id='word_1_537' title='bbox 1855 1447 1894 1479; x_wconf 67' lang='grc' dir='ltr'><strong>ρη-</strong></span> 
     </span>
    </p>
   </div>
   <div class='ocr_carea' id='block_1_76' title="bbox 1112 1479 1898 1526">
    <p class='ocr_par' dir='ltr' id='par_1_76' title="bbox 1112 1479 1898 1526">
     <span class='ocr_line' id='line_1_76' title="bbox 1112 1479 1898 1526; baseline 0.014 -20"><span class='ocrx_word' id='word_1_538' title='bbox 1112 1479 1207 1516; x_wconf 86' lang='grc' dir='ltr'>θείσης</span> <span class='ocrx_word' id='word_1_539' title='bbox 1223 1481 1275 1516; x_wconf 70' lang='grc' dir='ltr'>ριξ¹</span> <span class='ocrx_word' id='word_1_540' title='bbox 1295 1484 1407 1518; x_wconf 82' lang='grc' dir='ltr'>νεαρᾶς,</span> <span class='ocrx_word' id='word_1_541' title='bbox 1434 1485 1485 1520; x_wconf 80' lang='grc' dir='ltr'>τῆς</span> <span class='ocrx_word' id='word_1_542' title='bbox 1501 1486 1712 1524; x_wconf 78' lang='grc' dir='ltr'>συνοψισθείσης</span> <span class='ocrx_word' id='word_1_543' title='bbox 1731 1490 1764 1515; x_wconf 77' lang='grc' dir='ltr'>ὲν</span> <span class='ocrx_word' id='word_1_544' title='bbox 1802 1499 1898 1526; x_wconf 47' lang='lat' dir='ltr'><strong>tce-pq,</strong></span> 
     </span>
    </p>
   </div>
   <div class='ocr_carea' id='block_1_77' title="bbox 1110 1526 1894 1568">
    <p class='ocr_par' dir='ltr' id='par_1_77' title="bbox 1110 1526 1894 1568">
     <span class='ocr_line' id='line_1_77' title="bbox 1110 1526 1894 1568; baseline 0.011 -14"><span class='ocrx_word' id='word_1_545' title='bbox 1110 1526 1158 1554; x_wconf 84' lang='grc' dir='ltr'>τοῦ</span> <span class='ocrx_word' id='word_1_546' title='bbox 1173 1531 1208 1562; x_wconf 84' lang='grc' dir='ltr'>ιγ’</span> <span class='ocrx_word' id='word_1_547' title='bbox 1222 1528 1274 1556; x_wconf 86' lang='grc' dir='ltr'>τίτ.</span> <span class='ocrx_word' id='word_1_548' title='bbox 1288 1528 1337 1555; x_wconf 68' lang='lat' dir='ltr'><strong>toﬁ</strong></span> <span class='ocrx_word' id='word_1_549' title='bbox 1356 1530 1491 1566; x_wconf 80' lang='grc' dir='ltr'>παρόντος</span> <span class='ocrx_word' id='word_1_550' title='bbox 1502 1533 1701 1568; x_wconf 77' lang='grc' dir='ltr'>συντάγματος.</span> <span class='ocrx_word' id='word_1_551' title='bbox 1738 1535 1823 1562; x_wconf 76' lang='grc' dir='ltr'>Ἐπεὶ</span> <span class='ocrx_word' id='word_1_552' title='bbox 1839 1537 1865 1562; x_wconf 75' lang='grc' dir='ltr'>δὲ</span> <span class='ocrx_word' id='word_1_553' title='bbox 1885 1540 1894 1562; x_wconf 64' lang='lat' dir='ltr'><strong>c</strong></span> 
     </span>
    </p>
   </div>
   <div class='ocr_carea' id='block_1_78' title="bbox 1111 1573 1896 1617">
    <p class='ocr_par' dir='ltr' id='par_1_78' title="bbox 1111 1573 1896 1617">
     <span class='ocr_line' id='line_1_78' title="bbox 1111 1573 1896 1617; baseline 0.013 -18"><span class='ocrx_word' id='word_1_554' title='bbox 1111 1573 1202 1601; x_wconf 84' lang='grc' dir='ltr'>κανὼν</span> <span class='ocrx_word' id='word_1_555' title='bbox 1219 1574 1268 1609; x_wconf 75' lang='grc' dir='ltr'>μὲν</span> <span class='ocrx_word' id='word_1_556' title='bbox 1289 1576 1354 1610; x_wconf 79' lang='grc' dir='ltr'>περὶ</span> <span class='ocrx_word' id='word_1_557' title='bbox 1365 1576 1543 1612; x_wconf 70' lang='grc' dir='ltr'>αἰχμαλώτου</span> <span class='ocrx_word' id='word_1_558' title='bbox 1562 1580 1638 1606; x_wconf 76' lang='grc' dir='ltr'>οὐδέν</span> <span class='ocrx_word' id='word_1_559' title='bbox 1659 1589 1685 1606; x_wconf 92' lang='grc' dir='ltr'><strong>τι</strong></span> <span class='ocrx_word' id='word_1_560' title='bbox 1715 1580 1896 1617; x_wconf 64' lang='grc' dir='ltr'>ὲῡεσμοῡέτῃ-</span> 
     </span>
    </p>
   </div>
   <div class='ocr_carea' id='block_1_79' title="bbox 1112 1619 1895 1662">
    <p class='ocr_par' dir='ltr' id='par_1_79' title="bbox 1112 1619 1895 1662">
     <span class='ocr_line' id='line_1_79' title="bbox 1112 1619 1895 1662; baseline 0.014 -18"><span class='ocrx_word' id='word_1_561' title='bbox 1112 1619 1190 1654; x_wconf 81' lang='grc' dir='ltr'>σεν,ή</span> <span class='ocrx_word' id='word_1_562' title='bbox 1206 1619 1234 1645; x_wconf 83' lang='grc' dir='ltr'>δὲ</span> <span class='ocrx_word' id='word_1_563' title='bbox 1249 1619 1427 1656; x_wconf 81' lang='grc' dir='ltr'>διαληφθεῖσα</span> <span class='ocrx_word' id='word_1_564' title='bbox 1458 1622 1676 1657; x_wconf 81' lang='grc' dir='ltr'>’1ουστινιάνειος</span> <span class='ocrx_word' id='word_1_565' title='bbox 1698 1628 1787 1661; x_wconf 82' lang='grc' dir='ltr'>νεαρά</span> <span class='ocrx_word' id='word_1_566' title='bbox 1817 1629 1895 1662; x_wconf 73' lang='grc' dir='ltr'>διορι-</span> 
     </span>
    </p>
   </div>
   <div class='ocr_carea' id='block_1_80' title="bbox 1111 1664 1894 1710">
    <p class='ocr_par' dir='ltr' id='par_1_80' title="bbox 1111 1664 1894 1710">
     <span class='ocr_line' id='line_1_80' title="bbox 1111 1664 1894 1710; baseline 0.013 -19"><span class='ocrx_word' id='word_1_567' title='bbox 1111 1664 1187 1697; x_wconf 80' lang='grc' dir='ltr'>ζεται</span> <span class='ocrx_word' id='word_1_568' title='bbox 1200 1666 1246 1692; x_wconf 77' lang='grc' dir='ltr'><strong>ἐπὶ</strong></span> <span class='ocrx_word' id='word_1_569' title='bbox 1254 1668 1388 1703; x_wconf 74' lang='grc' dir='ltr'>πενταετῆ</span> <span class='ocrx_word' id='word_1_570' title='bbox 1407 1670 1505 1704; x_wconf 78' lang='grc' dir='ltr'>καιρὸν</span> <span class='ocrx_word' id='word_1_571' title='bbox 1527 1672 1675 1706; x_wconf 83' lang='grc' dir='ltr'>ἀναμένειν</span> <span class='ocrx_word' id='word_1_572' title='bbox 1692 1673 1721 1699; x_wconf 74' lang='grc' dir='ltr'>τὸ</span> <span class='ocrx_word' id='word_1_573' title='bbox 1737 1673 1894 1710; x_wconf 59' lang='grc' dir='ltr'>ὑποληξίιὲν</span> 
     </span>
    </p>
   </div>
   <div class='ocr_carea' id='block_1_81' title="bbox 1112 1711 1894 1757">
    <p class='ocr_par' dir='ltr' id='par_1_81' title="bbox 1112 1711 1894 1757">
     <span class='ocr_line' id='line_1_81' title="bbox 1112 1711 1894 1757; baseline 0.013 -20"><span class='ocrx_word' id='word_1_574' title='bbox 1112 1711 1195 1747; x_wconf 81' lang='grc' dir='ltr'>μέρος</span> <span class='ocrx_word' id='word_1_575' title='bbox 1205 1711 1359 1748; x_wconf 76' lang='grc' dir='ltr'>ἐλεύθερον,</span> <span class='ocrx_word' id='word_1_576' title='bbox 1376 1714 1422 1741; x_wconf 77' lang='grc' dir='ltr'>καὶ</span> <span class='ocrx_word' id='word_1_577' title='bbox 1433 1714 1519 1747; x_wconf 79' lang='grc' dir='ltr'>οὕτως</span> <span class='ocrx_word' id='word_1_578' title='bbox 1534 1716 1784 1753; x_wconf 83' lang='grc' dir='ltr'>ἀποκριματίστως</span> <span class='ocrx_word' id='word_1_579' title='bbox 1807 1723 1894 1757; x_wconf 62' lang='grc' dir='ltr'>ἕτερον</span> 
     </span>
    </p>
   </div>
   <div class='ocr_carea' id='block_1_82' title="bbox 1110 1757 1893 1800">
    <p class='ocr_par' dir='ltr' id='par_1_82' title="bbox 1110 1757 1893 1800">
     <span class='ocr_line' id='line_1_82' title="bbox 1110 1757 1893 1800; baseline 0.013 -17"><span class='ocrx_word' id='word_1_580' title='bbox 1110 1758 1278 1785; x_wconf 80' lang='grc' dir='ltr'>συνοικέσιον</span> <span class='ocrx_word' id='word_1_581' title='bbox 1291 1760 1420 1795; x_wconf 81' lang='grc' dir='ltr'>συνιστᾷν</span> <span class='ocrx_word' id='word_1_582' title='bbox 1438 1768 1445 1776; x_wconf 92' lang='grc'>·</span> <span class='ocrx_word' id='word_1_583' title='bbox 1460 1757 1482 1795; x_wconf 82' lang='grc' dir='ltr'>ᾧ</span> <span class='ocrx_word' id='word_1_584' title='bbox 1494 1761 1564 1796; x_wconf 86' lang='grc' dir='ltr'>δῆτα</span> <span class='ocrx_word' id='word_1_585' title='bbox 1593 1762 1729 1800; x_wconf 83' lang='grc' dir='ltr'>διορισμῷ</span> <span class='ocrx_word' id='word_1_586' title='bbox 1753 1766 1893 1793; x_wconf 65' lang='grc' dir='ltr'>ἐναντιιιῦ-</span> 
     </span>
    </p>
   </div>
   <div class='ocr_carea' id='block_1_83' title="bbox 1109 1803 1893 1845">
    <p class='ocr_par' dir='ltr' id='par_1_83' title="bbox 1109 1803 1893 1845">
     <span class='ocr_line' id='line_1_83' title="bbox 1109 1803 1893 1845; baseline 0.014 -16"><span class='ocrx_word' id='word_1_587' title='bbox 1109 1803 1235 1839; x_wconf 75' lang='grc' dir='ltr'>ταιὴλγ¹</span> <span class='ocrx_word' id='word_1_588' title='bbox 1250 1806 1336 1840; x_wconf 84' lang='grc' dir='ltr'>νεαρὰ</span> <span class='ocrx_word' id='word_1_589' title='bbox 1351 1806 1398 1833; x_wconf 83' lang='grc' dir='ltr'>τοῦ</span> <span class='ocrx_word' id='word_1_590' title='bbox 1426 1807 1560 1842; x_wconf 86' lang='grc' dir='ltr'>βασιλέως</span> <span class='ocrx_word' id='word_1_591' title='bbox 1586 1810 1670 1844; x_wconf 79' lang='grc' dir='ltr'>κυροῦ</span> <span class='ocrx_word' id='word_1_592' title='bbox 1700 1811 1822 1845; x_wconf 62' lang='grc' dir='ltr'>Λέοντος</span> <span class='ocrx_word' id='word_1_593' title='bbox 1851 1813 1893 1840; x_wconf 80' lang='grc' dir='ltr'>τοῦ</span> 
     </span>
    </p>
   </div>
   <div class='ocr_carea' id='block_1_84' title="bbox 1109 1848 1892 1886">
    <p class='ocr_par' dir='ltr' id='par_1_84' title="bbox 1109 1848 1892 1886">
     <span class='ocr_line' id='line_1_84' title="bbox 1109 1848 1892 1886; baseline 0.015 -12"><span class='ocrx_word' id='word_1_594' title='bbox 1109 1848 1209 1883; x_wconf 80' lang='grc' dir='ltr'>Σοφοῦ,</span> <span class='ocrx_word' id='word_1_595' title='bbox 1225 1850 1341 1884; x_wconf 78' lang='grc' dir='ltr'>λέγουσα</span> <span class='ocrx_word' id='word_1_596' title='bbox 1357 1852 1549 1886; x_wconf 84' lang='grc' dir='ltr'>ἀδιαστίκτως,</span> <span class='ocrx_word' id='word_1_597' title='bbox 1562 1855 1760 1884; x_wconf 78' lang='grc' dir='ltr'>ἀνακαλεῖσθαι</span> <span class='ocrx_word' id='word_1_598' title='bbox 1788 1860 1833 1885; x_wconf 75' lang='grc' dir='ltr'>ἀεὶ</span> <span class='ocrx_word' id='word_1_599' title='bbox 1853 1863 1892 1886; x_wconf 71' lang='grc' dir='ltr'>τὶν</span> 
     </span>
    </p>
   </div>
   <div class='ocr_carea' id='block_1_85' title="bbox 1109 1896 1892 1938">
    <p class='ocr_par' dir='ltr' id='par_1_85' title="bbox 1109 1896 1892 1938">
     <span class='ocr_line' id='line_1_85' title="bbox 1109 1896 1892 1938; baseline 0.011 -16"><span class='ocrx_word' id='word_1_600' title='bbox 1109 1896 1319 1932; x_wconf 82' lang='grc' dir='ltr'>ὑποστρέψαντα</span> <span class='ocrx_word' id='word_1_601' title='bbox 1331 1898 1505 1933; x_wconf 70' lang='grc' dir='ltr'>αἰχμάλωτον</span> <span class='ocrx_word' id='word_1_602' title='bbox 1520 1901 1551 1926; x_wconf 78' lang='grc' dir='ltr'>τὸ</span> <span class='ocrx_word' id='word_1_603' title='bbox 1567 1901 1670 1928; x_wconf 81' lang='grc' dir='ltr'>οίκεῖον</span> <span class='ocrx_word' id='word_1_604' title='bbox 1702 1902 1789 1938; x_wconf 70' lang='grc' dir='ltr'>μέλος</span> <span class='ocrx_word' id='word_1_605' title='bbox 1803 1913 1812 1921; x_wconf 75' lang='grc' dir='ltr'><strong>ο</strong></span> <span class='ocrx_word' id='word_1_606' title='bbox 1837 1907 1892 1932; x_wconf 72' lang='grc' dir='ltr'>εἰπὲ</span> 
     </span>
    </p>
   </div>
   <div class='ocr_carea' id='block_1_86' title="bbox 1108 1942 1891 1986">
    <p class='ocr_par' dir='ltr' id='par_1_86' title="bbox 1108 1942 1891 1986">
     <span class='ocr_line' id='line_1_86' title="bbox 1108 1942 1891 1986; baseline 0.01 -17"><span class='ocrx_word' id='word_1_607' title='bbox 1108 1942 1149 1969; x_wconf 85' lang='grc' dir='ltr'>ὄτι</span> <span class='ocrx_word' id='word_1_608' title='bbox 1166 1943 1200 1969; x_wconf 86' lang='grc' dir='ltr'><strong>τὰ</strong></span> <span class='ocrx_word' id='word_1_609' title='bbox 1226 1945 1279 1978; x_wconf 86' lang='grc' dir='ltr'>τῆς</span> <span class='ocrx_word' id='word_1_610' title='bbox 1313 1944 1532 1972; x_wconf 81' lang='grc' dir='ltr'>Ίουστινιανείου</span> <span class='ocrx_word' id='word_1_611' title='bbox 1562 1949 1664 1983; x_wconf 81' lang='grc' dir='ltr'>νεαρᾶς</span> <span class='ocrx_word' id='word_1_612' title='bbox 1697 1949 1891 1986; x_wconf 78' lang='grc' dir='ltr'>ὴπράκτησαν,</span> 
     </span>
    </p>
   </div>
   <div class='ocr_carea' id='block_1_87' title="bbox 1109 1987 1892 2032">
    <p class='ocr_par' dir='ltr' id='par_1_87' title="bbox 1109 1987 1892 2032">
     <span class='ocr_line' id='line_1_87' title="bbox 1109 1987 1892 2032; baseline 0.011 -17"><span class='ocrx_word' id='word_1_613' title='bbox 1109 1987 1288 2024; x_wconf 78' lang='grc' dir='ltr'>ἀναιρεθέντα</span> <span class='ocrx_word' id='word_1_614' title='bbox 1304 1989 1357 2016; x_wconf 73' lang='grc' dir='ltr'><strong>ὑπὸ</strong></span> <span class='ocrx_word' id='word_1_615' title='bbox 1370 1991 1419 2025; x_wconf 77' lang='grc' dir='ltr'>τῆς</span> <span class='ocrx_word' id='word_1_616' title='bbox 1441 1991 1572 2027; x_wconf 79' lang='grc' dir='ltr'>ῥηθείσης</span> <span class='ocrx_word' id='word_1_617' title='bbox 1598 1993 1655 2028; x_wconf 86' lang='grc' dir='ltr'>ρλγ¹</span> <span class='ocrx_word' id='word_1_618' title='bbox 1667 1997 1771 2030; x_wconf 82' lang='grc' dir='ltr'>νεαρᾶς</span> <span class='ocrx_word' id='word_1_619' title='bbox 1785 1997 1834 2023; x_wconf 74' lang='grc' dir='ltr'>τοῦ</span> <span class='ocrx_word' id='word_1_620' title='bbox 1848 1998 1892 2032; x_wconf 64' lang='lat' dir='ltr'><strong>gz-</strong></span> 
     </span>
    </p>
   </div>
   <div class='ocr_carea' id='block_1_88' title="bbox 1109 2035 1891 2078">
    <p class='ocr_par' dir='ltr' id='par_1_88' title="bbox 1109 2035 1891 2078">
     <span class='ocr_line' id='line_1_88' title="bbox 1109 2035 1891 2078; baseline 0.013 -18"><span class='ocrx_word' id='word_1_621' title='bbox 1109 2035 1204 2066; x_wconf 83' lang='grc' dir='ltr'>σιλέως</span> <span class='ocrx_word' id='word_1_622' title='bbox 1234 2035 1317 2070; x_wconf 65' lang='grc' dir='ltr'>κυρσῦ</span> <span class='ocrx_word' id='word_1_623' title='bbox 1328 2035 1442 2068; x_wconf 83' lang='grc' dir='ltr'>Λέοντος</span> <span class='ocrx_word' id='word_1_624' title='bbox 1456 2036 1504 2064; x_wconf 81' lang='grc' dir='ltr'>τοῦ</span> <span class='ocrx_word' id='word_1_625' title='bbox 1513 2038 1610 2073; x_wconf 84' lang='grc' dir='ltr'><strong>Σοφοῦ.</strong></span> <span class='ocrx_word' id='word_1_626' title='bbox 1647 2039 1710 2067; x_wconf 81' lang='grc' dir='ltr'><strong>Ἐπὶ</strong></span> <span class='ocrx_word' id='word_1_627' title='bbox 1727 2042 1840 2073; x_wconf 75' lang='grc' dir='ltr'>τούτοις</span> <span class='ocrx_word' id='word_1_628' title='bbox 1859 2046 1891 2078; x_wconf 78' lang='grc' dir='ltr'>μὴ</span> 
     </span>
    </p>
   </div>
   <div class='ocr_carea' id='block_1_89' title="bbox 1108 2079 1892 2120">
    <p class='ocr_par' dir='ltr' id='par_1_89' title="bbox 1108 2079 1892 2120">
     <span class='ocr_line' id='line_1_89' title="bbox 1108 2079 1892 2120; baseline 0.013 -16"><span class='ocrx_word' id='word_1_629' title='bbox 1108 2079 1258 2114; x_wconf 66' lang='grc' dir='ltr'>ἐναντιωθῇ</span> <span class='ocrx_word' id='word_1_630' title='bbox 1292 2088 1335 2107; x_wconf 88' lang='grc' dir='ltr'><strong>σοι</strong></span> <span class='ocrx_word' id='word_1_631' title='bbox 1355 2080 1387 2106; x_wconf 81' lang='grc' dir='ltr'><strong>τὸ</strong></span> <span class='ocrx_word' id='word_1_632' title='bbox 1411 2082 1648 2116; x_wconf 78' lang='grc' dir='ltr'>παρατελευταῖον</span> <span class='ocrx_word' id='word_1_633' title='bbox 1672 2084 1744 2120; x_wconf 83' lang='grc' dir='ltr'>θέμα</span> <span class='ocrx_word' id='word_1_634' title='bbox 1778 2088 1828 2114; x_wconf 83' lang='grc' dir='ltr'>τοῦ</span> <span class='ocrx_word' id='word_1_635' title='bbox 1864 2092 1892 2114; x_wconf 82' lang='grc' dir='ltr'>ια’</span> 
     </span>
    </p>
   </div>
   <div class='ocr_carea' id='block_1_90' title="bbox 1108 2124 1890 2162">
    <p class='ocr_par' dir='ltr' id='par_1_90' title="bbox 1108 2124 1890 2162">
     <span class='ocr_line' id='line_1_90' title="bbox 1108 2124 1890 2162; baseline 0.01 -11"><span class='ocrx_word' id='word_1_636' title='bbox 1108 2124 1217 2160; x_wconf 80' lang='grc' dir='ltr'>κεφ.λζ¹</span> <span class='ocrx_word' id='word_1_637' title='bbox 1229 2124 1319 2151; x_wconf 82' lang='grc' dir='ltr'>τίτλον</span> <span class='ocrx_word' id='word_1_638' title='bbox 1332 2126 1378 2153; x_wconf 82' lang='grc' dir='ltr'><strong>τοῦ</strong></span> <span class='ocrx_word' id='word_1_639' title='bbox 1391 2126 1412 2159; x_wconf 77' lang='grc' dir='ltr'><strong>ξ’</strong></span> <span class='ocrx_word' id='word_1_640' title='bbox 1424 2126 1495 2162; x_wconf 78' lang='grc' dir='ltr'><strong>βιόλ.</strong></span> <span class='ocrx_word' id='word_1_641' title='bbox 1504 2127 1584 2162; x_wconf 80' lang='grc' dir='ltr'>λέγον</span> <span class='ocrx_word' id='word_1_642' title='bbox 1596 2136 1604 2144; x_wconf 83' lang='grc'><strong><em>⁸</em></strong></span> <span class='ocrx_word' id='word_1_643' title='bbox 1636 2130 1699 2157; x_wconf 74' lang='grc' dir='ltr'><strong>Ἐὰν</strong></span> <span class='ocrx_word' id='word_1_644' title='bbox 1731 2131 1781 2158; x_wconf 76' lang='grc' dir='ltr'><strong>ἐπὶ</strong></span> <span class='ocrx_word' id='word_1_645' title='bbox 1811 2134 1890 2159; x_wconf 53' lang='grc' dir='ltr'>πολιν</span> 
     </span>
    </p>
   </div>
   <div class='ocr_carea' id='block_1_91' title="bbox 1107 2171 1891 2213">
    <p class='ocr_par' dir='ltr' id='par_1_91' title="bbox 1107 2171 1891 2213">
     <span class='ocr_line' id='line_1_91' title="bbox 1107 2171 1891 2213; baseline 0.013 -18"><span class='ocrx_word' id='word_1_646' title='bbox 1107 2171 1203 2206; x_wconf 87' lang='grc' dir='ltr'>χρόνον</span> <span class='ocrx_word' id='word_1_647' title='bbox 1215 2171 1418 2205; x_wconf 79' lang='grc' dir='ltr'>ἀπολειφθέντα</span> <span class='ocrx_word' id='word_1_648' title='bbox 1428 2173 1473 2199; x_wconf 83' lang='grc' dir='ltr'>τὸν</span> <span class='ocrx_word' id='word_1_649' title='bbox 1486 2173 1572 2209; x_wconf 79' lang='grc' dir='ltr'>ἄνδρα</span> <span class='ocrx_word' id='word_1_650' title='bbox 1606 2175 1735 2209; x_wconf 86' lang='grc' dir='ltr'>πλαστῶς</span> <span class='ocrx_word' id='word_1_651' title='bbox 1765 2178 1784 2213; x_wconf 79' lang='grc' dir='ltr'>ὴ</span> <span class='ocrx_word' id='word_1_652' title='bbox 1824 2182 1891 2213; x_wconf 75' lang='grc' dir='ltr'>γυνὴ</span> 
     </span>
    </p>
   </div>
   <div class='ocr_carea' id='block_1_92' title="bbox 272 2209 1891 2257">
    <p class='ocr_par' dir='ltr' id='par_1_92' title="bbox 272 2209 1891 2257">
     <span class='ocr_line' id='line_1_92' title="bbox 272 2209 1891 2257; baseline 0.011 -22"><span class='ocrx_word' id='word_1_653' title='bbox 272 2209 616 2257; x_wconf 60' lang='grc' dir='ltr'>ἁκρύσητελευτῆσαι,κ;ιὶ</span> <span class='ocrx_word' id='word_1_654' title='bbox 631 2212 814 2250; x_wconf 72' lang='grc' dir='ltr'>πεισθεῖσατῇ</span> <span class='ocrx_word' id='word_1_655' title='bbox 839 2215 916 2251; x_wconf 82' lang='grc' dir='ltr'>φήμῃ</span> <span class='ocrx_word' id='word_1_656' title='bbox 955 2218 1040 2254; x_wconf 79' lang='grc' dir='ltr'>ἑτέρῳ</span> <span class='ocrx_word' id='word_1_657' title='bbox 1059 2221 1172 2256; x_wconf 77' lang='grc' dir='ltr'>γαμηθῇ</span> <span class='ocrx_word' id='word_1_658' title='bbox 1207 2218 1319 2251; x_wconf 74' lang='grc' dir='ltr'>ἀδόλως,</span> <span class='ocrx_word' id='word_1_659' title='bbox 1352 2220 1381 2246; x_wconf 79' lang='grc' dir='ltr'>οὐ</span> <span class='ocrx_word' id='word_1_660' title='bbox 1425 2223 1599 2257; x_wconf 78' lang='grc' dir='ltr'>τιμωρεῖται.</span> <span class='ocrx_word' id='word_1_661' title='bbox 1635 2225 1705 2251; x_wconf 80' lang='grc' dir='ltr'>Ἀλλ’</span> <span class='ocrx_word' id='word_1_662' title='bbox 1731 2209 1796 2253; x_wconf 63' lang='grc' dir='ltr'>εἰπὲ</span> <span class='ocrx_word' id='word_1_663' title='bbox 1823 2209 1891 2254; x_wconf 44' lang='grc' dir='ltr'><strong>ἐμὲ</strong></span> 
     </span>
    </p>
   </div>
   <div class='ocr_carea' id='block_1_93' title="bbox 272 2254 1193 2304">
    <p class='ocr_par' dir='ltr' id='par_1_93' title="bbox 272 2254 1193 2304">
     <span class='ocr_line' id='line_1_93' title="bbox 272 2254 1193 2304; baseline 0.015 -24"><span class='ocrx_word' id='word_1_664' title='bbox 272 2254 352 2282; x_wconf 78' lang='grc' dir='ltr'>τοῦτο</span> <span class='ocrx_word' id='word_1_665' title='bbox 367 2256 509 2290; x_wconf 82' lang='grc' dir='ltr'>διγέστων,</span> <span class='ocrx_word' id='word_1_666' title='bbox 526 2258 574 2284; x_wconf 77' lang='grc' dir='ltr'>καὶ</span> <span class='ocrx_word' id='word_1_667' title='bbox 590 2258 768 2294; x_wconf 78' lang='grc' dir='ltr'>ἀναιρεθῆναι</span> <span class='ocrx_word' id='word_1_668' title='bbox 783 2261 835 2288; x_wconf 80' lang='grc' dir='ltr'><strong>ὑπὸ</strong></span> <span class='ocrx_word' id='word_1_669' title='bbox 851 2262 906 2290; x_wconf 88' lang='grc' dir='ltr'><strong>τῶν</strong></span> <span class='ocrx_word' id='word_1_670' title='bbox 919 2254 1193 2304; x_wconf 18' lang='grc' dir='ltr'>ῥηθεισῶνγνσαρῶν.</span> 
     </span>
    </p>
   </div>
   <div class='ocr_carea' id='block_1_94' title="bbox 309 2302 1092 2350">
    <p class='ocr_par' dir='ltr' id='par_1_94' title="bbox 309 2302 1092 2350">
     <span class='ocr_line' id='line_1_94' title="bbox 309 2302 1092 2350; baseline 0.019 -21"><span class='ocrx_word' id='word_1_671' title='bbox 309 2302 434 2330; x_wconf 61' lang='lat' dir='ltr'><strong>ZONAR.</strong></span> <span class='ocrx_word' id='word_1_672' title='bbox 448 2304 513 2337; x_wconf 74' lang='lat' dir='ltr'><strong>Qua:</strong></span> <span class='ocrx_word' id='word_1_673' title='bbox 530 2305 637 2338; x_wconf 86' lang='lat' dir='ltr'><strong>mulier,</strong></span> <span class='ocrx_word' id='word_1_674' title='bbox 653 2307 713 2334; x_wconf 89' lang='lat' dir='ltr'><strong>viro</strong></span> <span class='ocrx_word' id='word_1_675' title='bbox 731 2310 939 2344; x_wconf 75' lang='lat' dir='ltr'><strong>peregrinante.</strong></span> <span class='ocrx_word' id='word_1_676' title='bbox 963 2322 1053 2350; x_wconf 89' lang='lat' dir='ltr'><strong>neque</strong></span> <span class='ocrx_word' id='word_1_677' title='bbox 1066 2319 1092 2349; x_wconf 84' lang='lat' dir='ltr'><strong>D</strong></span> 
     </span>
    </p>
   </div>
   <div class='ocr_carea' id='block_1_95' title="bbox 273 2349 1055 2389">
    <p class='ocr_par' dir='ltr' id='par_1_95' title="bbox 273 2349 1055 2389">
     <span class='ocr_line' id='line_1_95' title="bbox 273 2349 1055 2389; baseline 0.018 -15"><span class='ocrx_word' id='word_1_678' title='bbox 273 2349 356 2384; x_wconf 69' lang='lat' dir='ltr'><strong>longo</strong></span> <span class='ocrx_word' id='word_1_679' title='bbox 380 2351 511 2384; x_wconf 73' lang='lat' dir='ltr'><strong>temporis</strong></span> <span class='ocrx_word' id='word_1_680' title='bbox 535 2351 677 2379; x_wconf 79' lang='lat' dir='ltr'><strong>intervallo</strong></span> <span class='ocrx_word' id='word_1_681' title='bbox 694 2359 859 2389; x_wconf 80' lang='lat' dir='ltr'><strong>revertente,</strong></span> <span class='ocrx_word' id='word_1_682' title='bbox 885 2364 948 2385; x_wconf 90' lang='lat' dir='ltr'><strong>cum</strong></span> <span class='ocrx_word' id='word_1_683' title='bbox 977 2349 1055 2388; x_wconf 84' lang='lat' dir='ltr'><strong>illum</strong></span> 
     </span>
    </p>
   </div>
   <div class='ocr_carea' id='block_1_96' title="bbox 271 2394 1056 2436">
    <p class='ocr_par' dir='ltr' id='par_1_96' title="bbox 271 2394 1056 2436">
     <span class='ocr_line' id='line_1_96' title="bbox 271 2394 1056 2436; baseline 0.017 -15"><span class='ocrx_word' id='word_1_684' title='bbox 271 2394 426 2422; x_wconf 80' lang='lat' dir='ltr'><strong>decessisse</strong></span> <span class='ocrx_word' id='word_1_685' title='bbox 450 2396 570 2423; x_wconf 92' lang='lat' dir='ltr'><strong>nondum</strong></span> <span class='ocrx_word' id='word_1_686' title='bbox 598 2398 679 2432; x_wconf 83' lang='lat' dir='ltr'><strong>plane</strong></span> <span class='ocrx_word' id='word_1_687' title='bbox 705 2406 877 2434; x_wconf 87' lang='lat' dir='ltr'><strong>compertum</strong></span> <span class='ocrx_word' id='word_1_688' title='bbox 905 2404 949 2436; x_wconf 85' lang='lat' dir='ltr'><strong>sit,</strong></span> <span class='ocrx_word' id='word_1_689' title='bbox 979 2407 1056 2434; x_wconf 88' lang='lat' dir='ltr'><strong>alteri</strong></span> 
     </span>
    </p>
   </div>
   <div class='ocr_carea' id='block_1_97' title="bbox 272 2441 1056 2480">
    <p class='ocr_par' dir='ltr' id='par_1_97' title="bbox 272 2441 1056 2480">
     <span class='ocr_line' id='line_1_97' title="bbox 272 2441 1056 2480; baseline 0.018 -15"><span class='ocrx_word' id='word_1_690' title='bbox 272 2441 333 2466; x_wconf 81' lang='lat' dir='ltr'><strong>viro</strong></span> <span class='ocrx_word' id='word_1_691' title='bbox 355 2441 501 2475; x_wconf 80' lang='lat' dir='ltr'><strong>nupserit,</strong></span> <span class='ocrx_word' id='word_1_692' title='bbox 518 2442 644 2470; x_wconf 82' lang='lat' dir='ltr'><strong>adulterii</strong></span> <span class='ocrx_word' id='word_1_693' title='bbox 667 2445 771 2472; x_wconf 88' lang='lat' dir='ltr'><strong>crimen</strong></span> <span class='ocrx_word' id='word_1_694' title='bbox 790 2447 919 2476; x_wconf 87' lang='lat' dir='ltr'><strong>admittit.</strong></span> <span class='ocrx_word' id='word_1_695' title='bbox 942 2450 1056 2480; x_wconf 83' lang='lat' dir='ltr'><strong>Militum</strong></span> 
     </span>
    </p>
   </div>
   <div class='ocr_carea' id='block_1_98' title="bbox 272 2489 1056 2531">
    <p class='ocr_par' dir='ltr' id='par_1_98' title="bbox 272 2489 1056 2531">
     <span class='ocr_line' id='line_1_98' title="bbox 272 2489 1056 2531; baseline 0.018 -20"><span class='ocrx_word' id='word_1_696' title='bbox 272 2494 382 2521; x_wconf 77' lang='lat' dir='ltr'><strong>quoque</strong></span> <span class='ocrx_word' id='word_1_697' title='bbox 397 2494 517 2519; x_wconf 80' lang='lat' dir='ltr'><strong>uxores,</strong></span> <span class='ocrx_word' id='word_1_698' title='bbox 545 2490 569 2516; x_wconf 88' lang='lat' dir='ltr'><strong>si</strong></span> <span class='ocrx_word' id='word_1_699' title='bbox 592 2489 659 2531; x_wconf 82' lang='lat' dir='ltr'><strong>viris</strong></span> <span class='ocrx_word' id='word_1_700' title='bbox 679 2492 799 2525; x_wconf 89' lang='lat' dir='ltr'><strong>ipsarum</strong></span> <span class='ocrx_word' id='word_1_701' title='bbox 821 2501 874 2520; x_wconf 88' lang='lat' dir='ltr'><strong>nmt</strong></span> <span class='ocrx_word' id='word_1_702' title='bbox 901 2499 1056 2531; x_wconf 87' lang='lat' dir='ltr'><strong>apparenti-</strong></span> 
     </span>
    </p>
   </div>
   <div class='ocr_carea' id='block_1_99' title="bbox 272 2533 1055 2574">
    <p class='ocr_par' dir='ltr' id='par_1_99' title="bbox 272 2533 1055 2574">
     <span class='ocr_line' id='line_1_99' title="bbox 272 2533 1055 2574; baseline 0.017 -15"><span class='ocrx_word' id='word_1_703' title='bbox 272 2533 325 2560; x_wconf 84' lang='lat' dir='ltr'><strong>bus</strong></span> <span class='ocrx_word' id='word_1_704' title='bbox 346 2533 407 2561; x_wconf 87' lang='lat' dir='ltr'><strong>aliis</strong></span> <span class='ocrx_word' id='word_1_705' title='bbox 434 2535 586 2569; x_wconf 80' lang='lat' dir='ltr'><strong>nupserint,</strong></span> <span class='ocrx_word' id='word_1_706' title='bbox 621 2537 747 2564; x_wconf 82' lang='lat' dir='ltr'><strong>adulterii</strong></span> <span class='ocrx_word' id='word_1_707' title='bbox 769 2539 846 2574; x_wconf 87' lang='lat' dir='ltr'><strong>culpa</strong></span> <span class='ocrx_word' id='word_1_708' title='bbox 870 2548 923 2568; x_wconf 89' lang='lat' dir='ltr'><strong>nott</strong></span> <span class='ocrx_word' id='word_1_709' title='bbox 948 2549 1055 2573; x_wconf 85' lang='lat' dir='ltr'><strong>vacant.</strong></span> 
     </span>
    </p>
   </div>
   <div class='ocr_carea' id='block_1_100' title="bbox 272 2578 1056 2617">
    <p class='ocr_par' dir='ltr' id='par_1_100' title="bbox 272 2578 1056 2617">
     <span class='ocr_line' id='line_1_100' title="bbox 272 2578 1056 2617; baseline 0.017 -13"><span class='ocrx_word' id='word_1_710' title='bbox 272 2578 381 2611; x_wconf 82' lang='lat' dir='ltr'><strong>Quibus</strong></span> <span class='ocrx_word' id='word_1_711' title='bbox 393 2582 496 2611; x_wconf 86' lang='lat' dir='ltr'><strong>tamen,</strong></span> <span class='ocrx_word' id='word_1_712' title='bbox 517 2582 590 2615; x_wconf 90' lang='lat' dir='ltr'><strong>quod</strong></span> <span class='ocrx_word' id='word_1_713' title='bbox 611 2582 638 2608; x_wconf 91' lang='lat' dir='ltr'><strong>itt</strong></span> <span class='ocrx_word' id='word_1_714' title='bbox 659 2583 744 2611; x_wconf 79' lang='lat' dir='ltr'><strong>utilite</strong></span> <span class='ocrx_word' id='word_1_715' title='bbox 765 2585 847 2612; x_wconf 77' lang='lat' dir='ltr'><strong>vitam</strong></span> <span class='ocrx_word' id='word_1_716' title='bbox 867 2587 937 2614; x_wconf 87' lang='lat' dir='ltr'><strong>inter</strong></span> <span class='ocrx_word' id='word_1_717' title='bbox 954 2592 1056 2617; x_wconf 81' lang='lat' dir='ltr'><strong>tumul-</strong></span> 
     </span>
    </p>
   </div>
   <div class='ocr_carea' id='block_1_101' title="bbox 273 2624 1055 2664">
    <p class='ocr_par' dir='ltr' id='par_1_101' title="bbox 273 2624 1055 2664">
     <span class='ocr_line' id='line_1_101' title="bbox 273 2624 1055 2664; baseline 0.018 -15"><span class='ocrx_word' id='word_1_718' title='bbox 273 2628 318 2650; x_wconf 84' lang='lat' dir='ltr'><strong>tus</strong></span> <span class='ocrx_word' id='word_1_719' title='bbox 331 2624 463 2651; x_wconf 80' lang='lat' dir='ltr'><strong>bellorum</strong></span> <span class='ocrx_word' id='word_1_720' title='bbox 479 2630 576 2660; x_wconf 81' lang='lat' dir='ltr'><strong>agente</strong></span> <span class='ocrx_word' id='word_1_721' title='bbox 593 2627 689 2654; x_wconf 87' lang='lat' dir='ltr'><strong>mortis</strong></span> <span class='ocrx_word' id='word_1_722' title='bbox 708 2629 828 2664; x_wconf 89' lang='lat' dir='ltr'><strong>suspicio</strong></span> <span class='ocrx_word' id='word_1_723' title='bbox 845 2631 953 2660; x_wconf 79' lang='lat' dir='ltr'><strong>facilius</strong></span> <span class='ocrx_word' id='word_1_724' title='bbox 976 2635 1055 2663; x_wconf 79' lang='lat' dir='ltr'><strong>tidem</strong></span> 
     </span>
    </p>
   </div>
   <div class='ocr_carea' id='block_1_102' title="bbox 273 2667 1057 2714">
    <p class='ocr_par' dir='ltr' id='par_1_102' title="bbox 273 2667 1057 2714">
     <span class='ocr_line' id='line_1_102' title="bbox 273 2667 1057 2714; baseline 0.018 -20"><span class='ocrx_word' id='word_1_725' title='bbox 273 2667 406 2701; x_wconf 78' lang='lat' dir='ltr'><strong>inveniat,</strong></span> <span class='ocrx_word' id='word_1_726' title='bbox 431 2669 583 2698; x_wconf 80' lang='lat' dir='ltr'><strong>faciliorem</strong></span> <span class='ocrx_word' id='word_1_727' title='bbox 608 2679 636 2699; x_wconf 89' lang='lat' dir='ltr'><strong>se</strong></span> <span class='ocrx_word' id='word_1_728' title='bbox 655 2681 743 2701; x_wconf 82' lang='lat' dir='ltr'><strong>canon</strong></span> <span class='ocrx_word' id='word_1_729' title='bbox 759 2675 784 2701; x_wconf 95' lang='lat' dir='ltr'><strong>in</strong></span> <span class='ocrx_word' id='word_1_730' title='bbox 799 2676 966 2711; x_wconf 76' lang='lat' dir='ltr'><strong>ignoscendo</strong></span> <span class='ocrx_word' id='word_1_731' title='bbox 989 2688 1057 2714; x_wconf 70' lang='lat' dir='ltr'><strong>prte-</strong></span> 
     </span>
    </p>
   </div>
   <div class='ocr_carea' id='block_1_103' title="bbox 273 2713 1054 2755">
    <p class='ocr_par' dir='ltr' id='par_1_103' title="bbox 273 2713 1054 2755">
     <span class='ocr_line' id='line_1_103' title="bbox 273 2713 1054 2755; baseline 0.017 -16"><span class='ocrx_word' id='word_1_732' title='bbox 273 2713 328 2740; x_wconf 88' lang='lat' dir='ltr'><strong>bet.</strong></span> <span class='ocrx_word' id='word_1_733' title='bbox 353 2713 391 2755; x_wconf 70' lang='lat' dir='ltr'><strong>De</strong></span> <span class='ocrx_word' id='word_1_734' title='bbox 407 2714 449 2741; x_wconf 87' lang='lat' dir='ltr'><strong>Itis</strong></span> <span class='ocrx_word' id='word_1_735' title='bbox 468 2719 557 2742; x_wconf 88' lang='lat' dir='ltr'><strong>autem</strong></span> <span class='ocrx_word' id='word_1_736' title='bbox 577 2725 691 2752; x_wconf 78' lang='lat' dir='ltr'><strong>magnus</strong></span> <span class='ocrx_word' id='word_1_737' title='bbox 704 2727 812 2755; x_wconf 79' lang='lat' dir='ltr'><strong>quoque</strong></span> <span class='ocrx_word' id='word_1_738' title='bbox 827 2721 945 2751; x_wconf 80' lang='lat' dir='ltr'><strong>Basilius</strong></span> <span class='ocrx_word' id='word_1_739' title='bbox 960 2713 1054 2752; x_wconf 76' lang='lat' dir='ltr'><strong>eodem</strong></span> 
     </span>
    </p>
   </div>
   <div class='ocr_carea' id='block_1_104' title="bbox 272 2753 1052 2805">
    <p class='ocr_par' dir='ltr' id='par_1_104' title="bbox 272 2753 1052 2805">
     <span class='ocr_line' id='line_1_104' title="bbox 272 2753 1052 2805; baseline 0.018 -20"><span class='ocrx_word' id='word_1_740' title='bbox 272 2753 416 2787; x_wconf 70' lang='lat' dir='ltr'><strong>tricesimo</strong></span> <span class='ocrx_word' id='word_1_741' title='bbox 432 2761 523 2795; x_wconf 87' lang='lat' dir='ltr'><strong>pritno</strong></span> <span class='ocrx_word' id='word_1_742' title='bbox 535 2767 562 2789; x_wconf 85' lang='lat' dir='ltr'><strong>et</strong></span> <span class='ocrx_word' id='word_1_743' title='bbox 575 2763 715 2791; x_wconf 82' lang='lat' dir='ltr'><strong>tricesimo</strong></span> <span class='ocrx_word' id='word_1_744' title='bbox 731 2773 807 2794; x_wconf 79' lang='lat' dir='ltr'><strong>sexto</strong></span> <span class='ocrx_word' id='word_1_745' title='bbox 822 2776 928 2797; x_wconf 79' lang='lat' dir='ltr'><strong>canone</strong></span> <span class='ocrx_word' id='word_1_746' title='bbox 947 2773 1052 2805; x_wconf 81' lang='lat' dir='ltr'><strong>statuit,</strong></span> 
     </span>
    </p>
   </div>
   <div class='ocr_carea' id='block_1_105' title="bbox 273 2804 1053 2849">
    <p class='ocr_par' dir='ltr' id='par_1_105' title="bbox 273 2804 1053 2849">
     <span class='ocr_line' id='line_1_105' title="bbox 273 2804 1053 2849; baseline 0.019 -20"><span class='ocrx_word' id='word_1_747' title='bbox 273 2804 317 2830; x_wconf 66' lang='lat' dir='ltr'><strong>vel</strong></span> <span class='ocrx_word' id='word_1_748' title='bbox 332 2806 421 2837; x_wconf 81' lang='lat' dir='ltr'><strong>potius</strong></span> <span class='ocrx_word' id='word_1_749' title='bbox 435 2805 496 2839; x_wconf 83' lang='lat' dir='ltr'><strong>ejus</strong></span> <span class='ocrx_word' id='word_1_750' title='bbox 509 2814 630 2836; x_wconf 86' lang='lat' dir='ltr'><strong>canones</strong></span> <span class='ocrx_word' id='word_1_751' title='bbox 646 2809 671 2836; x_wconf 89' lang='lat' dir='ltr'><strong>in</strong></span> <span class='ocrx_word' id='word_1_752' title='bbox 686 2811 758 2838; x_wconf 88' lang='lat' dir='ltr'><strong>hunc</strong></span> <span class='ocrx_word' id='word_1_753' title='bbox 775 2812 862 2840; x_wconf 86' lang='lat' dir='ltr'><strong>locum</strong></span> <span class='ocrx_word' id='word_1_754' title='bbox 875 2817 995 2849; x_wconf 80' lang='lat' dir='ltr'><strong>synodus</strong></span> <span class='ocrx_word' id='word_1_755' title='bbox 1012 2821 1053 2844; x_wconf 85' lang='lat' dir='ltr'><strong>to-</strong></span> 
     </span>
    </p>
   </div>
   <div class='ocr_carea' id='block_1_106' title="bbox 272 2849 1049 2893">
    <p class='ocr_par' dir='ltr' id='par_1_106' title="bbox 272 2849 1049 2893">
     <span class='ocr_line' id='line_1_106' title="bbox 272 2849 1049 2893; baseline 0.022 -19"><span class='ocrx_word' id='word_1_756' title='bbox 272 2849 358 2875; x_wconf 73' lang='lat' dir='ltr'><strong>tidem</strong></span> <span class='ocrx_word' id='word_1_757' title='bbox 370 2850 462 2878; x_wconf 83' lang='lat' dir='ltr'><strong>verbis</strong></span> <span class='ocrx_word' id='word_1_758' title='bbox 477 2854 627 2881; x_wconf 82' lang='lat' dir='ltr'><strong>transtulit.</strong></span> <span class='ocrx_word' id='word_1_759' title='bbox 641 2855 678 2882; x_wconf 86' lang='lat' dir='ltr'><strong>De</strong></span> <span class='ocrx_word' id='word_1_760' title='bbox 695 2857 826 2886; x_wconf 80' lang='lat' dir='ltr'><strong>uxoribus</strong></span> <span class='ocrx_word' id='word_1_761' title='bbox 836 2867 919 2893; x_wconf 68' lang='lat' dir='ltr'><strong>pill&#39;l&#39;o</strong></span> <span class='ocrx_word' id='word_1_762' title='bbox 934 2863 1049 2890; x_wconf 85' lang='lat' dir='ltr'><strong>militum</strong></span> 
     </span>
    </p>
   </div>
   <div class='ocr_carea' id='block_1_107' title="bbox 1141 2315 1893 2360">
    <p class='ocr_par' dir='ltr' id='par_1_107' title="bbox 1141 2315 1893 2360">
     <span class='ocr_line' id='line_1_107' title="bbox 1141 2315 1893 2360; baseline 0.011 -18"><span class='ocrx_word' id='word_1_763' title='bbox 1141 2316 1263 2343; x_wconf 80' lang='lat' dir='ltr'><strong>ZQNAP.</strong></span> <span class='ocrx_word' id='word_1_764' title='bbox 1285 2315 1349 2342; x_wconf 78' lang='grc' dir='ltr'>Ἐὰν</span> <span class='ocrx_word' id='word_1_765' title='bbox 1362 2316 1442 2353; x_wconf 79' lang='grc' dir='ltr'>γυνὴ,</span> <span class='ocrx_word' id='word_1_766' title='bbox 1468 2317 1697 2354; x_wconf 75' lang='grc' dir='ltr'>ἀναχωρήσαντος</span> <span class='ocrx_word' id='word_1_767' title='bbox 1721 2321 1769 2348; x_wconf 79' lang='grc' dir='ltr'>τοῦ</span> <span class='ocrx_word' id='word_1_768' title='bbox 1797 2324 1893 2360; x_wconf 39' lang='lat' dir='ltr'><strong>svspe-</strong></span> 
     </span>
    </p>
   </div>
   <div class='ocr_carea' id='block_1_108' title="bbox 1106 2362 1892 2406">
    <p class='ocr_par' dir='ltr' id='par_1_108' title="bbox 1106 2362 1892 2406">
     <span class='ocr_line' id='line_1_108' title="bbox 1106 2362 1892 2406; baseline 0.01 -17"><span class='ocrx_word' id='word_1_769' title='bbox 1106 2362 1202 2397; x_wconf 82' lang='grc' dir='ltr'>αὐτῆς,</span> <span class='ocrx_word' id='word_1_770' title='bbox 1221 2362 1269 2388; x_wconf 80' lang='grc' dir='ltr'><strong>καῖ</strong></span> <span class='ocrx_word' id='word_1_771' title='bbox 1286 2363 1333 2388; x_wconf 82' lang='grc' dir='ltr'><strong>ἐπὶ</strong></span> <span class='ocrx_word' id='word_1_772' title='bbox 1350 2362 1458 2397; x_wconf 84' lang='grc' dir='ltr'>μακρὰν</span> <span class='ocrx_word' id='word_1_773' title='bbox 1472 2364 1538 2396; x_wconf 70' lang='grc' dir='ltr'>ἴσως</span> <span class='ocrx_word' id='word_1_774' title='bbox 1555 2365 1592 2400; x_wconf 78' lang='grc' dir='ltr'>μὴ</span> <span class='ocrx_word' id='word_1_775' title='bbox 1613 2366 1822 2402; x_wconf 72' lang='grc' dir='ltr'>ἐπανελθόντος,</span> <span class='ocrx_word' id='word_1_776' title='bbox 1842 2373 1892 2406; x_wconf 69' lang='grc' dir='ltr'>ειτρί</span> 
     </span>
    </p>
   </div>
   <div class='ocr_carea' id='block_1_109' title="bbox 1107 2407 1892 2451">
    <p class='ocr_par' dir='ltr' id='par_1_109' title="bbox 1107 2407 1892 2451">
     <span class='ocr_line' id='line_1_109' title="bbox 1107 2407 1892 2451; baseline 0.011 -18"><span class='ocrx_word' id='word_1_777' title='bbox 1107 2408 1155 2434; x_wconf 82' lang='grc' dir='ltr'>τοῦ</span> <span class='ocrx_word' id='word_1_778' title='bbox 1169 2407 1412 2444; x_wconf 76' lang='grc' dir='ltr'>πληροφορηθῆναι</span> <span class='ocrx_word' id='word_1_779' title='bbox 1429 2410 1454 2435; x_wconf 85' lang='grc' dir='ltr'><strong>εῖ</strong></span> <span class='ocrx_word' id='word_1_780' title='bbox 1465 2409 1502 2441; x_wconf 86' lang='grc' dir='ltr'>ὡς</span> <span class='ocrx_word' id='word_1_781' title='bbox 1517 2410 1626 2446; x_wconf 81' lang='grc' dir='ltr'>ἀληθῶς</span> <span class='ocrx_word' id='word_1_782' title='bbox 1639 2411 1783 2448; x_wconf 81' lang='grc' dir='ltr'>τέθνηκεν,</span> <span class='ocrx_word' id='word_1_783' title='bbox 1806 2416 1892 2451; x_wconf 73' lang='grc' dir='ltr'>ἑτέρῳ</span> 
     </span>
    </p>
   </div>
   <div class='ocr_carea' id='block_1_110' title="bbox 1108 2455 1892 2495">
    <p class='ocr_par' dir='ltr' id='par_1_110' title="bbox 1108 2455 1892 2495">
     <span class='ocr_line' id='line_1_110' title="bbox 1108 2455 1892 2495; baseline 0.014 -16"><span class='ocrx_word' id='word_1_784' title='bbox 1108 2455 1268 2489; x_wconf 81' lang='grc' dir='ltr'>συνοικήσῃ,</span> <span class='ocrx_word' id='word_1_785' title='bbox 1297 2455 1424 2489; x_wconf 80' lang='grc' dir='ltr'>μοιχείαν</span> <span class='ocrx_word' id='word_1_786' title='bbox 1447 2456 1544 2492; x_wconf 84' lang='grc' dir='ltr'>τολμᾷ.</span> <span class='ocrx_word' id='word_1_787' title='bbox 1578 2458 1634 2485; x_wconf 79' lang='grc' dir='ltr'><strong>Καὶ</strong></span> <span class='ocrx_word' id='word_1_788' title='bbox 1662 2462 1842 2495; x_wconf 81' lang='grc' dir='ltr'>στρατιωτῶν</span> <span class='ocrx_word' id='word_1_789' title='bbox 1867 2464 1892 2490; x_wconf 72' lang='grc' dir='ltr'>δὲ</span> 
     </span>
    </p>
   </div>
   <div class='ocr_carea' id='block_1_111' title="bbox 1107 2501 1884 2541">
    <p class='ocr_par' dir='ltr' id='par_1_111' title="bbox 1107 2501 1884 2541">
     <span class='ocr_line' id='line_1_111' title="bbox 1107 2501 1884 2541; baseline 0.01 -15"><span class='ocrx_word' id='word_1_790' title='bbox 1107 2501 1247 2535; x_wconf 79' lang='grc' dir='ltr'>γυναῖκες,</span> <span class='ocrx_word' id='word_1_791' title='bbox 1260 2501 1372 2535; x_wconf 81' lang='grc' dir='ltr'>ἀφανῶν</span> <span class='ocrx_word' id='word_1_792' title='bbox 1383 2501 1437 2528; x_wconf 89' lang='grc' dir='ltr'><strong>τῶν</strong></span> <span class='ocrx_word' id='word_1_793' title='bbox 1453 2502 1559 2537; x_wconf 83' lang='grc' dir='ltr'>ἀνδρῶν</span> <span class='ocrx_word' id='word_1_794' title='bbox 1574 2504 1664 2531; x_wconf 85' lang='grc' dir='ltr'>αὐτῶν</span> <span class='ocrx_word' id='word_1_795' title='bbox 1680 2506 1853 2541; x_wconf 75' lang='grc' dir='ltr'>γενομένων,</span> <span class='ocrx_word' id='word_1_796' title='bbox 1871 2517 1884 2534; x_wconf 84' lang='grc' dir='ltr'><strong>ε</strong></span> 
     </span>
    </p>
   </div>
   <div class='ocr_carea' id='block_1_112' title="bbox 1107 2545 1893 2583">
    <p class='ocr_par' dir='ltr' id='par_1_112' title="bbox 1107 2545 1893 2583">
     <span class='ocr_line' id='line_1_112' title="bbox 1107 2545 1893 2583; baseline 0.01 -12"><span class='ocrx_word' id='word_1_797' title='bbox 1107 2545 1260 2581; x_wconf 85' lang='grc' dir='ltr'>γαμηθεῖεν</span> <span class='ocrx_word' id='word_1_798' title='bbox 1278 2547 1393 2582; x_wconf 83' lang='grc' dir='ltr'>ἑτέροις,</span> <span class='ocrx_word' id='word_1_799' title='bbox 1421 2549 1576 2583; x_wconf 82' lang='grc' dir='ltr'>μοιχαλίδες</span> <span class='ocrx_word' id='word_1_800' title='bbox 1599 2551 1678 2580; x_wconf 80' lang='grc' dir='ltr'>εἰσίν.</span> <span class='ocrx_word' id='word_1_801' title='bbox 1696 2552 1759 2578; x_wconf 80' lang='grc' dir='ltr'><strong>Ἐπὶ</strong></span> <span class='ocrx_word' id='word_1_802' title='bbox 1786 2554 1893 2581; x_wconf 70' lang='grc' dir='ltr'>τούτων</span> 
     </span>
    </p>
   </div>
   <div class='ocr_carea' id='block_1_113' title="bbox 1107 2591 1894 2635">
    <p class='ocr_par' dir='ltr' id='par_1_113' title="bbox 1107 2591 1894 2635">
     <span class='ocr_line' id='line_1_113' title="bbox 1107 2591 1894 2635; baseline 0.011 -17"><span class='ocrx_word' id='word_1_803' title='bbox 1107 2591 1136 2618; x_wconf 84' lang='grc' dir='ltr'>δὲ</span> <span class='ocrx_word' id='word_1_804' title='bbox 1150 2592 1250 2626; x_wconf 85' lang='grc' dir='ltr'>μᾶλλον</span> <span class='ocrx_word' id='word_1_805' title='bbox 1273 2597 1464 2629; x_wconf 85' lang='grc' dir='ltr'>συγγνωμονεῖ</span> <span class='ocrx_word' id='word_1_806' title='bbox 1478 2597 1491 2622; x_wconf 80' lang='grc' dir='ltr'><strong>ό</strong></span> <span class='ocrx_word' id='word_1_807' title='bbox 1507 2596 1606 2628; x_wconf 78' lang='grc' dir='ltr'>κανὼν,</span> <span class='ocrx_word' id='word_1_808' title='bbox 1624 2597 1667 2625; x_wconf 84' lang='grc' dir='ltr'><strong>διὰ</strong></span> <span class='ocrx_word' id='word_1_809' title='bbox 1678 2598 1707 2625; x_wconf 75' lang='grc' dir='ltr'>τὸ</span> <span class='ocrx_word' id='word_1_810' title='bbox 1723 2599 1788 2631; x_wconf 78' lang='grc' dir='ltr'>τοὺς</span> <span class='ocrx_word' id='word_1_811' title='bbox 1811 2608 1894 2635; x_wconf 82' lang='grc' dir='ltr'>στρα-</span> 
     </span>
    </p>
   </div>
   <div class='ocr_carea' id='block_1_114' title="bbox 1106 2637 1893 2680">
    <p class='ocr_par' dir='ltr' id='par_1_114' title="bbox 1106 2637 1893 2680">
     <span class='ocr_line' id='line_1_114' title="bbox 1106 2637 1893 2680; baseline 0.013 -18"><span class='ocrx_word' id='word_1_812' title='bbox 1106 2637 1206 2668; x_wconf 80' lang='grc' dir='ltr'>τιώτας</span> <span class='ocrx_word' id='word_1_813' title='bbox 1227 2638 1328 2673; x_wconf 81' lang='grc' dir='ltr'>μᾶλλον</span> <span class='ocrx_word' id='word_1_814' title='bbox 1354 2639 1531 2666; x_wconf 79' lang='grc' dir='ltr'>πιστεύεσθαι</span> <span class='ocrx_word' id='word_1_815' title='bbox 1561 2642 1652 2668; x_wconf 81' lang='grc' dir='ltr'>θανεῖν</span> <span class='ocrx_word' id='word_1_816' title='bbox 1667 2662 1674 2675; x_wconf 89' lang='grc'><em>,</em></span> <span class='ocrx_word' id='word_1_817' title='bbox 1704 2644 1735 2669; x_wconf 83' lang='grc' dir='ltr'>ἐν</span> <span class='ocrx_word' id='word_1_818' title='bbox 1760 2645 1893 2680; x_wconf 82' lang='grc' dir='ltr'>πολέμοις</span> 
     </span>
    </p>
   </div>
   <div class='ocr_carea' id='block_1_115' title="bbox 1107 2681 1892 2724">
    <p class='ocr_par' dir='ltr' id='par_1_115' title="bbox 1107 2681 1892 2724">
     <span class='ocr_line' id='line_1_115' title="bbox 1107 2681 1892 2724; baseline 0.015 -18"><span class='ocrx_word' id='word_1_819' title='bbox 1107 2681 1375 2718; x_wconf 67' lang='grc' dir='ltr'>ἀναστρεφομένους.</span> <span class='ocrx_word' id='word_1_820' title='bbox 1399 2685 1467 2720; x_wconf 81' lang='grc' dir='ltr'>Περὶ</span> <span class='ocrx_word' id='word_1_821' title='bbox 1480 2686 1581 2714; x_wconf 82' lang='grc' dir='ltr'>τούτων</span> <span class='ocrx_word' id='word_1_822' title='bbox 1593 2687 1621 2713; x_wconf 76' lang='grc' dir='ltr'>δὲ</span> <span class='ocrx_word' id='word_1_823' title='bbox 1637 2688 1684 2714; x_wconf 81' lang='grc' dir='ltr'>καὶ</span> <span class='ocrx_word' id='word_1_824' title='bbox 1697 2689 1712 2715; x_wconf 82' lang='lat'><strong>6</strong></span> <span class='ocrx_word' id='word_1_825' title='bbox 1729 2690 1824 2724; x_wconf 83' lang='grc' dir='ltr'>μέγας</span> <span class='ocrx_word' id='word_1_826' title='bbox 1838 2692 1892 2718; x_wconf 78' lang='grc' dir='ltr'><strong>Βα-</strong></span> 
     </span>
    </p>
   </div>
   <div class='ocr_carea' id='block_1_116' title="bbox 1108 2728 1894 2770">
    <p class='ocr_par' dir='ltr' id='par_1_116' title="bbox 1108 2728 1894 2770">
     <span class='ocr_line' id='line_1_116' title="bbox 1108 2728 1894 2770; baseline 0.017 -18"><span class='ocrx_word' id='word_1_827' title='bbox 1108 2728 1205 2759; x_wconf 84' lang='grc' dir='ltr'>σίλειος</span> <span class='ocrx_word' id='word_1_828' title='bbox 1229 2731 1258 2754; x_wconf 81' lang='grc' dir='ltr'>ἐν</span> <span class='ocrx_word' id='word_1_829' title='bbox 1280 2731 1434 2766; x_wconf 83' lang='grc' dir='ltr'>τριακοστῷ</span> <span class='ocrx_word' id='word_1_830' title='bbox 1462 2731 1563 2767; x_wconf 84' lang='grc' dir='ltr'>πρώτῳ</span> <span class='ocrx_word' id='word_1_831' title='bbox 1582 2734 1674 2760; x_wconf 80' lang='grc' dir='ltr'>κανόνι</span> <span class='ocrx_word' id='word_1_832' title='bbox 1705 2737 1754 2762; x_wconf 77' lang='grc' dir='ltr'>καὶ</span> <span class='ocrx_word' id='word_1_833' title='bbox 1785 2736 1832 2770; x_wconf 83' lang='grc' dir='ltr'>λς’</span> <span class='ocrx_word' id='word_1_834' title='bbox 1863 2741 1894 2766; x_wconf 58' lang='grc' dir='ltr'><strong>τε</strong></span> 
     </span>
    </p>
   </div>
   <div class='ocr_carea' id='block_1_117' title="bbox 1107 2774 1891 2821">
    <p class='ocr_par' dir='ltr' id='par_1_117' title="bbox 1107 2774 1891 2821">
     <span class='ocr_line' id='line_1_117' title="bbox 1107 2774 1891 2821; baseline 0.018 -22"><span class='ocrx_word' id='word_1_835' title='bbox 1107 2774 1176 2800; x_wconf 75' lang='grc' dir='ltr'>αὐτὰ</span> <span class='ocrx_word' id='word_1_836' title='bbox 1193 2775 1378 2808; x_wconf 78' lang='grc' dir='ltr'>διατάττεται,</span> <span class='ocrx_word' id='word_1_837' title='bbox 1396 2778 1411 2812; x_wconf 75' lang='grc' dir='ltr'>ἢ</span> <span class='ocrx_word' id='word_1_838' title='bbox 1426 2779 1528 2812; x_wconf 83' lang='grc' dir='ltr'>μᾶλλον</span> <span class='ocrx_word' id='word_1_839' title='bbox 1541 2780 1604 2811; x_wconf 80' lang='grc' dir='ltr'>τοὺς</span> <span class='ocrx_word' id='word_1_840' title='bbox 1617 2781 1724 2808; x_wconf 78' lang='grc' dir='ltr'>ἐκείνου</span> <span class='ocrx_word' id='word_1_841' title='bbox 1739 2784 1862 2817; x_wconf 72' lang='grc' dir='ltr'>κανόνας</span> <span class='ocrx_word' id='word_1_842' title='bbox 1878 2788 1891 2821; x_wconf 88' lang='grc' dir='ltr'><strong>ἠ</strong></span> 
     </span>
    </p>
   </div>
   <div class='ocr_carea' id='block_1_118' title="bbox 1107 2819 1892 2866">
    <p class='ocr_par' dir='ltr' id='par_1_118' title="bbox 1107 2819 1892 2866">
     <span class='ocr_line' id='line_1_118' title="bbox 1107 2819 1892 2866; baseline 0.018 -21"><span class='ocrx_word' id='word_1_843' title='bbox 1107 2819 1214 2852; x_wconf 71' lang='grc' dir='ltr'>σύνοδος</span> <span class='ocrx_word' id='word_1_844' title='bbox 1229 2820 1299 2855; x_wconf 73' lang='grc' dir='ltr'>αὕτη</span> <span class='ocrx_word' id='word_1_845' title='bbox 1323 2824 1378 2853; x_wconf 80' lang='grc' dir='ltr'>τοῖς</span> <span class='ocrx_word' id='word_1_846' title='bbox 1397 2824 1518 2858; x_wconf 74' lang='grc' dir='ltr'>ῥήμασιν</span> <span class='ocrx_word' id='word_1_847' title='bbox 1533 2826 1756 2862; x_wconf 73' lang='grc' dir='ltr'>ἑγκατέστρωσε.</span> <span class='ocrx_word' id='word_1_848' title='bbox 1777 2831 1849 2866; x_wconf 79' lang='grc' dir='ltr'>Περὶ</span> 
     </span>
    </p>
   </div>
   <div class='ocr_carea' id='block_1_119' title="bbox 1106 2867 1892 2911">
    <p class='ocr_par' dir='ltr' id='par_1_119' title="bbox 1106 2867 1892 2911">
     <span class='ocr_line' id='line_1_119' title="bbox 1106 2867 1892 2911; baseline 0.019 -19"><span class='ocrx_word' id='word_1_849' title='bbox 1106 2867 1306 2900; x_wconf 78' lang='grc' dir='ltr'>στρατιωτίδων</span> <span class='ocrx_word' id='word_1_850' title='bbox 1330 2870 1470 2902; x_wconf 80' lang='grc' dir='ltr'>γυναικῶν</span> <span class='ocrx_word' id='word_1_851' title='bbox 1494 2871 1594 2906; x_wconf 84' lang='grc' dir='ltr'>πολλὴν</span> <span class='ocrx_word' id='word_1_852' title='bbox 1614 2874 1628 2901; x_wconf 77' lang='grc' dir='ltr'><strong>ὁ</strong></span> <span class='ocrx_word' id='word_1_853' title='bbox 1650 2874 1796 2907; x_wconf 58' lang='grc' dir='ltr'>πολιτικὸς</span> <span class='ocrx_word' id='word_1_854' title='bbox 1814 2878 1892 2911; x_wconf 62' lang='lat' dir='ltr'><strong>veno;</strong></span> 
     </span>
    </p>
   </div>
  </div>
