1936 3105
70 196 124 228 8J7

601 192 642 222 1N
662 191 746 221 CAN»
768 189 857 221 XCIV
878 188 983 220 CONC.
997 188 1038 219 ΙΝ
1055 188 1222 220 TRULLO.

1645 189 1698 222 838

73 254 192 280 ποιεῖται
207 236 363 288 ἀκρίϐειαν,
381 250 453 279 ὥστε
472 250 510 287 μὴ
531 249 638 285 ἑτέροις
657 248 855 281 συνάπτεσθαι,
873 272 877 279 ,

933 255 995 274 nam
1018 247 1228 283 diligentissime
1249 249 1340 286 legum
1363 249 1485 280 civilium
1506 250 1699 285 sanctionibus

74 300 100 326 εί
115 299 227 334 μάθοιεν
243 298 397 334 ἀνῃρῆσθαι
414 297 476 329 τοὺς
489 296 589 333 ἀνδρας
602 294 704 327 αὐτῶν,
721 295 746 320 εἰ
760 294 797 329 μὴ
808 294 859 326 τὰς

76 346 287 380 παρατηρήσεις
316 343 484 378 φυλάξαιεν,
516 342 550 374 ἃς
579 343 596 377 ἡ
636 340 857 375 ἑπτακαιδεκάτη

78 390 163 425 νεαρὰ
175 390 310 425 περιέχει,
325 390 439 425 κειμένη
454 389 493 420 εἰς
509 387 612 424 βιῦλῖον
633 386 688 413 τῶν
707 385 861 412 Βασιλικῶν

78 436 202 463 εἰκοστὸν
215 436 317 469 ὄγδοον,
331 435 419 462 τίτλον
443 435 465 467 ζ’
492 443 556 469 κεφ.
573 434 606 465 ζ’.
620 433 651 460 Ei
666 432 694 459 δέ
707 440 761 464 τις,
778 431 861 466 φησὶν

78 481 92 506 δ
107 480 197 506 κανὼν
213 477 301 512 οὗτος,
315 479 385 515 γυνὴ
397 480 552 514 συνοικήσει
565 478 604 514 τῷ
615 477 685 513 προς
700 476 796 511 καιρὸν
811 484 861 502 κα·

81 525 255 559 ταλειφθέντι
274 525 350 560 παρὰ
363 525 413 559 τῆς
431 525 500 556 ίδίας
517 523 664 558 γυναικὸς,
681 522 817 556 ἀγνοοῦσα
831 521 861 548 τὸ

80 573 210 606 πρᾶγμα,
236 569 297 597 εἶτα
321 570 526 606 ἐπανελθούσης
549 570 599 605 τῆς
625 569 762 605 προτέρας
779 568 861 595 αὑτοῦ

78 616 209 650 γυναικὸς
226 617 394 652 ἀποπεμφθῇ
421 618 436 652 ἡ
459 616 534 651 αὐτῷ
559 616 629 643 κατὰ
641 615 768 650 δεύτερον
791 616 862 650 τάχα

79 662 266 697 συνοικήσασα
288 662 388 696 γάμον,
415 662 453 693 ὡς
475 661 662 697 πορνεύσασα,
687 661 734 686 καὶ
758 659 808 694 οὐχ
825 660 863 692 ὠς

83 708 210 742 μοιχαλὶς
225 708 505 742 καταδικασθήσεται,
522 708 569 734 καὶ
593 708 617 733 εί
634 706 759 740 βούλεται
777 707 864 742 ἑτέρῳ

85 753 163 788 ἀνδρὶ
177 753 284 788 νομίμῳ
298 753 438 786 γενέσθαι,
454 754 484 780 οὐ
500 753 703 788 κωλυθήσεται.
718 751 773 778 Καὶ
785 752 863 779 τοῦτο

79 799 107 825 δὲ
120 799 166 826 τοῦ
178 799 296 834 μεγάλου
312 799 453 826 Βασιλείου
468 799 559 826 κανών
573 799 632 824 ἐστι
646 798 864 832 τεσσαρακοστδς

84 845 178 877 ἕκτος.
194 845 225 872 Εἰ
239 845 268 872 δὲ
287 844 454 880 στρατιώτου
469 845 538 880 γυνὴ
551 845 589 875 ὼς
603 843 651 871 τοῦ
668 843 764 878 ἀνδρὸς
781 843 866 878 αὐτῆς

83 890 210 922 θανόντος
221 890 313 926 ἕτερον
326 890 413 923 λάὄοι,
429 889 489 917 εἶτα
501 889 645 917 ἐπανέλθοι
659 889 673 914 ὁ
685 887 865 924 στρατιώτης,

916 296 1027 320 cautum
1041 297 1101 326 est;
1121 298 1150 321 ut
1162 295 1286 329 quamvis
1300 297 1425 323 nuntiato
1440 298 1560 326 virorum
1574 299 1699 335 interitu,

917 345 971 365 non
985 342 1086 372 tamen,
1114 338 1167 367 nisi
1186 339 1220 367 iis
1235 341 1362 369 omnibus
1380 350 1441 377 quae
1458 343 1564 372 decima
1581 347 1700 381 septima

912 384 1023 412 novella
1047 385 1074 412 in
1097 385 1168 413 libro
1182 386 1313 414 vicesimo
1337 392 1443 421 octavo,
1463 390 1542 418 titulo
1564 392 1702 428 septimo,

917 436 977 465 cap.
991 430 1107 464 septimo
1122 430 1231 459 Basilic.
1254 432 1341 466 posita
1366 435 1544 463 continentur
1573 439 1700 471 servatis,

919 475 997 502 alteri
1011 475 1128 509 cuipiam
1149 477 1265 503 nubant.
1283 475 1311 504 Si
1329 485 1390 512 qua:
1408 486 1471 506 vero
1488 480 1595 512 mulier,
1611 482 1702 517 inquit

920 520 964 547 hic
981 527 1081 552 canon,
1110 521 1168 548 viro
1193 522 1227 548 ad
1249 526 1356 556 tempus
1372 524 1405 551 ab
1419 532 1504 552 uxore
1523 533 1572 553 sua
1594 527 1700 560 relicto,

919 566 1022 594 factum
1035 568 1175 603 ignorans,
1194 571 1331 604 nupserit,
1348 576 1404 599 tum
1424 581 1507 600 uxore
1518 575 1607 609 priore
1625 571 1703 604 r'ede-

920 617 986 640 unte
1001 614 1034 640 ab
1052 614 1097 641 illo
1109 614 1223 642 dimissa
1241 615 1330 649 fuerit,
1345 625 1407 644 cum
1421 626 1474 653 quo
1491 620 1618 648 secundis
1635 621 1703 650 forte

922 658 1023 692 nuptiis
1037 659 1161 693 copulata
1182 661 1321 688 coiverat:
1339 663 1426 690 instar
1439 663 1635 696 iornicatricis.
1649 675 1701 694 ιιυιι

921 706 950 730 ιιι
970 703 1095 730 adultera
1118 705 1361 739 condemnabitur,
1385 716 1435 735 nec
1458 709 1618 744 quidquam,
1636 719 1705 746 qtlo~

921 749 1023 780 minus,
1047 748 1071 776 si
1085 749 1161 782 velit,
1182 750 1260 777 alteri
1276 750 1336 778 viro
1351 752 1447 786 nubat,
1463 754 1594 782 obstabit.
1611 756 1701 791 Atque

922 795 973 821 hoc
1004 802 1114 829 quoque
1150 797 1239 831 magni
1265 797 1329 824 item
1364 798 1456 826 Basilii
1489 801 1702 836 quadragesimo

921 843 998 867 sexto
1014 847 1120 868 canone
1132 844 1309 870 constitutum
1320 848 1373 871 est.
1384 845 1462 877 Quod
1477 846 1500 874 si
1515 854 1584 875 uxor
1598 849 1705 880 militis.

923 885 1049 912 maritum
1067 886 1205 915 interiisse
1236 893 1307 921 rata,
1322 890 1400 917 alteri
1417 893 1552 926 nupserit,
1570 900 1602 920 ac
1615 902 1706 921 rever-

81 937 108 962 εἰ
128 925 274 971 βούλεται,
291 936 406 972 λήψεται
428 936 477 972 τὴν
492 936 597 962 οίκείαν
613 935 731 969 γυναῖκα
745 943 869 969 συγγνω-

933 935 993 958 atur
1018 937 1111 966 postea
1128 934 1217 966 miles,
1230 942 1306 962 suam
1326 936 1361 968 is,
1381 937 1403 964 si
1440 938 1568 971 voluerit,
1591 939 1703 967 uxo'rcm

84 983 254 1018 μονουμένην
265 983 308 1009 διὰ
323 983 371 1018 τὴν
380 982 502 1016 ἄγνοιαν,
517 981 588 1008 ὥστε
606 981 643 1016 μὴ
657 980 868 1015 ὲπιτιμηθῆναι,

85 1029 146 1055 ἀλλ’
159 1029 219 1056 οὐδὲ
240 1030 254 1055 δ
273 1028 359 1064 ταύτῃ
386 1029 509 1063 νομίμως
533 1027 681 1061 συναφθεὶς
699 1026 869 1060 ἐπιτιμηθῆ-

86 1075 218 1101 σεταιδιά
232 1075 282 1109 τὴν
294 1074 378 1109 αὐτὴν
393 1074 495 1101 αἰτίαν.
727 1066 729 1068 ’

85 1121 199 1147 ΔΡΙΣΤ.
230 1130 239 1146 ι
265 1120 374 1155 ’Λνδρδς
395 1118 613 1154 ἀφαντουμένου,
633 1119 651 1153 ἡ
681 1117 735 1153 πρδ
750 1117 796 1144 τοῦ
811 1125 871 1143 πει-

129 1176 138 1192 ι
162 1167 258 1201 σθῆναι
283 1166 404 1193 λαϐοῦσα
431 1166 560 1200 μοιχᾶται
579 1173 587 1181 ·
606 1166 620 1191 ό
643 1164 672 1190 δὲ
698 1163 873 1199 ὑποστρέψας

132 1221 141 1238 ι
162 1213 243 1247 ἀνὴρ,
259 1212 283 1237 εί
300 1211 466 1246 προῄρηται,
483 1210 600 1245 λήψεται
615 1209 711 1244 αὐτήν,
731 1218 741 1234 ι

128 1305 238 1341 Συνᾴδει
253 1304 290 1338 τῷ
304 1303 416 1339 παρόντι
431 1303 524 1330 κανόνι
540 1302 588 1329 καὶ
601 1303 618 1338 ή
643 1301 776 1338 ἐκατοστὴ
792 1301 878 1328 ἑπταο

89 1349 242 1383 καιδεκάτη
274 1347 490 1379 Ἱουστινιάνειος
513 1347 598 1382 νεαρὰ
611 1367 618 1381 ,
636 1347 653 1382 ἡ
671 1347 700 1372 ἐν
714 1345 754 1381 τῷ
768 1346 876 1380 ἑδδόμῳ

90 1395 174 1430 τίτλῳ
197 1393 245 1421 τοῦ
266 1393 391 1420 εἰκοστοῦ
413 1393 508 1427 ὀγδόου
530 1392 637 1428 βιϐλίου
652 1392 707 1419 τῶν
726 1392 876 1418 Βασιλικῶν

92 1441 208 1476 κειμένη
226 1448 233 1456 ’
251 1439 417 1475 προστάττει
443 1438 497 1474 γὰρ
517 1438 643 1473 κάκείνη,
668 1438 718 1470 ὼς,
743 1437 791 1464 ἐὰν
807 1437 877 1472 γυνὴ

94 1487 265 1522 στρατιώτην
281 1487 330 1521 ἔχῃ
343 1486 439 1520 ἀνδρα,
457 1486 504 1512 καὶ
517 1486 547 1511 ὲν
561 1483 725 1519 ἐπιστρατείᾳ
738 1483 878 1518 ἀποδημῇ,

92 1533 143 1560 καὶ
158 1533 232 1568 μάθῃ
246 1533 341 1558 τοῦτον
359 1531 591 1566 τετελευτηκέναι,
612 1529 650 1565 μὴ
666 1529 753 1560 ἄλλως
768 1529 806 1559 είς
819 1529 879 1554 ἑτέ-

97 1587 160 1612 ρους
180 1579 266 1613 αὐτὴν
289 1577 419 1613 ἔρχεσθαι
444 1577 569 1612 γάμους,
591 1576 615 1601 εί
634 1575 671 1610 μὴ
689 1575 880 1609 πληροφορίαν

96 1626 148 1660 σχῇ
175 1624 252 1659 παρὰ
277 1624 331 1650 τῶν
358 1623 474 1658 πρώτων
497 1624 545 1648 τοῦ
563 1620 682 1655 ἀριθμοῦ
698 1621 728 1646 ὲν
745 1617 766 1654 ᾧ
782 1619 795 1646 ό
809 1619 880 1655 ἀνὴρ

95 1670 182 1704 αὐτῆς
197 1668 408 1704 ἐστρατεύσατο,
426 1666 615 1702 προκειμένων
628 1665 683 1691 τῶν
697 1665 782 1699 ἁγίων
793 1664 881 1697 Εὐαγ-

95 1716 195 1750 γελίων
205 1717 253 1741 καὶ
261 1714 309 1740 ἐπὶ
323 1713 449 1749 πράξεως
460 1711 665 1747 ὑπομνημάτων
676 1709 880 1745 ὁμολογούντων

98 1763 136 1794 ὡς
152 1763 212 1793 ταῖς
228 1761 372 1796 ἀληθείαις
387 1761 401 1787 6
412 1760 483 1795 ἀνὴρ
497 1760 582 1794 αὐτῆς
597 1757 767 1792 ἐτελεύτησε,
782 1755 830 1782 καλ⁴
847 1755 881 1782 τὰ

96 1808 212 1834 τοιαῦτα
231 1807 420 1842 ὑπομνήματα
434 1805 505 1840 λάὸῃ
517 1824 524 1836 ,
541 1805 589 1831 καὶ
609 1803 678 1838 μιτὰ
691 1803 740 1837 τὴν
752 1801 881 1836 τοιαύτην

101 1853 293 1888 πληροφορίαν
310 1852 445 1887 ἀναμείνῃ
458 1853 505 1877 καὶ
521 1850 579 1881 ὲνδς
593 1848 718 1876 ἐνιαυτοῦ
733 1848 880 1881 διάστημα.

101 1900 133 1926 Ei
150 1898 178 1924 δὲ
204 1898 281 1932 παρὰ
306 1897 357 1932 τὴν
378 1896 570 1931 παρατήρησιν
595 1893 697 1929 ταύτην
726 1895 766 1924 εις
788 1893 882 1928 ἕτερον

100 1945 167 1981 ἔλθῃ
193 1944 282 1978 γάμον
310 1944 358 1970 καὶ
374 1942 460 1977 αὐτὴν
481 1942 529 1969 καὶ
545 1942 592 1968 τὸν
607 1941 779 1976 ἀγαγόμενον
798 1940 883 1975 αὐτὴν

99 1990 138 2021 ὡς
152 1989 262 2024 μοιχοὺς
288 1988 481 2023 τιμωρεῖσθαι.
503 1987 534 2013 Εἰ
551 1987 580 2013 δὲ
601 1987 651 2021 τῆς
665 1986 884 2022 παρατηρήσεως

101 2037 205 2071 ταύτης
219 2037 384 2071 γενομένης,
396 2034 546 2070 εὑρεθῶσιν
559 2034 585 2060 οἱ
602 2033 661 2069 μεθ’
683 2033 765 2068 ὅρκου
781 2033 884 2068 πληροο

103 2083 273 2119 φορήσαντες
304 2082 390 2116 αὐτὴν
418 2081 601 2121 ψευδόμενοι,
632 2079 731 2111 αὐτοὺς
759 2079 809 2114 μὲν
834 2078 885 2113 τῆς

104 2129 249 2164 στρατείας
265 2127 502 2162 ἀπογυμνοῦσθαι,
515 2127 561 2153 καὶ
575 2126 642 2153 δέκα
658 2125 760 2161 λιτρῶν
773 2124 883 2160 χρυσίου

104 2175 201 2210 ποινὴν
215 2175 284 2210 πρὸς
304 2175 421 2206 ἐκεῖνον,
438 2173 468 2200 ὃν
485 2172 634 2208 ἐψεύσαντο
650 2171 883 2205 τετελευτηκέναι,

105 2221 264 2248 καταθεῖναι
282 2220 503 2256 παρακελεύεται
519 2227 526 2233 ·
548 2219 630 2246 αὐτὸν
645 2218 683 2249 δὲ,
707 2218 732 2244 ei
754 2216 884 2253 βουληθῇ,

105 2267 155 2302 τὴν
169 2267 236 2293 ίδὶαν
251 2266 374 2301 γαμετὴν
386 2265 531 2292 ἀναλαϐεῖν
544 2265 575 2290 οὺ
586 2263 696 2291 κωλύει.

403 2310 520 2338 ΚΛΝΩΝ
538 2309 593 2344 μιν.

111 2368 120 2384 ί
143 2359 214 2390 Τοὺς
240 2359 392 2393 ὀμνύοντας
427 2358 525 2392 ὅρκους
561 2355 736 2390 Ἑλληνικοὺς
759 2355 773 2381 ὁ
798 2354 888 2382 κανὼν

149 2415 158 2430 ι
186 2405 333 2439 ἐπιτιμίοις
360 2403 561 2430 καθυποὸάλλει
579 2409 586 2417 '
610 2403 658 2428 καὶ
679 2402 760 2437 ἡμεῖς
784 2402 889 2432 τούτοις

148 2460 158 2476 ‹
179 2450 224 2477 τὸν
240 2450 390 2485 ἀφορισμδν
405 2449 541 2484 ὁρίζομεν.
562 2457 571 2474 ι

143 2497 241 2523 ΒΛΛΣ.
262 2497 295 2523 ’0
311 2496 395 2531 μέγας
413 2495 551 2525 Βασίλειος
580 2494 610 2520 ὲν
637 2493 730 2520 κανόνι
753 2493 799 2520 πα¹
826 2494 889 2520 ὲπι-

108 2544 210 2579 τιμίοις
225 2542 426 2570 καθυποὸαλλει
439 2543 470 2568 οὺ
494 2542 575 2576 μόνον
594 2541 658 2572 τοὺς
682 2539 814 2572 ἑκουσίως
836 2540 890 2567 τῶν

109 2590 294 2624 δαιμονιωδῶν
311 2589 441 2623 θυμάτων
460 2586 615 2622 ἁψαμένους
629 2606 638 2619 ,
663 2587 710 2613 καὶ
737 2586 890 2621 ὀμόσαντας

117 2635 292 2671 Ἑλληνικοὺς
318 2635 425 2670 ὅρκους,
449 2634 517 2660 ἀλλά
543 2633 591 2659 καὶ
616 2633 678 2664 τοὺς
695 2633 829 2663 ἀκουσίως
852 2633 891 2664 είς

114 2683 194 2709 τοῦτο
211 2681 426 2716 συνωθηθέντας.
455 2679 622 2710 Ἀκολούθως
645 2677 693 2705 οὖν
719 2679 759 2712 τῷ
779 2678 890 2712 τοιούτῳ

114 2729 207 2756 κανόνι
222 2728 270 2755 καὶ
281 2729 295 2755 ὁ
308 2727 403 2762 παρὼν
417 2726 543 2761 ἀφορίζει
559 2725 681 2757 τούτους.
701 2723 851 2760 Ἐλληνικοὶ
863 2725 891 2751 δὲ

113 2775 190 2810 ὅρκοι
218 2774 287 2801 εἰσὶν
313 2775 337 2800 εἰ
353 2773 427 2809 παρὰ
446 2773 500 2799 τῶν
521 2772 655 2807 Ἐλλήνων
675 2771 831 2806 ὀμνύμενοι.
860 2771 892 2798 Οί

116 2822 164 2856 μὲν
195 2821 260 2856 γὰρ.
296 2822 335 2852 εἰς
368 2819 561 2855 ψευδωνύμως
592 2819 668 2850 θεοὺς
707 2817 891 2850 πιστεύοντες,

114 2867 224 2901 ὢμνυον
249 2868 288 2898 είς
305 2867 339 2894 τὰ
362 2866 464 2892 τούτων
486 2865 606 2900 ὀνόματα
622 2872 629 2880 ·
649 2864 724 2890 ἄλλοι
750 2864 893 2890 ὲπῐσῑευυν

115 2915 155 2945 εἰς
175 2913 208 2942 τὰ
225 2914 355 2948 στοιχεῖα,
373 2912 419 2939 καὶ
435 2911 525 2946 ἕτεροι
541 2911 581 2943 εἰς
597 2910 665 2938 ἄλλα
682 2910 753 2936 τινά.
773 2909 892 2944 Ἐρωτήι

924 977 1055 1012 recipiet;
1074 979 1117 1005 cui
1142 979 1252 1013 quidem
1278 981 1312 1007 ob
1337 981 1520 1016 ignorantiam
1552 982 1705 1020 ignoscitur

923 1021 990 1050 adeo
1011 1028 1038 1049 ut
1058 1031 1110 1050 non
1128 1025 1276 1058 puniatur;
1292 1027 1441 1060 quinetiam
1458 1036 1507 1055 nec
1520 1029 1554 1062 is,
1577 1030 1624 1065 qui
1646 1039 1705 1058 eam

924 1067 1044 1101 legitime
1059 1069 1147 1100 duxit.
1166 1071 1239 1097 illam
1251 1073 1285 1098 ob
1299 1080 1410 1100 causam
1429 1075 1570 1108 punietur.

925 1113 1041 1141 ARIS‘I‘.
1072 1123 1081 1140 ι
1097 1116 1161 1143 Viro
1185 1124 1238 1144 non
1260 1124 1408 1152 apparente
1421 1139 1428 1151 ,
1453 1128 1513 1155 quae
1531 1121 1614 1148 alium
1632 1124 1708 1158 prius

963 1169 973 1186 ι
992 1162 1138 1196 acceperit.
1154 1169 1234 1197 quam
1255 1165 1356 1191 certior
1374 1165 1443 1192 facta
1458 1166 1504 1198 sit,
1526 1167 1706 1197 adulteratur.

964 1214 973 1231 ι
992 1205 1039 1232 Vir
1063 1211 1152 1234 autem
1180 1215 1326 1241 reversus,
1355 1210 1378 1237 sl
1402 1211 1607 1244 voluerit,eam
1637 1215 1708 1242 reei-

965 1259 975 1276 Ι
997 1251 1062 1285 pici.
1078 1260 1087 1277 ι

962 1297 1090 1325 Concinit
1107 1299 1234 1333 praesenti
1256 1301 1355 1328 canoni
1381 1306 1407 1330 et
1427 1304 1575 1331 centesima
1602 1305 1709 1333 decima

929 1343 1194 1377 septimaJustiniani
1205 1347 1308 1373 novella
1321 1348 1346 1374 in
1360 1349 1476 1384 septimo
1495 1348 1572 1377 titulo
1589 1350 1711 1379 vicesimi

929 1389 1017 1415 octavi
1028 1389 1110 1424 27o
1123 1391 1184 1418 libri
1199 1391 1308 1420 Basilio.
1320 1395 1423 1428 posita.
1440 1393 1486 1422 illa
1506 1396 1604 1423 etenim
1618 1396 1708 1430 jubet,

930 1434 1003 1468 quod
1019 1436 1042 1461 si
1058 1436 1157 1463 mulier
1173 1437 1283 1464 militem
1304 1438 1430 1466 habuerit
1443 1441 1542 1472 virum,
1554 1442 1599 1476 qui
1619 1442 1644 1468 in
1660 1450 1709 1469 ex-

930 1480 1066 1514 peditione
1081 1488 1192 1517 peregre
1210 1482 1348 1517 profectus
1364 1486 1409 1516 sit,
1428 1492 1461 1512 ea
1477 1490 1566 1513 autem
1581 1487 1709 1514 didicerit

932 1527 1007 1554 illum
1024 1533 1138 1556 mortem
1155 1529 1276 1563 nbiisse;
1301 1538 1356 1558 non
1377 1532 1457 1559 aliter
1475 1540 1505 1559 ea
1519 1533 1586 1560 alias
1600 1534 1710 1568 nuptias

932 1573 1015 1606 ineat,
1040 1574 1093 1602 nisi
1111 1582 1160 1610 pro
1177 1582 1253 1603 certo
1271 1576 1396 1604 habuerit
1410 1585 1425 1605 a
1448 1579 1544 1613 primis
1560 1580 1663 1606 numeri
1683 1580 1710 1606 in

930 1626 984 1653 quo
1013 1619 1053 1646 vir
1070 1619 1131 1654 ejus
1153 1621 1296 1654 militabat,
1322 1623 1469 1658 propositis
1496 1624 1577 1651 etiam
1607 1625 1712 1652 sanctis

931 1664 1084 1699 Evangeliis
1103 1670 1132 1693 et
1152 1674 1200 1701 per
1221 1668 1337 1695 actionis
1357 1673 1533 1696 monumenta
1555 1669 1713 1696 conﬁtenti-

931 1714 993 1744 bus,
1010 1713 1082 1747 quod
1099 1713 1139 1740 vir
1150 1713 1210 1748 ejus
1224 1721 1317 1741 revera
1334 1715 1388 1742 vita
1404 1715 1552 1744 defunctus
1565 1717 1610 1750 sit,
1625 1717 1712 1743 ethn-

929 1758 1050 1793 jusmodi
1071 1765 1245 1787 monumenta
1260 1761 1406 1796 acceperit,
1424 1767 1450 1788 et
1465 1766 1529 1796 post
1542 1766 1643 1790 certain
1660 1763 1712 1789 liii-

929 1803 1049 1838 jusmodi
1067 1805 1284 1840 persuasionem,
1302 1807 1383 1834 unius
1403 1808 1486 1835 etiam
1508 1809 1571 1835 anni
1594 1809 1711 1844 spatium

932 1851 1074 1877 manserit.
1102 1850 1131 1877 Si
1160 1855 1251 1879 autem
1275 1857 1374 1887 praeter
1394 1853 1465 1881 lianc
1491 1854 1711 1882 observationem

934 1895 1002 1922 alias
1018 1895 1129 1930 nuptias
1141 1896 1264 1929 iniverit,
1279 1901 1306 1925 et
1320 1898 1376 1929 illa,
1395 1901 1422 1925 et
1442 1899 1490 1933 qui
1506 1906 1565 1925 eam
1580 1898 1666 1930 ducit,
1685 1904 1714 1925 ut

933 1939 1050 1967 adulteri
1066 1941 1197 1975 puniendi
1210 1945 1286 1968 sunt.
1305 1941 1333 1968 Si
1356 1946 1446 1969 autem
1465 1942 1515 1970 hac
1534 1943 1605 1971 facta
1621 1944 1715 1970 obser-

934 1988 1042 2015 vatione
1059 1988 1113 2020 isti,
1131 1988 1178 2023 qui
1193 1995 1253 2015 cum
1265 1988 1420 2022 juramento
1437 1996 1495 2015 eam
1514 1989 1640 2016 fecerunt
1651 1997 1713 2016 cer-

935 2033 1043 2067 tiorem,
1060 2034 1166 2060 mentiti
1181 2034 1265 2061 fuisse
1285 2034 1541 2068 deprehendantur;
1559 2034 1627 2062 istos
1642 2035 1715 2062 iniii-

936 2079 974 2107 tia
991 2079 1169 2107 denudandos
1196 2087 1271 2111 esse.
1304 2083 1333 2107 et
1361 2080 1455 2108 decem
1490 2081 1624 2108 librarum
1655 2082 1715 2107 auri

935 2132 1043 2161 plenam
1066 2127 1089 2153 ei
1105 2145 1113 2158 ,
1142 2134 1224 2161 quem
1252 2126 1321 2154 falso
1345 2127 1474 2154 dixerunt
1499 2127 1571 2154 diem
1600 2127 1714 2160 obiisse,

937 2171 1093 2206 persolvere
1113 2171 1212 2206 jubet:
1234 2179 1296 2199 eum
1324 2177 1433 2206 autent,
1454 2172 1477 2200 si
1499 2172 1576 2206 velit,
1599 2180 1712 2200 uxorein

938 2225 1013 2244 suam
1029 2218 1151 2253 recipere
1165 2225 1219 2245 non
1231 2217 1367 2253 prohibet.

1219 2306 1335 2334 CANON
1356 2306 1447 2335 XCIV.

941 2361 951 2378 ι
973 2353 1025 2381 Eos
1055 2353 1100 2388 qui
1130 2354 1271 2388 gentilium
1303 2359 1472 2381 sacramenta
1494 2354 1601 2389 jurant,
1630 2363 1718 2383 canon

978 2409 987 2425 ε
1010 2400 1098 2434 pinnis
1113 2399 1224 2434 subjicit
1240 2408 1246 2426 ε
1261 2404 1287 2427 et
1305 2407 1355 2427 nos
1368 2400 1401 2427 iis
1417 2408 1527 2436 quoque
1551 2402 1718 2436 segregatio-

978 2454 987 2471 ι
1013 2453 1072 2473 nem
1088 2445 1269 2473 decernimus.
1284 2455 1294 2472 ›

976 2491 1073 2519 BALS.
1092 2491 1205 2527 Magnus
1243 2491 1360 2520 Basilius
1385 2492 1412 2519 in
1439 2500 1542 2519 canone
1569 2492 1601 2520 8|
1632 2493 1721 2527 pinnis

940 2537 1051 2572 subjicit
1067 2545 1120 2565 non
1131 2545 1180 2565 eos
1197 2537 1285 2565 solum
1301 2537 1346 2572 qui
1374 2545 1424 2565 sua
1445 2541 1541 2572 sponte
1556 2537 1721 2564 daemonium

941 2583 1074 2611 sacriﬁcia
1086 2583 1245 2618 attigerunt,
1261 2587 1288 2611 et
1299 2584 1442 2618 gentilium
1458 2577 1629 2610 sacramenta
1643 2582 1722 2616 jura-

942 2633 1022 2662 runt,
1039 2629 1087 2657 sed
1101 2636 1149 2657 eos
1164 2630 1246 2657 etiam
1263 2630 1310 2664 qui
1329 2637 1382 2657 non
1397 2633 1495 2663 sponte
1512 2630 1544 2655 ait
1568 2635 1599 2655 ea
1617 2627 1721 2655 detrusi

942 2682 1016 2706 sunt.
1035 2675 1067 2703 Ei
1083 2683 1147 2710 ergo
1162 2674 1260 2703 canoni
1277 2678 1490 2709 consequenter,
1512 2680 1632 2706 praesens
1653 2680 1723 2707 quo-

942 2731 996 2759 que
1012 2730 1100 2750 canon
1123 2729 1172 2750 eos
1197 2725 1331 2756 segregat.
1348 2720 1418 2747 Sunt
1435 2724 1524 2746 autem
1548 2723 1721 2746 sacramenta

943 2769 1094 2805 gentilium,
1106 2776 1166 2804 qua:
1179 2768 1307 2803 jurantur
1328 2774 1343 2793 a
1360 2765 1517 2799 gentilibus.
1536 2765 1588 2792 Alii
1604 2765 1676 2792 enim
1693 2766 1721 2792 in

944 2816 1009 2843 deos
1029 2815 1097 2842 falso
1112 2814 1261 2849 appellatos
1276 2811 1432 2840 credentes.
1450 2812 1478 2837 in
1493 2818 1589 2838 eorum
1612 2811 1724 2838 nomina

942 2861 1082 2895 jurabant.
1106 2859 1160 2886 Alii
1184 2857 1332 2885 credebant
1359 2856 1385 2882 in
1407 2856 1553 2887 elementa,
1579 2860 1605 2882 et
1628 2855 1672 2882 alii
1696 2857 1723 2883 in

944 2907 1068 2942 quat-dant
1094 2905 1159 2932 alia.
1181 2904 1327 2939 liugavcrit
1354 2906 1442 2929 autem
1476 2901 1624 2938 quispiam,
1660 2907 1724 2928 cum
