  <div class='ocr_page' id='page_1' title='image "/cluster/home/n/w/nwhite01/storage/ocr_20150623/137/njp.32101077773115/456.png"; bbox 0 0 1936 3105; ppageno 0'>
   <div class='ocr_carea' id='block_1_1' title="bbox 89 202 138 234">
    <p class='ocr_par' dir='ltr' id='par_1_1' title="bbox 89 202 138 234">
     <span class='ocr_line' id='line_1_1' title="bbox 89 202 138 234; baseline 0.061 -3"><span class='ocrx_word' id='word_1_1' title='bbox 89 202 138 234; x_wconf 67' lang='grc' dir='ltr'><strong>εει</strong></span> 
     </span>
    </p>
   </div>
   <div class='ocr_carea' id='block_1_2' title="bbox 595 181 1197 233">
    <p class='ocr_par' dir='ltr' id='par_1_2' title="bbox 595 181 1197 233">
     <span class='ocr_line' id='line_1_2' title="bbox 595 181 1197 233; baseline 0.002 -1"><span class='ocrx_word' id='word_1_2' title='bbox 595 202 635 232; x_wconf 69' lang='grc' dir='ltr'>[κ</span> <span class='ocrx_word' id='word_1_3' title='bbox 656 202 739 232; x_wconf 85' lang='lat' dir='ltr'><strong>CAN.</strong></span> <span class='ocrx_word' id='word_1_4' title='bbox 756 202 827 233; x_wconf 83' lang='lat' dir='ltr'><strong>xcv</strong></span> <span class='ocrx_word' id='word_1_5' title='bbox 850 201 955 233; x_wconf 78' lang='lat' dir='ltr'><strong>couc.</strong></span> <span class='ocrx_word' id='word_1_6' title='bbox 978 181 1197 233; x_wconf 44' lang='lat' dir='ltr'><strong>IN&#39;TRULLO.</strong></span> 
     </span>
    </p>
   </div>
   <div class='ocr_carea' id='block_1_3' title="bbox 1657 197 1710 231">
    <p class='ocr_par' dir='ltr' id='par_1_3' title="bbox 1657 197 1710 231">
     <span class='ocr_line' id='line_1_3' title="bbox 1657 197 1710 231; baseline -0.019 0"><span class='ocrx_word' id='word_1_7' title='bbox 1657 197 1710 231; x_wconf 71' lang='grc' dir='ltr'>8ίὲ</span> 
     </span>
    </p>
   </div>
   <div class='ocr_carea' id='block_1_4' title="bbox 124 257 865 294">
    <p class='ocr_par' dir='ltr' id='par_1_4' title="bbox 124 257 865 294">
     <span class='ocr_line' id='line_1_4' title="bbox 124 257 865 294; baseline 0.005 -13"><span class='ocrx_word' id='word_1_8' title='bbox 124 266 133 281; x_wconf 91' lang='lat'><strong>1</strong></span> <span class='ocrx_word' id='word_1_9' title='bbox 157 257 246 293; x_wconf 75' lang='grc' dir='ltr'>μερίδι</span> <span class='ocrx_word' id='word_1_10' title='bbox 260 257 314 284; x_wconf 79' lang='grc' dir='ltr'><strong>τῶν</strong></span> <span class='ocrx_word' id='word_1_11' title='bbox 329 257 492 293; x_wconf 78' lang='grc' dir='ltr'><strong>σωζομένων</strong></span> <span class='ocrx_word' id='word_1_12' title='bbox 508 257 561 284; x_wconf 68' lang='grc' dir='ltr'><strong>ἀπὸ</strong></span> <span class='ocrx_word' id='word_1_13' title='bbox 575 258 724 294; x_wconf 79' lang='grc' dir='ltr'>αἱρετικῶν</span> <span class='ocrx_word' id='word_1_14' title='bbox 736 259 865 294; x_wconf 77' lang='grc' dir='ltr'>δεχόμεθα</span> 
     </span>
    </p>
   </div>
   <div class='ocr_carea' id='block_1_5' title="bbox 946 257 1710 294">
    <p class='ocr_par' dir='ltr' id='par_1_5' title="bbox 959 257 1710 294">
     <span class='ocr_line' id='line_1_5' title="bbox 959 257 1710 294; baseline 0 -9"><span class='ocrx_word' id='word_1_15' title='bbox 959 269 968 285; x_wconf 90' lang='lat'><strong>1</strong></span> <span class='ocrx_word' id='word_1_16' title='bbox 992 267 1086 287; x_wconf 78' lang='lat' dir='ltr'><strong>eorum</strong></span> <span class='ocrx_word' id='word_1_17' title='bbox 1113 258 1158 294; x_wconf 83' lang='lat' dir='ltr'><strong>qui</strong></span> <span class='ocrx_word' id='word_1_18' title='bbox 1186 266 1217 286; x_wconf 78' lang='lat' dir='ltr'><strong>ex</strong></span> <span class='ocrx_word' id='word_1_19' title='bbox 1244 257 1378 286; x_wconf 68' lang='lat' dir='ltr'><strong>haereticis</strong></span> <span class='ocrx_word' id='word_1_20' title='bbox 1401 262 1555 291; x_wconf 76' lang='lat' dir='ltr'><strong>servantur,</strong></span> <span class='ocrx_word' id='word_1_21' title='bbox 1584 257 1710 291; x_wconf 86' lang='lat' dir='ltr'><strong>subjecto</strong></span> 
     </span>
    </p>
   </div>
   <div class='ocr_carea' id='block_1_6' title="bbox 124 304 871 339">
    <p class='ocr_par' dir='ltr' id='par_1_6' title="bbox 124 304 871 339">
     <span class='ocr_line' id='line_1_6' title="bbox 124 304 871 339; baseline 0.003 -10"><span class='ocrx_word' id='word_1_22' title='bbox 124 312 132 328; x_wconf 73' lang='grc' dir='ltr'><strong>α</strong></span> <span class='ocrx_word' id='word_1_23' title='bbox 154 304 227 331; x_wconf 82' lang='grc' dir='ltr'>κατὰ</span> <span class='ocrx_word' id='word_1_24' title='bbox 244 305 293 339; x_wconf 84' lang='grc' dir='ltr'>τὴν</span> <span class='ocrx_word' id='word_1_25' title='bbox 310 304 552 339; x_wconf 68' lang='grc' dir='ltr'>ζῦποτεταγμένην</span> <span class='ocrx_word' id='word_1_26' title='bbox 580 305 741 331; x_wconf 80' lang='grc' dir='ltr'><strong>ἀκολουθίαν</strong></span> <span class='ocrx_word' id='word_1_27' title='bbox 768 314 797 332; x_wconf 88' lang='grc' dir='ltr'>τε</span> <span class='ocrx_word' id='word_1_28' title='bbox 824 308 871 332; x_wconf 78' lang='grc' dir='ltr'>καὶ</span> 
     </span>
    </p>
   </div>
   <div class='ocr_carea' id='block_1_7' title="bbox 124 350 869 385">
    <p class='ocr_par' dir='ltr' id='par_1_7' title="bbox 124 350 869 385">
     <span class='ocr_line' id='line_1_7' title="bbox 124 350 869 385; baseline 0.003 -9"><span class='ocrx_word' id='word_1_29' title='bbox 124 359 133 375; x_wconf 95' lang='lat'><strong>1</strong></span> <span class='ocrx_word' id='word_1_30' title='bbox 157 350 320 385; x_wconf 81' lang='grc' dir='ltr'>συνήθειαν·</span> <span class='ocrx_word' id='word_1_31' title='bbox 340 350 496 384; x_wconf 77' lang='grc' dir='ltr'>Ἀρειανοῦς</span> <span class='ocrx_word' id='word_1_32' title='bbox 516 350 566 384; x_wconf 83' lang='grc' dir='ltr'>μὲν</span> <span class='ocrx_word' id='word_1_33' title='bbox 582 351 631 377; x_wconf 74' lang='grc' dir='ltr'>καὶ</span> <span class='ocrx_word' id='word_1_34' title='bbox 647 351 869 383; x_wconf 79' lang='grc' dir='ltr'>Μακεδονιανοὺς</span> 
     </span>
    </p>
   </div>
   <div class='ocr_carea' id='block_1_8' title="bbox 123 396 870 431">
    <p class='ocr_par' dir='ltr' id='par_1_8' title="bbox 123 396 870 431">
     <span class='ocr_line' id='line_1_8' title="bbox 123 396 870 431; baseline 0.003 -9"><span class='ocrx_word' id='word_1_35' title='bbox 123 406 131 422; x_wconf 92' lang='lat'><strong>1</strong></span> <span class='ocrx_word' id='word_1_36' title='bbox 152 397 203 424; x_wconf 64' lang='grc' dir='ltr'>ἳιαὶ</span> <span class='ocrx_word' id='word_1_37' title='bbox 226 396 426 430; x_wconf 79' lang='grc' dir='ltr'>Ναυατιανοὺς,</span> <span class='ocrx_word' id='word_1_38' title='bbox 450 397 515 428; x_wconf 86' lang='grc' dir='ltr'>τοὺς</span> <span class='ocrx_word' id='word_1_39' title='bbox 531 396 661 431; x_wconf 79' lang='grc' dir='ltr'>λέγοντας</span> <span class='ocrx_word' id='word_1_40' title='bbox 677 397 791 428; x_wconf 75' lang='grc' dir='ltr'>ἑαυτοὺς</span> <span class='ocrx_word' id='word_1_41' title='bbox 811 398 870 424; x_wconf 76' lang='lat' dir='ltr'><strong>K1-</strong></span> 
     </span>
    </p>
   </div>
   <div class='ocr_carea' id='block_1_9' title="bbox 123 441 870 478">
    <p class='ocr_par' dir='ltr' id='par_1_9' title="bbox 123 441 870 478">
     <span class='ocr_line' id='line_1_9' title="bbox 123 441 870 478; baseline 0 -10"><span class='ocrx_word' id='word_1_42' title='bbox 123 451 133 468; x_wconf 89' lang='lat'><strong>1</strong></span> <span class='ocrx_word' id='word_1_43' title='bbox 155 441 266 478; x_wconf 80' lang='grc' dir='ltr'>θαροὺς,</span> <span class='ocrx_word' id='word_1_44' title='bbox 284 442 331 469; x_wconf 76' lang='grc' dir='ltr'><strong>καὶ</strong></span> <span class='ocrx_word' id='word_1_45' title='bbox 354 442 539 477; x_wconf 76' lang='grc' dir='ltr'>Ἀριστεροὺς,</span> <span class='ocrx_word' id='word_1_46' title='bbox 571 442 694 471; x_wconf 77' lang='grc' dir='ltr'>καὶτοὺς</span> <span class='ocrx_word' id='word_1_47' title='bbox 713 443 870 477; x_wconf 80' lang='grc' dir='ltr'>Τεσσαρεσ-</span> 
     </span>
    </p>
   </div>
   <div class='ocr_carea' id='block_1_10' title="bbox 122 487 870 523">
    <p class='ocr_par' dir='ltr' id='par_1_10' title="bbox 122 487 870 523">
     <span class='ocr_line' id='line_1_10' title="bbox 122 487 870 523; baseline -0.001 -9"><span class='ocrx_word' id='word_1_48' title='bbox 122 497 130 513; x_wconf 89' lang='lat'><strong>1</strong></span> <span class='ocrx_word' id='word_1_49' title='bbox 153 488 355 519; x_wconf 76' lang='grc' dir='ltr'>καιδεκατίτας,</span> <span class='ocrx_word' id='word_1_50' title='bbox 392 488 476 523; x_wconf 74' lang='grc' dir='ltr'>ἤγουν</span> <span class='ocrx_word' id='word_1_51' title='bbox 511 487 678 523; x_wconf 81' lang='grc' dir='ltr'>Τετραδίτας</span> <span class='ocrx_word' id='word_1_52' title='bbox 705 489 752 515; x_wconf 76' lang='grc' dir='ltr'>καὶ</span> <span class='ocrx_word' id='word_1_53' title='bbox 773 489 870 515; x_wconf 81' lang='grc' dir='ltr'>Ἀπολ-</span> 
     </span>
    </p>
   </div>
   <div class='ocr_carea' id='block_1_11' title="bbox 123 532 870 568">
    <p class='ocr_par' dir='ltr' id='par_1_11' title="bbox 123 532 870 568">
     <span class='ocr_line' id='line_1_11' title="bbox 123 532 870 568; baseline 0.001 -10"><span class='ocrx_word' id='word_1_54' title='bbox 123 541 132 557; x_wconf 90' lang='lat'><strong>1</strong></span> <span class='ocrx_word' id='word_1_55' title='bbox 156 532 326 568; x_wconf 72' lang='grc' dir='ltr'>λιναριστὰς,</span> <span class='ocrx_word' id='word_1_56' title='bbox 350 533 484 568; x_wconf 84' lang='grc' dir='ltr'>δεχόμεθα</span> <span class='ocrx_word' id='word_1_57' title='bbox 511 533 631 565; x_wconf 85' lang='grc' dir='ltr'><strong>διδόντας</strong></span> <span class='ocrx_word' id='word_1_58' title='bbox 659 533 806 565; x_wconf 74' lang='grc' dir='ltr'>λιόέλλους,</span> <span class='ocrx_word' id='word_1_59' title='bbox 823 533 870 559; x_wconf 79' lang='grc' dir='ltr'>καὶ</span> 
     </span>
    </p>
   </div>
   <div class='ocr_carea' id='block_1_12' title="bbox 123 577 871 614">
    <p class='ocr_par' dir='ltr' id='par_1_12' title="bbox 123 577 871 614">
     <span class='ocr_line' id='line_1_12' title="bbox 123 577 871 614; baseline 0.003 -11"><span class='ocrx_word' id='word_1_60' title='bbox 123 586 132 602; x_wconf 93' lang='lat'><strong>1</strong></span> <span class='ocrx_word' id='word_1_61' title='bbox 155 577 403 612; x_wconf 75' lang='grc' dir='ltr'>ἀναθεματίζοντας</span> <span class='ocrx_word' id='word_1_62' title='bbox 423 579 512 605; x_wconf 74' lang='grc' dir='ltr'>πᾶσαν</span> <span class='ocrx_word' id='word_1_63' title='bbox 534 579 640 613; x_wconf 74' lang='grc' dir='ltr'>αἵρεσιν</span> <span class='ocrx_word' id='word_1_64' title='bbox 656 579 693 614; x_wconf 84' lang='grc' dir='ltr'>μὴ</span> <span class='ocrx_word' id='word_1_65' title='bbox 718 578 871 614; x_wconf 74' lang='grc' dir='ltr'><strong>φρονοῦσαν</strong></span> 
     </span>
    </p>
   </div>
   <div class='ocr_carea' id='block_1_13' title="bbox 124 623 869 659">
    <p class='ocr_par' dir='ltr' id='par_1_13' title="bbox 124 623 869 659">
     <span class='ocr_line' id='line_1_13' title="bbox 124 623 869 659; baseline 0.003 -11"><span class='ocrx_word' id='word_1_66' title='bbox 124 633 132 648; x_wconf 97' lang='lat'><strong>1</strong></span> <span class='ocrx_word' id='word_1_67' title='bbox 157 623 194 654; x_wconf 82' lang='grc' dir='ltr'>ὡς</span> <span class='ocrx_word' id='word_1_68' title='bbox 211 624 304 659; x_wconf 80' lang='grc' dir='ltr'>φρονεί</span> <span class='ocrx_word' id='word_1_69' title='bbox 321 624 336 658; x_wconf 83' lang='grc' dir='ltr'>ἡ</span> <span class='ocrx_word' id='word_1_70' title='bbox 354 623 419 658; x_wconf 83' lang='grc' dir='ltr'>ἁγία</span> <span class='ocrx_word' id='word_1_71' title='bbox 445 624 493 650; x_wconf 80' lang='grc' dir='ltr'><strong>τοῦ</strong></span> <span class='ocrx_word' id='word_1_72' title='bbox 510 623 577 650; x_wconf 83' lang='grc' dir='ltr'><strong>Θεοῦ</strong></span> <span class='ocrx_word' id='word_1_73' title='bbox 597 623 725 658; x_wconf 78' lang='grc' dir='ltr'>καθολικὴ</span> <span class='ocrx_word' id='word_1_74' title='bbox 741 623 788 650; x_wconf 80' lang='grc' dir='ltr'>καὶ</span> <span class='ocrx_word' id='word_1_75' title='bbox 803 624 869 650; x_wconf 82' lang='grc' dir='ltr'><strong>ἀπο-</strong></span> 
     </span>
    </p>
   </div>
   <div class='ocr_carea' id='block_1_14' title="bbox 122 668 870 704">
    <p class='ocr_par' dir='ltr' id='par_1_14' title="bbox 122 668 870 704">
     <span class='ocr_line' id='line_1_14' title="bbox 122 668 870 704; baseline 0.001 -10"><span class='ocrx_word' id='word_1_76' title='bbox 122 677 131 693; x_wconf 91' lang='lat'><strong>1</strong></span> <span class='ocrx_word' id='word_1_77' title='bbox 155 668 266 703; x_wconf 83' lang='grc' dir='ltr'>στολικὴ</span> <span class='ocrx_word' id='word_1_78' title='bbox 291 668 451 704; x_wconf 81' lang='grc' dir='ltr'>Ἐκκλησία,</span> <span class='ocrx_word' id='word_1_79' title='bbox 473 670 710 704; x_wconf 76' lang='grc' dir='ltr'>σφραγιζομένους</span> <span class='ocrx_word' id='word_1_80' title='bbox 722 669 782 704; x_wconf 72' lang='grc' dir='ltr'>ἤτοι</span> <span class='ocrx_word' id='word_1_81' title='bbox 797 677 870 704; x_wconf 86' lang='grc' dir='ltr'>χριο-</span> 
     </span>
    </p>
   </div>
   <div class='ocr_carea' id='block_1_15' title="bbox 122 713 870 750">
    <p class='ocr_par' dir='ltr' id='par_1_15' title="bbox 122 713 870 750">
     <span class='ocr_line' id='line_1_15' title="bbox 122 713 870 750; baseline 0.003 -11"><span class='ocrx_word' id='word_1_82' title='bbox 122 723 131 739; x_wconf 84' lang='grc'><strong><em>‹</em></strong></span> <span class='ocrx_word' id='word_1_83' title='bbox 157 713 254 749; x_wconf 76' lang='grc' dir='ltr'>μένους</span> <span class='ocrx_word' id='word_1_84' title='bbox 273 716 382 749; x_wconf 80' lang='grc' dir='ltr'>πρῶτον</span> <span class='ocrx_word' id='word_1_85' title='bbox 404 715 444 750; x_wconf 79' lang='grc' dir='ltr'>τῷ</span> <span class='ocrx_word' id='word_1_86' title='bbox 463 715 534 750; x_wconf 82' lang='grc' dir='ltr'>ἁγίῳ</span> <span class='ocrx_word' id='word_1_87' title='bbox 552 715 630 750; x_wconf 82' lang='grc' dir='ltr'><strong>μύρῳ</strong></span> <span class='ocrx_word' id='word_1_88' title='bbox 651 714 681 741; x_wconf 85' lang='grc' dir='ltr'><strong>τό</strong></span> <span class='ocrx_word' id='word_1_89' title='bbox 697 723 727 740; x_wconf 86' lang='grc' dir='ltr'>τε</span> <span class='ocrx_word' id='word_1_90' title='bbox 745 714 870 750; x_wconf 80' lang='grc' dir='ltr'>μέτωπον</span> 
     </span>
    </p>
   </div>
   <div class='ocr_carea' id='block_1_16' title="bbox 120 761 869 796">
    <p class='ocr_par' dir='ltr' id='par_1_16' title="bbox 120 761 869 796">
     <span class='ocr_line' id='line_1_16' title="bbox 120 761 869 796; baseline 0.001 -10"><span class='ocrx_word' id='word_1_91' title='bbox 120 770 130 785; x_wconf 97' lang='lat'><strong>1</strong></span> <span class='ocrx_word' id='word_1_92' title='bbox 152 761 199 787; x_wconf 74' lang='grc' dir='ltr'>καὶ</span> <span class='ocrx_word' id='word_1_93' title='bbox 216 761 279 792; x_wconf 76' lang='grc' dir='ltr'>τοὺς</span> <span class='ocrx_word' id='word_1_94' title='bbox 292 761 451 795; x_wconf 76' lang='grc' dir='ltr'>ὀφθαλμοὺς</span> <span class='ocrx_word' id='word_1_95' title='bbox 466 762 513 787; x_wconf 81' lang='grc' dir='ltr'><strong>καὶ</strong></span> <span class='ocrx_word' id='word_1_96' title='bbox 527 761 577 792; x_wconf 81' lang='grc' dir='ltr'>τὰς</span> <span class='ocrx_word' id='word_1_97' title='bbox 590 762 665 796; x_wconf 77' lang='grc' dir='ltr'>ῥῖνας</span> <span class='ocrx_word' id='word_1_98' title='bbox 679 761 728 786; x_wconf 77' lang='grc' dir='ltr'>καὶ</span> <span class='ocrx_word' id='word_1_99' title='bbox 739 761 770 786; x_wconf 85' lang='grc' dir='ltr'><strong>τὺ</strong></span> <span class='ocrx_word' id='word_1_100' title='bbox 782 761 869 796; x_wconf 82' lang='grc' dir='ltr'><strong>στόμα</strong></span> 
     </span>
    </p>
   </div>
   <div class='ocr_carea' id='block_1_17' title="bbox 121 803 866 842">
    <p class='ocr_par' dir='ltr' id='par_1_17' title="bbox 121 803 866 842">
     <span class='ocr_line' id='line_1_17' title="bbox 121 803 866 842; baseline 0.001 -11"><span class='ocrx_word' id='word_1_101' title='bbox 121 815 130 830; x_wconf 96' lang='lat'><strong>1</strong></span> <span class='ocrx_word' id='word_1_102' title='bbox 153 806 201 832; x_wconf 77' lang='grc' dir='ltr'>καὶ</span> <span class='ocrx_word' id='word_1_103' title='bbox 213 806 247 832; x_wconf 72' lang='grc' dir='ltr'><strong>τὰ</strong></span> <span class='ocrx_word' id='word_1_104' title='bbox 260 803 317 833; x_wconf 78' lang='grc' dir='ltr'>ὦτα</span> <span class='ocrx_word' id='word_1_105' title='bbox 329 814 336 822; x_wconf 91' lang='grc'><strong>·</strong></span> <span class='ocrx_word' id='word_1_106' title='bbox 355 806 403 833; x_wconf 71' lang='grc' dir='ltr'>καὶ</span> <span class='ocrx_word' id='word_1_107' title='bbox 418 805 615 842; x_wconf 79' lang='grc' dir='ltr'>σφραγίζοντες</span> <span class='ocrx_word' id='word_1_108' title='bbox 629 806 729 838; x_wconf 73' lang='grc' dir='ltr'>αὐτοὺς</span> <span class='ocrx_word' id='word_1_109' title='bbox 740 806 866 841; x_wconf 83' lang='grc' dir='ltr'>λέγομεν·</span> 
     </span>
    </p>
   </div>
   <div class='ocr_carea' id='block_1_18' title="bbox 120 852 868 887">
    <p class='ocr_par' dir='ltr' id='par_1_18' title="bbox 120 852 868 887">
     <span class='ocr_line' id='line_1_18' title="bbox 120 852 868 887; baseline 0.003 -11"><span class='ocrx_word' id='word_1_110' title='bbox 120 861 129 876; x_wconf 93' lang='lat'><strong>1</strong></span> <span class='ocrx_word' id='word_1_111' title='bbox 154 852 277 886; x_wconf 66' lang='grc' dir='ltr'>Σφραγὶς</span> <span class='ocrx_word' id='word_1_112' title='bbox 306 852 410 887; x_wconf 82' lang='grc' dir='ltr'>δωρεᾶς</span> <span class='ocrx_word' id='word_1_113' title='bbox 440 853 600 883; x_wconf 74' lang='grc' dir='ltr'>Πνεῦματος</span> <span class='ocrx_word' id='word_1_114' title='bbox 626 852 715 886; x_wconf 83' lang='grc' dir='ltr'>ἁγίου.</span> <span class='ocrx_word' id='word_1_115' title='bbox 744 852 812 887; x_wconf 76' lang='grc' dir='ltr'><strong>Περὶ</strong></span> <span class='ocrx_word' id='word_1_116' title='bbox 839 853 868 879; x_wconf 77' lang='grc' dir='ltr'><strong>δὲ</strong></span> 
     </span>
    </p>
   </div>
   <div class='ocr_carea' id='block_1_19' title="bbox 122 895 866 933">
    <p class='ocr_par' dir='ltr' id='par_1_19' title="bbox 122 895 866 933">
     <span class='ocr_line' id='line_1_19' title="bbox 122 895 866 933; baseline 0.003 -11"><span class='ocrx_word' id='word_1_117' title='bbox 122 907 131 921; x_wconf 95' lang='lat'><strong>1</strong></span> <span class='ocrx_word' id='word_1_118' title='bbox 153 896 209 923; x_wconf 85' lang='grc' dir='ltr'><strong>τῶν</strong></span> <span class='ocrx_word' id='word_1_119' title='bbox 241 897 491 929; x_wconf 74' lang='grc' dir='ltr'>Παυλιανισάντων,</span> <span class='ocrx_word' id='word_1_120' title='bbox 517 895 576 924; x_wconf 77' lang='grc' dir='ltr'>εἶτα</span> <span class='ocrx_word' id='word_1_121' title='bbox 602 898 814 932; x_wconf 83' lang='grc' dir='ltr'>προσφυγόντων</span> <span class='ocrx_word' id='word_1_122' title='bbox 833 899 866 933; x_wconf 80' lang='grc' dir='ltr'>τῇ</span> 
     </span>
    </p>
   </div>
   <div class='ocr_carea' id='block_1_20' title="bbox 120 942 868 979">
    <p class='ocr_par' dir='ltr' id='par_1_20' title="bbox 120 942 868 979">
     <span class='ocr_line' id='line_1_20' title="bbox 120 942 868 979; baseline 0.005 -12"><span class='ocrx_word' id='word_1_123' title='bbox 120 951 129 966; x_wconf 95' lang='lat'><strong>1</strong></span> <span class='ocrx_word' id='word_1_124' title='bbox 151 942 281 978; x_wconf 86' lang='grc' dir='ltr'>καθολικῇ</span> <span class='ocrx_word' id='word_1_125' title='bbox 310 943 472 979; x_wconf 69' lang='grc' dir='ltr'>Ἐκκλησία,</span> <span class='ocrx_word' id='word_1_126' title='bbox 499 944 561 979; x_wconf 85' lang='grc' dir='ltr'>ὅρος</span> <span class='ocrx_word' id='word_1_127' title='bbox 585 944 740 971; x_wconf 79' lang='grc' dir='ltr'>ὲκτέθειται</span> <span class='ocrx_word' id='word_1_128' title='bbox 765 944 868 971; x_wconf 78' lang='grc' dir='ltr'>ἀνασα-</span> 
     </span>
    </p>
   </div>
   <div class='ocr_carea' id='block_1_21' title="bbox 119 987 868 1025">
    <p class='ocr_par' dir='ltr' id='par_1_21' title="bbox 119 987 868 1025">
     <span class='ocr_line' id='line_1_21' title="bbox 119 987 868 1025; baseline 0.004 -11"><span class='ocrx_word' id='word_1_129' title='bbox 119 997 129 1013; x_wconf 82' lang='grc'><strong><em>‹</em></strong></span> <span class='ocrx_word' id='word_1_130' title='bbox 151 987 295 1021; x_wconf 75' lang='grc' dir='ltr'>πτῖςεσθαι</span> <span class='ocrx_word' id='word_1_131' title='bbox 306 989 403 1021; x_wconf 82' lang='grc' dir='ltr'>αὐτοὺς</span> <span class='ocrx_word' id='word_1_132' title='bbox 414 990 572 1022; x_wconf 77' lang='grc' dir='ltr'>ὲξάπαντος.</span> <span class='ocrx_word' id='word_1_133' title='bbox 584 991 766 1025; x_wconf 80' lang='grc' dir='ltr'>Εὖνομιανοὺς</span> <span class='ocrx_word' id='word_1_134' title='bbox 776 991 868 1024; x_wconf 80' lang='grc' dir='ltr'>μέντοι</span> 
     </span>
    </p>
   </div>
   <div class='ocr_carea' id='block_1_22' title="bbox 120 1034 868 1072">
    <p class='ocr_par' dir='ltr' id='par_1_22' title="bbox 120 1034 868 1072">
     <span class='ocr_line' id='line_1_22' title="bbox 120 1034 868 1072; baseline 0.005 -13"><span class='ocrx_word' id='word_1_135' title='bbox 120 1044 128 1058; x_wconf 93' lang='lat'><strong>1</strong></span> <span class='ocrx_word' id='word_1_136' title='bbox 153 1034 217 1065; x_wconf 72' lang='grc' dir='ltr'>τοὺς</span> <span class='ocrx_word' id='word_1_137' title='bbox 242 1035 283 1065; x_wconf 80' lang='grc' dir='ltr'><strong>εἰς</strong></span> <span class='ocrx_word' id='word_1_138' title='bbox 299 1035 370 1069; x_wconf 83' lang='grc' dir='ltr'>μίαν</span> <span class='ocrx_word' id='word_1_139' title='bbox 394 1036 544 1062; x_wconf 80' lang='grc' dir='ltr'><strong>κατάδυσιν</strong></span> <span class='ocrx_word' id='word_1_140' title='bbox 573 1036 800 1072; x_wconf 77' lang='grc' dir='ltr'><strong>βαπτιζομένους,</strong></span> <span class='ocrx_word' id='word_1_141' title='bbox 821 1039 868 1065; x_wconf 74' lang='grc' dir='ltr'>καὶ</span> 
     </span>
    </p>
   </div>
   <div class='ocr_carea' id='block_1_23' title="bbox 119 1080 867 1117">
    <p class='ocr_par' dir='ltr' id='par_1_23' title="bbox 119 1080 867 1117">
     <span class='ocr_line' id='line_1_23' title="bbox 119 1080 867 1117; baseline 0.007 -12"><span class='ocrx_word' id='word_1_142' title='bbox 119 1088 129 1105; x_wconf 90' lang='lat'><strong>1</strong></span> <span class='ocrx_word' id='word_1_143' title='bbox 153 1080 345 1112; x_wconf 79' lang='grc' dir='ltr'>Μοντανιστὰς</span> <span class='ocrx_word' id='word_1_144' title='bbox 362 1081 426 1113; x_wconf 79' lang='grc' dir='ltr'>τοὺς</span> <span class='ocrx_word' id='word_1_145' title='bbox 439 1082 556 1108; x_wconf 75' lang='grc' dir='ltr'>ἐνταῦθα</span> <span class='ocrx_word' id='word_1_146' title='bbox 571 1082 734 1117; x_wconf 78' lang='grc' dir='ltr'><strong>λεγομένους</strong></span> <span class='ocrx_word' id='word_1_147' title='bbox 747 1083 867 1117; x_wconf 79' lang='grc' dir='ltr'><strong>Φρύγας,</strong></span> 
     </span>
    </p>
   </div>
   <div class='ocr_carea' id='block_1_24' title="bbox 119 1126 867 1163">
    <p class='ocr_par' dir='ltr' id='par_1_24' title="bbox 119 1126 867 1163">
     <span class='ocr_line' id='line_1_24' title="bbox 119 1126 867 1163; baseline 0.007 -13"><span class='ocrx_word' id='word_1_148' title='bbox 119 1134 130 1150; x_wconf 82' lang='lat'><strong>1</strong></span> <span class='ocrx_word' id='word_1_149' title='bbox 153 1126 201 1152; x_wconf 73' lang='grc' dir='ltr'>καὶ</span> <span class='ocrx_word' id='word_1_150' title='bbox 218 1126 427 1160; x_wconf 72' lang='grc' dir='ltr'>Σαϐελλιανοῦς,</span> <span class='ocrx_word' id='word_1_151' title='bbox 445 1128 492 1154; x_wconf 80' lang='grc' dir='ltr'><strong>καὶ</strong></span> <span class='ocrx_word' id='word_1_152' title='bbox 511 1128 575 1158; x_wconf 72' lang='grc' dir='ltr'>τοὺς</span> <span class='ocrx_word' id='word_1_153' title='bbox 589 1129 770 1163; x_wconf 82' lang='grc' dir='ltr'>υἱοπατορίαν</span> <span class='ocrx_word' id='word_1_154' title='bbox 787 1129 867 1161; x_wconf 70' lang='grc' dir='ltr'><strong>δοξά-</strong></span> 
     </span>
    </p>
   </div>
   <div class='ocr_carea' id='block_1_25' title="bbox 119 1171 868 1208">
    <p class='ocr_par' dir='ltr' id='par_1_25' title="bbox 119 1171 868 1208">
     <span class='ocr_line' id='line_1_25' title="bbox 119 1171 868 1208; baseline 0.007 -12"><span class='ocrx_word' id='word_1_155' title='bbox 119 1181 127 1196; x_wconf 93' lang='lat'><strong>1</strong></span> <span class='ocrx_word' id='word_1_156' title='bbox 153 1171 260 1205; x_wconf 81' lang='grc' dir='ltr'>ζοντας,</span> <span class='ocrx_word' id='word_1_157' title='bbox 284 1172 330 1199; x_wconf 73' lang='grc' dir='ltr'>καὶ</span> <span class='ocrx_word' id='word_1_158' title='bbox 347 1172 429 1207; x_wconf 76' lang='grc' dir='ltr'><strong>ἕτερά</strong></span> <span class='ocrx_word' id='word_1_159' title='bbox 444 1178 503 1199; x_wconf 80' lang='grc' dir='ltr'>τινα</span> <span class='ocrx_word' id='word_1_160' title='bbox 519 1173 626 1208; x_wconf 79' lang='grc' dir='ltr'>χαλεπὰ</span> <span class='ocrx_word' id='word_1_161' title='bbox 640 1174 793 1206; x_wconf 78' lang='grc' dir='ltr'>ποιοῦντας,</span> <span class='ocrx_word' id='word_1_162' title='bbox 821 1175 868 1201; x_wconf 80' lang='grc' dir='ltr'>καὶ</span> 
     </span>
    </p>
   </div>
   <div class='ocr_carea' id='block_1_26' title="bbox 119 1216 867 1253">
    <p class='ocr_par' dir='ltr' id='par_1_26' title="bbox 119 1216 867 1253">
     <span class='ocr_line' id='line_1_26' title="bbox 119 1216 867 1253; baseline 0.004 -11"><span class='ocrx_word' id='word_1_163' title='bbox 119 1226 128 1241; x_wconf 87' lang='lat'><strong>1</strong></span> <span class='ocrx_word' id='word_1_164' title='bbox 150 1216 241 1248; x_wconf 77' lang='grc' dir='ltr'>πάσας</span> <span class='ocrx_word' id='word_1_165' title='bbox 257 1217 305 1249; x_wconf 81' lang='grc' dir='ltr'><strong>τὰς</strong></span> <span class='ocrx_word' id='word_1_166' title='bbox 324 1217 406 1249; x_wconf 77' lang='grc' dir='ltr'>ἄλλας</span> <span class='ocrx_word' id='word_1_167' title='bbox 421 1218 552 1253; x_wconf 73' lang='grc' dir='ltr'><strong>αἱρέσεις,</strong></span> <span class='ocrx_word' id='word_1_168' title='bbox 574 1218 668 1253; x_wconf 73' lang='grc' dir='ltr'>ἐπειδὴ</span> <span class='ocrx_word' id='word_1_169' title='bbox 685 1218 780 1245; x_wconf 84' lang='grc' dir='ltr'>πολλαί</span> <span class='ocrx_word' id='word_1_170' title='bbox 797 1221 867 1246; x_wconf 75' lang='grc' dir='ltr'>εἰσιν</span> 
     </span>
    </p>
   </div>
   <div class='ocr_carea' id='block_1_27' title="bbox 119 1263 868 1302">
    <p class='ocr_par' dir='ltr' id='par_1_27' title="bbox 119 1263 868 1302">
     <span class='ocr_line' id='line_1_27' title="bbox 119 1263 868 1302; baseline 0.005 -14"><span class='ocrx_word' id='word_1_171' title='bbox 119 1272 128 1288; x_wconf 98' lang='lat'><strong>1</strong></span> <span class='ocrx_word' id='word_1_172' title='bbox 151 1263 280 1302; x_wconf 64' lang='grc' dir='ltr'>ἐνταῦθα,</span> <span class='ocrx_word' id='word_1_173' title='bbox 298 1264 420 1297; x_wconf 75' lang='grc' dir='ltr'>μάλιστα</span> <span class='ocrx_word' id='word_1_174' title='bbox 433 1264 457 1289; x_wconf 84' lang='lat' dir='ltr'><strong>oi</strong></span> <span class='ocrx_word' id='word_1_175' title='bbox 472 1263 526 1290; x_wconf 76' lang='grc' dir='ltr'><strong>ἀπὸ</strong></span> <span class='ocrx_word' id='word_1_176' title='bbox 550 1264 598 1298; x_wconf 84' lang='grc' dir='ltr'>τῆς</span> <span class='ocrx_word' id='word_1_177' title='bbox 625 1264 756 1291; x_wconf 76' lang='grc' dir='ltr'>Γαλατῶν</span> <span class='ocrx_word' id='word_1_178' title='bbox 773 1265 868 1300; x_wconf 82' lang='grc' dir='ltr'>χώρας</span> 
     </span>
    </p>
   </div>
   <div class='ocr_carea' id='block_1_28' title="bbox 117 1309 867 1344">
    <p class='ocr_par' dir='ltr' id='par_1_28' title="bbox 117 1309 867 1344">
     <span class='ocr_line' id='line_1_28' title="bbox 117 1309 867 1344; baseline 0.004 -9"><span class='ocrx_word' id='word_1_179' title='bbox 117 1318 126 1334; x_wconf 90' lang='lat'><strong>1</strong></span> <span class='ocrx_word' id='word_1_180' title='bbox 149 1309 326 1344; x_wconf 64' lang='grc' dir='ltr'>ὁρμώμενον</span> <span class='ocrx_word' id='word_1_181' title='bbox 356 1310 461 1340; x_wconf 85' lang='grc' dir='ltr'>πάντας</span> <span class='ocrx_word' id='word_1_182' title='bbox 475 1311 538 1341; x_wconf 69' lang='grc' dir='ltr'>τοὺς</span> <span class='ocrx_word' id='word_1_183' title='bbox 562 1310 608 1336; x_wconf 74' lang='grc' dir='ltr'><strong>ἀπ’</strong></span> <span class='ocrx_word' id='word_1_184' title='bbox 623 1310 712 1337; x_wconf 72' lang='grc' dir='ltr'>αὐτῶν</span> <span class='ocrx_word' id='word_1_185' title='bbox 740 1310 867 1343; x_wconf 79' lang='grc' dir='ltr'>θέλοντας</span> 
     </span>
    </p>
   </div>
   <div class='ocr_carea' id='block_1_29' title="bbox 120 1355 867 1392">
    <p class='ocr_par' dir='ltr' id='par_1_29' title="bbox 120 1355 867 1392">
     <span class='ocr_line' id='line_1_29' title="bbox 120 1355 867 1392; baseline 0.005 -12"><span class='ocrx_word' id='word_1_186' title='bbox 120 1364 130 1380; x_wconf 91' lang='grc'><em>‹</em></span> <span class='ocrx_word' id='word_1_187' title='bbox 153 1355 347 1390; x_wconf 78' lang='grc' dir='ltr'>προστίθεσθαι</span> <span class='ocrx_word' id='word_1_188' title='bbox 362 1356 395 1390; x_wconf 86' lang='grc' dir='ltr'>τῇ</span> <span class='ocrx_word' id='word_1_189' title='bbox 414 1355 553 1391; x_wconf 68' lang='grc' dir='ltr'>ὀρθοδοξίᾳ</span> <span class='ocrx_word' id='word_1_190' title='bbox 576 1355 612 1388; x_wconf 83' lang='grc' dir='ltr'><strong>ὡς</strong></span> <span class='ocrx_word' id='word_1_191' title='bbox 639 1356 776 1391; x_wconf 79' lang='grc' dir='ltr'>’Έλληνας</span> <span class='ocrx_word' id='word_1_192' title='bbox 791 1356 867 1392; x_wconf 83' lang='grc' dir='ltr'><strong>δεχό-</strong></span> 
     </span>
    </p>
   </div>
   <div class='ocr_carea' id='block_1_30' title="bbox 120 1399 867 1437">
    <p class='ocr_par' dir='ltr' id='par_1_30' title="bbox 120 1399 867 1437">
     <span class='ocr_line' id='line_1_30' title="bbox 120 1399 867 1437; baseline 0.005 -12"><span class='ocrx_word' id='word_1_193' title='bbox 120 1410 128 1425; x_wconf 92' lang='lat'><strong>1</strong></span> <span class='ocrx_word' id='word_1_194' title='bbox 156 1399 242 1434; x_wconf 76' lang='grc' dir='ltr'>μεθαο</span> <span class='ocrx_word' id='word_1_195' title='bbox 258 1401 305 1426; x_wconf 74' lang='grc' dir='ltr'>καὶ</span> <span class='ocrx_word' id='word_1_196' title='bbox 333 1400 382 1435; x_wconf 83' lang='grc' dir='ltr'>τὴν</span> <span class='ocrx_word' id='word_1_197' title='bbox 407 1401 455 1434; x_wconf 84' lang='grc' dir='ltr'>μὲν</span> <span class='ocrx_word' id='word_1_198' title='bbox 484 1400 597 1436; x_wconf 82' lang='grc' dir='ltr'>πρώτην</span> <span class='ocrx_word' id='word_1_199' title='bbox 613 1401 721 1437; x_wconf 80' lang='grc' dir='ltr'>ἡμέραν</span> <span class='ocrx_word' id='word_1_200' title='bbox 736 1401 867 1437; x_wconf 84' lang='grc' dir='ltr'>ποιοῦμεν</span> 
     </span>
    </p>
   </div>
   <div class='ocr_carea' id='block_1_31' title="bbox 118 1446 867 1483">
    <p class='ocr_par' dir='ltr' id='par_1_31' title="bbox 118 1446 867 1483">
     <span class='ocr_line' id='line_1_31' title="bbox 118 1446 867 1483; baseline 0.004 -11"><span class='ocrx_word' id='word_1_201' title='bbox 118 1456 126 1472; x_wconf 96' lang='lat'><strong>1</strong></span> <span class='ocrx_word' id='word_1_202' title='bbox 150 1446 250 1478; x_wconf 78' lang='grc' dir='ltr'>αὐτοὺς</span> <span class='ocrx_word' id='word_1_203' title='bbox 270 1446 463 1482; x_wconf 79' lang='grc' dir='ltr'>Χριστιανοὺς,</span> <span class='ocrx_word' id='word_1_204' title='bbox 479 1447 529 1481; x_wconf 84' lang='grc' dir='ltr'>τὴν</span> <span class='ocrx_word' id='word_1_205' title='bbox 544 1447 572 1473; x_wconf 81' lang='grc' dir='ltr'><strong>δὲ</strong></span> <span class='ocrx_word' id='word_1_206' title='bbox 588 1447 719 1483; x_wconf 83' lang='grc' dir='ltr'>δευτέραν</span> <span class='ocrx_word' id='word_1_207' title='bbox 734 1454 867 1482; x_wconf 84' lang='grc' dir='ltr'>κατηχου-</span> 
     </span>
    </p>
   </div>
   <div class='ocr_carea' id='block_1_32' title="bbox 118 1490 866 1529">
    <p class='ocr_par' dir='ltr' id='par_1_32' title="bbox 118 1490 866 1529">
     <span class='ocr_line' id='line_1_32' title="bbox 118 1490 866 1529; baseline 0.004 -11"><span class='ocrx_word' id='word_1_208' title='bbox 118 1502 127 1518; x_wconf 91' lang='lat'><strong>1</strong></span> <span class='ocrx_word' id='word_1_209' title='bbox 153 1492 271 1527; x_wconf 76' lang='grc' dir='ltr'>μένους·</span> <span class='ocrx_word' id='word_1_210' title='bbox 302 1490 363 1519; x_wconf 75' lang='grc' dir='ltr'>εἶτα</span> <span class='ocrx_word' id='word_1_211' title='bbox 392 1493 442 1528; x_wconf 76' lang='grc' dir='ltr'>τὴν</span> <span class='ocrx_word' id='word_1_212' title='bbox 463 1493 561 1528; x_wconf 85' lang='grc' dir='ltr'>τρίτην</span> <span class='ocrx_word' id='word_1_213' title='bbox 589 1493 770 1529; x_wconf 72' lang='grc' dir='ltr'>ὲξορκίζομεν</span> <span class='ocrx_word' id='word_1_214' title='bbox 797 1495 866 1528; x_wconf 78' lang='grc' dir='ltr'>μετὰ</span> 
     </span>
    </p>
   </div>
   <div class='ocr_carea' id='block_1_33' title="bbox 118 1538 866 1575">
    <p class='ocr_par' dir='ltr' id='par_1_33' title="bbox 118 1538 866 1575">
     <span class='ocr_line' id='line_1_33' title="bbox 118 1538 866 1575; baseline 0.004 -11"><span class='ocrx_word' id='word_1_215' title='bbox 118 1547 128 1563; x_wconf 88' lang='lat'><strong>1</strong></span> <span class='ocrx_word' id='word_1_216' title='bbox 150 1538 197 1565; x_wconf 79' lang='grc' dir='ltr'>τοῦ</span> <span class='ocrx_word' id='word_1_217' title='bbox 213 1539 339 1574; x_wconf 73' lang='grc' dir='ltr'>ἐμφυσᾷν</span> <span class='ocrx_word' id='word_1_218' title='bbox 354 1541 448 1575; x_wconf 86' lang='grc' dir='ltr'>τρίτον</span> <span class='ocrx_word' id='word_1_219' title='bbox 463 1540 504 1570; x_wconf 77' lang='grc' dir='ltr'><strong>εἰς</strong></span> <span class='ocrx_word' id='word_1_220' title='bbox 528 1539 558 1565; x_wconf 78' lang='grc' dir='ltr'><strong>τὸ</strong></span> <span class='ocrx_word' id='word_1_221' title='bbox 586 1539 735 1574; x_wconf 77' lang='grc' dir='ltr'>πρόσωπον</span> <span class='ocrx_word' id='word_1_222' title='bbox 762 1541 809 1567; x_wconf 80' lang='grc' dir='ltr'><strong>καὶ</strong></span> <span class='ocrx_word' id='word_1_223' title='bbox 825 1541 866 1572; x_wconf 81' lang='grc' dir='ltr'>εἰς</span> 
     </span>
    </p>
   </div>
   <div class='ocr_carea' id='block_1_34' title="bbox 119 1580 902 1622">
    <p class='ocr_par' dir='ltr' id='par_1_34' title="bbox 119 1580 902 1622">
     <span class='ocr_line' id='line_1_34' title="bbox 119 1580 902 1622; baseline 0.004 -13"><span class='ocrx_word' id='word_1_224' title='bbox 119 1594 127 1609; x_wconf 95' lang='lat'><strong>1</strong></span> <span class='ocrx_word' id='word_1_225' title='bbox 150 1584 184 1610; x_wconf 76' lang='grc' dir='ltr'><strong>τὰ</strong></span> <span class='ocrx_word' id='word_1_226' title='bbox 198 1580 265 1611; x_wconf 55' lang='lat' dir='ltr'><strong>diras</strong></span> <span class='ocrx_word' id='word_1_227' title='bbox 283 1584 331 1612; x_wconf 72' lang='grc' dir='ltr'>καὶ</span> <span class='ocrx_word' id='word_1_228' title='bbox 349 1584 421 1611; x_wconf 78' lang='grc' dir='ltr'>οὕτω</span> <span class='ocrx_word' id='word_1_229' title='bbox 451 1585 637 1620; x_wconf 80' lang='grc' dir='ltr'>κατηχοῦμεν,</span> <span class='ocrx_word' id='word_1_230' title='bbox 667 1585 714 1612; x_wconf 78' lang='grc' dir='ltr'>καὶ</span> <span class='ocrx_word' id='word_1_231' title='bbox 734 1585 866 1620; x_wconf 82' lang='grc' dir='ltr'>ποιοῦμεν</span> <span class='ocrx_word' id='word_1_232' title='bbox 880 1594 902 1622; x_wconf 78' lang='grc' dir='ltr'><strong>α</strong></span> 
     </span>
    </p>
   </div>
   <div class='ocr_carea' id='block_1_35' title="bbox 120 1631 867 1667">
    <p class='ocr_par' dir='ltr' id='par_1_35' title="bbox 120 1631 867 1667">
     <span class='ocr_line' id='line_1_35' title="bbox 120 1631 867 1667; baseline 0.003 -11"><span class='ocrx_word' id='word_1_233' title='bbox 120 1641 128 1655; x_wconf 92' lang='lat'><strong>1</strong></span> <span class='ocrx_word' id='word_1_234' title='bbox 154 1631 289 1666; x_wconf 80' lang='grc' dir='ltr'>χρονίζειν</span> <span class='ocrx_word' id='word_1_235' title='bbox 310 1631 350 1662; x_wconf 77' lang='grc' dir='ltr'><strong>εἰς</strong></span> <span class='ocrx_word' id='word_1_236' title='bbox 380 1631 432 1665; x_wconf 84' lang='grc' dir='ltr'>τὴν</span> <span class='ocrx_word' id='word_1_237' title='bbox 460 1631 623 1665; x_wconf 79' lang='grc' dir='ltr'>ἐκκλησίαν,</span> <span class='ocrx_word' id='word_1_238' title='bbox 641 1632 690 1657; x_wconf 81' lang='grc' dir='ltr'>καὶ</span> <span class='ocrx_word' id='word_1_239' title='bbox 713 1632 867 1667; x_wconf 81' lang='grc' dir='ltr'>ἀκροᾶσθαι</span> 
     </span>
    </p>
   </div>
   <div class='ocr_carea' id='block_1_36' title="bbox 120 1676 867 1712">
    <p class='ocr_par' dir='ltr' id='par_1_36' title="bbox 120 1676 867 1712">
     <span class='ocr_line' id='line_1_36' title="bbox 120 1676 867 1712; baseline 0.005 -12"><span class='ocrx_word' id='word_1_240' title='bbox 120 1685 129 1700; x_wconf 95' lang='lat'><strong>1</strong></span> <span class='ocrx_word' id='word_1_241' title='bbox 153 1676 208 1703; x_wconf 81' lang='grc' dir='ltr'>τῶν</span> <span class='ocrx_word' id='word_1_242' title='bbox 223 1676 354 1711; x_wconf 78' lang='grc' dir='ltr'>Γραφῶν,</span> <span class='ocrx_word' id='word_1_243' title='bbox 369 1677 416 1703; x_wconf 73' lang='grc' dir='ltr'>καὶ</span> <span class='ocrx_word' id='word_1_244' title='bbox 429 1677 491 1703; x_wconf 81' lang='grc' dir='ltr'>τότε</span> <span class='ocrx_word' id='word_1_245' title='bbox 507 1676 607 1708; x_wconf 76' lang='grc' dir='ltr'>αὐτοὺς</span> <span class='ocrx_word' id='word_1_246' title='bbox 620 1676 801 1712; x_wconf 82' lang='grc' dir='ltr'>βαπτίζομεν·</span> <span class='ocrx_word' id='word_1_247' title='bbox 819 1679 867 1706; x_wconf 78' lang='grc' dir='ltr'>καὶ</span> 
     </span>
    </p>
   </div>
   <div class='ocr_carea' id='block_1_37' title="bbox 118 1721 867 1756">
    <p class='ocr_par' dir='ltr' id='par_1_37' title="bbox 118 1721 867 1756">
     <span class='ocr_line' id='line_1_37' title="bbox 118 1721 867 1756; baseline 0.005 -10"><span class='ocrx_word' id='word_1_248' title='bbox 118 1730 127 1746; x_wconf 91' lang='lat'><strong>1</strong></span> <span class='ocrx_word' id='word_1_249' title='bbox 148 1721 209 1752; x_wconf 81' lang='grc' dir='ltr'>τοὺς</span> <span class='ocrx_word' id='word_1_250' title='bbox 224 1721 394 1756; x_wconf 76' lang='grc' dir='ltr'>Μανιχαίους</span> <span class='ocrx_word' id='word_1_251' title='bbox 418 1721 447 1748; x_wconf 81' lang='grc' dir='ltr'><strong>δὲ</strong></span> <span class='ocrx_word' id='word_1_252' title='bbox 471 1722 509 1756; x_wconf 81' lang='lat'><strong>(8)</strong></span> <span class='ocrx_word' id='word_1_253' title='bbox 524 1722 571 1748; x_wconf 76' lang='grc' dir='ltr'>καὶ</span> <span class='ocrx_word' id='word_1_254' title='bbox 586 1722 650 1753; x_wconf 82' lang='grc' dir='ltr'>τοὺς</span> <span class='ocrx_word' id='word_1_255' title='bbox 677 1722 867 1750; x_wconf 79' lang='grc' dir='ltr'>Οὐαλεντινια-</span> 
     </span>
    </p>
   </div>
   <div class='ocr_carea' id='block_1_38' title="bbox 118 1766 866 1802">
    <p class='ocr_par' dir='ltr' id='par_1_38' title="bbox 118 1766 866 1802">
     <span class='ocr_line' id='line_1_38' title="bbox 118 1766 866 1802; baseline 0.004 -11"><span class='ocrx_word' id='word_1_256' title='bbox 118 1775 128 1790; x_wconf 90' lang='lat'><strong>1</strong></span> <span class='ocrx_word' id='word_1_257' title='bbox 150 1766 224 1798; x_wconf 84' lang='grc' dir='ltr'>νοὺς,</span> <span class='ocrx_word' id='word_1_258' title='bbox 241 1767 288 1793; x_wconf 70' lang='grc' dir='ltr'>καὶ</span> <span class='ocrx_word' id='word_1_259' title='bbox 297 1767 513 1802; x_wconf 76' lang='grc' dir='ltr'>Μαρκιονιστὰς,</span> <span class='ocrx_word' id='word_1_260' title='bbox 524 1768 644 1798; x_wconf 75' lang='grc' dir='ltr'>καὶτοὺς</span> <span class='ocrx_word' id='word_1_261' title='bbox 658 1767 690 1793; x_wconf 81' lang='grc' dir='ltr'>ὲκ</span> <span class='ocrx_word' id='word_1_262' title='bbox 698 1768 753 1794; x_wconf 90' lang='grc' dir='ltr'>τῶν</span> <span class='ocrx_word' id='word_1_263' title='bbox 765 1768 866 1802; x_wconf 79' lang='grc' dir='ltr'>ὁμοίων</span> 
     </span>
    </p>
   </div>
   <div class='ocr_carea' id='block_1_39' title="bbox 121 1808 866 1849">
    <p class='ocr_par' dir='ltr' id='par_1_39' title="bbox 121 1808 866 1849">
     <span class='ocr_line' id='line_1_39' title="bbox 121 1808 866 1849; baseline 0.004 -12"><span class='ocrx_word' id='word_1_264' title='bbox 121 1821 129 1836; x_wconf 93' lang='lat'><strong>1</strong></span> <span class='ocrx_word' id='word_1_265' title='bbox 154 1812 297 1845; x_wconf 78' lang='grc' dir='ltr'>αἱρέσεων.</span> <span class='ocrx_word' id='word_1_266' title='bbox 313 1813 382 1844; x_wconf 82' lang='grc' dir='ltr'>Τοὺς</span> <span class='ocrx_word' id='word_1_267' title='bbox 395 1813 423 1839; x_wconf 79' lang='grc' dir='ltr'><strong>δὲ</strong></span> <span class='ocrx_word' id='word_1_268' title='bbox 436 1808 639 1848; x_wconf 71' lang='grc' dir='ltr'>Νεστοριανοὺς</span> <span class='ocrx_word' id='word_1_269' title='bbox 653 1813 707 1849; x_wconf 78' lang='grc' dir='ltr'><strong>χρὴ</strong></span> <span class='ocrx_word' id='word_1_270' title='bbox 724 1815 811 1840; x_wconf 85' lang='grc' dir='ltr'>ποιεῖν</span> <span class='ocrx_word' id='word_1_271' title='bbox 825 1814 866 1840; x_wconf 78' lang='grc' dir='ltr'>λι-</span> 
     </span>
    </p>
   </div>
   <div class='ocr_carea' id='block_1_40' title="bbox 117 1857 866 1894">
    <p class='ocr_par' dir='ltr' id='par_1_40' title="bbox 117 1857 866 1894">
     <span class='ocr_line' id='line_1_40' title="bbox 117 1857 866 1894; baseline 0.004 -10"><span class='ocrx_word' id='word_1_272' title='bbox 117 1867 127 1883; x_wconf 92' lang='lat'><strong>1</strong></span> <span class='ocrx_word' id='word_1_273' title='bbox 151 1857 273 1890; x_wconf 77' lang='grc' dir='ltr'>ϐέλλους,</span> <span class='ocrx_word' id='word_1_274' title='bbox 291 1858 340 1885; x_wconf 81' lang='grc' dir='ltr'>καὶ</span> <span class='ocrx_word' id='word_1_275' title='bbox 358 1858 569 1893; x_wconf 72' lang='grc' dir='ltr'>ἀναθεματίζειν</span> <span class='ocrx_word' id='word_1_276' title='bbox 583 1859 633 1893; x_wconf 80' lang='grc' dir='ltr'>τὴν</span> <span class='ocrx_word' id='word_1_277' title='bbox 650 1859 758 1894; x_wconf 80' lang='grc' dir='ltr'>αἵρεσιν</span> <span class='ocrx_word' id='word_1_278' title='bbox 772 1861 866 1887; x_wconf 85' lang='grc' dir='ltr'>αὐτῶν</span> 
     </span>
    </p>
   </div>
   <div class='ocr_carea' id='block_1_41' title="bbox 118 1903 867 1940">
    <p class='ocr_par' dir='ltr' id='par_1_41' title="bbox 118 1903 867 1940">
     <span class='ocr_line' id='line_1_41' title="bbox 118 1903 867 1940; baseline 0.004 -10"><span class='ocrx_word' id='word_1_279' title='bbox 118 1913 126 1929; x_wconf 98' lang='lat'><strong>1</strong></span> <span class='ocrx_word' id='word_1_280' title='bbox 149 1904 197 1930; x_wconf 81' lang='grc' dir='ltr'>καὶ</span> <span class='ocrx_word' id='word_1_281' title='bbox 211 1903 359 1939; x_wconf 83' lang='grc' dir='ltr'>Νεστόριον</span> <span class='ocrx_word' id='word_1_282' title='bbox 375 1903 423 1931; x_wconf 76' lang='grc' dir='ltr'>καὶ</span> <span class='ocrx_word' id='word_1_283' title='bbox 441 1904 566 1939; x_wconf 79' lang='grc' dir='ltr'>Εὑτυχέα</span> <span class='ocrx_word' id='word_1_284' title='bbox 580 1905 629 1930; x_wconf 69' lang='grc' dir='ltr'>καὶ</span> <span class='ocrx_word' id='word_1_285' title='bbox 646 1905 794 1940; x_wconf 81' lang='grc' dir='ltr'>Διόσκορον</span> <span class='ocrx_word' id='word_1_286' title='bbox 820 1907 867 1933; x_wconf 81' lang='grc' dir='ltr'>καὶ</span> 
     </span>
    </p>
   </div>
   <div class='ocr_carea' id='block_1_42' title="bbox 119 1943 866 1984">
    <p class='ocr_par' dir='ltr' id='par_1_42' title="bbox 119 1943 866 1984">
     <span class='ocr_line' id='line_1_42' title="bbox 119 1943 866 1984; baseline 0.003 -8"><span class='ocrx_word' id='word_1_287' title='bbox 119 1959 128 1976; x_wconf 88' lang='lat'><strong>1</strong></span> <span class='ocrx_word' id='word_1_288' title='bbox 152 1949 283 1984; x_wconf 75' lang='grc' dir='ltr'><strong>Σεῦῆρον,</strong></span> <span class='ocrx_word' id='word_1_289' title='bbox 299 1949 345 1976; x_wconf 72' lang='grc' dir='ltr'>καὶ</span> <span class='ocrx_word' id='word_1_290' title='bbox 362 1943 425 1981; x_wconf 80' lang='grc' dir='ltr'>τοὺς</span> <span class='ocrx_word' id='word_1_291' title='bbox 439 1950 550 1981; x_wconf 82' lang='grc' dir='ltr'>λοιποὺς</span> <span class='ocrx_word' id='word_1_292' title='bbox 564 1950 696 1984; x_wconf 76' lang='grc' dir='ltr'>ἐξάρχους</span> <span class='ocrx_word' id='word_1_293' title='bbox 710 1951 764 1978; x_wconf 82' lang='grc' dir='ltr'>τῶν</span> <span class='ocrx_word' id='word_1_294' title='bbox 778 1951 866 1978; x_wconf 84' lang='grc' dir='ltr'>τοιού-</span> 
     </span>
    </p>
   </div>
   <div class='ocr_carea' id='block_1_43' title="bbox 118 1995 865 2031">
    <p class='ocr_par' dir='ltr' id='par_1_43' title="bbox 118 1995 865 2031">
     <span class='ocr_line' id='line_1_43' title="bbox 118 1995 865 2031; baseline 0.004 -10"><span class='ocrx_word' id='word_1_295' title='bbox 118 2006 127 2021; x_wconf 94' lang='lat'><strong>1</strong></span> <span class='ocrx_word' id='word_1_296' title='bbox 150 2004 204 2022; x_wconf 90' lang='grc' dir='ltr'>των</span> <span class='ocrx_word' id='word_1_297' title='bbox 219 1996 365 2029; x_wconf 79' lang='grc' dir='ltr'>αίρέσεων,</span> <span class='ocrx_word' id='word_1_298' title='bbox 380 1996 427 2022; x_wconf 77' lang='grc' dir='ltr'>καὶ</span> <span class='ocrx_word' id='word_1_299' title='bbox 442 1995 506 2027; x_wconf 77' lang='grc' dir='ltr'>τοὺς</span> <span class='ocrx_word' id='word_1_300' title='bbox 522 1995 689 2031; x_wconf 76' lang='grc' dir='ltr'>φρονοῦντας</span> <span class='ocrx_word' id='word_1_301' title='bbox 702 1997 736 2023; x_wconf 84' lang='grc' dir='ltr'>τὰ</span> <span class='ocrx_word' id='word_1_302' title='bbox 763 1997 865 2028; x_wconf 80' lang='grc' dir='ltr'>αὐτῶν.</span> 
     </span>
    </p>
   </div>
   <div class='ocr_carea' id='block_1_44' title="bbox 117 2041 864 2077">
    <p class='ocr_par' dir='ltr' id='par_1_44' title="bbox 117 2041 864 2077">
     <span class='ocr_line' id='line_1_44' title="bbox 117 2041 864 2077; baseline 0.003 -10"><span class='ocrx_word' id='word_1_303' title='bbox 117 2051 126 2066; x_wconf 92' lang='lat'><strong>1</strong></span> <span class='ocrx_word' id='word_1_304' title='bbox 150 2041 197 2068; x_wconf 74' lang='grc' dir='ltr'>καὶ</span> <span class='ocrx_word' id='word_1_305' title='bbox 223 2041 314 2072; x_wconf 77' lang='grc' dir='ltr'>πάσας</span> <span class='ocrx_word' id='word_1_306' title='bbox 340 2041 390 2072; x_wconf 84' lang='grc' dir='ltr'><strong>τὰς</strong></span> <span class='ocrx_word' id='word_1_307' title='bbox 417 2043 699 2076; x_wconf 82' lang='grc' dir='ltr'>προσαναφερομένας</span> <span class='ocrx_word' id='word_1_308' title='bbox 727 2043 864 2077; x_wconf 77' lang='grc' dir='ltr'>αἱρέσεις·</span> 
     </span>
    </p>
   </div>
   <div class='ocr_carea' id='block_1_45' title="bbox 117 2086 862 2122">
    <p class='ocr_par' dir='ltr' id='par_1_45' title="bbox 117 2086 862 2122">
     <span class='ocr_line' id='line_1_45' title="bbox 117 2086 862 2122; baseline 0.004 -10"><span class='ocrx_word' id='word_1_309' title='bbox 117 2098 125 2112; x_wconf 82' lang='grc' dir='ltr'><strong>ι</strong></span> <span class='ocrx_word' id='word_1_310' title='bbox 149 2087 196 2113; x_wconf 78' lang='grc' dir='ltr'>καὶ</span> <span class='ocrx_word' id='word_1_311' title='bbox 225 2086 296 2113; x_wconf 71' lang='grc' dir='ltr'>οὕτω</span> <span class='ocrx_word' id='word_1_312' title='bbox 320 2086 543 2122; x_wconf 80' lang='grc' dir='ltr'>μεταλαμσάνειν</span> <span class='ocrx_word' id='word_1_313' title='bbox 572 2088 621 2122; x_wconf 83' lang='grc' dir='ltr'>τῆς</span> <span class='ocrx_word' id='word_1_314' title='bbox 658 2088 738 2122; x_wconf 78' lang='grc' dir='ltr'>ἁγίας</span> <span class='ocrx_word' id='word_1_315' title='bbox 765 2097 862 2115; x_wconf 86' lang='grc' dir='ltr'>κοινω-</span> 
     </span>
    </p>
   </div>
   <div class='ocr_carea' id='block_1_46' title="bbox 116 2133 252 2164">
    <p class='ocr_par' dir='ltr' id='par_1_46' title="bbox 116 2133 252 2164">
     <span class='ocr_line' id='line_1_46' title="bbox 116 2133 252 2164; baseline -0.007 -5"><span class='ocrx_word' id='word_1_316' title='bbox 116 2142 125 2159; x_wconf 93' lang='lat'><strong>1</strong></span> <span class='ocrx_word' id='word_1_317' title='bbox 149 2133 217 2164; x_wconf 80' lang='grc' dir='ltr'>νίας.</span> <span class='ocrx_word' id='word_1_318' title='bbox 243 2142 252 2158; x_wconf 76' lang='grc' dir='ltr'><strong>ι</strong></span> 
     </span>
    </p>
   </div>
   <div class='ocr_carea' id='block_1_47' title="bbox 113 2179 864 2217">
    <p class='ocr_par' dir='ltr' id='par_1_47' title="bbox 113 2179 864 2217">
     <span class='ocr_line' id='line_1_47' title="bbox 113 2179 864 2217; baseline 0.004 -11"><span class='ocrx_word' id='word_1_319' title='bbox 113 2180 212 2207; x_wconf 78' lang='grc' dir='ltr'><strong>ΒΔΛΣ.</strong></span> <span class='ocrx_word' id='word_1_320' title='bbox 229 2180 297 2214; x_wconf 72' lang='grc' dir='ltr'>Περὶ</span> <span class='ocrx_word' id='word_1_321' title='bbox 324 2179 372 2206; x_wconf 74' lang='grc' dir='ltr'><strong>τοῦ</strong></span> <span class='ocrx_word' id='word_1_322' title='bbox 399 2179 511 2210; x_wconf 81' lang='grc' dir='ltr'>κανόνος</span> <span class='ocrx_word' id='word_1_323' title='bbox 528 2179 625 2206; x_wconf 76' lang='grc' dir='ltr'>τούτου</span> <span class='ocrx_word' id='word_1_324' title='bbox 649 2181 765 2217; x_wconf 74' lang='grc' dir='ltr'>ὲῦδόμου</span> <span class='ocrx_word' id='word_1_325' title='bbox 789 2183 864 2214; x_wconf 76' lang='grc' dir='ltr'>ὄντος</span> 
     </span>
    </p>
   </div>
   <div class='ocr_carea' id='block_1_48' title="bbox 76 2225 864 2264">
    <p class='ocr_par' dir='ltr' id='par_1_48' title="bbox 76 2225 864 2264">
     <span class='ocr_line' id='line_1_48' title="bbox 76 2225 864 2264; baseline 0.005 -12"><span class='ocrx_word' id='word_1_326' title='bbox 76 2226 127 2260; x_wconf 82' lang='grc' dir='ltr'>τῆς</span> <span class='ocrx_word' id='word_1_327' title='bbox 145 2227 339 2261; x_wconf 80' lang='grc' dir='ltr'>οίκουμενικῆς</span> <span class='ocrx_word' id='word_1_328' title='bbox 365 2225 388 2261; x_wconf 82' lang='grc' dir='ltr'><strong>β’</strong></span> <span class='ocrx_word' id='word_1_329' title='bbox 414 2225 524 2252; x_wconf 81' lang='grc' dir='ltr'>συνόδου</span> <span class='ocrx_word' id='word_1_330' title='bbox 542 2226 643 2258; x_wconf 77' lang='grc' dir='ltr'>ἱκανῶς</span> <span class='ocrx_word' id='word_1_331' title='bbox 666 2228 756 2254; x_wconf 77' lang='grc' dir='ltr'>ἐκεῖσε</span> <span class='ocrx_word' id='word_1_332' title='bbox 782 2228 864 2264; x_wconf 79' lang='grc' dir='ltr'><strong>ἐγρά-</strong></span> 
     </span>
    </p>
   </div>
   <div class='ocr_carea' id='block_1_49' title="bbox 76 2272 861 2308">
    <p class='ocr_par' dir='ltr' id='par_1_49' title="bbox 76 2272 861 2308">
     <span class='ocr_line' id='line_1_49' title="bbox 76 2272 861 2308; baseline 0.004 -10"><span class='ocrx_word' id='word_1_333' title='bbox 76 2273 179 2308; x_wconf 77' lang='grc' dir='ltr'>ψαμεν.</span> <span class='ocrx_word' id='word_1_334' title='bbox 198 2273 246 2299; x_wconf 76' lang='grc' dir='ltr'>καὶ</span> <span class='ocrx_word' id='word_1_335' title='bbox 269 2273 299 2299; x_wconf 82' lang='grc' dir='ltr'>οὐ</span> <span class='ocrx_word' id='word_1_336' title='bbox 322 2272 375 2307; x_wconf 84' lang='grc' dir='ltr'><strong>χρὴ</strong></span> <span class='ocrx_word' id='word_1_337' title='bbox 398 2272 462 2307; x_wconf 78' lang='grc' dir='ltr'>περὶ</span> <span class='ocrx_word' id='word_1_338' title='bbox 479 2272 535 2298; x_wconf 82' lang='grc' dir='ltr'>τῶν</span> <span class='ocrx_word' id='word_1_339' title='bbox 562 2273 651 2299; x_wconf 85' lang='grc' dir='ltr'>αὐτῶν</span> <span class='ocrx_word' id='word_1_340' title='bbox 677 2273 861 2307; x_wconf 80' lang='grc' dir='ltr'>παλιλλογεϊν.</span> 
     </span>
    </p>
   </div>
   <div class='ocr_carea' id='block_1_50' title="bbox 83 2317 862 2354">
    <p class='ocr_par' dir='ltr' id='par_1_50' title="bbox 83 2317 862 2354">
     <span class='ocr_line' id='line_1_50' title="bbox 83 2317 862 2354; baseline 0.003 -10"><span class='ocrx_word' id='word_1_341' title='bbox 83 2317 162 2344; x_wconf 74' lang='grc' dir='ltr'><strong>Ἐπεὶ</strong></span> <span class='ocrx_word' id='word_1_342' title='bbox 175 2318 203 2344; x_wconf 73' lang='grc' dir='ltr'><strong>δὲ</strong></span> <span class='ocrx_word' id='word_1_343' title='bbox 219 2318 371 2353; x_wconf 80' lang='grc' dir='ltr'>προσετέθη</span> <span class='ocrx_word' id='word_1_344' title='bbox 390 2319 464 2354; x_wconf 69' lang='grc' dir='ltr'>παρὰ</span> <span class='ocrx_word' id='word_1_345' title='bbox 479 2318 527 2352; x_wconf 88' lang='grc' dir='ltr'>τῆς</span> <span class='ocrx_word' id='word_1_346' title='bbox 543 2318 653 2344; x_wconf 85' lang='grc' dir='ltr'>συνόδου</span> <span class='ocrx_word' id='word_1_347' title='bbox 669 2319 773 2354; x_wconf 85' lang='grc' dir='ltr'>ταύτης</span> <span class='ocrx_word' id='word_1_348' title='bbox 787 2321 862 2354; x_wconf 79' lang='grc' dir='ltr'>ὀφει-</span> 
     </span>
    </p>
   </div>
   <div class='ocr_carea' id='block_1_51' title="bbox 76 2362 861 2398">
    <p class='ocr_par' dir='ltr' id='par_1_51' title="bbox 76 2362 861 2398">
     <span class='ocr_line' id='line_1_51' title="bbox 76 2362 861 2398; baseline 0.004 -10"><span class='ocrx_word' id='word_1_349' title='bbox 76 2363 133 2390; x_wconf 82' lang='grc' dir='ltr'>λειν</span> <span class='ocrx_word' id='word_1_350' title='bbox 146 2363 196 2390; x_wconf 70' lang='grc' dir='ltr'>καὶ</span> <span class='ocrx_word' id='word_1_351' title='bbox 210 2364 273 2394; x_wconf 67' lang='grc' dir='ltr'>τοὺς</span> <span class='ocrx_word' id='word_1_352' title='bbox 288 2362 455 2398; x_wconf 77' lang='grc' dir='ltr'>Μανιχαίους</span> <span class='ocrx_word' id='word_1_353' title='bbox 478 2364 527 2390; x_wconf 78' lang='grc' dir='ltr'>καὶ</span> <span class='ocrx_word' id='word_1_354' title='bbox 544 2363 607 2395; x_wconf 82' lang='grc' dir='ltr'>τοὺς</span> <span class='ocrx_word' id='word_1_355' title='bbox 622 2363 861 2396; x_wconf 79' lang='grc' dir='ltr'>Οὐαλεντινιανοὺς</span> 
     </span>
    </p>
   </div>
   <div class='ocr_carea' id='block_1_52' title="bbox 76 2408 860 2445">
    <p class='ocr_par' dir='ltr' id='par_1_52' title="bbox 76 2408 860 2445">
     <span class='ocr_line' id='line_1_52' title="bbox 76 2408 860 2445; baseline 0.005 -11"><span class='ocrx_word' id='word_1_356' title='bbox 76 2409 124 2435; x_wconf 81' lang='grc' dir='ltr'>καὶ</span> <span class='ocrx_word' id='word_1_357' title='bbox 143 2409 205 2440; x_wconf 77' lang='grc' dir='ltr'>τοὺς</span> <span class='ocrx_word' id='word_1_358' title='bbox 219 2408 434 2444; x_wconf 82' lang='grc' dir='ltr'>Μαρκιονιστάς,</span> <span class='ocrx_word' id='word_1_359' title='bbox 467 2409 513 2434; x_wconf 78' lang='grc' dir='ltr'>καὶ</span> <span class='ocrx_word' id='word_1_360' title='bbox 540 2409 604 2440; x_wconf 71' lang='grc' dir='ltr'>τοὺς</span> <span class='ocrx_word' id='word_1_361' title='bbox 633 2410 664 2435; x_wconf 84' lang='grc' dir='ltr'>ὲκ</span> <span class='ocrx_word' id='word_1_362' title='bbox 681 2409 736 2436; x_wconf 88' lang='grc' dir='ltr'>τῶν</span> <span class='ocrx_word' id='word_1_363' title='bbox 759 2411 860 2445; x_wconf 81' lang='grc' dir='ltr'>ὁμοίων</span> 
     </span>
    </p>
   </div>
   <div class='ocr_carea' id='block_1_53' title="bbox 77 2454 860 2489">
    <p class='ocr_par' dir='ltr' id='par_1_53' title="bbox 77 2454 860 2489">
     <span class='ocr_line' id='line_1_53' title="bbox 77 2454 860 2489; baseline 0.004 -9"><span class='ocrx_word' id='word_1_364' title='bbox 77 2454 219 2489; x_wconf 73' lang='grc' dir='ltr'>αἱρέσεων,</span> <span class='ocrx_word' id='word_1_365' title='bbox 238 2454 309 2480; x_wconf 74' lang='grc' dir='ltr'>κατὰ</span> <span class='ocrx_word' id='word_1_366' title='bbox 324 2454 387 2485; x_wconf 76' lang='grc' dir='ltr'>τοὺς</span> <span class='ocrx_word' id='word_1_367' title='bbox 404 2454 589 2489; x_wconf 78' lang='grc' dir='ltr'>Εὑνομιανοὺς</span> <span class='ocrx_word' id='word_1_368' title='bbox 607 2455 652 2481; x_wconf 82' lang='grc' dir='ltr'>καὶ</span> <span class='ocrx_word' id='word_1_369' title='bbox 667 2456 732 2488; x_wconf 81' lang='grc' dir='ltr'>τοὺς</span> <span class='ocrx_word' id='word_1_370' title='bbox 748 2457 860 2483; x_wconf 83' lang='grc' dir='ltr'>Μοντα-</span> 
     </span>
    </p>
   </div>
   <div class='ocr_carea' id='block_1_54' title="bbox 960 302 1709 336">
    <p class='ocr_par' dir='ltr' id='par_1_54' title="bbox 960 302 1709 336">
     <span class='ocr_line' id='line_1_54' title="bbox 960 302 1709 336; baseline 0.001 -7"><span class='ocrx_word' id='word_1_371' title='bbox 960 313 968 329; x_wconf 92' lang='lat'><strong>1</strong></span> <span class='ocrx_word' id='word_1_372' title='bbox 992 304 1087 332; x_wconf 83' lang='lat' dir='ltr'><strong>ordine</strong></span> <span class='ocrx_word' id='word_1_373' title='bbox 1112 307 1139 330; x_wconf 90' lang='lat' dir='ltr'><strong>ct</strong></span> <span class='ocrx_word' id='word_1_374' title='bbox 1164 302 1363 330; x_wconf 86' lang='lat' dir='ltr'><strong>consuetudine</strong></span> <span class='ocrx_word' id='word_1_375' title='bbox 1389 302 1556 336; x_wconf 78' lang='lat' dir='ltr'><strong>recipimus:</strong></span> <span class='ocrx_word' id='word_1_376' title='bbox 1591 302 1709 330; x_wconf 82' lang='lat' dir='ltr'><strong>Arianos</strong></span> 
     </span>
    </p>
   </div>
   <div class='ocr_carea' id='block_1_55' title="bbox 960 344 1709 382">
    <p class='ocr_par' dir='ltr' id='par_1_55' title="bbox 960 344 1709 382">
     <span class='ocr_line' id='line_1_55' title="bbox 960 344 1709 382; baseline -0.003 -8"><span class='ocrx_word' id='word_1_377' title='bbox 960 356 968 372; x_wconf 93' lang='lat'><strong>1</strong></span> <span class='ocrx_word' id='word_1_378' title='bbox 992 347 1101 382; x_wconf 83' lang='lat' dir='ltr'><strong>quidem</strong></span> <span class='ocrx_word' id='word_1_379' title='bbox 1127 350 1155 373; x_wconf 89' lang='lat' dir='ltr'><strong>et</strong></span> <span class='ocrx_word' id='word_1_380' title='bbox 1169 345 1380 374; x_wconf 86' lang='lat' dir='ltr'><strong>Macedonianos</strong></span> <span class='ocrx_word' id='word_1_381' title='bbox 1404 350 1431 372; x_wconf 90' lang='lat' dir='ltr'><strong>ct</strong></span> <span class='ocrx_word' id='word_1_382' title='bbox 1457 344 1634 379; x_wconf 79' lang='lat' dir='ltr'><strong>Nevatianos,</strong></span> <span class='ocrx_word' id='word_1_383' title='bbox 1662 347 1709 381; x_wconf 85' lang='lat' dir='ltr'><strong>qui</strong></span> 
     </span>
    </p>
   </div>
   <div class='ocr_carea' id='block_1_56' title="bbox 962 390 1711 426">
    <p class='ocr_par' dir='ltr' id='par_1_56' title="bbox 962 390 1711 426">
     <span class='ocr_line' id='line_1_56' title="bbox 962 390 1711 426; baseline 0.001 -9"><span class='ocrx_word' id='word_1_384' title='bbox 962 401 970 417; x_wconf 94' lang='lat'><strong>1</strong></span> <span class='ocrx_word' id='word_1_385' title='bbox 994 392 1101 426; x_wconf 83' lang='lat' dir='ltr'><strong>seipsos</strong></span> <span class='ocrx_word' id='word_1_386' title='bbox 1125 390 1260 419; x_wconf 77' lang='lat' dir='ltr'><strong>Catharos</strong></span> <span class='ocrx_word' id='word_1_387' title='bbox 1289 390 1437 425; x_wconf 83' lang='lat' dir='ltr'><strong>appellant,</strong></span> <span class='ocrx_word' id='word_1_388' title='bbox 1464 393 1492 417; x_wconf 86' lang='lat' dir='ltr'><strong>e‘t</strong></span> <span class='ocrx_word' id='word_1_389' title='bbox 1521 390 1659 419; x_wconf 76' lang='lat' dir='ltr'><strong>Aristeros</strong></span> <span class='ocrx_word' id='word_1_390' title='bbox 1684 396 1711 419; x_wconf 87' lang='lat' dir='ltr'><strong>et</strong></span> 
     </span>
    </p>
   </div>
   <div class='ocr_carea' id='block_1_57' title="bbox 961 431 1710 470">
    <p class='ocr_par' dir='ltr' id='par_1_57' title="bbox 961 431 1710 470">
     <span class='ocr_line' id='line_1_57' title="bbox 961 431 1710 470; baseline 0.003 -8"><span class='ocrx_word' id='word_1_391' title='bbox 961 447 969 462; x_wconf 95' lang='lat'><strong>1</strong></span> <span class='ocrx_word' id='word_1_392' title='bbox 993 431 1254 469; x_wconf 81' lang='lat' dir='ltr'><strong>Quartadecimauos</strong></span> <span class='ocrx_word' id='word_1_393' title='bbox 1278 443 1327 463; x_wconf 91' lang='lat' dir='ltr'><strong>seu</strong></span> <span class='ocrx_word' id='word_1_394' title='bbox 1342 435 1497 463; x_wconf 87' lang='lat' dir='ltr'><strong>Tetraditas</strong></span> <span class='ocrx_word' id='word_1_395' title='bbox 1521 441 1548 464; x_wconf 92' lang='lat' dir='ltr'><strong>et</strong></span> <span class='ocrx_word' id='word_1_396' title='bbox 1569 437 1710 470; x_wconf 81' lang='lat' dir='ltr'><strong>Apollina-</strong></span> 
     </span>
    </p>
   </div>
   <div class='ocr_carea' id='block_1_58' title="bbox 959 482 1709 518">
    <p class='ocr_par' dir='ltr' id='par_1_58' title="bbox 959 482 1709 518">
     <span class='ocr_line' id='line_1_58' title="bbox 959 482 1709 518; baseline 0.005 -10"><span class='ocrx_word' id='word_1_397' title='bbox 959 493 967 508; x_wconf 89' lang='lat'><strong>1</strong></span> <span class='ocrx_word' id='word_1_398' title='bbox 992 484 1074 511; x_wconf 87' lang='lat' dir='ltr'><strong>ristas</strong></span> <span class='ocrx_word' id='word_1_399' title='bbox 1104 483 1263 518; x_wconf 86' lang='lat' dir='ltr'><strong>recipimus,</strong></span> <span class='ocrx_word' id='word_1_400' title='bbox 1286 483 1383 510; x_wconf 82' lang='lat' dir='ltr'><strong>dantes</strong></span> <span class='ocrx_word' id='word_1_401' title='bbox 1406 482 1523 515; x_wconf 87' lang='lat' dir='ltr'><strong>libellos,</strong></span> <span class='ocrx_word' id='word_1_402' title='bbox 1550 487 1578 511; x_wconf 84' lang='lat' dir='ltr'><strong>et</strong></span> <span class='ocrx_word' id='word_1_403' title='bbox 1601 491 1709 512; x_wconf 89' lang='lat' dir='ltr'><strong>omnem</strong></span> 
     </span>
    </p>
   </div>
   <div class='ocr_carea' id='block_1_59' title="bbox 959 529 1706 564">
    <p class='ocr_par' dir='ltr' id='par_1_59' title="bbox 959 529 1706 564">
     <span class='ocr_line' id='line_1_59' title="bbox 959 529 1706 564; baseline 0.003 -10"><span class='ocrx_word' id='word_1_404' title='bbox 959 539 968 554; x_wconf 89' lang='lat'><strong>1</strong></span> <span class='ocrx_word' id='word_1_405' title='bbox 994 530 1118 558; x_wconf 55' lang='lat' dir='ltr'><strong>haeresim</strong></span> <span class='ocrx_word' id='word_1_406' title='bbox 1138 529 1411 562; x_wconf 85' lang='lat' dir='ltr'><strong>anathematizantes,</strong></span> <span class='ocrx_word' id='word_1_407' title='bbox 1437 537 1497 564; x_wconf 64' lang='lat' dir='ltr'><strong>quas.</strong></span> <span class='ocrx_word' id='word_1_408' title='bbox 1512 537 1565 557; x_wconf 93' lang='lat' dir='ltr'><strong>non</strong></span> <span class='ocrx_word' id='word_1_409' title='bbox 1581 531 1662 558; x_wconf 84' lang='lat' dir='ltr'><strong>sentit</strong></span> <span class='ocrx_word' id='word_1_410' title='bbox 1678 535 1706 557; x_wconf 83' lang='grc' dir='ltr'><strong>ιιι</strong></span> 
     </span>
    </p>
   </div>
   <div class='ocr_carea' id='block_1_60' title="bbox 960 575 1712 610">
    <p class='ocr_par' dir='ltr' id='par_1_60' title="bbox 960 575 1712 610">
     <span class='ocr_line' id='line_1_60' title="bbox 960 575 1712 610; baseline 0.001 -8"><span class='ocrx_word' id='word_1_411' title='bbox 960 585 968 600; x_wconf 85' lang='grc' dir='ltr'><strong>ι</strong></span> <span class='ocrx_word' id='word_1_412' title='bbox 992 576 1178 602; x_wconf 85' lang='lat' dir='ltr'><strong>sentitsancta</strong></span> <span class='ocrx_word' id='word_1_413' title='bbox 1192 575 1237 602; x_wconf 85' lang='lat' dir='ltr'><strong>Dei</strong></span> <span class='ocrx_word' id='word_1_414' title='bbox 1250 575 1412 602; x_wconf 78' lang='lat' dir='ltr'><strong>universalis</strong></span> <span class='ocrx_word' id='word_1_415' title='bbox 1424 579 1452 602; x_wconf 86' lang='lat' dir='ltr'><strong>ct</strong></span> <span class='ocrx_word' id='word_1_416' title='bbox 1462 576 1608 610; x_wconf 80' lang='lat' dir='ltr'><strong>apostolica</strong></span> <span class='ocrx_word' id='word_1_417' title='bbox 1620 575 1712 603; x_wconf 84' lang='lat' dir='ltr'><strong>Eccle-</strong></span> 
     </span>
    </p>
   </div>
   <div class='ocr_carea' id='block_1_61' title="bbox 959 620 1712 655">
    <p class='ocr_par' dir='ltr' id='par_1_61' title="bbox 959 620 1712 655">
     <span class='ocr_line' id='line_1_61' title="bbox 959 620 1712 655; baseline 0.001 -7"><span class='ocrx_word' id='word_1_418' title='bbox 959 630 968 644; x_wconf 74' lang='grc' dir='ltr'>ί</span> <span class='ocrx_word' id='word_1_419' title='bbox 991 621 1042 654; x_wconf 88' lang='lat' dir='ltr'><strong>sia,</strong></span> <span class='ocrx_word' id='word_1_420' title='bbox 1065 624 1161 648; x_wconf 85' lang='lat' dir='ltr'><strong>sancto</strong></span> <span class='ocrx_word' id='word_1_421' title='bbox 1185 620 1301 655; x_wconf 87' lang='lat' dir='ltr'><strong>primum</strong></span> <span class='ocrx_word' id='word_1_422' title='bbox 1326 620 1475 648; x_wconf 73' lang='lat' dir='ltr'><strong>chrismate</strong></span> <span class='ocrx_word' id='word_1_423' title='bbox 1500 627 1527 649; x_wconf 89' lang='lat' dir='ltr'><strong>et</strong></span> <span class='ocrx_word' id='word_1_424' title='bbox 1550 621 1666 649; x_wconf 78' lang='lat' dir='ltr'><strong>frontem</strong></span> <span class='ocrx_word' id='word_1_425' title='bbox 1685 627 1712 649; x_wconf 77' lang='lat' dir='ltr'><strong>ct</strong></span> 
     </span>
    </p>
   </div>
   <div class='ocr_carea' id='block_1_62' title="bbox 959 665 1712 702">
    <p class='ocr_par' dir='ltr' id='par_1_62' title="bbox 959 665 1712 702">
     <span class='ocr_line' id='line_1_62' title="bbox 959 665 1712 702; baseline 0.004 -11"><span class='ocrx_word' id='word_1_426' title='bbox 959 675 968 691; x_wconf 92' lang='lat'><strong>1</strong></span> <span class='ocrx_word' id='word_1_427' title='bbox 992 665 1085 693; x_wconf 81' lang='lat' dir='ltr'><strong>oculos</strong></span> <span class='ocrx_word' id='word_1_428' title='bbox 1099 671 1123 693; x_wconf 89' lang='lat' dir='ltr'><strong>et</strong></span> <span class='ocrx_word' id='word_1_429' title='bbox 1139 673 1220 693; x_wconf 86' lang='lat' dir='ltr'><strong>nares</strong></span> <span class='ocrx_word' id='word_1_430' title='bbox 1236 671 1263 694; x_wconf 82' lang='lat' dir='ltr'><strong>et</strong></span> <span class='ocrx_word' id='word_1_431' title='bbox 1278 674 1309 693; x_wconf 93' lang='lat' dir='ltr'><strong>os</strong></span> <span class='ocrx_word' id='word_1_432' title='bbox 1325 670 1352 694; x_wconf 91' lang='lat' dir='ltr'><strong>et</strong></span> <span class='ocrx_word' id='word_1_433' title='bbox 1365 674 1446 693; x_wconf 83' lang='lat' dir='ltr'><strong>aures</strong></span> <span class='ocrx_word' id='word_1_434' title='bbox 1461 666 1638 702; x_wconf 71' lang='lat' dir='ltr'><strong>consignatos</strong></span> <span class='ocrx_word' id='word_1_435' title='bbox 1654 667 1712 694; x_wconf 86' lang='lat' dir='ltr'><strong>sive</strong></span> 
     </span>
    </p>
   </div>
   <div class='ocr_carea' id='block_1_63' title="bbox 958 711 1711 747">
    <p class='ocr_par' dir='ltr' id='par_1_63' title="bbox 958 711 1711 747">
     <span class='ocr_line' id='line_1_63' title="bbox 958 711 1711 747; baseline 0.005 -12"><span class='ocrx_word' id='word_1_436' title='bbox 958 720 967 735; x_wconf 92' lang='lat'><strong>1</strong></span> <span class='ocrx_word' id='word_1_437' title='bbox 991 712 1134 738; x_wconf 85' lang='lat' dir='ltr'><strong>inunclos:</strong></span> <span class='ocrx_word' id='word_1_438' title='bbox 1151 716 1178 739; x_wconf 91' lang='lat' dir='ltr'><strong>et</strong></span> <span class='ocrx_word' id='word_1_439' title='bbox 1197 719 1245 739; x_wconf 90' lang='lat' dir='ltr'><strong>eos</strong></span> <span class='ocrx_word' id='word_1_440' title='bbox 1261 711 1455 746; x_wconf 80' lang='lat' dir='ltr'><strong>consignantes</strong></span> <span class='ocrx_word' id='word_1_441' title='bbox 1472 711 1599 744; x_wconf 85' lang='lat' dir='ltr'><strong>dicimus.</strong></span> <span class='ocrx_word' id='word_1_442' title='bbox 1617 712 1711 747; x_wconf 77' lang='lat' dir='ltr'><strong>signa-</strong></span> 
     </span>
    </p>
   </div>
   <div class='ocr_carea' id='block_1_64' title="bbox 960 756 1710 792">
    <p class='ocr_par' dir='ltr' id='par_1_64' title="bbox 960 756 1710 792">
     <span class='ocr_line' id='line_1_64' title="bbox 960 756 1710 792; baseline 0.001 -9"><span class='ocrx_word' id='word_1_443' title='bbox 960 765 969 780; x_wconf 81' lang='lat'><strong>1</strong></span> <span class='ocrx_word' id='word_1_444' title='bbox 992 756 1083 783; x_wconf 92' lang='lat' dir='ltr'><strong>culum</strong></span> <span class='ocrx_word' id='word_1_445' title='bbox 1099 756 1163 784; x_wconf 85' lang='lat' dir='ltr'><strong>doni</strong></span> <span class='ocrx_word' id='word_1_446' title='bbox 1180 756 1301 791; x_wconf 83' lang='lat' dir='ltr'><strong>Spiritus</strong></span> <span class='ocrx_word' id='word_1_447' title='bbox 1320 757 1418 783; x_wconf 80' lang='lat' dir='ltr'><strong>sancti.</strong></span> <span class='ocrx_word' id='word_1_448' title='bbox 1446 757 1483 783; x_wconf 86' lang='lat' dir='ltr'><strong>De</strong></span> <span class='ocrx_word' id='word_1_449' title='bbox 1504 757 1536 783; x_wconf 90' lang='lat' dir='ltr'><strong>iis</strong></span> <span class='ocrx_word' id='word_1_450' title='bbox 1547 762 1649 790; x_wconf 87' lang='lat' dir='ltr'><strong>autem,</strong></span> <span class='ocrx_word' id='word_1_451' title='bbox 1663 759 1710 792; x_wconf 86' lang='lat' dir='ltr'><strong>qui</strong></span> 
     </span>
    </p>
   </div>
   <div class='ocr_carea' id='block_1_65' title="bbox 959 801 1712 834">
    <p class='ocr_par' dir='ltr' id='par_1_65' title="bbox 959 801 1712 834">
     <span class='ocr_line' id='line_1_65' title="bbox 959 801 1712 834; baseline 0.005 -8"><span class='ocrx_word' id='word_1_452' title='bbox 959 811 966 826; x_wconf 92' lang='lat'><strong>1</strong></span> <span class='ocrx_word' id='word_1_453' title='bbox 992 801 1115 829; x_wconf 83' lang='lat' dir='ltr'><strong>Pauliani</strong></span> <span class='ocrx_word' id='word_1_454' title='bbox 1129 805 1232 829; x_wconf 84' lang='lat' dir='ltr'><strong>sectam</strong></span> <span class='ocrx_word' id='word_1_455' title='bbox 1258 802 1346 829; x_wconf 83' lang='lat' dir='ltr'><strong>secuti</strong></span> <span class='ocrx_word' id='word_1_456' title='bbox 1372 806 1445 834; x_wconf 89' lang='lat' dir='ltr'><strong>sunt,</strong></span> <span class='ocrx_word' id='word_1_457' title='bbox 1462 802 1560 829; x_wconf 86' lang='lat' dir='ltr'><strong>deinde</strong></span> <span class='ocrx_word' id='word_1_458' title='bbox 1571 803 1712 830; x_wconf 88' lang='lat' dir='ltr'><strong>adcatho-</strong></span> 
     </span>
    </p>
   </div>
   <div class='ocr_carea' id='block_1_66' title="bbox 959 848 1711 884">
    <p class='ocr_par' dir='ltr' id='par_1_66' title="bbox 959 848 1711 884">
     <span class='ocr_line' id='line_1_66' title="bbox 959 848 1711 884; baseline 0.003 -10"><span class='ocrx_word' id='word_1_459' title='bbox 959 858 966 873; x_wconf 98' lang='lat'><strong>1</strong></span> <span class='ocrx_word' id='word_1_460' title='bbox 992 848 1070 876; x_wconf 80' lang='lat' dir='ltr'><strong>licam</strong></span> <span class='ocrx_word' id='word_1_461' title='bbox 1088 848 1238 876; x_wconf 80' lang='lat' dir='ltr'><strong>Ecclesium</strong></span> <span class='ocrx_word' id='word_1_462' title='bbox 1254 849 1448 884; x_wconf 80' lang='lat' dir='ltr'><strong>confugerunt,</strong></span> <span class='ocrx_word' id='word_1_463' title='bbox 1466 852 1599 876; x_wconf 82' lang='lat' dir='ltr'><strong>statutum</strong></span> <span class='ocrx_word' id='word_1_464' title='bbox 1617 855 1658 876; x_wconf 81' lang='lat' dir='ltr'><strong>est</strong></span> <span class='ocrx_word' id='word_1_465' title='bbox 1682 854 1711 876; x_wconf 92' lang='lat' dir='ltr'><strong>ut</strong></span> 
     </span>
    </p>
   </div>
   <div class='ocr_carea' id='block_1_67' title="bbox 958 895 1710 930">
    <p class='ocr_par' dir='ltr' id='par_1_67' title="bbox 958 895 1710 930">
     <span class='ocr_line' id='line_1_67' title="bbox 958 895 1710 930; baseline 0.001 -9"><span class='ocrx_word' id='word_1_466' title='bbox 958 905 966 920; x_wconf 96' lang='lat'><strong>1</strong></span> <span class='ocrx_word' id='word_1_467' title='bbox 992 895 1009 921; x_wconf 93' lang='lat' dir='ltr'><strong>i-i</strong></span> <span class='ocrx_word' id='word_1_468' title='bbox 1026 895 1138 922; x_wconf 89' lang='lat' dir='ltr'><strong>omnino</strong></span> <span class='ocrx_word' id='word_1_469' title='bbox 1160 895 1374 930; x_wconf 83' lang='lat' dir='ltr'><strong>rebaptizentur.</strong></span> <span class='ocrx_word' id='word_1_470' title='bbox 1389 895 1576 922; x_wconf 82' lang='lat' dir='ltr'><strong>Eunomianos</strong></span> <span class='ocrx_word' id='word_1_471' title='bbox 1590 903 1710 930; x_wconf 89' lang='lat' dir='ltr'><strong>quoque,</strong></span> 
     </span>
    </p>
   </div>
   <div class='ocr_carea' id='block_1_68' title="bbox 959 940 1711 976">
    <p class='ocr_par' dir='ltr' id='par_1_68' title="bbox 959 940 1711 976">
     <span class='ocr_line' id='line_1_68' title="bbox 959 940 1711 976; baseline 0.003 -9"><span class='ocrx_word' id='word_1_472' title='bbox 959 951 968 967; x_wconf 89' lang='lat'><strong>1</strong></span> <span class='ocrx_word' id='word_1_473' title='bbox 991 940 1038 976; x_wconf 90' lang='lat' dir='ltr'><strong>qni</strong></span> <span class='ocrx_word' id='word_1_474' title='bbox 1053 948 1106 968; x_wconf 85' lang='lat' dir='ltr'><strong>una</strong></span> <span class='ocrx_word' id='word_1_475' title='bbox 1118 941 1293 969; x_wconf 86' lang='lat' dir='ltr'><strong>demersione</strong></span> <span class='ocrx_word' id='word_1_476' title='bbox 1310 941 1462 976; x_wconf 81' lang='lat' dir='ltr'><strong>haptizant,</strong></span> <span class='ocrx_word' id='word_1_477' title='bbox 1486 947 1514 969; x_wconf 84' lang='lat' dir='ltr'><strong>et</strong></span> <span class='ocrx_word' id='word_1_478' title='bbox 1530 941 1711 970; x_wconf 79' lang='lat' dir='ltr'><strong>lliontanistas</strong></span> 
     </span>
    </p>
   </div>
   <div class='ocr_carea' id='block_1_69' title="bbox 962 987 1710 1023">
    <p class='ocr_par' dir='ltr' id='par_1_69' title="bbox 962 987 1710 1023">
     <span class='ocr_line' id='line_1_69' title="bbox 962 987 1710 1023; baseline 0.003 -9"><span class='ocrx_word' id='word_1_479' title='bbox 962 997 970 1013; x_wconf 93' lang='lat'><strong>1</strong></span> <span class='ocrx_word' id='word_1_480' title='bbox 995 987 1042 1022; x_wconf 87' lang='lat' dir='ltr'><strong>qui</strong></span> <span class='ocrx_word' id='word_1_481' title='bbox 1071 987 1115 1014; x_wconf 91' lang='lat' dir='ltr'><strong>hic</strong></span> <span class='ocrx_word' id='word_1_482' title='bbox 1139 988 1271 1015; x_wconf 88' lang='lat' dir='ltr'><strong>dicuntur</strong></span> <span class='ocrx_word' id='word_1_483' title='bbox 1292 987 1414 1023; x_wconf 81' lang='lat' dir='ltr'><strong>Phryges</strong></span> <span class='ocrx_word' id='word_1_484' title='bbox 1432 994 1457 1015; x_wconf 89' lang='lat' dir='ltr'><strong>et</strong></span> <span class='ocrx_word' id='word_1_485' title='bbox 1474 988 1645 1016; x_wconf 83' lang='lat' dir='ltr'><strong>Sabellianos</strong></span> <span class='ocrx_word' id='word_1_486' title='bbox 1662 989 1710 1023; x_wconf 87' lang='lat' dir='ltr'><strong>qui</strong></span> 
     </span>
    </p>
   </div>
   <div class='ocr_carea' id='block_1_70' title="bbox 959 1033 1710 1066">
    <p class='ocr_par' dir='ltr' id='par_1_70' title="bbox 959 1033 1710 1066">
     <span class='ocr_line' id='line_1_70' title="bbox 959 1033 1710 1066; baseline 0 -6"><span class='ocrx_word' id='word_1_487' title='bbox 959 1042 967 1057; x_wconf 89' lang='lat'><strong>1</strong></span> <span class='ocrx_word' id='word_1_488' title='bbox 993 1033 1092 1060; x_wconf 83' lang='lat' dir='ltr'><strong>Filium</strong></span> <span class='ocrx_word' id='word_1_489' title='bbox 1119 1033 1191 1060; x_wconf 88' lang='lat' dir='ltr'><strong>idetn</strong></span> <span class='ocrx_word' id='word_1_490' title='bbox 1220 1040 1281 1060; x_wconf 84' lang='lat' dir='ltr'><strong>esse</strong></span> <span class='ocrx_word' id='word_1_491' title='bbox 1299 1040 1361 1060; x_wconf 91' lang='lat' dir='ltr'><strong>cum</strong></span> <span class='ocrx_word' id='word_1_492' title='bbox 1385 1033 1465 1060; x_wconf 84' lang='lat' dir='ltr'><strong>Patre</strong></span> <span class='ocrx_word' id='word_1_493' title='bbox 1487 1033 1657 1066; x_wconf 79' lang='lat' dir='ltr'><strong>existimant,</strong></span> <span class='ocrx_word' id='word_1_494' title='bbox 1682 1039 1710 1061; x_wconf 86' lang='lat' dir='ltr'><strong>et</strong></span> 
     </span>
    </p>
   </div>
   <div class='ocr_carea' id='block_1_71' title="bbox 958 1077 1710 1113">
    <p class='ocr_par' dir='ltr' id='par_1_71' title="bbox 958 1077 1710 1113">
     <span class='ocr_line' id='line_1_71' title="bbox 958 1077 1710 1113; baseline 0.003 -10"><span class='ocrx_word' id='word_1_495' title='bbox 958 1086 966 1102; x_wconf 91' lang='lat'><strong>1</strong></span> <span class='ocrx_word' id='word_1_496' title='bbox 991 1077 1043 1104; x_wconf 90' lang='lat' dir='ltr'><strong>alia</strong></span> <span class='ocrx_word' id='word_1_497' title='bbox 1060 1077 1183 1112; x_wconf 75' lang='lat' dir='ltr'><strong>quaedam</strong></span> <span class='ocrx_word' id='word_1_498' title='bbox 1211 1078 1305 1113; x_wconf 77' lang='lat' dir='ltr'><strong>gravia</strong></span> <span class='ocrx_word' id='word_1_499' title='bbox 1329 1078 1443 1112; x_wconf 82' lang='lat' dir='ltr'><strong>faciunt,</strong></span> <span class='ocrx_word' id='word_1_500' title='bbox 1469 1083 1496 1106; x_wconf 88' lang='lat' dir='ltr'><strong>et</strong></span> <span class='ocrx_word' id='word_1_501' title='bbox 1520 1087 1616 1108; x_wconf 82' lang='lat' dir='ltr'><strong>omnes</strong></span> <span class='ocrx_word' id='word_1_502' title='bbox 1642 1080 1710 1106; x_wconf 79' lang='lat' dir='ltr'><strong>alias</strong></span> 
     </span>
    </p>
   </div>
   <div class='ocr_carea' id='block_1_72' title="bbox 962 1123 1710 1158">
    <p class='ocr_par' dir='ltr' id='par_1_72' title="bbox 962 1123 1710 1158">
     <span class='ocr_line' id='line_1_72' title="bbox 962 1123 1710 1158; baseline 0.007 -11"><span class='ocrx_word' id='word_1_503' title='bbox 962 1133 970 1147; x_wconf 90' lang='lat'><strong>1</strong></span> <span class='ocrx_word' id='word_1_504' title='bbox 994 1123 1123 1154; x_wconf 68' lang='lat' dir='ltr'><strong>haereses,</strong></span> <span class='ocrx_word' id='word_1_505' title='bbox 1140 1125 1270 1158; x_wconf 90' lang='lat' dir='ltr'><strong>quoniam</strong></span> <span class='ocrx_word' id='word_1_506' title='bbox 1288 1124 1364 1150; x_wconf 89' lang='lat' dir='ltr'><strong>multi</strong></span> <span class='ocrx_word' id='word_1_507' title='bbox 1384 1125 1427 1151; x_wconf 87' lang='lat' dir='ltr'><strong>hic</strong></span> <span class='ocrx_word' id='word_1_508' title='bbox 1445 1131 1520 1158; x_wconf 86' lang='lat' dir='ltr'><strong>sunt,</strong></span> <span class='ocrx_word' id='word_1_509' title='bbox 1547 1131 1575 1153; x_wconf 89' lang='lat' dir='ltr'><strong>et</strong></span> <span class='ocrx_word' id='word_1_510' title='bbox 1590 1126 1710 1152; x_wconf 81' lang='lat' dir='ltr'><strong>maxime</strong></span> 
     </span>
    </p>
   </div>
   <div class='ocr_carea' id='block_1_73' title="bbox 960 1169 1710 1205">
    <p class='ocr_par' dir='ltr' id='par_1_73' title="bbox 960 1169 1710 1205">
     <span class='ocr_line' id='line_1_73' title="bbox 960 1169 1710 1205; baseline 0.004 -9"><span class='ocrx_word' id='word_1_511' title='bbox 960 1180 968 1195; x_wconf 94' lang='lat'><strong>1</strong></span> <span class='ocrx_word' id='word_1_512' title='bbox 992 1169 1038 1204; x_wconf 91' lang='lat' dir='ltr'><strong>qui</strong></span> <span class='ocrx_word' id='word_1_513' title='bbox 1052 1177 1085 1197; x_wconf 81' lang='lat' dir='ltr'><strong>ex</strong></span> <span class='ocrx_word' id='word_1_514' title='bbox 1096 1169 1253 1197; x_wconf 82' lang='lat' dir='ltr'><strong>Galatarum</strong></span> <span class='ocrx_word' id='word_1_515' title='bbox 1266 1171 1376 1205; x_wconf 78' lang='lat' dir='ltr'><strong>regione</strong></span> <span class='ocrx_word' id='word_1_516' title='bbox 1390 1171 1503 1205; x_wconf 80' lang='lat' dir='ltr'><strong>proiecti</strong></span> <span class='ocrx_word' id='word_1_517' title='bbox 1519 1176 1600 1203; x_wconf 83' lang='lat' dir='ltr'><strong>sunt;</strong></span> <span class='ocrx_word' id='word_1_518' title='bbox 1613 1179 1710 1200; x_wconf 86' lang='lat' dir='ltr'><strong>omnes</strong></span> 
     </span>
    </p>
   </div>
   <div class='ocr_carea' id='block_1_74' title="bbox 965 1216 1710 1251">
    <p class='ocr_par' dir='ltr' id='par_1_74' title="bbox 965 1216 1710 1251">
     <span class='ocr_line' id='line_1_74' title="bbox 965 1216 1710 1251; baseline 0.004 -9"><span class='ocrx_word' id='word_1_519' title='bbox 965 1226 973 1240; x_wconf 97' lang='lat'><strong>1</strong></span> <span class='ocrx_word' id='word_1_520' title='bbox 998 1224 1030 1243; x_wconf 83' lang='lat' dir='ltr'><strong>ex</strong></span> <span class='ocrx_word' id='word_1_521' title='bbox 1056 1216 1101 1248; x_wconf 86' lang='lat' dir='ltr'><strong>iis,</strong></span> <span class='ocrx_word' id='word_1_522' title='bbox 1127 1216 1173 1251; x_wconf 89' lang='lat' dir='ltr'><strong>qui</strong></span> <span class='ocrx_word' id='word_1_523' title='bbox 1194 1217 1227 1243; x_wconf 87' lang='lat' dir='ltr'><strong>ad</strong></span> <span class='ocrx_word' id='word_1_524' title='bbox 1244 1221 1346 1243; x_wconf 89' lang='lat' dir='ltr'><strong>rectam</strong></span> <span class='ocrx_word' id='word_1_525' title='bbox 1361 1217 1394 1244; x_wconf 93' lang='lat' dir='ltr'><strong>de</strong></span> <span class='ocrx_word' id='word_1_526' title='bbox 1411 1216 1462 1244; x_wconf 81' lang='lat' dir='ltr'><strong>ﬁde</strong></span> <span class='ocrx_word' id='word_1_527' title='bbox 1479 1217 1642 1245; x_wconf 81' lang='lat' dir='ltr'><strong>sententiam</strong></span> <span class='ocrx_word' id='word_1_528' title='bbox 1654 1226 1710 1246; x_wconf 87' lang='lat' dir='ltr'><strong>-vo-</strong></span> 
     </span>
    </p>
   </div>
   <div class='ocr_carea' id='block_1_75' title="bbox 959 1262 1709 1300">
    <p class='ocr_par' dir='ltr' id='par_1_75' title="bbox 959 1262 1709 1300">
     <span class='ocr_line' id='line_1_75' title="bbox 959 1262 1709 1300; baseline 0.005 -11"><span class='ocrx_word' id='word_1_529' title='bbox 959 1272 967 1288; x_wconf 96' lang='lat'><strong>1</strong></span> <span class='ocrx_word' id='word_1_530' title='bbox 993 1263 1050 1289; x_wconf 85' lang='lat' dir='ltr'><strong>lunt</strong></span> <span class='ocrx_word' id='word_1_531' title='bbox 1067 1263 1209 1296; x_wconf 86' lang='lat' dir='ltr'><strong>accedere,</strong></span> <span class='ocrx_word' id='word_1_532' title='bbox 1227 1267 1256 1290; x_wconf 91' lang='lat' dir='ltr'><strong>ut</strong></span> <span class='ocrx_word' id='word_1_533' title='bbox 1267 1262 1377 1291; x_wconf 79' lang='lat' dir='ltr'><strong>Graecos</strong></span> <span class='ocrx_word' id='word_1_534' title='bbox 1393 1264 1559 1299; x_wconf 81' lang='lat' dir='ltr'><strong>recipimus:</strong></span> <span class='ocrx_word' id='word_1_535' title='bbox 1577 1265 1606 1292; x_wconf 86' lang='lat' dir='ltr'><strong>et</strong></span> <span class='ocrx_word' id='word_1_536' title='bbox 1621 1265 1709 1300; x_wconf 88' lang='lat' dir='ltr'><strong>primo</strong></span> 
     </span>
    </p>
   </div>
   <div class='ocr_carea' id='block_1_76' title="bbox 963 1311 1710 1346">
    <p class='ocr_par' dir='ltr' id='par_1_76' title="bbox 963 1311 1710 1346">
     <span class='ocr_line' id='line_1_76' title="bbox 963 1311 1710 1346; baseline 0.007 -10"><span class='ocrx_word' id='word_1_537' title='bbox 963 1321 971 1336; x_wconf 93' lang='lat'><strong>1</strong></span> <span class='ocrx_word' id='word_1_538' title='bbox 994 1311 1103 1346; x_wconf 86' lang='lat' dir='ltr'><strong>quidem</strong></span> <span class='ocrx_word' id='word_1_539' title='bbox 1126 1311 1170 1339; x_wconf 87' lang='lat' dir='ltr'><strong>die</strong></span> <span class='ocrx_word' id='word_1_540' title='bbox 1185 1319 1232 1340; x_wconf 83' lang='lat' dir='ltr'><strong>eos</strong></span> <span class='ocrx_word' id='word_1_541' title='bbox 1248 1312 1420 1340; x_wconf 79' lang='lat' dir='ltr'><strong>Christianos</strong></span> <span class='ocrx_word' id='word_1_542' title='bbox 1437 1312 1562 1345; x_wconf 80' lang='lat' dir='ltr'><strong>facimus.</strong></span> <span class='ocrx_word' id='word_1_543' title='bbox 1588 1314 1710 1341; x_wconf 87' lang='lat' dir='ltr'><strong>secundo</strong></span> 
     </span>
    </p>
   </div>
   <div class='ocr_carea' id='block_1_77' title="bbox 963 1357 1707 1393">
    <p class='ocr_par' dir='ltr' id='par_1_77' title="bbox 963 1357 1707 1393">
     <span class='ocr_line' id='line_1_77' title="bbox 963 1357 1707 1393; baseline 0.004 -10"><span class='ocrx_word' id='word_1_544' title='bbox 963 1366 971 1382; x_wconf 94' lang='lat'><strong>1</strong></span> <span class='ocrx_word' id='word_1_545' title='bbox 996 1362 1086 1384; x_wconf 92' lang='lat' dir='ltr'><strong>autem</strong></span> <span class='ocrx_word' id='word_1_546' title='bbox 1098 1357 1311 1385; x_wconf 77' lang='lat' dir='ltr'><strong>catechumenos</strong></span> <span class='ocrx_word' id='word_1_547' title='bbox 1321 1366 1328 1390; x_wconf 92' lang='lat'><strong>;</strong></span> <span class='ocrx_word' id='word_1_548' title='bbox 1340 1357 1439 1386; x_wconf 84' lang='lat' dir='ltr'><strong>deinde</strong></span> <span class='ocrx_word' id='word_1_549' title='bbox 1448 1359 1528 1386; x_wconf 88' lang='lat' dir='ltr'><strong>tertio</strong></span> <span class='ocrx_word' id='word_1_550' title='bbox 1537 1359 1707 1393; x_wconf 79' lang='lat' dir='ltr'><strong>adjuramus,</strong></span> 
     </span>
    </p>
   </div>
   <div class='ocr_carea' id='block_1_78' title="bbox 962 1403 1707 1440">
    <p class='ocr_par' dir='ltr' id='par_1_78' title="bbox 962 1403 1707 1440">
     <span class='ocr_line' id='line_1_78' title="bbox 962 1403 1707 1440; baseline 0.007 -11"><span class='ocrx_word' id='word_1_551' title='bbox 962 1412 970 1428; x_wconf 96' lang='lat'><strong>1</strong></span> <span class='ocrx_word' id='word_1_552' title='bbox 995 1403 1075 1430; x_wconf 89' lang='lat' dir='ltr'><strong>simul</strong></span> <span class='ocrx_word' id='word_1_553' title='bbox 1089 1403 1170 1430; x_wconf 90' lang='lat' dir='ltr'><strong>etiam</strong></span> <span class='ocrx_word' id='word_1_554' title='bbox 1182 1409 1224 1430; x_wconf 90' lang='lat' dir='ltr'><strong>ter</strong></span> <span class='ocrx_word' id='word_1_555' title='bbox 1237 1404 1263 1430; x_wconf 92' lang='lat' dir='ltr'><strong>in</strong></span> <span class='ocrx_word' id='word_1_556' title='bbox 1278 1403 1374 1431; x_wconf 81' lang='lat' dir='ltr'><strong>faciem</strong></span> <span class='ocrx_word' id='word_1_557' title='bbox 1388 1409 1415 1431; x_wconf 86' lang='lat' dir='ltr'><strong>et</strong></span> <span class='ocrx_word' id='word_1_558' title='bbox 1426 1412 1507 1432; x_wconf 86' lang='lat' dir='ltr'><strong>aures</strong></span> <span class='ocrx_word' id='word_1_559' title='bbox 1520 1405 1707 1440; x_wconf 80' lang='lat' dir='ltr'><strong>inspirantes;</strong></span> 
     </span>
    </p>
   </div>
   <div class='ocr_carea' id='block_1_79' title="bbox 961 1449 1709 1480">
    <p class='ocr_par' dir='ltr' id='par_1_79' title="bbox 961 1449 1709 1480">
     <span class='ocr_line' id='line_1_79' title="bbox 961 1449 1709 1480; baseline 0.004 -5"><span class='ocrx_word' id='word_1_560' title='bbox 961 1458 969 1473; x_wconf 92' lang='lat'><strong>1</strong></span> <span class='ocrx_word' id='word_1_561' title='bbox 992 1452 1019 1475; x_wconf 86' lang='lat' dir='ltr'><strong>et</strong></span> <span class='ocrx_word' id='word_1_562' title='bbox 1033 1449 1242 1480; x_wconf 83' lang='lat' dir='ltr'><strong>sic&#39;initiamus.</strong></span> <span class='ocrx_word' id='word_1_563' title='bbox 1271 1453 1298 1476; x_wconf 91' lang='lat' dir='ltr'><strong>el.</strong></span> <span class='ocrx_word' id='word_1_564' title='bbox 1317 1449 1362 1476; x_wconf 89' lang='lat' dir='ltr'><strong>diu</strong></span> <span class='ocrx_word' id='word_1_565' title='bbox 1380 1450 1407 1477; x_wconf 93' lang='lat' dir='ltr'><strong>in</strong></span> <span class='ocrx_word' id='word_1_566' title='bbox 1426 1450 1542 1477; x_wconf 84' lang='lat' dir='ltr'><strong>ecclesia</strong></span> <span class='ocrx_word' id='word_1_567' title='bbox 1559 1450 1660 1478; x_wconf 76' lang='lat' dir='ltr'><strong>versari</strong></span> <span class='ocrx_word' id='word_1_568' title='bbox 1681 1456 1709 1478; x_wconf 89' lang='lat' dir='ltr'><strong>et</strong></span> 
     </span>
    </p>
   </div>
   <div class='ocr_carea' id='block_1_80' title="bbox 959 1493 1709 1532">
    <p class='ocr_par' dir='ltr' id='par_1_80' title="bbox 959 1493 1709 1532">
     <span class='ocr_line' id='line_1_80' title="bbox 959 1493 1709 1532; baseline 0.007 -13"><span class='ocrx_word' id='word_1_569' title='bbox 959 1503 967 1518; x_wconf 95' lang='lat'><strong>1</strong></span> <span class='ocrx_word' id='word_1_570' title='bbox 991 1493 1151 1529; x_wconf 85' lang='lat' dir='ltr'><strong>Scripturas</strong></span> <span class='ocrx_word' id='word_1_571' title='bbox 1165 1495 1260 1522; x_wconf 85' lang='lat' dir='ltr'><strong>audire</strong></span> <span class='ocrx_word' id='word_1_572' title='bbox 1276 1494 1401 1528; x_wconf 82' lang='lat' dir='ltr'><strong>iacimus,</strong></span> <span class='ocrx_word' id='word_1_573' title='bbox 1420 1499 1446 1522; x_wconf 87' lang='lat' dir='ltr'><strong>et</strong></span> <span class='ocrx_word' id='word_1_574' title='bbox 1459 1499 1524 1523; x_wconf 88' lang='lat' dir='ltr'><strong>tunc</strong></span> <span class='ocrx_word' id='word_1_575' title='bbox 1534 1496 1608 1531; x_wconf 88' lang='lat' dir='ltr'><strong>ipsos</strong></span> <span class='ocrx_word' id='word_1_576' title='bbox 1621 1496 1709 1532; x_wconf 88' lang='lat' dir='ltr'><strong>bapti-</strong></span> 
     </span>
    </p>
   </div>
   <div class='ocr_carea' id='block_1_81' title="bbox 960 1540 1709 1574">
    <p class='ocr_par' dir='ltr' id='par_1_81' title="bbox 960 1540 1709 1574">
     <span class='ocr_line' id='line_1_81' title="bbox 960 1540 1709 1574; baseline 0.007 -9"><span class='ocrx_word' id='word_1_577' title='bbox 960 1550 967 1565; x_wconf 74' lang='grc' dir='ltr'><strong>ι</strong></span> <span class='ocrx_word' id='word_1_578' title='bbox 991 1547 1097 1568; x_wconf 87' lang='lat' dir='ltr'><strong>zamus.</strong></span> <span class='ocrx_word' id='word_1_579' title='bbox 1125 1540 1195 1574; x_wconf 86' lang='lat' dir='ltr'><strong>Quin</strong></span> <span class='ocrx_word' id='word_1_580' title='bbox 1211 1541 1294 1568; x_wconf 88' lang='lat' dir='ltr'><strong>etiam</strong></span> <span class='ocrx_word' id='word_1_581' title='bbox 1306 1540 1481 1574; x_wconf 67' lang='lat' dir='ltr'><strong>Manichacus,</strong></span> <span class='ocrx_word' id='word_1_582' title='bbox 1497 1546 1524 1569; x_wconf 83' lang='lat' dir='ltr'><strong>et</strong></span> <span class='ocrx_word' id='word_1_583' title='bbox 1539 1541 1709 1570; x_wconf 68' lang='lat' dir='ltr'><strong>Valentinia&lt;</strong></span> 
     </span>
    </p>
   </div>
   <div class='ocr_carea' id='block_1_82' title="bbox 961 1586 1709 1620">
    <p class='ocr_par' dir='ltr' id='par_1_82' title="bbox 961 1586 1709 1620">
     <span class='ocr_line' id='line_1_82' title="bbox 961 1586 1709 1620; baseline 0.007 -9"><span class='ocrx_word' id='word_1_584' title='bbox 961 1595 969 1610; x_wconf 95' lang='lat'><strong>1</strong></span> <span class='ocrx_word' id='word_1_585' title='bbox 994 1592 1056 1618; x_wconf 89' lang='lat' dir='ltr'><strong>nos,</strong></span> <span class='ocrx_word' id='word_1_586' title='bbox 1082 1589 1109 1613; x_wconf 83' lang='lat' dir='ltr'><strong>et</strong></span> <span class='ocrx_word' id='word_1_587' title='bbox 1137 1586 1347 1620; x_wconf 82' lang='lat' dir='ltr'><strong>Marcionistas,</strong></span> <span class='ocrx_word' id='word_1_588' title='bbox 1372 1592 1399 1615; x_wconf 86' lang='lat' dir='ltr'><strong>et</strong></span> <span class='ocrx_word' id='word_1_589' title='bbox 1425 1588 1528 1615; x_wconf 89' lang='lat' dir='ltr'><strong>similes</strong></span> <span class='ocrx_word' id='word_1_590' title='bbox 1554 1589 1709 1617; x_wconf 68' lang='lat' dir='ltr'><strong>haereticos.</strong></span> 
     </span>
    </p>
   </div>
   <div class='ocr_carea' id='block_1_83' title="bbox 960 1629 1709 1668">
    <p class='ocr_par' dir='ltr' id='par_1_83' title="bbox 960 1629 1709 1668">
     <span class='ocr_line' id='line_1_83' title="bbox 960 1629 1709 1668; baseline 0.009 -12"><span class='ocrx_word' id='word_1_591' title='bbox 960 1642 968 1656; x_wconf 85' lang='lat'><strong>1</strong></span> <span class='ocrx_word' id='word_1_592' title='bbox 996 1631 1171 1661; x_wconf 81' lang='lat' dir='ltr'><strong>Nestorianos</strong></span> <span class='ocrx_word' id='word_1_593' title='bbox 1194 1629 1292 1660; x_wconf 73' lang='lat' dir='ltr'><strong>autem&#39;</strong></span> <span class='ocrx_word' id='word_1_594' title='bbox 1302 1639 1409 1668; x_wconf 86' lang='lat' dir='ltr'><strong>oportet</strong></span> <span class='ocrx_word' id='word_1_595' title='bbox 1433 1634 1538 1661; x_wconf 79' lang='lat' dir='ltr'><strong>libellos</strong></span> <span class='ocrx_word' id='word_1_596' title='bbox 1558 1634 1657 1668; x_wconf 76' lang='lat' dir='ltr'><strong>facere,</strong></span> <span class='ocrx_word' id='word_1_597' title='bbox 1682 1641 1709 1663; x_wconf 92' lang='lat' dir='ltr'><strong>et</strong></span> 
     </span>
    </p>
   </div>
   <div class='ocr_carea' id='block_1_84' title="bbox 959 1679 1708 1714">
    <p class='ocr_par' dir='ltr' id='par_1_84' title="bbox 959 1679 1708 1714">
     <span class='ocr_line' id='line_1_84' title="bbox 959 1679 1708 1714; baseline 0.003 -8"><span class='ocrx_word' id='word_1_598' title='bbox 959 1689 968 1699; x_wconf 75' lang='grc' dir='ltr'><strong>ι</strong></span> <span class='ocrx_word' id='word_1_599' title='bbox 994 1679 1118 1707; x_wconf 66' lang='lat' dir='ltr'><strong>hazresim</strong></span> <span class='ocrx_word' id='word_1_600' title='bbox 1135 1687 1211 1706; x_wconf 82' lang='lat' dir='ltr'><strong>suam</strong></span> <span class='ocrx_word' id='word_1_601' title='bbox 1237 1680 1478 1714; x_wconf 81' lang='lat' dir='ltr'><strong>anathematizare,</strong></span> <span class='ocrx_word' id='word_1_602' title='bbox 1505 1685 1533 1709; x_wconf 87' lang='lat' dir='ltr'><strong>et</strong></span> <span class='ocrx_word' id='word_1_603' title='bbox 1553 1679 1708 1709; x_wconf 84' lang='lat' dir='ltr'><strong>Nestorium</strong></span> 
     </span>
    </p>
   </div>
   <div class='ocr_carea' id='block_1_85' title="bbox 961 1725 1709 1764">
    <p class='ocr_par' dir='ltr' id='par_1_85' title="bbox 961 1725 1709 1764">
     <span class='ocr_line' id='line_1_85' title="bbox 961 1725 1709 1764; baseline 0.008 -12"><span class='ocrx_word' id='word_1_604' title='bbox 961 1736 969 1750; x_wconf 94' lang='lat'><strong>1</strong></span> <span class='ocrx_word' id='word_1_605' title='bbox 995 1730 1021 1753; x_wconf 82' lang='lat' dir='ltr'><strong>ct</strong></span> <span class='ocrx_word' id='word_1_606' title='bbox 1044 1725 1194 1762; x_wconf 86' lang='lat' dir='ltr'><strong>Eutychcm</strong></span> <span class='ocrx_word' id='word_1_607' title='bbox 1221 1729 1247 1753; x_wconf 88' lang='lat' dir='ltr'><strong>ct</strong></span> <span class='ocrx_word' id='word_1_608' title='bbox 1275 1727 1433 1755; x_wconf 87' lang='lat' dir='ltr'><strong>Dioscornm</strong></span> <span class='ocrx_word' id='word_1_609' title='bbox 1460 1733 1486 1756; x_wconf 92' lang='lat' dir='ltr'><strong>ct</strong></span> <span class='ocrx_word' id='word_1_610' title='bbox 1511 1729 1654 1764; x_wconf 85' lang='lat' dir='ltr'><strong>Severum,</strong></span> <span class='ocrx_word' id='word_1_611' title='bbox 1681 1735 1709 1758; x_wconf 78' lang='lat' dir='ltr'><strong>et</strong></span> 
     </span>
    </p>
   </div>
   <div class='ocr_carea' id='block_1_86' title="bbox 962 1772 1707 1811">
    <p class='ocr_par' dir='ltr' id='par_1_86' title="bbox 962 1772 1707 1811">
     <span class='ocr_line' id='line_1_86' title="bbox 962 1772 1707 1811; baseline 0.008 -13"><span class='ocrx_word' id='word_1_612' title='bbox 962 1783 971 1797; x_wconf 89' lang='lat'><strong>1</strong></span> <span class='ocrx_word' id='word_1_613' title='bbox 995 1772 1114 1807; x_wconf 87' lang='lat' dir='ltr'><strong>reliquos</strong></span> <span class='ocrx_word' id='word_1_614' title='bbox 1136 1773 1230 1800; x_wconf 83' lang='lat' dir='ltr'><strong>talium</strong></span> <span class='ocrx_word' id='word_1_615' title='bbox 1269 1773 1409 1801; x_wconf 64' lang='lat' dir='ltr'><strong>hatrescon</strong></span> <span class='ocrx_word' id='word_1_616' title='bbox 1437 1775 1587 1811; x_wconf 77' lang='lat' dir='ltr'><strong>principes,</strong></span> <span class='ocrx_word' id='word_1_617' title='bbox 1610 1781 1637 1804; x_wconf 87' lang='lat' dir='ltr'><strong>et</strong></span> <span class='ocrx_word' id='word_1_618' title='bbox 1660 1777 1707 1811; x_wconf 84' lang='lat' dir='ltr'><strong>qui</strong></span> 
     </span>
    </p>
   </div>
   <div class='ocr_carea' id='block_1_87' title="bbox 960 1820 1708 1857">
    <p class='ocr_par' dir='ltr' id='par_1_87' title="bbox 960 1820 1708 1857">
     <span class='ocr_line' id='line_1_87' title="bbox 960 1820 1708 1857; baseline 0.009 -12"><span class='ocrx_word' id='word_1_619' title='bbox 960 1832 968 1845; x_wconf 88' lang='lat'><strong>1</strong></span> <span class='ocrx_word' id='word_1_620' title='bbox 992 1820 1085 1848; x_wconf 88' lang='lat' dir='ltr'><strong>eadctn</strong></span> <span class='ocrx_word' id='word_1_621' title='bbox 1103 1827 1165 1848; x_wconf 89' lang='lat' dir='ltr'><strong>cum</strong></span> <span class='ocrx_word' id='word_1_622' title='bbox 1181 1821 1235 1848; x_wconf 88' lang='lat' dir='ltr'><strong>illis</strong></span> <span class='ocrx_word' id='word_1_623' title='bbox 1250 1821 1381 1853; x_wconf 85' lang='lat' dir='ltr'><strong>sentiunt,</strong></span> <span class='ocrx_word' id='word_1_624' title='bbox 1410 1825 1436 1849; x_wconf 88' lang='lat' dir='ltr'><strong>ct</strong></span> <span class='ocrx_word' id='word_1_625' title='bbox 1448 1830 1544 1851; x_wconf 88' lang='lat' dir='ltr'><strong>omnes</strong></span> <span class='ocrx_word' id='word_1_626' title='bbox 1562 1825 1708 1857; x_wconf 67' lang='lat' dir='ltr'><strong>prmdictas</strong></span> 
     </span>
    </p>
   </div>
   <div class='ocr_carea' id='block_1_88' title="bbox 959 1867 1709 1907">
    <p class='ocr_par' dir='ltr' id='par_1_88' title="bbox 959 1867 1709 1907">
     <span class='ocr_line' id='line_1_88' title="bbox 959 1867 1709 1907; baseline 0.008 -14"><span class='ocrx_word' id='word_1_627' title='bbox 959 1877 967 1892; x_wconf 94' lang='lat'><strong>1</strong></span> <span class='ocrx_word' id='word_1_628' title='bbox 990 1867 1108 1896; x_wconf 83' lang='lat' dir='ltr'><strong>haereses</strong></span> <span class='ocrx_word' id='word_1_629' title='bbox 1122 1877 1128 1895; x_wconf 94' lang='lat'><strong>:</strong></span> <span class='ocrx_word' id='word_1_630' title='bbox 1145 1873 1171 1896; x_wconf 90' lang='lat' dir='ltr'><strong>et</strong></span> <span class='ocrx_word' id='word_1_631' title='bbox 1184 1869 1224 1896; x_wconf 89' lang='lat' dir='ltr'><strong>sic</strong></span> <span class='ocrx_word' id='word_1_632' title='bbox 1239 1876 1300 1897; x_wconf 80' lang='lat' dir='ltr'><strong>esse</strong></span> <span class='ocrx_word' id='word_1_633' title='bbox 1309 1874 1411 1897; x_wconf 62' lang='lat' dir='ltr'><strong>sancta</strong></span> <span class='ocrx_word' id='word_1_634' title='bbox 1426 1871 1628 1899; x_wconf 79' lang='lat' dir='ltr'><strong>communionis</strong></span> <span class='ocrx_word' id='word_1_635' title='bbox 1645 1879 1709 1907; x_wconf 85' lang='lat' dir='ltr'><strong>par-</strong></span> 
     </span>
    </p>
   </div>
   <div class='ocr_carea' id='block_1_89' title="bbox 957 1914 1112 1949">
    <p class='ocr_par' dir='ltr' id='par_1_89' title="bbox 957 1914 1112 1949">
     <span class='ocr_line' id='line_1_89' title="bbox 957 1914 1112 1949; baseline 0.013 -11"><span class='ocrx_word' id='word_1_636' title='bbox 957 1924 965 1938; x_wconf 94' lang='lat'><strong>1</strong></span> <span class='ocrx_word' id='word_1_637' title='bbox 991 1914 1112 1949; x_wconf 65' lang='lat' dir='ltr'><strong>ticipes.»</strong></span> 
     </span>
    </p>
   </div>
   <div class='ocr_carea' id='block_1_90' title="bbox 946 2179 1706 2214">
    <p class='ocr_par' dir='ltr' id='par_1_90' title="bbox 946 2179 1706 2214">
     <span class='ocr_line' id='line_1_90' title="bbox 946 2179 1706 2214; baseline 0.001 -8"><span class='ocrx_word' id='word_1_638' title='bbox 946 2179 1056 2207; x_wconf 27' lang='lat' dir='ltr'><strong>‘BALS.</strong></span> <span class='ocrx_word' id='word_1_639' title='bbox 1089 2179 1126 2206; x_wconf 91' lang='lat' dir='ltr'><strong>De</strong></span> <span class='ocrx_word' id='word_1_640' title='bbox 1152 2179 1202 2206; x_wconf 87' lang='lat' dir='ltr'><strong>hoc</strong></span> <span class='ocrx_word' id='word_1_641' title='bbox 1228 2185 1343 2211; x_wconf 87' lang='lat' dir='ltr'><strong>canone,</strong></span> <span class='ocrx_word' id='word_1_642' title='bbox 1370 2179 1416 2213; x_wconf 91' lang='lat' dir='ltr'><strong>qui</strong></span> <span class='ocrx_word' id='word_1_643' title='bbox 1437 2182 1479 2206; x_wconf 86' lang='lat' dir='ltr'><strong>est</strong></span> <span class='ocrx_word' id='word_1_644' title='bbox 1495 2179 1628 2214; x_wconf 84' lang='lat' dir='ltr'><strong>septimus</strong></span> <span class='ocrx_word' id='word_1_645' title='bbox 1643 2180 1706 2207; x_wconf 85' lang='lat' dir='ltr'><strong>nni-</strong></span> 
     </span>
    </p>
   </div>
   <div class='ocr_carea' id='block_1_91' title="bbox 917 2225 1708 2260">
    <p class='ocr_par' dir='ltr' id='par_1_91' title="bbox 917 2225 1708 2260">
     <span class='ocr_line' id='line_1_91' title="bbox 917 2225 1708 2260; baseline 0.001 -7"><span class='ocrx_word' id='word_1_646' title='bbox 917 2226 1033 2254; x_wconf 81' lang='lat' dir='ltr'><strong>versalis</strong></span> <span class='ocrx_word' id='word_1_647' title='bbox 1052 2225 1178 2253; x_wconf 71' lang='lat' dir='ltr'><strong>secundae</strong></span> <span class='ocrx_word' id='word_1_648' title='bbox 1195 2225 1303 2260; x_wconf 81' lang='lat' dir='ltr'><strong>synodi,</strong></span> <span class='ocrx_word' id='word_1_649' title='bbox 1325 2226 1393 2252; x_wconf 82' lang='lat' dir='ltr'><strong>satis</strong></span> <span class='ocrx_word' id='word_1_650' title='bbox 1408 2226 1463 2252; x_wconf 90' lang='lat' dir='ltr'><strong>illic</strong></span> <span class='ocrx_word' id='word_1_651' title='bbox 1479 2225 1653 2260; x_wconf 83' lang='lat' dir='ltr'><strong>scripsimus,</strong></span> <span class='ocrx_word' id='word_1_652' title='bbox 1677 2232 1708 2254; x_wconf 84' lang='lat' dir='ltr'><strong>et</strong></span> 
     </span>
    </p>
   </div>
   <div class='ocr_carea' id='block_1_92' title="bbox 919 2270 1704 2305">
    <p class='ocr_par' dir='ltr' id='par_1_92' title="bbox 919 2270 1704 2305">
     <span class='ocr_line' id='line_1_92' title="bbox 919 2270 1704 2305; baseline 0.003 -7"><span class='ocrx_word' id='word_1_653' title='bbox 919 2279 973 2298; x_wconf 91' lang='lat' dir='ltr'><strong>non</strong></span> <span class='ocrx_word' id='word_1_654' title='bbox 990 2274 1098 2305; x_wconf 88' lang='lat' dir='ltr'><strong>oportet</strong></span> <span class='ocrx_word' id='word_1_655' title='bbox 1115 2270 1209 2297; x_wconf 86' lang='lat' dir='ltr'><strong>eadem</strong></span> <span class='ocrx_word' id='word_1_656' title='bbox 1242 2274 1375 2304; x_wconf 77' lang='lat' dir='ltr'><strong>repetere.</strong></span> <span class='ocrx_word' id='word_1_657' title='bbox 1415 2270 1548 2303; x_wconf 82' lang='lat' dir='ltr'><strong>Quoniam</strong></span> <span class='ocrx_word' id='word_1_658' title='bbox 1564 2276 1654 2299; x_wconf 86' lang='lat' dir='ltr'><strong>autent</strong></span> <span class='ocrx_word' id='word_1_659' title='bbox 1670 2273 1704 2300; x_wconf 89' lang='lat' dir='ltr'><strong>ah</strong></span> 
     </span>
    </p>
   </div>
   <div class='ocr_carea' id='block_1_93' title="bbox 918 2315 1704 2352">
    <p class='ocr_par' dir='ltr' id='par_1_93' title="bbox 918 2315 1704 2352">
     <span class='ocr_line' id='line_1_93' title="bbox 918 2315 1704 2352; baseline 0.003 -9"><span class='ocrx_word' id='word_1_660' title='bbox 918 2317 967 2344; x_wconf 86' lang='lat' dir='ltr'><strong>hac</strong></span> <span class='ocrx_word' id='word_1_661' title='bbox 984 2316 1089 2352; x_wconf 86' lang='lat' dir='ltr'><strong>synodo</strong></span> <span class='ocrx_word' id='word_1_662' title='bbox 1102 2315 1237 2350; x_wconf 80' lang='lat' dir='ltr'><strong>adjectum</strong></span> <span class='ocrx_word' id='word_1_663' title='bbox 1252 2321 1304 2347; x_wconf 84' lang='lat' dir='ltr'><strong>est,</strong></span> <span class='ocrx_word' id='word_1_664' title='bbox 1328 2315 1427 2343; x_wconf 79' lang='lat' dir='ltr'><strong>debere</strong></span> <span class='ocrx_word' id='word_1_665' title='bbox 1441 2317 1523 2343; x_wconf 80' lang='lat' dir='ltr'><strong>etiam</strong></span> <span class='ocrx_word' id='word_1_666' title='bbox 1541 2316 1704 2345; x_wconf 68' lang='lat' dir='ltr'><strong>Maniclmos</strong></span> 
     </span>
    </p>
   </div>
   <div class='ocr_carea' id='block_1_94' title="bbox 916 2361 1703 2398">
    <p class='ocr_par' dir='ltr' id='par_1_94' title="bbox 916 2361 1703 2398">
     <span class='ocr_line' id='line_1_94' title="bbox 916 2361 1703 2398; baseline 0 -7"><span class='ocrx_word' id='word_1_667' title='bbox 916 2370 942 2391; x_wconf 87' lang='lat' dir='ltr'><strong>et</strong></span> <span class='ocrx_word' id='word_1_668' title='bbox 957 2363 1164 2391; x_wconf 78' lang='lat' dir='ltr'><strong>Valcntinianos</strong></span> <span class='ocrx_word' id='word_1_669' title='bbox 1181 2367 1208 2389; x_wconf 89' lang='lat' dir='ltr'><strong>ct</strong></span> <span class='ocrx_word' id='word_1_670' title='bbox 1223 2361 1426 2394; x_wconf 81' lang='lat' dir='ltr'><strong>Marcionistas,</strong></span> <span class='ocrx_word' id='word_1_671' title='bbox 1438 2367 1465 2390; x_wconf 89' lang='lat' dir='ltr'><strong>et</strong></span> <span class='ocrx_word' id='word_1_672' title='bbox 1482 2363 1551 2391; x_wconf 90' lang='lat' dir='ltr'><strong>alios</strong></span> <span class='ocrx_word' id='word_1_673' title='bbox 1563 2364 1703 2398; x_wconf 75' lang='lat' dir='ltr'><strong>ejusmodi</strong></span> 
     </span>
    </p>
   </div>
   <div class='ocr_carea' id='block_1_95' title="bbox 916 2407 1703 2443">
    <p class='ocr_par' dir='ltr' id='par_1_95' title="bbox 916 2407 1703 2443">
     <span class='ocr_line' id='line_1_95' title="bbox 916 2407 1703 2443; baseline 0 -6"><span class='ocrx_word' id='word_1_674' title='bbox 916 2409 1073 2441; x_wconf 65' lang='lat' dir='ltr'><strong>haereticos,</strong></span> <span class='ocrx_word' id='word_1_675' title='bbox 1099 2408 1328 2443; x_wconf 89' lang='lat' dir='ltr'><strong>quemadmodum</strong></span> <span class='ocrx_word' id='word_1_676' title='bbox 1349 2407 1532 2436; x_wconf 87' lang='lat' dir='ltr'><strong>Eunomianns</strong></span> <span class='ocrx_word' id='word_1_677' title='bbox 1552 2414 1579 2437; x_wconf 85' lang='lat' dir='ltr'><strong>ct</strong></span> <span class='ocrx_word' id='word_1_678' title='bbox 1600 2410 1703 2437; x_wconf 81' lang='lat' dir='ltr'><strong>Monta-</strong></span> 
     </span>
    </p>
   </div>
   <div class='ocr_carea' id='block_1_96' title="bbox 911 2453 1702 2490">
    <p class='ocr_par' dir='ltr' id='par_1_96' title="bbox 911 2453 1702 2490">
     <span class='ocr_line' id='line_1_96' title="bbox 911 2453 1702 2490; baseline -0.004 -6"><span class='ocrx_word' id='word_1_679' title='bbox 911 2457 1020 2488; x_wconf 82' lang='lat' dir='ltr'><strong>nistas,</strong></span> <span class='ocrx_word' id='word_1_680' title='bbox 1049 2454 1201 2490; x_wconf 78' lang='lat' dir='ltr'><strong>baptizari;</strong></span> <span class='ocrx_word' id='word_1_681' title='bbox 1230 2453 1407 2482; x_wconf 86' lang='lat' dir='ltr'><strong>Nestorianos</strong></span> <span class='ocrx_word' id='word_1_682' title='bbox 1439 2457 1530 2482; x_wconf 89' lang='lat' dir='ltr'><strong>autem</strong></span> <span class='ocrx_word' id='word_1_683' title='bbox 1559 2462 1615 2483; x_wconf 63' lang='lat' dir='ltr'><strong>sua:</strong></span> <span class='ocrx_word' id='word_1_684' title='bbox 1643 2456 1702 2484; x_wconf 84' lang='lat' dir='ltr'><strong>iidei</strong></span> 
     </span>
    </p>
   </div>
   <div class='ocr_carea' id='block_1_97' title="bbox 669 2503 1065 2544">
    <p class='ocr_par' dir='ltr' id='par_1_97' title="bbox 669 2503 1065 2544">
     <span class='ocr_line' id='line_1_97' title="bbox 669 2503 1065 2544; baseline 0.003 -11"><span class='ocrx_word' id='word_1_685' title='bbox 669 2503 763 2534; x_wconf 88' lang='lat' dir='ltr'><strong>Guill.</strong></span> <span class='ocrx_word' id='word_1_686' title='bbox 786 2505 948 2544; x_wconf 78' lang='lat' dir='ltr'><strong>Bevcregii</strong></span> <span class='ocrx_word' id='word_1_687' title='bbox 969 2507 1065 2535; x_wconf 66' lang='lat' dir='ltr'><strong>notae.</strong></span> 
     </span>
    </p>
   </div>
   <div class='ocr_carea' id='block_1_98' title="bbox 75 2551 857 2587">
    <p class='ocr_par' dir='ltr' id='par_1_98' title="bbox 75 2551 857 2587">
     <span class='ocr_line' id='line_1_98' title="bbox 75 2551 857 2587; baseline 0.001 -7"><span class='ocrx_word' id='word_1_688' title='bbox 75 2554 159 2580; x_wconf 88' lang='lat' dir='ltr'><strong>istum</strong></span> <span class='ocrx_word' id='word_1_689' title='bbox 181 2559 312 2579; x_wconf 78' lang='lat' dir='ltr'><strong>canonctn</strong></span> <span class='ocrx_word' id='word_1_690' title='bbox 333 2551 481 2586; x_wconf 82' lang='lat' dir='ltr'><strong>Epistolam</strong></span> <span class='ocrx_word' id='word_1_691' title='bbox 506 2552 595 2585; x_wconf 86' lang='lat' dir='ltr'><strong>potius</strong></span> <span class='ocrx_word' id='word_1_692' title='bbox 614 2560 693 2587; x_wconf 87' lang='lat' dir='ltr'><strong>quam</strong></span> <span class='ocrx_word' id='word_1_693' title='bbox 719 2555 857 2581; x_wconf 84' lang='lat' dir='ltr'><strong>decretum</strong></span> 
     </span>
    </p>
   </div>
   <div class='ocr_carea' id='block_1_99' title="bbox 74 2587 858 2624">
    <p class='ocr_par' dir='ltr' id='par_1_99' title="bbox 74 2587 858 2624">
     <span class='ocr_line' id='line_1_99' title="bbox 74 2587 858 2624; baseline 0.001 -9"><span class='ocrx_word' id='word_1_694' title='bbox 74 2587 184 2624; x_wconf 79' lang='lat' dir='ltr'><strong>aliquod</strong></span> <span class='ocrx_word' id='word_1_695' title='bbox 196 2587 328 2624; x_wconf 83' lang='lat' dir='ltr'><strong>synodale</strong></span> <span class='ocrx_word' id='word_1_696' title='bbox 341 2595 419 2624; x_wconf 80' lang='lat' dir='ltr'><strong>esse;</strong></span> <span class='ocrx_word' id='word_1_697' title='bbox 438 2587 536 2621; x_wconf 87' lang='lat' dir='ltr'><strong>quippe</strong></span> <span class='ocrx_word' id='word_1_698' title='bbox 552 2595 606 2624; x_wconf 81' lang='lat' dir='ltr'><strong>quo</strong></span> <span class='ocrx_word' id='word_1_699' title='bbox 622 2589 687 2614; x_wconf 87' lang='lat' dir='ltr'><strong>nihil</strong></span> <span class='ocrx_word' id='word_1_700' title='bbox 711 2590 858 2617; x_wconf 75' lang='lat' dir='ltr'><strong>constitui-</strong></span> 
     </span>
    </p>
   </div>
   <div class='ocr_carea' id='block_1_100' title="bbox 76 2622 856 2658">
    <p class='ocr_par' dir='ltr' id='par_1_100' title="bbox 76 2622 856 2658">
     <span class='ocr_line' id='line_1_100' title="bbox 76 2622 856 2658; baseline 0.004 -9"><span class='ocrx_word' id='word_1_701' title='bbox 76 2622 130 2658; x_wconf 64' lang='lat' dir='ltr'><strong>tur;</strong></span> <span class='ocrx_word' id='word_1_702' title='bbox 155 2623 201 2658; x_wconf 83' lang='lat' dir='ltr'><strong>sed</strong></span> <span class='ocrx_word' id='word_1_703' title='bbox 223 2627 326 2658; x_wconf 84' lang='lat' dir='ltr'><strong>tantum</strong></span> <span class='ocrx_word' id='word_1_704' title='bbox 351 2622 461 2658; x_wconf 65' lang='lat' dir='ltr'><strong>antiqua</strong></span> <span class='ocrx_word' id='word_1_705' title='bbox 482 2622 606 2658; x_wconf 70' lang='lat' dir='ltr'><strong>quaedam</strong></span> <span class='ocrx_word' id='word_1_706' title='bbox 631 2625 801 2651; x_wconf 81' lang='lat' dir='ltr'><strong>consuetudo</strong></span> <span class='ocrx_word' id='word_1_707' title='bbox 830 2626 856 2651; x_wconf 90' lang='lat' dir='ltr'><strong>in</strong></span> 
     </span>
    </p>
   </div>
   <div class='ocr_carea' id='block_1_101' title="bbox 74 2656 857 2692">
    <p class='ocr_par' dir='ltr' id='par_1_101' title="bbox 74 2656 857 2692">
     <span class='ocr_line' id='line_1_101' title="bbox 74 2656 857 2692; baseline 0.003 -9"><span class='ocrx_word' id='word_1_708' title='bbox 74 2656 208 2686; x_wconf 72' lang='lat' dir='ltr'><strong>lucreticis</strong></span> <span class='ocrx_word' id='word_1_709' title='bbox 226 2656 389 2691; x_wconf 87' lang='lat' dir='ltr'><strong>recipiendis</strong></span> <span class='ocrx_word' id='word_1_710' title='bbox 408 2656 547 2683; x_wconf 84' lang='lat' dir='ltr'><strong>recitatur.</strong></span> <span class='ocrx_word' id='word_1_711' title='bbox 565 2657 757 2692; x_wconf 71' lang='lat' dir='ltr'><strong>(Innjcctnrain</strong></span> <span class='ocrx_word' id='word_1_712' title='bbox 773 2667 806 2686; x_wconf 79' lang='lat' dir='ltr'><strong>ex</strong></span> <span class='ocrx_word' id='word_1_713' title='bbox 823 2667 857 2687; x_wconf 85' lang='lat' dir='ltr'><strong>eo</strong></span> 
     </span>
    </p>
   </div>
   <div class='ocr_carea' id='block_1_102' title="bbox 73 2691 856 2728">
    <p class='ocr_par' dir='ltr' id='par_1_102' title="bbox 73 2691 856 2728">
     <span class='ocr_line' id='line_1_102' title="bbox 73 2691 856 2728; baseline 0.001 -8"><span class='ocrx_word' id='word_1_714' title='bbox 73 2692 288 2720; x_wconf 82' lang='lat' dir='ltr'><strong>vcrlsimiliorctn</strong></span> <span class='ocrx_word' id='word_1_715' title='bbox 305 2692 437 2728; x_wconf 57' lang='lat' dir='ltr'><strong>fecimus,</strong></span> <span class='ocrx_word' id='word_1_716' title='bbox 447 2691 517 2728; x_wconf 78' lang='lat' dir='ltr'><strong>quod</strong></span> <span class='ocrx_word' id='word_1_717' title='bbox 535 2691 628 2728; x_wconf 72' lang='lat' dir='ltr'><strong>eadem</strong></span> <span class='ocrx_word' id='word_1_718' title='bbox 642 2695 734 2725; x_wconf 80' lang='lat' dir='ltr'><strong>verba,</strong></span> <span class='ocrx_word' id='word_1_719' title='bbox 748 2702 808 2728; x_wconf 66' lang='lat' dir='ltr'><strong>qum</strong></span> <span class='ocrx_word' id='word_1_720' title='bbox 821 2695 856 2721; x_wconf 87' lang='lat' dir='ltr'><strong>ibi</strong></span> 
     </span>
    </p>
   </div>
   <div class='ocr_carea' id='block_1_103' title="bbox 72 2726 855 2764">
    <p class='ocr_par' dir='ltr' id='par_1_103' title="bbox 72 2726 855 2764">
     <span class='ocr_line' id='line_1_103' title="bbox 72 2726 855 2764; baseline 0.001 -9"><span class='ocrx_word' id='word_1_721' title='bbox 72 2733 99 2755; x_wconf 80' lang='lat' dir='ltr'><strong>et</strong></span> <span class='ocrx_word' id='word_1_722' title='bbox 111 2729 154 2755; x_wconf 88' lang='lat' dir='ltr'><strong>hic</strong></span> <span class='ocrx_word' id='word_1_723' title='bbox 169 2732 345 2764; x_wconf 28' lang='lat' dir='ltr'><strong>usurpantn‘r,</strong></span> <span class='ocrx_word' id='word_1_724' title='bbox 360 2728 385 2753; x_wconf 86' lang='lat' dir='ltr'><strong>in</strong></span> <span class='ocrx_word' id='word_1_725' title='bbox 396 2726 509 2764; x_wconf 80' lang='lat' dir='ltr'><strong>epistola</strong></span> <span class='ocrx_word' id='word_1_726' title='bbox 523 2726 639 2764; x_wconf 77' lang='lat' dir='ltr'><strong>quadam</strong></span> <span class='ocrx_word' id='word_1_727' title='bbox 650 2728 683 2754; x_wconf 88' lang='lat' dir='ltr'><strong>ad</strong></span> <span class='ocrx_word' id='word_1_728' title='bbox 696 2726 855 2764; x_wconf 78' lang='lat' dir='ltr'><strong>martyrium</strong></span> 
     </span>
    </p>
   </div>
   <div class='ocr_carea' id='block_1_104' title="bbox 72 2761 856 2796">
    <p class='ocr_par' dir='ltr' id='par_1_104' title="bbox 72 2761 856 2796">
     <span class='ocr_line' id='line_1_104' title="bbox 72 2761 856 2796; baseline 0 -5"><span class='ocrx_word' id='word_1_729' title='bbox 72 2762 274 2796; x_wconf 80' lang='lat' dir='ltr'><strong>Antiochenam</strong></span> <span class='ocrx_word' id='word_1_730' title='bbox 305 2761 541 2795; x_wconf 70' lang='lat' dir='ltr'><strong>Constantinopoli</strong></span> <span class='ocrx_word' id='word_1_731' title='bbox 573 2762 673 2796; x_wconf 83' lang='lat' dir='ltr'><strong>scripta</strong></span> <span class='ocrx_word' id='word_1_732' title='bbox 708 2761 856 2796; x_wconf 72' lang='lat' dir='ltr'><strong>habeatur,</strong></span> 
     </span>
    </p>
   </div>
   <div class='ocr_carea' id='block_1_105' title="bbox 72 2795 858 2832">
    <p class='ocr_par' dir='ltr' id='par_1_105' title="bbox 72 2795 858 2832">
     <span class='ocr_line' id='line_1_105' title="bbox 72 2795 858 2832; baseline 0.003 -7"><span class='ocrx_word' id='word_1_733' title='bbox 72 2806 131 2832; x_wconf 68' lang='lat' dir='ltr'><strong>quae</strong></span> <span class='ocrx_word' id='word_1_734' title='bbox 149 2805 181 2825; x_wconf 83' lang='lat' dir='ltr'><strong>ex</strong></span> <span class='ocrx_word' id='word_1_735' title='bbox 206 2795 300 2822; x_wconf 78' lang='lat' dir='ltr'><strong>Jacobi</strong></span> <span class='ocrx_word' id='word_1_736' title='bbox 316 2797 478 2823; x_wconf 80' lang='lat' dir='ltr'><strong>Artnaclmni</strong></span> <span class='ocrx_word' id='word_1_737' title='bbox 493 2796 541 2822; x_wconf 85' lang='grc' dir='ltr'>τοῦ</span> <span class='ocrx_word' id='word_1_738' title='bbox 560 2795 710 2832; x_wconf 70' lang='grc' dir='ltr'>μακαρίτου</span> <span class='ocrx_word' id='word_1_739' title='bbox 726 2807 791 2826; x_wconf 86' lang='lat' dir='ltr'><strong>mss.</strong></span> <span class='ocrx_word' id='word_1_740' title='bbox 809 2806 858 2826; x_wconf 81' lang='lat' dir='ltr'><strong>ex-</strong></span> 
     </span>
    </p>
   </div>
   <div class='ocr_carea' id='block_1_106' title="bbox 72 2831 856 2868">
    <p class='ocr_par' dir='ltr' id='par_1_106' title="bbox 72 2831 856 2868">
     <span class='ocr_line' id='line_1_106' title="bbox 72 2831 856 2868; baseline 0.003 -9"><span class='ocrx_word' id='word_1_741' title='bbox 72 2831 174 2867; x_wconf 82' lang='lat' dir='ltr'><strong>scripta</strong></span> <span class='ocrx_word' id='word_1_742' title='bbox 193 2832 333 2868; x_wconf 56' lang='lat' dir='ltr'><strong>noliiscum</strong></span> <span class='ocrx_word' id='word_1_743' title='bbox 347 2832 559 2868; x_wconf 78' lang='lat' dir='ltr'><strong>communicata</strong></span> <span class='ocrx_word' id='word_1_744' title='bbox 579 2831 642 2859; x_wconf 62' lang='lat' dir='ltr'><strong>fuit;</strong></span> <span class='ocrx_word' id='word_1_745' title='bbox 660 2832 701 2868; x_wconf 81' lang='lat' dir='ltr'><strong>Ad</strong></span> <span class='ocrx_word' id='word_1_746' title='bbox 725 2834 856 2868; x_wconf 87' lang='lat' dir='ltr'><strong>majorem</strong></span> 
     </span>
    </p>
   </div>
   <div class='ocr_carea' id='block_1_107' title="bbox 73 2866 856 2904">
    <p class='ocr_par' dir='ltr' id='par_1_107' title="bbox 73 2866 856 2904">
     <span class='ocr_line' id='line_1_107' title="bbox 73 2866 856 2904; baseline 0.001 -10"><span class='ocrx_word' id='word_1_747' title='bbox 73 2866 152 2896; x_wconf 77' lang='lat' dir='ltr'><strong>istius</strong></span> <span class='ocrx_word' id='word_1_748' title='bbox 168 2868 205 2894; x_wconf 90' lang='lat' dir='ltr'><strong>rei</strong></span> <span class='ocrx_word' id='word_1_749' title='bbox 226 2866 495 2904; x_wconf 69' lang='lat' dir='ltr'><strong>elucidationetu&#39;lnic</strong></span> <span class='ocrx_word' id='word_1_750' title='bbox 513 2867 658 2904; x_wconf 80' lang='lat' dir='ltr'><strong>observare</strong></span> <span class='ocrx_word' id='word_1_751' title='bbox 677 2866 856 2904; x_wconf 29' lang='lat' dir='ltr'><strong>liccat,‘quod</strong></span> 
     </span>
    </p>
   </div>
   <div class='ocr_carea' id='block_1_108' title="bbox 73 2901 859 2936">
    <p class='ocr_par' dir='ltr' id='par_1_108' title="bbox 73 2901 859 2936">
     <span class='ocr_line' id='line_1_108' title="bbox 73 2901 859 2936; baseline 0.004 -9"><span class='ocrx_word' id='word_1_752' title='bbox 73 2907 138 2931; x_wconf 87' lang='lat' dir='ltr'><strong>tunc</strong></span> <span class='ocrx_word' id='word_1_753' title='bbox 161 2910 204 2930; x_wconf 87' lang='lat' dir='ltr'><strong>me</strong></span> <span class='ocrx_word' id='word_1_754' title='bbox 228 2901 319 2934; x_wconf 86' lang='lat' dir='ltr'><strong>latuit,</strong></span> <span class='ocrx_word' id='word_1_755' title='bbox 344 2902 413 2928; x_wconf 87' lang='lat' dir='ltr'><strong>hanc</strong></span> <span class='ocrx_word' id='word_1_756' title='bbox 438 2902 523 2936; x_wconf 88' lang='lat' dir='ltr'><strong>ipsam</strong></span> <span class='ocrx_word' id='word_1_757' title='bbox 549 2903 692 2935; x_wconf 79' lang='lat' dir='ltr'><strong>epistulam</strong></span> <span class='ocrx_word' id='word_1_758' title='bbox 716 2911 731 2930; x_wconf 84' lang='lat' dir='ltr'><strong>a</strong></span> <span class='ocrx_word' id='word_1_759' title='bbox 754 2901 859 2932; x_wconf 80' lang='lat' dir='ltr'><strong>Joanne</strong></span> 
     </span>
    </p>
   </div>
   <div class='ocr_carea' id='block_1_109' title="bbox 212 2946 637 2980">
    <p class='ocr_par' dir='ltr' id='par_1_109' title="bbox 212 2946 637 2980">
     <span class='ocr_line' id='line_1_109' title="bbox 212 2946 637 2980; baseline 0 -1"><span class='ocrx_word' id='word_1_760' title='bbox 212 2949 345 2979; x_wconf 69' lang='lat' dir='ltr'><strong>Pnnon.</strong></span> <span class='ocrx_word' id='word_1_761' title='bbox 370 2948 429 2979; x_wconf 81' lang='lat' dir='ltr'><strong>Gn.</strong></span> <span class='ocrx_word' id='word_1_762' title='bbox 454 2946 637 2980; x_wconf 75' lang='lat' dir='ltr'><strong>CXXXVII.</strong></span> 
     </span>
    </p>
   </div>
   <div class='ocr_carea' id='block_1_110' title="bbox 913 2551 1700 2585">
    <p class='ocr_par' dir='ltr' id='par_1_110' title="bbox 913 2551 1700 2585">
     <span class='ocr_line' id='line_1_110' title="bbox 913 2551 1700 2585; baseline -0.006 -4"><span class='ocrx_word' id='word_1_763' title='bbox 913 2554 1077 2582; x_wconf 76' lang='lat' dir='ltr'><strong>Lsunclavio</strong></span> <span class='ocrx_word' id='word_1_764' title='bbox 1104 2553 1129 2579; x_wconf 87' lang='lat' dir='ltr'><strong>in</strong></span> <span class='ocrx_word' id='word_1_765' title='bbox 1152 2552 1228 2579; x_wconf 75' lang='lat' dir='ltr'><strong>luris</strong></span> <span class='ocrx_word' id='word_1_766' title='bbox 1251 2551 1473 2579; x_wconf 63' lang='lat' dir='ltr'><strong>Grato-Romani</strong></span> <span class='ocrx_word' id='word_1_767' title='bbox 1499 2552 1568 2579; x_wconf 87' lang='lat' dir='ltr'><strong>libro</strong></span> <span class='ocrx_word' id='word_1_768' title='bbox 1601 2555 1700 2585; x_wconf 84' lang='lat' dir='ltr'><strong>quartn</strong></span> 
     </span>
    </p>
   </div>
   <div class='ocr_carea' id='block_1_111' title="bbox 912 2586 1699 2625">
    <p class='ocr_par' dir='ltr' id='par_1_111' title="bbox 912 2586 1699 2625">
     <span class='ocr_line' id='line_1_111' title="bbox 912 2586 1699 2625; baseline -0.004 -9"><span class='ocrx_word' id='word_1_769' title='bbox 912 2598 972 2625; x_wconf 77' lang='lat' dir='ltr'><strong>pug.</strong></span> <span class='ocrx_word' id='word_1_770' title='bbox 992 2588 1056 2620; x_wconf 76' lang='lat'><strong>290,</strong></span> <span class='ocrx_word' id='word_1_771' title='bbox 1083 2588 1146 2625; x_wconf 63' lang='lat'><strong>29],</strong></span> <span class='ocrx_word' id='word_1_772' title='bbox 1163 2588 1262 2625; x_wconf 84' lang='lat' dir='ltr'><strong>editam</strong></span> <span class='ocrx_word' id='word_1_773' title='bbox 1283 2595 1354 2625; x_wconf 78' lang='lat' dir='ltr'><strong>esse,</strong></span> <span class='ocrx_word' id='word_1_774' title='bbox 1376 2587 1498 2625; x_wconf 81' lang='lat' dir='ltr'><strong>_ex_al_io,</strong></span> <span class='ocrx_word' id='word_1_775' title='bbox 1515 2586 1607 2625; x_wconf 77' lang='lat' dir='ltr'><strong>nescio</strong></span> <span class='ocrx_word' id='word_1_776' title='bbox 1635 2592 1699 2619; x_wconf 69' lang='lat' dir='ltr'><strong>quo,</strong></span> 
     </span>
    </p>
   </div>
   <div class='ocr_carea' id='block_1_112' title="bbox 912 2621 1700 2657">
    <p class='ocr_par' dir='ltr' id='par_1_112' title="bbox 912 2621 1700 2657">
     <span class='ocr_line' id='line_1_112' title="bbox 912 2621 1700 2657; baseline -0.008 -5"><span class='ocrx_word' id='word_1_777' title='bbox 912 2621 964 2652; x_wconf 64' lang='lat' dir='ltr'><strong>ius.</strong></span> <span class='ocrx_word' id='word_1_778' title='bbox 981 2625 1075 2652; x_wconf 86' lang='lat' dir='ltr'><strong>codice</strong></span> <span class='ocrx_word' id='word_1_779' title='bbox 1093 2633 1099 2650; x_wconf 89' lang='lat'><strong>:</strong></span> <span class='ocrx_word' id='word_1_780' title='bbox 1114 2623 1182 2650; x_wconf 84' lang='lat' dir='ltr'><strong>adeo</strong></span> <span class='ocrx_word' id='word_1_781' title='bbox 1198 2627 1226 2649; x_wconf 84' lang='grc' dir='ltr'><strong>ιιι</strong></span> <span class='ocrx_word' id='word_1_782' title='bbox 1240 2623 1272 2650; x_wconf 84' lang='lat' dir='ltr'><strong>tle</strong></span> <span class='ocrx_word' id='word_1_783' title='bbox 1285 2622 1406 2657; x_wconf 73' lang='lat' dir='ltr'><strong>epistolae</strong></span> <span class='ocrx_word' id='word_1_784' title='bbox 1420 2622 1500 2649; x_wconf 85' lang='lat' dir='ltr'><strong>istius</strong></span> <span class='ocrx_word' id='word_1_785' title='bbox 1515 2621 1628 2657; x_wconf 77' lang='lat' dir='ltr'><strong>veritate</strong></span> <span class='ocrx_word' id='word_1_786' title='bbox 1638 2629 1700 2648; x_wconf 83' lang='lat' dir='ltr'><strong>cer-</strong></span> 
     </span>
    </p>
   </div>
   <div class='ocr_carea' id='block_1_113' title="bbox 911 2656 1701 2693">
    <p class='ocr_par' dir='ltr' id='par_1_113' title="bbox 911 2656 1701 2693">
     <span class='ocr_line' id='line_1_113' title="bbox 911 2656 1701 2693; baseline -0.006 -7"><span class='ocrx_word' id='word_1_787' title='bbox 911 2661 995 2687; x_wconf 87' lang='lat' dir='ltr'><strong>tiores</strong></span> <span class='ocrx_word' id='word_1_788' title='bbox 1018 2660 1125 2686; x_wconf 82' lang='lat' dir='ltr'><strong>iiatnus.</strong></span> <span class='ocrx_word' id='word_1_789' title='bbox 1142 2659 1175 2685; x_wconf 87' lang='lat' dir='ltr'><strong>Et</strong></span> <span class='ocrx_word' id='word_1_790' title='bbox 1197 2656 1309 2693; x_wconf 80' lang='lat' dir='ltr'><strong>quidem</strong></span> <span class='ocrx_word' id='word_1_791' title='bbox 1323 2665 1383 2692; x_wconf 70' lang='lat' dir='ltr'><strong>qum</strong></span> <span class='ocrx_word' id='word_1_792' title='bbox 1398 2657 1430 2693; x_wconf 81' lang='lat' dir='ltr'><strong>iu</strong></span> <span class='ocrx_word' id='word_1_793' title='bbox 1452 2656 1577 2690; x_wconf 64' lang='lat' dir='ltr'><strong>praesenti</strong></span> <span class='ocrx_word' id='word_1_794' title='bbox 1595 2662 1701 2693; x_wconf 80' lang='lat' dir='ltr'><strong>canone</strong></span> 
     </span>
    </p>
   </div>
   <div class='ocr_carea' id='block_1_114' title="bbox 910 2691 1700 2727">
    <p class='ocr_par' dir='ltr' id='par_1_114' title="bbox 910 2691 1700 2727">
     <span class='ocr_line' id='line_1_114' title="bbox 910 2691 1700 2727; baseline -0.005 -5"><span class='ocrx_word' id='word_1_795' title='bbox 910 2695 1098 2726; x_wconf 81' lang='lat' dir='ltr'><strong>continentur,</strong></span> <span class='ocrx_word' id='word_1_796' title='bbox 1115 2701 1147 2721; x_wconf 79' lang='lat' dir='ltr'><strong>ex</strong></span> <span class='ocrx_word' id='word_1_797' title='bbox 1169 2691 1214 2720; x_wconf 77' lang='lat' dir='ltr'><strong>illa</strong></span> <span class='ocrx_word' id='word_1_798' title='bbox 1239 2691 1352 2727; x_wconf 83' lang='lat' dir='ltr'><strong>epistola</strong></span> <span class='ocrx_word' id='word_1_799' title='bbox 1377 2692 1467 2727; x_wconf 85' lang='lat' dir='ltr'><strong>potius</strong></span> <span class='ocrx_word' id='word_1_800' title='bbox 1490 2697 1571 2727; x_wconf 74' lang='lat' dir='ltr'><strong>quant</strong></span> <span class='ocrx_word' id='word_1_801' title='bbox 1594 2697 1625 2716; x_wconf 78' lang='lat' dir='ltr'><strong>er</strong></span> <span class='ocrx_word' id='word_1_802' title='bbox 1651 2691 1700 2718; x_wconf 83' lang='lat' dir='ltr'><strong>de-</strong></span> 
     </span>
    </p>
   </div>
   <div class='ocr_carea' id='block_1_115' title="bbox 911 2726 1699 2764">
    <p class='ocr_par' dir='ltr' id='par_1_115' title="bbox 911 2726 1699 2764">
     <span class='ocr_line' id='line_1_115' title="bbox 911 2726 1699 2764; baseline -0.008 -7"><span class='ocrx_word' id='word_1_803' title='bbox 911 2735 987 2758; x_wconf 85' lang='lat' dir='ltr'><strong>creto</strong></span> <span class='ocrx_word' id='word_1_804' title='bbox 1006 2729 1097 2764; x_wconf 84' lang='lat' dir='ltr'><strong>aliquo</strong></span> <span class='ocrx_word' id='word_1_805' title='bbox 1114 2728 1212 2764; x_wconf 82' lang='lat' dir='ltr'><strong>synodi</strong></span> <span class='ocrx_word' id='word_1_806' title='bbox 1232 2726 1542 2761; x_wconf 67' lang='lat' dir='ltr'><strong>Cbnstantinppolitanzc</strong></span> <span class='ocrx_word' id='word_1_807' title='bbox 1554 2726 1699 2760; x_wconf 77' lang='lat' dir='ltr'><strong>desumpta</strong></span> 
     </span>
    </p>
   </div>
   <div class='ocr_carea' id='block_1_116' title="bbox 915 2766 1051 2793">
    <p class='ocr_par' dir='ltr' id='par_1_116' title="bbox 915 2766 1051 2793">
     <span class='ocr_line' id='line_1_116' title="bbox 915 2766 1051 2793; baseline 0 -2"><span class='ocrx_word' id='word_1_808' title='bbox 915 2766 1051 2793; x_wconf 75' lang='lat' dir='ltr'><strong>videntur.</strong></span> 
     </span>
    </p>
   </div>
   <div class='ocr_carea' id='block_1_117' title="bbox 947 2795 1700 2836">
    <p class='ocr_par' dir='ltr' id='par_1_117' title="bbox 947 2795 1700 2836">
     <span class='ocr_line' id='line_1_117' title="bbox 947 2795 1700 2836; baseline -0.005 -9"><span class='ocrx_word' id='word_1_809' title='bbox 947 2801 985 2836; x_wconf 90' lang='lat'><strong>(8)</strong></span> <span class='ocrx_word' id='word_1_810' title='bbox 1003 2799 1058 2827; x_wconf 80' lang='grc' dir='ltr'><strong>Καὶ</strong></span> <span class='ocrx_word' id='word_1_811' title='bbox 1074 2798 1346 2836; x_wconf 24' lang='grc' dir='ltr'>τοὺςλΜανιχαίἰους</span> <span class='ocrx_word' id='word_1_812' title='bbox 1423 2795 1621 2836; x_wconf 33' lang='lat' dir='ltr'><strong>illicj‘ncipit‘tnt</strong></span> <span class='ocrx_word' id='word_1_813' title='bbox 1638 2804 1700 2836; x_wconf 67' lang='lat' dir='ltr'><strong>qua:</strong></span> 
     </span>
    </p>
   </div>
   <div class='ocr_carea' id='block_1_118' title="bbox 911 2831 1701 2870">
    <p class='ocr_par' dir='ltr' id='par_1_118' title="bbox 911 2831 1701 2870">
     <span class='ocr_line' id='line_1_118' title="bbox 911 2831 1701 2870; baseline -0.003 -8"><span class='ocrx_word' id='word_1_814' title='bbox 911 2831 1031 2870; x_wconf 65' lang='lat' dir='ltr'><strong>praesens</strong></span> <span class='ocrx_word' id='word_1_815' title='bbox 1057 2834 1204 2870; x_wconf 77' lang='lat' dir='ltr'><strong>concilium</strong></span> <span class='ocrx_word' id='word_1_816' title='bbox 1220 2833 1253 2860; x_wconf 89' lang='lat' dir='ltr'><strong>de</strong></span> <span class='ocrx_word' id='word_1_817' title='bbox 1276 2832 1410 2870; x_wconf 68' lang='lat' dir='ltr'><strong>ltmrcticis</strong></span> <span class='ocrx_word' id='word_1_818' title='bbox 1433 2832 1460 2858; x_wconf 90' lang='lat' dir='ltr'><strong>in</strong></span> <span class='ocrx_word' id='word_1_819' title='bbox 1481 2831 1630 2859; x_wconf 78' lang='lat' dir='ltr'><strong>Ecclesiam</strong></span> <span class='ocrx_word' id='word_1_820' title='bbox 1650 2832 1701 2870; x_wconf 74' lang='lat' dir='ltr'><strong>Ga-</strong></span> 
     </span>
    </p>
   </div>
   <div class='ocr_carea' id='block_1_119' title="bbox 913 2867 1700 2903">
    <p class='ocr_par' dir='ltr' id='par_1_119' title="bbox 913 2867 1700 2903">
     <span class='ocr_line' id='line_1_119' title="bbox 913 2867 1700 2903; baseline -0.003 -7"><span class='ocrx_word' id='word_1_821' title='bbox 913 2867 1041 2897; x_wconf 79' lang='lat' dir='ltr'><strong>ihnlicnm</strong></span> <span class='ocrx_word' id='word_1_822' title='bbox 1059 2868 1223 2903; x_wconf 77' lang='lat' dir='ltr'><strong>recipiendis</strong></span> <span class='ocrx_word' id='word_1_823' title='bbox 1243 2867 1405 2900; x_wconf 86' lang='lat' dir='ltr'><strong>constituit;</strong></span> <span class='ocrx_word' id='word_1_824' title='bbox 1427 2871 1525 2901; x_wconf 74' lang='lat' dir='ltr'><strong>prtctcr</strong></span> <span class='ocrx_word' id='word_1_825' title='bbox 1544 2875 1576 2893; x_wconf 83' lang='lat' dir='ltr'><strong>ea</strong></span> <span class='ocrx_word' id='word_1_826' title='bbox 1593 2875 1652 2902; x_wconf 66' lang='lat' dir='ltr'><strong>qua:</strong></span> <span class='ocrx_word' id='word_1_827' title='bbox 1674 2869 1700 2894; x_wconf 88' lang='lat' dir='ltr'><strong>in</strong></span> 
     </span>
    </p>
   </div>
   <div class='ocr_carea' id='block_1_120' title="bbox 910 2903 1595 2940">
    <p class='ocr_par' dir='ltr' id='par_1_120' title="bbox 910 2903 1595 2940">
     <span class='ocr_line' id='line_1_120' title="bbox 910 2903 1595 2940; baseline -0.004 -9"><span class='ocrx_word' id='word_1_828' title='bbox 910 2905 1027 2940; x_wconf 84' lang='lat' dir='ltr'><strong>epistola</strong></span> <span class='ocrx_word' id='word_1_829' title='bbox 1042 2905 1169 2938; x_wconf 86' lang='lat' dir='ltr'><strong>superius</strong></span> <span class='ocrx_word' id='word_1_830' title='bbox 1182 2906 1394 2931; x_wconf 82' lang='lat' dir='ltr'><strong>commemorata</strong></span> <span class='ocrx_word' id='word_1_831' title='bbox 1406 2903 1595 2930; x_wconf 83' lang='lat' dir='ltr'><strong>continentur.</strong></span> 
     </span>
    </p>
   </div>
   <div class='ocr_carea' id='block_1_121' title="bbox 1484 2951 1524 2980">
    <p class='ocr_par' dir='ltr' id='par_1_121' title="bbox 1484 2951 1524 2980">
     <span class='ocr_line' id='line_1_121' title="bbox 1484 2951 1524 2980; baseline 0.025 -1"><span class='ocrx_word' id='word_1_832' title='bbox 1484 2951 1524 2980; x_wconf 79' lang='lat'><strong>2&#39;1</strong></span> 
     </span>
    </p>
   </div>
  </div>
