1936 3105
94 201 142 234 8H

599 201 640 231 1x
660 201 742 232 CAN.
760 201 830 232 xcv
853 200 959 232 conc.
982 180 1201 232 IN'TRULLO.

1661 196 1714 230 859

129 265 136 280 ι
161 255 250 292 μερίδι
265 256 318 283 τῶν
333 256 496 292 σωζομένων
513 257 565 284 ἀπὸ
579 257 727 293 αῑρετικῶν
740 258 869 294 δεχόμεθα

963 268 972 284 ι
996 266 1090 286 eorum
1117 257 1162 293 qui
1189 265 1220 285 ex
1248 257 1381 285 haereticis
1405 261 1559 290 servantur,
1588 256 1714 290 snbjecm

127 311 136 327 ι
159 303 231 330 κατὰ
248 304 298 338 τὴν
314 303 557 338 ζὺποτεταγμένην
584 304 746 330 ἀκολουθίαν
772 313 801 331 τε
828 307 875 331 καὶ

128 359 137 375 ι
161 349 324 384 συνήθειαν·
345 350 500 383 Ἀρειανοὺς
521 349 571 383 μὲν
587 351 634 376 καὶ
651 350 873 382 Μακεδονιανοὺς

127 405 136 421 ι
156 397 208 423 καὶ
230 395 430 428 Ναυατιανοῦς,
454 395 519 427 τοὺς
536 396 665 430 λέγοντας
681 397 795 427 ἑαυτοὺς
815 397 874 423 K2-

127 450 137 467 ι
160 441 270 477 θαροὺς,
288 441 335 468 καὶ
358 441 543 476 Ἀριστεροὺς,
575 442 698 470 καὶτοὺς
717 442 873 476 Τεσσαρεσς

126 496 135 512 ‹
157 487 359 518 καιδεκατίτας.
396 487 480 522 ἦγουν
515 486 682 522 Τετραδίτας
709 488 756 514 καὶ
777 488 874 514 Ἀπολ-

127 541 136 557 ι
160 532 329 567 λιναριστὰς,
354 531 488 567 δεχόμεθα
515 532 635 564 διδόντας
662 532 810 564 λιΰέὶλους,
827 532 874 558 καὶ

127 585 136 601 ι
159 577 407 612 ἀναθεματίζοντας
427 577 516 604 πᾶσαν
538 577 644 612 αἳρεσιν
660 578 697 613 μὴ
723 577 874 612 φρονοῦσαν

128 632 136 647 ι
161 622 198 653 ὡς
215 623 309 658 φρονεῖ
325 623 340 657 ή
358 622 423 657 ἁγία
449 623 497 649 τοῦ
515 622 582 649 Θεοῦ
601 622 729 657 καθολικὴ
745 622 792 649 καὶ
807 623 874 649 ἁπο-

126 676 135 692 ι
159 667 270 702 στολικὴ
296 668 455 703 Ἐκκλησία,
477 669 714 704 σφραγιζομένους
726 668 786 703 ἦτοι
801 677 874 703 χριο-

126 722 135 738 ι
161 713 257 748 μένους
276 715 386 748 πρῶτον
409 714 448 748 τῷ
467 714 538 749 ἁγίῳ
557 714 634 749 μύρῳ
656 713 685 740 τό
701 722 730 739 τε
749 714 874 748 μέτωπον

124 769 134 784 ι
156 760 204 786 καὶ
220 760 283 791 τοὺς
296 760 455 794 ὀφθαλμοὺς
470 761 518 786 καὶ
532 759 581 791 τὰς
594 761 670 795 ῥῖνας
684 760 732 785 καὶ
743 760 774 786 τὸ
787 760 874 795 στόμα

125 814 135 829 ι
158 805 205 831 καὶ
217 805 252 831 τὰ
264 803 322 832 ὦτα
333 813 340 821 ·
359 805 407 833 καὶ
422 804 620 841 σφραγίζοντες
633 806 733 836 αὐτοὺς
745 805 870 840 λέγομεν·

125 860 133 875 ι
159 851 281 886 Σερραγὶς
310 851 414 886 δωρεᾶς
444 851 605 883 Πνεὺματος
630 851 720 885 ἁγίου.
749 851 816 886 Περὶ
844 852 872 878 δὲ

127 906 135 921 ι
158 896 213 922 τῶν
246 897 495 928 Παυλιανισάντων,
521 894 580 923 εἶτα
607 897 818 931 προσφυγόντων
837 898 871 932 τῇ

125 951 133 966 ι
155 942 286 977 καθολικῇ
314 942 476 978 Ἐκκλησία,
503 943 565 978 ὅρος
590 943 744 970 ὲκτέθειται
769 943 872 970 ἀναδα-

123 997 133 1012 ι
156 987 299 1020 σιτίζεσθαι
310 989 408 1020 αὐτοὺς
418 989 576 1021 ὲξάπαντος.
588 990 770 1024 Εὑνομιανοὺς
781 989 872 1022 μέντοι

125 1043 133 1057 ι
158 1034 222 1064 τοὺς
247 1034 288 1064 είς
303 1034 374 1068 μίαν
398 1035 548 1061 κατάδυσιν
577 1035 804 1071 βαπτιζομένους,
825 1038 872 1064 καὶ

124 1088 134 1104 ι
158 1079 349 1111 Μοντανιστὰς
367 1080 431 1112 τοὺς
443 1081 560 1107 ἐνταῦθα
576 1081 738 1116 λεγομένους
751 1082 871 1116 Φρύγας,

123 1133 134 1150 ε
157 1126 205 1152 καὶ
223 1125 431 1159 Σαὸελλιανοῦς,
450 1127 496 1153 καὶ
516 1127 580 1158 τοὺς
594 1128 775 1163 υίοπατορίαν
791 1128 871 1161 δοξᾶ-

123 1180 132 1196 :
157 1169 264 1204 ζοντας,
289 1172 335 1198 καὶ
352 1172 433 1206 ἕτερά
448 1178 508 1199 τινα
524 1172 630 1207 χαλεπὰ
645 1173 797 1206 ποιοῦντας,
825 1174 873 1200 καὶ

123 1225 132 1240 ι
155 1216 245 1247 πάσας
261 1216 310 1248 τὰς
328 1216 411 1248 ἄλλας
425 1217 557 1252 αἱρέσεις,
578 1217 672 1253 ἐπειδὴ
690 1218 785 1244 πολλαί
802 1220 872 1246 εἰσιν

123 1272 132 1287 ι
155 1263 284 1301 ἐνταῦθα,
302 1263 424 1297 μάλιστα
438 1263 461 1289 οί
476 1263 530 1290 ἀπὸ
554 1264 603 1297 τῆς
630 1264 760 1290 Γαλατῶν
778 1264 872 1300 χώρας

122 1317 131 1333 ι
153 1308 330 1344 ὁρμώμενοι·
360 1309 465 1340 πάντας
480 1310 542 1341 τοὺς
566 1309 613 1336 ἀπ’
628 1310 717 1337 αὐτῶν
744 1310 872 1343 θέλοντας

125 1363 134 1379 ι
157 1354 352 1389 προστίθεσθαι
367 1356 400 1390 τῇ
419 1355 558 1391 ὁρθοδοξία
580 1355 617 1387 ὠς
643 1355 780 1391 ’Έλληνας
795 1356 872 1392 δεχό-

124 1409 133 1425 c
160 1399 246 1434 μεθα·
262 1400 310 1426 καὶ
338 1400 387 1435 τὴν
411 1400 460 1434 μὲν
488 1400 601 1436 πρώτην
618 1401 725 1436 ἡμέραν
740 1401 871 1436 ποιοῦμεν

123 1456 131 1471 ι
155 1445 254 1478 αὐτοὺς
275 1446 468 1481 Χριστιανοὺς,
483 1446 533 1481 τὴν
549 1446 576 1472 δὲ
592 1446 723 1482 δευτέραν
738 1454 872 1483 κατηχου-

123 1501 132 1517 ι
157 1492 276 1526 μένους’
307 1489 368 1518 εἶτα
396 1492 447 1527 τὴν
468 1492 565 1527 τρίτην
594 1492 774 1527 ὲξορκίξομεν
801 1495 871 1528 μετὰ

123 1547 132 1562 ι
155 1537 201 1564 τοῦ
217 1539 343 1573 ὲμφυσᾷν
359 1540 452 1574 τρίτον
468 1539 508 1570 είς
532 1538 562 1565 τὸ
591 1539 739 1574 πρόσωπον
767 1540 814 1566 καὶ
830 1541 871 1572 εἰς

123 1593 131 1609 ι
155 1584 189 1610 τὰ
203 1580 270 1611 ὧταν
288 1583 336 1611 καὶ
354 1583 426 1610 οὕτω
455 1584 642 1620 κατηχοῦμεν,
672 1585 719 1611 καὶ
739 1585 870 1620 ποιοῦμεν
884 1594 906 1621 α

125 1640 133 1654 ι
158 1630 293 1666 χρονίζειν
315 1631 355 1662 εἰς
384 1631 436 1665 τὴν
465 1631 627 1665 ἐκκλησίαν,
646 1631 694 1657 καὶ
718 1631 871 1666 ἀκροᾶσθαι

125 1684 133 1700 ι
157 1675 212 1702 τῶν
227 1676 358 1710 Γραφῶν,
373 1676 420 1702 καὶ
434 1676 495 1702 τότε
511 1676 611 1707 αὐτοὺς
625 1675 806 1711 βαπτίζομενο
823 1679 872 1705 καὶ

123 1729 132 1745 ι
153 1721 214 1752 τοὺς
229 1721 398 1756 Μανιχαίους
422 1720 451 1747 δὲ
475 1721 514 1756 (8)
529 1721 655 1752 καὶτοὺς
681 1721 872 1749 Οὑαλεντινια-

123 1775 132 1790 ι
155 1765 228 1798 νοὺς,
245 1767 292 1793 καὶ
301 1766 517 1802 Μαρκιονιστὰς,
529 1767 649 1798 καὶτοὺς
662 1767 694 1793 ὲκ
702 1767 758 1794 τῶν
769 1768 871 1802 ὁμοίων

125 1821 134 1836 ι
158 1812 301 1845 αἱρέσεων.
317 1812 387 1843 Τοὺς
399 1812 427 1839 δὲ
441 1807 642 1848 Νεστοριανοὺξ
657 1813 711 1848 χρὴ
728 1814 815 1840 ποιεῖν
830 1813 871 1840 λι-

122 1867 131 1883 ι
155 1857 277 1889 σὲλλους,
296 1858 344 1884 καὶ
363 1858 573 1893 ἀναθεματίζειν
587 1859 637 1894 τὴν
654 1859 762 1894 αἵρεσιν
777 1861 870 1887 αὐτῶν

122 1913 130 1929 ι
153 1904 201 1930 καὶ
216 1903 363 1938 Νεστὸριον
380 1903 428 1930 καὶ
445 1904 569 1938 Εὑτυχέα
584 1905 633 1930 καὶ
650 1905 798 1940 Διόσκορον
824 1907 871 1933 καὶ

123 1959 132 1975 ι
156 1949 287 1984 Σεϐῆρον,
303 1949 349 1975 καὶ
366 1949 429 1981 τοὺς
443 1950 553 1981 λοιποὺς
568 1950 700 1984 ἐξάρχους
714 1951 768 1977 τῶν
783 1951 870 1977 τοιού-

122 2006 131 2021 (
154 2004 208 2022 των
223 1995 369 2029 αἱρέσεων,
383 1996 431 2022 καὶ
446 1995 509 2027 τοὺς
526 1995 693 2031 φρονοῦντας
706 1997 740 2023 τὰ
767 1997 869 2029 αὐτῶν,

121 2051 130 2066 ι
154 2041 201 2067 καὶ
227 2041 318 2072 πάσας
344 2040 393 2071 τὰς
420 2042 703 2077 προσαναφερομένας
731 2042 868 2077 αἱρέσεις·

120 2098 129 2112 ι
153 2087 200 2113 καὶ
229 2086 300 2113 οὕτω
324 2086 547 2121 μετα).αμ6άνειν
576 2088 625 2122 τῆς
661 2088 742 2122 ἁγίας
769 2097 866 2115 κοινω-

120 2142 129 2159 ι
153 2133 221 2163 νίας.
247 2142 257 2158 ι

118 2179 217 2206 ΒΛΛΣ.
233 2180 302 2214 Περὶ
328 2179 376 2206 τοῦ
403 2179 515 2211 κανόνος
532 2179 629 2206 τούτου
653 2180 768 2216 ἑϐδόμου
793 2183 868 2214 ὄντος

79 2226 131 2260 τῆς
149 2227 344 2260 οἰχουμενικῆς
369 2225 392 2260 β’
418 2225 528 2252 συνόδου
546 2226 647 2258 ἱκανῶς
670 2227 760 2254 ἐκεῖσε
786 2228 868 2264 ἐγρά-

79 2273 182 2308 ψαμεν,
203 2273 250 2299 καὶ
273 2273 303 2298 οὺ
326 2272 379 2307 χρὴ
403 2272 467 2307 περὶ
483 2272 539 2298 τῶν
566 2272 655 2299 αὐτῶν
681 2273 865 2307 παλιλλογεϊν.

86 2317 166 2344 Ἐπεὶ
179 2318 207 2344 δὲ
223 2318 375 2352 προσετέθη
394 2319 468 2353 παρὰ
483 2318 531 2352 τῆς
547 2317 657 2345 συνόδου
673 2318 777 2354 ταύτης
791 2320 866 2354 ὀφεί-

79 2363 137 2389 λειν
150 2363 200 2390 καὶ
214 2364 278 2394 τοὺς
292 2362 459 2398 Μανιχαίους
482 2363 531 2390 καὶ
549 2363 611 2395 τοὺς
626 2363 865 2396 Οὐαλεντινιανοὺς

79 2409 128 2435 καὶ
147 2409 209 2440 τοὺς
223 2408 438 2444 Μαρκιονιστὰς,
471 2409 517 2434 καὶ
544 2409 608 2440 τοὺς
637 2410 668 2435 ὲκ
685 2409 739 2436 τῶν
763 2411 864 2445 ὁμοίων

79 2454 223 2489 αἱρέσεων,
242 2454 313 2480 κατὰ
328 2454 391 2485 τοὺς
409 2454 594 2489 Εὑνομιανοὺς
610 2455 656 2481 καὶ
671 2456 736 2487 τοὺς
752 2456 864 2483 Μοντα-

964 313 972 328 ι
996 303 1091 330 ordine
1116 306 1143 329 et
1168 301 1367 329 consuetudine
1393 301 1560 336 recipimus:
1595 301 1713 329 Arianos

964 355 972 371 ι
996 345 1105 380 quidem
1132 349 1159 372 ct
1173 344 1383 373 Macedonianos
1408 349 1435 371 et
1461 343 1638 378 Novatianos,
1666 346 1713 380 qui

966 400 974 416 ι
998 391 1105 425 seipsos
1129 389 1264 418 Catharos
1293 390 1441 424 appellant,
1468 392 1496 417 e't
1525 390 1663 418 Aristeros
1688 395 1716 418 et

965 446 972 461 ι
997 429 1258 468 Quartadecimanos
1281 442 1331 462 seu
1346 434 1501 463 Tetraditas
1525 440 1552 462 et
1573 436 1715 469 Apollina-

963 492 971 507 ι
997 483 1078 510 ristas
1108 482 1267 517 recipimus,
1290 482 1387 509 dantes
1411 481 1527 514 libellos,
1554 486 1582 510 et
1605 490 1713 510 onmem

963 538 972 553 ι
998 529 1121 556 haeresim
1142 528 1416 562 anatltetnatizantcs,
1440 536 1501 563 quae
1516 536 1569 556 non
1584 530 1667 557 sentit
1682 535 1711 556 ut

963 584 972 599 ι
997 575 1078 602 sentit
1088 579 1182 602 sancta
1195 574 1241 602 Dei
1253 573 1417 602 universalis
1428 578 1456 601 et
1466 575 1612 608 apostolica
1624 574 1716 602 Eccle-

963 629 971 644 ι
995 620 1046 653 sia,
1069 623 1165 647 saneto
1189 619 1305 654 primum
1330 619 1479 647 chrismate
1504 625 1531 648 et
1555 619 1671 648 frontem
1689 626 1716 648 et

963 674 972 690 ι
996 665 1089 692 oculos
1102 670 1127 692 el
1143 672 1224 692 nares
1240 669 1267 692 et
1281 673 1313 692 os
1329 669 1356 693 et
1369 672 1450 692 aures
1465 665 1641 700 consignatos
1658 666 1716 694 sive

962 719 971 735 ι
995 711 1138 737 inunctos:
1155 715 1182 737 et
1201 718 1249 738 eos
1266 711 1459 745 eonsignantes
1476 711 1604 743 dicimus,
1621 711 1716 746 signa-

964 765 973 779 σ
996 755 1087 782 culum
1103 755 1167 782 doni
1184 755 1305 790 Spiritus
1324 756 1422 782 sancti.
1449 755 1487 782 De
1508 755 1541 782 iis
1551 760 1653 789 autem,
1667 758 1714 791 qni

962 810 971 825 ι
996 801 1119 828 Pauliani
1133 805 1236 828 sectam
1262 801 1350 828 secuti
1376 805 1449 832 sunt,
1466 801 1564 828 deinde
1575 802 1607 828 ad
1618 803 1716 829 catho-

963 857 971 872 ι
996 847 1074 875 licam
1093 847 1241 875 Ecclesiam
1258 847 1452 882 confugerunt,
1470 851 1603 875 statutum
1621 854 1663 876 est
1686 853 1716 875 ut

962 903 970 919 ι
996 894 1014 920 ii
1031 894 1142 921 omnino
1164 894 1377 929 rebaptizentur.
1393 893 1580 921 Eunomianos
1594 902 1715 929 quoque,

963 950 972 965 ι
996 939 1042 975 qui
1058 947 1111 967 una
1123 940 1297 968 demersione
1314 940 1466 975 haptizant,
1490 945 1518 968 et
1534 940 1715 969 Montanistas

966 996 974 1011 ι
999 986 1047 1021 qui
1075 986 1119 1013 hic
1143 986 1275 1013 dicuntur
1296 986 1418 1022 Phryges
1435 993 1461 1014 et
1479 987 1649 1016 Sabellianos
1667 989 1714 1022 qui

963 1041 971 1056 ι
997 1032 1096 1059 Filium
1124 1032 1195 1059 idem
1225 1039 1284 1059 esse
1303 1039 1365 1059 cum
1389 1032 1469 1059 Patre
1491 1033 1661 1066 existimant,
1686 1037 1714 1061 et

938 1106 940 1108 η
962 1085 971 1102 ι
995 1077 1047 1104 alia
1064 1076 1187 1111 quaedam
1216 1077 1308 1112 gravia
1334 1077 1447 1111 faciunt,
1473 1082 1500 1106 et
1524 1086 1620 1107 omnes
1646 1079 1714 1106 alias

966 1132 974 1147 ι
999 1122 1128 1154 haereses.
1144 1124 1273 1158 quoniam
1292 1124 1368 1150 multi
1388 1124 1431 1151 hic
1449 1130 1524 1158 sunt,
1551 1130 1579 1152 et
1595 1125 1713 1152 maxime

965 1179 972 1194 ι
996 1169 1043 1204 qui
1056 1177 1089 1197 ex
1100 1169 1257 1196 Galatarum
1270 1171 1380 1205 regione
1394 1171 1508 1205 profecti
1523 1176 1604 1203 sunt;
1617 1179 1714 1200 omnes

970 1226 978 1240 ι
1002 1224 1035 1243 ex
1060 1216 1105 1248 iis,
1131 1216 1176 1251 qui
1198 1217 1231 1243 ad
1249 1221 1349 1243 rectam
1365 1217 1398 1244 de
1415 1216 1466 1244 ﬁde
1483 1218 1646 1245 sententiam
1657 1226 1714 1245 «νο-

963 1272 971 1287 ι
997 1263 1055 1289 lunt
1072 1263 1214 1296 accedere,
1231 1266 1260 1290 ut
1271 1262 1381 1290 Graecos
1397 1264 1563 1299 recipimus:
1581 1265 1610 1292 et
1625 1265 1713 1299 printo

968 1321 975 1336 ι
999 1310 1108 1346 quidem
1131 1310 1175 1339 die
1189 1318 1236 1339 eos
1252 1311 1424 1340 Christianos
1441 1312 1567 1345 facitnus,
1592 1313 1714 1341 secundo

968 1366 976 1381 ι
1000 1362 1090 1384 autem
1102 1357 1315 1384 catechumenos
1325 1366 1332 1390 ;
1344 1357 1443 1385 deinde
1452 1358 1532 1385 tertio
1541 1359 1711 1393 adjuramus.

966 1411 975 1428 (
1000 1402 1079 1430 simul
1094 1403 1174 1429 etiam
1187 1408 1228 1430 ter
1241 1403 1266 1429 in
1282 1403 1378 1431 faciem
1393 1408 1419 1431 et
1430 1411 1511 1432 aures
1524 1405 1711 1440 inspirantes;

966 1458 974 1473 ι
996 1452 1023 1475 et
1037 1448 1246 1480 sic'initiamus.
1275 1453 1302 1476 et
1321 1449 1366 1475 diu
1384 1449 1411 1476 in
1430 1449 1546 1477 ecclesia
1563 1450 1665 1478 versari
1685 1455 1713 1478 et

963 1503 971 1517 ι
996 1493 1154 1528 Seripturas
1169 1494 1265 1521 audire
1280 1494 1406 1527 iacimus,
1424 1499 1450 1522 et
1463 1499 1528 1522 tunc
1538 1496 1613 1530 ipsos
1624 1496 1713 1532 bapti-

964 1549 971 1564 ι
995 1547 1102 1567 zamus.
1130 1540 1200 1573 Quin
1215 1541 1298 1568 etiam
1310 1540 1485 1573 Manichacus,
1501 1545 1527 1568 et
1542 1541 1714 1569 Valentinia-

965 1594 974 1610 ι
999 1592 1061 1618 nos,
1086 1589 1113 1613 et
1142 1585 1352 1619 Marcionistas,
1376 1592 1403 1614 et
1429 1587 1532 1615 similes
1558 1588 1713 1616 haereticos.

964 1642 972 1655 I
1000 1631 1175 1660 Nestorianos
1198 1628 1296 1660 autem'
1306 1638 1414 1668 oportet
1437 1634 1542 1661 libellos
1563 1635 1662 1668 facere,
1686 1641 1714 1663 et

964 1689 972 1699 ι
999 1679 1122 1706 haeresim
1139 1686 1216 1706 suam
1241 1680 1482 1714 anatlietnatizare,
1509 1685 1537 1709 et
1557 1680 1712 1709 Nestorium

966 1735 974 1750 ι
999 1730 1026 1753 et
1048 1724 1199 1761 Eutychem
1225 1729 1251 1753 ct
1279 1727 1437 1755 Dioscornm
1464 1733 1491 1756 ct
1515 1729 1658 1764 Severum,
1685 1735 1713 1758 et

967 1782 974 1797 ι
999 1772 1118 1807 reliquos
1140 1773 1234 1799 talium
1274 1773 1413 1801 hmreseon
1441 1775 1591 1811 principes.
1614 1781 1641 1804 et
1664 1778 1711 1812 qui

965 1831 972 1844 I
997 1820 1089 1848 eadem
1108 1827 1169 1847 cuin
1185 1820 1239 1847 illis
1254 1821 1385 1852 sentiunt,
1414 1826 1441 1849 ct
1452 1830 1548 1851 omnes
1566 1825 1712 1858 praedictas

964 1876 971 1891 ι
995 1867 1112 1896 haereses
1126 1876 1132 1895 :
1149 1872 1175 1895 et
1188 1869 1228 1896 sic
1243 1876 1304 1897 esse
1313 1873 1416 1897 sancta:
1431 1871 1633 1899 communionis
1649 1880 1714 1907 par-

961 1923 969 1938 ι
995 1913 1117 1948 ticipes.»

949 2179 1060 2206 .BALS.
1094 2179 1131 2206 De
1156 2179 1207 2205 hoc
1233 2185 1348 2211 canone,
1374 2178 1421 2214 qui
1441 2182 1483 2206 est
1499 2179 1633 2214 septimus
1647 2180 1710 2207 uni-

921 2226 1037 2254 versalis
1056 2225 1183 2253 secunda:
1199 2225 1308 2260 synodi,
1329 2226 1397 2252 satis
1412 2226 1467 2252 illic
1484 2226 1657 2260 scripsimus,
1682 2231 1712 2254 et

923 2279 976 2298 non
994 2274 1102 2306 oportet
1119 2270 1214 2297 eadem
1246 2274 1380 2304 repetere.
1419 2270 1552 2302 Quoniam
1569 2276 1658 2298 autem
1674 2273 1708 2299 ab

922 2317 971 2344 hac
988 2316 1093 2352 synodo
1107 2315 1242 2350 adjectum
1257 2321 1309 2347 est,
1332 2316 1432 2343 debere
1446 2317 1527 2343 etiam
1546 2316 1709 2345 Manichazos

920 2370 947 2391 et
961 2363 1168 2391 Valentinianos
1185 2367 1212 2389 et
1228 2361 1430 2393 Marcionislas.
1441 2367 1469 2390 et
1486 2363 1556 2391 alios
1568 2364 1707 2398 ejusmodi

920 2409 1077 2441 haereticos,
1103 2408 1333 2444 quemadmodum
1353 2408 1536 2436 Ennomianos
1556 2414 1583 2436 et
1604 2410 1708 2437 Monta-

915 2457 1024 2488 nistas,
1053 2455 1205 2490 baptizari;
1234 2453 1412 2482 Nestor-ianos
1444 2457 1534 2482 autem
1563 2462 1619 2483 sua:
1646 2456 1706 2484 ﬁdei

673 2503 767 2534 Guill.
790 2505 952 2543 Beveregii
974 2507 1069 2535 nota}.

78 2554 163 2581 istum
185 2559 316 2579 canonem
337 2551 484 2586 Epistolam
510 2552 599 2585 potius
618 2561 697 2587 quam
723 2555 862 2581 decretum

77 2587 188 2623 aliquod
202 2587 332 2621 synodale
345 2595 422 2623 esse;
442 2587 540 2621 quippe
555 2595 610 2623 quo
626 2589 691 2614 nihil
716 2590 862 2617 consului-

78 2621 134 2658 tur;
159 2623 205 2649 sed
226 2627 330 2658 tantum
355 2622 465 2658 antiqua
486 2621 609 2658 quaedam
635 2625 805 2651 consuetudo
834 2626 860 2651 in

78 2656 212 2685 lueretieis
230 2657 393 2690 recipiendis
412 2656 551 2692 recitatur.
569 2657 761 2692 Conjectltram
778 2667 809 2686 ex
827 2667 860 2686 eo

77 2692 291 2720 verisitniliorem
309 2692 441 2728 iecimus!
451 2691 521 2728 quod
539 2691 632 2728 eadem
646 2695 738 2725 verba,
752 2702 813 2728 qtne
824 2695 860 2721 ibi

76 2733 103 2765 et
115 2729 158 2765 hic
173 2732 349 2765 usurpantur,
363 2729 389 2752 in
400 2726 513 2765 epistola
527 2726 644 2765 quadam
654 2727 687 2754 ad
700 2726 859 2765 nutartyrinm

75 2762 277 2796 Antiocltenuin
309 2761 545 2795 Constantinopoli
577 2762 677 2796 scripta
712 2761 860 2796 habeatur,

75 2805 135 2832 quae
153 2805 185 2824 ex
210 2795 304 2822 Jacobi
320 2796 482 2823 Artnachani
497 2796 545 2822 τοῦ
564 2795 714 2832 μακαρίτου
730 2807 795 2826 mss.
813 2807 862 2826 ex-

75 2831 178 2866 scripta
197 2832 337 2868 uoliiscum
351 2831 563 2868 contniuuicata
583 2831 643 2859 fuit.
665 2832 705 2868 Ad
729 2834 859 2868 majorem

76 2865 156 2895 istius
172 2867 209 2894 rei
230 2865 499 2903 elucidationetn'liic
517 2867 662 2895 observare
682 2865 779 2899 liceat;
789 2869 860 2903 quod

77 2907 141 2930 tunc
165 2909 208 2929 me
232 2901 323 2934 latuit,
348 2902 416 2928 hanc
442 2901 527 2936 ipsam
553 2903 696 2935 epistolam
720 2910 735 2930 a
758 2901 863 2932 Joanne

217 2948 349 2978 PATROL.
374 2948 433 2979 Gn.
458 2946 641 2979 CXXXVII.

917 2554 1081 2582 Lannclavio
1108 2553 1133 2579 in
1156 2552 1231 2579 luris
1255 2551 1477 2579 Greece-Romani
1503 2551 1572 2579 libro
1606 2556 1705 2585 quarto

917 2598 976 2625 pug.
996 2588 1060 2620 290,
1087 2588 1150 2625 291ἓ
1167 2588 1266 2625 editam
1287 2595 1358 2625 esse,
1380 2587 1502 2625 _ex_al_io,
1519 2586 1612 2625 nescio
1639 2593 1703 2619 τιυῦι

916 2621 969 2652 ius.
985 2625 1079 2652 codice
1096 2633 1103 2650 :
1118 2623 1186 2650 adeo
1202 2627 1230 2649 ut
1244 2622 1276 2650 de
1289 2622 1411 2657 epistolae
1425 2622 1503 2649 i5tins
1519 2621 1632 2657 veritate
1643 2629 1704 2648 cer-

916 2662 999 2687 tiores
1022 2659 1129 2686 ﬁamus.
1147 2658 1179 2685 Et
1201 2657 1309 2693 quidem
1326 2665 1387 2691 qua:
1402 2657 1435 2693 in_
1456 2656 1581 2690 praesenti
1600 2663 1706 2693 canone

914 2695 1102 2726 Continentur,
1119 2701 1151 2721 ex
1173 2691 1218 2720 illa
1243 2692 1356 2727 epistola
1382 2691 1471 2727 potius
1494 2697 1575 2727 quam
1598 2697 1630 2716 ex
1656 2691 1705 2717 de-

915 2735 991 2758 creto
1010 2729 1101 2764 aliquo
1118 2728 1215 2764 synodi
1236 2725 1546 2761 constantinppolitanm
1558 2725 1703 2760 desumpta

919 2765 1055 2792 videntur.

1077 2797 1350 2836 tobg_Mar-tz¢z_iavc
1428 2795 1476 2836 llic
1486 2796 1625 2836 incipiunt
1643 2804 1704 2836 qua:

916 2831 1035 2870 praesens
1061 2834 1207 2870 concilium
1224 2833 1257 2859 de
1280 2832 1415 2870 haereticis
1438 2832 1464 2858 in
1486 2831 1634 2859 Ecclesiam
1654 2832 1705 2870 Ca-

917 2867 1045 2897 ihnlicatn
1063 2868 1226 2903 recipiendis
1248 2867 1410 2901 constituit;
1432 2871 1529 2901 printer
1548 2875 1580 2894 ea
1597 2876 1657 2902 qum
1679 2869 1704 2895 in

913 2905 1030 2940 epistola
1046 2905 1172 2938 Superius
1186 2906 1398 2931 commemorata
1410 2903 1599 2930 continentur.

1489 2951 1529 2980 2'1
