1933 3112
84 193 137 227 857

599 195 640 226 ΙΝ
660 195 745 226 CAN.
760 195 853 225 XClX
866 194 970 227 CONC.
991 195 1031 226 lN
1055 195 1219 228 TRULLO.

1331 23 1342 28 -
1371 18 1462 33 "-17

1651 197 1705 229 858

83 249 129 277 τον
143 249 198 284 τὴν
214 247 263 276 τοῦ
286 247 383 284 ἐτέρου
397 249 523 285 μνηστὴν
542 250 582 280 εἰς
601 251 691 286 γάμον
707 251 841 286 ἀγόμενον

919 250 1001 285 277
1015 250 1177 284 subjiciunt.
1191 251 1321 279 Nonnulli
1335 254 1425 279 autem
1436 259 1451 278 e
1461 250 1550 279 doctis
1564 251 1709 285 nimirum,

83 297 156 327 τινες
179 295 209 322 δὲ
232 295 288 322 τῶν
312 294 412 330 λογίων
438 295 518 331 δῆθεν
544 297 594 332 τῆς
619 298 748 332 τοιαύτης
776 299 871 334 ὲνοχῆς

81 342 240 377 σΰμεθόδως
263 341 346 369 αὐτὸν
370 342 574 370 ἀπαλλάττουσι
589 351 596 359 ι
616 343 724 378 λέγουσι
747 345 801 380 γὰρ
821 345 869 378 ὡς,

84 389 132 414 ἐὰν
146 388 199 422 πρὸ
211 387 261 415 τοῦ
276 388 367 423 γάμου
385 388 550 415 συνέλθωσιν
563 389 577 416 ὃ
591 398 621 415 τε
637 390 762 426 μνηστὴρ
785 391 832 418 καὶ
852 392 869 427 ή

87 433 204 468 μνηστὴ,
226 434 273 460 καὶ
297 433 399 460 τέκωσι
425 435 526 466 παῖδα,
547 435 662 469 φυσικὸν
691 435 760 464 εἶναι
774 437 869 464 τοῦτον

84 478 131 504 καὶ
151 478 314 512 πορνογενῆ,
334 478 391 510 ἐνὸς
407 478 462 505 τῶν
479 480 643 515 μνηστήρων
658 480 869 515 τελευτήσαντας

84 522 137 555 πρὸ
149 523 196 548 τοῦ
213 522 316 557 γάμου.
341 522 438 558 Ἡμεῖς
454 523 482 550 δέ
497 533 589 558 φαμεν
606 526 648 552 ὅτι
672 526 720 552 καὶ
741 527 794 562 πρὸ
819 527 868 562 τῆς

80 568 192 604 Νεαρᾶς
205 569 252 595 τοῦ
270 568 402 604 βασιλέως
414 571 498 606 κυροῦ
515 571 634 604 Ἀλεξίου
648 574 695 600 τοῦ
709 574 867 608 Κομνηνοῦ,

80 613 130 647 τῆς
156 613 327 650 ἑξισωσάσης
365 615 413 652 τὴν
441 617 591 652 μνηστείαν
619 619 690 646 κατὰ
713 620 803 647 πάντα
827 620 866 655 τῷ

79 658 176 693 γάμὼ,
194 661 252 691 τοῖς
280 661 436 696 μνηστῆρσι
452 664 561 697 γαμικά
573 664 635 690 κατ’
649 664 774 700 ἀλλήλων
790 666 867 702 παρὰ

76 703 133 730 τῶν
160 704 250 739 νόμων
273 705 408 740 ἐδόθησαν
433 706 538 734 δίκαια.
555 708 593 734 Ἦ
611 717 641 735 τε
668 709 723 745 γὰρ
747 711 865 746 μνηστὴ,

77 749 133 784 πρὸ
143 749 202 794 τῶν
216 751 314 785 γάμων
325 751 462 788 λυομένης
475 754 525 788 τῆς
539 755 689 790 μνηστείας
703 776 712 788 ,
728 756 779 791 τὴν
800 758 865 793 περὶ

76 795 197 830 προικὸς
210 797 323 833 ἀγωγήν
337 798 422 825 ἐκίνει
441 799 522 835 χάριν
534 800 583 835 τῆς
598 801 724 837 δοθείσης
742 803 781 836 τῷ
798 811 865 838 μνη-

75 842 159 876 στῆρι
176 843 302 877 προικὸς,
319 844 390 871 κατὰ
407 845 436 871 τὺ
449 845 576 879 δεύτερον
589 846 660 882 θέμα
675 847 721 874 τοῦ
745 849 778 880 ιζ’
799 857 862 883 κεφ.

72 887 124 913 τοῦ
151 888 173 920 ζ’
199 887 288 915 τίτλου
313 889 360 916 τοῦ
384 890 406 916 θ’
429 889 545 925 βιϐλίου,
574 891 654 926 λέγον
669 900 677 908 ·
700 893 732 919 Ἦ
757 894 863 930 μνηστὴ

73 932 188 960 διδοῦσα
204 935 317 969 προῖκα,
345 936 368 962 εί
385 936 423 971 μὴ
446 937 571 973 γαμηθῇ,
591 934 646 974 ἔχει
660 939 699 974 ιτὺ
718 940 768 974 τῆς
784 949 862 976 προι-

72 978 124 1010 κὸς
139 980 307 1014 προνόμιον·
334 981 381 1008 καὶ
409 983 479 1009 κατὰ
507 983 538 1009 τὸ
562 983 598 1010 οδ¹
620 993 683 1020 κεφ.
698 985 744 1012 τοῦ
774 985 798 1012 α’
818 987 860 1013 τί-

71 1025 138 1052 τλου
157 1026 204 1053 τοῦ
229 1026 271 1053 κθ¹
289 1027 405 1062 βιϐλίου,
431 1029 511 1063 λέγον
530 1039 537 1046 ·
564 1030 596 1057 Ἦ
623 1033 728 1067 μνηστὴ
744 1041 862 1068 παρεχο-

73 1073 145 1107 μένη
165 1074 266 1108 προῖκα
284 1074 331 1100 καὶ
350 1074 388 1111 μὴ
408 1076 575 1111 γαμηθεῖσα,
596 1078 643 1104 καὶ
666 1079 682 1113 ἠ
699 1079 861 1113 ἥττωντῶν

72 1117 109 1152 ιβ’
137 1118 215 1150 ἑτῶν,
247 1119 395 1154 προνόμιον
428 1120 485 1155 ἔχει
516 1121 695 1157 ἀπαιτήσεως
719 1124 792 1150 κατὰ
818 1124 862 1159 μί-

71 1170 160 1198 μησιν
173 1163 223 1197 τῆς
238 1164 363 1199 προικός.
376 1164 412 1191 Τὸ
426 1165 454 1192 δὲ
469 1166 615 1201 προνόμιον
628 1168 657 1194 ὲν
673 1169 732 1199 ταῖς
752 1177 861 1203 προσω-

69 1209 170 1240 πικαῑς
181 1209 305 1243 ἀγωγαῖς
320 1209 415 1245 χώραν
427 1211 482 1246 ἔχει
499 1219 506 1227 ·
524 1212 571 1238 καὶ
588 1213 713 1248 μνηστήρ
726 1233 733 1245 ,
746 1215 817 1240 κατά
829 1223 860 1241 τε

67 1253 118 1280 τὸν
135 1255 255 1289 παρόντα
274 1257 373 1282 κανόνα
393 1258 440 1283 καὶ
465 1257 534 1284 κατὰ
559 1258 589 1285 τὸ
610 1262 634 1292 η’
656 1267 719 1294 κεφ.
744 1259 792 1286 τοῦ
818 1263 858 1295 νη’

68 1299 161 1327 τίτλον
186 1301 234 1327 τοῦ
264 1301 284 1333 ξ’
307 1302 430 1336 βιῦλίου,
456 1305 502 1330 καὶ
525 1305 596 1331 κατὰ
620 1306 650 1331 τὸ
676 1305 698 1339 γ’
723 1305 792 1340 θέμα
811 1306 857 1333 τοῦ

69 1344 106 1379 ιβ’
129 1353 192 1378 κεφ.
217 1347 264 1373 τοῦ
289 1346 308 1379 ξ’
333 1347 422 1374 τίτλου
443 1349 489 1375 τοῦ
515 1349 537 1380 ζ’
558 1349 672 1385 βιόλιου,
699 1351 797 1386 δικαίῳ
809 1351 857 1377 ἁν-

67 1391 135 1426 δρδς
148 1391 233 1419 ὲκίνει
246 1398 277 1418 τίη
291 1393 416 1428 μοιχικὸν
431 1395 502 1421 κατά
514 1403 543 1422 τε
559 1397 608 1430 τῆς
632 1397 754 1430 μνηστῆς
772 1397 858 1432 ἑτέρῳ

68 1436 282 1473 συμφθαρείσής
305 1439 358 1474 πρὸ
373 1440 419 1467 τοῦ
439 1440 530 1475 γάμου
546 1442 594 1468 καὶ
610 1442 680 1469 κατὰ
694 1442 741 1469 τοῦ
755 1442 857 1478 ταύτην

68 1483 276 1517 μοιχεύσαντος,
302 1486 338 1523 Ei,
361 1486 426 1520 γοῦν
456 1487 509 1522 πρὸ
535 1489 584 1523 τῆς
613 1488 722 1523 Νεαρᾶς
744 1488 856 1515 τοιαῦτα

64 1527 161 1555 δίκαια
185 1527 258 1565 εἶχον
282 1532 343 1559 κατ’
362 1532 484 1567 ἀλλήλων
508 1535 533 1560 οῑ
564 1535 740 1570 μνηστῆρες,
767 1534 856 1570 πολλῷ

65 1574 151 1628 πλέον
163 1575 208 1628 δια
218 1577 267 1612 τὴν
278 1577 399 1613 Νεαρὲν,
413 1579 462 1613 τὴν
478 1579 668 1615 διοριζομένην
686 1581 856 1615 ἰσοδυναμεῖν
871 1598 892 1628 c

65 1621 141 1648 κατὰ
158 1622 247 1649 πάντα
263 1624 313 1657 τὴν
329 1626 479 1658 μνηστείαν
503 1625 543 1660 τῷ
564 1626 646 1661 γάμῳ
665 1626 709 1653 διὰ
732 1627 782 1660 τὴν
799 1626 854 1652 τῶν

63 1666 154 1700 ἁγίων
170 1669 216 1694 καὶ
235 1668 313 1695 θείων
328 1670 416 1705 εὐχῶν
431 1671 544 1706 τελετήν
559 1679 566 1687 ·
584 1672 624 1698 διὸ
645 1671 692 1698 καὶ
716 1672 852 1706 ὁμόζυγος

62 1712 78 1737 ὁ
98 1716 223 1749 μνηστὴρ
236 1715 402 1750 κληθήσεται
418 1717 468 1751 τῆς
483 1717 551 1749 ιδίας
568 1719 688 1753 μνηστῆς
705 1726 712 1734 ·
729 1719 776 1744 καὶ
789 1718 802 1744 ὁ
819 1718 849 1750 ἐξ

923 296 1080 324 istiusmodi
1092 297 1262 332 obligatione
1274 298 1501 325 eumartiticinse
1517 298 1647 326 liberant.
1664 298 1707 324 lti-

922 347 988 371 cunt
999 343 1083 375 enim,
1097 344 1171 378 quod
1187 344 1210 371 si
1223 348 1287 371 ante
1302 344 1414 378 nuptias
1432 351 1551 378 sponsus
1566 349 1593 371 ct
1606 352 1708 378 sponsa

922 388 1100 420 conveniant,
1125 393 1151 417 et
1175 388 1261 416 lilium
1290 389 1507 424 proci-caverint,
1528 389 1653 415 naturale
1684 389 1710 416 id

921 441 983 462 esse
997 439 1152 468 peccatum,
1175 439 1203 462 et
1222 435 1415 462 fornicationis
1429 434 1549 469 speciem
1571 443 1578 461 :
1598 434 1621 461 si
1639 442 1710 461 unus

920 489 935 509 e
958 481 1104 516 desponsis
1128 485 1192 509 ante
1223 483 1335 516 nuptias
1362 481 1506 508 moriatur.
1539 479 1595 508 Nos
1615 485 1706 507 autem

920 528 1055 558 dicimus,
1085 527 1157 561 quod
1192 529 1273 554 etiam
1304 531 1368 554 ante
1405 526 1581 561 imperatoris
1603 526 1709 554 domini

919 573 1006 601 Alcxii
1021 573 1153 602 Comueni
1171 572 1312 601 Novellam
1324 595 1331 606 ,
1347 581 1407 608 qua:
1420 573 1594 600 matrimonio
1612 573 1710 600 inom-

919 619 1001 647 nibus
1015 619 1155 654 spettsaiia
1166 619 1356 654 acquiparavit,
1372 617 1482 653 sponsis
1493 617 1706 644 matrimonialia

917 665 945 692 in
974 672 1004 692 se
1033 665 1157 692 invicem
1183 665 1246 699 jura
1280 672 1295 691 a
1324 664 1430 700 legibus
1463 670 1596 691 concessa
1634 667 1709 690 sunt.

921 710 1028 746 Sponsa
1046 711 1131 742 enim,
1149 710 1172 738 si
1187 710 1326 745 sponsalia
1344 714 1407 737 ante
1425 710 1537 744 nuptias
1552 709 1707 736 dissolvan-

917 761 974 789 tur,
1001 756 1036 784 de
1064 756 1128 783 dote
1155 756 1291 783 actionem
1313 759 1406 783 movet
1428 756 1464 782 ob
1491 755 1582 782 datam
1605 761 1709 789 sponso

916 803 1006 830 dotem
1021 821 1029 835 ,
1056 802 1136 835 juxta
1163 801 1317 830 secundum
1339 801 1430 828 thema
1456 808 1518 835 cap.
1541 801 1593 832 17,
1619 800 1662 826 tit.
1682 799 1708 832 7,

916 848 964 875 lib.
982 855 1026 880 ix,
1050 847 1166 875 dicens:
1192 847 1290 875 Mulier
1308 846 1399 874 dotem
1417 847 1496 878 dans,
1515 847 1538 875 si
1556 851 1640 880 nupta
1654 853 1708 872 non

916 893 1007 926 fuerit,
1025 893 1098 921 dotis
1114 894 1286 929 privilegium
1308 893 1399 921 habet.
1424 893 1457 920 Et
1482 893 1561 928 juxta
1576 900 1637 926 cap.
1657 891 1703 924 Η,

915 940 958 967 tit.
971 939 997 971 1,
1017 940 1065 967 lib.
1081 948 1158 973 χχιι,
1171 940 1287 968 dicens:
1305 939 1426 975 Sponsa,
1443 946 1504 973 quae
1518 939 1608 966 dotem
1620 937 1706 970 dedit,

914 991 941 1013 et
963 993 1016 1012 non
1035 987 1137 1021 nupsit,
1153 989 1181 1014 et
1197 994 1258 1021 quae
1273 987 1363 1013 minor
1375 990 1417 1013 est
1442 985 1588 1013 duodecim
1614 985 1706 1017 annis,

914 1033 1087 1069 privilegium
1109 1032 1252 1068 repetendi
1273 1033 1357 1060 habet
1372 1033 1524 1060 secundum
1543 1032 1616 1059 dotis
1628 1031 1707 1058 simi-

915 1077 1069 1105 litudinem.
1089 1077 1263 1112 Pririlegiutn
1285 1082 1376 1103 autem
1393 1077 1421 1103 in
1440 1076 1596 1103 actionibus
1612 1082 1706 1110 perso-

913 1123 1021 1151 nalibus
1036 1123 1127 1151 locum
1144 1122 1238 1150 habet.
1256 1122 1288 1149 Et
1302 1130 1434 1156 sponsus,
1450 1122 1529 1156 juxta
1545 1127 1704 1156 prtesentem

914 1175 1057 1201 canonem,
1071 1172 1098 1196 et
1130 1175 1191 1203 cap.
1212 1168 1239 1201 8,
1255 1168 1296 1195 tit.
1317 1167 1363 1200 58,
1381 1167 1429 1195 lib.
1444 1176 1491 1199 ιχ,
1511 1173 1538 1195 et
1555 1168 1647 1194 thema
1674 1169 1702 1199 5,

913 1221 974 1249 cap.
986 1214 1031 1248 η,
1042 1215 1083 1241 tit.
1095 1214 1121 1247 7,
1132 1215 1180 1242 lib.
1192 1216 1307 1250 1.x,jure
1317 1213 1379 1245 viri,
1395 1219 1450 1241 tam
1463 1218 1558 1241 contra
1573 1221 1701 1248 sponsam

912 1260 946 1287 ab
963 1261 1016 1287 alio
1031 1265 1095 1287 ante
1115 1261 1224 1295 nuptias
1239 1264 1408 1294 corruptam.
1422 1267 1503 1294 quam
1523 1264 1619 1286 contra
1640 1268 1701 1287 eum

913 1305 1033 1340 quicum
1048 1312 1080 1333 ea
1107 1305 1271 1332 adulterium
1295 1305 1444 1336 commisit,
1461 1304 1588 1331 adulterii
1615 1304 1700 1331 actio-

911 1357 973 1377 ncm
989 1350 1121 1377 movebat.
1140 1349 1168 1377 Si
1182 1350 1275 1384 sponsi
1293 1350 1383 1384 itaque
1399 1354 1462 1376 ante
1483 1349 1622 1379 Novellum
1647 1349 1698 1375 hn-

909 1394 1029 1430 jusmodi
1041 1395 1068 1422 in
1084 1403 1113 1423 se
1129 1396 1245 1422 invicem
1261 1395 1322 1430 jura
1344 1396 1511 1428 habuerant,
1533 1395 1620 1422 multo
1641 1403 1701 1422 ma-

913 1441 955 1476 gis
971 1449 1020 1476 per
1035 1442 1183 1475 novellam,
1200 1450 1261 1477 qua:
1282 1442 1422 1478 sponsalia
1442 1442 1546 1477 nuptiis
1561 1442 1596 1468 ob
1608 1449 1700 1468 sacra-

911 1494 983 1519 rum,
999 1486 1152 1515 divinarum
1165 1495 1276 1522 precum
1297 1488 1509 1516 celebrationem
1527 1487 1554 1514 in
1570 1487 1700 1514 omnibus

909 1531 1074 1567 :equivalere
1096 1533 1202 1560 statuit.
1220 1532 1393 1568 Quapropter
1416 1533 1498 1560 etiam
1516 1532 1615 1567 conjux
1644 1539 1699 1559 sua:

910 1586 1017 1614 sponsa:
1044 1579 1226 1613 appellabitur
1247 1587 1384 1614 sponsus;
1415 1584 1444 1607 et
1469 1579 1516 1615 qui
1534 1587 1566 1606 ex
1585 1579 1619 1606 iis
1635 1585 1700 1613 pro-

910 1627 1030 1655 creatur,
1051 1623 1192 1658 legitimns
1208 1630 1303 1650 eorum
1331 1623 1383 1650 erit
1406 1623 1477 1650 [ilius
1501 1627 1528 1650 et
1549 1623 1646 1654 haeres,
1673 1627 1699 1649 et

909 1670 978 1704 patri
996 1669 1049 1697 erit
1068 1670 1119 1697 sub
1140 1674 1284 1704 potestate,
1308 1670 1383 1697 nullo
1410 1670 1492 1697 modo
1520 1669 1672 1704 impeditus
1688 1687 1697 1701 ν

907 1716 978 1750 quod
1000 1716 1100 1750 nuptiae
1119 1723 1173 1742 non
1189 1716 1331 1744 celebrata:
1344 1720 1419 1744 sunt.

61 1761 156 1788 αὐτῶν
170 1764 309 1798 γεννηθεὶς
322 1765 432 1799 γνήσιος
447 1765 536 1792 αὐτῶν
551 1766 627 1793 ἐσται
646 1767 710 1797 παῖς
725 1768 772 1793 καὶ
792 1764 970 1800 κληρονόμος,
993 1764 1039 1790 καὶ
1061 1764 1220 1797 ὑπεεούσιος
1237 1763 1275 1799 τῷ
1291 1764 1376 1799 πατρὶ
1395 1765 1427 1791 ἐκ
1445 1763 1492 1791 τοῦ
1515 1764 1552 1799 μὴ
1570 1763 1697 1790 γενέσθαι

59 1811 110 1838 τὸν
125 1811 223 1846 γάμον,
233 1813 303 1838 κατὰ
316 1813 428 1847 μηδένα,
443 1813 521 1848 λόγον
533 1815 757 1850 ἐμποδιζόμενος.

102 1857 224 1884 ΖΩΝΑΡ,
251 1857 308 1883 Νῦν
335 1858 385 1892 μὲν
402 1859 418 1893 ἡ
437 1860 568 1893 ἰνηστεία
590 1860 672 1895 γάμῳ
699 1860 857 1894 ἰσοδυναμεῖ

59 1904 96 1930 ἐκ
111 1904 220 1938 Νεαρᾶς
233 1902 279 1929 τοῦ
296 1903 429 1937 βασιλέως
445 1904 537 1939 Κυροῦ
549 1905 668 1938 Ἀλεξίου
684 1905 731 1937 τοῦ
747 1906 856 1940 Κομνη-

59 1950 124 1981 νοῦ,
143 1950 190 1976 καὶ
206 1949 286 1976 πάλιν
301 1949 339 1979 δὲ,
356 1950 417 1976 ἐπεὶ
431 1950 537 1986 φίλημα
558 1951 613 1978 τῶν
628 1950 854 1986 μνηστευομένων

58 1995 112 2022 ἐπὶ
127 1996 160 2030 τῇ
180 1995 312 2030 μνηστείᾳ
336 1996 442 2029 ἐγίνετο
455 2017 462 2028 ,
480 1999 527 2022 καὶ
543 1996 673 2032 ἀρῤαὸὼν
688 1998 720 2032 τῇ
742 1997 853 2031 γυναικὶ

58 2041 214 2076 παρείχετο
235 2042 313 2076 παρὰ
338 2040 385 2068 τοῦ
413 2041 523 2077 ἀνδρὸς,
546 2043 661 2074 εἰκότως
679 2044 728 2070 καὶ
755 2044 815 2070 τότε
838 2043 853 2070 ὁ

58 2088 166 2120 ζῶντος
183 2087 230 2113 τοῦ
249 2088 401 2122 μνήστορος
417 2087 468 2123 τὴν
487 2089 611 2124 μνηστὴν
629 2090 670 2121 εἰς
685 2090 774 2124 γάμον
789 2090 854 2124 ἀγό-

59 2141 146 2168 μενος
160 2132 197 2167 τῷ
208 2132 260 2167 τῆς
276 2134 399 2168 μοιχείας
417 2134 573 2170 ἐγκλήματι
588 2135 738 2162 καθίστατο
748 2135 851 2171 ἔνοχος·

58 2179 114 2206 κᾶν
129 2179 194 2213 ἐξῆν
206 2180 268 2206 τότε
284 2179 361 2206 λύειν
386 2180 436 2215 τὴν
453 2181 602 2216 μνηστείαν
624 2182 674 2215 τῆς
692 2182 787 2217 ποινῆς
803 2183 850 2208 τοῦ

57 2224 216 2260 προστίμου
234 2225 436 2261 παρεχομένης.
471 2225 541 2252 Ἀλλ’
559 2227 594 2259 εἰ,
613 2227 696 2262 μήπω
710 2228 760 2262 τῆς
781 2235 850 2262 μνη-

58 2268 153 2299 στείας
169 2268 317 2304 λυθείσης,
336 2271 442 2305 μνηστὴ
462 2267 497 2306 ἦν
517 2271 534 2306 ή
558 2271 626 2307 γυνὴ
643 2272 815 2309 ἑτέρουλκαὶ
834 2274 848 2300 ὁ

54 2314 162 2348 ταύτην
185 2314 275 2341 λαϐὼν
300 2315 393 2350 μοιχὸς
424 2317 538 2348 εἰκότως
560 2317 693 2351 ἐκρίνετο.
709 2319 796 2345 Ὅπου
819 2319 847 2346 δὲ

53 2360 120 2388 οὔτε
134 2361 241 2396 φίλημα
254 2360 315 2388 οὔτε
328 2362 401 2394 δόσις
416 2363 577 2398 ἀῤῥαῦῶνος
590 2365 847 2401 παρηκολούθησεν,

57 2408 97 2439 ὡς
111 2406 159 2433 νῦν
177 2407 283 2441 γίνεται
299 2409 345 2434 ἐπὶ
359 2408 414 2435 τῶν
429 2409 584 2443 λεγομένων
597 2410 714 2446 δεσμῶν,
724 2412 775 2439 κᾶν
788 2413 847 2440 ἓτε-

56 2461 105 2488 ρος
119 2452 190 2488 λάϐῃ
201 2453 250 2488 τὴν
275 2455 411 2487 γυναῖκα,
438 2455 488 2490 οὐχ
516 2455 696 2484 ὑποπεσεῖται
724 2458 764 2493 τῷ
796 2460 847 2495 τῆς

55 2498 184 2532 μοιχείας
206 2499 291 2534 ἐγκλή
297 2508 372 2535 ματι.

52 2543 168 2571 ΔΡΙΣΤ.
200 2553 209 2570 ι
229 2545 331 2581 Μοιχὸς
348 2547 423 2573 ἐστιν
438 2548 451 2574 ὁ
462 2549 511 2583 τὴν
523 2548 610 2584 ἑτέρῳ
625 2551 846 2586 μνηστευθεϊσαν

304 2593 447 2627 ἀγόμενος.
455 2603 464 2619 ι
480 2595 596 2629 Σαφής.

354 2639 473 2666 ΚΔΝΩΝ
491 2640 548 2674 ψ’.

55 2691 66 2709 ι
92 2683 149 2709 Καὶ
172 2683 253 2710 τοῦτο
277 2683 305 2710 δὲ
327 2684 358 2710 ὲν
383 2686 416 2720 τῇ
439 2685 592 2722 Ἀρμενίων
613 2689 692 2727 χώρᾳ
718 2691 844 2725 γίνεσθαι

94 2738 103 2754 ι
127 2729 342 2765 μεμαθήκαμεν,
368 2730 406 2762 ὦς
429 2739 513 2766 τινες,
542 2733 617 2762 ἔνδον
637 2737 666 2763 ὲν
680 2738 736 2768 τοῖς
759 2738 844 2773 ίεροῖς

90 2783 100 2799 ι
127 2773 335 2811 θυσιαστηρίοις
353 2777 421 2812 μέλη
438 2779 527 2812 κρεῶν
541 2780 652 2814 ἕψοντες
664 2803 671 2814 ,
688 2784 839 2818 προσάγου-

91 2829 101 2844 ι
128 2829 172 2847 σιν
189 2822 372 2857 ἀφαιρὲματα
385 2825 442 2855 τοῖς
454 2824 588 2859 ἱερεῦσιν,
603 2826 756 2861 Ἰουδαϊκῶς
775 2831 838 2856 ἀπο-

92 2875 102 2890 ι
126 2866 254 2901 νέμοντες
270 2875 277 2882 ·
294 2867 354 2893 ὅθεν
368 2868 397 2894 τὸ
414 2869 463 2903 τῆς
481 2870 647 2908 Ἐκκλησίας
659 2873 839 2907 φυλάττοντες

90 2920 99 2937 ι
124 2911 300 2947 ἀκηλίδωτον,
312 2912 438 2949 ὁρίζομεν
453 2915 489 2950 μὴ
503 2915 602 2950 ἐξεῖναί
617 2926 669 2945 τινι
681 2919 735 2947 τῶν
745 2920 839 2955 ἱερέων

944 1856 1071 1883 ZONAR.
1102 1856 1258 1891 Sponsalia,
1286 1858 1337 1885 hoc
1363 1858 1474 1891 quidem
1501 1861 1636 1892 tempore,
1662 1866 1694 1885 ex

906 1903 1081 1938 imperatoris
1100 1904 1185 1930 Alcxii
1202 1904 1334 1931 Comncni
1349 1904 1471 1938 Novella,
1487 1905 1610 1939 ejusdem
1629 1910 1695 1932 sunt

904 1957 967 1976 cum
985 1949 1090 1984 nuptiis
1108 1950 1264 1983 potestatis.
1291 1949 1324 1977 Et
1349 1951 1414 1977 olim
1433 1951 1545 1985 quidem
1563 1952 1692 1985 quoniam

902 1994 1026 2023 osculum
1043 2003 1058 2022 a
1077 1995 1134 2023 viro
1150 1995 1176 2022 in
1189 1995 1364 2029 sponsalibus
1379 2003 1441 2023 cum
1460 1996 1615 2024 arrhabone
1632 2004 1694 2023 mu-

901 2041 962 2069 lieri
990 2042 1136 2076 pmbitum
1162 2046 1245 2073 esset,
1259 2041 1322 2076 jure
1347 2042 1439 2074 tiebat,
1460 2045 1490 2069 ut
1507 2042 1554 2076 qui
1572 2042 1632 2069 viro
1648 2050 1693 2069 suc

901 2087 1016 2122 perstite
1028 2095 1160 2122 sponsam
1176 2087 1313 2120 duxisset,
1329 2087 1455 2115 adulterii
1471 2095 1534 2115 reus
1545 2093 1691 2123 ageretur;

899 2140 932 2160 ac
948 2136 1006 2160 tum
1034 2133 1175 2168 sponsalia
1195 2133 1364 2165 rescindere,
1390 2138 1418 2160 et
1442 2134 1557 2161 multam
1574 2142 1607 2161 ex
1624 2141 1692 2160 cnn-

899 2177 974 2205 dicto
1000 2178 1164 2213 praeﬁnitam
1183 2178 1293 2213 exigere
1312 2178 1422 2205 licebat.
1440 2179 1474 2204 At
1499 2178 1534 2208 si.
1551 2178 1690 2214 sponsali-

897 2223 949 2251 bus
964 2224 1085 2251 ttondqu
1097 2223 1250 2256 dissolutis,
1271 2223 1370 2251 mulier
1380 2224 1494 2251 alterius
1503 2229 1563 2251 erat
1578 2231 1690 2258 sponsa,

900 2273 927 2296 et
945 2269 991 2304 qui
1007 2277 1066 2297 eam
1079 2270 1208 2301 ducebat,
1224 2270 1401 2304 adulterjure
1414 2270 1601 2305 jndicabatur.
1611 2270 1689 2303 Quod

900 2315 923 2342 si
942 2322 993 2342 nec
1008 2315 1133 2342 osculum
1153 2323 1203 2342 nec
1219 2315 1322 2350 aliquid
1341 2316 1505 2343 art-habenis
1519 2316 1631 2343 nomine
1647 2316 1690 2344 in-

900 2361 1083 2394 tercessisset,
1104 2366 1133 2388 ut
1149 2361 1176 2388 in
1193 2361 1237 2394 iis,
1255 2369 1316 2396 qua:
1342 2362 1472 2389 dicuntur
1490 2362 1610 2395 vincula,
1639 2362 1689 2388 hoc

899 2411 1022 2442 tempore
1037 2407 1094 2434 lieri
1115 2407 1276 2440 consuevit;
1294 2412 1371 2439 tunc,
1388 2408 1440 2436 etsi
1467 2408 1609 2436 mulierem
1634 2408 1689 2435 sibi

899 2452 970 2479 alter
1002 2452 1173 2486 adjutuerit,
1216 2453 1344 2480 adulterii
1376 2454 1557 2482 nihilominus
1590 2454 1687 2482 crimi-

897 2497 941 2525 nis
962 2497 1093 2524 iutmunis
1107 2497 1322 2525 existimabitur.

896 2542 1011 2570 ARIST.
1031 2552 1040 2569 ι
1052 2543 1166 2571 Adulter
1182 2547 1224 2571 est
1239 2543 1286 2578 qui
1302 2543 1380 2571 alteri
1395 2545 1558 2580 desponsam
1573 2545 1660 2572 ducit.
1672 2553 1682 2572 ι

1204 2589 1378 2624 Ρενδρὶι-ιιιιε.

1171 2634 1287 2662 CANON
1316 2635 1409 2664 XCIX.

900 2690 909 2706 ι
927 2681 1014 2708 Porro
1030 2681 1081 2709 hoc
1100 2689 1211 2717 quoque
1229 2682 1256 2709 in
1283 2683 1477 2710 Armeniorum
1494 2682 1606 2717 regione
1623 2682 1681 2709 ﬁeri

935 2737 944 2753 (
959 2728 1118 2761 didicimus,
1135 2729 1208 2764 quod
1223 2728 1334 2764 quidam
1353 2728 1428 2756 intus
1440 2729 1467 2755 in
1483 2729 1569 2756 sacris
1585 2729 1682 2756 altari-

934 2782 943 2798 ι
962 2773 1014 2801 bus
1042 2774 1166 2801 carnittm
1187 2773 1308 2801 membra
1334 2777 1484 2807 coquentes
1502 2773 1588 2801 frusta
1613 2774 1681 2801 offe-

932 2828 941 2842 ι
961 2823 1025 2846 runt
1042 2819 1233 2847 sacerdotibus
1246 2817 1358 2845 .ludaice
1376 2818 1585 2847 distribuentcs.
1603 2820 1679 2853 Quo-

933 2865 1031 2892 ucirca
1080 2864 1231 2891 Ecclesium
1277 2863 1480 2891 immaculatam
1523 2872 1678 2900 servantes,

932 2919 940 2935 ι
957 2910 1116 2944 statuimus,
1132 2909 1199 2938 uulli
1216 2909 1300 2937 licere
1324 2911 1458 2938 sacerdoti
1473 2917 1598 2947 separata
1615 2922 1676 2941 car—
