  <div class='ocr_page' id='page_1' title='image "/cluster/home/n/w/nwhite01/storage/ocr_20150623/137/njp.32101077773115/476.png"; bbox 0 0 1933 3112; ppageno 0'>
   <div class='ocr_carea' id='block_1_1' title="bbox 112 214 161 247">
    <p class='ocr_par' dir='ltr' id='par_1_1' title="bbox 112 214 161 247">
     <span class='ocr_line' id='line_1_1' title="bbox 112 214 161 247; baseline 0 -1"><span class='ocrx_word' id='word_1_1' title='bbox 112 214 161 247; x_wconf 73' lang='grc'><strong>865</strong></span> 
     </span>
    </p>
   </div>
   <div class='ocr_carea' id='block_1_2' title="bbox 662 200 1242 236">
    <p class='ocr_par' dir='ltr' id='par_1_2' title="bbox 662 200 1242 236">
     <span class='ocr_line' id='line_1_2' title="bbox 662 200 1242 236; baseline -0.005 0"><span class='ocrx_word' id='word_1_2' title='bbox 662 206 702 236; x_wconf 88' lang='lat' dir='ltr'><strong>1N</strong></span> <span class='ocrx_word' id='word_1_3' title='bbox 723 205 808 236; x_wconf 78' lang='lat' dir='ltr'><strong>CAN.</strong></span> <span class='ocrx_word' id='word_1_4' title='bbox 830 205 865 235; x_wconf 86' lang='lat' dir='ltr'><strong>Cl</strong></span> <span class='ocrx_word' id='word_1_5' title='bbox 885 204 990 235; x_wconf 79' lang='lat' dir='ltr'><strong>CONC.</strong></span> <span class='ocrx_word' id='word_1_6' title='bbox 1008 203 1049 234; x_wconf 82' lang='lat' dir='ltr'><strong>IN</strong></span> <span class='ocrx_word' id='word_1_7' title='bbox 1073 200 1242 233; x_wconf 79' lang='lat' dir='ltr'><strong>TRULLO.</strong></span> 
     </span>
    </p>
   </div>
   <div class='ocr_carea' id='block_1_3' title="bbox 1685 195 1737 227">
    <p class='ocr_par' dir='ltr' id='par_1_3' title="bbox 1685 195 1737 227">
     <span class='ocr_line' id='line_1_3' title="bbox 1685 195 1737 227; baseline -0.019 0"><span class='ocrx_word' id='word_1_8' title='bbox 1685 195 1737 227; x_wconf 80' lang='lat'><strong>866</strong></span> 
     </span>
    </p>
   </div>
   <div class='ocr_carea' id='block_1_4' title="bbox 112 253 914 306">
    <p class='ocr_par' dir='ltr' id='par_1_4' title="bbox 112 261 914 306">
     <span class='ocr_line' id='line_1_4' title="bbox 112 261 914 306; baseline -0.015 -6"><span class='ocrx_word' id='word_1_9' title='bbox 112 273 155 300; x_wconf 82' lang='grc' dir='ltr'><strong>τοῦ</strong></span> <span class='ocrx_word' id='word_1_10' title='bbox 175 269 278 306; x_wconf 78' lang='grc' dir='ltr'>Κυρίου</span> <span class='ocrx_word' id='word_1_11' title='bbox 298 268 344 294; x_wconf 80' lang='grc' dir='ltr'>καὶ</span> <span class='ocrx_word' id='word_1_12' title='bbox 373 265 441 292; x_wconf 78' lang='grc' dir='ltr'>Θεοῦ</span> <span class='ocrx_word' id='word_1_13' title='bbox 469 267 517 292; x_wconf 61' lang='grc' dir='ltr'><strong>και¹</strong></span> <span class='ocrx_word' id='word_1_14' title='bbox 541 264 669 299; x_wconf 82' lang='grc' dir='ltr'>Σωτῆρος</span> <span class='ocrx_word' id='word_1_15' title='bbox 697 263 776 299; x_wconf 83' lang='grc' dir='ltr'>ἡμῶν</span> <span class='ocrx_word' id='word_1_16' title='bbox 808 261 914 297; x_wconf 66' lang='grc' dir='ltr'>Ἰησοῦ,</span> 
     </span>
    </p>
   </div>
   <div class='ocr_carea' id='block_1_5' title="bbox 969 253 1738 306">
    <p class='ocr_par' dir='ltr' id='par_1_5' title="bbox 969 253 1738 288">
     <span class='ocr_line' id='line_1_5' title="bbox 969 253 1738 288; baseline -0.009 0"><span class='ocrx_word' id='word_1_17' title='bbox 969 259 1046 288; x_wconf 87' lang='lat' dir='ltr'><strong>tDci</strong></span> <span class='ocrx_word' id='word_1_18' title='bbox 1073 263 1100 286; x_wconf 92' lang='lat' dir='ltr'><strong>et</strong></span> <span class='ocrx_word' id='word_1_19' title='bbox 1127 256 1283 285; x_wconf 85' lang='lat' dir='ltr'><strong>Servatoris</strong></span> <span class='ocrx_word' id='word_1_20' title='bbox 1307 255 1393 283; x_wconf 86' lang='lat' dir='ltr'><strong>nostri</strong></span> <span class='ocrx_word' id='word_1_21' title='bbox 1419 254 1483 282; x_wconf 79' lang='lat' dir='ltr'><strong>Jesu</strong></span> <span class='ocrx_word' id='word_1_22' title='bbox 1509 253 1613 281; x_wconf 80' lang='lat' dir='ltr'><strong>Christi</strong></span> <span class='ocrx_word' id='word_1_23' title='bbox 1637 260 1738 288; x_wconf 82' lang='lat' dir='ltr'><strong>corpus</strong></span> 
     </span>
    </p>
   </div>
   <div class='ocr_carea' id='block_1_6' title="bbox 113 309 899 353">
    <p class='ocr_par' dir='ltr' id='par_1_6' title="bbox 113 309 899 353">
     <span class='ocr_line' id='line_1_6' title="bbox 113 309 899 353; baseline -0.01 -9"><span class='ocrx_word' id='word_1_24' title='bbox 113 316 230 353; x_wconf 81' lang='grc' dir='ltr'><strong>Χριστοῦ</strong></span> <span class='ocrx_word' id='word_1_25' title='bbox 246 314 317 342; x_wconf 78' lang='grc' dir='ltr'>κατὰ</span> <span class='ocrx_word' id='word_1_26' title='bbox 331 314 378 340; x_wconf 77' lang='grc' dir='ltr'>τὸν</span> <span class='ocrx_word' id='word_1_27' title='bbox 394 312 491 348; x_wconf 71' lang='grc' dir='ltr'>καιρὸν</span> <span class='ocrx_word' id='word_1_28' title='bbox 505 312 555 346; x_wconf 80' lang='grc' dir='ltr'>τῆς</span> <span class='ocrx_word' id='word_1_29' title='bbox 572 311 653 346; x_wconf 83' lang='grc' dir='ltr'>ἁγίας</span> <span class='ocrx_word' id='word_1_30' title='bbox 675 309 854 346; x_wconf 78' lang='grc' dir='ltr'>μεταλήψεως</span> <span class='ocrx_word' id='word_1_31' title='bbox 871 311 899 336; x_wconf 75' lang='grc' dir='ltr'>ὲν</span> 
     </span>
    </p>
   </div>
   <div class='ocr_carea' id='block_1_7' title="bbox 115 355 899 395">
    <p class='ocr_par' dir='ltr' id='par_1_7' title="bbox 115 355 899 395">
     <span class='ocr_line' id='line_1_7' title="bbox 115 355 899 395; baseline -0.013 -5"><span class='ocrx_word' id='word_1_32' title='bbox 115 364 204 394; x_wconf 72' lang='grc' dir='ltr'>αὐτοῖς</span> <span class='ocrx_word' id='word_1_33' title='bbox 219 361 393 395; x_wconf 79' lang='grc' dir='ltr'>ὑπεδέχοντο.</span> <span class='ocrx_word' id='word_1_34' title='bbox 414 359 469 385; x_wconf 79' lang='grc' dir='ltr'>Καὶ</span> <span class='ocrx_word' id='word_1_35' title='bbox 482 357 603 392; x_wconf 79' lang='grc' dir='ltr'><strong>ἀρχῆθεν</strong></span> <span class='ocrx_word' id='word_1_36' title='bbox 617 357 667 392; x_wconf 75' lang='grc' dir='ltr'><strong>μὲν</strong></span> <span class='ocrx_word' id='word_1_37' title='bbox 683 357 748 387; x_wconf 86' lang='grc' dir='ltr'>ῐσως</span> <span class='ocrx_word' id='word_1_38' title='bbox 763 355 899 390; x_wconf 77' lang='grc' dir='ltr'><strong>ἐπενοήθη</strong></span> 
     </span>
    </p>
   </div>
   <div class='ocr_carea' id='block_1_8' title="bbox 114 401 901 443">
    <p class='ocr_par' dir='ltr' id='par_1_8' title="bbox 114 401 901 443">
     <span class='ocr_line' id='line_1_8' title="bbox 114 401 901 443; baseline -0.01 -8"><span class='ocrx_word' id='word_1_39' title='bbox 114 409 191 435; x_wconf 79' lang='grc' dir='ltr'>τοῦτο</span> <span class='ocrx_word' id='word_1_40' title='bbox 208 407 286 443; x_wconf 69' lang='grc' dir='ltr'>παιρὰ</span> <span class='ocrx_word' id='word_1_41' title='bbox 299 414 381 433; x_wconf 79' lang='grc' dir='ltr'>τινων</span> <span class='ocrx_word' id='word_1_42' title='bbox 402 405 436 431; x_wconf 87' lang='grc' dir='ltr'><strong>δι’</strong></span> <span class='ocrx_word' id='word_1_43' title='bbox 457 403 612 434; x_wconf 76' lang='grc' dir='ltr'>εὐλάϐειαν,</span> <span class='ocrx_word' id='word_1_44' title='bbox 646 402 810 437; x_wconf 75' lang='grc' dir='ltr'><strong>νομιζόντων</strong></span> <span class='ocrx_word' id='word_1_45' title='bbox 829 401 901 435; x_wconf 87' lang='grc' dir='ltr'>τάχα</span> 
     </span>
    </p>
   </div>
   <div class='ocr_carea' id='block_1_9' title="bbox 118 447 901 490">
    <p class='ocr_par' dir='ltr' id='par_1_9' title="bbox 118 447 901 490">
     <span class='ocr_line' id='line_1_9' title="bbox 118 447 901 490; baseline -0.011 -8"><span class='ocrx_word' id='word_1_46' title='bbox 118 455 153 490; x_wconf 84' lang='grc' dir='ltr'>μὴ</span> <span class='ocrx_word' id='word_1_47' title='bbox 172 453 240 481; x_wconf 78' lang='grc' dir='ltr'>εἶναι</span> <span class='ocrx_word' id='word_1_48' title='bbox 252 453 330 485; x_wconf 76' lang='grc' dir='ltr'>ἀξίαν</span> <span class='ocrx_word' id='word_1_49' title='bbox 346 452 385 483; x_wconf 81' lang='grc' dir='ltr'>εἰς</span> <span class='ocrx_word' id='word_1_50' title='bbox 399 450 531 484; x_wconf 76' lang='grc' dir='ltr'><strong>ὑπιδοχὴν</strong></span> <span class='ocrx_word' id='word_1_51' title='bbox 553 449 600 476; x_wconf 88' lang='grc' dir='ltr'><strong>τοῦ</strong></span> <span class='ocrx_word' id='word_1_52' title='bbox 611 448 756 483; x_wconf 82' lang='grc' dir='ltr'>Κυριακοῦ</span> <span class='ocrx_word' id='word_1_53' title='bbox 775 447 901 482; x_wconf 84' lang='grc' dir='ltr'>σώματος</span> 
     </span>
    </p>
   </div>
   <div class='ocr_carea' id='block_1_10' title="bbox 115 493 901 536">
    <p class='ocr_par' dir='ltr' id='par_1_10' title="bbox 115 493 901 536">
     <span class='ocr_line' id='line_1_10' title="bbox 115 493 901 536; baseline -0.011 -9"><span class='ocrx_word' id='word_1_54' title='bbox 115 502 163 536; x_wconf 80' lang='grc' dir='ltr'>τὴν</span> <span class='ocrx_word' id='word_1_55' title='bbox 190 501 268 535; x_wconf 80' lang='grc' dir='ltr'>χεῖρα</span> <span class='ocrx_word' id='word_1_56' title='bbox 289 499 338 533; x_wconf 74' lang='grc' dir='ltr'>τὴν</span> <span class='ocrx_word' id='word_1_57' title='bbox 365 497 524 531; x_wconf 81' lang='grc' dir='ltr'><strong>ἁπτομένην</strong></span> <span class='ocrx_word' id='word_1_58' title='bbox 548 495 595 522; x_wconf 77' lang='grc' dir='ltr'><strong>καὶ</strong></span> <span class='ocrx_word' id='word_1_59' title='bbox 612 494 734 530; x_wconf 78' lang='grc' dir='ltr'>αἰσχρῶν</span> <span class='ocrx_word' id='word_1_60' title='bbox 753 501 834 521; x_wconf 86' lang='grc' dir='ltr'>τινων</span> <span class='ocrx_word' id='word_1_61' title='bbox 854 493 901 519; x_wconf 78' lang='grc' dir='ltr'>καὶ</span> 
     </span>
    </p>
   </div>
   <div class='ocr_carea' id='block_1_11' title="bbox 117 538 902 578">
    <p class='ocr_par' dir='ltr' id='par_1_11' title="bbox 117 538 902 578">
     <span class='ocr_line' id='line_1_11' title="bbox 117 538 902 578; baseline -0.011 -5"><span class='ocrx_word' id='word_1_62' title='bbox 117 545 249 578; x_wconf 58' lang='grc' dir='ltr'>ἀναξίων</span> <span class='ocrx_word' id='word_1_63' title='bbox 268 544 363 578; x_wconf 71' lang='grc' dir='ltr'>καιροῦ</span> <span class='ocrx_word' id='word_1_64' title='bbox 377 543 403 569; x_wconf 69' lang='grc' dir='ltr'><strong>δὲ</strong></span> <span class='ocrx_word' id='word_1_65' title='bbox 417 542 567 577; x_wconf 77' lang='grc' dir='ltr'>προίόντος,</span> <span class='ocrx_word' id='word_1_66' title='bbox 582 542 621 572; x_wconf 85' lang='grc' dir='ltr'><strong>είς</strong></span> <span class='ocrx_word' id='word_1_67' title='bbox 630 539 747 575; x_wconf 73' lang='grc' dir='ltr'><strong>ψυχικὴν</strong></span> <span class='ocrx_word' id='word_1_68' title='bbox 764 538 902 566; x_wconf 73' lang='grc' dir='ltr'>ἀπώλειαν</span> 
     </span>
    </p>
   </div>
   <div class='ocr_carea' id='block_1_12' title="bbox 119 584 902 627">
    <p class='ocr_par' dir='ltr' id='par_1_12' title="bbox 119 584 902 627">
     <span class='ocr_line' id='line_1_12' title="bbox 119 584 902 627; baseline -0.01 -9"><span class='ocrx_word' id='word_1_69' title='bbox 119 592 266 627; x_wconf 66' lang='grc' dir='ltr'>μετέπεεει</span> <span class='ocrx_word' id='word_1_70' title='bbox 298 591 314 624; x_wconf 85' lang='grc' dir='ltr'><strong>ἡ</strong></span> <span class='ocrx_word' id='word_1_71' title='bbox 332 589 471 620; x_wconf 74' lang='grc' dir='ltr'>εὐλάϐεια,</span> <span class='ocrx_word' id='word_1_72' title='bbox 495 588 531 618; x_wconf 86' lang='grc' dir='ltr'>ὠς</span> <span class='ocrx_word' id='word_1_73' title='bbox 561 587 616 613; x_wconf 80' lang='grc' dir='ltr'>τῶν</span> <span class='ocrx_word' id='word_1_74' title='bbox 644 585 794 613; x_wconf 78' lang='grc' dir='ltr'><strong>ποιούντων</strong></span> <span class='ocrx_word' id='word_1_75' title='bbox 817 584 902 611; x_wconf 85' lang='grc' dir='ltr'>ταῦτα</span> 
     </span>
    </p>
   </div>
   <div class='ocr_carea' id='block_1_13' title="bbox 118 630 903 672">
    <p class='ocr_par' dir='ltr' id='par_1_13' title="bbox 118 630 903 672">
     <span class='ocr_line' id='line_1_13' title="bbox 118 630 903 672; baseline -0.01 -9"><span class='ocrx_word' id='word_1_76' title='bbox 118 637 269 672; x_wconf 77' lang='grc' dir='ltr'><strong>ζητούντων</strong></span> <span class='ocrx_word' id='word_1_77' title='bbox 284 635 472 670; x_wconf 66' lang='grc' dir='ltr'><strong>προτιμᾶσθαι</strong></span> <span class='ocrx_word' id='word_1_78' title='bbox 488 642 542 660; x_wconf 84' lang='grc' dir='ltr'><strong>των</strong></span> <span class='ocrx_word' id='word_1_79' title='bbox 556 632 740 664; x_wconf 76' lang='grc' dir='ltr'>πενεστέρων,</span> <span class='ocrx_word' id='word_1_80' title='bbox 757 631 803 657; x_wconf 74' lang='grc' dir='ltr'>καὶ</span> <span class='ocrx_word' id='word_1_81' title='bbox 816 630 903 661; x_wconf 75' lang='grc' dir='ltr'>ἄλλως</span> 
     </span>
    </p>
   </div>
   <div class='ocr_carea' id='block_1_14' title="bbox 118 677 904 715">
    <p class='ocr_par' dir='ltr' id='par_1_14' title="bbox 118 677 904 715">
     <span class='ocr_line' id='line_1_14' title="bbox 118 677 904 715; baseline -0.01 -6"><span class='ocrx_word' id='word_1_82' title='bbox 118 681 369 715; x_wconf 80' lang='grc' dir='ltr'>ἀλαζονευομένων.</span> <span class='ocrx_word' id='word_1_83' title='bbox 398 679 478 706; x_wconf 79' lang='grc' dir='ltr'>Ἐπεὶ</span> <span class='ocrx_word' id='word_1_84' title='bbox 492 679 557 712; x_wconf 80' lang='grc' dir='ltr'>γοῦν</span> <span class='ocrx_word' id='word_1_85' title='bbox 580 678 653 709; x_wconf 78' lang='grc' dir='ltr'>ἔδοξε</span> <span class='ocrx_word' id='word_1_86' title='bbox 668 677 747 703; x_wconf 87' lang='grc' dir='ltr'>τοῦτο</span> <span class='ocrx_word' id='word_1_87' title='bbox 771 678 826 707; x_wconf 84' lang='grc' dir='ltr'>τοῖς</span> <span class='ocrx_word' id='word_1_88' title='bbox 850 677 904 702; x_wconf 54' lang='lat' dir='ltr'><strong>lla.</strong></span> 
     </span>
    </p>
   </div>
   <div class='ocr_carea' id='block_1_15' title="bbox 118 722 905 763">
    <p class='ocr_par' dir='ltr' id='par_1_15' title="bbox 118 722 905 763">
     <span class='ocr_line' id='line_1_15' title="bbox 118 722 905 763; baseline -0.009 -9"><span class='ocrx_word' id='word_1_89' title='bbox 118 728 198 763; x_wconf 83' lang='grc' dir='ltr'>τράσι</span> <span class='ocrx_word' id='word_1_90' title='bbox 218 727 365 761; x_wconf 76' lang='grc' dir='ltr'><strong>παραίτιον</strong></span> <span class='ocrx_word' id='word_1_91' title='bbox 386 726 542 752; x_wconf 85' lang='grc' dir='ltr'><strong>σκανδάλων</strong></span> <span class='ocrx_word' id='word_1_92' title='bbox 565 723 680 756; x_wconf 82' lang='grc' dir='ltr'>πολλῶν,</span> <span class='ocrx_word' id='word_1_93' title='bbox 702 723 769 749; x_wconf 78' lang='grc' dir='ltr'>ἀλλὰ</span> <span class='ocrx_word' id='word_1_94' title='bbox 788 723 841 758; x_wconf 84' lang='grc' dir='ltr'>μὴν</span> <span class='ocrx_word' id='word_1_95' title='bbox 857 722 905 748; x_wconf 82' lang='grc' dir='ltr'><strong>καὶ</strong></span> 
     </span>
    </p>
   </div>
   <div class='ocr_carea' id='block_1_16' title="bbox 119 769 905 809">
    <p class='ocr_par' dir='ltr' id='par_1_16' title="bbox 119 769 905 809">
     <span class='ocr_line' id='line_1_16' title="bbox 119 769 905 809; baseline -0.009 -8"><span class='ocrx_word' id='word_1_96' title='bbox 119 774 276 809; x_wconf 65' lang='grc' dir='ltr'>ὑὸριστικὶν</span> <span class='ocrx_word' id='word_1_97' title='bbox 294 773 340 799; x_wconf 79' lang='grc' dir='ltr'><strong>τοῦ</strong></span> <span class='ocrx_word' id='word_1_98' title='bbox 353 773 489 808; x_wconf 79' lang='grc' dir='ltr'><strong>ἡμετέρου</strong></span> <span class='ocrx_word' id='word_1_99' title='bbox 503 771 639 805; x_wconf 80' lang='grc' dir='ltr'>σώματος,</span> <span class='ocrx_word' id='word_1_100' title='bbox 657 769 705 796; x_wconf 84' lang='grc' dir='ltr'><strong>τοῦ</strong></span> <span class='ocrx_word' id='word_1_101' title='bbox 731 769 791 797; x_wconf 81' lang='grc' dir='ltr'>κατ’</span> <span class='ocrx_word' id='word_1_102' title='bbox 814 769 905 795; x_wconf 68' lang='grc' dir='ltr'>εἰκόνα</span> 
     </span>
    </p>
   </div>
   <div class='ocr_carea' id='block_1_17' title="bbox 119 814 906 851">
    <p class='ocr_par' dir='ltr' id='par_1_17' title="bbox 119 814 906 851">
     <span class='ocr_line' id='line_1_17' title="bbox 119 814 906 851; baseline -0.008 -5"><span class='ocrx_word' id='word_1_103' title='bbox 119 819 186 846; x_wconf 87' lang='grc' dir='ltr'>Θεοῦ</span> <span class='ocrx_word' id='word_1_104' title='bbox 205 818 384 850; x_wconf 80' lang='grc' dir='ltr'>πλασθέντος,</span> <span class='ocrx_word' id='word_1_105' title='bbox 404 815 481 844; x_wconf 82' lang='grc' dir='ltr'>εἶπον</span> <span class='ocrx_word' id='word_1_106' title='bbox 496 817 533 847; x_wconf 81' lang='grc' dir='ltr'>ὡς</span> <span class='ocrx_word' id='word_1_107' title='bbox 551 816 598 843; x_wconf 89' lang='grc' dir='ltr'><strong>τοῦ</strong></span> <span class='ocrx_word' id='word_1_108' title='bbox 619 815 738 851; x_wconf 82' lang='grc' dir='ltr'><strong>μεγάλου</strong></span> <span class='ocrx_word' id='word_1_109' title='bbox 757 814 906 841; x_wconf 72' lang='grc' dir='ltr'>ὁποστολου</span> 
     </span>
    </p>
   </div>
   <div class='ocr_carea' id='block_1_18' title="bbox 121 860 906 897">
    <p class='ocr_par' dir='ltr' id='par_1_18' title="bbox 121 860 906 897">
     <span class='ocr_line' id='line_1_18' title="bbox 121 860 906 897; baseline -0.009 -5"><span class='ocrx_word' id='word_1_110' title='bbox 121 865 226 893; x_wconf 83' lang='grc' dir='ltr'>Παύλου</span> <span class='ocrx_word' id='word_1_111' title='bbox 243 864 444 894; x_wconf 80' lang='grc' dir='ltr'>ἀποκαλοῦντος</span> <span class='ocrx_word' id='word_1_112' title='bbox 460 863 505 889; x_wconf 73' lang='grc' dir='ltr'>τὸν</span> <span class='ocrx_word' id='word_1_113' title='bbox 517 862 662 897; x_wconf 77' lang='grc' dir='ltr'>ἄνθρωπον</span> <span class='ocrx_word' id='word_1_114' title='bbox 690 861 770 896; x_wconf 78' lang='grc' dir='ltr'>σῶμα</span> <span class='ocrx_word' id='word_1_115' title='bbox 787 860 906 894; x_wconf 77' lang='grc' dir='ltr'><strong>Χριστοῦ</strong></span> 
     </span>
    </p>
   </div>
   <div class='ocr_carea' id='block_1_19' title="bbox 121 906 906 942">
    <p class='ocr_par' dir='ltr' id='par_1_19' title="bbox 121 906 906 942">
     <span class='ocr_line' id='line_1_19' title="bbox 121 906 906 942; baseline -0.006 -5"><span class='ocrx_word' id='word_1_116' title='bbox 121 911 167 938; x_wconf 69' lang='grc' dir='ltr'><strong>καὶ</strong></span> <span class='ocrx_word' id='word_1_117' title='bbox 181 910 273 937; x_wconf 76' lang='grc' dir='ltr'>εἰκόνα</span> <span class='ocrx_word' id='word_1_118' title='bbox 291 909 368 942; x_wconf 85' lang='grc' dir='ltr'>Θεοῦ,</span> <span class='ocrx_word' id='word_1_119' title='bbox 385 910 433 935; x_wconf 75' lang='grc' dir='ltr'>καὶ</span> <span class='ocrx_word' id='word_1_120' title='bbox 445 909 546 940; x_wconf 73' lang='grc' dir='ltr'>παντὸς</span> <span class='ocrx_word' id='word_1_121' title='bbox 563 908 713 942; x_wconf 79' lang='grc' dir='ltr'><strong>κτίσματος</strong></span> <span class='ocrx_word' id='word_1_122' title='bbox 728 906 906 941; x_wconf 82' lang='grc' dir='ltr'>τιμιώτερον,</span> 
     </span>
    </p>
   </div>
   <div class='ocr_carea' id='block_1_20' title="bbox 120 952 907 989">
    <p class='ocr_par' dir='ltr' id='par_1_20' title="bbox 120 952 907 989">
     <span class='ocr_line' id='line_1_20' title="bbox 120 952 907 989; baseline -0.006 -6"><span class='ocrx_word' id='word_1_123' title='bbox 120 957 157 987; x_wconf 85' lang='grc' dir='ltr'>ὼς</span> <span class='ocrx_word' id='word_1_124' title='bbox 173 956 220 982; x_wconf 68' lang='grc' dir='ltr'>καὶ</span> <span class='ocrx_word' id='word_1_125' title='bbox 234 954 393 989; x_wconf 77' lang='grc' dir='ltr'><strong>ἀξιούμενον</strong></span> <span class='ocrx_word' id='word_1_126' title='bbox 411 954 459 989; x_wconf 84' lang='grc' dir='ltr'>τῆς</span> <span class='ocrx_word' id='word_1_127' title='bbox 477 955 531 980; x_wconf 85' lang='grc' dir='ltr'>τῶν</span> <span class='ocrx_word' id='word_1_128' title='bbox 560 954 640 980; x_wconf 82' lang='grc' dir='ltr'>θείων</span> <span class='ocrx_word' id='word_1_129' title='bbox 663 952 843 987; x_wconf 81' lang='grc' dir='ltr'>ἀγιασμάτων</span> <span class='ocrx_word' id='word_1_130' title='bbox 858 960 907 986; x_wconf 52' lang='grc' dir='ltr'>με.</span> 
     </span>
    </p>
   </div>
   <div class='ocr_carea' id='block_1_21' title="bbox 120 998 909 1037">
    <p class='ocr_par' dir='ltr' id='par_1_21' title="bbox 120 998 909 1037">
     <span class='ocr_line' id='line_1_21' title="bbox 120 998 909 1037; baseline -0.006 -8"><span class='ocrx_word' id='word_1_131' title='bbox 120 1002 273 1037; x_wconf 76' lang='grc' dir='ltr'>ταλήψεως,</span> <span class='ocrx_word' id='word_1_132' title='bbox 305 1001 454 1032; x_wconf 80' lang='grc' dir='ltr'>κάντεῦθεν</span> <span class='ocrx_word' id='word_1_133' title='bbox 479 1000 552 1027; x_wconf 83' lang='grc' dir='ltr'>κατά</span> <span class='ocrx_word' id='word_1_134' title='bbox 587 1008 618 1026; x_wconf 83' lang='grc' dir='ltr'><strong>τε</strong></span> <span class='ocrx_word' id='word_1_135' title='bbox 645 999 734 1034; x_wconf 74' lang='grc' dir='ltr'>ψυχὴν</span> <span class='ocrx_word' id='word_1_136' title='bbox 763 998 909 1033; x_wconf 72' lang='grc' dir='ltr'>καὶσῶμα</span> 
     </span>
    </p>
   </div>
   <div class='ocr_carea' id='block_1_22' title="bbox 121 1041 909 1081">
    <p class='ocr_par' dir='ltr' id='par_1_22' title="bbox 121 1041 909 1081">
     <span class='ocr_line' id='line_1_22' title="bbox 121 1041 909 1081; baseline -0.008 -8"><span class='ocrx_word' id='word_1_137' title='bbox 121 1045 311 1081; x_wconf 83' lang='grc' dir='ltr'>ἀγιαζόμενον,</span> <span class='ocrx_word' id='word_1_138' title='bbox 327 1046 376 1072; x_wconf 69' lang='grc' dir='ltr'><strong>οὐκ</strong></span> <span class='ocrx_word' id='word_1_139' title='bbox 390 1044 527 1079; x_wconf 76' lang='grc' dir='ltr'>ὀφείλουσί</span> <span class='ocrx_word' id='word_1_140' title='bbox 539 1053 611 1076; x_wconf 90' lang='grc' dir='ltr'>τινες</span> <span class='ocrx_word' id='word_1_141' title='bbox 623 1043 812 1078; x_wconf 79' lang='grc' dir='ltr'><strong>προτιμᾶσθαι</strong></span> <span class='ocrx_word' id='word_1_142' title='bbox 827 1041 909 1068; x_wconf 79' lang='grc' dir='ltr'>αὑτοῦ</span> 
     </span>
    </p>
   </div>
   <div class='ocr_carea' id='block_1_23' title="bbox 122 1089 911 1128">
    <p class='ocr_par' dir='ltr' id='par_1_23' title="bbox 122 1089 911 1128">
     <span class='ocr_line' id='line_1_23' title="bbox 122 1089 911 1128; baseline -0.006 -9"><span class='ocrx_word' id='word_1_143' title='bbox 122 1094 156 1119; x_wconf 66' lang='grc' dir='ltr'><strong>τὰ.</strong></span> <span class='ocrx_word' id='word_1_144' title='bbox 176 1094 207 1120; x_wconf 79' lang='grc' dir='ltr'>ἐκ</span> <span class='ocrx_word' id='word_1_145' title='bbox 225 1092 330 1128; x_wconf 86' lang='grc' dir='ltr'>χρυσοῦ</span> <span class='ocrx_word' id='word_1_146' title='bbox 341 1093 389 1118; x_wconf 92' lang='grc' dir='ltr'><strong>καί</strong></span> <span class='ocrx_word' id='word_1_147' title='bbox 411 1100 492 1118; x_wconf 90' lang='grc' dir='ltr'>τινων</span> <span class='ocrx_word' id='word_1_148' title='bbox 509 1091 611 1126; x_wconf 75' lang='grc' dir='ltr'>ἐτέρων</span> <span class='ocrx_word' id='word_1_149' title='bbox 629 1090 730 1117; x_wconf 58' lang='lat' dir='ltr'><strong>omnem</strong></span> <span class='ocrx_word' id='word_1_150' title='bbox 757 1090 850 1124; x_wconf 77' lang='grc' dir='ltr'>ἄψυχα</span> <span class='ocrx_word' id='word_1_151' title='bbox 863 1089 911 1115; x_wconf 81' lang='grc' dir='ltr'>καὶ</span> 
     </span>
    </p>
   </div>
   <div class='ocr_carea' id='block_1_24' title="bbox 124 1136 912 1175">
    <p class='ocr_par' dir='ltr' id='par_1_24' title="bbox 124 1136 912 1175">
     <span class='ocr_line' id='line_1_24' title="bbox 124 1136 912 1175; baseline -0.005 -9"><span class='ocrx_word' id='word_1_152' title='bbox 124 1139 267 1175; x_wconf 81' lang='grc' dir='ltr'>ὑποχείρια</span> <span class='ocrx_word' id='word_1_153' title='bbox 283 1139 340 1172; x_wconf 83' lang='grc' dir='ltr'><strong>εἴδη</strong></span> <span class='ocrx_word' id='word_1_154' title='bbox 351 1147 359 1154; x_wconf 90' lang='grc'>·</span> <span class='ocrx_word' id='word_1_155' title='bbox 380 1138 396 1173; x_wconf 83' lang='grc' dir='ltr'>ἢ</span> <span class='ocrx_word' id='word_1_156' title='bbox 417 1138 470 1172; x_wconf 85' lang='grc' dir='ltr'>μὴν</span> <span class='ocrx_word' id='word_1_157' title='bbox 486 1138 548 1168; x_wconf 77' lang='grc' dir='ltr'>τοὺς</span> <span class='ocrx_word' id='word_1_158' title='bbox 569 1137 644 1173; x_wconf 82' lang='grc' dir='ltr'>παρὰ</span> <span class='ocrx_word' id='word_1_159' title='bbox 661 1136 748 1163; x_wconf 78' lang='grc' dir='ltr'>ταῦτα</span> <span class='ocrx_word' id='word_1_160' title='bbox 766 1137 912 1166; x_wconf 79' lang='grc' dir='ltr'>ποιοῦντας</span> 
     </span>
    </p>
   </div>
   <div class='ocr_carea' id='block_1_25' title="bbox 124 1182 912 1220">
    <p class='ocr_par' dir='ltr' id='par_1_25' title="bbox 124 1182 912 1220">
     <span class='ocr_line' id='line_1_25' title="bbox 124 1182 912 1220; baseline -0.006 -9"><span class='ocrx_word' id='word_1_161' title='bbox 124 1184 314 1220; x_wconf 67' lang='grc' dir='ltr'>ἀφορίζεσθαι,</span> <span class='ocrx_word' id='word_1_162' title='bbox 337 1184 458 1218; x_wconf 79' lang='grc' dir='ltr'>δηλονότι</span> <span class='ocrx_word' id='word_1_163' title='bbox 485 1183 584 1214; x_wconf 70' lang='grc' dir='ltr'>αὐτούς</span> <span class='ocrx_word' id='word_1_164' title='bbox 610 1192 639 1209; x_wconf 86' lang='grc' dir='ltr'><strong>τε</strong></span> <span class='ocrx_word' id='word_1_165' title='bbox 663 1183 727 1214; x_wconf 81' lang='grc' dir='ltr'>τοὺς</span> <span class='ocrx_word' id='word_1_166' title='bbox 754 1182 912 1216; x_wconf 73' lang='grc' dir='ltr'>χρωμένους</span> 
     </span>
    </p>
   </div>
   <div class='ocr_carea' id='block_1_26' title="bbox 123 1226 913 1263">
    <p class='ocr_par' dir='ltr' id='par_1_26' title="bbox 123 1226 913 1263">
     <span class='ocr_line' id='line_1_26' title="bbox 123 1226 913 1263; baseline -0.005 -6"><span class='ocrx_word' id='word_1_167' title='bbox 123 1231 256 1261; x_wconf 69' lang='grc' dir='ltr'>τοιούτοις</span> <span class='ocrx_word' id='word_1_168' title='bbox 270 1230 343 1256; x_wconf 73' lang='grc' dir='ltr'>τισὶν</span> <span class='ocrx_word' id='word_1_169' title='bbox 355 1229 456 1259; x_wconf 80' lang='grc' dir='ltr'>ὑλικοῖς</span> <span class='ocrx_word' id='word_1_170' title='bbox 469 1229 508 1259; x_wconf 78' lang='grc' dir='ltr'>εἰς</span> <span class='ocrx_word' id='word_1_171' title='bbox 521 1229 654 1263; x_wconf 80' lang='grc' dir='ltr'>ὑποδοχὴν</span> <span class='ocrx_word' id='word_1_172' title='bbox 666 1228 713 1254; x_wconf 87' lang='grc' dir='ltr'><strong>τοῦ</strong></span> <span class='ocrx_word' id='word_1_173' title='bbox 729 1227 855 1261; x_wconf 77' lang='grc' dir='ltr'>σώματος</span> <span class='ocrx_word' id='word_1_174' title='bbox 866 1226 913 1253; x_wconf 86' lang='grc' dir='ltr'><strong>τοῦ</strong></span> 
     </span>
    </p>
   </div>
   <div class='ocr_carea' id='block_1_27' title="bbox 124 1272 913 1310">
    <p class='ocr_par' dir='ltr' id='par_1_27' title="bbox 124 1272 913 1310">
     <span class='ocr_line' id='line_1_27' title="bbox 124 1272 913 1310; baseline -0.005 -8"><span class='ocrx_word' id='word_1_175' title='bbox 124 1275 256 1310; x_wconf 85' lang='grc' dir='ltr'>Χριστοῦ,</span> <span class='ocrx_word' id='word_1_176' title='bbox 279 1275 326 1302; x_wconf 67' lang='grc' dir='ltr'><strong>καὶ</strong></span> <span class='ocrx_word' id='word_1_177' title='bbox 345 1275 408 1305; x_wconf 84' lang='grc' dir='ltr'>τοὺς</span> <span class='ocrx_word' id='word_1_178' title='bbox 431 1274 623 1308; x_wconf 72' lang='grc' dir='ltr'>μεταδιδόντας</span> <span class='ocrx_word' id='word_1_179' title='bbox 635 1274 730 1299; x_wconf 79' lang='grc' dir='ltr'>τούτου</span> <span class='ocrx_word' id='word_1_180' title='bbox 744 1273 848 1303; x_wconf 79' lang='grc' dir='ltr'>αὐτοῖς.</span> <span class='ocrx_word' id='word_1_181' title='bbox 868 1272 913 1308; x_wconf 81' lang='grc' dir='ltr'><strong>Μὴ</strong></span> 
     </span>
    </p>
   </div>
   <div class='ocr_carea' id='block_1_28' title="bbox 124 1318 914 1355">
    <p class='ocr_par' dir='ltr' id='par_1_28' title="bbox 124 1318 914 1355">
     <span class='ocr_line' id='line_1_28' title="bbox 124 1318 914 1355; baseline -0.001 -10"><span class='ocrx_word' id='word_1_182' title='bbox 124 1319 268 1355; x_wconf 79' lang='grc' dir='ltr'><strong>θαυμάσῃς</strong></span> <span class='ocrx_word' id='word_1_183' title='bbox 284 1319 325 1351; x_wconf 85' lang='grc' dir='ltr'><strong>δὲ,</strong></span> <span class='ocrx_word' id='word_1_184' title='bbox 347 1319 414 1353; x_wconf 82' lang='grc' dir='ltr'>μηδὲ</span> <span class='ocrx_word' id='word_1_185' title='bbox 435 1318 578 1354; x_wconf 76' lang='grc' dir='ltr'>ἐρωτήσῃς</span> <span class='ocrx_word' id='word_1_186' title='bbox 593 1318 642 1354; x_wconf 84' lang='grc' dir='ltr'>τὴν</span> <span class='ocrx_word' id='word_1_187' title='bbox 668 1319 769 1350; x_wconf 84' lang='grc' dir='ltr'>αἰτίαν,</span> <span class='ocrx_word' id='word_1_188' title='bbox 789 1318 823 1344; x_wconf 80' lang='grc' dir='ltr'>δι’</span> <span class='ocrx_word' id='word_1_189' title='bbox 836 1318 868 1353; x_wconf 85' lang='grc' dir='ltr'>ἣν</span> <span class='ocrx_word' id='word_1_190' title='bbox 885 1318 914 1344; x_wconf 72' lang='grc' dir='ltr'><strong>ἐν</strong></span> 
     </span>
    </p>
   </div>
   <div class='ocr_carea' id='block_1_29' title="bbox 125 1363 915 1399">
    <p class='ocr_par' dir='ltr' id='par_1_29' title="bbox 125 1363 915 1399">
     <span class='ocr_line' id='line_1_29' title="bbox 125 1363 915 1399; baseline 0 -8"><span class='ocrx_word' id='word_1_191' title='bbox 125 1373 195 1391; x_wconf 84' lang='grc' dir='ltr'>τισιν</span> <span class='ocrx_word' id='word_1_192' title='bbox 210 1363 369 1398; x_wconf 81' lang='grc' dir='ltr'><strong>ἐκκλησίαις</strong></span> <span class='ocrx_word' id='word_1_193' title='bbox 389 1364 562 1399; x_wconf 83' lang='grc' dir='ltr'>μεταδίδοται</span> <span class='ocrx_word' id='word_1_194' title='bbox 584 1365 640 1395; x_wconf 84' lang='grc' dir='ltr'>τοῖς</span> <span class='ocrx_word' id='word_1_195' title='bbox 653 1364 758 1397; x_wconf 86' lang='grc' dir='ltr'>λαῖκοῖς</span> <span class='ocrx_word' id='word_1_196' title='bbox 784 1365 813 1391; x_wconf 74' lang='grc' dir='ltr'>τὸ</span> <span class='ocrx_word' id='word_1_197' title='bbox 838 1364 915 1398; x_wconf 77' lang='grc' dir='ltr'>ἅγιον</span> 
     </span>
    </p>
   </div>
   <div class='ocr_carea' id='block_1_30' title="bbox 126 1410 914 1446">
    <p class='ocr_par' dir='ltr' id='par_1_30' title="bbox 126 1410 914 1446">
     <span class='ocr_line' id='line_1_30' title="bbox 126 1410 914 1446; baseline 0 -9"><span class='ocrx_word' id='word_1_198' title='bbox 126 1411 208 1446; x_wconf 81' lang='grc' dir='ltr'>σῶμα</span> <span class='ocrx_word' id='word_1_199' title='bbox 217 1411 265 1438; x_wconf 85' lang='grc' dir='ltr'><strong>τοῦ</strong></span> <span class='ocrx_word' id='word_1_200' title='bbox 279 1411 411 1446; x_wconf 84' lang='grc' dir='ltr'>Χριστοῦ,</span> <span class='ocrx_word' id='word_1_201' title='bbox 421 1412 467 1438; x_wconf 70' lang='grc' dir='ltr'>καὶ</span> <span class='ocrx_word' id='word_1_202' title='bbox 480 1411 531 1437; x_wconf 69' lang='grc' dir='ltr'>οὐκ</span> <span class='ocrx_word' id='word_1_203' title='bbox 544 1411 727 1446; x_wconf 78' lang='grc' dir='ltr'>ἐγχειρίζεται</span> <span class='ocrx_word' id='word_1_204' title='bbox 741 1410 846 1442; x_wconf 80' lang='grc' dir='ltr'>τούτοις</span> <span class='ocrx_word' id='word_1_205' title='bbox 859 1410 914 1446; x_wconf 77' lang='grc'><strong>(15)</strong></span> 
     </span>
    </p>
   </div>
   <div class='ocr_carea' id='block_1_31' title="bbox 127 1457 916 1492">
    <p class='ocr_par' dir='ltr' id='par_1_31' title="bbox 127 1457 916 1492">
     <span class='ocr_line' id='line_1_31' title="bbox 127 1457 916 1492; baseline 0 -9"><span class='ocrx_word' id='word_1_206' title='bbox 127 1457 198 1483; x_wconf 76' lang='grc' dir='ltr'>κατὰ</span> <span class='ocrx_word' id='word_1_207' title='bbox 216 1457 266 1492; x_wconf 86' lang='grc' dir='ltr'><strong>τὴν</strong></span> <span class='ocrx_word' id='word_1_208' title='bbox 286 1457 334 1484; x_wconf 89' lang='grc' dir='ltr'><strong>τοῦ</strong></span> <span class='ocrx_word' id='word_1_209' title='bbox 352 1460 465 1487; x_wconf 77' lang='grc' dir='ltr'>κανόνος</span> <span class='ocrx_word' id='word_1_210' title='bbox 484 1457 650 1492; x_wconf 59' lang='grc' dir='ltr'>περίληψιν</span> <span class='ocrx_word' id='word_1_211' title='bbox 671 1458 763 1489; x_wconf 85' lang='grc' dir='ltr'>πίστις</span> <span class='ocrx_word' id='word_1_212' title='bbox 778 1457 834 1492; x_wconf 81' lang='grc' dir='ltr'>γὰρ</span> <span class='ocrx_word' id='word_1_213' title='bbox 848 1457 916 1492; x_wconf 82' lang='grc' dir='ltr'>ὀρθὴ</span> 
     </span>
    </p>
   </div>
   <div class='ocr_carea' id='block_1_32' title="bbox 127 1503 916 1538">
    <p class='ocr_par' dir='ltr' id='par_1_32' title="bbox 127 1503 916 1538">
     <span class='ocr_line' id='line_1_32' title="bbox 127 1503 916 1538; baseline -0.001 -8"><span class='ocrx_word' id='word_1_214' title='bbox 127 1505 173 1530; x_wconf 78' lang='grc' dir='ltr'>καὶ</span> <span class='ocrx_word' id='word_1_215' title='bbox 186 1504 267 1538; x_wconf 78' lang='grc' dir='ltr'>φόϐος</span> <span class='ocrx_word' id='word_1_216' title='bbox 284 1504 351 1530; x_wconf 85' lang='grc' dir='ltr'>Θεοῦ</span> <span class='ocrx_word' id='word_1_217' title='bbox 368 1505 415 1530; x_wconf 58' lang='grc' dir='ltr'><strong>κοιλ¹</strong></span> <span class='ocrx_word' id='word_1_218' title='bbox 433 1504 560 1530; x_wconf 68' lang='grc' dir='ltr'>εὐλάϐεια</span> <span class='ocrx_word' id='word_1_219' title='bbox 575 1504 730 1534; x_wconf 81' lang='grc' dir='ltr'>ἀνύποπτος</span> <span class='ocrx_word' id='word_1_220' title='bbox 749 1503 829 1529; x_wconf 89' lang='grc' dir='ltr'>τοῦτο</span> <span class='ocrx_word' id='word_1_221' title='bbox 844 1512 916 1538; x_wconf 90' lang='grc' dir='ltr'>παρ-</span> 
     </span>
    </p>
   </div>
   <div class='ocr_carea' id='block_1_33' title="bbox 128 1549 916 1584">
    <p class='ocr_par' dir='ltr' id='par_1_33' title="bbox 128 1549 916 1584">
     <span class='ocr_line' id='line_1_33' title="bbox 128 1549 916 1584; baseline -0.001 -9"><span class='ocrx_word' id='word_1_222' title='bbox 128 1550 239 1581; x_wconf 79' lang='grc' dir='ltr'>έδωκεν,</span> <span class='ocrx_word' id='word_1_223' title='bbox 265 1550 326 1584; x_wconf 77' lang='grc' dir='ltr'>οὐχὶ</span> <span class='ocrx_word' id='word_1_224' title='bbox 354 1550 384 1576; x_wconf 80' lang='grc' dir='ltr'>τὸ</span> <span class='ocrx_word' id='word_1_225' title='bbox 410 1550 463 1577; x_wconf 85' lang='grc' dir='ltr'>τῶν</span> <span class='ocrx_word' id='word_1_226' title='bbox 493 1551 596 1575; x_wconf 82' lang='grc' dir='ltr'>λαῐκων</span> <span class='ocrx_word' id='word_1_227' title='bbox 617 1549 736 1581; x_wconf 78' lang='grc' dir='ltr'>ἀνάξιον.</span> <span class='ocrx_word' id='word_1_228' title='bbox 753 1549 866 1584; x_wconf 79' lang='grc' dir='ltr'>Νομίζω</span> <span class='ocrx_word' id='word_1_229' title='bbox 888 1549 916 1575; x_wconf 76' lang='grc' dir='ltr'><strong>δὲ</strong></span> 
     </span>
    </p>
   </div>
   <div class='ocr_carea' id='block_1_34' title="bbox 129 1586 917 1630">
    <p class='ocr_par' dir='ltr' id='par_1_34' title="bbox 129 1586 917 1630">
     <span class='ocr_line' id='line_1_34' title="bbox 129 1586 917 1630; baseline 0 -10"><span class='ocrx_word' id='word_1_230' title='bbox 129 1594 182 1621; x_wconf 71' lang='grc' dir='ltr'><strong>ὑπὸ</strong></span> <span class='ocrx_word' id='word_1_231' title='bbox 196 1595 243 1621; x_wconf 86' lang='grc' dir='ltr'><strong>τοῦ</strong></span> <span class='ocrx_word' id='word_1_232' title='bbox 263 1596 398 1630; x_wconf 73' lang='grc' dir='ltr'>παρόντος</span> <span class='ocrx_word' id='word_1_233' title='bbox 416 1596 530 1626; x_wconf 80' lang='grc' dir='ltr'>κανόνος</span> <span class='ocrx_word' id='word_1_234' title='bbox 545 1595 703 1621; x_wconf 77' lang='grc' dir='ltr'>ἁλίσκεσθαι</span> <span class='ocrx_word' id='word_1_235' title='bbox 720 1595 783 1626; x_wconf 83' lang='grc' dir='ltr'>τοὺς</span> <span class='ocrx_word' id='word_1_236' title='bbox 799 1586 917 1629; x_wconf 72' lang='grc' dir='ltr'>προΰαλ-</span> 
     </span>
    </p>
   </div>
   <div class='ocr_carea' id='block_1_35' title="bbox 129 1639 917 1675">
    <p class='ocr_par' dir='ltr' id='par_1_35' title="bbox 129 1639 917 1675">
     <span class='ocr_line' id='line_1_35' title="bbox 129 1639 917 1675; baseline 0.001 -10"><span class='ocrx_word' id='word_1_237' title='bbox 129 1640 260 1673; x_wconf 78' lang='grc' dir='ltr'>λομένους</span> <span class='ocrx_word' id='word_1_238' title='bbox 285 1640 430 1675; x_wconf 79' lang='grc' dir='ltr'>ἀξιώματα</span> <span class='ocrx_word' id='word_1_239' title='bbox 450 1640 496 1666; x_wconf 76' lang='grc' dir='ltr'>καὶ</span> <span class='ocrx_word' id='word_1_240' title='bbox 513 1641 579 1675; x_wconf 84' lang='grc' dir='ltr'>γένη</span> <span class='ocrx_word' id='word_1_241' title='bbox 609 1640 679 1666; x_wconf 83' lang='grc' dir='ltr'>κατὰ</span> <span class='ocrx_word' id='word_1_242' title='bbox 695 1640 740 1666; x_wconf 80' lang='grc' dir='ltr'>τὸν</span> <span class='ocrx_word' id='word_1_243' title='bbox 760 1640 811 1674; x_wconf 73' lang='grc' dir='ltr'>τῆς</span> <span class='ocrx_word' id='word_1_244' title='bbox 836 1639 917 1673; x_wconf 78' lang='grc' dir='ltr'>ἁγίας</span> 
     </span>
    </p>
   </div>
   <div class='ocr_carea' id='block_1_36' title="bbox 130 1685 855 1722">
    <p class='ocr_par' dir='ltr' id='par_1_36' title="bbox 130 1685 855 1722">
     <span class='ocr_line' id='line_1_36' title="bbox 130 1685 855 1722; baseline 0 -10"><span class='ocrx_word' id='word_1_245' title='bbox 130 1685 311 1721; x_wconf 72' lang='grc' dir='ltr'>μεταλήψεως</span> <span class='ocrx_word' id='word_1_246' title='bbox 326 1688 432 1722; x_wconf 64' lang='grc' dir='ltr'>καιρὸν,</span> <span class='ocrx_word' id='word_1_247' title='bbox 446 1686 596 1721; x_wconf 81' lang='grc' dir='ltr'>ζητοῦντας</span> <span class='ocrx_word' id='word_1_248' title='bbox 612 1686 811 1721; x_wconf 74' lang='grc' dir='ltr'>προτιμᾶσθαι.</span> <span class='ocrx_word' id='word_1_249' title='bbox 852 1719 855 1721; x_wconf 95' lang='lat'><em>_</em></span> 
     </span>
    </p>
   </div>
   <div class='ocr_carea' id='block_1_37' title="bbox 165 1774 918 1811">
    <p class='ocr_par' dir='ltr' id='par_1_37' title="bbox 165 1774 918 1811">
     <span class='ocr_line' id='line_1_37' title="bbox 165 1774 918 1811; baseline 0 -10"><span class='ocrx_word' id='word_1_250' title='bbox 165 1775 289 1801; x_wconf 77' lang='grc' dir='ltr'><strong>ΖΩΝΑΡ.</strong></span> <span class='ocrx_word' id='word_1_251' title='bbox 304 1775 381 1805; x_wconf 84' lang='grc' dir='ltr'>Τινὲς</span> <span class='ocrx_word' id='word_1_252' title='bbox 402 1774 436 1800; x_wconf 86' lang='grc' dir='ltr'><strong>δι’</strong></span> <span class='ocrx_word' id='word_1_253' title='bbox 448 1774 591 1801; x_wconf 76' lang='grc' dir='ltr'>εὐλάϐειαν</span> <span class='ocrx_word' id='word_1_254' title='bbox 603 1774 674 1809; x_wconf 80' lang='grc' dir='ltr'>τάχα</span> <span class='ocrx_word' id='word_1_255' title='bbox 697 1775 744 1801; x_wconf 80' lang='grc' dir='ltr'><strong>καὶ</strong></span> <span class='ocrx_word' id='word_1_256' title='bbox 766 1775 850 1811; x_wconf 83' lang='grc' dir='ltr'>τιμὴν</span> <span class='ocrx_word' id='word_1_257' title='bbox 864 1775 918 1802; x_wconf 85' lang='grc' dir='ltr'>τῶν</span> 
     </span>
    </p>
   </div>
   <div class='ocr_carea' id='block_1_38' title="bbox 131 1820 919 1857">
    <p class='ocr_par' dir='ltr' id='par_1_38' title="bbox 131 1820 919 1857">
     <span class='ocr_line' id='line_1_38' title="bbox 131 1820 919 1857; baseline 0 -9"><span class='ocrx_word' id='word_1_258' title='bbox 131 1821 213 1848; x_wconf 89' lang='grc' dir='ltr'>θείων</span> <span class='ocrx_word' id='word_1_259' title='bbox 232 1821 327 1856; x_wconf 82' lang='grc' dir='ltr'>δώρων</span> <span class='ocrx_word' id='word_1_260' title='bbox 338 1821 430 1854; x_wconf 81' lang='grc' dir='ltr'>δοχεῖά</span> <span class='ocrx_word' id='word_1_261' title='bbox 447 1829 508 1847; x_wconf 85' lang='grc' dir='ltr'>τινα</span> <span class='ocrx_word' id='word_1_262' title='bbox 528 1820 632 1856; x_wconf 88' lang='grc' dir='ltr'>χρύσεα</span> <span class='ocrx_word' id='word_1_263' title='bbox 658 1821 674 1856; x_wconf 79' lang='grc' dir='ltr'><strong>ἢ</strong></span> <span class='ocrx_word' id='word_1_264' title='bbox 703 1821 732 1853; x_wconf 72' lang='grc' dir='ltr'><strong>ἐξ</strong></span> <span class='ocrx_word' id='word_1_265' title='bbox 749 1821 832 1857; x_wconf 78' lang='grc' dir='ltr'>ἄλλης</span> <span class='ocrx_word' id='word_1_266' title='bbox 853 1822 919 1856; x_wconf 77' lang='grc' dir='ltr'>ὕλης</span> 
     </span>
    </p>
   </div>
   <div class='ocr_carea' id='block_1_39' title="bbox 131 1867 920 1902">
    <p class='ocr_par' dir='ltr' id='par_1_39' title="bbox 131 1867 920 1902">
     <span class='ocr_line' id='line_1_39' title="bbox 131 1867 920 1902; baseline 0 -8"><span class='ocrx_word' id='word_1_267' title='bbox 131 1868 186 1894; x_wconf 84' lang='grc' dir='ltr'>τῶν</span> <span class='ocrx_word' id='word_1_268' title='bbox 203 1867 360 1900; x_wconf 84' lang='grc' dir='ltr'>πολυτίμων</span> <span class='ocrx_word' id='word_1_269' title='bbox 382 1875 535 1899; x_wconf 84' lang='grc' dir='ltr'>ποιουντες,</span> <span class='ocrx_word' id='word_1_270' title='bbox 560 1868 589 1893; x_wconf 84' lang='grc' dir='ltr'>ὲν</span> <span class='ocrx_word' id='word_1_271' title='bbox 616 1867 732 1900; x_wconf 75' lang='grc' dir='ltr'>ἐκείνοις</span> <span class='ocrx_word' id='word_1_272' title='bbox 756 1868 878 1902; x_wconf 71' lang='grc' dir='ltr'>ἐδέχοντο</span> <span class='ocrx_word' id='word_1_273' title='bbox 890 1868 920 1894; x_wconf 82' lang='grc' dir='ltr'>τὸ</span> 
     </span>
    </p>
   </div>
   <div class='ocr_carea' id='block_1_40' title="bbox 131 1911 921 1948">
    <p class='ocr_par' dir='ltr' id='par_1_40' title="bbox 131 1911 921 1948">
     <span class='ocr_line' id='line_1_40' title="bbox 131 1911 921 1948; baseline 0 -8"><span class='ocrx_word' id='word_1_274' title='bbox 131 1914 267 1946; x_wconf 79' lang='grc' dir='ltr'>ἄχραντον</span> <span class='ocrx_word' id='word_1_275' title='bbox 288 1911 368 1946; x_wconf 84' lang='grc' dir='ltr'>σῶμα.</span> <span class='ocrx_word' id='word_1_276' title='bbox 386 1911 432 1937; x_wconf 80' lang='grc' dir='ltr'><strong>τοῦ</strong></span> <span class='ocrx_word' id='word_1_277' title='bbox 449 1912 565 1946; x_wconf 81' lang='grc' dir='ltr'>Κυρίου,</span> <span class='ocrx_word' id='word_1_278' title='bbox 581 1914 627 1939; x_wconf 78' lang='grc' dir='ltr'>καὶ</span> <span class='ocrx_word' id='word_1_279' title='bbox 642 1913 727 1944; x_wconf 72' lang='grc' dir='ltr'>οὕτως</span> <span class='ocrx_word' id='word_1_280' title='bbox 749 1914 833 1940; x_wconf 82' lang='grc' dir='ltr'>αὑτοῦ</span> <span class='ocrx_word' id='word_1_281' title='bbox 857 1922 921 1948; x_wconf 84' lang='grc' dir='ltr'>μετ-</span> 
     </span>
    </p>
   </div>
   <div class='ocr_carea' id='block_1_41' title="bbox 133 1957 922 1992">
    <p class='ocr_par' dir='ltr' id='par_1_41' title="bbox 133 1957 922 1992">
     <span class='ocr_line' id='line_1_41' title="bbox 133 1957 922 1992; baseline 0 -8"><span class='ocrx_word' id='word_1_282' title='bbox 133 1958 297 1991; x_wconf 72' lang='grc' dir='ltr'>ελέιμὸανον.</span> <span class='ocrx_word' id='word_1_283' title='bbox 315 1958 404 1992; x_wconf 88' lang='grc' dir='ltr'>Ὅπερ</span> <span class='ocrx_word' id='word_1_284' title='bbox 416 1959 432 1992; x_wconf 79' lang='grc' dir='ltr'>ὴ</span> <span class='ocrx_word' id='word_1_285' title='bbox 450 1957 569 1989; x_wconf 71' lang='grc' dir='ltr'>σύνοδος,</span> <span class='ocrx_word' id='word_1_286' title='bbox 588 1958 640 1983; x_wconf 79' lang='grc' dir='ltr'><strong>κᾶν</strong></span> <span class='ocrx_word' id='word_1_287' title='bbox 660 1957 693 1984; x_wconf 85' lang='grc' dir='ltr'>δι’</span> <span class='ocrx_word' id='word_1_288' title='bbox 711 1958 852 1984; x_wconf 76' lang='grc' dir='ltr'>εὐλάϐειαν</span> <span class='ocrx_word' id='word_1_289' title='bbox 865 1958 922 1992; x_wconf 81' lang='grc' dir='ltr'>ὲγί-</span> 
     </span>
    </p>
   </div>
   <div class='ocr_carea' id='block_1_42' title="bbox 133 2001 921 2039">
    <p class='ocr_par' dir='ltr' id='par_1_42' title="bbox 133 2001 921 2039">
     <span class='ocr_line' id='line_1_42' title="bbox 133 2001 921 2039; baseline 0.001 -10"><span class='ocrx_word' id='word_1_290' title='bbox 133 2012 204 2035; x_wconf 82' lang='grc' dir='ltr'>νετο,</span> <span class='ocrx_word' id='word_1_291' title='bbox 214 2003 264 2029; x_wconf 83' lang='grc' dir='ltr'>οὐκ</span> <span class='ocrx_word' id='word_1_292' title='bbox 276 2001 395 2035; x_wconf 69' lang='grc' dir='ltr'><strong>ἐδέξατο.</strong></span> <span class='ocrx_word' id='word_1_293' title='bbox 414 2002 516 2033; x_wconf 77' lang='grc' dir='ltr'>Παντὸς</span> <span class='ocrx_word' id='word_1_294' title='bbox 530 2003 584 2037; x_wconf 85' lang='grc' dir='ltr'><strong>γὰρ</strong></span> <span class='ocrx_word' id='word_1_295' title='bbox 597 2003 729 2037; x_wconf 82' lang='grc' dir='ltr'>αίσθητοῦ</span> <span class='ocrx_word' id='word_1_296' title='bbox 756 2004 921 2039; x_wconf 60' lang='grc' dir='ltr'>πράγματος</span> 
     </span>
    </p>
   </div>
   <div class='ocr_carea' id='block_1_43' title="bbox 132 2048 920 2083">
    <p class='ocr_par' dir='ltr' id='par_1_43' title="bbox 132 2048 920 2083">
     <span class='ocr_line' id='line_1_43' title="bbox 132 2048 920 2083; baseline 0.003 -9"><span class='ocrx_word' id='word_1_297' title='bbox 132 2048 300 2083; x_wconf 82' lang='grc' dir='ltr'>τιμιώτερον</span> <span class='ocrx_word' id='word_1_298' title='bbox 324 2048 432 2082; x_wconf 83' lang='grc' dir='ltr'>ἡγεῖται</span> <span class='ocrx_word' id='word_1_299' title='bbox 446 2048 492 2074; x_wconf 77' lang='grc' dir='ltr'>τὸν</span> <span class='ocrx_word' id='word_1_300' title='bbox 509 2048 663 2083; x_wconf 79' lang='grc' dir='ltr'>ἄνθρωπον,</span> <span class='ocrx_word' id='word_1_301' title='bbox 691 2049 729 2080; x_wconf 81' lang='grc' dir='ltr'>ὡς</span> <span class='ocrx_word' id='word_1_302' title='bbox 746 2048 814 2075; x_wconf 85' lang='grc' dir='ltr'>Θεοῦ</span> <span class='ocrx_word' id='word_1_303' title='bbox 836 2050 920 2076; x_wconf 84' lang='grc' dir='ltr'>εἰκόνι</span> 
     </span>
    </p>
   </div>
   <div class='ocr_carea' id='block_1_44' title="bbox 131 2093 922 2129">
    <p class='ocr_par' dir='ltr' id='par_1_44' title="bbox 131 2093 922 2129">
     <span class='ocr_line' id='line_1_44' title="bbox 131 2093 922 2129; baseline 0.001 -9"><span class='ocrx_word' id='word_1_304' title='bbox 131 2094 328 2129; x_wconf 80' lang='grc' dir='ltr'>τετιμημένον,</span> <span class='ocrx_word' id='word_1_305' title='bbox 345 2093 481 2128; x_wconf 72' lang='grc' dir='ltr'>καὶσῶμα</span> <span class='ocrx_word' id='word_1_306' title='bbox 497 2093 617 2128; x_wconf 86' lang='grc' dir='ltr'>Χριστοῦ</span> <span class='ocrx_word' id='word_1_307' title='bbox 630 2093 776 2128; x_wconf 74' lang='grc' dir='ltr'>γενόμενον</span> <span class='ocrx_word' id='word_1_308' title='bbox 793 2095 839 2121; x_wconf 62' lang='grc' dir='ltr'><strong>καὶ</strong></span> <span class='ocrx_word' id='word_1_309' title='bbox 858 2095 922 2122; x_wconf 72' lang='grc' dir='ltr'>ναον</span> 
     </span>
    </p>
   </div>
   <div class='ocr_carea' id='block_1_45' title="bbox 133 2139 921 2174">
    <p class='ocr_par' dir='ltr' id='par_1_45' title="bbox 133 2139 921 2174">
     <span class='ocr_line' id='line_1_45' title="bbox 133 2139 921 2174; baseline 0.003 -8"><span class='ocrx_word' id='word_1_310' title='bbox 133 2140 203 2166; x_wconf 83' lang='grc' dir='ltr'>Θεοῦ</span> <span class='ocrx_word' id='word_1_311' title='bbox 224 2140 294 2166; x_wconf 78' lang='grc' dir='ltr'>κατὰ</span> <span class='ocrx_word' id='word_1_312' title='bbox 314 2139 359 2165; x_wconf 75' lang='grc' dir='ltr'><strong>τὸν</strong></span> <span class='ocrx_word' id='word_1_313' title='bbox 372 2140 444 2166; x_wconf 85' lang='grc' dir='ltr'>θεῖον</span> <span class='ocrx_word' id='word_1_314' title='bbox 459 2139 608 2165; x_wconf 82' lang='grc' dir='ltr'>ἀπόστολον</span> <span class='ocrx_word' id='word_1_315' title='bbox 625 2140 742 2166; x_wconf 85' lang='grc' dir='ltr'>Παῦλον.</span> <span class='ocrx_word' id='word_1_316' title='bbox 771 2141 847 2167; x_wconf 76' lang='grc' dir='ltr'>Ἐπεὶ</span> <span class='ocrx_word' id='word_1_317' title='bbox 864 2139 921 2174; x_wconf 81' lang='grc' dir='ltr'>οὖν,</span> 
     </span>
    </p>
   </div>
   <div class='ocr_carea' id='block_1_46' title="bbox 134 2184 922 2221">
    <p class='ocr_par' dir='ltr' id='par_1_46' title="bbox 134 2184 922 2221">
     <span class='ocr_line' id='line_1_46' title="bbox 134 2184 922 2221; baseline 0.001 -10"><span class='ocrx_word' id='word_1_318' title='bbox 134 2186 228 2220; x_wconf 81' lang='grc' dir='ltr'>φησὶν,</span> <span class='ocrx_word' id='word_1_319' title='bbox 252 2185 416 2219; x_wconf 81' lang='grc' dir='ltr'>ὑπέρκειται</span> <span class='ocrx_word' id='word_1_320' title='bbox 445 2184 538 2219; x_wconf 83' lang='grc' dir='ltr'>πάσης</span> <span class='ocrx_word' id='word_1_321' title='bbox 564 2185 680 2216; x_wconf 78' lang='grc' dir='ltr'>κτίσεως</span> <span class='ocrx_word' id='word_1_322' title='bbox 706 2185 848 2221; x_wconf 69' lang='grc' dir='ltr'>αἰσθητῆς,</span> <span class='ocrx_word' id='word_1_323' title='bbox 876 2187 922 2213; x_wconf 80' lang='grc' dir='ltr'><strong>καὶ</strong></span> 
     </span>
    </p>
   </div>
   <div class='ocr_carea' id='block_1_47' title="bbox 133 2230 922 2266">
    <p class='ocr_par' dir='ltr' id='par_1_47' title="bbox 133 2230 922 2266">
     <span class='ocr_line' id='line_1_47' title="bbox 133 2230 922 2266; baseline 0.001 -8"><span class='ocrx_word' id='word_1_324' title='bbox 133 2231 233 2258; x_wconf 73' lang='grc' dir='ltr'>ἐσθίων</span> <span class='ocrx_word' id='word_1_325' title='bbox 244 2231 291 2258; x_wconf 79' lang='grc' dir='ltr'>καὶ</span> <span class='ocrx_word' id='word_1_326' title='bbox 304 2231 389 2256; x_wconf 91' lang='grc' dir='ltr'>πίνων</span> <span class='ocrx_word' id='word_1_327' title='bbox 404 2230 523 2264; x_wconf 74' lang='grc' dir='ltr'>Χριστὸν</span> <span class='ocrx_word' id='word_1_328' title='bbox 533 2230 574 2256; x_wconf 69' lang='grc' dir='ltr'><strong>διὰ</strong></span> <span class='ocrx_word' id='word_1_329' title='bbox 590 2230 640 2263; x_wconf 84' lang='grc' dir='ltr'>τῆς</span> <span class='ocrx_word' id='word_1_330' title='bbox 655 2232 796 2263; x_wconf 83' lang='grc' dir='ltr'>κοινωνίας</span> <span class='ocrx_word' id='word_1_331' title='bbox 810 2233 922 2266; x_wconf 78' lang='grc' dir='ltr'>ἁγιάζε-</span> 
     </span>
    </p>
   </div>
   <div class='ocr_carea' id='block_1_48' title="bbox 133 2277 923 2312">
    <p class='ocr_par' dir='ltr' id='par_1_48' title="bbox 133 2277 923 2312">
     <span class='ocr_line' id='line_1_48' title="bbox 133 2277 923 2312; baseline 0.003 -9"><span class='ocrx_word' id='word_1_332' title='bbox 133 2287 180 2304; x_wconf 78' lang='grc' dir='ltr'><strong>ται</strong></span> <span class='ocrx_word' id='word_1_333' title='bbox 196 2277 268 2312; x_wconf 81' lang='grc' dir='ltr'><strong>ψυχῇ</strong></span> <span class='ocrx_word' id='word_1_334' title='bbox 285 2285 314 2303; x_wconf 88' lang='grc' dir='ltr'><strong>τε</strong></span> <span class='ocrx_word' id='word_1_335' title='bbox 335 2277 383 2304; x_wconf 76' lang='grc' dir='ltr'>καὶ</span> <span class='ocrx_word' id='word_1_336' title='bbox 401 2277 509 2312; x_wconf 87' lang='grc' dir='ltr'>σώματι</span> <span class='ocrx_word' id='word_1_337' title='bbox 529 2277 542 2303; x_wconf 81' lang='grc' dir='ltr'><em>ὁ</em></span> <span class='ocrx_word' id='word_1_338' title='bbox 562 2277 616 2302; x_wconf 84' lang='grc' dir='ltr'>τῶν</span> <span class='ocrx_word' id='word_1_339' title='bbox 637 2277 818 2312; x_wconf 77' lang='grc' dir='ltr'>ἁγιασμὰτων</span> <span class='ocrx_word' id='word_1_340' title='bbox 833 2278 923 2310; x_wconf 67' lang='grc' dir='ltr'>ἀξιού-</span> 
     </span>
    </p>
   </div>
   <div class='ocr_carea' id='block_1_49' title="bbox 137 2322 923 2359">
    <p class='ocr_par' dir='ltr' id='par_1_49' title="bbox 137 2322 923 2359">
     <span class='ocr_line' id='line_1_49' title="bbox 137 2322 923 2359; baseline 0.003 -9"><span class='ocrx_word' id='word_1_341' title='bbox 137 2333 229 2359; x_wconf 70' lang='grc' dir='ltr'>μενοξ,</span> <span class='ocrx_word' id='word_1_342' title='bbox 268 2325 294 2350; x_wconf 79' lang='grc' dir='ltr'>εἴ</span> <span class='ocrx_word' id='word_1_343' title='bbox 321 2332 361 2356; x_wconf 88' lang='grc' dir='ltr'><strong>τις</strong></span> <span class='ocrx_word' id='word_1_344' title='bbox 394 2325 422 2350; x_wconf 73' lang='grc' dir='ltr'><strong>ὲν</strong></span> <span class='ocrx_word' id='word_1_345' title='bbox 445 2322 535 2358; x_wconf 82' lang='grc' dir='ltr'>καιρῷ</span> <span class='ocrx_word' id='word_1_346' title='bbox 566 2323 703 2355; x_wconf 77' lang='grc' dir='ltr'>συνάξεως</span> <span class='ocrx_word' id='word_1_347' title='bbox 730 2322 854 2358; x_wconf 81' lang='grc' dir='ltr'>βούλεται</span> <span class='ocrx_word' id='word_1_348' title='bbox 876 2325 923 2352; x_wconf 86' lang='grc' dir='ltr'><strong>τοῦ</strong></span> 
     </span>
    </p>
   </div>
   <div class='ocr_carea' id='block_1_50' title="bbox 135 2369 926 2407">
    <p class='ocr_par' dir='ltr' id='par_1_50' title="bbox 135 2369 926 2407">
     <span class='ocr_line' id='line_1_50' title="bbox 135 2369 926 2407; baseline 0.001 -11"><span class='ocrx_word' id='word_1_349' title='bbox 135 2371 276 2405; x_wconf 83' lang='grc' dir='ltr'>ἁχράντου</span> <span class='ocrx_word' id='word_1_350' title='bbox 293 2369 420 2404; x_wconf 80' lang='grc' dir='ltr'>σώματος</span> <span class='ocrx_word' id='word_1_351' title='bbox 440 2369 615 2405; x_wconf 77' lang='grc' dir='ltr'>μεταλαϐεῖν,</span> <span class='ocrx_word' id='word_1_352' title='bbox 631 2370 753 2405; x_wconf 85' lang='grc' dir='ltr'>προσίτω</span> <span class='ocrx_word' id='word_1_353' title='bbox 771 2371 820 2402; x_wconf 72' lang='grc' dir='ltr'>τὰς</span> <span class='ocrx_word' id='word_1_354' title='bbox 833 2372 926 2407; x_wconf 86' lang='grc' dir='ltr'>χεῖρας</span> 
     </span>
    </p>
   </div>
   <div class='ocr_carea' id='block_1_51' title="bbox 135 2417 925 2454">
    <p class='ocr_par' dir='ltr' id='par_1_51' title="bbox 135 2417 925 2454">
     <span class='ocr_line' id='line_1_51' title="bbox 135 2417 925 2454; baseline 0.003 -10"><span class='ocrx_word' id='word_1_355' title='bbox 135 2419 273 2449; x_wconf 76' lang='grc' dir='ltr'>ἐκτείνας,</span> <span class='ocrx_word' id='word_1_356' title='bbox 292 2419 340 2443; x_wconf 76' lang='grc' dir='ltr'><strong>καὶ</strong></span> <span class='ocrx_word' id='word_1_357' title='bbox 359 2417 533 2452; x_wconf 82' lang='grc' dir='ltr'>σχηματίσας</span> <span class='ocrx_word' id='word_1_358' title='bbox 550 2417 590 2448; x_wconf 77' lang='grc' dir='ltr'>εἰς</span> <span class='ocrx_word' id='word_1_359' title='bbox 608 2417 696 2444; x_wconf 72' lang='grc' dir='ltr'>τύπον</span> <span class='ocrx_word' id='word_1_360' title='bbox 720 2419 853 2454; x_wconf 85' lang='grc' dir='ltr'>σταυροῦ,</span> <span class='ocrx_word' id='word_1_361' title='bbox 876 2420 925 2446; x_wconf 73' lang='grc' dir='ltr'><strong>καὶ</strong></span> 
     </span>
    </p>
   </div>
   <div class='ocr_carea' id='block_1_52' title="bbox 135 2464 926 2502">
    <p class='ocr_par' dir='ltr' id='par_1_52' title="bbox 135 2464 926 2502">
     <span class='ocr_line' id='line_1_52' title="bbox 135 2464 926 2502; baseline 0.001 -10"><span class='ocrx_word' id='word_1_362' title='bbox 135 2465 168 2492; x_wconf 79' lang='grc' dir='ltr'><strong>οὖ</strong></span> <span class='ocrx_word' id='word_1_363' title='bbox 175 2475 210 2492; x_wconf 75' lang='grc' dir='ltr'><strong>τω</strong></span> <span class='ocrx_word' id='word_1_364' title='bbox 224 2465 342 2500; x_wconf 79' lang='grc' dir='ltr'>δεχέσθω</span> <span class='ocrx_word' id='word_1_365' title='bbox 358 2466 406 2499; x_wconf 82' lang='grc' dir='ltr'>τὴν</span> <span class='ocrx_word' id='word_1_366' title='bbox 421 2464 565 2491; x_wconf 89' lang='grc' dir='ltr'>κοινωνίαν</span> <span class='ocrx_word' id='word_1_367' title='bbox 578 2465 628 2499; x_wconf 83' lang='grc' dir='ltr'>τῆς</span> <span class='ocrx_word' id='word_1_368' title='bbox 646 2464 769 2500; x_wconf 84' lang='grc' dir='ltr'>χάριτος,</span> <span class='ocrx_word' id='word_1_369' title='bbox 784 2467 818 2501; x_wconf 80' lang='grc' dir='ltr'><strong>ἢν</strong></span> <span class='ocrx_word' id='word_1_370' title='bbox 834 2467 900 2502; x_wconf 87' lang='grc' dir='ltr'><strong>ήμίν</strong></span> <span class='ocrx_word' id='word_1_371' title='bbox 912 2467 926 2493; x_wconf 80' lang='grc' dir='ltr'><strong>ὁ</strong></span> 
     </span>
    </p>
   </div>
   <div class='ocr_carea' id='block_1_53' title="bbox 137 2510 925 2546">
    <p class='ocr_par' dir='ltr' id='par_1_53' title="bbox 137 2510 925 2546">
     <span class='ocr_line' id='line_1_53' title="bbox 137 2510 925 2546; baseline 0.001 -8"><span class='ocrx_word' id='word_1_372' title='bbox 137 2511 242 2546; x_wconf 74' lang='grc' dir='ltr'>Κύριος</span> <span class='ocrx_word' id='word_1_373' title='bbox 256 2512 296 2542; x_wconf 83' lang='grc' dir='ltr'>εἰς</span> <span class='ocrx_word' id='word_1_374' title='bbox 315 2510 452 2545; x_wconf 77' lang='grc' dir='ltr'>ἁγιασμδν</span> <span class='ocrx_word' id='word_1_375' title='bbox 472 2510 632 2544; x_wconf 72' lang='grc' dir='ltr'>ἐχαρίσατο.</span> <span class='ocrx_word' id='word_1_376' title='bbox 660 2511 754 2543; x_wconf 75' lang='grc' dir='ltr'>Οὐδεὶς</span> <span class='ocrx_word' id='word_1_377' title='bbox 777 2512 830 2546; x_wconf 76' lang='grc' dir='ltr'>γὰρ</span> <span class='ocrx_word' id='word_1_378' title='bbox 850 2512 925 2544; x_wconf 76' lang='grc' dir='ltr'>ἄξιος</span> 
     </span>
    </p>
   </div>
   <div class='ocr_carea' id='block_1_54' title="bbox 136 2556 925 2592">
    <p class='ocr_par' dir='ltr' id='par_1_54' title="bbox 136 2556 925 2592">
     <span class='ocr_line' id='line_1_54' title="bbox 136 2556 925 2592; baseline 0.001 -8"><span class='ocrx_word' id='word_1_379' title='bbox 136 2558 244 2592; x_wconf 72' lang='grc' dir='ltr'>ἀληθῶς</span> <span class='ocrx_word' id='word_1_380' title='bbox 260 2559 318 2583; x_wconf 73' lang='grc' dir='ltr'>ἐστι</span> <span class='ocrx_word' id='word_1_381' title='bbox 339 2558 389 2591; x_wconf 77' lang='grc' dir='ltr'>τῆς</span> <span class='ocrx_word' id='word_1_382' title='bbox 413 2556 496 2583; x_wconf 88' lang='grc' dir='ltr'>αὺτοῦ</span> <span class='ocrx_word' id='word_1_383' title='bbox 523 2556 713 2591; x_wconf 67' lang='grc' dir='ltr'>μεταλῄψεως,</span> <span class='ocrx_word' id='word_1_384' title='bbox 735 2558 803 2585; x_wconf 74' lang='grc' dir='ltr'>ἀλλὰ</span> <span class='ocrx_word' id='word_1_385' title='bbox 823 2560 925 2590; x_wconf 80' lang='grc' dir='ltr'>πάντες</span> 
     </span>
    </p>
   </div>
   <div class='ocr_carea' id='block_1_55' title="bbox 137 2602 926 2639">
    <p class='ocr_par' dir='ltr' id='par_1_55' title="bbox 137 2602 926 2639">
     <span class='ocr_line' id='line_1_55' title="bbox 137 2602 926 2639; baseline 0.001 -9"><span class='ocrx_word' id='word_1_386' title='bbox 137 2605 231 2639; x_wconf 79' lang='grc' dir='ltr'>χάριτι</span> <span class='ocrx_word' id='word_1_387' title='bbox 259 2603 344 2636; x_wconf 77' lang='grc' dir='ltr'>αὐτῆς</span> <span class='ocrx_word' id='word_1_388' title='bbox 364 2602 528 2637; x_wconf 79' lang='grc' dir='ltr'>ἀξιούμεθα,</span> <span class='ocrx_word' id='word_1_389' title='bbox 550 2602 619 2628; x_wconf 73' lang='grc' dir='ltr'>καθὸ</span> <span class='ocrx_word' id='word_1_390' title='bbox 647 2603 692 2628; x_wconf 72' lang='grc' dir='ltr'>καὶ</span> <span class='ocrx_word' id='word_1_391' title='bbox 725 2604 817 2639; x_wconf 80' lang='grc' dir='ltr'>χάριτί</span> <span class='ocrx_word' id='word_1_392' title='bbox 842 2606 926 2639; x_wconf 82' lang='grc' dir='ltr'>ἐσμεν</span> 
     </span>
    </p>
   </div>
   <div class='ocr_carea' id='block_1_56' title="bbox 138 2648 926 2685">
    <p class='ocr_par' dir='ltr' id='par_1_56' title="bbox 138 2648 926 2685">
     <span class='ocr_line' id='line_1_56' title="bbox 138 2648 926 2685; baseline 0 -8"><span class='ocrx_word' id='word_1_393' title='bbox 138 2651 310 2685; x_wconf 72' lang='grc' dir='ltr'>σεσωσμένοι</span> <span class='ocrx_word' id='word_1_394' title='bbox 323 2648 394 2675; x_wconf 80' lang='grc' dir='ltr'>κατὰ</span> <span class='ocrx_word' id='word_1_395' title='bbox 406 2648 452 2674; x_wconf 80' lang='grc' dir='ltr'>τὸν</span> <span class='ocrx_word' id='word_1_396' title='bbox 466 2649 553 2683; x_wconf 79' lang='grc' dir='ltr'>μέγαν</span> <span class='ocrx_word' id='word_1_397' title='bbox 570 2648 682 2676; x_wconf 82' lang='grc' dir='ltr'>Παῦλον.</span> <span class='ocrx_word' id='word_1_398' title='bbox 695 2649 764 2681; x_wconf 84' lang='grc' dir='ltr'>Τοὺς</span> <span class='ocrx_word' id='word_1_399' title='bbox 771 2650 798 2676; x_wconf 77' lang='grc' dir='ltr'><strong>δὲ</strong></span> <span class='ocrx_word' id='word_1_400' title='bbox 812 2651 926 2677; x_wconf 85' lang='grc' dir='ltr'>τοιαῦτα</span> 
     </span>
    </p>
   </div>
   <div class='ocr_carea' id='block_1_57' title="bbox 136 2694 924 2732">
    <p class='ocr_par' dir='ltr' id='par_1_57' title="bbox 136 2694 924 2732">
     <span class='ocr_line' id='line_1_57' title="bbox 136 2694 924 2732; baseline -0.001 -9"><span class='ocrx_word' id='word_1_401' title='bbox 136 2698 226 2732; x_wconf 79' lang='grc' dir='ltr'>δοχεῖα</span> <span class='ocrx_word' id='word_1_402' title='bbox 248 2697 423 2731; x_wconf 80' lang='grc' dir='ltr'>κομίζοντας,</span> <span class='ocrx_word' id='word_1_403' title='bbox 446 2696 492 2720; x_wconf 83' lang='grc' dir='ltr'><strong>καὶ</strong></span> <span class='ocrx_word' id='word_1_404' title='bbox 512 2694 546 2721; x_wconf 85' lang='grc' dir='ltr'><strong>δι’</strong></span> <span class='ocrx_word' id='word_1_405' title='bbox 562 2694 652 2720; x_wconf 84' lang='grc' dir='ltr'>αὐτῶν</span> <span class='ocrx_word' id='word_1_406' title='bbox 678 2695 805 2729; x_wconf 66' lang='grc' dir='ltr'>δέχεσθαι</span> <span class='ocrx_word' id='word_1_407' title='bbox 830 2695 924 2730; x_wconf 76' lang='grc' dir='ltr'>βουλο-</span> 
     </span>
    </p>
   </div>
   <div class='ocr_carea' id='block_1_58' title="bbox 953 299 1738 336">
    <p class='ocr_par' dir='ltr' id='par_1_58' title="bbox 953 299 1738 336">
     <span class='ocr_line' id='line_1_58' title="bbox 953 299 1738 336; baseline -0.01 -2"><span class='ocrx_word' id='word_1_408' title='bbox 953 311 1053 334; x_wconf 76' lang='lat' dir='ltr'><strong>sancta:</strong></span> <span class='ocrx_word' id='word_1_409' title='bbox 1076 303 1277 331; x_wconf 88' lang='lat' dir='ltr'><strong>communionis</strong></span> <span class='ocrx_word' id='word_1_410' title='bbox 1302 306 1424 336; x_wconf 81' lang='lat' dir='ltr'><strong>tempore</strong></span> <span class='ocrx_word' id='word_1_411' title='bbox 1449 302 1475 328; x_wconf 89' lang='lat' dir='ltr'><strong>in</strong></span> <span class='ocrx_word' id='word_1_412' title='bbox 1500 300 1539 327; x_wconf 89' lang='lat' dir='ltr'><strong>eis</strong></span> <span class='ocrx_word' id='word_1_413' title='bbox 1562 299 1738 334; x_wconf 72' lang='lat' dir='ltr'><strong>recipiebant.</strong></span> 
     </span>
    </p>
   </div>
   <div class='ocr_carea' id='block_1_59' title="bbox 953 345 1740 383">
    <p class='ocr_par' dir='ltr' id='par_1_59' title="bbox 953 345 1740 383">
     <span class='ocr_line' id='line_1_59' title="bbox 953 345 1740 383; baseline -0.009 -5"><span class='ocrx_word' id='word_1_414' title='bbox 953 353 986 379; x_wconf 85' lang='lat' dir='ltr'><strong>Et</strong></span> <span class='ocrx_word' id='word_1_415' title='bbox 1014 351 1049 378; x_wconf 82' lang='lat' dir='ltr'><strong>ab</strong></span> <span class='ocrx_word' id='word_1_416' title='bbox 1077 349 1157 376; x_wconf 90' lang='lat' dir='ltr'><strong>initio</strong></span> <span class='ocrx_word' id='word_1_417' title='bbox 1182 347 1294 383; x_wconf 85' lang='lat' dir='ltr'><strong>quidem</strong></span> <span class='ocrx_word' id='word_1_418' title='bbox 1320 347 1371 374; x_wconf 88' lang='lat' dir='ltr'><strong>hoc</strong></span> <span class='ocrx_word' id='word_1_419' title='bbox 1399 347 1516 373; x_wconf 74' lang='lat' dir='ltr'><strong>fortasse</strong></span> <span class='ocrx_word' id='word_1_420' title='bbox 1539 353 1554 373; x_wconf 82' lang='lat' dir='ltr'><strong>tt</strong></span> <span class='ocrx_word' id='word_1_421' title='bbox 1578 345 1740 379; x_wconf 74' lang='lat' dir='ltr'><strong>quibusdam</strong></span> 
     </span>
    </p>
   </div>
   <div class='ocr_carea' id='block_1_60' title="bbox 954 392 1743 433">
    <p class='ocr_par' dir='ltr' id='par_1_60' title="bbox 954 392 1743 433">
     <span class='ocr_line' id='line_1_60' title="bbox 954 392 1743 433; baseline -0.009 -8"><span class='ocrx_word' id='word_1_422' title='bbox 954 402 1067 433; x_wconf 90' lang='lat' dir='ltr'><strong>propter</strong></span> <span class='ocrx_word' id='word_1_423' title='bbox 1084 396 1213 431; x_wconf 73' lang='lat' dir='ltr'><strong>pietatem</strong></span> <span class='ocrx_word' id='word_1_424' title='bbox 1240 394 1424 428; x_wconf 74' lang='lat' dir='ltr'><strong>excogitatum</strong></span> <span class='ocrx_word' id='word_1_425' title='bbox 1444 397 1498 424; x_wconf 85' lang='lat' dir='ltr'><strong>est,</strong></span> <span class='ocrx_word' id='word_1_426' title='bbox 1517 392 1632 419; x_wconf 73' lang='lat' dir='ltr'><strong>fortasse</strong></span> <span class='ocrx_word' id='word_1_427' title='bbox 1648 392 1743 419; x_wconf 75' lang='lat' dir='ltr'><strong>existi-</strong></span> 
     </span>
    </p>
   </div>
   <div class='ocr_carea' id='block_1_61' title="bbox 954 436 1743 472">
    <p class='ocr_par' dir='ltr' id='par_1_61' title="bbox 954 436 1743 472">
     <span class='ocr_line' id='line_1_61' title="bbox 954 436 1743 472; baseline -0.009 -2"><span class='ocrx_word' id='word_1_428' title='bbox 954 441 1096 470; x_wconf 84' lang='lat' dir='ltr'><strong>mantibus</strong></span> <span class='ocrx_word' id='word_1_429' title='bbox 1125 446 1237 466; x_wconf 89' lang='lat' dir='ltr'><strong>manum</strong></span> <span class='ocrx_word' id='word_1_430' title='bbox 1265 446 1319 465; x_wconf 85' lang='lat' dir='ltr'><strong>non</strong></span> <span class='ocrx_word' id='word_1_431' title='bbox 1343 445 1404 465; x_wconf 83' lang='lat' dir='ltr'><strong>esse</strong></span> <span class='ocrx_word' id='word_1_432' title='bbox 1429 437 1540 472; x_wconf 76' lang='lat' dir='ltr'><strong>dignam</strong></span> <span class='ocrx_word' id='word_1_433' title='bbox 1570 436 1743 464; x_wconf 89' lang='lat' dir='ltr'><strong>Dominicum</strong></span> 
     </span>
    </p>
   </div>
   <div class='ocr_carea' id='block_1_62' title="bbox 955 482 1742 522">
    <p class='ocr_par' dir='ltr' id='par_1_62' title="bbox 955 482 1742 522">
     <span class='ocr_line' id='line_1_62' title="bbox 955 482 1742 522; baseline -0.008 -7"><span class='ocrx_word' id='word_1_434' title='bbox 955 494 1054 522; x_wconf 86' lang='lat' dir='ltr'><strong>corpus</strong></span> <span class='ocrx_word' id='word_1_435' title='bbox 1072 485 1224 520; x_wconf 82' lang='lat' dir='ltr'><strong>suscipere,</strong></span> <span class='ocrx_word' id='word_1_436' title='bbox 1243 491 1303 519; x_wconf 67' lang='lat' dir='ltr'><strong>quae</strong></span> <span class='ocrx_word' id='word_1_437' title='bbox 1324 483 1415 518; x_wconf 86' lang='lat' dir='ltr'><strong>turpia</strong></span> <span class='ocrx_word' id='word_1_438' title='bbox 1442 482 1566 518; x_wconf 71' lang='lat' dir='ltr'><strong>quaedam</strong></span> <span class='ocrx_word' id='word_1_439' title='bbox 1589 488 1617 510; x_wconf 89' lang='lat' dir='ltr'><strong>et</strong></span> <span class='ocrx_word' id='word_1_440' title='bbox 1630 483 1742 517; x_wconf 76' lang='lat' dir='ltr'><strong>indigna</strong></span> 
     </span>
    </p>
   </div>
   <div class='ocr_carea' id='block_1_63' title="bbox 958 528 1745 568">
    <p class='ocr_par' dir='ltr' id='par_1_63' title="bbox 958 528 1745 568">
     <span class='ocr_line' id='line_1_63' title="bbox 958 528 1745 568; baseline -0.008 -8"><span class='ocrx_word' id='word_1_441' title='bbox 958 533 1056 568; x_wconf 84' lang='lat' dir='ltr'><strong>tangit.</strong></span> <span class='ocrx_word' id='word_1_442' title='bbox 1079 530 1249 558; x_wconf 84' lang='lat' dir='ltr'><strong>Procedente</strong></span> <span class='ocrx_word' id='word_1_443' title='bbox 1265 533 1355 558; x_wconf 86' lang='lat' dir='ltr'><strong>autem</strong></span> <span class='ocrx_word' id='word_1_444' title='bbox 1369 534 1502 563; x_wconf 89' lang='lat' dir='ltr'><strong>tempore,</strong></span> <span class='ocrx_word' id='word_1_445' title='bbox 1519 529 1552 556; x_wconf 93' lang='lat' dir='ltr'><strong>ad</strong></span> <span class='ocrx_word' id='word_1_446' title='bbox 1568 528 1666 555; x_wconf 78' lang='lat' dir='ltr'><strong>animae</strong></span> <span class='ocrx_word' id='word_1_447' title='bbox 1685 536 1745 563; x_wconf 84' lang='lat' dir='ltr'><strong>per-</strong></span> 
     </span>
    </p>
   </div>
   <div class='ocr_carea' id='block_1_64' title="bbox 957 574 1744 611">
    <p class='ocr_par' dir='ltr' id='par_1_64' title="bbox 957 574 1744 611">
     <span class='ocr_line' id='line_1_64' title="bbox 957 574 1744 611; baseline -0.008 -5"><span class='ocrx_word' id='word_1_448' title='bbox 957 579 1055 606; x_wconf 89' lang='lat' dir='ltr'><strong>niciem</strong></span> <span class='ocrx_word' id='word_1_449' title='bbox 1092 585 1226 606; x_wconf 82' lang='lat' dir='ltr'><strong>conversa</strong></span> <span class='ocrx_word' id='word_1_450' title='bbox 1251 581 1292 604; x_wconf 83' lang='lat' dir='ltr'><strong>est</strong></span> <span class='ocrx_word' id='word_1_451' title='bbox 1318 576 1415 611; x_wconf 84' lang='lat' dir='ltr'><strong>pietas,</strong></span> <span class='ocrx_word' id='word_1_452' title='bbox 1445 578 1537 610; x_wconf 88' lang='lat' dir='ltr'><strong>utpote</strong></span> <span class='ocrx_word' id='word_1_453' title='bbox 1564 575 1599 602; x_wconf 85' lang='lat' dir='ltr'><strong>iis</strong></span> <span class='ocrx_word' id='word_1_454' title='bbox 1623 574 1670 610; x_wconf 85' lang='lat' dir='ltr'><strong>qui</strong></span> <span class='ocrx_word' id='word_1_455' title='bbox 1701 574 1744 601; x_wconf 91' lang='lat' dir='ltr'><strong>illa</strong></span> 
     </span>
    </p>
   </div>
   <div class='ocr_carea' id='block_1_65' title="bbox 957 620 1746 659">
    <p class='ocr_par' dir='ltr' id='par_1_65' title="bbox 957 620 1746 659">
     <span class='ocr_line' id='line_1_65' title="bbox 957 620 1746 659; baseline -0.005 -8"><span class='ocrx_word' id='word_1_456' title='bbox 957 624 1074 657; x_wconf 79' lang='lat' dir='ltr'><strong>iaciunt,</strong></span> <span class='ocrx_word' id='word_1_457' title='bbox 1097 622 1306 659; x_wconf 83' lang='lat' dir='ltr'><strong>pauperioribus</strong></span> <span class='ocrx_word' id='word_1_458' title='bbox 1326 621 1448 657; x_wconf 66' lang='lat' dir='ltr'><strong>[n&#39;mferri</strong></span> <span class='ocrx_word' id='word_1_459' title='bbox 1464 620 1660 656; x_wconf 61' lang='lat' dir='ltr'><strong>quaerentibus,</strong></span> <span class='ocrx_word' id='word_1_460' title='bbox 1677 624 1704 647; x_wconf 91' lang='lat' dir='ltr'><strong>ct</strong></span> <span class='ocrx_word' id='word_1_461' title='bbox 1717 627 1746 647; x_wconf 88' lang='lat' dir='ltr'><strong>se</strong></span> 
     </span>
    </p>
   </div>
   <div class='ocr_carea' id='block_1_66' title="bbox 957 666 1771 706">
    <p class='ocr_par' dir='ltr' id='par_1_66' title="bbox 957 666 1771 706">
     <span class='ocr_line' id='line_1_66' title="bbox 957 666 1771 706; baseline -0.006 -8"><span class='ocrx_word' id='word_1_462' title='bbox 957 671 1060 706; x_wconf 86' lang='lat' dir='ltr'><strong>alioqui</strong></span> <span class='ocrx_word' id='word_1_463' title='bbox 1084 673 1246 704; x_wconf 75' lang='lat' dir='ltr'><strong>arroganter</strong></span> <span class='ocrx_word' id='word_1_464' title='bbox 1260 672 1287 696; x_wconf 87' lang='lat' dir='ltr'><strong>et</strong></span> <span class='ocrx_word' id='word_1_465' title='bbox 1310 668 1459 695; x_wconf 84' lang='lat' dir='ltr'><strong>insolenter</strong></span> <span class='ocrx_word' id='word_1_466' title='bbox 1479 667 1658 702; x_wconf 86' lang='lat' dir='ltr'><strong>jactantibus.</strong></span> <span class='ocrx_word' id='word_1_467' title='bbox 1674 666 1748 700; x_wconf 82' lang='lat' dir='ltr'><strong>Quo-</strong></span> <span class='ocrx_word' id='word_1_468' title='bbox 1765 685 1771 690; x_wconf 76' lang='grc' dir='ltr'><strong>ι</strong></span> 
     </span>
    </p>
   </div>
   <div class='ocr_carea' id='block_1_67' title="bbox 958 713 1749 751">
    <p class='ocr_par' dir='ltr' id='par_1_67' title="bbox 958 713 1749 751">
     <span class='ocr_line' id='line_1_67' title="bbox 958 713 1749 751; baseline -0.005 -7"><span class='ocrx_word' id='word_1_469' title='bbox 958 717 1033 745; x_wconf 90' lang='lat' dir='ltr'><strong>uiam</strong></span> <span class='ocrx_word' id='word_1_470' title='bbox 1049 723 1114 751; x_wconf 73' lang='lat' dir='ltr'><strong>ergo</strong></span> <span class='ocrx_word' id='word_1_471' title='bbox 1135 715 1187 741; x_wconf 90' lang='lat' dir='ltr'><strong>hoc</strong></span> <span class='ocrx_word' id='word_1_472' title='bbox 1203 715 1306 742; x_wconf 83' lang='lat' dir='ltr'><strong>sanctis</strong></span> <span class='ocrx_word' id='word_1_473' title='bbox 1325 713 1452 741; x_wconf 87' lang='lat' dir='ltr'><strong>Patribus</strong></span> <span class='ocrx_word' id='word_1_474' title='bbox 1468 713 1617 740; x_wconf 87' lang='lat' dir='ltr'><strong>multorum</strong></span> <span class='ocrx_word' id='word_1_475' title='bbox 1634 713 1749 742; x_wconf 78' lang='lat' dir='ltr'><strong>scande-</strong></span> 
     </span>
    </p>
   </div>
   <div class='ocr_carea' id='block_1_68' title="bbox 960 759 1749 794">
    <p class='ocr_par' dir='ltr' id='par_1_68' title="bbox 960 759 1749 794">
     <span class='ocr_line' id='line_1_68' title="bbox 960 759 1749 794; baseline -0.006 -4"><span class='ocrx_word' id='word_1_476' title='bbox 960 765 1048 790; x_wconf 87' lang='lat' dir='ltr'><strong>lorum</strong></span> <span class='ocrx_word' id='word_1_477' title='bbox 1074 766 1101 789; x_wconf 87' lang='lat' dir='ltr'><strong>et</strong></span> <span class='ocrx_word' id='word_1_478' title='bbox 1120 760 1348 788; x_wconf 76' lang='lat' dir='ltr'><strong>oil&#39;endiculorum</strong></span> <span class='ocrx_word' id='word_1_479' title='bbox 1375 767 1486 787; x_wconf 86' lang='lat' dir='ltr'><strong>causam</strong></span> <span class='ocrx_word' id='word_1_480' title='bbox 1509 759 1641 794; x_wconf 71' lang='lat' dir='ltr'><strong>praebere,</strong></span> <span class='ocrx_word' id='word_1_481' title='bbox 1669 763 1699 785; x_wconf 87' lang='lat' dir='ltr'><strong>ttt</strong></span> <span class='ocrx_word' id='word_1_482' title='bbox 1721 763 1749 785; x_wconf 89' lang='lat' dir='ltr'><strong>et</strong></span> 
     </span>
    </p>
   </div>
   <div class='ocr_carea' id='block_1_69' title="bbox 959 804 1751 846">
    <p class='ocr_par' dir='ltr' id='par_1_69' title="bbox 959 804 1751 846">
     <span class='ocr_line' id='line_1_69' title="bbox 959 804 1751 846; baseline -0.004 -11"><span class='ocrx_word' id='word_1_483' title='bbox 959 809 986 835; x_wconf 92' lang='lat' dir='ltr'><strong>in</strong></span> <span class='ocrx_word' id='word_1_484' title='bbox 1007 813 1132 836; x_wconf 88' lang='lat' dir='ltr'><strong>nostrum</strong></span> <span class='ocrx_word' id='word_1_485' title='bbox 1156 815 1266 843; x_wconf 83' lang='lat' dir='ltr'><strong>quoque</strong></span> <span class='ocrx_word' id='word_1_486' title='bbox 1292 814 1404 842; x_wconf 87' lang='lat' dir='ltr'><strong>corpus,</strong></span> <span class='ocrx_word' id='word_1_487' title='bbox 1426 805 1460 833; x_wconf 87' lang='lat' dir='ltr'><strong>ad</strong></span> <span class='ocrx_word' id='word_1_488' title='bbox 1483 805 1627 840; x_wconf 77' lang='lat' dir='ltr'><strong>imaginem</strong></span> <span class='ocrx_word' id='word_1_489' title='bbox 1647 804 1695 846; x_wconf 81' lang='lat' dir='ltr'><strong>l)_ei</strong></span> <span class='ocrx_word' id='word_1_490' title='bbox 1711 804 1751 832; x_wconf 80' lang='lat' dir='ltr'><strong>fa-</strong></span> 
     </span>
    </p>
   </div>
   <div class='ocr_carea' id='block_1_70' title="bbox 959 851 1750 887">
    <p class='ocr_par' dir='ltr' id='par_1_70' title="bbox 959 851 1750 887">
     <span class='ocr_line' id='line_1_70' title="bbox 959 851 1750 887; baseline -0.005 -5"><span class='ocrx_word' id='word_1_491' title='bbox 959 859 1044 887; x_wconf 90' lang='lat' dir='ltr'><strong>ctum,</strong></span> <span class='ocrx_word' id='word_1_492' title='bbox 1069 855 1298 882; x_wconf 84' lang='lat' dir='ltr'><strong>contumeliosum</strong></span> <span class='ocrx_word' id='word_1_493' title='bbox 1328 860 1390 881; x_wconf 80' lang='lat' dir='ltr'><strong>esse</strong></span> <span class='ocrx_word' id='word_1_494' title='bbox 1417 852 1505 879; x_wconf 88' lang='lat' dir='ltr'><strong>visum</strong></span> <span class='ocrx_word' id='word_1_495' title='bbox 1533 856 1585 884; x_wconf 88' lang='lat' dir='ltr'><strong>est,</strong></span> <span class='ocrx_word' id='word_1_496' title='bbox 1611 851 1750 884; x_wconf 82' lang='lat' dir='ltr'><strong>dixerunt,</strong></span> 
     </span>
    </p>
   </div>
   <div class='ocr_carea' id='block_1_71' title="bbox 962 899 1751 935">
    <p class='ocr_par' dir='ltr' id='par_1_71' title="bbox 962 899 1751 935">
     <span class='ocr_line' id='line_1_71' title="bbox 962 899 1751 935; baseline -0.004 -7"><span class='ocrx_word' id='word_1_497' title='bbox 962 901 1035 935; x_wconf 90' lang='lat' dir='ltr'><strong>quod</strong></span> <span class='ocrx_word' id='word_1_498' title='bbox 1051 908 1114 928; x_wconf 86' lang='lat' dir='ltr'><strong>cum</strong></span> <span class='ocrx_word' id='word_1_499' title='bbox 1130 908 1246 935; x_wconf 76' lang='lat' dir='ltr'><strong>magnus</strong></span> <span class='ocrx_word' id='word_1_500' title='bbox 1260 900 1400 935; x_wconf 79' lang='lat' dir='ltr'><strong>apostolus</strong></span> <span class='ocrx_word' id='word_1_501' title='bbox 1417 900 1518 927; x_wconf 88' lang='lat' dir='ltr'><strong>Paulus</strong></span> <span class='ocrx_word' id='word_1_502' title='bbox 1532 907 1633 934; x_wconf 88' lang='lat' dir='ltr'><strong>corpus</strong></span> <span class='ocrx_word' id='word_1_503' title='bbox 1645 899 1751 927; x_wconf 82' lang='lat' dir='ltr'><strong>Christi</strong></span> 
     </span>
    </p>
   </div>
   <div class='ocr_carea' id='block_1_72' title="bbox 961 946 1752 982">
    <p class='ocr_par' dir='ltr' id='par_1_72' title="bbox 961 946 1752 982">
     <span class='ocr_line' id='line_1_72' title="bbox 961 946 1752 982; baseline -0.001 -8"><span class='ocrx_word' id='word_1_504' title='bbox 961 953 987 975; x_wconf 93' lang='lat' dir='ltr'><strong>et</strong></span> <span class='ocrx_word' id='word_1_505' title='bbox 1005 947 1051 974; x_wconf 86' lang='lat' dir='ltr'><strong>Dei</strong></span> <span class='ocrx_word' id='word_1_506' title='bbox 1069 947 1227 982; x_wconf 76' lang='lat' dir='ltr'><strong>imaginem,</strong></span> <span class='ocrx_word' id='word_1_507' title='bbox 1247 952 1275 974; x_wconf 88' lang='lat' dir='ltr'><strong>et</strong></span> <span class='ocrx_word' id='word_1_508' title='bbox 1291 947 1388 982; x_wconf 79' lang='lat' dir='ltr'><strong>quavis</strong></span> <span class='ocrx_word' id='word_1_509' title='bbox 1405 951 1531 973; x_wconf 76' lang='lat' dir='ltr'><strong>creatura</strong></span> <span class='ocrx_word' id='word_1_510' title='bbox 1548 946 1752 980; x_wconf 85' lang='lat' dir='ltr'><strong>pretiosiorem,</strong></span> 
     </span>
    </p>
   </div>
   <div class='ocr_carea' id='block_1_73' title="bbox 962 993 1752 1027">
    <p class='ocr_par' dir='ltr' id='par_1_73' title="bbox 962 993 1752 1027">
     <span class='ocr_line' id='line_1_73' title="bbox 962 993 1752 1027; baseline 0.001 -8"><span class='ocrx_word' id='word_1_511' title='bbox 962 993 1100 1020; x_wconf 86' lang='lat' dir='ltr'><strong>hominem</strong></span> <span class='ocrx_word' id='word_1_512' title='bbox 1120 997 1210 1025; x_wconf 80' lang='lat' dir='ltr'><strong>vocet.</strong></span> <span class='ocrx_word' id='word_1_513' title='bbox 1232 998 1262 1020; x_wconf 92' lang='lat' dir='ltr'><strong>ut</strong></span> <span class='ocrx_word' id='word_1_514' title='bbox 1278 993 1324 1027; x_wconf 91' lang='lat' dir='ltr'><strong>qui</strong></span> <span class='ocrx_word' id='word_1_515' title='bbox 1342 993 1498 1019; x_wconf 89' lang='lat' dir='ltr'><strong>divinorum</strong></span> <span class='ocrx_word' id='word_1_516' title='bbox 1515 997 1752 1020; x_wconf 82' lang='lat' dir='ltr'><strong>sacramentorum</strong></span> 
     </span>
    </p>
   </div>
   <div class='ocr_carea' id='block_1_74' title="bbox 962 1038 1752 1073">
    <p class='ocr_par' dir='ltr' id='par_1_74' title="bbox 962 1038 1752 1073">
     <span class='ocr_line' id='line_1_74' title="bbox 962 1038 1752 1073; baseline 0 -9"><span class='ocrx_word' id='word_1_517' title='bbox 962 1038 1171 1073; x_wconf 81' lang='lat' dir='ltr'><strong>participatione</strong></span> <span class='ocrx_word' id='word_1_518' title='bbox 1197 1039 1295 1072; x_wconf 81' lang='lat' dir='ltr'><strong>dignus</strong></span> <span class='ocrx_word' id='word_1_519' title='bbox 1313 1038 1456 1069; x_wconf 81' lang='lat' dir='ltr'><strong>habeatur,</strong></span> <span class='ocrx_word' id='word_1_520' title='bbox 1477 1042 1505 1065; x_wconf 86' lang='lat' dir='ltr'><strong>et</strong></span> <span class='ocrx_word' id='word_1_521' title='bbox 1521 1046 1553 1065; x_wconf 79' lang='lat' dir='ltr'><strong>ex</strong></span> <span class='ocrx_word' id='word_1_522' title='bbox 1573 1045 1605 1064; x_wconf 90' lang='lat' dir='ltr'><strong>co</strong></span> <span class='ocrx_word' id='word_1_523' title='bbox 1619 1042 1646 1066; x_wconf 89' lang='lat' dir='ltr'><strong>et</strong></span> <span class='ocrx_word' id='word_1_524' title='bbox 1661 1038 1752 1065; x_wconf 84' lang='lat' dir='ltr'><strong>anima</strong></span> 
     </span>
    </p>
   </div>
   <div class='ocr_carea' id='block_1_75' title="bbox 961 1084 1754 1119">
    <p class='ocr_par' dir='ltr' id='par_1_75' title="bbox 961 1084 1754 1119">
     <span class='ocr_line' id='line_1_75' title="bbox 961 1084 1754 1119; baseline -0.003 -8"><span class='ocrx_word' id='word_1_525' title='bbox 961 1088 989 1111; x_wconf 90' lang='lat' dir='ltr'><strong>et</strong></span> <span class='ocrx_word' id='word_1_526' title='bbox 1005 1092 1120 1119; x_wconf 89' lang='lat' dir='ltr'><strong>corpore</strong></span> <span class='ocrx_word' id='word_1_527' title='bbox 1136 1084 1342 1116; x_wconf 82' lang='lat' dir='ltr'><strong>sanctiﬁcetur,</strong></span> <span class='ocrx_word' id='word_1_528' title='bbox 1359 1092 1413 1111; x_wconf 90' lang='lat' dir='ltr'><strong>non</strong></span> <span class='ocrx_word' id='word_1_529' title='bbox 1428 1084 1528 1112; x_wconf 82' lang='lat' dir='ltr'><strong>debent</strong></span> <span class='ocrx_word' id='word_1_530' title='bbox 1544 1085 1602 1117; x_wconf 91' lang='lat' dir='ltr'><strong>ulli,</strong></span> <span class='ocrx_word' id='word_1_531' title='bbox 1619 1085 1754 1112; x_wconf 74' lang='lat' dir='ltr'><strong>inanima.</strong></span> 
     </span>
    </p>
   </div>
   <div class='ocr_carea' id='block_1_76' title="bbox 965 1129 1755 1166">
    <p class='ocr_par' dir='ltr' id='par_1_76' title="bbox 965 1129 1755 1166">
     <span class='ocr_line' id='line_1_76' title="bbox 965 1129 1755 1166; baseline 0.003 -10"><span class='ocrx_word' id='word_1_532' title='bbox 965 1134 1007 1157; x_wconf 90' lang='lat' dir='ltr'><strong>tas</strong></span> <span class='ocrx_word' id='word_1_533' title='bbox 1027 1129 1218 1164; x_wconf 71' lang='lat' dir='ltr'><strong>ct&#39;subjectas</strong></span> <span class='ocrx_word' id='word_1_534' title='bbox 1245 1130 1364 1164; x_wconf 82' lang='lat' dir='ltr'><strong>species,</strong></span> <span class='ocrx_word' id='word_1_535' title='bbox 1395 1137 1429 1156; x_wconf 83' lang='lat' dir='ltr'><strong>cx</strong></span> <span class='ocrx_word' id='word_1_536' title='bbox 1454 1137 1522 1157; x_wconf 86' lang='lat' dir='ltr'><strong>auro</strong></span> <span class='ocrx_word' id='word_1_537' title='bbox 1537 1135 1564 1158; x_wconf 86' lang='lat' dir='ltr'><strong>et</strong></span> <span class='ocrx_word' id='word_1_538' title='bbox 1590 1131 1755 1166; x_wconf 78' lang='lat' dir='ltr'><strong>quibusdam</strong></span> 
     </span>
    </p>
   </div>
   <div class='ocr_carea' id='block_1_77' title="bbox 965 1174 1755 1211">
    <p class='ocr_par' dir='ltr' id='par_1_77' title="bbox 965 1174 1755 1211">
     <span class='ocr_line' id='line_1_77' title="bbox 965 1174 1755 1211; baseline 0.004 -10"><span class='ocrx_word' id='word_1_539' title='bbox 965 1175 1025 1202; x_wconf 88' lang='lat' dir='ltr'><strong>aliis</strong></span> <span class='ocrx_word' id='word_1_540' title='bbox 1044 1175 1232 1202; x_wconf 82' lang='lat' dir='ltr'><strong>matcrialibus</strong></span> <span class='ocrx_word' id='word_1_541' title='bbox 1257 1174 1355 1208; x_wconf 81' lang='lat' dir='ltr'><strong>factas,</strong></span> <span class='ocrx_word' id='word_1_542' title='bbox 1372 1175 1396 1203; x_wconf 90' lang='lat' dir='ltr'><strong>ei</strong></span> <span class='ocrx_word' id='word_1_543' title='bbox 1419 1175 1549 1210; x_wconf 78' lang='lat' dir='ltr'><strong>praeferre</strong></span> <span class='ocrx_word' id='word_1_544' title='bbox 1565 1185 1572 1204; x_wconf 90' lang='lat'><strong>:</strong></span> <span class='ocrx_word' id='word_1_545' title='bbox 1589 1176 1630 1203; x_wconf 86' lang='lat' dir='ltr'><strong>vel</strong></span> <span class='ocrx_word' id='word_1_546' title='bbox 1655 1177 1755 1211; x_wconf 86' lang='lat' dir='ltr'><strong>alioqui</strong></span> 
     </span>
    </p>
   </div>
   <div class='ocr_carea' id='block_1_78' title="bbox 965 1222 1756 1258">
    <p class='ocr_par' dir='ltr' id='par_1_78' title="bbox 965 1222 1756 1258">
     <span class='ocr_line' id='line_1_78' title="bbox 965 1222 1756 1258; baseline 0 -9"><span class='ocrx_word' id='word_1_547' title='bbox 965 1223 982 1249; x_wconf 96' lang='lat' dir='ltr'><strong>ii</strong></span> <span class='ocrx_word' id='word_1_548' title='bbox 997 1223 1119 1257; x_wconf 86' lang='lat' dir='ltr'><strong>quidem,</strong></span> <span class='ocrx_word' id='word_1_549' title='bbox 1134 1223 1179 1257; x_wconf 88' lang='lat' dir='ltr'><strong>qui</strong></span> <span class='ocrx_word' id='word_1_550' title='bbox 1195 1226 1295 1257; x_wconf 57' lang='lat' dir='ltr'><strong>prater</strong></span> <span class='ocrx_word' id='word_1_551' title='bbox 1314 1222 1371 1249; x_wconf 77' lang='lat' dir='ltr'><strong>lucc</strong></span> <span class='ocrx_word' id='word_1_552' title='bbox 1388 1222 1503 1254; x_wconf 75' lang='lat' dir='ltr'><strong>faciunt,</strong></span> <span class='ocrx_word' id='word_1_553' title='bbox 1522 1227 1711 1258; x_wconf 76' lang='lat' dir='ltr'><strong>segregantur,</strong></span> <span class='ocrx_word' id='word_1_554' title='bbox 1727 1227 1756 1250; x_wconf 85' lang='lat' dir='ltr'><strong>et</strong></span> 
     </span>
    </p>
   </div>
   <div class='ocr_carea' id='block_1_79' title="bbox 966 1268 1757 1304">
    <p class='ocr_par' dir='ltr' id='par_1_79' title="bbox 966 1268 1757 1304">
     <span class='ocr_line' id='line_1_79' title="bbox 966 1268 1757 1304; baseline 0.003 -9"><span class='ocrx_word' id='word_1_555' title='bbox 966 1269 983 1296; x_wconf 95' lang='lat' dir='ltr'><strong>ii</strong></span> <span class='ocrx_word' id='word_1_556' title='bbox 1004 1269 1121 1301; x_wconf 81' lang='lat' dir='ltr'><strong>scilicet,</strong></span> <span class='ocrx_word' id='word_1_557' title='bbox 1146 1269 1194 1304; x_wconf 83' lang='lat' dir='ltr'><strong>qui</strong></span> <span class='ocrx_word' id='word_1_558' title='bbox 1222 1268 1359 1303; x_wconf 89' lang='lat' dir='ltr'><strong>ejusmodi</strong></span> <span class='ocrx_word' id='word_1_559' title='bbox 1377 1269 1568 1296; x_wconf 83' lang='lat' dir='ltr'><strong>materialibus</strong></span> <span class='ocrx_word' id='word_1_560' title='bbox 1584 1269 1618 1296; x_wconf 85' lang='lat' dir='ltr'><strong>ad</strong></span> <span class='ocrx_word' id='word_1_561' title='bbox 1633 1270 1757 1304; x_wconf 81' lang='lat' dir='ltr'><strong>corporis</strong></span> 
     </span>
    </p>
   </div>
   <div class='ocr_carea' id='block_1_80' title="bbox 965 1314 1758 1350">
    <p class='ocr_par' dir='ltr' id='par_1_80' title="bbox 965 1314 1758 1350">
     <span class='ocr_line' id='line_1_80' title="bbox 965 1314 1758 1350; baseline 0 -8"><span class='ocrx_word' id='word_1_562' title='bbox 965 1314 1067 1342; x_wconf 85' lang='lat' dir='ltr'><strong>Christi</strong></span> <span class='ocrx_word' id='word_1_563' title='bbox 1092 1315 1294 1350; x_wconf 86' lang='lat' dir='ltr'><strong>susceptionem</strong></span> <span class='ocrx_word' id='word_1_564' title='bbox 1310 1319 1435 1346; x_wconf 88' lang='lat' dir='ltr'><strong>utuntur,</strong></span> <span class='ocrx_word' id='word_1_565' title='bbox 1452 1319 1479 1342; x_wconf 90' lang='lat' dir='ltr'><strong>et</strong></span> <span class='ocrx_word' id='word_1_566' title='bbox 1502 1315 1548 1350; x_wconf 82' lang='lat' dir='ltr'><strong>qui</strong></span> <span class='ocrx_word' id='word_1_567' title='bbox 1564 1315 1605 1342; x_wconf 78' lang='lat' dir='ltr'><strong>eis</strong></span> <span class='ocrx_word' id='word_1_568' title='bbox 1622 1315 1674 1342; x_wconf 91' lang='lat' dir='ltr'><strong>hoc</strong></span> <span class='ocrx_word' id='word_1_569' title='bbox 1691 1323 1758 1350; x_wconf 78' lang='lat' dir='ltr'><strong>pne-</strong></span> 
     </span>
    </p>
   </div>
   <div class='ocr_carea' id='block_1_81' title="bbox 967 1361 1758 1396">
    <p class='ocr_par' dir='ltr' id='par_1_81' title="bbox 967 1361 1758 1396">
     <span class='ocr_line' id='line_1_81' title="bbox 967 1361 1758 1396; baseline 0 -8"><span class='ocrx_word' id='word_1_570' title='bbox 967 1363 1044 1389; x_wconf 83' lang='lat' dir='ltr'><strong>bcnt.</strong></span> <span class='ocrx_word' id='word_1_571' title='bbox 1072 1361 1111 1389; x_wconf 88' lang='lat' dir='ltr'><strong>Ne</strong></span> <span class='ocrx_word' id='word_1_572' title='bbox 1135 1361 1246 1388; x_wconf 89' lang='lat' dir='ltr'><strong>mireris</strong></span> <span class='ocrx_word' id='word_1_573' title='bbox 1266 1365 1368 1394; x_wconf 90' lang='lat' dir='ltr'><strong>autem,</strong></span> <span class='ocrx_word' id='word_1_574' title='bbox 1394 1368 1444 1388; x_wconf 90' lang='lat' dir='ltr'><strong>nec</strong></span> <span class='ocrx_word' id='word_1_575' title='bbox 1469 1368 1580 1388; x_wconf 87' lang='lat' dir='ltr'><strong>causam</strong></span> <span class='ocrx_word' id='word_1_576' title='bbox 1607 1361 1758 1396; x_wconf 77' lang='lat' dir='ltr'><strong>rogaveris,</strong></span> 
     </span>
    </p>
   </div>
   <div class='ocr_carea' id='block_1_82' title="bbox 967 1407 1759 1443">
    <p class='ocr_par' dir='ltr' id='par_1_82' title="bbox 967 1407 1759 1443">
     <span class='ocr_line' id='line_1_82' title="bbox 967 1407 1759 1443; baseline 0.001 -8"><span class='ocrx_word' id='word_1_577' title='bbox 967 1412 1080 1443; x_wconf 90' lang='lat' dir='ltr'><strong>propter</strong></span> <span class='ocrx_word' id='word_1_578' title='bbox 1106 1415 1186 1442; x_wconf 88' lang='lat' dir='ltr'><strong>quam</strong></span> <span class='ocrx_word' id='word_1_579' title='bbox 1205 1408 1231 1434; x_wconf 92' lang='lat' dir='ltr'><strong>in</strong></span> <span class='ocrx_word' id='word_1_580' title='bbox 1247 1407 1410 1442; x_wconf 83' lang='lat' dir='ltr'><strong>quibusdam</strong></span> <span class='ocrx_word' id='word_1_581' title='bbox 1433 1407 1559 1436; x_wconf 87' lang='lat' dir='ltr'><strong>ccclesiis</strong></span> <span class='ocrx_word' id='word_1_582' title='bbox 1574 1408 1655 1436; x_wconf 88' lang='lat' dir='ltr'><strong>datur</strong></span> <span class='ocrx_word' id='word_1_583' title='bbox 1680 1409 1759 1436; x_wconf 86' lang='lat' dir='ltr'><strong>laicis</strong></span> 
     </span>
    </p>
   </div>
   <div class='ocr_carea' id='block_1_83' title="bbox 968 1450 1758 1489">
    <p class='ocr_par' dir='ltr' id='par_1_83' title="bbox 968 1450 1758 1489">
     <span class='ocr_line' id='line_1_83' title="bbox 968 1450 1758 1489; baseline 0.003 -8"><span class='ocrx_word' id='word_1_584' title='bbox 968 1458 1096 1482; x_wconf 87' lang='lat' dir='ltr'><strong>sanctutn</strong></span> <span class='ocrx_word' id='word_1_585' title='bbox 1114 1454 1217 1482; x_wconf 83' lang='lat' dir='ltr'><strong>Christi</strong></span> <span class='ocrx_word' id='word_1_586' title='bbox 1235 1450 1347 1489; x_wconf 83' lang='lat' dir='ltr'><strong>corpus,</strong></span> <span class='ocrx_word' id='word_1_587' title='bbox 1363 1461 1413 1481; x_wconf 86' lang='lat' dir='ltr'><strong>nec</strong></span> <span class='ocrx_word' id='word_1_588' title='bbox 1427 1454 1468 1481; x_wconf 91' lang='lat' dir='ltr'><strong>eis</strong></span> <span class='ocrx_word' id='word_1_589' title='bbox 1484 1455 1511 1481; x_wconf 91' lang='lat' dir='ltr'><strong>in</strong></span> <span class='ocrx_word' id='word_1_590' title='bbox 1528 1463 1610 1482; x_wconf 90' lang='lat' dir='ltr'><strong>manu</strong></span> <span class='ocrx_word' id='word_1_591' title='bbox 1631 1456 1758 1488; x_wconf 86' lang='lat' dir='ltr'><strong>traditur,</strong></span> 
     </span>
    </p>
   </div>
   <div class='ocr_carea' id='block_1_84' title="bbox 969 1500 1758 1529">
    <p class='ocr_par' dir='ltr' id='par_1_84' title="bbox 969 1500 1758 1529">
     <span class='ocr_line' id='line_1_84' title="bbox 969 1500 1758 1529; baseline 0.004 -3"><span class='ocrx_word' id='word_1_592' title='bbox 969 1504 998 1527; x_wconf 91' lang='lat' dir='ltr'><strong>ut</strong></span> <span class='ocrx_word' id='word_1_593' title='bbox 1011 1500 1063 1527; x_wconf 90' lang='lat' dir='ltr'><strong>hoc</strong></span> <span class='ocrx_word' id='word_1_594' title='bbox 1078 1507 1184 1527; x_wconf 81' lang='lat' dir='ltr'><strong>canone</strong></span> <span class='ocrx_word' id='word_1_595' title='bbox 1199 1500 1354 1527; x_wconf 68' lang='lat' dir='ltr'><strong>continuatur</strong></span> <span class='ocrx_word' id='word_1_596' title='bbox 1370 1508 1376 1527; x_wconf 94' lang='lat'>:</span> <span class='ocrx_word' id='word_1_597' title='bbox 1396 1504 1469 1527; x_wconf 88' lang='lat' dir='ltr'><strong>recta</strong></span> <span class='ocrx_word' id='word_1_598' title='bbox 1484 1500 1556 1527; x_wconf 85' lang='lat' dir='ltr'><strong>enim</strong></span> <span class='ocrx_word' id='word_1_599' title='bbox 1579 1501 1646 1529; x_wconf 81' lang='lat' dir='ltr'><strong>ﬁdes</strong></span> <span class='ocrx_word' id='word_1_600' title='bbox 1671 1505 1697 1529; x_wconf 85' lang='lat' dir='ltr'><strong>et</strong></span> <span class='ocrx_word' id='word_1_601' title='bbox 1711 1502 1758 1529; x_wconf 89' lang='lat' dir='ltr'><strong>Dei</strong></span> 
     </span>
    </p>
   </div>
   <div class='ocr_carea' id='block_1_85' title="bbox 968 1547 1761 1582">
    <p class='ocr_par' dir='ltr' id='par_1_85' title="bbox 968 1547 1761 1582">
     <span class='ocr_line' id='line_1_85' title="bbox 968 1547 1761 1582; baseline 0.004 -8"><span class='ocrx_word' id='word_1_602' title='bbox 968 1548 1061 1579; x_wconf 91' lang='lat' dir='ltr'><strong>timor,</strong></span> <span class='ocrx_word' id='word_1_603' title='bbox 1092 1551 1119 1574; x_wconf 88' lang='lat' dir='ltr'><strong>et</strong></span> <span class='ocrx_word' id='word_1_604' title='bbox 1144 1548 1178 1574; x_wconf 87' lang='lat' dir='ltr'><strong>ab</strong></span> <span class='ocrx_word' id='word_1_605' title='bbox 1199 1548 1272 1574; x_wconf 89' lang='lat' dir='ltr'><strong>omni</strong></span> <span class='ocrx_word' id='word_1_606' title='bbox 1295 1547 1453 1581; x_wconf 86' lang='lat' dir='ltr'><strong>suspicione</strong></span> <span class='ocrx_word' id='word_1_607' title='bbox 1479 1547 1567 1574; x_wconf 86' lang='lat' dir='ltr'><strong>aliena</strong></span> <span class='ocrx_word' id='word_1_608' title='bbox 1586 1548 1683 1582; x_wconf 86' lang='lat' dir='ltr'><strong>pietas,</strong></span> <span class='ocrx_word' id='word_1_609' title='bbox 1708 1549 1761 1577; x_wconf 90' lang='lat' dir='ltr'><strong>hoc</strong></span> 
     </span>
    </p>
   </div>
   <div class='ocr_carea' id='block_1_86' title="bbox 970 1592 1759 1627">
    <p class='ocr_par' dir='ltr' id='par_1_86' title="bbox 970 1592 1759 1627">
     <span class='ocr_line' id='line_1_86' title="bbox 970 1592 1759 1627; baseline 0.003 -7"><span class='ocrx_word' id='word_1_610' title='bbox 970 1593 1092 1626; x_wconf 85' lang='lat' dir='ltr'><strong>tradidit,</strong></span> <span class='ocrx_word' id='word_1_611' title='bbox 1116 1600 1170 1620; x_wconf 88' lang='lat' dir='ltr'><strong>non</strong></span> <span class='ocrx_word' id='word_1_612' title='bbox 1193 1593 1325 1620; x_wconf 89' lang='lat' dir='ltr'><strong>laicorum</strong></span> <span class='ocrx_word' id='word_1_613' title='bbox 1342 1592 1503 1627; x_wconf 71' lang='lat' dir='ltr'><strong>indignitas.</strong></span> <span class='ocrx_word' id='word_1_614' title='bbox 1522 1594 1656 1621; x_wconf 76' lang='lat' dir='ltr'><strong>Existimo</strong></span> <span class='ocrx_word' id='word_1_615' title='bbox 1669 1599 1759 1623; x_wconf 87' lang='lat' dir='ltr'><strong>autem</strong></span> 
     </span>
    </p>
   </div>
   <div class='ocr_carea' id='block_1_87' title="bbox 971 1639 1761 1676">
    <p class='ocr_par' dir='ltr' id='par_1_87' title="bbox 971 1639 1761 1676">
     <span class='ocr_line' id='line_1_87' title="bbox 971 1639 1761 1676; baseline 0.003 -10"><span class='ocrx_word' id='word_1_616' title='bbox 971 1641 1023 1667; x_wconf 88' lang='lat' dir='ltr'><strong>hoc</strong></span> <span class='ocrx_word' id='word_1_617' title='bbox 1037 1647 1143 1667; x_wconf 81' lang='lat' dir='ltr'><strong>canone</strong></span> <span class='ocrx_word' id='word_1_618' title='bbox 1158 1647 1205 1668; x_wconf 89' lang='lat' dir='ltr'><strong>eos</strong></span> <span class='ocrx_word' id='word_1_619' title='bbox 1220 1639 1343 1674; x_wconf 81' lang='lat' dir='ltr'><strong>coargui,</strong></span> <span class='ocrx_word' id='word_1_620' title='bbox 1358 1639 1403 1674; x_wconf 87' lang='lat' dir='ltr'><strong>qui</strong></span> <span class='ocrx_word' id='word_1_621' title='bbox 1418 1640 1595 1667; x_wconf 82' lang='lat' dir='ltr'><strong>auctoritates</strong></span> <span class='ocrx_word' id='word_1_622' title='bbox 1610 1648 1657 1668; x_wconf 89' lang='lat' dir='ltr'><strong>seu</strong></span> <span class='ocrx_word' id='word_1_623' title='bbox 1671 1642 1761 1676; x_wconf 78' lang='lat' dir='ltr'><strong>digni-</strong></span> 
     </span>
    </p>
   </div>
   <div class='ocr_carea' id='block_1_88' title="bbox 974 1685 1762 1721">
    <p class='ocr_par' dir='ltr' id='par_1_88' title="bbox 974 1685 1762 1721">
     <span class='ocr_line' id='line_1_88' title="bbox 974 1685 1762 1721; baseline 0.003 -8"><span class='ocrx_word' id='word_1_624' title='bbox 974 1690 1044 1714; x_wconf 82' lang='lat' dir='ltr'><strong>tates</strong></span> <span class='ocrx_word' id='word_1_625' title='bbox 1084 1686 1247 1721; x_wconf 81' lang='lat' dir='ltr'><strong>generisque</strong></span> <span class='ocrx_word' id='word_1_626' title='bbox 1283 1685 1455 1713; x_wconf 84' lang='lat' dir='ltr'><strong>nobilitatem</strong></span> <span class='ocrx_word' id='word_1_627' title='bbox 1492 1686 1621 1721; x_wconf 77' lang='lat' dir='ltr'><strong>allegant,</strong></span> <span class='ocrx_word' id='word_1_628' title='bbox 1659 1692 1762 1715; x_wconf 63' lang='lat' dir='ltr'><strong>sancta:</strong></span> 
     </span>
    </p>
   </div>
   <div class='ocr_carea' id='block_1_89' title="bbox 973 1732 1671 1768">
    <p class='ocr_par' dir='ltr' id='par_1_89' title="bbox 973 1732 1671 1768">
     <span class='ocr_line' id='line_1_89' title="bbox 973 1732 1671 1768; baseline 0.004 -10"><span class='ocrx_word' id='word_1_629' title='bbox 973 1732 1174 1759; x_wconf 90' lang='lat' dir='ltr'><strong>communionis</strong></span> <span class='ocrx_word' id='word_1_630' title='bbox 1199 1736 1332 1767; x_wconf 86' lang='lat' dir='ltr'><strong>tempore,</strong></span> <span class='ocrx_word' id='word_1_631' title='bbox 1350 1738 1376 1760; x_wconf 87' lang='lat' dir='ltr'><strong>et</strong></span> <span class='ocrx_word' id='word_1_632' title='bbox 1396 1733 1516 1767; x_wconf 67' lang='lat' dir='ltr'><strong>prmponi</strong></span> <span class='ocrx_word' id='word_1_633' title='bbox 1533 1738 1671 1768; x_wconf 75' lang='lat' dir='ltr'><strong>quzerunt.</strong></span> 
     </span>
    </p>
   </div>
   <div class='ocr_carea' id='block_1_90' title="bbox 1009 1777 1764 1813">
    <p class='ocr_par' dir='ltr' id='par_1_90' title="bbox 1009 1777 1764 1813">
     <span class='ocr_line' id='line_1_90' title="bbox 1009 1777 1764 1813; baseline 0.005 -9"><span class='ocrx_word' id='word_1_634' title='bbox 1009 1777 1136 1805; x_wconf 81' lang='lat' dir='ltr'><strong>ZONAR.</strong></span> <span class='ocrx_word' id='word_1_635' title='bbox 1159 1777 1288 1805; x_wconf 89' lang='lat' dir='ltr'><strong>Nonnulli</strong></span> <span class='ocrx_word' id='word_1_636' title='bbox 1305 1779 1440 1813; x_wconf 76' lang='lat' dir='ltr'><strong>religione</strong></span> <span class='ocrx_word' id='word_1_637' title='bbox 1461 1779 1532 1806; x_wconf 79' lang='lat' dir='ltr'><strong>forte</strong></span> <span class='ocrx_word' id='word_1_638' title='bbox 1546 1780 1665 1811; x_wconf 82' lang='lat' dir='ltr'><strong>adducti.</strong></span> <span class='ocrx_word' id='word_1_639' title='bbox 1681 1784 1708 1808; x_wconf 88' lang='lat' dir='ltr'><strong>et</strong></span> <span class='ocrx_word' id='word_1_640' title='bbox 1721 1787 1764 1808; x_wconf 48' lang='lat' dir='ltr'><strong>sa‘</strong></span> 
     </span>
    </p>
   </div>
   <div class='ocr_carea' id='block_1_91' title="bbox 973 1825 1763 1862">
    <p class='ocr_par' dir='ltr' id='par_1_91' title="bbox 973 1825 1763 1862">
     <span class='ocr_line' id='line_1_91' title="bbox 973 1825 1763 1862; baseline 0.003 -10"><span class='ocrx_word' id='word_1_641' title='bbox 973 1833 1083 1852; x_wconf 91' lang='lat' dir='ltr'><strong>crorum</strong></span> <span class='ocrx_word' id='word_1_642' title='bbox 1101 1825 1234 1852; x_wconf 88' lang='lat' dir='ltr'><strong>donorum</strong></span> <span class='ocrx_word' id='word_1_643' title='bbox 1260 1825 1445 1857; x_wconf 86' lang='lat' dir='ltr'><strong>veneratione,</strong></span> <span class='ocrx_word' id='word_1_644' title='bbox 1460 1826 1624 1861; x_wconf 89' lang='lat' dir='ltr'><strong>quibusdatn</strong></span> <span class='ocrx_word' id='word_1_645' title='bbox 1641 1832 1763 1862; x_wconf 89' lang='lat' dir='ltr'><strong>recepta-</strong></span> 
     </span>
    </p>
   </div>
   <div class='ocr_carea' id='block_1_92' title="bbox 975 1871 1765 1910">
    <p class='ocr_par' dir='ltr' id='par_1_92' title="bbox 975 1871 1765 1910">
     <span class='ocr_line' id='line_1_92' title="bbox 975 1871 1765 1910; baseline 0.008 -14"><span class='ocrx_word' id='word_1_646' title='bbox 975 1871 1045 1898; x_wconf 86' lang='lat' dir='ltr'><strong>culis</strong></span> <span class='ocrx_word' id='word_1_647' title='bbox 1073 1879 1107 1898; x_wconf 82' lang='lat' dir='ltr'><strong>ex</strong></span> <span class='ocrx_word' id='word_1_648' title='bbox 1124 1878 1191 1898; x_wconf 87' lang='lat' dir='ltr'><strong>auro</strong></span> <span class='ocrx_word' id='word_1_649' title='bbox 1209 1871 1297 1898; x_wconf 83' lang='lat' dir='ltr'><strong>aliave</strong></span> <span class='ocrx_word' id='word_1_650' title='bbox 1313 1871 1391 1898; x_wconf 88' lang='lat' dir='ltr'><strong>tnulti</strong></span> <span class='ocrx_word' id='word_1_651' title='bbox 1413 1873 1494 1906; x_wconf 87' lang='lat' dir='ltr'><strong>pretii</strong></span> <span class='ocrx_word' id='word_1_652' title='bbox 1518 1873 1630 1900; x_wconf 84' lang='lat' dir='ltr'><strong>materia</strong></span> <span class='ocrx_word' id='word_1_653' title='bbox 1653 1881 1765 1910; x_wconf 86' lang='lat' dir='ltr'><strong>compa-</strong></span> 
     </span>
    </p>
   </div>
   <div class='ocr_carea' id='block_1_93' title="bbox 974 1916 1763 1955">
    <p class='ocr_par' dir='ltr' id='par_1_93' title="bbox 974 1916 1763 1955">
     <span class='ocr_line' id='line_1_93' title="bbox 974 1916 1763 1955; baseline 0.006 -13"><span class='ocrx_word' id='word_1_654' title='bbox 974 1918 1052 1946; x_wconf 83' lang='lat' dir='ltr'><strong>ratis.</strong></span> <span class='ocrx_word' id='word_1_655' title='bbox 1068 1916 1273 1943; x_wconf 87' lang='lat' dir='ltr'><strong>immaculatum</strong></span> <span class='ocrx_word' id='word_1_656' title='bbox 1290 1916 1395 1944; x_wconf 85' lang='lat' dir='ltr'><strong>Domini</strong></span> <span class='ocrx_word' id='word_1_657' title='bbox 1409 1924 1511 1951; x_wconf 87' lang='lat' dir='ltr'><strong>corpus</strong></span> <span class='ocrx_word' id='word_1_658' title='bbox 1522 1918 1661 1953; x_wconf 78' lang='lat' dir='ltr'><strong>excipere,</strong></span> <span class='ocrx_word' id='word_1_659' title='bbox 1675 1927 1763 1955; x_wconf 87' lang='lat' dir='ltr'><strong>eaque</strong></span> 
     </span>
    </p>
   </div>
   <div class='ocr_carea' id='block_1_94' title="bbox 975 1961 1764 1998">
    <p class='ocr_par' dir='ltr' id='par_1_94' title="bbox 975 1961 1764 1998">
     <span class='ocr_line' id='line_1_94' title="bbox 975 1961 1764 1998; baseline 0.006 -11"><span class='ocrx_word' id='word_1_660' title='bbox 975 1961 1082 1987; x_wconf 87' lang='lat' dir='ltr'><strong>ratione</strong></span> <span class='ocrx_word' id='word_1_661' title='bbox 1106 1961 1310 1988; x_wconf 85' lang='lat' dir='ltr'><strong>communicare</strong></span> <span class='ocrx_word' id='word_1_662' title='bbox 1337 1961 1411 1988; x_wconf 91' lang='lat' dir='ltr'><strong>soliti</strong></span> <span class='ocrx_word' id='word_1_663' title='bbox 1445 1966 1520 1989; x_wconf 90' lang='lat' dir='ltr'><strong>sunt.</strong></span> <span class='ocrx_word' id='word_1_664' title='bbox 1549 1962 1626 1995; x_wconf 82' lang='lat' dir='ltr'><strong>Quod</strong></span> <span class='ocrx_word' id='word_1_665' title='bbox 1653 1965 1764 1998; x_wconf 86' lang='lat' dir='ltr'><strong>quidem</strong></span> 
     </span>
    </p>
   </div>
   <div class='ocr_carea' id='block_1_95' title="bbox 977 2006 1765 2044">
    <p class='ocr_par' dir='ltr' id='par_1_95' title="bbox 977 2006 1765 2044">
     <span class='ocr_line' id='line_1_95' title="bbox 977 2006 1765 2044; baseline 0.004 -10"><span class='ocrx_word' id='word_1_666' title='bbox 977 2007 1039 2034; x_wconf 89' lang='lat' dir='ltr'><strong>licet</strong></span> <span class='ocrx_word' id='word_1_667' title='bbox 1054 2014 1068 2033; x_wconf 88' lang='lat' dir='ltr'><strong>a</strong></span> <span class='ocrx_word' id='word_1_668' title='bbox 1087 2006 1218 2041; x_wconf 79' lang='lat' dir='ltr'><strong>religione</strong></span> <span class='ocrx_word' id='word_1_669' title='bbox 1234 2006 1399 2040; x_wconf 82' lang='lat' dir='ltr'><strong>profectum,</strong></span> <span class='ocrx_word' id='word_1_670' title='bbox 1416 2011 1506 2033; x_wconf 83' lang='lat' dir='ltr'><strong>tamen</strong></span> <span class='ocrx_word' id='word_1_671' title='bbox 1523 2009 1645 2043; x_wconf 85' lang='lat' dir='ltr'><strong>synodus</strong></span> <span class='ocrx_word' id='word_1_672' title='bbox 1661 2009 1765 2044; x_wconf 87' lang='lat' dir='ltr'><strong>impro-</strong></span> 
     </span>
    </p>
   </div>
   <div class='ocr_carea' id='block_1_96' title="bbox 976 2051 1766 2090">
    <p class='ocr_par' dir='ltr' id='par_1_96' title="bbox 976 2051 1766 2090">
     <span class='ocr_line' id='line_1_96' title="bbox 976 2051 1766 2090; baseline 0.004 -11"><span class='ocrx_word' id='word_1_673' title='bbox 976 2052 1060 2079; x_wconf 87' lang='lat' dir='ltr'><strong>bavit.</strong></span> <span class='ocrx_word' id='word_1_674' title='bbox 1081 2051 1130 2078; x_wconf 80' lang='lat' dir='ltr'><strong>Rei</strong></span> <span class='ocrx_word' id='word_1_675' title='bbox 1155 2058 1273 2086; x_wconf 85' lang='lat' dir='ltr'><strong>namque</strong></span> <span class='ocrx_word' id='word_1_676' title='bbox 1289 2052 1403 2079; x_wconf 88' lang='lat' dir='ltr'><strong>cuilibet</strong></span> <span class='ocrx_word' id='word_1_677' title='bbox 1417 2052 1523 2084; x_wconf 86' lang='lat' dir='ltr'><strong>sensili,</strong></span> <span class='ocrx_word' id='word_1_678' title='bbox 1543 2053 1663 2081; x_wconf 87' lang='lat' dir='ltr'><strong>hominis</strong></span> <span class='ocrx_word' id='word_1_679' title='bbox 1677 2054 1766 2090; x_wconf 82' lang='lat' dir='ltr'><strong>digni-</strong></span> 
     </span>
    </p>
   </div>
   <div class='ocr_carea' id='block_1_97' title="bbox 976 2096 1766 2134">
    <p class='ocr_par' dir='ltr' id='par_1_97' title="bbox 976 2096 1766 2134">
     <span class='ocr_line' id='line_1_97' title="bbox 976 2096 1766 2134; baseline 0.006 -10"><span class='ocrx_word' id='word_1_680' title='bbox 976 2102 1070 2130; x_wconf 84' lang='lat' dir='ltr'><strong>tatem,</strong></span> <span class='ocrx_word' id='word_1_681' title='bbox 1088 2097 1135 2132; x_wconf 91' lang='lat' dir='ltr'><strong>qui</strong></span> <span class='ocrx_word' id='word_1_682' title='bbox 1154 2096 1295 2128; x_wconf 85' lang='lat' dir='ltr'><strong>nimirum,</strong></span> <span class='ocrx_word' id='word_1_683' title='bbox 1312 2101 1339 2124; x_wconf 88' lang='lat' dir='ltr'><strong>ct</strong></span> <span class='ocrx_word' id='word_1_684' title='bbox 1353 2097 1444 2124; x_wconf 89' lang='lat' dir='ltr'><strong>divina</strong></span> <span class='ocrx_word' id='word_1_685' title='bbox 1460 2097 1578 2133; x_wconf 77' lang='lat' dir='ltr'><strong>imagine</strong></span> <span class='ocrx_word' id='word_1_686' title='bbox 1594 2100 1766 2134; x_wconf 79' lang='lat' dir='ltr'><strong>nobilitatus,</strong></span> 
     </span>
    </p>
   </div>
   <div class='ocr_carea' id='block_1_98' title="bbox 976 2142 1766 2180">
    <p class='ocr_par' dir='ltr' id='par_1_98' title="bbox 976 2142 1766 2180">
     <span class='ocr_line' id='line_1_98' title="bbox 976 2142 1766 2180; baseline 0.005 -10"><span class='ocrx_word' id='word_1_687' title='bbox 976 2148 1004 2170; x_wconf 89' lang='lat' dir='ltr'><strong>et</strong></span> <span class='ocrx_word' id='word_1_688' title='bbox 1026 2151 1088 2170; x_wconf 86' lang='lat' dir='ltr'><strong>cum</strong></span> <span class='ocrx_word' id='word_1_689' title='bbox 1115 2142 1224 2170; x_wconf 81' lang='lat' dir='ltr'><strong>Christo</strong></span> <span class='ocrx_word' id='word_1_690' title='bbox 1240 2142 1322 2169; x_wconf 87' lang='lat' dir='ltr'><strong>unius</strong></span> <span class='ocrx_word' id='word_1_691' title='bbox 1337 2143 1461 2177; x_wconf 89' lang='lat' dir='ltr'><strong>corporis</strong></span> <span class='ocrx_word' id='word_1_692' title='bbox 1477 2151 1548 2170; x_wconf 83' lang='lat' dir='ltr'><strong>nexu</strong></span> <span class='ocrx_word' id='word_1_693' title='bbox 1568 2145 1723 2180; x_wconf 87' lang='lat' dir='ltr'><strong>copulatus,</strong></span> <span class='ocrx_word' id='word_1_694' title='bbox 1739 2152 1766 2174; x_wconf 85' lang='lat' dir='ltr'><strong>et</strong></span> 
     </span>
    </p>
   </div>
   <div class='ocr_carea' id='block_1_99' title="bbox 976 2187 1766 2227">
    <p class='ocr_par' dir='ltr' id='par_1_99' title="bbox 976 2187 1766 2227">
     <span class='ocr_line' id='line_1_99' title="bbox 976 2187 1766 2227; baseline 0.004 -11"><span class='ocrx_word' id='word_1_695' title='bbox 976 2188 1060 2216; x_wconf 87' lang='lat' dir='ltr'><strong>divini</strong></span> <span class='ocrx_word' id='word_1_696' title='bbox 1081 2188 1198 2223; x_wconf 84' lang='lat' dir='ltr'><strong>apostoli</strong></span> <span class='ocrx_word' id='word_1_697' title='bbox 1223 2187 1299 2215; x_wconf 81' lang='lat' dir='ltr'><strong>Pauli</strong></span> <span class='ocrx_word' id='word_1_698' title='bbox 1323 2188 1480 2216; x_wconf 89' lang='lat' dir='ltr'><strong>testimonio</strong></span> <span class='ocrx_word' id='word_1_699' title='bbox 1499 2190 1630 2225; x_wconf 89' lang='lat' dir='ltr'><strong>templum</strong></span> <span class='ocrx_word' id='word_1_700' title='bbox 1649 2191 1695 2219; x_wconf 89' lang='lat' dir='ltr'><strong>Dei</strong></span> <span class='ocrx_word' id='word_1_701' title='bbox 1711 2197 1766 2227; x_wconf 80' lang='lat' dir='ltr'><strong>est,</strong></span> 
     </span>
    </p>
   </div>
   <div class='ocr_carea' id='block_1_100' title="bbox 977 2233 1767 2275">
    <p class='ocr_par' dir='ltr' id='par_1_100' title="bbox 977 2233 1767 2275">
     <span class='ocr_line' id='line_1_100' title="bbox 977 2233 1767 2275; baseline 0.005 -13"><span class='ocrx_word' id='word_1_702' title='bbox 977 2235 1056 2270; x_wconf 77' lang='lat' dir='ltr'><strong>longe</strong></span> <span class='ocrx_word' id='word_1_703' title='bbox 1072 2234 1224 2269; x_wconf 83' lang='lat' dir='ltr'><strong>anteponit.</strong></span> <span class='ocrx_word' id='word_1_704' title='bbox 1241 2233 1377 2266; x_wconf 86' lang='lat' dir='ltr'><strong>Quoniam</strong></span> <span class='ocrx_word' id='word_1_705' title='bbox 1395 2234 1479 2270; x_wconf 75' lang='lat' dir='ltr'><strong>igitur</strong></span> <span class='ocrx_word' id='word_1_706' title='bbox 1497 2236 1519 2263; x_wconf 90' lang='lat' dir='ltr'><strong>is</strong></span> <span class='ocrx_word' id='word_1_707' title='bbox 1536 2237 1580 2263; x_wconf 87' lang='lat' dir='ltr'><strong>cui</strong></span> <span class='ocrx_word' id='word_1_708' title='bbox 1597 2245 1677 2266; x_wconf 90' lang='lat' dir='ltr'><strong>sacra</strong></span> <span class='ocrx_word' id='word_1_709' title='bbox 1709 2247 1767 2275; x_wconf 87' lang='lat' dir='ltr'><strong>my-</strong></span> 
     </span>
    </p>
   </div>
   <div class='ocr_carea' id='block_1_101' title="bbox 978 2279 1766 2314">
    <p class='ocr_par' dir='ltr' id='par_1_101' title="bbox 978 2279 1766 2314">
     <span class='ocr_line' id='line_1_101' title="bbox 978 2279 1766 2314; baseline 0.003 -6"><span class='ocrx_word' id='word_1_710' title='bbox 978 2281 1061 2308; x_wconf 86' lang='lat' dir='ltr'><strong>5teria</strong></span> <span class='ocrx_word' id='word_1_711' title='bbox 1087 2279 1338 2312; x_wconf 79' lang='lat' dir='ltr'><strong>communicautur,</strong></span> <span class='ocrx_word' id='word_1_712' title='bbox 1363 2287 1527 2314; x_wconf 88' lang='lat' dir='ltr'><strong>quacunque</strong></span> <span class='ocrx_word' id='word_1_713' title='bbox 1551 2282 1645 2309; x_wconf 85' lang='lat' dir='ltr'><strong>seusili</strong></span> <span class='ocrx_word' id='word_1_714' title='bbox 1667 2287 1766 2310; x_wconf 81' lang='lat' dir='ltr'><strong>natura</strong></span> 
     </span>
    </p>
   </div>
   <div class='ocr_carea' id='block_1_102' title="bbox 978 2325 1768 2363">
    <p class='ocr_par' dir='ltr' id='par_1_102' title="bbox 978 2325 1768 2363">
     <span class='ocr_line' id='line_1_102' title="bbox 978 2325 1768 2363; baseline 0.003 -8"><span class='ocrx_word' id='word_1_715' title='bbox 978 2328 1151 2363; x_wconf 73' lang='lat' dir='ltr'><strong>praestantior</strong></span> <span class='ocrx_word' id='word_1_716' title='bbox 1175 2329 1228 2359; x_wconf 83' lang='lat' dir='ltr'><strong>est,</strong></span> <span class='ocrx_word' id='word_1_717' title='bbox 1256 2334 1288 2353; x_wconf 90' lang='lat' dir='ltr'><strong>ac</strong></span> <span class='ocrx_word' id='word_1_718' title='bbox 1313 2325 1376 2353; x_wconf 89' lang='lat' dir='ltr'><strong>dum</strong></span> <span class='ocrx_word' id='word_1_719' title='bbox 1402 2325 1542 2354; x_wconf 87' lang='lat' dir='ltr'><strong>Christum</strong></span> <span class='ocrx_word' id='word_1_720' title='bbox 1567 2329 1714 2357; x_wconf 75' lang='lat' dir='ltr'><strong>manducet</strong></span> <span class='ocrx_word' id='word_1_721' title='bbox 1740 2335 1768 2357; x_wconf 80' lang='lat' dir='ltr'><strong>ct</strong></span> 
     </span>
    </p>
   </div>
   <div class='ocr_carea' id='block_1_103' title="bbox 976 2372 1769 2410">
    <p class='ocr_par' dir='ltr' id='par_1_103' title="bbox 976 2372 1769 2410">
     <span class='ocr_line' id='line_1_103' title="bbox 976 2372 1769 2410; baseline 0.001 -8"><span class='ocrx_word' id='word_1_722' title='bbox 976 2375 1055 2407; x_wconf 89' lang='lat' dir='ltr'><strong>bibit,</strong></span> <span class='ocrx_word' id='word_1_723' title='bbox 1082 2381 1113 2400; x_wconf 88' lang='lat' dir='ltr'><strong>ea</strong></span> <span class='ocrx_word' id='word_1_724' title='bbox 1140 2372 1334 2399; x_wconf 89' lang='lat' dir='ltr'><strong>communione</strong></span> <span class='ocrx_word' id='word_1_725' title='bbox 1362 2373 1456 2400; x_wconf 89' lang='lat' dir='ltr'><strong>animo</strong></span> <span class='ocrx_word' id='word_1_726' title='bbox 1485 2375 1587 2408; x_wconf 88' lang='lat' dir='ltr'><strong>pariter</strong></span> <span class='ocrx_word' id='word_1_727' title='bbox 1609 2379 1636 2401; x_wconf 87' lang='lat' dir='ltr'><strong>et</strong></span> <span class='ocrx_word' id='word_1_728' title='bbox 1654 2383 1769 2410; x_wconf 78' lang='lat' dir='ltr'><strong>corpore</strong></span> 
     </span>
    </p>
   </div>
   <div class='ocr_carea' id='block_1_104' title="bbox 977 2419 1770 2458">
    <p class='ocr_par' dir='ltr' id='par_1_104' title="bbox 977 2419 1770 2458">
     <span class='ocr_line' id='line_1_104' title="bbox 977 2419 1770 2458; baseline 0.003 -10"><span class='ocrx_word' id='word_1_729' title='bbox 977 2425 1090 2449; x_wconf 89' lang='lat' dir='ltr'><strong>sanctus</strong></span> <span class='ocrx_word' id='word_1_730' title='bbox 1105 2419 1232 2453; x_wconf 81' lang='lat' dir='ltr'><strong>cilicitur,</strong></span> <span class='ocrx_word' id='word_1_731' title='bbox 1247 2419 1269 2446; x_wconf 89' lang='lat' dir='ltr'><strong>si</strong></span> <span class='ocrx_word' id='word_1_732' title='bbox 1287 2419 1349 2453; x_wconf 90' lang='lat' dir='ltr'><strong>quis</strong></span> <span class='ocrx_word' id='word_1_733' title='bbox 1364 2419 1469 2447; x_wconf 89' lang='lat' dir='ltr'><strong>interea</strong></span> <span class='ocrx_word' id='word_1_734' title='bbox 1485 2420 1548 2447; x_wconf 91' lang='lat' dir='ltr'><strong>dum</strong></span> <span class='ocrx_word' id='word_1_735' title='bbox 1565 2428 1642 2448; x_wconf 87' lang='lat' dir='ltr'><strong>sacra</strong></span> <span class='ocrx_word' id='word_1_736' title='bbox 1657 2424 1770 2458; x_wconf 75' lang='lat' dir='ltr'><strong>synaxis</strong></span> 
     </span>
    </p>
   </div>
   <div class='ocr_carea' id='block_1_105' title="bbox 978 2464 1755 2502">
    <p class='ocr_par' dir='ltr' id='par_1_105' title="bbox 978 2464 1755 2502">
     <span class='ocr_line' id='line_1_105' title="bbox 978 2464 1755 2502; baseline 0 -9"><span class='ocrx_word' id='word_1_737' title='bbox 978 2467 1127 2502; x_wconf 76' lang='lat' dir='ltr'><strong>peragitur,</strong></span> <span class='ocrx_word' id='word_1_738' title='bbox 1155 2464 1362 2491; x_wconf 82' lang='lat' dir='ltr'><strong>immaculatum</strong></span> <span class='ocrx_word' id='word_1_739' title='bbox 1391 2472 1493 2499; x_wconf 80' lang='lat' dir='ltr'><strong>corpus</strong></span> <span class='ocrx_word' id='word_1_740' title='bbox 1520 2466 1661 2501; x_wconf 88' lang='lat' dir='ltr'><strong>suscipere</strong></span> <span class='ocrx_word' id='word_1_741' title='bbox 1684 2473 1755 2493; x_wconf 79' lang='lat' dir='ltr'><strong>amet</strong></span> 
     </span>
    </p>
   </div>
   <div class='ocr_carea' id='block_1_106' title="bbox 980 2510 1769 2548">
    <p class='ocr_par' dir='ltr' id='par_1_106' title="bbox 980 2510 1769 2548">
     <span class='ocr_line' id='line_1_106' title="bbox 980 2510 1769 2548; baseline -0.001 -8"><span class='ocrx_word' id='word_1_742' title='bbox 980 2512 1160 2548; x_wconf 79' lang='lat' dir='ltr'><strong>cxporrectis,</strong></span> <span class='ocrx_word' id='word_1_743' title='bbox 1186 2515 1267 2546; x_wconf 87' lang='lat' dir='ltr'><strong>atqne</strong></span> <span class='ocrx_word' id='word_1_744' title='bbox 1285 2512 1311 2537; x_wconf 91' lang='lat' dir='ltr'><strong>in</strong></span> <span class='ocrx_word' id='word_1_745' title='bbox 1337 2510 1427 2538; x_wconf 83' lang='lat' dir='ltr'><strong>crucis</strong></span> <span class='ocrx_word' id='word_1_746' title='bbox 1452 2511 1563 2538; x_wconf 87' lang='lat' dir='ltr'><strong>modum</strong></span> <span class='ocrx_word' id='word_1_747' title='bbox 1591 2512 1769 2539; x_wconf 63' lang='lat' dir='ltr'><strong>conformati:</strong></span> 
     </span>
    </p>
   </div>
   <div class='ocr_carea' id='block_1_107' title="bbox 982 2557 1769 2594">
    <p class='ocr_par' dir='ltr' id='par_1_107' title="bbox 982 2557 1769 2594">
     <span class='ocr_line' id='line_1_107' title="bbox 982 2557 1769 2594; baseline -0.001 -8"><span class='ocrx_word' id='word_1_748' title='bbox 982 2559 1106 2586; x_wconf 86' lang='lat' dir='ltr'><strong>manibus</strong></span> <span class='ocrx_word' id='word_1_749' title='bbox 1117 2557 1259 2593; x_wconf 86' lang='lat' dir='ltr'><strong>procedat,</strong></span> <span class='ocrx_word' id='word_1_750' title='bbox 1270 2564 1301 2584; x_wconf 85' lang='lat' dir='ltr'><strong>ac</strong></span> <span class='ocrx_word' id='word_1_751' title='bbox 1315 2557 1351 2584; x_wconf 90' lang='lat' dir='ltr'><strong>ita</strong></span> <span class='ocrx_word' id='word_1_752' title='bbox 1362 2558 1470 2585; x_wconf 88' lang='lat' dir='ltr'><strong>demum</strong></span> <span class='ocrx_word' id='word_1_753' title='bbox 1486 2560 1580 2594; x_wconf 72' lang='lat' dir='ltr'><strong>gratiae</strong></span> <span class='ocrx_word' id='word_1_754' title='bbox 1592 2559 1749 2586; x_wconf 89' lang='lat' dir='ltr'><strong>comtuunio</strong></span> <span class='ocrx_word' id='word_1_755' title='bbox 1758 2574 1769 2579; x_wconf 84' lang='lat'><strong>-</strong></span> 
     </span>
    </p>
   </div>
   <div class='ocr_carea' id='block_1_108' title="bbox 980 2602 1771 2639">
    <p class='ocr_par' dir='ltr' id='par_1_108' title="bbox 980 2602 1771 2639">
     <span class='ocr_line' id='line_1_108' title="bbox 980 2602 1771 2639; baseline -0.003 -7"><span class='ocrx_word' id='word_1_756' title='bbox 980 2613 1054 2635; x_wconf 85' lang='lat' dir='ltr'><strong>nem.</strong></span> <span class='ocrx_word' id='word_1_757' title='bbox 1068 2611 1151 2639; x_wconf 89' lang='lat' dir='ltr'><strong>quam</strong></span> <span class='ocrx_word' id='word_1_758' title='bbox 1185 2602 1317 2630; x_wconf 89' lang='lat' dir='ltr'><strong>Dominus</strong></span> <span class='ocrx_word' id='word_1_759' title='bbox 1341 2603 1419 2631; x_wconf 89' lang='lat' dir='ltr'><strong>nobis</strong></span> <span class='ocrx_word' id='word_1_760' title='bbox 1436 2603 1469 2631; x_wconf 91' lang='lat' dir='ltr'><strong>ad</strong></span> <span class='ocrx_word' id='word_1_761' title='bbox 1485 2604 1606 2631; x_wconf 87' lang='lat' dir='ltr'><strong>animum</strong></span> <span class='ocrx_word' id='word_1_762' title='bbox 1624 2605 1771 2630; x_wconf 85' lang='lat' dir='ltr'><strong>sanctitate</strong></span> 
     </span>
    </p>
   </div>
   <div class='ocr_carea' id='block_1_109' title="bbox 981 2649 1770 2684">
    <p class='ocr_par' dir='ltr' id='par_1_109' title="bbox 981 2649 1770 2684">
     <span class='ocr_line' id='line_1_109' title="bbox 981 2649 1770 2684; baseline -0.004 -6"><span class='ocrx_word' id='word_1_763' title='bbox 981 2651 1157 2679; x_wconf 90' lang='lat' dir='ltr'><strong>imbuendum</strong></span> <span class='ocrx_word' id='word_1_764' title='bbox 1181 2649 1303 2681; x_wconf 90' lang='lat' dir='ltr'><strong>donavit,</strong></span> <span class='ocrx_word' id='word_1_765' title='bbox 1329 2649 1454 2684; x_wconf 86' lang='lat' dir='ltr'><strong>accipiat.</strong></span> <span class='ocrx_word' id='word_1_766' title='bbox 1481 2650 1518 2676; x_wconf 85' lang='lat' dir='ltr'><strong>Ea</strong></span> <span class='ocrx_word' id='word_1_767' title='bbox 1541 2649 1675 2684; x_wconf 84' lang='lat' dir='ltr'><strong>siquidem</strong></span> <span class='ocrx_word' id='word_1_768' title='bbox 1697 2656 1770 2676; x_wconf 86' lang='lat' dir='ltr'><strong>com-</strong></span> 
     </span>
    </p>
   </div>
   <div class='ocr_carea' id='block_1_110' title="bbox 981 2695 1770 2731">
    <p class='ocr_par' dir='ltr' id='par_1_110' title="bbox 981 2695 1770 2731">
     <span class='ocr_line' id='line_1_110' title="bbox 981 2695 1770 2731; baseline -0.001 -7"><span class='ocrx_word' id='word_1_769' title='bbox 981 2698 1119 2729; x_wconf 89' lang='lat' dir='ltr'><strong>munione,</strong></span> <span class='ocrx_word' id='word_1_770' title='bbox 1135 2705 1216 2724; x_wconf 86' lang='lat' dir='ltr'><strong>nento</strong></span> <span class='ocrx_word' id='word_1_771' title='bbox 1231 2704 1324 2724; x_wconf 77' lang='lat' dir='ltr'><strong>revera</strong></span> <span class='ocrx_word' id='word_1_772' title='bbox 1339 2696 1435 2731; x_wconf 73' lang='lat' dir='ltr'><strong>dignus</strong></span> <span class='ocrx_word' id='word_1_773' title='bbox 1449 2700 1501 2727; x_wconf 82' lang='lat' dir='ltr'><strong>est,</strong></span> <span class='ocrx_word' id='word_1_774' title='bbox 1514 2695 1561 2723; x_wconf 87' lang='lat' dir='ltr'><strong>sed</strong></span> <span class='ocrx_word' id='word_1_775' title='bbox 1575 2703 1606 2722; x_wconf 88' lang='lat' dir='ltr'><strong>ea</strong></span> <span class='ocrx_word' id='word_1_776' title='bbox 1622 2695 1709 2730; x_wconf 67' lang='lat' dir='ltr'><strong>digni,</strong></span> <span class='ocrx_word' id='word_1_777' title='bbox 1722 2703 1770 2730; x_wconf 86' lang='lat' dir='ltr'><strong>per</strong></span> 
     </span>
    </p>
   </div>
   <div class='ocr_carea' id='block_1_111' title="bbox 715 2743 1152 2784">
    <p class='ocr_par' dir='ltr' id='par_1_111' title="bbox 715 2743 1152 2784">
     <span class='ocr_line' id='line_1_111' title="bbox 715 2743 1152 2784; baseline 0.007 -12"><span class='ocrx_word' id='word_1_778' title='bbox 715 2753 724 2757; x_wconf 75' lang='grc'><strong>-</strong></span> <span class='ocrx_word' id='word_1_779' title='bbox 759 2743 856 2774; x_wconf 87' lang='lat' dir='ltr'><strong>Guill.</strong></span> <span class='ocrx_word' id='word_1_780' title='bbox 874 2745 1036 2784; x_wconf 70' lang='lat' dir='ltr'><strong>Beveregii</strong></span> <span class='ocrx_word' id='word_1_781' title='bbox 1058 2749 1152 2775; x_wconf 69' lang='lat' dir='ltr'><strong>noue.</strong></span> 
     </span>
    </p>
   </div>
   <div class='ocr_carea' id='block_1_112' title="bbox 176 2794 926 2830">
    <p class='ocr_par' dir='ltr' id='par_1_112' title="bbox 176 2794 926 2830">
     <span class='ocr_line' id='line_1_112' title="bbox 176 2794 926 2830; baseline 0.003 -8"><span class='ocrx_word' id='word_1_782' title='bbox 176 2796 231 2830; x_wconf 78' lang='grc'><strong>(15)</strong></span> <span class='ocrx_word' id='word_1_783' title='bbox 256 2795 309 2822; x_wconf 76' lang='lat' dir='ltr'><strong>Kal</strong></span> <span class='ocrx_word' id='word_1_784' title='bbox 332 2796 386 2821; x_wconf 81' lang='grc' dir='ltr'>οὐκ</span> <span class='ocrx_word' id='word_1_785' title='bbox 406 2794 594 2828; x_wconf 75' lang='grc' dir='ltr'>ἐγχειρίζεται</span> <span class='ocrx_word' id='word_1_786' title='bbox 615 2795 741 2826; x_wconf 77' lang='grc' dir='ltr'>τούτοις.</span> <span class='ocrx_word' id='word_1_787' title='bbox 766 2795 858 2822; x_wconf 81' lang='lat' dir='ltr'><strong>Innuit</strong></span> <span class='ocrx_word' id='word_1_788' title='bbox 882 2797 926 2824; x_wconf 86' lang='lat' dir='ltr'><strong>hic</strong></span> 
     </span>
    </p>
   </div>
   <div class='ocr_carea' id='block_1_113' title="bbox 138 2830 926 2865">
    <p class='ocr_par' dir='ltr' id='par_1_113' title="bbox 138 2830 926 2865">
     <span class='ocr_line' id='line_1_113' title="bbox 138 2830 926 2865; baseline 0.001 -8"><span class='ocrx_word' id='word_1_789' title='bbox 138 2831 282 2858; x_wconf 69' lang='lat' dir='ltr'><strong>lialsamon</strong></span> <span class='ocrx_word' id='word_1_790' title='bbox 302 2834 460 2865; x_wconf 69' lang='lat' dir='ltr'><strong>pricsentem</strong></span> <span class='ocrx_word' id='word_1_791' title='bbox 481 2837 612 2857; x_wconf 82' lang='lat' dir='ltr'><strong>eauonem</strong></span> <span class='ocrx_word' id='word_1_792' title='bbox 631 2830 656 2855; x_wconf 92' lang='lat' dir='ltr'><strong>in</strong></span> <span class='ocrx_word' id='word_1_793' title='bbox 674 2830 812 2865; x_wconf 88' lang='lat' dir='ltr'><strong>nonnullis</strong></span> <span class='ocrx_word' id='word_1_794' title='bbox 835 2830 926 2858; x_wconf 82' lang='lat' dir='ltr'><strong>Eccle-</strong></span> 
     </span>
    </p>
   </div>
   <div class='ocr_carea' id='block_1_114' title="bbox 138 2864 925 2899">
    <p class='ocr_par' dir='ltr' id='par_1_114' title="bbox 138 2864 925 2899">
     <span class='ocr_line' id='line_1_114' title="bbox 138 2864 925 2899; baseline 0 -7"><span class='ocrx_word' id='word_1_795' title='bbox 138 2869 187 2893; x_wconf 69' lang='lat' dir='ltr'><strong>siis</strong></span> <span class='ocrx_word' id='word_1_796' title='bbox 203 2866 262 2899; x_wconf 82' lang='lat' dir='ltr'><strong>ejus</strong></span> <span class='ocrx_word' id='word_1_797' title='bbox 276 2864 371 2893; x_wconf 82' lang='lat' dir='ltr'><strong>diebus</strong></span> <span class='ocrx_word' id='word_1_798' title='bbox 387 2872 441 2891; x_wconf 91' lang='lat' dir='ltr'><strong>non</strong></span> <span class='ocrx_word' id='word_1_799' title='bbox 465 2865 642 2896; x_wconf 70' lang='lat' dir='ltr'><strong>observatum</strong></span> <span class='ocrx_word' id='word_1_800' title='bbox 658 2871 728 2891; x_wconf 79' lang='lat' dir='ltr'><strong>esse.</strong></span> <span class='ocrx_word' id='word_1_801' title='bbox 748 2864 846 2898; x_wconf 90' lang='lat' dir='ltr'><strong>Utpote</strong></span> <span class='ocrx_word' id='word_1_802' title='bbox 863 2867 925 2899; x_wconf 91' lang='lat' dir='ltr'><strong>qui—</strong></span> 
     </span>
    </p>
   </div>
   <div class='ocr_carea' id='block_1_115' title="bbox 140 2899 923 2928">
    <p class='ocr_par' dir='ltr' id='par_1_115' title="bbox 140 2899 923 2928">
     <span class='ocr_line' id='line_1_115' title="bbox 140 2899 923 2928; baseline 0 -1"><span class='ocrx_word' id='word_1_803' title='bbox 140 2903 191 2928; x_wconf 81' lang='lat' dir='ltr'><strong>bus</strong></span> <span class='ocrx_word' id='word_1_804' title='bbox 207 2904 408 2927; x_wconf 75' lang='lat' dir='ltr'><strong>sacramentum</strong></span> <span class='ocrx_word' id='word_1_805' title='bbox 426 2907 478 2928; x_wconf 76' lang='lat' dir='ltr'><strong>non</strong></span> <span class='ocrx_word' id='word_1_806' title='bbox 497 2899 523 2925; x_wconf 93' lang='lat' dir='ltr'><strong>in</strong></span> <span class='ocrx_word' id='word_1_807' title='bbox 542 2906 639 2925; x_wconf 87' lang='lat' dir='ltr'><strong>manus</strong></span> <span class='ocrx_word' id='word_1_808' title='bbox 656 2899 776 2926; x_wconf 88' lang='lat' dir='ltr'><strong>iidelium</strong></span> <span class='ocrx_word' id='word_1_809' title='bbox 795 2900 923 2927; x_wconf 88' lang='lat' dir='ltr'><strong>traditutn</strong></span> 
     </span>
    </p>
   </div>
   <div class='ocr_carea' id='block_1_116' title="bbox 139 2934 923 2969">
    <p class='ocr_par' dir='ltr' id='par_1_116' title="bbox 139 2934 923 2969">
     <span class='ocr_line' id='line_1_116' title="bbox 139 2934 923 2969; baseline -0.001 -6"><span class='ocrx_word' id='word_1_810' title='bbox 139 2943 193 2968; x_wconf 77' lang='lat' dir='ltr'><strong>cst,</strong></span> <span class='ocrx_word' id='word_1_811' title='bbox 219 2937 264 2962; x_wconf 75' lang='lat' dir='ltr'><strong>sed</strong></span> <span class='ocrx_word' id='word_1_812' title='bbox 290 2936 315 2960; x_wconf 90' lang='lat' dir='ltr'><strong>in</strong></span> <span class='ocrx_word' id='word_1_813' title='bbox 332 2935 501 2968; x_wconf 69' lang='lat' dir='ltr'><strong>receptaculo</strong></span> <span class='ocrx_word' id='word_1_814' title='bbox 528 2935 644 2969; x_wconf 85' lang='lat' dir='ltr'><strong>quodam</strong></span> <span class='ocrx_word' id='word_1_815' title='bbox 666 2934 699 2960; x_wconf 87' lang='lat' dir='ltr'><strong>iis</strong></span> <span class='ocrx_word' id='word_1_816' title='bbox 722 2934 889 2968; x_wconf 80' lang='lat' dir='ltr'><strong>impertitum</strong></span> <span class='ocrx_word' id='word_1_817' title='bbox 917 2945 923 2962; x_wconf 87' lang='lat'>:</span> 
     </span>
    </p>
   </div>
   <div class='ocr_carea' id='block_1_117' title="bbox 979 2793 1771 2831">
    <p class='ocr_par' dir='ltr' id='par_1_117' title="bbox 979 2793 1771 2831">
     <span class='ocr_line' id='line_1_117' title="bbox 979 2793 1771 2831; baseline 0 -9"><span class='ocrx_word' id='word_1_818' title='bbox 979 2798 1049 2831; x_wconf 84' lang='lat' dir='ltr'><strong>quod</strong></span> <span class='ocrx_word' id='word_1_819' title='bbox 1068 2797 1154 2824; x_wconf 71' lang='grc' dir='ltr'>ϐιαιοί</span> <span class='ocrx_word' id='word_1_820' title='bbox 1170 2796 1264 2823; x_wconf 73' lang='grc' dir='ltr'>λοιϐίδα</span> <span class='ocrx_word' id='word_1_821' title='bbox 1280 2799 1398 2826; x_wconf 82' lang='lat' dir='ltr'><strong>vocant;</strong></span> <span class='ocrx_word' id='word_1_822' title='bbox 1413 2793 1494 2831; x_wconf 77' lang='lat' dir='ltr'><strong>latine</strong></span> <span class='ocrx_word' id='word_1_823' title='bbox 1509 2794 1636 2831; x_wconf 60' lang='lat' dir='ltr'><strong>Coc/dear</strong></span> <span class='ocrx_word' id='word_1_824' title='bbox 1650 2802 1705 2831; x_wconf 86' lang='lat' dir='ltr'><strong>non</strong></span> <span class='ocrx_word' id='word_1_825' title='bbox 1720 2795 1771 2822; x_wconf 92' lang='lat' dir='ltr'><strong>im-</strong></span> 
     </span>
    </p>
   </div>
   <div class='ocr_carea' id='block_1_118' title="bbox 981 2829 1772 2865">
    <p class='ocr_par' dir='ltr' id='par_1_118' title="bbox 981 2829 1772 2865">
     <span class='ocr_line' id='line_1_118' title="bbox 981 2829 1772 2865; baseline -0.003 -6"><span class='ocrx_word' id='word_1_826' title='bbox 981 2829 1078 2859; x_wconf 66' lang='lat' dir='ltr'><strong>merito</strong></span> <span class='ocrx_word' id='word_1_827' title='bbox 1096 2832 1199 2858; x_wconf 83' lang='lat' dir='ltr'><strong>audiat.</strong></span> <span class='ocrx_word' id='word_1_828' title='bbox 1215 2831 1299 2864; x_wconf 86' lang='lat' dir='ltr'><strong>Hujus</strong></span> <span class='ocrx_word' id='word_1_829' title='bbox 1319 2830 1446 2865; x_wconf 74' lang='lat' dir='ltr'><strong>frequens</strong></span> <span class='ocrx_word' id='word_1_830' title='bbox 1463 2830 1489 2855; x_wconf 88' lang='lat' dir='ltr'><strong>in</strong></span> <span class='ocrx_word' id='word_1_831' title='bbox 1509 2829 1675 2865; x_wconf 74' lang='lat' dir='ltr'><strong>Eucholngio</strong></span> <span class='ocrx_word' id='word_1_832' title='bbox 1696 2839 1772 2865; x_wconf 65' lang='lat' dir='ltr'><strong>mett-</strong></span> 
     </span>
    </p>
   </div>
   <div class='ocr_carea' id='block_1_119' title="bbox 981 2863 1770 2900">
    <p class='ocr_par' dir='ltr' id='par_1_119' title="bbox 981 2863 1770 2900">
     <span class='ocr_line' id='line_1_119' title="bbox 981 2863 1770 2900; baseline -0.003 -6"><span class='ocrx_word' id='word_1_833' title='bbox 981 2868 1017 2893; x_wconf 88' lang='lat' dir='ltr'><strong>tio</strong></span> <span class='ocrx_word' id='word_1_834' title='bbox 1031 2867 1161 2897; x_wconf 84' lang='lat' dir='ltr'><strong>occurrit,</strong></span> <span class='ocrx_word' id='word_1_835' title='bbox 1178 2870 1207 2891; x_wconf 91' lang='lat' dir='ltr'><strong>ut</strong></span> <span class='ocrx_word' id='word_1_836' title='bbox 1223 2866 1248 2891; x_wconf 89' lang='lat' dir='ltr'><strong>in</strong></span> <span class='ocrx_word' id='word_1_837' title='bbox 1268 2863 1556 2900; x_wconf 48' lang='lat' dir='ltr'><strong>pamsanctiﬁcatorum</strong></span> <span class='ocrx_word' id='word_1_838' title='bbox 1574 2863 1693 2900; x_wconf 77' lang='lat' dir='ltr'><strong>liturgia,</strong></span> <span class='ocrx_word' id='word_1_839' title='bbox 1711 2863 1770 2892; x_wconf 80' lang='grc' dir='ltr'>εἶτα</span> 
     </span>
    </p>
   </div>
   <div class='ocr_carea' id='block_1_120' title="bbox 980 2898 1770 2936">
    <p class='ocr_par' dir='ltr' id='par_1_120' title="bbox 980 2898 1770 2936">
     <span class='ocr_line' id='line_1_120' title="bbox 980 2898 1770 2936; baseline 0.003 -10"><span class='ocrx_word' id='word_1_840' title='bbox 980 2901 1069 2930; x_wconf 63' lang='grc' dir='ltr'>λαϐὼν</span> <span class='ocrx_word' id='word_1_841' title='bbox 1088 2901 1136 2936; x_wconf 81' lang='grc' dir='ltr'>τὴν</span> <span class='ocrx_word' id='word_1_842' title='bbox 1152 2901 1232 2934; x_wconf 78' lang='grc' dir='ltr'>ἁγίαν</span> <span class='ocrx_word' id='word_1_843' title='bbox 1250 2899 1346 2926; x_wconf 75' lang='grc' dir='ltr'>λαὸίδα</span> <span class='ocrx_word' id='word_1_844' title='bbox 1357 2919 1365 2932; x_wconf 86' lang='grc'><strong>,</strong></span> <span class='ocrx_word' id='word_1_845' title='bbox 1382 2898 1481 2932; x_wconf 69' lang='grc' dir='ltr'>βάπτει</span> <span class='ocrx_word' id='word_1_846' title='bbox 1501 2900 1586 2935; x_wconf 86' lang='grc' dir='ltr'>αὐτὴν</span> <span class='ocrx_word' id='word_1_847' title='bbox 1598 2902 1627 2928; x_wconf 82' lang='grc' dir='ltr'><strong>ὲν</strong></span> <span class='ocrx_word' id='word_1_848' title='bbox 1641 2898 1683 2936; x_wconf 62' lang='grc' dir='ltr'>τῷ</span> <span class='ocrx_word' id='word_1_849' title='bbox 1700 2902 1770 2936; x_wconf 84' lang='grc' dir='ltr'>ἁγίῳ</span> 
     </span>
    </p>
   </div>
   <div class='ocr_carea' id='block_1_121' title="bbox 980 2945 1087 2970">
    <p class='ocr_par' dir='ltr' id='par_1_121' title="bbox 980 2945 1087 2970">
     <span class='ocr_line' id='line_1_121' title="bbox 980 2945 1087 2970; baseline 0.009 -9"><span class='ocrx_word' id='word_1_850' title='bbox 980 2945 1087 2970; x_wconf 73' lang='grc' dir='ltr'>αιματι.</span> 
     </span>
    </p>
   </div>
  </div>
