1933 3112
194 147 247 180 δὸἴ

818 135 958 167 TIlEOD.
988 135 1031 165 BA
1037 134 1104 164 LSA
1110 133 1187 164 ΜοΝ

1778 129 1840 163 868

196 213 324 249 gratiam,
341 217 435 239 omnes
447 207 590 237 ellicimnr,
604 204 835 239 quemadmodum
848 209 871 229 et
888 200 988 236 gratia,

1075 208 1142 230 ,νους
1155 199 1204 232 τὴν
1216 197 1360 225 κοινωνίαν
1375 198 1411 230 ὡς
1429 195 1621 232 προτιμῶντας
1634 194 1684 228 τῆς
1699 193 1748 221 τοῦ
1758 194 1840 221 Bac-3

196 264 227 287 ut
254 259 285 286 Ι).
311 258 411 285 Paulus
429 259 556 285 testatur,
587 252 682 279 salvati
709 258 813 278 sumus.
843 248 895 281 Qui
924 254 985 273 vero

195 306 331 340 ejusmodi
359 304 531 338 receptacula
557 309 649 328 secum
679 298 809 327 aﬂ‘erunl,
836 296 926 329 iisque
951 291 986 320 ad

1041 245 1149 276 εἰκόνος
1169 245 1219 280 τὴν
1232 245 1334 279 ἄψυχον
1350 244 1428 280 ὕλην,
1447 245 1628 279 ἀφορίζεσθαι
1643 246 1657 272 ὁ
1671 244 1763 271 κανὼν
1786 243 1836 268 λέ-

1043 300 1087 326 γει
1099 292 1145 317 καὶ
1165 291 1228 322 τοὺς
1243 290 1339 317 τούτου
1360 291 1551 325 μεταδιδόντας
1569 292 1673 323 αὐτοῖς.

195 337 430 381 conmmnioneur
446 348 648 385 percipiendam
677 346 714 372 uti
741 344 849 374 volunt,
879 341 980 376 quippe
1001 339 1047 373 qui
1064 342 1200 373 expertem
1217 338 1301 365 animi
1325 339 1465 365 materiam
1486 337 1531 364 Dei
1568 339 1678 373 imagini
1710 341 1834 372 antepo-

195 404 272 429 nant,
297 406 328 424 ac
351 405 398 424 eos
416 383 529 431 quoque
548 394 592 428 qui
616 393 670 419 illis
686 391 725 419 sic
740 387 918 425 poscentibus
938 383 1150 418 impcrtivcrint,
1167 383 1355 418 segregatione
1368 391 1456 410 canon
1473 384 1562 418 puniri
1577 383 1666 418 jubet.

197 443 312 472 AltlST.
345 453 353 468 ι
373 430 470 469 Manus
494 442 520 468 in
537 440 628 467 crucis
643 437 757 472 ﬁguram
777 433 925 468 componit,
939 430 987 464 qui

234 501 243 516 4
274 489 467 517 eucharistiam
499 491 658 520 sumpturus
683 489 734 514 cst,
757 489 789 508 ac
811 487 859 507 ore
887 477 988 508 sumit;

236 547 245 562 4
267 537 313 569 qui
340 543 404 562 vero
421 532 624 567 receptaculum
642 536 768 560 aureum,
784 526 828 552 vel
844 526 914 551 alius
931 525 988 549 ula-

235 592 243 608 I
267 583 341 610 tcriae
354 588 451 607 manus
463 580 520 606 vice
539 581 684 613 praeparat,
699 572 884 607 segregandus
895 575 947 597 cst.
965 578 974 594 ι

233 629 332 661 Homo,
348 628 381 654 ad
407 626 453 653 Dei
471 623 677 652 similitudinem
701 625 819 650 creatus,
841 622 884 644 est
906 620 988 649 supra

200 684 309 704 omnem
334 678 486 701 creaturam
512 669 681 699 sensibilem,
707 670 732 692 et
748 663 849 692 Christi
877 668 988 694 corpus,

201 727 228 749 et
245 720 374 755 templum
395 723 438 745 cst
453 717 529 752 juxta
546 714 668 741 divinum
691 710 860 746 Apostolum.
882 707 910 734 Si
927 707 988 741 quis

205 770 298 802 itaque
325 774 355 794 se
383 765 483 791 divina:
511 758 713 788 communionis
741 756 899 792 participem
929 760 989 781 esse

201 799 288 848 cup-it,
314 819 428 845 eamque
446 817 500 836 non
519 815 566 834 ore
590 805 699 840 accipit,
715 808 745 830 ut
768 809 866 828 manus
880 808 944 828 suas
962 799 988 825 in

1041 430 1150 456 ΛΡΙΣΤ.
1175 438 1184 454 σ
1209 430 1264 461 Τὰς
1289 430 1417 464 παλάμας
1434 430 1474 461 εὶς
1493 431 1609 465 σταυρὸν
1624 432 1706 457 τυποῖ
1723 432 1737 458 ό
1749 441 1839 466 μετα-

1079 485 1088 501 ι
1117 475 1280 510 ληψόμενος,
1306 475 1353 501 καὶ
1379 476 1526 510 λαμϐάνων
1552 476 1590 510 τῷ
1617 478 1753 512 στόματι’
1777 479 1792 503 ὁ
1809 479 1839 504 δὲ

1079 530 1089 548 t
1112 523 1214 557 δοχεῖον
1232 523 1352 556 χρυσοῦν
1373 522 1388 557 ἢ
1414 522 1443 554 ἐξ
1468 522 1551 557 ἄλλης
1570 522 1636 557 ὕλης
1661 523 1723 550 ἀντὶ
1743 525 1841 559 χειρὸς

1080 577 1088 594 ι
1115 568 1256 600 σκευάζων
1270 568 1446 602 ἀψοριστέος.
1465 577 1477 592 ›

1080 658 1174 692 Πάσης
1206 659 1256 692 τῆς
1287 658 1421 692 αἱσοητῆς
1445 659 1561 690 κτίσεως
1587 660 1718 685 ἐπέκεινα
1734 660 1842 690 ὁνκατὰ

1042 705 1136 731 εἰκόνα
1151 705 1218 731 Θεοῦ
1231 705 1354 736 κτισοεὶς
1371 705 1516 740 ἄνθρωπος
1533 706 1580 732 καὶ
1612 705 1691 740 σῶμα
1709 707 1841 740 Χριστοῦ

1042 753 1089 778 καὶ
1109 752 1171 783 ναός
1187 752 1246 777 ἐστι
1262 750 1332 777 κατὰ
1346 751 1391 777 τὸν
1410 751 1580 777 Ἀπὸστολον.
1598 752 1631 777 Εἴ
1645 761 1686 783 τις
1706 751 1775 785 γοῦν
1787 754 1842 787 τῆς

1043 798 1117 826 Θείας
1139 797 1283 828 κοινωνίας
1299 797 1446 832 μετασχεῖν
1459 797 1617 831 βουληθείη,
1639 799 1686 823 καὶ
1711 798 1743 823 οὗ
1767 798 1842 833 λάϐῃ

202 843 294 887 crucis
319 858 434 884 fortuiuu
462 855 591 889 figurans,
610 852 656 879 sed
683 848 882 884 receptaculum
900 846 989 880 quod—

1081 845 1128 878 τὴν
1146 843 1186 877 τῷ
1205 843 1333 877 στόματι,
1352 843 1388 871 ὡς
1401 843 1430 868 ὲν
1446 843 1525 877 τύπῳ
1553 843 1672 877 σταυροῦ
1699 844 1844 878 σχηματί-

203 908 265 933 dam
291 911 403 931 aureum
431 906 476 928 aut
493 908 526 928 ex
554 899 606 926 alia
640 896 754 923 materia
784 893 863 929 281
893 899 990 919 manus

203 953 263 979 loco
285 949 405 979 coniicit,
436 952 465 974 ut
487 953 534 981 per
556 944 621 971 illud
646 943 767 970 divinum
791 941 892 967 donum
918 937 991 964 acci-

204 1003 290 1032 peret.
316 996 444 1028 illiusque
471 990 681 1027 participatione
709 989 854 1015 haberetur
879 985 989 1019 dignus,

203 1030 230 1069 et
246 1041 318 1074 'ipse
334 1044 359 1066 et
375 1039 421 1073 qui
450 1037 579 1072 mysteria
604 1035 627 1062 ei
651 1033 734 1061 tradit
759 1030 947 1066 scgrcgabitur
962 1032 991 1054 ut

203 1087 250 1122 qui
273 1086 450 1112 inanimatam
469 1079 674 1116 subjectamque
708 1078 848 1106 materiam
864 1076 911 1103 Dei
924 1075 992 1101 ima-

204 1133 261 1169 gini
277 1131 438 1168 praeferunt.

498 1192 613 1220 CANON
634 1192 689 1219 Cll.

208 1275 217 1292 ι
239 1266 351 1300 Oportet
371 1269 461 1291 autem
477 1270 535 1294 cos,
551 1261 598 1296 qui
613 1259 736 1288 solvendi
759 1264 787 1287 et
812 1258 915 1294 ligandi
944 1265 994 1292 po-

247 1321 255 1337 ι
274 1315 401 1338 testatum
431 1317 445 1336 a
462 1308 516 1335 Deo
533 1315 674 1342 accepere,
701 1307 807 1341 peccati
833 1305 991 1340 qualitatem

247 1368 255 1383 ι
277 1357 465 1388 considerare,
492 1359 518 1382 et
534 1355 592 1388 ejus
611 1354 656 1388 qui
673 1352 795 1388 peccavit
819 1352 853 1378 ad
878 1358 993 1378 conver-

246 1414 254 1428 ι
275 1403 381 1430 sionem
410 1405 566 1436 promptum
601 1397 734 1429 studium,
769 1401 796 1423 et
828 1396 869 1423 sic
897 1394 993 1422 morbo

246 1458 254 1474 ι
273 1447 480 1475 convenientem
509 1445 606 1471 aﬂ‘erre
632 1443 796 1470 medicinam
823 1450 829 1468 :
852 1449 885 1468 ne
913 1440 936 1467 si
963 1440 992 1466 iu

250 1505 257 1518 4
279 1499 398 1527 utroque
423 1490 649 1518 immoderatione
674 1493 779 1518 utatur.
809 1487 842 1513 ab
871 1487 930 1521 ejus
946 1486 991 1520 qui

247 1551 255 1566 ι
278 1525 384 1566 laborat
400 1538 489 1565 salute
504 1536 622 1563 excidat.
639 1534 698 1562 Non
724 1535 797 1561 enim
816 1533 932 1567 simplex
950 1535 992 1559 est
1006 1525 1027 1552 (ἒ

248 1595 256 1610 ‹
277 1584 390 1612 morbus
408 1583 522 1617 peccati,
540 1581 587 1607 sed
605 1580 695 1606 varius
722 1584 747 1606 et
764 1577 951 1609 multiformis,
965 1581 993 1604 et

247 1641 256 1655 ι
278 1630 377 1657 multas
391 1626 556 1654 incommodi
574 1625 737 1660 propagines
759 1623 918 1658 germinans
935 1630 942 1649 :
960 1630 993 1649 ex

247 1686 254 1699 4
275 1675 376 1709 quibus
397 1673 498 1698 malum
514 1670 631 1697 multum
646 1669 822 1700 diﬂ‘uuditur,
838 1672 864 1695 et
878 1668 993 1694 ulterius

246 1730 253 1743 4
275 1718 458 1753 progreditur,
475 1716 563 1742 donec
581 1715 687 1742 viribus
707 1715 843 1742 medentis
864 1715 993 1749 reprima-

246 1776 253 1788 ι
274 1767 326 1789 tur.
344 1762 446 1794 Quare,
465 1761 512 1795 qui
531 1759 674 1787 medicina:
692 1760 835 1786 scientiam
852 1761 878 1786 iu
892 1759 992 1794 spiritu

248 1820 255 1834 ι
278 1808 434 1844 profitetur,
450 1811 557 1841 oportet
572 1814 634 1833 eum
652 1807 769 1840 primum
783 1806 843 1840 ejus
860 1805 905 1841 qui
932 1814 993 1840 pec-

247 1866 255 1880 ι
277 1857 349 1881 cavit
365 1854 537 1881 affectionem
554 1851 743 1883 considerare,
761 1856 798 1884 et,
826 1852 883 1878 sive
899 1858 994 1886 vergat

248 1910 257 1926 ι
279 1901 312 1927 ad
332 1901 489 1932 sanitatem,
518 1899 577 1926 sive
604 1902 697 1925 contra
726 1899 845 1933 propriis
871 1898 993 1925 moribus

247 1958 255 1971 ι
278 1951 406 1980 provocet
420 1946 445 1972 in
463 1953 492 1972 se
509 1945 647 1976 morbum,
667 1945 800 1978 aspicere,
815 1948 842 1971 et
856 1945 993 1978 quomodo

244 2003 252 2018 4
272 1993 330 2027 ejus
345 2001 404 2027 qua:
417 1991 561 2018 intercedit
575 1991 636 2017 vitae
652 1990 822 2024 rationisque
840 1998 933 2017 curam
948 1999 994 2025 ge-

247 2047 256 2062 ι
277 2026 338 2063 rat:
355 2026 382 2063 et
409 2036 432 2063 si
459 2036 557 2062 artilici
589 2043 642 2062 non
671 2026 832 2066 reluctatur,
861 2039 888 2062 et
917 2036 994 2063 ulcus

249 2091 258 2108 4
276 2082 374 2109 anima:
401 2086 481 2116 :Itlgtrl
511 2089 559 2116 per
596 2081 787 2115 impositorum
813 2080 995 2108 medicamen~

247 2135 257 2152 ι
277 2133 366 2155 torum
383 2127 576 2161 adjectionem,
588 2126 628 2153 sic
644 2126 993 2161 quoque‘misericordiam,

248 2183 256 2199 ι
278 2178 359 2209 prout
376 2174 475 2208 dignus
492 2177 546 2204 est,
563 2173 708 2207 impertiri.
725 2173 838 2200 Omnem
858 2173 929 2200 enim
944 2180 991 2199 ra-

247 2228 255 2244 l
278 2220 380 2246 tionem
398 2219 448 2245 init
469 2218 548 2249 Deus,
576 2218 654 2251 isque
678 2218 721 2244 cui
743 2218 891 2253 pastoralis
910 2211 996 2244 tradi;

250 2273 258 2289 ι
280 2268 324 2291 tus
337 2268 378 2290 est
389 2264 572 2298 principatus,
585 2269 613 2290 tIt
626 2268 763 2289 errantem
778 2271 857 2290 ovem
870 2264 994 2297 reducat,

249 2321 256 2335 ι
279 2310 356 2341 etei,
373 2318 433 2343 qua:
451 2313 492 2336 est
513 2317 526 2335 a
555 2314 683 2344 serpente
711 2309 863 2342 vulnerata,
889 2310 996 2337 medea—

249 2367 258 2381 ι
282 2360 337 2387 tur,
365 2361 392 2382 ct
419 2363 507 2389 neque
534 2363 582 2389 per
611 2355 812 2389 desperationis
845 2355 994 2390 prmcipitia

251 2411 260 2427 4
283 2402 415 2435 impellat,
433 2408 481 2427 ne4.
507 2401 539 2426 ad
555 2400 615 2426 vitae
643 2400 849 2427 dissolutionem
876 2406 903 2428 et
928 2408 995 2427 cou-

255 2458 263 2473 ι
287 2451 420 2482 temptutn
448 2446 532 2472 fraena
563 2446 692 2473 relaxet:
724 2445 773 2473 sed
801 2446 853 2473 alia
885 2445 994 2480 quidem

250 2505 258 2520 4
280 2494 392 2521 omnino
410 2493 525 2524 ratione,
543 2491 600 2518 sive
629 2499 676 2526 per
703 2492 810 2518 arriora
840 2496 866 2517 et
893 2492 995 2519 astrin-

249 2551 256 2565 4
275 2539 377 2575 gentia,
394 2538 452 2565 sive
467 2545 513 2572 per
538 2537 663 2563 molliora
690 2542 717 2563 et
743 2537 846 2564 leniora
875 2537 996 2564 medica-

249 2595 258 2610 4
281 2589 381 2617 menta,
394 2583 529 2610 alleclioui
546 2583 665 2614 resistat,
677 2576 749 2610 et'ad
772 2583 870 2610 ulceris
893 2583 996 2610 obduc-

250 2642 258 2657 ι
277 2633 378 2659 tionem
401 2631 552 2663 adnitatur,
579 2630 686 2657 fructus
714 2630 881 2664 poenitentia:
896 2629 994 2656 exami-

250 2687 258 2703 ι
280 2685 367 2709 nans,
391 2681 418 2704 et
437 2676 575 2710 sapienter
600 2675 766 2709 dispensans
795 2680 821 2701 et
841 2675 996 2710 gubernans

250 2733 258 2747 4
278 2723 428 2755 hominem,
448 2722 494 2756 qui
514 2721 546 2748 ad
563 2721 737 2755 superiorem
764 2720 995 2747 illuminatlonem

251 2777 259 2793 4
280 2773 404 2795 vocatur.
421 2767 477 2794 Nos
501 2768 574 2794 enim
595 2772 711 2801 utraque
731 2767 803 2794 scire
828 2771 943 2801 oportet,
970 2772 996 2794 et

251 2822 260 2836 ι
280 2821 340 2846 qua;
357 2817 421 2841 sunt
438 2813 537 2840 sununi
550 2813 633 2845 juris,
649 2817 676 2839 cl.
692 2821 753 2846 qua:
768 2816 833 2839 sunt
847 2816 996 2839 consuetu-

252 2866 260 2881 ί
282 2857 364 2891 diuis,
380 2858 408 2885 in
424 2859 457 2887 iis
482 2863 584 2890 autem,
601 2859 647 2893 qui
663 2863 786 2885 extrema
810 2866 864 2886 non
893 2859 991 2886 admit-

1046 897 1094 919 σας
1115 889 1165 919 τὰς
1181 890 1275 923 χεῖρας
1297 887 1391 920 αὐτοῦ,
1413 888 1480 915 ἀλλὰ
1506 889 1609 923 δοχείὁν
1623 897 1649 915 τι
1666 889 1803 923 χρυσοῦν,
1822 890 1840 924 ἢ

1044 935 1073 967 ἐξ
1093 935 1176 969 ἄλλης
1190 934 1256 968 ὕλης
1270 935 1473 961 κατασκευάσει
1495 936 1555 961 ἀντὶ
1579 935 1680 970 χειρὸς,
1702 935 1778 961 ὥστε
1804 935 1841 961 δι’

1045 981 1126 1007 αὑτοῦ
1140 981 1170 1007 τὸ
1185 981 1256 1007 θεῖον
1270 981 1399 1013 δέξασθαι
1416 982 1513 1016 δῶρον,
1530 982 1576 1007 καὶ
1589 982 1638 1015 τῆς
1653 982 1842 1016 μεταλήψξως

1043 1027 1148 1062 ταύτης
1174 1027 1326 1062 ἀξιωθῆναι
1342 1035 1348 1042 ·
1376 1027 1594 1062 ἀφορισθήσεται
1621 1027 1706 1058 αὐτὸς
1753 1028 1803 1052 καὶ
1826 1029 1841 1053 ὀ

1047 1072 1218 1106 μεταδιδοὺς,
1235 1072 1272 1102 ὡς
1289 1072 1479 1107 προτιμῶντες
1498 1073 1546 1106 τῆς
1567 1072 1614 1099 τοῦ
1630 1072 1698 1099 Θεοῦ
1728 1073 1841 1104 εἰκόνος

1044 1118 1093 1154 τὴν
1112 1118 1215 1153 ἄψυχον
1230 1118 1294 1154 ὕλην
1314 1120 1359 1145 καὶ
1375 1119 1543 1154 ὑποχείριον.

1343 1183 1463 1210 ΚΛΝΩΝ
1491 1183 1548 1210 PB'.

1048 1263 1056 1279 α
1082 1254 1124 1279 Δεῖ
1140 1252 1168 1278 δὲ
1186 1253 1247 1283 τοὺς
1264 1252 1389 1285 ἐξουσίαν
1405 1251 1479 1278 λύειν
1494 1253 1539 1278 καὶ
1554 1252 1663 1286 δεσμεῖν
1675 1256 1754 1288 παρὰ
1768 1254 1838 1281 Θειιῦ

1084 1309 1092 1324 ι
1115 1298 1246 1329 λαῦόντας
1267 1299 1378 1324 σκοπεῖν
1402 1297 1452 1333 τὴν
1466 1298 1515 1332 τῆς
1538 1298 1676 1332 ἁμαρτίας
1701 1300 1838 1334 ποιότητα

1083 1355 1091 1370 ε
1116 1345 1162 1371 καὶ
1190 1346 1238 1380 τὴν
1263 1345 1311 1371 τοῦ
1341 1342 1535 1379 ἡμαρτηκότος
1565 1345 1633 1379 πρὸς
1663 1346 1838 1381 ἐπιστροφὴν

1083 1403 1091 1416 ι
1115 1393 1295 1427 ἑτοιμότητα,
1324 1392 1371 1417 καὶ
1387 1391 1458 1417 οὕτω
1483 1391 1653 1426 κατάλληλον
1677 1393 1728 1427 τὴν
1754 1393 1839 1428 θερα-

1083 1449 1091 1465 4
1116 1439 1196 1465 πεὶαν
1221 1438 1371 1472 προσάγειν
1387 1438 1426 1471 τῷ
1444 1438 1653 1472 όιρῤωστήματι,
1672 1438 1715 1464 ἵνα
1734 1438 1775 1472 μὴ
1803 1440 1837 1473 τῇ

1083 1495 1090 1510 ι
1116 1484 1234 1520 ἀμετρίᾳ
1259 1483 1319 1510 καθ’
1335 1483 1466 1518 ἑκάτερον
1491 1482 1644 1518 χρώμενος,
1661 1484 1838 1519 ἀποσφαλεῐη

1082 1541 1091 1556 ι
1115 1531 1182 1566 πρὸς
1203 1531 1252 1564 τὴν
1279 1530 1418 1564 σωτηρίαν
1447 1529 1493 1556 τοῦ
1520 1530 1679 1564 κάμνοντος.
1707 1530 1746 1556 Οὐ
1781 1532 1840 1565 γὰρ

1083 1588 1091 1603 ι
1115 1577 1187 1610 ἁπλῆ
1205 1576 1254 1610 τῆς
1269 1576 1408 1610 ἁμαρτίας
1423 1576 1440 1608 ἡ
1458 1575 1547 1607 νόσος,
1562 1575 1631 1602 ἀλλὰ
1648 1576 1760 1611 ποικίλη
1790 1579 1838 1604 καὶ

1083 1633 1091 1649 ι
1115 1622 1276 1656 πολυειδὴς,
1294 1621 1341 1647 καὶ
1358 1620 1457 1652 πολλὰς
1474 1621 1522 1655 τῆς
1540 1621 1642 1656 βλάϐης
1666 1621 1716 1653 τὰς
1741 1630 1838 1657 Trapa—

1083 1679 1091 1695 4
1115 1669 1218 1703 φυάδας
1234 1667 1432 1702 βλαστάνουσα,
1447 1667 1475 1698 ἐξ
1491 1663 1527 1693 ὧν
1543 1667 1574 1692 τὸ
1594 1667 1679 1693 κακὸν
1704 1667 1750 1693 ἐπὶ
1768 1668 1838 1694 πολῦ

1083 1726 1091 1741 4
1115 1716 1247 1750 διαχεῖται
1266 1712 1313 1744 καὶ
1329 1713 1424 1746 πρόσω
1456 1713 1553 1747 βαίνει,
1572 1713 1668 1747 μέχρις
1695 1713 1730 1740 ἂν
1754 1715 1837 1748 σταίη

1084 1772 1092 1787 ι
1115 1763 1148 1797 τῇ
1165 1761 1279 1795 δυνάμει
1303 1760 1350 1786 τοῦ
1376 1759 1586 1794 Θεραπεύοντος.
1605 1759 1687 1784 Ὥστε
1712 1758 1761 1785 τὸν
1788 1759 1839 1794 τὴν

1085 1819 1092 1833 ι
1118 1807 1242 1842 ἰατρικὴν
1260 1807 1288 1833 ὲν
1304 1805 1439 1840 πνεύματι
1458 1806 1614 1839 ἐπιστήμην
1642 1805 1840 1839 ἐπιδεικνύμε-

1085 1864 1094 1880 ‹
1117 1862 1162 1880 νον
1185 1853 1318 1887 πρότερον
1334 1852 1387 1887 χρὴ
1403 1850 1451 1886 τὴν
1467 1851 1514 1876 τοῦ
1535 1851 1730 1885 ἡμαρτηκότος
1743 1851 1838 1878 6:516:-

1084 1910 1092 1926 4
1118 1907 1160 1926 σιν
1178 1897 1405 1929 ἐπισκέπτεσθαι,
1437 1897 1484 1922 καὶ
1501 1897 1556 1923 εἴτε
1574 1896 1642 1931 πρὸς
1657 1896 1708 1931 τὴν
1727 1897 1839 1930 ὑγίειαν

1084 1957 1092 1972 4
1115 1946 1199 1977 νεύει,
1217 1945 1232 1980 ἢ
1253 1943 1408 1971 τούναντίον
1432 1943 1474 1968 διὰ
1505 1943 1559 1968 τῶν
1586 1943 1696 1968 οἰκείων
1725 1943 1839 1976 τρόπων

1083 2003 1092 2018 ι
1116 1989 1314 2025 προσκαλεῖται
1345 1987 1406 2014 καθ’
1445 1986 1544 2013 ἑαυτοῦ
1584 1986 1614 2012 τὸ
1649 1986 1837 2021 ἀρρώστημα,

1085 2048 1093 2062 ι
1116 2036 1228 2071 ὲφορᾷν,
1243 2035 1317 2064 ὅπως
1333 2041 1362 2058 τε
1378 2032 1428 2066 τῆς
1442 2033 1471 2058 ὲν
1488 2031 1526 2066 τῷ
1543 2030 1644 2066 μεταξὺ
1675 2034 1836 2064 προνοεῖται

1084 2093 1092 2108 4
1116 2079 1301 2115 ἀναστροφῆς,
1319 2078 1366 2105 καὶ
1382 2079 1406 2104 εἰ
1420 2077 1457 2112 μὴ
1469 2076 1508 2111 τῷ
1529 2077 1637 2113 τεχνίτῃ
1650 2078 1838 2110 ἀντιπαλαὶει,

1084 2139 1092 2154 ε
1115 2127 1202 2154 καὶτὸ
1218 2126 1268 2160 τῆς
1282 2124 1369 2159 ψυχῆς
1385 2124 1462 2154 ἕλκος
1476 2123 1520 2149 διὰ
1545 2124 1592 2157 τῆς
1608 2123 1661 2149 τῶν
1678 2124 1841 2157 ἐπιτιθεμέ-

1088 2186 1095 2200 4
1120 2183 1172 2200 νων
1185 2171 1338 2206 φαρμάκων
1350 2169 1460 2201 αὐξάνει
1489 2169 1682 2203 προσαγωγῆς,
1700 2168 1749 2195 καὶ
1764 2169 1839 2196 οὕτω

1085 2230 1093 2245 4
1118 2219 1164 2244 τὸν
1178 2217 1252 2243 ἔλεον
1265 2215 1324 2241 κατ’
1335 2215 1411 2246 ἀξίαν
1424 2215 1593 2249 ἐπιμετρεῑν.
1611 2213 1668 2244 Πᾶς
1686 2215 1741 2248 γὰρ
1758 2215 1841 2249 λόγος

1084 2276 1092 2291 4
1116 2264 1175 2298 Θεῷ
1206 2263 1252 2288 καὶ
1274 2261 1313 2295 τῷ
1343 2262 1392 2295 τὴν
1426 2259 1607 2294 ποιμαντικὴν
1636 2260 1840 2294 ἐγχειρισοέντι

1084 2321 1092 2336 ι
1120 2309 1269 2344 ἡγεμονίαν
1283 2307 1313 2333 τὺ
1345 2305 1521 2340 πλανώμενον
1534 2305 1668 2339 πρόϐατον
1697 2306 1843 2339 ἐπαναγαο

1085 2367 1093 2382 4
1116 2357 1185 2390 γεῖν,
1207 2354 1255 2380 καὶ
1277 2352 1380 2388 τρωθὲν
1413 2351 1465 2377 ὑπὸ
1476 2351 1522 2377 τοῦ
1544 2351 1632 2384 ὂψεως
1662 2350 1840 2384 ἑξιάπασθαι,

1085 2412 1093 2427 ι
1114 2402 1161 2428 καὶ
1190 2400 1259 2435 μήτε
1285 2398 1355 2425 κατὰ
1369 2397 1499 2432 κρημνῶν
1511 2396 1616 2431 ὼθῆσαι
1632 2396 1682 2431 τῆς
1707 2397 1842 2430 ἀπογνώ-

1086 2457 1094 2472 4
1119 2454 1198 2477 σεως,
1214 2438 1342 2479 μήτετὶιν
1356 2442 1464 2478 χαλινὸν
1480 2442 1620 2468 ἐπιδοῦναι
1641 2441 1708 2472 πρὸς
1720 2442 1772 2476 τὴν
1791 2442 1841 2468 τοῦ

1086 2502 1094 2517 ι
1119 2491 1176 2526 βίου
1205 2489 1314 2515 ἑκλυσίν
1336 2497 1364 2513 τε
1392 2488 1437 2514 καὶ
1467 2487 1691 2521 καταφρόνησιν·
1720 2486 1781 2512 ἀλλ’
1811 2488 1842 2513 ἐν

1089 2547 1097 2562 ι
1121 2535 1207 2570 ἑτέρῳ
1230 2535 1323 2569 τρόπῳ
1348 2533 1466 2564 πάντως,
1482 2532 1536 2558 εἴτε
1547 2532 1590 2558 διὰ
1601 2531 1654 2557 τῶν
1668 2531 1842 2566 αὑπτηροτὲ-

1087 2592 1095 2607 ι
1122 2590 1175 2614 ρων
1186 2589 1214 2606 τε
1229 2580 1275 2605 καὶ
1287 2579 1450 2613 στυφὸντων,
1462 2577 1517 2604 εἴτε
1532 2576 1577 2603 διὰ
1590 2576 1645 2602 τῶν
1658 2576 1842 2610 ἁπαλοτέρων

1086 2637 1094 2653 ι
1119 2637 1147 2654 τε
1163 2627 1210 2653 καὶ
1229 2625 1387 2660 πραοτέρων
1399 2623 1562 2658 φαρμάκιον,
1583 2623 1653 2648 κατὰ
1667 2621 1715 2648 τοῦ
1733 2622 1843 2653 πάθους

1089 2683 1097 2699 4
1120 2673 1226 2708 στῆναι,
1241 2673 1288 2698 καὶ
1308 2671 1376 2706 πρὸς
1398 2669 1561 2696 συνούλωσιν
1578 2667 1625 2695 τοῦ
1642 2667 1740 2698 ἕλκους
1771 2668 1844 2694 ἀντ-

1086 2731 1095 2745 4
1119 2718 1312 2753 αγωνίσασθαι,
1332 2716 1393 2746 τοὺς
1406 2715 1455 2750 τῆς
1471 2715 1616 2749 μετανοίας
1632 2714 1755 2748 καρποὺς
1765 2714 1846 2740 δοκι-

1088 2776 1096 2791 4
1120 2766 1230 2800 μάζοντι
1260 2764 1307 2790 καὶ
1325 2761 1511 2797 οἰκονομοῦντι
1529 2761 1619 2795 σοφῶς
1634 2760 1680 2786 τὸν
1703 2760 1774 2795 πρὸς
1790 2760 1845 2794 τὴν

1088 2821 1096 2836 4
1120 2812 1176 2838 ἄνω
1189 2808 1399 2843 λαμπροφορίαν
1415 2806 1584 2841 καλούμενον
1598 2806 1755 2841 ἄνθρωπον.
1774 2806 1846 2839 Ἀμ-

1087 2868 1095 2884 «
1120 2857 1221 2892 φότερα
1249 2856 1337 2882 τοίνυν
1367 2854 1466 2882 ειδέναι
1483 2853 1557 2888 ἡμᾶς
1582 2851 1644 2887 χρὴ,
1661 2851 1756 2878 καὶτὰ
1791 2850 1846 2885 τῆς
