  <div class='ocr_page' id='page_1' title='image "/cluster/home/n/w/nwhite01/storage/ocr_20150623/137/njp.32101077773115/479.png"; bbox 0 0 1933 3112; ppageno 0'>
   <div class='ocr_carea' id='block_1_1' title="bbox 247 135 300 161">
    <p class='ocr_par' dir='ltr' id='par_1_1' title="bbox 247 135 300 161">
     <span class='ocr_line' id='line_1_1' title="bbox 247 135 300 161; baseline 0.019 -1"><span class='ocrx_word' id='word_1_1' title='bbox 247 135 300 161; x_wconf 65' lang='lat' dir='ltr'><strong>uti</strong></span> 
     </span>
    </p>
   </div>
   <div class='ocr_carea' id='block_1_2' title="bbox 874 125 1234 156">
    <p class='ocr_par' dir='ltr' id='par_1_2' title="bbox 874 125 1234 156">
     <span class='ocr_line' id='line_1_2' title="bbox 874 125 1234 156; baseline 0 0"><span class='ocrx_word' id='word_1_2' title='bbox 874 125 1003 156; x_wconf 79' lang='lat' dir='ltr'><strong>TIIEOD</strong></span> <span class='ocrx_word' id='word_1_3' title='bbox 1035 126 1234 156; x_wconf 73' lang='lat' dir='ltr'><strong>BALSAMON</strong></span> 
     </span>
    </p>
   </div>
   <div class='ocr_carea' id='block_1_3' title="bbox 1842 125 1892 156">
    <p class='ocr_par' dir='ltr' id='par_1_3' title="bbox 1842 125 1892 156">
     <span class='ocr_line' id='line_1_3' title="bbox 1842 125 1892 156; baseline -0.02 0"><span class='ocrx_word' id='word_1_4' title='bbox 1842 125 1892 156; x_wconf 62' lang='lat'><strong>872</strong></span> 
     </span>
    </p>
   </div>
   <div class='ocr_carea' id='block_1_4' title="bbox 249 179 1042 222">
    <p class='ocr_par' dir='ltr' id='par_1_4' title="bbox 249 184 1036 219">
     <span class='ocr_line' id='line_1_4' title="bbox 249 184 1036 219; baseline -0.005 -5"><span class='ocrx_word' id='word_1_5' title='bbox 249 195 313 214; x_wconf 81' lang='lat' dir='ltr'><strong>vero</strong></span> <span class='ocrx_word' id='word_1_6' title='bbox 327 194 375 218; x_wconf 85' lang='lat' dir='ltr'><strong>per</strong></span> <span class='ocrx_word' id='word_1_7' title='bbox 391 189 539 214; x_wconf 84' lang='lat' dir='ltr'><strong>consuetas</strong></span> <span class='ocrx_word' id='word_1_8' title='bbox 558 190 587 214; x_wconf 90' lang='lat' dir='ltr'><strong>et</strong></span> <span class='ocrx_word' id='word_1_9' title='bbox 602 186 725 214; x_wconf 88' lang='lat' dir='ltr'><strong>mitiores</strong></span> <span class='ocrx_word' id='word_1_10' title='bbox 740 184 902 216; x_wconf 82' lang='lat' dir='ltr'><strong>medicinas.</strong></span> <span class='ocrx_word' id='word_1_11' title='bbox 926 185 1036 219; x_wconf 84' lang='lat' dir='ltr'><strong>quando</strong></span> 
     </span>
    </p>
   </div>
   <div class='ocr_carea' id='block_1_5' title="bbox 1096 179 1890 222">
    <p class='ocr_par' dir='ltr' id='par_1_5' title="bbox 1096 179 1890 222">
     <span class='ocr_line' id='line_1_5' title="bbox 1096 179 1890 222; baseline -0.001 -11"><span class='ocrx_word' id='word_1_12' title='bbox 1096 184 1136 220; x_wconf 71' lang='grc' dir='ltr'><strong>τὴν</strong></span> <span class='ocrx_word' id='word_1_13' title='bbox 1164 185 1300 222; x_wconf 74' lang='grc' dir='ltr'><strong>ὕποεοχὴν</strong></span> <span class='ocrx_word' id='word_1_14' title='bbox 1330 185 1383 213; x_wconf 88' lang='grc' dir='ltr'><strong>τῶν</strong></span> <span class='ocrx_word' id='word_1_15' title='bbox 1422 185 1569 220; x_wconf 75' lang='grc' dir='ltr'><strong>ἐπιτιμίων</strong></span> <span class='ocrx_word' id='word_1_16' title='bbox 1591 179 1811 220; x_wconf 20' lang='grc' dir='ltr'><strong>κῑατρευόμενοι.</strong></span> <span class='ocrx_word' id='word_1_17' title='bbox 1847 185 1890 215; x_wconf 81' lang='lat' dir='ltr'><strong>Ei;</strong></span> 
     </span>
    </p>
   </div>
   <div class='ocr_carea' id='block_1_6' title="bbox 249 230 1035 267">
    <p class='ocr_par' dir='ltr' id='par_1_6' title="bbox 249 230 1035 267">
     <span class='ocr_line' id='line_1_6' title="bbox 249 230 1035 267; baseline -0.005 -8"><span class='ocrx_word' id='word_1_18' title='bbox 249 235 278 265; x_wconf 86' lang='lat' dir='ltr'><strong>ii,</strong></span> <span class='ocrx_word' id='word_1_19' title='bbox 303 232 404 267; x_wconf 83' lang='lat' dir='ltr'><strong>quibus</strong></span> <span class='ocrx_word' id='word_1_20' title='bbox 425 231 560 258; x_wconf 93' lang='lat' dir='ltr'><strong>medicina</strong></span> <span class='ocrx_word' id='word_1_21' title='bbox 584 231 741 263; x_wconf 74' lang='lat' dir='ltr'><strong>adhibetur,</strong></span> <span class='ocrx_word' id='word_1_22' title='bbox 766 230 799 258; x_wconf 86' lang='lat' dir='ltr'><strong>ad</strong></span> <span class='ocrx_word' id='word_1_23' title='bbox 823 237 920 265; x_wconf 64' lang='lat' dir='ltr'><strong>poenas</strong></span> <span class='ocrx_word' id='word_1_24' title='bbox 947 230 1035 257; x_wconf 79' lang='lat' dir='ltr'><strong>susci-</strong></span> 
     </span>
    </p>
   </div>
   <div class='ocr_carea' id='block_1_7' title="bbox 248 275 1035 314">
    <p class='ocr_par' dir='ltr' id='par_1_7' title="bbox 248 275 1035 314">
     <span class='ocr_line' id='line_1_7' title="bbox 248 275 1035 314; baseline -0.003 -10"><span class='ocrx_word' id='word_1_25' title='bbox 248 279 362 314; x_wconf 83' lang='lat' dir='ltr'><strong>piendas</strong></span> <span class='ocrx_word' id='word_1_26' title='bbox 380 277 459 311; x_wconf 82' lang='lat' dir='ltr'><strong>paulo</strong></span> <span class='ocrx_word' id='word_1_27' title='bbox 477 277 603 305; x_wconf 88' lang='lat' dir='ltr'><strong>duriores</strong></span> <span class='ocrx_word' id='word_1_28' title='bbox 630 276 743 305; x_wconf 87' lang='lat' dir='ltr'><strong>fuerint.</strong></span> <span class='ocrx_word' id='word_1_29' title='bbox 766 275 806 304; x_wconf 76' lang='lat' dir='ltr'><strong>Ad</strong></span> <span class='ocrx_word' id='word_1_30' title='bbox 826 276 882 303; x_wconf 71' lang='lat' dir='ltr'><strong>haec</strong></span> <span class='ocrx_word' id='word_1_31' title='bbox 904 280 1035 303; x_wconf 83' lang='lat' dir='ltr'><strong>consueta</strong></span> 
     </span>
    </p>
   </div>
   <div class='ocr_carea' id='block_1_8' title="bbox 248 322 1037 357">
    <p class='ocr_par' dir='ltr' id='par_1_8' title="bbox 248 322 1037 357">
     <span class='ocr_line' id='line_1_8' title="bbox 248 322 1037 357; baseline -0.004 -6"><span class='ocrx_word' id='word_1_32' title='bbox 248 325 320 351; x_wconf 86' lang='lat' dir='ltr'><strong>enim</strong></span> <span class='ocrx_word' id='word_1_33' title='bbox 336 330 416 350; x_wconf 88' lang='lat' dir='ltr'><strong>nemo</strong></span> <span class='ocrx_word' id='word_1_34' title='bbox 441 323 584 350; x_wconf 83' lang='lat' dir='ltr'><strong>restiterit.</strong></span> <span class='ocrx_word' id='word_1_35' title='bbox 610 323 657 350; x_wconf 90' lang='lat' dir='ltr'><strong>llis</strong></span> <span class='ocrx_word' id='word_1_36' title='bbox 677 322 858 350; x_wconf 73' lang='lat' dir='ltr'><strong>consimiliter</strong></span> <span class='ocrx_word' id='word_1_37' title='bbox 875 322 954 357; x_wconf 84' lang='lat' dir='ltr'><strong>jubet</strong></span> <span class='ocrx_word' id='word_1_38' title='bbox 980 328 1037 348; x_wconf 84' lang='lat' dir='ltr'><strong>ma-</strong></span> 
     </span>
    </p>
   </div>
   <div class='ocr_carea' id='block_1_9' title="bbox 248 369 914 405">
    <p class='ocr_par' dir='ltr' id='par_1_9' title="bbox 248 369 914 405">
     <span class='ocr_line' id='line_1_9' title="bbox 248 369 914 405; baseline 0 -9"><span class='ocrx_word' id='word_1_39' title='bbox 248 377 317 405; x_wconf 76' lang='lat' dir='ltr'><strong>gnus</strong></span> <span class='ocrx_word' id='word_1_40' title='bbox 333 376 444 403; x_wconf 89' lang='lat' dir='ltr'><strong>quoque</strong></span> <span class='ocrx_word' id='word_1_41' title='bbox 457 369 574 397; x_wconf 84' lang='lat' dir='ltr'><strong>Basilius</strong></span> <span class='ocrx_word' id='word_1_42' title='bbox 591 369 619 397; x_wconf 91' lang='lat' dir='ltr'><strong>in</strong></span> <span class='ocrx_word' id='word_1_43' title='bbox 634 369 716 397; x_wconf 87' lang='lat' dir='ltr'><strong>tertio</strong></span> <span class='ocrx_word' id='word_1_44' title='bbox 730 376 781 397; x_wconf 93' lang='lat' dir='ltr'><strong>suo</strong></span> <span class='ocrx_word' id='word_1_45' title='bbox 796 375 914 396; x_wconf 80' lang='lat' dir='ltr'><strong>canone.</strong></span> 
     </span>
    </p>
   </div>
   <div class='ocr_carea' id='block_1_10' title="bbox 285 414 1037 448">
    <p class='ocr_par' dir='ltr' id='par_1_10' title="bbox 285 414 1037 448">
     <span class='ocr_line' id='line_1_10' title="bbox 285 414 1037 448; baseline -0.003 -7"><span class='ocrx_word' id='word_1_46' title='bbox 285 414 412 442; x_wconf 75' lang='lat' dir='ltr'><strong>ZONAR.</strong></span> <span class='ocrx_word' id='word_1_47' title='bbox 428 414 496 442; x_wconf 87' lang='lat' dir='ltr'><strong>Cum</strong></span> <span class='ocrx_word' id='word_1_48' title='bbox 513 414 547 442; x_wconf 87' lang='lat' dir='ltr'><strong>de</strong></span> <span class='ocrx_word' id='word_1_49' title='bbox 561 415 655 443; x_wconf 91' lang='lat' dir='ltr'><strong>multis</strong></span> <span class='ocrx_word' id='word_1_50' title='bbox 671 422 702 443; x_wconf 89' lang='lat' dir='ltr'><strong>ac</strong></span> <span class='ocrx_word' id='word_1_51' title='bbox 720 414 803 442; x_wconf 89' lang='lat' dir='ltr'><strong>variis</strong></span> <span class='ocrx_word' id='word_1_52' title='bbox 823 414 972 441; x_wconf 90' lang='lat' dir='ltr'><strong>multarum</strong></span> <span class='ocrx_word' id='word_1_53' title='bbox 991 420 1037 448; x_wconf 55' lang='lat' dir='ltr'><strong>ges</strong></span> 
     </span>
    </p>
   </div>
   <div class='ocr_carea' id='block_1_11' title="bbox 250 459 1038 497">
    <p class='ocr_par' dir='ltr' id='par_1_11' title="bbox 250 459 1038 497">
     <span class='ocr_line' id='line_1_11' title="bbox 250 459 1038 497; baseline -0.003 -9"><span class='ocrx_word' id='word_1_54' title='bbox 250 461 365 489; x_wconf 81' lang='lat' dir='ltr'><strong>aeribus</strong></span> <span class='ocrx_word' id='word_1_55' title='bbox 382 462 505 497; x_wconf 84' lang='lat' dir='ltr'><strong>synodus</strong></span> <span class='ocrx_word' id='word_1_56' title='bbox 517 462 690 493; x_wconf 88' lang='lat' dir='ltr'><strong>disseruerit,</strong></span> <span class='ocrx_word' id='word_1_57' title='bbox 715 468 836 495; x_wconf 84' lang='lat' dir='ltr'><strong>suasque</strong></span> <span class='ocrx_word' id='word_1_58' title='bbox 851 459 968 494; x_wconf 78' lang='lat' dir='ltr'><strong>singulis</strong></span> <span class='ocrx_word' id='word_1_59' title='bbox 980 459 1038 486; x_wconf 85' lang='lat' dir='ltr'><strong>cri-</strong></span> 
     </span>
    </p>
   </div>
   <div class='ocr_carea' id='block_1_12' title="bbox 256 505 1038 541">
    <p class='ocr_par' dir='ltr' id='par_1_12' title="bbox 256 505 1038 541">
     <span class='ocr_line' id='line_1_12' title="bbox 256 505 1038 541; baseline -0.004 -7"><span class='ocrx_word' id='word_1_60' title='bbox 256 507 371 534; x_wconf 88' lang='lat' dir='ltr'><strong>niuibus</strong></span> <span class='ocrx_word' id='word_1_61' title='bbox 388 514 485 541; x_wconf 64' lang='lat' dir='ltr'><strong>prunas</strong></span> <span class='ocrx_word' id='word_1_62' title='bbox 502 507 624 534; x_wconf 78' lang='lat' dir='ltr'><strong>vicissim</strong></span> <span class='ocrx_word' id='word_1_63' title='bbox 649 507 756 534; x_wconf 81' lang='lat' dir='ltr'><strong>debitas</strong></span> <span class='ocrx_word' id='word_1_64' title='bbox 782 505 966 537; x_wconf 85' lang='lat' dir='ltr'><strong>constituerit,</strong></span> <span class='ocrx_word' id='word_1_65' title='bbox 987 505 1038 532; x_wconf 87' lang='lat' dir='ltr'><strong>hoc</strong></span> 
     </span>
    </p>
   </div>
   <div class='ocr_carea' id='block_1_13' title="bbox 249 552 1038 587">
    <p class='ocr_par' dir='ltr' id='par_1_13' title="bbox 249 552 1038 587">
     <span class='ocr_line' id='line_1_13' title="bbox 249 552 1038 587; baseline -0.004 -7"><span class='ocrx_word' id='word_1_66' title='bbox 249 553 357 580; x_wconf 88' lang='lat' dir='ltr'><strong>demum</strong></span> <span class='ocrx_word' id='word_1_67' title='bbox 374 560 480 580; x_wconf 81' lang='lat' dir='ltr'><strong>canone</strong></span> <span class='ocrx_word' id='word_1_68' title='bbox 493 553 685 587; x_wconf 84' lang='lat' dir='ltr'><strong>episcoporqu</strong></span> <span class='ocrx_word' id='word_1_69' title='bbox 699 552 805 587; x_wconf 87' lang='lat' dir='ltr'><strong>judicio</strong></span> <span class='ocrx_word' id='word_1_70' title='bbox 826 552 955 579; x_wconf 71' lang='lat' dir='ltr'><strong>universa</strong></span> <span class='ocrx_word' id='word_1_71' title='bbox 976 558 1038 586; x_wconf 87' lang='lat' dir='ltr'><strong>per-</strong></span> 
     </span>
    </p>
   </div>
   <div class='ocr_carea' id='block_1_14' title="bbox 250 596 1038 633">
    <p class='ocr_par' dir='ltr' id='par_1_14' title="bbox 250 596 1038 633">
     <span class='ocr_line' id='line_1_14' title="bbox 250 596 1038 633; baseline -0.003 -8"><span class='ocrx_word' id='word_1_72' title='bbox 250 599 334 626; x_wconf 89' lang='lat' dir='ltr'><strong>misit.</strong></span> <span class='ocrx_word' id='word_1_73' title='bbox 352 598 407 626; x_wconf 83' lang='lat' dir='ltr'><strong>Nec</strong></span> <span class='ocrx_word' id='word_1_74' title='bbox 438 607 502 626; x_wconf 86' lang='lat' dir='ltr'><strong>vero</strong></span> <span class='ocrx_word' id='word_1_75' title='bbox 533 599 621 626; x_wconf 90' lang='lat' dir='ltr'><strong>solum</strong></span> <span class='ocrx_word' id='word_1_76' title='bbox 647 599 680 626; x_wconf 86' lang='lat' dir='ltr'><strong>de</strong></span> <span class='ocrx_word' id='word_1_77' title='bbox 706 604 877 633; x_wconf 81' lang='lat' dir='ltr'><strong>peccatorum</strong></span> <span class='ocrx_word' id='word_1_78' title='bbox 907 596 1038 632; x_wconf 84' lang='lat' dir='ltr'><strong>qualitate</strong></span> 
     </span>
    </p>
   </div>
   <div class='ocr_carea' id='block_1_15' title="bbox 248 642 1038 680">
    <p class='ocr_par' dir='ltr' id='par_1_15' title="bbox 248 642 1038 680">
     <span class='ocr_line' id='line_1_15' title="bbox 248 642 1038 680; baseline -0.005 -8"><span class='ocrx_word' id='word_1_79' title='bbox 248 646 412 680; x_wconf 62' lang='lat' dir='ltr'><strong>graviorane</strong></span> <span class='ocrx_word' id='word_1_80' title='bbox 427 652 460 671; x_wconf 91' lang='lat' dir='ltr'><strong>an</strong></span> <span class='ocrx_word' id='word_1_81' title='bbox 483 645 585 672; x_wconf 76' lang='lat' dir='ltr'><strong>leviora</strong></span> <span class='ocrx_word' id='word_1_82' title='bbox 609 645 674 677; x_wconf 88' lang='lat' dir='ltr'><strong>sint,</strong></span> <span class='ocrx_word' id='word_1_83' title='bbox 696 643 887 678; x_wconf 74' lang='lat' dir='ltr'><strong>cogitandum,</strong></span> <span class='ocrx_word' id='word_1_84' title='bbox 912 642 960 670; x_wconf 86' lang='lat' dir='ltr'><strong>sed</strong></span> <span class='ocrx_word' id='word_1_85' title='bbox 978 642 1038 677; x_wconf 72' lang='lat' dir='ltr'><strong>ejus</strong></span> 
     </span>
    </p>
   </div>
   <div class='ocr_carea' id='block_1_16' title="bbox 250 688 1034 726">
    <p class='ocr_par' dir='ltr' id='par_1_16' title="bbox 250 688 1034 726">
     <span class='ocr_line' id='line_1_16' title="bbox 250 688 1034 726; baseline -0.001 -10"><span class='ocrx_word' id='word_1_86' title='bbox 250 698 359 726; x_wconf 90' lang='lat' dir='ltr'><strong>quoque</strong></span> <span class='ocrx_word' id='word_1_87' title='bbox 377 692 423 726; x_wconf 85' lang='lat' dir='ltr'><strong>qui</strong></span> <span class='ocrx_word' id='word_1_88' title='bbox 440 690 575 726; x_wconf 88' lang='lat' dir='ltr'><strong>peccavit,</strong></span> <span class='ocrx_word' id='word_1_89' title='bbox 593 690 774 722; x_wconf 72' lang='lat' dir='ltr'><strong>affectionem,</strong></span> <span class='ocrx_word' id='word_1_90' title='bbox 797 693 825 717; x_wconf 90' lang='lat' dir='ltr'><strong>et</strong></span> <span class='ocrx_word' id='word_1_91' title='bbox 845 688 983 724; x_wconf 89' lang='lat' dir='ltr'><strong>quomodo</strong></span> <span class='ocrx_word' id='word_1_92' title='bbox 1000 688 1034 715; x_wconf 87' lang='lat' dir='ltr'><strong>ad</strong></span> 
     </span>
    </p>
   </div>
   <div class='ocr_carea' id='block_1_17' title="bbox 252 734 1039 772">
    <p class='ocr_par' dir='ltr' id='par_1_17' title="bbox 252 734 1039 772">
     <span class='ocr_line' id='line_1_17' title="bbox 252 734 1039 772; baseline -0.005 -8"><span class='ocrx_word' id='word_1_93' title='bbox 252 737 443 771; x_wconf 73' lang='lat' dir='ltr'><strong>ptenitentiam</strong></span> <span class='ocrx_word' id='word_1_94' title='bbox 460 737 628 772; x_wconf 81' lang='lat' dir='ltr'><strong>disponitur,</strong></span> <span class='ocrx_word' id='word_1_95' title='bbox 650 743 684 763; x_wconf 88' lang='lat' dir='ltr'><strong>an</strong></span> <span class='ocrx_word' id='word_1_96' title='bbox 701 735 808 763; x_wconf 85' lang='lat' dir='ltr'><strong>scilicet</strong></span> <span class='ocrx_word' id='word_1_97' title='bbox 822 736 854 762; x_wconf 87' lang='lat' dir='ltr'><strong>ad</strong></span> <span class='ocrx_word' id='word_1_98' title='bbox 873 742 904 763; x_wconf 82' lang='lat' dir='ltr'><strong>ea</strong></span> <span class='ocrx_word' id='word_1_99' title='bbox 920 734 1039 762; x_wconf 80' lang='lat' dir='ltr'><strong>remedia</strong></span> 
     </span>
    </p>
   </div>
   <div class='ocr_carea' id='block_1_18' title="bbox 251 780 1040 817">
    <p class='ocr_par' dir='ltr' id='par_1_18' title="bbox 251 780 1040 817">
     <span class='ocr_line' id='line_1_18' title="bbox 251 780 1040 817; baseline -0.004 -9"><span class='ocrx_word' id='word_1_100' title='bbox 251 790 312 816; x_wconf 74' lang='lat' dir='ltr'><strong>quae</strong></span> <span class='ocrx_word' id='word_1_101' title='bbox 333 783 511 810; x_wconf 71' lang='lat' dir='ltr'><strong>acrimoniam</strong></span> <span class='ocrx_word' id='word_1_102' title='bbox 540 783 774 817; x_wconf 85' lang='lat' dir='ltr'><strong>acerbitatemque</strong></span> <span class='ocrx_word' id='word_1_103' title='bbox 807 782 935 814; x_wconf 79' lang='lat' dir='ltr'><strong>habeant,</strong></span> <span class='ocrx_word' id='word_1_104' title='bbox 963 780 1040 807; x_wconf 75' lang='lat' dir='ltr'><strong>exci-</strong></span> 
     </span>
    </p>
   </div>
   <div class='ocr_carea' id='block_1_19' title="bbox 253 826 1038 863">
    <p class='ocr_par' dir='ltr' id='par_1_19' title="bbox 253 826 1038 863">
     <span class='ocr_line' id='line_1_19' title="bbox 253 826 1038 863; baseline -0.004 -8"><span class='ocrx_word' id='word_1_105' title='bbox 253 828 354 863; x_wconf 84' lang='lat' dir='ltr'><strong>pienda</strong></span> <span class='ocrx_word' id='word_1_106' title='bbox 371 829 406 855; x_wconf 87' lang='lat' dir='ltr'><strong>sit</strong></span> <span class='ocrx_word' id='word_1_107' title='bbox 425 832 548 863; x_wconf 86' lang='lat' dir='ltr'><strong>paratus,</strong></span> <span class='ocrx_word' id='word_1_108' title='bbox 564 835 599 854; x_wconf 91' lang='lat' dir='ltr'><strong>an</strong></span> <span class='ocrx_word' id='word_1_109' title='bbox 615 835 679 855; x_wconf 71' lang='lat' dir='ltr'><strong>vero</strong></span> <span class='ocrx_word' id='word_1_110' title='bbox 697 828 867 854; x_wconf 84' lang='lat' dir='ltr'><strong>curationem</strong></span> <span class='ocrx_word' id='word_1_111' title='bbox 894 826 985 853; x_wconf 88' lang='lat' dir='ltr'><strong>mollis</strong></span> <span class='ocrx_word' id='word_1_112' title='bbox 1007 833 1038 852; x_wconf 86' lang='lat' dir='ltr'><strong>ac</strong></span> 
     </span>
    </p>
   </div>
   <div class='ocr_carea' id='block_1_20' title="bbox 253 873 1038 909">
    <p class='ocr_par' dir='ltr' id='par_1_20' title="bbox 253 873 1038 909">
     <span class='ocr_line' id='line_1_20' title="bbox 253 873 1038 909; baseline -0.004 -8"><span class='ocrx_word' id='word_1_113' title='bbox 253 875 347 909; x_wconf 77' lang='lat' dir='ltr'><strong>segnis</strong></span> <span class='ocrx_word' id='word_1_114' title='bbox 364 875 474 901; x_wconf 85' lang='lat' dir='ltr'><strong>animus</strong></span> <span class='ocrx_word' id='word_1_115' title='bbox 501 874 671 906; x_wconf 88' lang='lat' dir='ltr'><strong>reformidet,</strong></span> <span class='ocrx_word' id='word_1_116' title='bbox 692 873 908 909; x_wconf 85' lang='lat' dir='ltr'><strong>inspiciendum.</strong></span> <span class='ocrx_word' id='word_1_117' title='bbox 934 880 1038 907; x_wconf 86' lang='lat' dir='ltr'><strong>proque</strong></span> 
     </span>
    </p>
   </div>
   <div class='ocr_carea' id='block_1_21' title="bbox 253 918 1040 953">
    <p class='ocr_par' dir='ltr' id='par_1_21' title="bbox 253 918 1040 953">
     <span class='ocr_line' id='line_1_21' title="bbox 253 918 1040 953; baseline -0.003 -6"><span class='ocrx_word' id='word_1_118' title='bbox 253 920 428 947; x_wconf 77' lang='lat' dir='ltr'><strong>ali‘ectionnm</strong></span> <span class='ocrx_word' id='word_1_119' title='bbox 446 921 590 951; x_wconf 76' lang='lat' dir='ltr'><strong>varietate,</strong></span> <span class='ocrx_word' id='word_1_120' title='bbox 613 920 749 947; x_wconf 79' lang='lat' dir='ltr'><strong>diversam</strong></span> <span class='ocrx_word' id='word_1_121' title='bbox 776 918 905 946; x_wconf 69' lang='lat' dir='ltr'><strong>curandae</strong></span> <span class='ocrx_word' id='word_1_122' title='bbox 928 918 1040 953; x_wconf 70' lang='lat' dir='ltr'><strong>a&#39;gritu-</strong></span> 
     </span>
    </p>
   </div>
   <div class='ocr_carea' id='block_1_22' title="bbox 253 964 1040 998">
    <p class='ocr_par' dir='ltr' id='par_1_22' title="bbox 253 964 1040 998">
     <span class='ocr_line' id='line_1_22' title="bbox 253 964 1040 998; baseline -0.004 -5"><span class='ocrx_word' id='word_1_123' title='bbox 253 966 326 994; x_wconf 88' lang='lat' dir='ltr'><strong>dinis</strong></span> <span class='ocrx_word' id='word_1_124' title='bbox 358 966 491 993; x_wconf 88' lang='lat' dir='ltr'><strong>rationem</strong></span> <span class='ocrx_word' id='word_1_125' title='bbox 517 965 662 992; x_wconf 88' lang='lat' dir='ltr'><strong>iueumlam</strong></span> <span class='ocrx_word' id='word_1_126' title='bbox 693 972 754 992; x_wconf 89' lang='lat' dir='ltr'><strong>esse</strong></span> <span class='ocrx_word' id='word_1_127' title='bbox 789 964 970 998; x_wconf 83' lang='lat' dir='ltr'><strong>demonstrat,</strong></span> <span class='ocrx_word' id='word_1_128' title='bbox 1007 970 1040 990; x_wconf 89' lang='lat' dir='ltr'><strong>ne</strong></span> 
     </span>
    </p>
   </div>
   <div class='ocr_carea' id='block_1_23' title="bbox 253 1009 1039 1043">
    <p class='ocr_par' dir='ltr' id='par_1_23' title="bbox 253 1009 1039 1043">
     <span class='ocr_line' id='line_1_23' title="bbox 253 1009 1039 1043; baseline -0.005 -5"><span class='ocrx_word' id='word_1_129' title='bbox 253 1011 363 1038; x_wconf 88' lang='lat' dir='ltr'><strong>duobus</strong></span> <span class='ocrx_word' id='word_1_130' title='bbox 394 1009 465 1037; x_wconf 84' lang='lat' dir='ltr'><strong>forte</strong></span> <span class='ocrx_word' id='word_1_131' title='bbox 489 1009 583 1037; x_wconf 90' lang='lat' dir='ltr'><strong>eodem</strong></span> <span class='ocrx_word' id='word_1_132' title='bbox 611 1009 726 1037; x_wconf 82' lang='lat' dir='ltr'><strong>crimine</strong></span> <span class='ocrx_word' id='word_1_133' title='bbox 750 1009 903 1040; x_wconf 82' lang='lat' dir='ltr'><strong>obstrictis,</strong></span> <span class='ocrx_word' id='word_1_134' title='bbox 923 1015 1039 1043; x_wconf 90' lang='lat' dir='ltr'><strong>quorum</strong></span> 
     </span>
    </p>
   </div>
   <div class='ocr_carea' id='block_1_24' title="bbox 253 1055 1041 1090">
    <p class='ocr_par' dir='ltr' id='par_1_24' title="bbox 253 1055 1041 1090">
     <span class='ocr_line' id='line_1_24' title="bbox 253 1055 1041 1090; baseline -0.005 -6"><span class='ocrx_word' id='word_1_135' title='bbox 253 1059 323 1084; x_wconf 80' lang='lat' dir='ltr'><strong>alter</strong></span> <span class='ocrx_word' id='word_1_136' title='bbox 342 1058 375 1083; x_wconf 88' lang='lat' dir='ltr'><strong>ad</strong></span> <span class='ocrx_word' id='word_1_137' title='bbox 393 1055 508 1084; x_wconf 86' lang='lat' dir='ltr'><strong>luendas</strong></span> <span class='ocrx_word' id='word_1_138' title='bbox 528 1055 613 1083; x_wconf 91' lang='lat' dir='ltr'><strong>errati</strong></span> <span class='ocrx_word' id='word_1_139' title='bbox 633 1063 728 1090; x_wconf 76' lang='lat' dir='ltr'><strong>pmnas</strong></span> <span class='ocrx_word' id='word_1_140' title='bbox 744 1059 854 1090; x_wconf 87' lang='lat' dir='ltr'><strong>paratus</strong></span> <span class='ocrx_word' id='word_1_141' title='bbox 871 1055 918 1087; x_wconf 84' lang='lat' dir='ltr'><strong>sit,</strong></span> <span class='ocrx_word' id='word_1_142' title='bbox 936 1055 1041 1089; x_wconf 76' lang='lat' dir='ltr'><strong>segnio-</strong></span> 
     </span>
    </p>
   </div>
   <div class='ocr_carea' id='block_1_25' title="bbox 254 1101 1041 1136">
    <p class='ocr_par' dir='ltr' id='par_1_25' title="bbox 254 1101 1041 1136">
     <span class='ocr_line' id='line_1_25' title="bbox 254 1101 1041 1136; baseline -0.006 -5"><span class='ocrx_word' id='word_1_143' title='bbox 254 1112 312 1131; x_wconf 89' lang='lat' dir='ltr'><strong>rem</strong></span> <span class='ocrx_word' id='word_1_144' title='bbox 332 1111 362 1130; x_wconf 88' lang='lat' dir='ltr'><strong>se</strong></span> <span class='ocrx_word' id='word_1_145' title='bbox 381 1103 450 1130; x_wconf 82' lang='lat' dir='ltr'><strong>alter</strong></span> <span class='ocrx_word' id='word_1_146' title='bbox 466 1110 497 1129; x_wconf 89' lang='lat' dir='ltr'><strong>ac</strong></span> <span class='ocrx_word' id='word_1_147' title='bbox 514 1101 661 1129; x_wconf 87' lang='lat' dir='ltr'><strong>tardiorem</strong></span> <span class='ocrx_word' id='word_1_148' title='bbox 677 1102 806 1136; x_wconf 67' lang='lat' dir='ltr'><strong>prmbcat,</strong></span> <span class='ocrx_word' id='word_1_149' title='bbox 823 1102 870 1135; x_wconf 88' lang='lat' dir='ltr'><strong>qui</strong></span> <span class='ocrx_word' id='word_1_150' title='bbox 892 1104 1041 1135; x_wconf 90' lang='lat' dir='ltr'><strong>utrumque</strong></span> 
     </span>
    </p>
   </div>
   <div class='ocr_carea' id='block_1_26' title="bbox 253 1145 1042 1182">
    <p class='ocr_par' dir='ltr' id='par_1_26' title="bbox 253 1145 1042 1182">
     <span class='ocr_line' id='line_1_26' title="bbox 253 1145 1042 1182; baseline -0.005 -7"><span class='ocrx_word' id='word_1_151' title='bbox 253 1148 405 1176; x_wconf 88' lang='lat' dir='ltr'><strong>curandum</strong></span> <span class='ocrx_word' id='word_1_152' title='bbox 419 1147 553 1182; x_wconf 85' lang='lat' dir='ltr'><strong>suscepit,</strong></span> <span class='ocrx_word' id='word_1_153' title='bbox 570 1147 593 1174; x_wconf 88' lang='lat' dir='ltr'><strong>si</strong></span> <span class='ocrx_word' id='word_1_154' title='bbox 613 1146 699 1174; x_wconf 82' lang='lat' dir='ltr'><strong>solius</strong></span> <span class='ocrx_word' id='word_1_155' title='bbox 715 1145 821 1180; x_wconf 82' lang='lat' dir='ltr'><strong>peccati</strong></span> <span class='ocrx_word' id='word_1_156' title='bbox 846 1149 969 1180; x_wconf 82' lang='lat' dir='ltr'><strong>spectata</strong></span> <span class='ocrx_word' id='word_1_157' title='bbox 999 1151 1042 1171; x_wconf 86' lang='lat' dir='ltr'><strong>ra-</strong></span> 
     </span>
    </p>
   </div>
   <div class='ocr_carea' id='block_1_27' title="bbox 253 1191 1041 1227">
    <p class='ocr_par' dir='ltr' id='par_1_27' title="bbox 253 1191 1041 1227">
     <span class='ocr_line' id='line_1_27' title="bbox 253 1191 1041 1227; baseline -0.005 -6"><span class='ocrx_word' id='word_1_158' title='bbox 253 1195 327 1221; x_wconf 85' lang='lat' dir='ltr'><strong>tione</strong></span> <span class='ocrx_word' id='word_1_159' title='bbox 357 1194 452 1221; x_wconf 88' lang='lat' dir='ltr'><strong>eadem</strong></span> <span class='ocrx_word' id='word_1_160' title='bbox 469 1192 578 1227; x_wconf 88' lang='lat' dir='ltr'><strong>utrique</strong></span> <span class='ocrx_word' id='word_1_161' title='bbox 591 1191 712 1219; x_wconf 88' lang='lat' dir='ltr'><strong>remedia</strong></span> <span class='ocrx_word' id='word_1_162' title='bbox 731 1191 884 1218; x_wconf 82' lang='lat' dir='ltr'><strong>curationis</strong></span> <span class='ocrx_word' id='word_1_163' title='bbox 899 1191 1041 1224; x_wconf 83' lang='lat' dir='ltr'><strong>adhibeat,</strong></span> 
     </span>
    </p>
   </div>
   <div class='ocr_carea' id='block_1_28' title="bbox 257 1237 1040 1273">
    <p class='ocr_par' dir='ltr' id='par_1_28' title="bbox 257 1237 1040 1273">
     <span class='ocr_line' id='line_1_28' title="bbox 257 1237 1040 1273; baseline -0.005 -6"><span class='ocrx_word' id='word_1_164' title='bbox 257 1241 365 1268; x_wconf 82' lang='lat' dir='ltr'><strong>aberret</strong></span> <span class='ocrx_word' id='word_1_165' title='bbox 379 1239 499 1273; x_wconf 78' lang='lat' dir='ltr'><strong>longius,</strong></span> <span class='ocrx_word' id='word_1_166' title='bbox 519 1246 550 1265; x_wconf 84' lang='lat' dir='ltr'><strong>ac</strong></span> <span class='ocrx_word' id='word_1_167' title='bbox 564 1238 710 1272; x_wconf 66' lang='lat' dir='ltr'><strong>aegrotanti</strong></span> <span class='ocrx_word' id='word_1_168' title='bbox 727 1237 843 1265; x_wconf 85' lang='lat' dir='ltr'><strong>salutem</strong></span> <span class='ocrx_word' id='word_1_169' title='bbox 871 1238 969 1265; x_wconf 76' lang='lat' dir='ltr'><strong>afferre</strong></span> <span class='ocrx_word' id='word_1_170' title='bbox 986 1245 1040 1264; x_wconf 89' lang='lat' dir='ltr'><strong>non</strong></span> 
     </span>
    </p>
   </div>
   <div class='ocr_carea' id='block_1_29' title="bbox 257 1282 1041 1320">
    <p class='ocr_par' dir='ltr' id='par_1_29' title="bbox 257 1282 1041 1320">
     <span class='ocr_line' id='line_1_29' title="bbox 257 1282 1041 1320; baseline -0.004 -7"><span class='ocrx_word' id='word_1_171' title='bbox 257 1287 294 1313; x_wconf 86' lang='lat' dir='ltr'><strong>ita</strong></span> <span class='ocrx_word' id='word_1_172' title='bbox 323 1285 403 1312; x_wconf 87' lang='lat' dir='ltr'><strong>facile</strong></span> <span class='ocrx_word' id='word_1_173' title='bbox 420 1285 517 1320; x_wconf 86' lang='lat' dir='ltr'><strong>possit.</strong></span> <span class='ocrx_word' id='word_1_174' title='bbox 544 1284 613 1312; x_wconf 86' lang='lat' dir='ltr'><strong>Nam</strong></span> <span class='ocrx_word' id='word_1_175' title='bbox 631 1285 676 1312; x_wconf 89' lang='lat' dir='ltr'><strong>ille</strong></span> <span class='ocrx_word' id='word_1_176' title='bbox 703 1284 813 1319; x_wconf 84' lang='lat' dir='ltr'><strong>quidem</strong></span> <span class='ocrx_word' id='word_1_177' title='bbox 837 1282 921 1317; x_wconf 64' lang='lat' dir='ltr'><strong>alter;</strong></span> <span class='ocrx_word' id='word_1_178' title='bbox 946 1284 979 1311; x_wconf 86' lang='lat' dir='ltr'><strong>ad</strong></span> <span class='ocrx_word' id='word_1_179' title='bbox 992 1292 1041 1310; x_wconf 80' lang='lat' dir='ltr'><strong>ex-</strong></span> 
     </span>
    </p>
   </div>
   <div class='ocr_carea' id='block_1_30' title="bbox 259 1331 1042 1366">
    <p class='ocr_par' dir='ltr' id='par_1_30' title="bbox 259 1331 1042 1366">
     <span class='ocr_line' id='line_1_30' title="bbox 259 1331 1042 1366; baseline -0.001 -8"><span class='ocrx_word' id='word_1_180' title='bbox 259 1331 357 1366; x_wconf 83' lang='lat' dir='ltr'><strong>pianda</strong></span> <span class='ocrx_word' id='word_1_181' title='bbox 381 1331 497 1358; x_wconf 89' lang='lat' dir='ltr'><strong>crimina</strong></span> <span class='ocrx_word' id='word_1_182' title='bbox 514 1336 626 1358; x_wconf 87' lang='lat' dir='ltr'><strong>strenue</strong></span> <span class='ocrx_word' id='word_1_183' title='bbox 640 1336 764 1365; x_wconf 90' lang='lat' dir='ltr'><strong>paratus,</strong></span> <span class='ocrx_word' id='word_1_184' title='bbox 778 1331 859 1357; x_wconf 88' lang='lat' dir='ltr'><strong>etiam</strong></span> <span class='ocrx_word' id='word_1_185' title='bbox 875 1331 897 1358; x_wconf 89' lang='lat' dir='ltr'><strong>si</strong></span> <span class='ocrx_word' id='word_1_186' title='bbox 918 1331 1042 1357; x_wconf 84' lang='lat' dir='ltr'><strong>acerbior</strong></span> 
     </span>
    </p>
   </div>
   <div class='ocr_carea' id='block_1_31' title="bbox 257 1376 1042 1412">
    <p class='ocr_par' dir='ltr' id='par_1_31' title="bbox 257 1376 1042 1412">
     <span class='ocr_line' id='line_1_31' title="bbox 257 1376 1042 1412; baseline 0 -8"><span class='ocrx_word' id='word_1_187' title='bbox 257 1378 361 1404; x_wconf 89' lang='lat' dir='ltr'><strong>homini</strong></span> <span class='ocrx_word' id='word_1_188' title='bbox 394 1384 473 1412; x_wconf 74' lang='lat' dir='ltr'><strong>pmna</strong></span> <span class='ocrx_word' id='word_1_189' title='bbox 493 1376 593 1404; x_wconf 88' lang='lat' dir='ltr'><strong>luenda</strong></span> <span class='ocrx_word' id='word_1_190' title='bbox 623 1377 669 1407; x_wconf 89' lang='lat' dir='ltr'><strong>sit,</strong></span> <span class='ocrx_word' id='word_1_191' title='bbox 699 1384 752 1403; x_wconf 94' lang='lat' dir='ltr'><strong>non</strong></span> <span class='ocrx_word' id='word_1_192' title='bbox 781 1376 930 1408; x_wconf 85' lang='lat' dir='ltr'><strong>recusabit,</strong></span> <span class='ocrx_word' id='word_1_193' title='bbox 959 1384 1042 1411; x_wconf 92' lang='lat' dir='ltr'><strong>seque</strong></span> 
     </span>
    </p>
   </div>
   <div class='ocr_carea' id='block_1_32' title="bbox 257 1422 1042 1459">
    <p class='ocr_par' dir='ltr' id='par_1_32' title="bbox 257 1422 1042 1459">
     <span class='ocr_line' id='line_1_32' title="bbox 257 1422 1042 1459; baseline 0 -9"><span class='ocrx_word' id='word_1_194' title='bbox 257 1429 343 1451; x_wconf 89' lang='lat' dir='ltr'><strong>totum</strong></span> <span class='ocrx_word' id='word_1_195' title='bbox 369 1423 444 1450; x_wconf 88' lang='lat' dir='ltr'><strong>illius</strong></span> <span class='ocrx_word' id='word_1_196' title='bbox 461 1431 476 1451; x_wconf 91' lang='lat' dir='ltr'><strong>a</strong></span> <span class='ocrx_word' id='word_1_197' title='bbox 498 1431 552 1458; x_wconf 91' lang='lat' dir='ltr'><strong>quo</strong></span> <span class='ocrx_word' id='word_1_198' title='bbox 579 1423 680 1458; x_wconf 72' lang='lat' dir='ltr'><strong>regitur</strong></span> <span class='ocrx_word' id='word_1_199' title='bbox 702 1422 847 1454; x_wconf 86' lang='lat' dir='ltr'><strong>voluntati,</strong></span> <span class='ocrx_word' id='word_1_200' title='bbox 873 1423 1042 1459; x_wconf 80' lang='lat' dir='ltr'><strong>arbitrioque</strong></span> 
     </span>
    </p>
   </div>
   <div class='ocr_carea' id='block_1_33' title="bbox 257 1469 1042 1505">
    <p class='ocr_par' dir='ltr' id='par_1_33' title="bbox 257 1469 1042 1505">
     <span class='ocr_line' id='line_1_33' title="bbox 257 1469 1042 1505; baseline 0 -9"><span class='ocrx_word' id='word_1_201' title='bbox 257 1469 415 1504; x_wconf 86' lang='lat' dir='ltr'><strong>permittet;</strong></span> <span class='ocrx_word' id='word_1_202' title='bbox 443 1469 512 1497; x_wconf 85' lang='lat' dir='ltr'><strong>alter</strong></span> <span class='ocrx_word' id='word_1_203' title='bbox 543 1477 609 1496; x_wconf 85' lang='lat' dir='ltr'><strong>vero</strong></span> <span class='ocrx_word' id='word_1_204' title='bbox 632 1469 679 1504; x_wconf 87' lang='lat' dir='ltr'><strong>qui</strong></span> <span class='ocrx_word' id='word_1_205' title='bbox 709 1469 783 1496; x_wconf 84' lang='lat' dir='ltr'><strong>nullo</strong></span> <span class='ocrx_word' id='word_1_206' title='bbox 813 1476 843 1496; x_wconf 85' lang='lat' dir='ltr'><strong>se</strong></span> <span class='ocrx_word' id='word_1_207' title='bbox 871 1470 1042 1505; x_wconf 72' lang='lat' dir='ltr'><strong>pmnitentim</strong></span> 
     </span>
    </p>
   </div>
   <div class='ocr_carea' id='block_1_34' title="bbox 257 1516 1041 1550">
    <p class='ocr_par' dir='ltr' id='par_1_34' title="bbox 257 1516 1041 1550">
     <span class='ocr_line' id='line_1_34' title="bbox 257 1516 1041 1550; baseline 0 -7"><span class='ocrx_word' id='word_1_208' title='bbox 257 1523 351 1543; x_wconf 87' lang='lat' dir='ltr'><strong>amore</strong></span> <span class='ocrx_word' id='word_1_209' title='bbox 370 1516 514 1543; x_wconf 87' lang='lat' dir='ltr'><strong>incensum</strong></span> <span class='ocrx_word' id='word_1_210' title='bbox 528 1516 668 1548; x_wconf 87' lang='lat' dir='ltr'><strong>ostendat,</strong></span> <span class='ocrx_word' id='word_1_211' title='bbox 685 1516 822 1543; x_wconf 90' lang='lat' dir='ltr'><strong>acriorem</strong></span> <span class='ocrx_word' id='word_1_212' title='bbox 848 1523 1041 1550; x_wconf 81' lang='lat' dir='ltr'><strong>quamcunque</strong></span> 
     </span>
    </p>
   </div>
   <div class='ocr_carea' id='block_1_35' title="bbox 1056 855 1076 882">
    <p class='ocr_par' dir='ltr' id='par_1_35' title="bbox 1056 855 1076 882">
     <span class='ocr_line' id='line_1_35' title="bbox 1056 855 1076 882; baseline 0 0"><span class='ocrx_word' id='word_1_213' title='bbox 1056 855 1076 882; x_wconf 82' lang='grc' dir='ltr'><strong>Β</strong></span> 
     </span>
    </p>
   </div>
   <div class='ocr_carea' id='block_1_36' title="bbox 1086 230 1888 266">
    <p class='ocr_par' dir='ltr' id='par_1_36' title="bbox 1086 230 1888 266">
     <span class='ocr_line' id='line_1_36' title="bbox 1086 230 1888 266; baseline -0.001 -9"><span class='ocrx_word' id='word_1_214' title='bbox 1086 231 1174 258; x_wconf 84' lang='grc' dir='ltr'><strong>ταῦτα</strong></span> <span class='ocrx_word' id='word_1_215' title='bbox 1185 231 1239 266; x_wconf 74' lang='grc' dir='ltr'><strong>γὰρ</strong></span> <span class='ocrx_word' id='word_1_216' title='bbox 1253 231 1287 258; x_wconf 83' lang='grc' dir='ltr'><strong>τὰ</strong></span> <span class='ocrx_word' id='word_1_217' title='bbox 1303 231 1407 266; x_wconf 79' lang='grc' dir='ltr'><strong>συνήθη</strong></span> <span class='ocrx_word' id='word_1_218' title='bbox 1423 231 1472 257; x_wconf 87' lang='grc' dir='ltr'><strong>οὐκ</strong></span> <span class='ocrx_word' id='word_1_219' title='bbox 1497 231 1530 257; x_wconf 79' lang='grc' dir='ltr'>ἄν</span> <span class='ocrx_word' id='word_1_220' title='bbox 1555 240 1597 265; x_wconf 85' lang='grc' dir='ltr'><strong>τις</strong></span> <span class='ocrx_word' id='word_1_221' title='bbox 1618 231 1781 265; x_wconf 81' lang='grc' dir='ltr'><strong>ἀντισταίη.</strong></span> <span class='ocrx_word' id='word_1_222' title='bbox 1814 230 1888 264; x_wconf 84' lang='grc' dir='ltr'><strong>Παρ-</strong></span> 
     </span>
    </p>
   </div>
   <div class='ocr_carea' id='block_1_37' title="bbox 1087 276 1888 314">
    <p class='ocr_par' dir='ltr' id='par_1_37' title="bbox 1087 276 1888 314">
     <span class='ocr_line' id='line_1_37' title="bbox 1087 276 1888 314; baseline -0.002 -10"><span class='ocrx_word' id='word_1_223' title='bbox 1087 277 1189 312; x_wconf 73' lang='grc' dir='ltr'><strong>ομοιως</strong></span> <span class='ocrx_word' id='word_1_224' title='bbox 1203 276 1230 303; x_wconf 73' lang='grc' dir='ltr'>δὲ</span> <span class='ocrx_word' id='word_1_225' title='bbox 1246 277 1350 308; x_wconf 80' lang='grc' dir='ltr'><strong>τούτοις</strong></span> <span class='ocrx_word' id='word_1_226' title='bbox 1359 277 1578 312; x_wconf 66' lang='grc' dir='ltr'><strong>παρακελεύιιαι</strong></span> <span class='ocrx_word' id='word_1_227' title='bbox 1600 277 1646 305; x_wconf 76' lang='grc' dir='ltr'><strong>καὶ</strong></span> <span class='ocrx_word' id='word_1_228' title='bbox 1657 278 1672 305; x_wconf 80' lang='grc' dir='ltr'><strong>ὁ</strong></span> <span class='ocrx_word' id='word_1_229' title='bbox 1691 277 1785 314; x_wconf 81' lang='grc' dir='ltr'><strong>μέγας</strong></span> <span class='ocrx_word' id='word_1_230' title='bbox 1809 276 1888 302; x_wconf 64' lang='grc' dir='ltr'><strong>Βατία</strong></span> 
     </span>
    </p>
   </div>
   <div class='ocr_carea' id='block_1_38' title="bbox 1087 323 1524 358">
    <p class='ocr_par' dir='ltr' id='par_1_38' title="bbox 1087 323 1524 358">
     <span class='ocr_line' id='line_1_38' title="bbox 1087 323 1524 358; baseline 0.002 -8"><span class='ocrx_word' id='word_1_231' title='bbox 1087 323 1158 355; x_wconf 77' lang='grc' dir='ltr'><strong>λειος</strong></span> <span class='ocrx_word' id='word_1_232' title='bbox 1187 323 1217 351; x_wconf 74' lang='grc' dir='ltr'><strong>ἐν</strong></span> <span class='ocrx_word' id='word_1_233' title='bbox 1230 324 1269 358; x_wconf 85' lang='grc' dir='ltr'><strong>τῷ</strong></span> <span class='ocrx_word' id='word_1_234' title='bbox 1283 326 1307 358; x_wconf 88' lang='grc' dir='ltr'><strong>γ’</strong></span> <span class='ocrx_word' id='word_1_235' title='bbox 1319 324 1413 350; x_wconf 78' lang='grc' dir='ltr'>κανόνι</span> <span class='ocrx_word' id='word_1_236' title='bbox 1429 323 1524 351; x_wconf 84' lang='grc' dir='ltr'><strong>αὑτοῦ.</strong></span> 
     </span>
    </p>
   </div>
   <div class='ocr_carea' id='block_1_39' title="bbox 1124 412 1891 448">
    <p class='ocr_par' dir='ltr' id='par_1_39' title="bbox 1124 412 1891 448">
     <span class='ocr_line' id='line_1_39' title="bbox 1124 412 1891 448; baseline 0 -9"><span class='ocrx_word' id='word_1_237' title='bbox 1124 413 1246 439; x_wconf 81' lang='grc' dir='ltr'><strong>ΖΩΝΔΡ.</strong></span> <span class='ocrx_word' id='word_1_238' title='bbox 1273 412 1340 448; x_wconf 70' lang='grc' dir='ltr'><strong>Περὶ</strong></span> <span class='ocrx_word' id='word_1_239' title='bbox 1365 412 1471 439; x_wconf 76' lang='grc' dir='ltr'><strong>πολλῶν</strong></span> <span class='ocrx_word' id='word_1_240' title='bbox 1503 412 1648 447; x_wconf 80' lang='grc' dir='ltr'><strong>ἐπιτιμίων</strong></span> <span class='ocrx_word' id='word_1_241' title='bbox 1676 412 1723 439; x_wconf 74' lang='grc' dir='ltr'><strong>καὶ</strong></span> <span class='ocrx_word' id='word_1_242' title='bbox 1742 412 1891 448; x_wconf 72' lang='grc' dir='ltr'><strong>διαφόρων’</strong></span> 
     </span>
    </p>
   </div>
   <div class='ocr_carea' id='block_1_40' title="bbox 1088 457 1903 494">
    <p class='ocr_par' dir='ltr' id='par_1_40' title="bbox 1088 457 1903 494">
     <span class='ocr_line' id='line_1_40' title="bbox 1088 457 1903 494; baseline 0.001 -9"><span class='ocrx_word' id='word_1_243' title='bbox 1088 458 1261 493; x_wconf 71' lang='grc' dir='ltr'><strong>διαλεχθεῖσι</strong></span> <span class='ocrx_word' id='word_1_244' title='bbox 1294 459 1311 492; x_wconf 90' lang='grc' dir='ltr'><strong>ή</strong></span> <span class='ocrx_word' id='word_1_245' title='bbox 1334 458 1453 490; x_wconf 78' lang='grc' dir='ltr'><strong>σύνοδος,</strong></span> <span class='ocrx_word' id='word_1_246' title='bbox 1479 458 1525 484; x_wconf 75' lang='grc' dir='ltr'><strong>καὶ</strong></span> <span class='ocrx_word' id='word_1_247' title='bbox 1547 459 1602 485; x_wconf 85' lang='grc' dir='ltr'><strong>τῶν</strong></span> <span class='ocrx_word' id='word_1_248' title='bbox 1628 459 1882 494; x_wconf 66' lang='grc' dir='ltr'><strong>ἀπαριθμηθέντωνι</strong></span> 
     </span>
    </p>
   </div>
   <div class='ocr_carea' id='block_1_41' title="bbox 1088 503 1881 540">
    <p class='ocr_par' dir='ltr' id='par_1_41' title="bbox 1088 503 1881 540">
     <span class='ocr_line' id='line_1_41' title="bbox 1088 503 1881 540; baseline 0 -8"><span class='ocrx_word' id='word_1_249' title='bbox 1088 505 1268 539; x_wconf 78' lang='grc' dir='ltr'><strong>πταισμάτων</strong></span> <span class='ocrx_word' id='word_1_250' title='bbox 1303 505 1410 540; x_wconf 71' lang='grc' dir='ltr'><strong>ἑκάστῳ</strong></span> <span class='ocrx_word' id='word_1_251' title='bbox 1441 503 1473 530; x_wconf 84' lang='grc' dir='ltr'><strong>τὸ</strong></span> <span class='ocrx_word' id='word_1_252' title='bbox 1513 504 1681 540; x_wconf 70' lang='grc' dir='ltr'><strong>κατάλληλον</strong></span> <span class='ocrx_word' id='word_1_253' title='bbox 1718 505 1881 537; x_wconf 76' lang='grc' dir='ltr'><strong>ἀποτάξασα</strong></span> 
     </span>
    </p>
   </div>
   <div class='ocr_carea' id='block_1_42' title="bbox 1088 550 1879 586">
    <p class='ocr_par' dir='ltr' id='par_1_42' title="bbox 1088 550 1879 586">
     <span class='ocr_line' id='line_1_42' title="bbox 1088 550 1879 586; baseline -0.001 -9"><span class='ocrx_word' id='word_1_254' title='bbox 1088 552 1243 578; x_wconf 81' lang='grc' dir='ltr'><strong>τελευταῖον</strong></span> <span class='ocrx_word' id='word_1_255' title='bbox 1269 550 1313 577; x_wconf 67' lang='lat' dir='ltr'><strong>Eri</strong></span> <span class='ocrx_word' id='word_1_256' title='bbox 1340 551 1386 577; x_wconf 68' lang='grc' dir='ltr'><strong>τοῦ</strong></span> <span class='ocrx_word' id='word_1_257' title='bbox 1418 551 1553 586; x_wconf 74' lang='grc' dir='ltr'><strong>παρόντος</strong></span> <span class='ocrx_word' id='word_1_258' title='bbox 1583 551 1694 582; x_wconf 76' lang='grc' dir='ltr'><strong>κανόνος</strong></span> <span class='ocrx_word' id='word_1_259' title='bbox 1719 551 1752 577; x_wconf 78' lang='grc' dir='ltr'><strong>τὸ</strong></span> <span class='ocrx_word' id='word_1_260' title='bbox 1772 552 1833 577; x_wconf 69' lang='grc' dir='ltr'><strong>πᾶν</strong></span> <span class='ocrx_word' id='word_1_261' title='bbox 1855 554 1879 585; x_wconf 68' lang='grc' dir='ltr'><strong>τῇ</strong></span> 
     </span>
    </p>
   </div>
   <div class='ocr_carea' id='block_1_43' title="bbox 1089 596 1880 632">
    <p class='ocr_par' dir='ltr' id='par_1_43' title="bbox 1089 596 1880 632">
     <span class='ocr_line' id='line_1_43' title="bbox 1089 596 1880 632; baseline -0.001 -9"><span class='ocrx_word' id='word_1_262' title='bbox 1089 597 1179 632; x_wconf 67' lang='grc' dir='ltr'><strong>κρίσει</strong></span> <span class='ocrx_word' id='word_1_263' title='bbox 1203 597 1256 623; x_wconf 86' lang='grc' dir='ltr'><strong>τῶν</strong></span> <span class='ocrx_word' id='word_1_264' title='bbox 1270 596 1428 623; x_wconf 66' lang='grc' dir='ltr'><strong>ἐπισκόπων</strong></span> <span class='ocrx_word' id='word_1_265' title='bbox 1441 596 1560 623; x_wconf 74' lang='grc' dir='ltr'><strong>ἀνέθετο.</strong></span> <span class='ocrx_word' id='word_1_266' title='bbox 1578 596 1632 623; x_wconf 69' lang='grc' dir='ltr'><strong>Καὶ</strong></span> <span class='ocrx_word' id='word_1_267' title='bbox 1643 597 1744 631; x_wconf 76' lang='grc' dir='ltr'><strong>χρῆναί</strong></span> <span class='ocrx_word' id='word_1_268' title='bbox 1761 605 1836 631; x_wconf 79' lang='grc' dir='ltr'><strong>φησι</strong></span> <span class='ocrx_word' id='word_1_269' title='bbox 1851 599 1880 631; x_wconf 62' lang='grc' dir='ltr'>μή</span> 
     </span>
    </p>
   </div>
   <div class='ocr_carea' id='block_1_44' title="bbox 1091 642 1880 678">
    <p class='ocr_par' dir='ltr' id='par_1_44' title="bbox 1091 642 1880 678">
     <span class='ocr_line' id='line_1_44' title="bbox 1091 642 1880 678; baseline -0.001 -10"><span class='ocrx_word' id='word_1_270' title='bbox 1091 643 1171 677; x_wconf 78' lang='grc' dir='ltr'><strong>μόνον</strong></span> <span class='ocrx_word' id='word_1_271' title='bbox 1183 642 1230 678; x_wconf 78' lang='grc' dir='ltr'><strong>τὴν</strong></span> <span class='ocrx_word' id='word_1_272' title='bbox 1241 642 1372 676; x_wconf 74' lang='grc' dir='ltr'><strong>ποιότητα</strong></span> <span class='ocrx_word' id='word_1_273' title='bbox 1388 643 1437 676; x_wconf 81' lang='grc' dir='ltr'><strong>τῆς</strong></span> <span class='ocrx_word' id='word_1_274' title='bbox 1453 642 1592 677; x_wconf 85' lang='grc' dir='ltr'><strong>ἁμαρτιας</strong></span> <span class='ocrx_word' id='word_1_275' title='bbox 1601 644 1722 674; x_wconf 79' lang='grc' dir='ltr'><strong>σκοπεῖν,</strong></span> <span class='ocrx_word' id='word_1_276' title='bbox 1739 643 1766 668; x_wconf 83' lang='grc' dir='ltr'><strong>ει</strong></span> <span class='ocrx_word' id='word_1_277' title='bbox 1778 643 1880 677; x_wconf 61' lang='grc' dir='ltr'><strong>μεγεὶὶη</strong></span> 
     </span>
    </p>
   </div>
   <div class='ocr_carea' id='block_1_45' title="bbox 1089 689 1880 725">
    <p class='ocr_par' dir='ltr' id='par_1_45' title="bbox 1089 689 1880 725">
     <span class='ocr_line' id='line_1_45' title="bbox 1089 689 1880 725; baseline 0.001 -10"><span class='ocrx_word' id='word_1_278' title='bbox 1089 689 1169 723; x_wconf 70' lang='grc' dir='ltr'><strong>τυχδν</strong></span> <span class='ocrx_word' id='word_1_279' title='bbox 1187 689 1228 724; x_wconf 86' lang='grc' dir='ltr'><strong>εῐη</strong></span> <span class='ocrx_word' id='word_1_280' title='bbox 1249 689 1264 724; x_wconf 85' lang='grc' dir='ltr'>ἢ</span> <span class='ocrx_word' id='word_1_281' title='bbox 1285 689 1393 724; x_wconf 81' lang='grc' dir='ltr'><strong>μετρία,</strong></span> <span class='ocrx_word' id='word_1_282' title='bbox 1411 689 1479 715; x_wconf 83' lang='grc' dir='ltr'><strong>ἀλλὰ</strong></span> <span class='ocrx_word' id='word_1_283' title='bbox 1494 690 1541 715; x_wconf 78' lang='grc' dir='ltr'><strong>καὶ</strong></span> <span class='ocrx_word' id='word_1_284' title='bbox 1556 689 1605 724; x_wconf 78' lang='grc' dir='ltr'><strong>τὴν</strong></span> <span class='ocrx_word' id='word_1_285' title='bbox 1622 689 1668 715; x_wconf 78' lang='grc' dir='ltr'><strong>τοῦ</strong></span> <span class='ocrx_word' id='word_1_286' title='bbox 1686 690 1880 725; x_wconf 69' lang='grc' dir='ltr'><strong>ἡμαρτηκότος</strong></span> 
     </span>
    </p>
   </div>
   <div class='ocr_carea' id='block_1_46' title="bbox 1089 735 1879 770">
    <p class='ocr_par' dir='ltr' id='par_1_46' title="bbox 1089 735 1879 770">
     <span class='ocr_line' id='line_1_46' title="bbox 1089 735 1879 770; baseline 0 -9"><span class='ocrx_word' id='word_1_287' title='bbox 1089 735 1221 767; x_wconf 77' lang='grc' dir='ltr'><strong>διάθεσιν,</strong></span> <span class='ocrx_word' id='word_1_288' title='bbox 1239 736 1286 761; x_wconf 80' lang='grc' dir='ltr'><strong>καὶ</strong></span> <span class='ocrx_word' id='word_1_289' title='bbox 1300 735 1374 766; x_wconf 82' lang='grc' dir='ltr'><strong>ὅπως</strong></span> <span class='ocrx_word' id='word_1_290' title='bbox 1392 735 1460 770; x_wconf 79' lang='grc' dir='ltr'><strong>πρὸς</strong></span> <span class='ocrx_word' id='word_1_291' title='bbox 1479 735 1530 770; x_wconf 82' lang='grc' dir='ltr'><strong>τὴν</strong></span> <span class='ocrx_word' id='word_1_292' title='bbox 1547 735 1693 769; x_wconf 72' lang='grc' dir='ltr'><strong>μετάνοιαν</strong></span> <span class='ocrx_word' id='word_1_293' title='bbox 1715 735 1879 762; x_wconf 72' lang='grc' dir='ltr'><strong>διατίθεταεν</strong></span> 
     </span>
    </p>
   </div>
   <div class='ocr_carea' id='block_1_47' title="bbox 1091 781 1879 816">
    <p class='ocr_par' dir='ltr' id='par_1_47' title="bbox 1091 781 1879 816">
     <span class='ocr_line' id='line_1_47' title="bbox 1091 781 1879 816; baseline 0 -8"><span class='ocrx_word' id='word_1_294' title='bbox 1091 783 1114 808; x_wconf 85' lang='grc' dir='ltr'><strong>εἰ</strong></span> <span class='ocrx_word' id='word_1_295' title='bbox 1131 781 1249 815; x_wconf 73' lang='grc' dir='ltr'><strong>ἑτοίμως</strong></span> <span class='ocrx_word' id='word_1_296' title='bbox 1262 781 1318 816; x_wconf 75' lang='grc' dir='ltr'><strong>ἔχει</strong></span> <span class='ocrx_word' id='word_1_297' title='bbox 1331 781 1431 816; x_wconf 83' lang='grc' dir='ltr'><strong>δηλαδὴ</strong></span> <span class='ocrx_word' id='word_1_298' title='bbox 1447 781 1574 814; x_wconf 76' lang='grc' dir='ltr'><strong>δέξασθαι</strong></span> <span class='ocrx_word' id='word_1_299' title='bbox 1586 782 1721 816; x_wconf 72' lang='grc' dir='ltr'><strong>φάρμακα</strong></span> <span class='ocrx_word' id='word_1_300' title='bbox 1744 781 1798 808; x_wconf 87' lang='grc' dir='ltr'><strong>στύ</strong></span> <span class='ocrx_word' id='word_1_301' title='bbox 1808 791 1879 816; x_wconf 57' lang='lat' dir='ltr'><strong>gout:</strong></span> 
     </span>
    </p>
   </div>
   <div class='ocr_carea' id='block_1_48' title="bbox 1091 826 1879 862">
    <p class='ocr_par' dir='ltr' id='par_1_48' title="bbox 1091 826 1879 862">
     <span class='ocr_line' id='line_1_48' title="bbox 1091 826 1879 862; baseline -0.003 -8"><span class='ocrx_word' id='word_1_302' title='bbox 1091 829 1138 854; x_wconf 74' lang='grc' dir='ltr'><strong>καὶ</strong></span> <span class='ocrx_word' id='word_1_303' title='bbox 1163 827 1353 861; x_wconf 82' lang='grc' dir='ltr'><strong>πικραίνοντα,</strong></span> <span class='ocrx_word' id='word_1_304' title='bbox 1381 826 1397 862; x_wconf 82' lang='grc' dir='ltr'>ἢ</span> <span class='ocrx_word' id='word_1_305' title='bbox 1433 826 1626 862; x_wconf 87' lang='grc' dir='ltr'><strong>μαλακώτερον</strong></span> <span class='ocrx_word' id='word_1_306' title='bbox 1647 828 1788 854; x_wconf 80' lang='grc' dir='ltr'><strong>διάκειται</strong></span> <span class='ocrx_word' id='word_1_307' title='bbox 1805 847 1812 859; x_wconf 90' lang='grc'><strong>,</strong></span> <span class='ocrx_word' id='word_1_308' title='bbox 1843 829 1879 853; x_wconf 69' lang='grc' dir='ltr'><strong>καὶ</strong></span> 
     </span>
    </p>
   </div>
   <div class='ocr_carea' id='block_1_49' title="bbox 1093 873 1880 908">
    <p class='ocr_par' dir='ltr' id='par_1_49' title="bbox 1093 873 1880 908">
     <span class='ocr_line' id='line_1_49' title="bbox 1093 873 1880 908; baseline -0.003 -8"><span class='ocrx_word' id='word_1_309' title='bbox 1093 873 1264 908; x_wconf 67' lang='grc' dir='ltr'><strong>νωθρότερον</strong></span> <span class='ocrx_word' id='word_1_310' title='bbox 1276 873 1344 907; x_wconf 72' lang='grc' dir='ltr'><strong>πρὸς</strong></span> <span class='ocrx_word' id='word_1_311' title='bbox 1353 873 1402 907; x_wconf 86' lang='grc' dir='ltr'><strong>τὴν</strong></span> <span class='ocrx_word' id='word_1_312' title='bbox 1415 873 1574 908; x_wconf 77' lang='grc' dir='ltr'><strong>θεραπείαν,</strong></span> <span class='ocrx_word' id='word_1_313' title='bbox 1593 874 1640 899; x_wconf 81' lang='grc' dir='ltr'><strong>καὶ</strong></span> <span class='ocrx_word' id='word_1_314' title='bbox 1654 873 1727 900; x_wconf 80' lang='grc' dir='ltr'><strong>οὕτω</strong></span> <span class='ocrx_word' id='word_1_315' title='bbox 1744 873 1880 907; x_wconf 69' lang='grc' dir='ltr'><strong>κατάλλη-</strong></span> 
     </span>
    </p>
   </div>
   <div class='ocr_carea' id='block_1_50' title="bbox 1092 919 1880 955">
    <p class='ocr_par' dir='ltr' id='par_1_50' title="bbox 1092 919 1880 955">
     <span class='ocr_line' id='line_1_50' title="bbox 1092 919 1880 955; baseline -0.001 -10"><span class='ocrx_word' id='word_1_316' title='bbox 1092 919 1139 945; x_wconf 84' lang='grc' dir='ltr'><strong>λον</strong></span> <span class='ocrx_word' id='word_1_317' title='bbox 1150 919 1304 955; x_wconf 71' lang='grc' dir='ltr'><strong>προσάγειν</strong></span> <span class='ocrx_word' id='word_1_318' title='bbox 1319 919 1349 945; x_wconf 69' lang='grc' dir='ltr'><strong>τὸ</strong></span> <span class='ocrx_word' id='word_1_319' title='bbox 1369 920 1437 953; x_wconf 79' lang='grc' dir='ltr'><strong>ἴαμα</strong></span> <span class='ocrx_word' id='word_1_320' title='bbox 1449 927 1456 934; x_wconf 80' lang='grc'><strong><em>⁸</em></strong></span> <span class='ocrx_word' id='word_1_321' title='bbox 1476 919 1521 946; x_wconf 79' lang='grc' dir='ltr'><strong>ἵνα</strong></span> <span class='ocrx_word' id='word_1_322' title='bbox 1547 919 1595 954; x_wconf 82' lang='grc' dir='ltr'><strong>μὴ,</strong></span> <span class='ocrx_word' id='word_1_323' title='bbox 1623 919 1669 946; x_wconf 80' lang='grc' dir='ltr'><strong>δύο</strong></span> <span class='ocrx_word' id='word_1_324' title='bbox 1691 919 1777 954; x_wconf 61' lang='grc' dir='ltr'><strong>τυχδν</strong></span> <span class='ocrx_word' id='word_1_325' title='bbox 1790 919 1846 945; x_wconf 85' lang='grc' dir='ltr'><strong>τῶν</strong></span> <span class='ocrx_word' id='word_1_326' title='bbox 1861 920 1880 945; x_wconf 63' lang='grc' dir='ltr'><strong>τὸ</strong></span> 
     </span>
    </p>
   </div>
   <div class='ocr_carea' id='block_1_51' title="bbox 1092 965 1878 1000">
    <p class='ocr_par' dir='ltr' id='par_1_51' title="bbox 1092 965 1878 1000">
     <span class='ocr_line' id='line_1_51' title="bbox 1092 965 1878 1000; baseline -0.001 -8"><span class='ocrx_word' id='word_1_327' title='bbox 1092 966 1157 992; x_wconf 72' lang='grc' dir='ltr'><strong>αὐτὸ</strong></span> <span class='ocrx_word' id='word_1_328' title='bbox 1171 965 1392 1000; x_wconf 81' lang='grc' dir='ltr'><strong>ἁμαρτησάντων</strong></span> <span class='ocrx_word' id='word_1_329' title='bbox 1420 965 1524 998; x_wconf 77' lang='grc' dir='ltr'><strong>ὄντων,</strong></span> <span class='ocrx_word' id='word_1_330' title='bbox 1552 966 1600 992; x_wconf 81' lang='grc' dir='ltr'><strong>καὶ</strong></span> <span class='ocrx_word' id='word_1_331' title='bbox 1613 965 1660 992; x_wconf 70' lang='grc' dir='ltr'><strong>τοῦ</strong></span> <span class='ocrx_word' id='word_1_332' title='bbox 1692 965 1744 998; x_wconf 78' lang='grc' dir='ltr'><strong>μὲν</strong></span> <span class='ocrx_word' id='word_1_333' title='bbox 1772 965 1878 1000; x_wconf 50' lang='lat' dir='ltr'><strong>homo:</strong></span> 
     </span>
    </p>
   </div>
   <div class='ocr_carea' id='block_1_52' title="bbox 1091 1010 1878 1046">
    <p class='ocr_par' dir='ltr' id='par_1_52' title="bbox 1091 1010 1878 1046">
     <span class='ocr_line' id='line_1_52' title="bbox 1091 1010 1878 1046; baseline -0.003 -8"><span class='ocrx_word' id='word_1_334' title='bbox 1091 1012 1273 1046; x_wconf 77' lang='grc' dir='ltr'><strong>τυγχάνοντος</strong></span> <span class='ocrx_word' id='word_1_335' title='bbox 1306 1011 1373 1046; x_wconf 75' lang='grc' dir='ltr'><strong>πρὸς</strong></span> <span class='ocrx_word' id='word_1_336' title='bbox 1400 1010 1560 1045; x_wconf 77' lang='grc' dir='ltr'><strong>μετάνοιαν,</strong></span> <span class='ocrx_word' id='word_1_337' title='bbox 1585 1010 1632 1037; x_wconf 83' lang='grc' dir='ltr'><strong>τοῦ</strong></span> <span class='ocrx_word' id='word_1_338' title='bbox 1659 1011 1687 1037; x_wconf 75' lang='grc' dir='ltr'><strong>δὲ</strong></span> <span class='ocrx_word' id='word_1_339' title='bbox 1710 1010 1878 1046; x_wconf 71' lang='grc' dir='ltr'><strong>νωθρότεροι</strong></span> 
     </span>
    </p>
   </div>
   <div class='ocr_carea' id='block_1_53' title="bbox 1091 1056 1878 1092">
    <p class='ocr_par' dir='ltr' id='par_1_53' title="bbox 1091 1056 1878 1092">
     <span class='ocr_line' id='line_1_53' title="bbox 1091 1056 1878 1092; baseline -0.003 -8"><span class='ocrx_word' id='word_1_340' title='bbox 1091 1057 1276 1092; x_wconf 77' lang='grc' dir='ltr'><strong>διακειμένου,</strong></span> <span class='ocrx_word' id='word_1_341' title='bbox 1290 1057 1304 1083; x_wconf 84' lang='grc' dir='ltr'>ὁ</span> <span class='ocrx_word' id='word_1_342' title='bbox 1315 1057 1475 1092; x_wconf 79' lang='grc' dir='ltr'><strong>θεραπεύων</strong></span> <span class='ocrx_word' id='word_1_343' title='bbox 1490 1057 1590 1088; x_wconf 78' lang='grc' dir='ltr'><strong>αὐτοὺς</strong></span> <span class='ocrx_word' id='word_1_344' title='bbox 1607 1057 1675 1092; x_wconf 70' lang='grc' dir='ltr'><strong>πρὸς</strong></span> <span class='ocrx_word' id='word_1_345' title='bbox 1689 1056 1719 1082; x_wconf 69' lang='grc' dir='ltr'><strong>τὺ</strong></span> <span class='ocrx_word' id='word_1_346' title='bbox 1728 1056 1878 1092; x_wconf 69' lang='grc' dir='ltr'><strong>ἁμάρτημα</strong></span> 
     </span>
    </p>
   </div>
   <div class='ocr_carea' id='block_1_54' title="bbox 1093 1102 1878 1139">
    <p class='ocr_par' dir='ltr' id='par_1_54' title="bbox 1093 1102 1878 1139">
     <span class='ocr_line' id='line_1_54' title="bbox 1093 1102 1878 1139; baseline -0.004 -9"><span class='ocrx_word' id='word_1_347' title='bbox 1093 1104 1173 1139; x_wconf 78' lang='grc' dir='ltr'><strong>μόνον</strong></span> <span class='ocrx_word' id='word_1_348' title='bbox 1191 1103 1363 1135; x_wconf 54' lang='lat' dir='ltr'><strong>annosum»,</strong></span> <span class='ocrx_word' id='word_1_349' title='bbox 1377 1103 1425 1129; x_wconf 73' lang='grc' dir='ltr'><strong>καὶ</strong></span> <span class='ocrx_word' id='word_1_350' title='bbox 1440 1103 1565 1137; x_wconf 63' lang='grc' dir='ltr'><strong>ἐκατέρῳ</strong></span> <span class='ocrx_word' id='word_1_351' title='bbox 1578 1102 1668 1128; x_wconf 85' lang='grc' dir='ltr'><strong>αὐτῶν</strong></span> <span class='ocrx_word' id='word_1_352' title='bbox 1685 1102 1794 1136; x_wconf 76' lang='grc' dir='ltr'><strong>ὁμοίως</strong></span> <span class='ocrx_word' id='word_1_353' title='bbox 1816 1102 1878 1137; x_wconf 83' lang='grc' dir='ltr'><strong>χρώ-</strong></span> 
     </span>
    </p>
   </div>
   <div class='ocr_carea' id='block_1_55' title="bbox 1093 1147 1878 1186">
    <p class='ocr_par' dir='ltr' id='par_1_55' title="bbox 1093 1147 1878 1186">
     <span class='ocr_line' id='line_1_55' title="bbox 1093 1147 1878 1186; baseline -0.005 -9"><span class='ocrx_word' id='word_1_354' title='bbox 1093 1158 1183 1186; x_wconf 71' lang='grc' dir='ltr'><strong>μενος,</strong></span> <span class='ocrx_word' id='word_1_355' title='bbox 1201 1149 1371 1184; x_wconf 68' lang='grc' dir='ltr'><strong>ἁποσφαλείη</strong></span> <span class='ocrx_word' id='word_1_356' title='bbox 1390 1149 1456 1183; x_wconf 71' lang='grc' dir='ltr'><strong>πρὸς</strong></span> <span class='ocrx_word' id='word_1_357' title='bbox 1477 1148 1526 1184; x_wconf 83' lang='grc' dir='ltr'><strong>τὴν</strong></span> <span class='ocrx_word' id='word_1_358' title='bbox 1539 1148 1679 1183; x_wconf 72' lang='grc' dir='ltr'><strong>σωτηρίαν</strong></span> <span class='ocrx_word' id='word_1_359' title='bbox 1697 1147 1747 1174; x_wconf 80' lang='grc' dir='ltr'><strong>τοῦ</strong></span> <span class='ocrx_word' id='word_1_360' title='bbox 1761 1149 1878 1183; x_wconf 54' lang='grc' dir='ltr'><strong>κάμνον.</strong></span> 
     </span>
    </p>
   </div>
   <div class='ocr_carea' id='block_1_56' title="bbox 1091 1194 1879 1230">
    <p class='ocr_par' dir='ltr' id='par_1_56' title="bbox 1091 1194 1879 1230">
     <span class='ocr_line' id='line_1_56' title="bbox 1091 1194 1879 1230; baseline -0.004 -7"><span class='ocrx_word' id='word_1_361' title='bbox 1091 1205 1148 1228; x_wconf 86' lang='grc' dir='ltr'><strong>τος.</strong></span> <span class='ocrx_word' id='word_1_362' title='bbox 1171 1196 1201 1222; x_wconf 89' lang='lat' dir='ltr'><strong>&#39;U</strong></span> <span class='ocrx_word' id='word_1_363' title='bbox 1215 1196 1265 1229; x_wconf 78' lang='grc' dir='ltr'><strong>μὲν</strong></span> <span class='ocrx_word' id='word_1_364' title='bbox 1284 1195 1338 1230; x_wconf 86' lang='grc' dir='ltr'><strong>γὰρ</strong></span> <span class='ocrx_word' id='word_1_365' title='bbox 1357 1195 1474 1229; x_wconf 74' lang='grc' dir='ltr'><strong>ἑτοίμως</strong></span> <span class='ocrx_word' id='word_1_366' title='bbox 1491 1194 1561 1229; x_wconf 76' lang='grc' dir='ltr'><strong>ἔχων</strong></span> <span class='ocrx_word' id='word_1_367' title='bbox 1577 1195 1645 1229; x_wconf 75' lang='grc' dir='ltr'><strong>πρὸς</strong></span> <span class='ocrx_word' id='word_1_368' title='bbox 1657 1194 1707 1229; x_wconf 85' lang='grc' dir='ltr'><strong>τὴν</strong></span> <span class='ocrx_word' id='word_1_369' title='bbox 1725 1194 1879 1228; x_wconf 70' lang='grc' dir='ltr'><strong>μετάνοιαν,</strong></span> 
     </span>
    </p>
   </div>
   <div class='ocr_carea' id='block_1_57' title="bbox 1093 1241 1878 1278">
    <p class='ocr_par' dir='ltr' id='par_1_57' title="bbox 1093 1241 1878 1278">
     <span class='ocr_line' id='line_1_57' title="bbox 1093 1241 1878 1278; baseline -0.003 -8"><span class='ocrx_word' id='word_1_370' title='bbox 1093 1244 1144 1270; x_wconf 74' lang='grc' dir='ltr'><strong>κᾶν</strong></span> <span class='ocrx_word' id='word_1_371' title='bbox 1157 1243 1360 1278; x_wconf 75' lang='grc' dir='ltr'><strong>αὐστηρότερον</strong></span> <span class='ocrx_word' id='word_1_372' title='bbox 1376 1242 1420 1277; x_wconf 71' lang='grc' dir='ltr'><strong>εἴη</strong></span> <span class='ocrx_word' id='word_1_373' title='bbox 1437 1241 1467 1268; x_wconf 76' lang='grc' dir='ltr'><strong>τὸ</strong></span> <span class='ocrx_word' id='word_1_374' title='bbox 1493 1241 1641 1276; x_wconf 73' lang='grc' dir='ltr'><strong>ἐπιτίμιον,</strong></span> <span class='ocrx_word' id='word_1_375' title='bbox 1668 1241 1780 1274; x_wconf 79' lang='grc' dir='ltr'><strong>δέξεται</strong></span> <span class='ocrx_word' id='word_1_376' title='bbox 1795 1242 1878 1271; x_wconf 80' lang='grc' dir='ltr'><strong>τοῦτο,</strong></span> 
     </span>
    </p>
   </div>
   <div class='ocr_carea' id='block_1_58' title="bbox 1093 1286 1880 1322">
    <p class='ocr_par' dir='ltr' id='par_1_58' title="bbox 1093 1286 1880 1322">
     <span class='ocr_line' id='line_1_58' title="bbox 1093 1286 1880 1322; baseline -0.003 -7"><span class='ocrx_word' id='word_1_377' title='bbox 1093 1289 1140 1315; x_wconf 72' lang='grc' dir='ltr'><strong>καὶ</strong></span> <span class='ocrx_word' id='word_1_378' title='bbox 1169 1287 1265 1314; x_wconf 79' lang='grc' dir='ltr'><strong>ἑαυτὸν</strong></span> <span class='ocrx_word' id='word_1_379' title='bbox 1287 1286 1422 1322; x_wconf 82' lang='grc' dir='ltr'><strong>ὑποθήσει</strong></span> <span class='ocrx_word' id='word_1_380' title='bbox 1436 1287 1476 1322; x_wconf 81' lang='grc' dir='ltr'><strong>τῷ</strong></span> <span class='ocrx_word' id='word_1_381' title='bbox 1507 1286 1554 1313; x_wconf 80' lang='grc' dir='ltr'><strong>τοῦ</strong></span> <span class='ocrx_word' id='word_1_382' title='bbox 1573 1287 1656 1314; x_wconf 71' lang='grc' dir='ltr'><strong>αὑτὸν</strong></span> <span class='ocrx_word' id='word_1_383' title='bbox 1674 1288 1880 1322; x_wconf 68' lang='grc' dir='ltr'><strong>οἰκονομοῦντες</strong></span> 
     </span>
    </p>
   </div>
   <div class='ocr_carea' id='block_1_59' title="bbox 1093 1331 1880 1369">
    <p class='ocr_par' dir='ltr' id='par_1_59' title="bbox 1093 1331 1880 1369">
     <span class='ocr_line' id='line_1_59' title="bbox 1093 1331 1880 1369; baseline -0.004 -8"><span class='ocrx_word' id='word_1_384' title='bbox 1093 1334 1259 1369; x_wconf 82' lang='grc' dir='ltr'><strong>θελήματι·</strong></span> <span class='ocrx_word' id='word_1_385' title='bbox 1285 1333 1300 1359; x_wconf 78' lang='grc' dir='ltr'><strong>ὁ</strong></span> <span class='ocrx_word' id='word_1_386' title='bbox 1336 1332 1364 1359; x_wconf 80' lang='grc' dir='ltr'><strong>δὲ</strong></span> <span class='ocrx_word' id='word_1_387' title='bbox 1407 1332 1444 1367; x_wconf 81' lang='grc' dir='ltr'><strong>μὴ</strong></span> <span class='ocrx_word' id='word_1_388' title='bbox 1479 1331 1636 1367; x_wconf 76' lang='grc' dir='ltr'><strong>θερμότητα</strong></span> <span class='ocrx_word' id='word_1_389' title='bbox 1664 1332 1776 1364; x_wconf 80' lang='grc' dir='ltr'><strong>δεικνὺς</strong></span> <span class='ocrx_word' id='word_1_390' title='bbox 1822 1333 1880 1368; x_wconf 61' lang='grc' dir='ltr'><strong>πρὸς</strong></span> 
     </span>
    </p>
   </div>
   <div class='ocr_carea' id='block_1_60' title="bbox 1093 1376 1880 1414">
    <p class='ocr_par' dir='ltr' id='par_1_60' title="bbox 1093 1376 1880 1414">
     <span class='ocr_line' id='line_1_60' title="bbox 1093 1376 1880 1414; baseline -0.004 -9"><span class='ocrx_word' id='word_1_391' title='bbox 1093 1378 1239 1414; x_wconf 80' lang='grc' dir='ltr'><strong>μετάνοιαν</strong></span> <span class='ocrx_word' id='word_1_392' title='bbox 1258 1377 1479 1412; x_wconf 82' lang='grc' dir='ltr'><strong>ἀποδυσπετήσει</strong></span> <span class='ocrx_word' id='word_1_393' title='bbox 1505 1377 1574 1410; x_wconf 84' lang='grc' dir='ltr'><strong>πρὸς</strong></span> <span class='ocrx_word' id='word_1_394' title='bbox 1599 1376 1633 1403; x_wconf 80' lang='grc' dir='ltr'><strong>τὰ</strong></span> <span class='ocrx_word' id='word_1_395' title='bbox 1651 1377 1723 1403; x_wconf 83' lang='grc' dir='ltr'><strong>πάνυ</strong></span> <span class='ocrx_word' id='word_1_396' title='bbox 1750 1377 1880 1412; x_wconf 69' lang='grc' dir='ltr'><strong>στύφοντα</strong></span> 
     </span>
    </p>
   </div>
   <div class='ocr_carea' id='block_1_61' title="bbox 1092 1421 1881 1458">
    <p class='ocr_par' dir='ltr' id='par_1_61' title="bbox 1092 1421 1881 1458">
     <span class='ocr_line' id='line_1_61' title="bbox 1092 1421 1881 1458; baseline -0.004 -8"><span class='ocrx_word' id='word_1_397' title='bbox 1092 1424 1237 1458; x_wconf 73' lang='grc' dir='ltr'><strong>φάρμακα,</strong></span> <span class='ocrx_word' id='word_1_398' title='bbox 1255 1423 1304 1450; x_wconf 75' lang='grc' dir='ltr'><strong>καὶ</strong></span> <span class='ocrx_word' id='word_1_399' title='bbox 1315 1422 1346 1448; x_wconf 89' lang='grc' dir='ltr'><strong>οὺ</strong></span> <span class='ocrx_word' id='word_1_400' title='bbox 1362 1422 1442 1457; x_wconf 76' lang='grc' dir='ltr'><strong>μόνον</strong></span> <span class='ocrx_word' id='word_1_401' title='bbox 1460 1422 1509 1448; x_wconf 81' lang='grc' dir='ltr'><strong>οὐκ</strong></span> <span class='ocrx_word' id='word_1_402' title='bbox 1528 1422 1679 1457; x_wconf 72' lang='grc' dir='ltr'><strong>ἰαθήσεται,</strong></span> <span class='ocrx_word' id='word_1_403' title='bbox 1693 1421 1763 1448; x_wconf 80' lang='grc' dir='ltr'><strong>ἀλλὰ</strong></span> <span class='ocrx_word' id='word_1_404' title='bbox 1776 1423 1829 1449; x_wconf 77' lang='grc' dir='ltr'><strong>καὶ</strong></span> <span class='ocrx_word' id='word_1_405' title='bbox 1850 1423 1881 1453; x_wconf 73' lang='grc' dir='ltr'><strong>εἰς</strong></span> 
     </span>
    </p>
   </div>
   <div class='ocr_carea' id='block_1_62' title="bbox 1093 1467 1881 1504">
    <p class='ocr_par' dir='ltr' id='par_1_62' title="bbox 1093 1467 1881 1504">
     <span class='ocr_line' id='line_1_62' title="bbox 1093 1467 1881 1504; baseline -0.001 -9"><span class='ocrx_word' id='word_1_406' title='bbox 1093 1470 1255 1504; x_wconf 80' lang='grc' dir='ltr'><strong>ἀπόγνωσιν</strong></span> <span class='ocrx_word' id='word_1_407' title='bbox 1292 1469 1356 1501; x_wconf 76' lang='grc' dir='ltr'><strong>ἴσως</strong></span> <span class='ocrx_word' id='word_1_408' title='bbox 1398 1467 1529 1503; x_wconf 75' lang='grc' dir='ltr'><strong>ἐμπεσὼν</strong></span> <span class='ocrx_word' id='word_1_409' title='bbox 1558 1468 1677 1503; x_wconf 75' lang='grc' dir='ltr'><strong>χείροσιν</strong></span> <span class='ocrx_word' id='word_1_410' title='bbox 1705 1468 1881 1494; x_wconf 72' lang='grc' dir='ltr'><strong>ὑποπεσεῖται</strong></span> 
     </span>
    </p>
   </div>
   <div class='ocr_carea' id='block_1_63' title="bbox 1092 1516 1294 1551">
    <p class='ocr_par' dir='ltr' id='par_1_63' title="bbox 1092 1516 1294 1551">
     <span class='ocr_line' id='line_1_63' title="bbox 1092 1516 1294 1551; baseline 0 -9"><span class='ocrx_word' id='word_1_411' title='bbox 1092 1516 1294 1551; x_wconf 84' lang='grc' dir='ltr'><strong>πλημμελειαις</strong></span> 
     </span>
    </p>
   </div>
   <div class='ocr_carea' id='block_1_64' title="bbox 257 1560 1882 1598">
    <p class='ocr_par' dir='ltr' id='par_1_64' title="bbox 257 1560 1882 1598">
     <span class='ocr_line' id='line_1_64' title="bbox 257 1560 1882 1598; baseline -0.001 -10"><span class='ocrx_word' id='word_1_412' title='bbox 257 1562 419 1591; x_wconf 84' lang='lat' dir='ltr'><strong>medicinam</strong></span> <span class='ocrx_word' id='word_1_413' title='bbox 436 1563 581 1591; x_wconf 82' lang='lat' dir='ltr'><strong>tastidiose</strong></span> <span class='ocrx_word' id='word_1_414' title='bbox 597 1567 717 1597; x_wconf 83' lang='lat' dir='ltr'><strong>respuet.</strong></span> <span class='ocrx_word' id='word_1_415' title='bbox 735 1570 824 1597; x_wconf 87' lang='lat' dir='ltr'><strong>neque</strong></span> <span class='ocrx_word' id='word_1_416' title='bbox 838 1563 920 1590; x_wconf 89' lang='lat' dir='ltr'><strong>modo</strong></span> <span class='ocrx_word' id='word_1_417' title='bbox 933 1563 1047 1590; x_wconf 84' lang='lat' dir='ltr'><strong>morbos</strong></span> <span class='ocrx_word' id='word_1_418' title='bbox 1067 1571 1121 1591; x_wconf 94' lang='lat' dir='ltr'><strong>non</strong></span> <span class='ocrx_word' id='word_1_419' title='bbox 1138 1563 1265 1598; x_wconf 78' lang='lat' dir='ltr'><strong>depellet,</strong></span> <span class='ocrx_word' id='word_1_420' title='bbox 1293 1563 1341 1590; x_wconf 88' lang='lat' dir='ltr'><strong>sed</strong></span> <span class='ocrx_word' id='word_1_421' title='bbox 1361 1561 1552 1597; x_wconf 86' lang='lat' dir='ltr'><strong>desperatione</strong></span> <span class='ocrx_word' id='word_1_422' title='bbox 1578 1560 1694 1589; x_wconf 80' lang='lat' dir='ltr'><strong>fortasse</strong></span> <span class='ocrx_word' id='word_1_423' title='bbox 1732 1560 1826 1588; x_wconf 81' lang='lat' dir='ltr'><strong>victus</strong></span> <span class='ocrx_word' id='word_1_424' title='bbox 1858 1560 1882 1587; x_wconf 87' lang='lat' dir='ltr'><strong>in</strong></span> 
     </span>
    </p>
   </div>
   <div class='ocr_carea' id='block_1_65' title="bbox 257 1609 830 1645">
    <p class='ocr_par' dir='ltr' id='par_1_65' title="bbox 257 1609 830 1645">
     <span class='ocr_line' id='line_1_65' title="bbox 257 1609 830 1645; baseline 0.002 -9"><span class='ocrx_word' id='word_1_425' title='bbox 257 1609 380 1636; x_wconf 81' lang='lat' dir='ltr'><strong>facinora</strong></span> <span class='ocrx_word' id='word_1_426' title='bbox 393 1610 477 1637; x_wconf 83' lang='lat' dir='ltr'><strong>etiam</strong></span> <span class='ocrx_word' id='word_1_427' title='bbox 494 1610 620 1645; x_wconf 76' lang='lat' dir='ltr'><strong>graviora</strong></span> <span class='ocrx_word' id='word_1_428' title='bbox 637 1610 830 1644; x_wconf 74' lang='lat' dir='ltr'><strong>przecipitabit.</strong></span> 
     </span>
    </p>
   </div>
   <div class='ocr_carea' id='block_1_66' title="bbox 293 1655 1084 1691">
    <p class='ocr_par' dir='ltr' id='par_1_66' title="bbox 293 1655 1084 1691">
     <span class='ocr_line' id='line_1_66' title="bbox 293 1655 1084 1691; baseline 0.003 -9"><span class='ocrx_word' id='word_1_429' title='bbox 293 1655 436 1691; x_wconf 72' lang='lat' dir='ltr'><strong>Multiplex</strong></span> <span class='ocrx_word' id='word_1_430' title='bbox 455 1656 527 1682; x_wconf 68' lang='lat' dir='ltr'><strong>enim</strong></span> <span class='ocrx_word' id='word_1_431' title='bbox 546 1660 602 1688; x_wconf 88' lang='lat' dir='ltr'><strong>est,</strong></span> <span class='ocrx_word' id='word_1_432' title='bbox 616 1655 746 1690; x_wconf 87' lang='lat' dir='ltr'><strong>inquiunt</strong></span> <span class='ocrx_word' id='word_1_433' title='bbox 762 1655 869 1687; x_wconf 82' lang='lat' dir='ltr'><strong>Patres,</strong></span> <span class='ocrx_word' id='word_1_434' title='bbox 897 1663 929 1683; x_wconf 89' lang='lat' dir='ltr'><strong>ac</strong></span> <span class='ocrx_word' id='word_1_435' title='bbox 950 1657 1043 1684; x_wconf 87' lang='lat' dir='ltr'><strong>varius</strong></span> <span class='ocrx_word' id='word_1_436' title='bbox 1081 1669 1084 1672; x_wconf 60' lang='grc' dir='ltr'>ν</span> 
     </span>
    </p>
   </div>
   <div class='ocr_carea' id='block_1_67' title="bbox 257 1700 1045 1736">
    <p class='ocr_par' dir='ltr' id='par_1_67' title="bbox 257 1700 1045 1736">
     <span class='ocr_line' id='line_1_67' title="bbox 257 1700 1045 1736; baseline 0.003 -9"><span class='ocrx_word' id='word_1_437' title='bbox 257 1701 362 1735; x_wconf 87' lang='lat' dir='ltr'><strong>peccati</strong></span> <span class='ocrx_word' id='word_1_438' title='bbox 391 1700 522 1733; x_wconf 87' lang='lat' dir='ltr'><strong>morbus,</strong></span> <span class='ocrx_word' id='word_1_439' title='bbox 553 1700 709 1735; x_wconf 77' lang='lat' dir='ltr'><strong>multasque</strong></span> <span class='ocrx_word' id='word_1_440' title='bbox 743 1701 907 1736; x_wconf 79' lang='lat' dir='ltr'><strong>propagines</strong></span> <span class='ocrx_word' id='word_1_441' title='bbox 942 1702 1045 1729; x_wconf 88' lang='lat' dir='ltr'><strong>erroris</strong></span> 
     </span>
    </p>
   </div>
   <div class='ocr_carea' id='block_1_68' title="bbox 257 1745 1045 1781">
    <p class='ocr_par' dir='ltr' id='par_1_68' title="bbox 257 1745 1045 1781">
     <span class='ocr_line' id='line_1_68' title="bbox 257 1745 1045 1781; baseline 0.003 -9"><span class='ocrx_word' id='word_1_442' title='bbox 257 1745 371 1777; x_wconf 86' lang='lat' dir='ltr'><strong>emittit,</strong></span> <span class='ocrx_word' id='word_1_443' title='bbox 388 1746 534 1781; x_wconf 78' lang='lat' dir='ltr'><strong>exquibus</strong></span> <span class='ocrx_word' id='word_1_444' title='bbox 551 1746 652 1772; x_wconf 86' lang='lat' dir='ltr'><strong>malum</strong></span> <span class='ocrx_word' id='word_1_445' title='bbox 675 1746 754 1781; x_wconf 78' lang='lat' dir='ltr'><strong>longe</strong></span> <span class='ocrx_word' id='word_1_446' title='bbox 780 1747 889 1781; x_wconf 82' lang='lat' dir='ltr'><strong>lateque</strong></span> <span class='ocrx_word' id='word_1_447' title='bbox 914 1746 1045 1774; x_wconf 78' lang='lat' dir='ltr'><strong>diﬂumli-</strong></span> 
     </span>
    </p>
   </div>
   <div class='ocr_carea' id='block_1_69' title="bbox 258 1792 1046 1828">
    <p class='ocr_par' dir='ltr' id='par_1_69' title="bbox 258 1792 1046 1828">
     <span class='ocr_line' id='line_1_69' title="bbox 258 1792 1046 1828; baseline 0.001 -10"><span class='ocrx_word' id='word_1_448' title='bbox 258 1797 314 1823; x_wconf 83' lang='lat' dir='ltr'><strong>tur,</strong></span> <span class='ocrx_word' id='word_1_449' title='bbox 344 1792 396 1819; x_wconf 87' lang='lat' dir='ltr'><strong>hoc</strong></span> <span class='ocrx_word' id='word_1_450' title='bbox 422 1795 483 1824; x_wconf 88' lang='lat' dir='ltr'><strong>est,</strong></span> <span class='ocrx_word' id='word_1_451' title='bbox 512 1792 595 1820; x_wconf 87' lang='lat' dir='ltr'><strong>latius</strong></span> <span class='ocrx_word' id='word_1_452' title='bbox 618 1797 749 1828; x_wconf 76' lang='lat' dir='ltr'><strong>evagatur</strong></span> <span class='ocrx_word' id='word_1_453' title='bbox 769 1800 801 1820; x_wconf 90' lang='lat' dir='ltr'><strong>ac</strong></span> <span class='ocrx_word' id='word_1_454' title='bbox 830 1793 928 1828; x_wconf 85' lang='lat' dir='ltr'><strong>serpit,</strong></span> <span class='ocrx_word' id='word_1_455' title='bbox 959 1793 1046 1820; x_wconf 85' lang='lat' dir='ltr'><strong>donec</strong></span> 
     </span>
    </p>
   </div>
   <div class='ocr_carea' id='block_1_70' title="bbox 264 1838 1046 1873">
    <p class='ocr_par' dir='ltr' id='par_1_70' title="bbox 264 1838 1046 1873">
     <span class='ocr_line' id='line_1_70' title="bbox 264 1838 1046 1873; baseline 0.003 -9"><span class='ocrx_word' id='word_1_456' title='bbox 264 1844 386 1872; x_wconf 87' lang='lat' dir='ltr'><strong>eousque</strong></span> <span class='ocrx_word' id='word_1_457' title='bbox 401 1838 576 1873; x_wconf 82' lang='lat' dir='ltr'><strong>processerit,</strong></span> <span class='ocrx_word' id='word_1_458' title='bbox 593 1842 622 1865; x_wconf 91' lang='lat' dir='ltr'><strong>ut</strong></span> <span class='ocrx_word' id='word_1_459' title='bbox 644 1839 724 1865; x_wconf 89' lang='lat' dir='ltr'><strong>etiam</strong></span> <span class='ocrx_word' id='word_1_460' title='bbox 739 1839 901 1866; x_wconf 88' lang='lat' dir='ltr'><strong>medicinam</strong></span> <span class='ocrx_word' id='word_1_461' title='bbox 915 1839 1046 1867; x_wconf 83' lang='lat' dir='ltr'><strong>adhibere</strong></span> 
     </span>
    </p>
   </div>
   <div class='ocr_carea' id='block_1_71' title="bbox 258 1883 1044 1918">
    <p class='ocr_par' dir='ltr' id='par_1_71' title="bbox 258 1883 1044 1918">
     <span class='ocr_line' id='line_1_71' title="bbox 258 1883 1044 1918; baseline 0.001 -9"><span class='ocrx_word' id='word_1_462' title='bbox 258 1883 395 1916; x_wconf 83' lang='lat' dir='ltr'><strong>cupientis</strong></span> <span class='ocrx_word' id='word_1_463' title='bbox 407 1883 485 1918; x_wconf 73' lang='lat' dir='ltr'><strong>longe</strong></span> <span class='ocrx_word' id='word_1_464' title='bbox 499 1888 610 1918; x_wconf 84' lang='lat' dir='ltr'><strong>superet</strong></span> <span class='ocrx_word' id='word_1_465' title='bbox 623 1883 792 1911; x_wconf 86' lang='lat' dir='ltr'><strong>facultatem.</strong></span> <span class='ocrx_word' id='word_1_466' title='bbox 802 1883 932 1916; x_wconf 81' lang='lat' dir='ltr'><strong>Proin-lc,</strong></span> <span class='ocrx_word' id='word_1_467' title='bbox 949 1885 984 1912; x_wconf 87' lang='lat' dir='ltr'><strong>sit</strong></span> <span class='ocrx_word' id='word_1_468' title='bbox 999 1885 1044 1911; x_wconf 87' lang='lat' dir='ltr'><strong>illa</strong></span> 
     </span>
    </p>
   </div>
   <div class='ocr_carea' id='block_1_72' title="bbox 257 1929 1044 1965">
    <p class='ocr_par' dir='ltr' id='par_1_72' title="bbox 257 1929 1044 1965">
     <span class='ocr_line' id='line_1_72' title="bbox 257 1929 1044 1965; baseline 0.003 -9"><span class='ocrx_word' id='word_1_469' title='bbox 257 1929 359 1964; x_wconf 78' lang='lat' dir='ltr'><strong>prima,</strong></span> <span class='ocrx_word' id='word_1_470' title='bbox 379 1929 480 1964; x_wconf 86' lang='lat' dir='ltr'><strong>inquit,</strong></span> <span class='ocrx_word' id='word_1_471' title='bbox 501 1929 653 1964; x_wconf 87' lang='lat' dir='ltr'><strong>spiritualis</strong></span> <span class='ocrx_word' id='word_1_472' title='bbox 667 1930 765 1958; x_wconf 89' lang='lat' dir='ltr'><strong>medici</strong></span> <span class='ocrx_word' id='word_1_473' title='bbox 781 1937 859 1962; x_wconf 87' lang='lat' dir='ltr'><strong>cura,</strong></span> <span class='ocrx_word' id='word_1_474' title='bbox 875 1935 905 1957; x_wconf 93' lang='lat' dir='ltr'><strong>ut</strong></span> <span class='ocrx_word' id='word_1_475' title='bbox 916 1938 979 1958; x_wconf 89' lang='lat' dir='ltr'><strong>eum</strong></span> <span class='ocrx_word' id='word_1_476' title='bbox 996 1931 1044 1965; x_wconf 90' lang='lat' dir='ltr'><strong>qui</strong></span> 
     </span>
    </p>
   </div>
   <div class='ocr_carea' id='block_1_73' title="bbox 257 1974 1046 2009">
    <p class='ocr_par' dir='ltr' id='par_1_73' title="bbox 257 1974 1046 2009">
     <span class='ocr_line' id='line_1_73' title="bbox 257 1974 1046 2009; baseline 0.003 -9"><span class='ocrx_word' id='word_1_477' title='bbox 257 1974 393 2009; x_wconf 85' lang='lat' dir='ltr'><strong>peccavit.</strong></span> <span class='ocrx_word' id='word_1_478' title='bbox 411 1975 640 2009; x_wconf 86' lang='lat' dir='ltr'><strong>quemadmodum</strong></span> <span class='ocrx_word' id='word_1_479' title='bbox 665 1976 756 2002; x_wconf 88' lang='lat' dir='ltr'><strong>animo</strong></span> <span class='ocrx_word' id='word_1_480' title='bbox 781 1975 895 2003; x_wconf 73' lang='lat' dir='ltr'><strong>affectus</strong></span> <span class='ocrx_word' id='word_1_481' title='bbox 917 1976 964 2008; x_wconf 86' lang='lat' dir='ltr'><strong>sit,</strong></span> <span class='ocrx_word' id='word_1_482' title='bbox 984 1975 1046 2003; x_wconf 91' lang='lat' dir='ltr'><strong>dili-</strong></span> 
     </span>
    </p>
   </div>
   <div class='ocr_carea' id='block_1_74' title="bbox 258 2019 1045 2056">
    <p class='ocr_par' dir='ltr' id='par_1_74' title="bbox 258 2019 1045 2056">
     <span class='ocr_line' id='line_1_74' title="bbox 258 2019 1045 2056; baseline 0.003 -10"><span class='ocrx_word' id='word_1_483' title='bbox 258 2021 355 2054; x_wconf 69' lang='lat' dir='ltr'><strong>genter</strong></span> <span class='ocrx_word' id='word_1_484' title='bbox 366 2019 503 2055; x_wconf 84' lang='lat' dir='ltr'><strong>inspiciat,</strong></span> <span class='ocrx_word' id='word_1_485' title='bbox 519 2027 553 2046; x_wconf 93' lang='lat' dir='ltr'><strong>an</strong></span> <span class='ocrx_word' id='word_1_486' title='bbox 572 2020 755 2048; x_wconf 83' lang='lat' dir='ltr'><strong>ardentiorem</strong></span> <span class='ocrx_word' id='word_1_487' title='bbox 769 2025 832 2055; x_wconf 76' lang='lat' dir='ltr'><strong>agat</strong></span> <span class='ocrx_word' id='word_1_488' title='bbox 847 2021 1045 2056; x_wconf 64' lang='lat' dir='ltr'><strong>paenitentiam,</strong></span> 
     </span>
    </p>
   </div>
   <div class='ocr_carea' id='block_1_75' title="bbox 258 2066 1046 2102">
    <p class='ocr_par' dir='ltr' id='par_1_75' title="bbox 258 2066 1046 2102">
     <span class='ocr_line' id='line_1_75' title="bbox 258 2066 1046 2102; baseline 0.005 -11"><span class='ocrx_word' id='word_1_489' title='bbox 258 2069 286 2092; x_wconf 90' lang='lat' dir='ltr'><strong>et</strong></span> <span class='ocrx_word' id='word_1_490' title='bbox 301 2066 445 2093; x_wconf 86' lang='lat' dir='ltr'><strong>sanitatem</strong></span> <span class='ocrx_word' id='word_1_491' title='bbox 464 2071 583 2100; x_wconf 86' lang='lat' dir='ltr'><strong>appetat,</strong></span> <span class='ocrx_word' id='word_1_492' title='bbox 601 2073 634 2093; x_wconf 85' lang='lat' dir='ltr'><strong>an</strong></span> <span class='ocrx_word' id='word_1_493' title='bbox 651 2070 758 2098; x_wconf 87' lang='lat' dir='ltr'><strong>contra,</strong></span> <span class='ocrx_word' id='word_1_494' title='bbox 783 2074 891 2094; x_wconf 87' lang='lat' dir='ltr'><strong>morutn</strong></span> <span class='ocrx_word' id='word_1_495' title='bbox 914 2067 1046 2102; x_wconf 89' lang='lat' dir='ltr'><strong>improbi-</strong></span> 
     </span>
    </p>
   </div>
   <div class='ocr_carea' id='block_1_76' title="bbox 259 2111 1043 2147">
    <p class='ocr_par' dir='ltr' id='par_1_76' title="bbox 259 2111 1043 2147">
     <span class='ocr_line' id='line_1_76' title="bbox 259 2111 1043 2147; baseline 0.005 -11"><span class='ocrx_word' id='word_1_496' title='bbox 259 2114 314 2137; x_wconf 82' lang='lat' dir='ltr'><strong>tate</strong></span> <span class='ocrx_word' id='word_1_497' title='bbox 326 2111 452 2137; x_wconf 87' lang='lat' dir='ltr'><strong>morbum</strong></span> <span class='ocrx_word' id='word_1_498' title='bbox 471 2119 552 2138; x_wconf 86' lang='lat' dir='ltr'><strong>suum</strong></span> <span class='ocrx_word' id='word_1_499' title='bbox 571 2111 687 2146; x_wconf 86' lang='lat' dir='ltr'><strong>ipsemet</strong></span> <span class='ocrx_word' id='word_1_500' title='bbox 707 2116 824 2146; x_wconf 73' lang='lat' dir='ltr'><strong>augeat;</strong></span> <span class='ocrx_word' id='word_1_501' title='bbox 848 2118 1043 2147; x_wconf 68' lang='lat' dir='ltr'><strong>tumquantum</strong></span> 
     </span>
    </p>
   </div>
   <div class='ocr_carea' id='block_1_77' title="bbox 261 2155 1048 2191">
    <p class='ocr_par' dir='ltr' id='par_1_77' title="bbox 261 2155 1048 2191">
     <span class='ocr_line' id='line_1_77' title="bbox 261 2155 1048 2191; baseline 0.005 -9"><span class='ocrx_word' id='word_1_502' title='bbox 261 2155 380 2183; x_wconf 84' lang='lat' dir='ltr'><strong>hominis</strong></span> <span class='ocrx_word' id='word_1_503' title='bbox 395 2161 457 2191; x_wconf 83' lang='lat' dir='ltr'><strong>post</strong></span> <span class='ocrx_word' id='word_1_504' title='bbox 471 2156 621 2183; x_wconf 85' lang='lat' dir='ltr'><strong>admissum</strong></span> <span class='ocrx_word' id='word_1_505' title='bbox 644 2156 750 2185; x_wconf 84' lang='lat' dir='ltr'><strong>facinus</strong></span> <span class='ocrx_word' id='word_1_506' title='bbox 766 2158 828 2185; x_wconf 64' lang='lat' dir='ltr'><strong>vitae</strong></span> <span class='ocrx_word' id='word_1_507' title='bbox 844 2159 913 2186; x_wconf 90' lang='lat' dir='ltr'><strong>ratio</strong></span> <span class='ocrx_word' id='word_1_508' title='bbox 938 2166 971 2186; x_wconf 83' lang='lat' dir='ltr'><strong>ac</strong></span> <span class='ocrx_word' id='word_1_509' title='bbox 991 2166 1048 2186; x_wconf 86' lang='lat' dir='ltr'><strong>Ino-</strong></span> 
     </span>
    </p>
   </div>
   <div class='ocr_carea' id='block_1_78' title="bbox 1135 1651 1883 1689">
    <p class='ocr_par' dir='ltr' id='par_1_78' title="bbox 1135 1651 1883 1689">
     <span class='ocr_line' id='line_1_78' title="bbox 1135 1651 1883 1689; baseline -0.005 -8"><span class='ocrx_word' id='word_1_510' title='bbox 1135 1654 1281 1689; x_wconf 78' lang='grc' dir='ltr'><strong>Πολυειδὴς</strong></span> <span class='ocrx_word' id='word_1_511' title='bbox 1305 1653 1371 1689; x_wconf 77' lang='grc' dir='ltr'><strong>γὰρ,</strong></span> <span class='ocrx_word' id='word_1_512' title='bbox 1400 1652 1484 1687; x_wconf 74' lang='grc' dir='ltr'><strong>φασῖν</strong></span> <span class='ocrx_word' id='word_1_513' title='bbox 1498 1654 1523 1679; x_wconf 78' lang='grc' dir='ltr'><strong>οι</strong></span> <span class='ocrx_word' id='word_1_514' title='bbox 1539 1653 1670 1687; x_wconf 79' lang='grc' dir='ltr'><strong>Πατέρες,</strong></span> <span class='ocrx_word' id='word_1_515' title='bbox 1700 1651 1748 1678; x_wconf 74' lang='grc' dir='ltr'><strong>καὶ</strong></span> <span class='ocrx_word' id='word_1_516' title='bbox 1775 1652 1883 1686; x_wconf 68' lang='grc' dir='ltr'><strong>ποικᾶη</strong></span> 
     </span>
    </p>
   </div>
   <div class='ocr_carea' id='block_1_79' title="bbox 1097 1697 1884 1736">
    <p class='ocr_par' dir='ltr' id='par_1_79' title="bbox 1097 1697 1884 1736">
     <span class='ocr_line' id='line_1_79' title="bbox 1097 1697 1884 1736; baseline -0.008 -8"><span class='ocrx_word' id='word_1_517' title='bbox 1097 1701 1146 1736; x_wconf 80' lang='grc' dir='ltr'><strong>τῆς</strong></span> <span class='ocrx_word' id='word_1_518' title='bbox 1158 1700 1297 1735; x_wconf 75' lang='grc' dir='ltr'><strong>ἁμαρτίας</strong></span> <span class='ocrx_word' id='word_1_519' title='bbox 1313 1700 1327 1734; x_wconf 77' lang='grc'><strong>1]</strong></span> <span class='ocrx_word' id='word_1_520' title='bbox 1340 1699 1428 1733; x_wconf 80' lang='grc' dir='ltr'><strong>νόσος,</strong></span> <span class='ocrx_word' id='word_1_521' title='bbox 1441 1699 1488 1726; x_wconf 74' lang='grc' dir='ltr'><strong>καὶ</strong></span> <span class='ocrx_word' id='word_1_522' title='bbox 1517 1698 1618 1730; x_wconf 80' lang='grc' dir='ltr'><strong>πολλὰς</strong></span> <span class='ocrx_word' id='word_1_523' title='bbox 1643 1697 1824 1732; x_wconf 76' lang='grc' dir='ltr'><strong>παραφυάδας</strong></span> <span class='ocrx_word' id='word_1_524' title='bbox 1834 1697 1884 1731; x_wconf 78' lang='grc' dir='ltr'><strong>τῆς</strong></span> 
     </span>
    </p>
   </div>
   <div class='ocr_carea' id='block_1_80' title="bbox 1098 1741 1883 1781">
    <p class='ocr_par' dir='ltr' id='par_1_80' title="bbox 1098 1741 1883 1781">
     <span class='ocr_line' id='line_1_80' title="bbox 1098 1741 1883 1781; baseline -0.006 -9"><span class='ocrx_word' id='word_1_525' title='bbox 1098 1746 1200 1781; x_wconf 72' lang='grc' dir='ltr'><strong>βλάϐης</strong></span> <span class='ocrx_word' id='word_1_526' title='bbox 1215 1745 1414 1780; x_wconf 67' lang='grc' dir='ltr'><strong>βλαστάνοντα,</strong></span> <span class='ocrx_word' id='word_1_527' title='bbox 1448 1744 1477 1777; x_wconf 77' lang='grc' dir='ltr'><strong>ἐξ</strong></span> <span class='ocrx_word' id='word_1_528' title='bbox 1493 1741 1531 1771; x_wconf 82' lang='grc' dir='ltr'><strong>ὧν</strong></span> <span class='ocrx_word' id='word_1_529' title='bbox 1552 1743 1742 1779; x_wconf 75' lang='grc' dir='ltr'><strong>παραφυάδων</strong></span> <span class='ocrx_word' id='word_1_530' title='bbox 1754 1743 1783 1768; x_wconf 82' lang='grc' dir='ltr'><strong>τὸ</strong></span> <span class='ocrx_word' id='word_1_531' title='bbox 1795 1743 1883 1769; x_wconf 79' lang='grc' dir='ltr'><strong>κακὸν</strong></span> 
     </span>
    </p>
   </div>
   <div class='ocr_carea' id='block_1_81' title="bbox 1097 1788 1880 1827">
    <p class='ocr_par' dir='ltr' id='par_1_81' title="bbox 1097 1788 1880 1827">
     <span class='ocr_line' id='line_1_81' title="bbox 1097 1788 1880 1827; baseline -0.006 -9"><span class='ocrx_word' id='word_1_532' title='bbox 1097 1792 1240 1827; x_wconf 84' lang='grc' dir='ltr'><strong>διαχεῖται,</strong></span> <span class='ocrx_word' id='word_1_533' title='bbox 1260 1791 1425 1817; x_wconf 79' lang='grc' dir='ltr'><strong>πλατύνεται</strong></span> <span class='ocrx_word' id='word_1_534' title='bbox 1461 1790 1561 1825; x_wconf 81' lang='grc' dir='ltr'><strong>δηλαδὴ</strong></span> <span class='ocrx_word' id='word_1_535' title='bbox 1583 1790 1630 1816; x_wconf 70' lang='grc' dir='ltr'><strong>καὶ</strong></span> <span class='ocrx_word' id='word_1_536' title='bbox 1645 1788 1835 1824; x_wconf 75' lang='grc' dir='ltr'><strong>πρόεισιν,ἓως</strong></span> <span class='ocrx_word' id='word_1_537' title='bbox 1846 1789 1880 1814; x_wconf 76' lang='grc' dir='ltr'><strong>ἄν</strong></span> 
     </span>
    </p>
   </div>
   <div class='ocr_carea' id='block_1_82' title="bbox 1098 1834 1879 1872">
    <p class='ocr_par' dir='ltr' id='par_1_82' title="bbox 1098 1834 1879 1872">
     <span class='ocr_line' id='line_1_82' title="bbox 1098 1834 1879 1872; baseline -0.008 -6"><span class='ocrx_word' id='word_1_538' title='bbox 1098 1838 1219 1866; x_wconf 82' lang='grc' dir='ltr'><strong>τοιοῦτον</strong></span> <span class='ocrx_word' id='word_1_539' title='bbox 1230 1838 1355 1872; x_wconf 77' lang='grc' dir='ltr'><strong>γένηται,</strong></span> <span class='ocrx_word' id='word_1_540' title='bbox 1384 1836 1454 1863; x_wconf 85' lang='grc' dir='ltr'><strong>ὥστε</strong></span> <span class='ocrx_word' id='word_1_541' title='bbox 1479 1836 1632 1872; x_wconf 80' lang='grc' dir='ltr'><strong>ὑπερνικᾷν</strong></span> <span class='ocrx_word' id='word_1_542' title='bbox 1649 1838 1695 1862; x_wconf 72' lang='grc' dir='ltr'><strong>καὶ</strong></span> <span class='ocrx_word' id='word_1_543' title='bbox 1714 1837 1763 1869; x_wconf 75' lang='grc' dir='ltr'><strong>τὴν</strong></span> <span class='ocrx_word' id='word_1_544' title='bbox 1776 1835 1820 1861; x_wconf 81' lang='grc' dir='ltr'><strong>τοῦ</strong></span> <span class='ocrx_word' id='word_1_545' title='bbox 1837 1834 1879 1860; x_wconf 88' lang='grc' dir='ltr'><strong>θε-</strong></span> 
     </span>
    </p>
   </div>
   <div class='ocr_carea' id='block_1_83' title="bbox 1099 1881 1880 1919">
    <p class='ocr_par' dir='ltr' id='par_1_83' title="bbox 1099 1881 1880 1919">
     <span class='ocr_line' id='line_1_83' title="bbox 1099 1881 1880 1919; baseline -0.006 -9"><span class='ocrx_word' id='word_1_546' title='bbox 1099 1883 1264 1919; x_wconf 83' lang='grc' dir='ltr'><strong>ραπεύοντος</strong></span> <span class='ocrx_word' id='word_1_547' title='bbox 1276 1882 1401 1914; x_wconf 83' lang='grc' dir='ltr'><strong>δύναμιν.</strong></span> <span class='ocrx_word' id='word_1_548' title='bbox 1422 1882 1470 1908; x_wconf 78' lang='grc' dir='ltr'><strong>Διὰ</strong></span> <span class='ocrx_word' id='word_1_549' title='bbox 1487 1881 1585 1913; x_wconf 86' lang='grc' dir='ltr'><strong>ταῦτα,</strong></span> <span class='ocrx_word' id='word_1_550' title='bbox 1601 1882 1678 1916; x_wconf 73' lang='grc' dir='ltr'><strong>φησὶ,</strong></span> <span class='ocrx_word' id='word_1_551' title='bbox 1692 1881 1738 1907; x_wconf 68' lang='grc' dir='ltr'><strong>τδν</strong></span> <span class='ocrx_word' id='word_1_552' title='bbox 1764 1888 1880 1914; x_wconf 84' lang='grc' dir='ltr'><strong>πνευμα-</strong></span> 
     </span>
    </p>
   </div>
   <div class='ocr_carea' id='block_1_84' title="bbox 1097 1926 1883 1963">
    <p class='ocr_par' dir='ltr' id='par_1_84' title="bbox 1097 1926 1883 1963">
     <span class='ocr_line' id='line_1_84' title="bbox 1097 1926 1883 1963; baseline -0.006 -7"><span class='ocrx_word' id='word_1_553' title='bbox 1097 1929 1173 1956; x_wconf 83' lang='grc' dir='ltr'><strong>τικὸν</strong></span> <span class='ocrx_word' id='word_1_554' title='bbox 1187 1928 1280 1963; x_wconf 72' lang='grc' dir='ltr'><strong>ἰατρὸν</strong></span> <span class='ocrx_word' id='word_1_555' title='bbox 1295 1928 1335 1954; x_wconf 83' lang='grc' dir='ltr'><strong>δεῖ</strong></span> <span class='ocrx_word' id='word_1_556' title='bbox 1351 1927 1460 1963; x_wconf 82' lang='grc' dir='ltr'><strong>πρῶτον</strong></span> <span class='ocrx_word' id='word_1_557' title='bbox 1477 1927 1527 1963; x_wconf 80' lang='grc' dir='ltr'><strong>τὴν</strong></span> <span class='ocrx_word' id='word_1_558' title='bbox 1548 1927 1595 1953; x_wconf 81' lang='grc' dir='ltr'><strong>τοῦ</strong></span> <span class='ocrx_word' id='word_1_559' title='bbox 1619 1927 1811 1962; x_wconf 77' lang='grc' dir='ltr'><strong>ἡμαρτηκότος</strong></span> <span class='ocrx_word' id='word_1_560' title='bbox 1829 1926 1883 1952; x_wconf 80' lang='grc' dir='ltr'><strong>διὰ·</strong></span> 
     </span>
    </p>
   </div>
   <div class='ocr_carea' id='block_1_85' title="bbox 1099 1973 1885 2008">
    <p class='ocr_par' dir='ltr' id='par_1_85' title="bbox 1099 1973 1885 2008">
     <span class='ocr_line' id='line_1_85' title="bbox 1099 1973 1885 2008; baseline -0.004 -7"><span class='ocrx_word' id='word_1_561' title='bbox 1099 1975 1174 2002; x_wconf 88' lang='grc' dir='ltr'><strong>θεσιν</strong></span> <span class='ocrx_word' id='word_1_562' title='bbox 1187 1974 1371 2001; x_wconf 79' lang='grc' dir='ltr'><strong>κατασκοπεῖν</strong></span> <span class='ocrx_word' id='word_1_563' title='bbox 1384 1974 1439 2000; x_wconf 76' lang='grc' dir='ltr'><strong>εἴτε</strong></span> <span class='ocrx_word' id='word_1_564' title='bbox 1455 1973 1562 2008; x_wconf 74' lang='grc' dir='ltr'><strong>θερμῶς</strong></span> <span class='ocrx_word' id='word_1_565' title='bbox 1578 1975 1712 2008; x_wconf 75' lang='grc' dir='ltr'><strong>μετανοεῖ,</strong></span> <span class='ocrx_word' id='word_1_566' title='bbox 1725 1973 1773 1999; x_wconf 79' lang='grc' dir='ltr'><strong>καὶ</strong></span> <span class='ocrx_word' id='word_1_567' title='bbox 1791 1973 1885 2006; x_wconf 74' lang='grc' dir='ltr'><strong>ὑγείας</strong></span> 
     </span>
    </p>
   </div>
   <div class='ocr_carea' id='block_1_86' title="bbox 1098 2019 1886 2057">
    <p class='ocr_par' dir='ltr' id='par_1_86' title="bbox 1098 2019 1886 2057">
     <span class='ocr_line' id='line_1_86' title="bbox 1098 2019 1886 2057; baseline -0.004 -10"><span class='ocrx_word' id='word_1_568' title='bbox 1098 2021 1239 2057; x_wconf 73' lang='grc' dir='ltr'><strong>ὀρέγεται,</strong></span> <span class='ocrx_word' id='word_1_569' title='bbox 1259 2021 1314 2047; x_wconf 83' lang='grc' dir='ltr'><strong>εἴτε</strong></span> <span class='ocrx_word' id='word_1_570' title='bbox 1329 2020 1428 2055; x_wconf 83' lang='grc' dir='ltr'><strong>μᾶλλον</strong></span> <span class='ocrx_word' id='word_1_571' title='bbox 1452 2021 1502 2056; x_wconf 81' lang='grc' dir='ltr'><strong>τὴν</strong></span> <span class='ocrx_word' id='word_1_572' title='bbox 1517 2020 1594 2046; x_wconf 77' lang='grc' dir='ltr'><strong>νόσον</strong></span> <span class='ocrx_word' id='word_1_573' title='bbox 1610 2019 1685 2052; x_wconf 73' lang='grc' dir='ltr'><strong>αὔξει</strong></span> <span class='ocrx_word' id='word_1_574' title='bbox 1703 2019 1764 2045; x_wconf 80' lang='grc' dir='ltr'><strong>καθ’</strong></span> <span class='ocrx_word' id='word_1_575' title='bbox 1786 2019 1886 2045; x_wconf 75' lang='grc' dir='ltr'><strong>ἑαυτοῦ</strong></span> 
     </span>
    </p>
   </div>
   <div class='ocr_carea' id='block_1_87' title="bbox 1098 2065 1887 2103">
    <p class='ocr_par' dir='ltr' id='par_1_87' title="bbox 1098 2065 1887 2103">
     <span class='ocr_line' id='line_1_87' title="bbox 1098 2065 1887 2103; baseline -0.005 -9"><span class='ocrx_word' id='word_1_576' title='bbox 1098 2067 1142 2094; x_wconf 76' lang='grc' dir='ltr'><strong>διὰ</strong></span> <span class='ocrx_word' id='word_1_577' title='bbox 1152 2066 1261 2103; x_wconf 73' lang='grc' dir='ltr'><strong>τρόπων</strong></span> <span class='ocrx_word' id='word_1_578' title='bbox 1285 2066 1395 2098; x_wconf 82' lang='grc' dir='ltr'><strong>κακίαν,</strong></span> <span class='ocrx_word' id='word_1_579' title='bbox 1426 2066 1474 2092; x_wconf 73' lang='grc' dir='ltr'><strong>καὶ</strong></span> <span class='ocrx_word' id='word_1_580' title='bbox 1498 2065 1556 2098; x_wconf 86' lang='grc' dir='ltr'><strong>πῶς</strong></span> <span class='ocrx_word' id='word_1_581' title='bbox 1589 2066 1657 2100; x_wconf 82' lang='grc' dir='ltr'><strong>μετὰ</strong></span> <span class='ocrx_word' id='word_1_582' title='bbox 1681 2066 1731 2101; x_wconf 73' lang='grc' dir='ltr'><strong>τὴν</strong></span> <span class='ocrx_word' id='word_1_583' title='bbox 1746 2065 1887 2100; x_wconf 73' lang='grc' dir='ltr'><strong>ἁμαρτίαν</strong></span> 
     </span>
    </p>
   </div>
   <div class='ocr_carea' id='block_1_88' title="bbox 1099 2110 1887 2147">
    <p class='ocr_par' dir='ltr' id='par_1_88' title="bbox 1099 2110 1887 2147">
     <span class='ocr_line' id='line_1_88' title="bbox 1099 2110 1887 2147; baseline -0.004 -8"><span class='ocrx_word' id='word_1_584' title='bbox 1099 2112 1300 2147; x_wconf 70' lang='grc' dir='ltr'><strong>ἀναστρέφεται</strong></span> <span class='ocrx_word' id='word_1_585' title='bbox 1313 2112 1360 2138; x_wconf 74' lang='grc' dir='ltr'><strong>καὶ</strong></span> <span class='ocrx_word' id='word_1_586' title='bbox 1374 2111 1438 2146; x_wconf 78' lang='grc' dir='ltr'><strong>βιοῖ,</strong></span> <span class='ocrx_word' id='word_1_587' title='bbox 1453 2111 1500 2138; x_wconf 77' lang='grc' dir='ltr'><strong>καὶ</strong></span> <span class='ocrx_word' id='word_1_588' title='bbox 1518 2112 1542 2137; x_wconf 74' lang='grc' dir='ltr'><strong>εἰ</strong></span> <span class='ocrx_word' id='word_1_589' title='bbox 1560 2111 1598 2146; x_wconf 74' lang='grc' dir='ltr'><strong>μὴ</strong></span> <span class='ocrx_word' id='word_1_590' title='bbox 1613 2110 1652 2145; x_wconf 86' lang='grc' dir='ltr'><strong>τῷ</strong></span> <span class='ocrx_word' id='word_1_591' title='bbox 1677 2110 1788 2146; x_wconf 78' lang='grc' dir='ltr'><strong>τεχνίτῃ</strong></span> <span class='ocrx_word' id='word_1_592' title='bbox 1809 2111 1887 2136; x_wconf 88' lang='grc' dir='ltr'><strong>ἀντι-</strong></span> 
     </span>
    </p>
   </div>
   <div class='ocr_carea' id='block_1_89' title="bbox 1100 2156 1887 2193">
    <p class='ocr_par' dir='ltr' id='par_1_89' title="bbox 1100 2156 1887 2193">
     <span class='ocr_line' id='line_1_89' title="bbox 1100 2156 1887 2193; baseline -0.005 -7"><span class='ocrx_word' id='word_1_593' title='bbox 1100 2158 1239 2190; x_wconf 82' lang='grc' dir='ltr'><strong>παλαισει,</strong></span> <span class='ocrx_word' id='word_1_594' title='bbox 1267 2159 1336 2193; x_wconf 85' lang='grc' dir='ltr'><strong>ὅπερ</strong></span> <span class='ocrx_word' id='word_1_595' title='bbox 1351 2159 1458 2192; x_wconf 74' lang='grc' dir='ltr'><strong>γίνεται</strong></span> <span class='ocrx_word' id='word_1_596' title='bbox 1478 2157 1524 2184; x_wconf 68' lang='grc' dir='ltr'><strong>επὶ</strong></span> <span class='ocrx_word' id='word_1_597' title='bbox 1538 2157 1593 2184; x_wconf 85' lang='grc' dir='ltr'><strong>τῶν</strong></span> <span class='ocrx_word' id='word_1_598' title='bbox 1610 2157 1710 2191; x_wconf 79' lang='grc' dir='ltr'><strong>μανίαν</strong></span> <span class='ocrx_word' id='word_1_599' title='bbox 1725 2156 1887 2183; x_wconf 73' lang='grc' dir='ltr'><strong>νοσούντων.</strong></span> 
     </span>
    </p>
   </div>
   <div class='ocr_carea' id='block_1_90' title="bbox 258 2202 1042 2240">
    <p class='ocr_par' dir='ltr' id='par_1_90' title="bbox 258 2202 1042 2238">
     <span class='ocr_line' id='line_1_90' title="bbox 258 2202 1042 2238; baseline 0.005 -10"><span class='ocrx_word' id='word_1_600' title='bbox 258 2202 328 2234; x_wconf 85' lang='lat' dir='ltr'><strong>dus;</strong></span> <span class='ocrx_word' id='word_1_601' title='bbox 349 2209 383 2229; x_wconf 81' lang='lat' dir='ltr'><strong>an</strong></span> <span class='ocrx_word' id='word_1_602' title='bbox 410 2209 472 2229; x_wconf 90' lang='lat' dir='ltr'><strong>cum</strong></span> <span class='ocrx_word' id='word_1_603' title='bbox 508 2202 605 2230; x_wconf 80' lang='lat' dir='ltr'><strong>medici</strong></span> <span class='ocrx_word' id='word_1_604' title='bbox 633 2203 750 2230; x_wconf 83' lang='lat' dir='ltr'><strong>artificio</strong></span> <span class='ocrx_word' id='word_1_605' title='bbox 779 2205 904 2238; x_wconf 78' lang='lat' dir='ltr'><strong>ipsemet.</strong></span> <span class='ocrx_word' id='word_1_606' title='bbox 937 2204 1042 2232; x_wconf 83' lang='lat' dir='ltr'><strong>insania</strong></span> 
     </span>
    </p>
   </div>
   <div class='ocr_carea' id='block_1_91' title="bbox 1096 2202 1887 2240">
    <p class='ocr_par' dir='ltr' id='par_1_91' title="bbox 1104 2202 1887 2240">
     <span class='ocr_line' id='line_1_91' title="bbox 1104 2202 1887 2240; baseline -0.006 -8"><span class='ocrx_word' id='word_1_607' title='bbox 1104 2206 1218 2232; x_wconf 82' lang='grc' dir='ltr'><strong>Ἐκεῖνοι</strong></span> <span class='ocrx_word' id='word_1_608' title='bbox 1241 2206 1297 2240; x_wconf 75' lang='grc' dir='ltr'><strong>γὰρ</strong></span> <span class='ocrx_word' id='word_1_609' title='bbox 1308 2206 1364 2236; x_wconf 86' lang='grc' dir='ltr'><strong>τοῖς</strong></span> <span class='ocrx_word' id='word_1_610' title='bbox 1384 2203 1557 2239; x_wconf 74' lang='grc' dir='ltr'><strong>ἰατρεύουσιν</strong></span> <span class='ocrx_word' id='word_1_611' title='bbox 1572 2203 1671 2234; x_wconf 83' lang='grc' dir='ltr'><strong>αὐτοὺς</strong></span> <span class='ocrx_word' id='word_1_612' title='bbox 1697 2202 1887 2236; x_wconf 74' lang='grc' dir='ltr'><strong>ἀνθίστανται,</strong></span> 
     </span>
    </p>
   </div>
   <div class='ocr_carea' id='block_1_92' title="bbox 259 2248 1042 2285">
    <p class='ocr_par' dir='ltr' id='par_1_92' title="bbox 259 2249 1042 2281">
     <span class='ocr_line' id='line_1_92' title="bbox 259 2249 1042 2281; baseline 0.005 -8"><span class='ocrx_word' id='word_1_613' title='bbox 259 2252 448 2281; x_wconf 84' lang='lat' dir='ltr'><strong>correptorum</strong></span> <span class='ocrx_word' id='word_1_614' title='bbox 465 2255 551 2280; x_wconf 90' lang='lat' dir='ltr'><strong>more,</strong></span> <span class='ocrx_word' id='word_1_615' title='bbox 569 2249 753 2281; x_wconf 58' lang='lat' dir='ltr'><strong>colluctctur;</strong></span> <span class='ocrx_word' id='word_1_616' title='bbox 778 2249 815 2276; x_wconf 92' lang='lat' dir='ltr'><strong>illi</strong></span> <span class='ocrx_word' id='word_1_617' title='bbox 835 2251 906 2276; x_wconf 87' lang='lat' dir='ltr'><strong>enim</strong></span> <span class='ocrx_word' id='word_1_618' title='bbox 926 2250 1042 2278; x_wconf 83' lang='lat' dir='ltr'><strong>medicis</strong></span> 
     </span>
    </p>
   </div>
   <div class='ocr_carea' id='block_1_93' title="bbox 1096 2248 1887 2285">
    <p class='ocr_par' dir='ltr' id='par_1_93' title="bbox 1096 2248 1887 2285">
     <span class='ocr_line' id='line_1_93' title="bbox 1096 2248 1887 2285; baseline -0.005 -8"><span class='ocrx_word' id='word_1_619' title='bbox 1096 2251 1142 2278; x_wconf 77' lang='grc' dir='ltr'><strong>καὶ</strong></span> <span class='ocrx_word' id='word_1_620' title='bbox 1160 2251 1210 2277; x_wconf 83' lang='grc' dir='ltr'><strong>οὐκ</strong></span> <span class='ocrx_word' id='word_1_621' title='bbox 1222 2250 1288 2277; x_wconf 77' lang='grc' dir='ltr'><strong>ἐῶσι</strong></span> <span class='ocrx_word' id='word_1_622' title='bbox 1300 2250 1488 2285; x_wconf 72' lang='grc' dir='ltr'><strong>προσαγαγεῖν</strong></span> <span class='ocrx_word' id='word_1_623' title='bbox 1502 2250 1595 2280; x_wconf 78' lang='grc' dir='ltr'><strong>αὐτοῖς</strong></span> <span class='ocrx_word' id='word_1_624' title='bbox 1614 2248 1649 2275; x_wconf 80' lang='grc' dir='ltr'><strong>τὰ</strong></span> <span class='ocrx_word' id='word_1_625' title='bbox 1678 2249 1801 2283; x_wconf 80' lang='grc' dir='ltr'><strong>σωτήρια</strong></span> <span class='ocrx_word' id='word_1_626' title='bbox 1824 2249 1887 2282; x_wconf 77' lang='grc' dir='ltr'><strong>φᾶρ-</strong></span> 
     </span>
    </p>
   </div>
   <div class='ocr_carea' id='block_1_94' title="bbox 261 2289 1047 2329">
    <p class='ocr_par' dir='ltr' id='par_1_94' title="bbox 261 2289 1047 2329">
     <span class='ocr_line' id='line_1_94' title="bbox 261 2289 1047 2329; baseline 0.005 -10"><span class='ocrx_word' id='word_1_627' title='bbox 261 2293 452 2324; x_wconf 82' lang='lat' dir='ltr'><strong>adversantur,</strong></span> <span class='ocrx_word' id='word_1_628' title='bbox 475 2293 662 2328; x_wconf 82' lang='lat' dir='ltr'><strong>salutariaquc</strong></span> <span class='ocrx_word' id='word_1_629' title='bbox 682 2295 748 2329; x_wconf 88' lang='lat' dir='ltr'><strong>ipsis</strong></span> <span class='ocrx_word' id='word_1_630' title='bbox 775 2289 971 2322; x_wconf 88' lang='lat' dir='ltr'><strong>medicamenta</strong></span> <span class='ocrx_word' id='word_1_631' title='bbox 998 2296 1047 2323; x_wconf 89' lang='lat' dir='ltr'><strong>ad-</strong></span> 
     </span>
    </p>
   </div>
   <div class='ocr_carea' id='block_1_95' title="bbox 262 2336 1048 2373">
    <p class='ocr_par' dir='ltr' id='par_1_95' title="bbox 262 2336 1048 2373">
     <span class='ocr_line' id='line_1_95' title="bbox 262 2336 1048 2373; baseline 0.006 -11"><span class='ocrx_word' id='word_1_632' title='bbox 262 2336 388 2363; x_wconf 87' lang='lat' dir='ltr'><strong>hibentes</strong></span> <span class='ocrx_word' id='word_1_633' title='bbox 404 2336 550 2370; x_wconf 88' lang='lat' dir='ltr'><strong>repellunt.</strong></span> <span class='ocrx_word' id='word_1_634' title='bbox 567 2336 634 2364; x_wconf 90' lang='lat' dir='ltr'><strong>Illud</strong></span> <span class='ocrx_word' id='word_1_635' title='bbox 661 2346 770 2373; x_wconf 84' lang='lat' dir='ltr'><strong>quoque</strong></span> <span class='ocrx_word' id='word_1_636' title='bbox 796 2339 892 2366; x_wconf 86' lang='lat' dir='ltr'><strong>sedulo</strong></span> <span class='ocrx_word' id='word_1_637' title='bbox 924 2340 1048 2368; x_wconf 86' lang='lat' dir='ltr'><strong>animad-</strong></span> 
     </span>
    </p>
   </div>
   <div class='ocr_carea' id='block_1_96' title="bbox 259 2383 1050 2419">
    <p class='ocr_par' dir='ltr' id='par_1_96' title="bbox 259 2383 1050 2419">
     <span class='ocr_line' id='line_1_96' title="bbox 259 2383 1050 2419; baseline 0.009 -12"><span class='ocrx_word' id='word_1_638' title='bbox 259 2385 365 2414; x_wconf 86' lang='lat' dir='ltr'><strong>vertat;</strong></span> <span class='ocrx_word' id='word_1_639' title='bbox 392 2389 425 2409; x_wconf 87' lang='lat' dir='ltr'><strong>ne</strong></span> <span class='ocrx_word' id='word_1_640' title='bbox 444 2383 512 2409; x_wconf 88' lang='lat' dir='ltr'><strong>forte</strong></span> <span class='ocrx_word' id='word_1_641' title='bbox 529 2383 624 2410; x_wconf 77' lang='lat' dir='ltr'><strong>anima:</strong></span> <span class='ocrx_word' id='word_1_642' title='bbox 641 2384 719 2412; x_wconf 90' lang='lat' dir='ltr'><strong>ulcus</strong></span> <span class='ocrx_word' id='word_1_643' title='bbox 733 2385 790 2419; x_wconf 90' lang='lat' dir='ltr'><strong>ipsa</strong></span> <span class='ocrx_word' id='word_1_644' title='bbox 805 2386 946 2413; x_wconf 84' lang='lat' dir='ltr'><strong>curatione</strong></span> <span class='ocrx_word' id='word_1_645' title='bbox 963 2387 1050 2414; x_wconf 87' lang='lat' dir='ltr'><strong>medi-</strong></span> 
     </span>
    </p>
   </div>
   <div class='ocr_carea' id='block_1_97' title="bbox 259 2430 1043 2467">
    <p class='ocr_par' dir='ltr' id='par_1_97' title="bbox 259 2430 1043 2467">
     <span class='ocr_line' id='line_1_97' title="bbox 259 2430 1043 2467; baseline 0.006 -13"><span class='ocrx_word' id='word_1_646' title='bbox 259 2432 502 2462; x_wconf 83' lang='lat' dir='ltr'><strong>camentorumque</strong></span> <span class='ocrx_word' id='word_1_647' title='bbox 543 2430 714 2464; x_wconf 76' lang='lat' dir='ltr'><strong>oppositione</strong></span> <span class='ocrx_word' id='word_1_648' title='bbox 751 2431 913 2464; x_wconf 83' lang='lat' dir='ltr'><strong>crudescat;</strong></span> <span class='ocrx_word' id='word_1_649' title='bbox 951 2432 1043 2467; x_wconf 85' lang='lat' dir='ltr'><strong>itaque</strong></span> 
     </span>
    </p>
   </div>
   <div class='ocr_carea' id='block_1_98' title="bbox 259 2473 1045 2510">
    <p class='ocr_par' dir='ltr' id='par_1_98' title="bbox 259 2473 1045 2510">
     <span class='ocr_line' id='line_1_98' title="bbox 259 2473 1045 2510; baseline 0.004 -11"><span class='ocrx_word' id='word_1_650' title='bbox 259 2473 359 2505; x_wconf 80' lang='lat' dir='ltr'><strong>oleum,</strong></span> <span class='ocrx_word' id='word_1_651' title='bbox 378 2478 407 2500; x_wconf 85' lang='lat' dir='ltr'><strong>ut</strong></span> <span class='ocrx_word' id='word_1_652' title='bbox 438 2474 609 2508; x_wconf 62' lang='lat' dir='ltr'><strong>a‘gritudinis</strong></span> <span class='ocrx_word' id='word_1_653' title='bbox 641 2475 711 2502; x_wconf 89' lang='lat' dir='ltr'><strong>ratio</strong></span> <span class='ocrx_word' id='word_1_654' title='bbox 737 2476 897 2510; x_wconf 83' lang='lat' dir='ltr'><strong>postulabit,</strong></span> <span class='ocrx_word' id='word_1_655' title='bbox 928 2477 1045 2504; x_wconf 88' lang='lat' dir='ltr'><strong>medica-</strong></span> 
     </span>
    </p>
   </div>
   <div class='ocr_carea' id='block_1_99' title="bbox 260 2517 1042 2556">
    <p class='ocr_par' dir='ltr' id='par_1_99' title="bbox 260 2517 1042 2556">
     <span class='ocr_line' id='line_1_99' title="bbox 260 2517 1042 2556; baseline 0.006 -12"><span class='ocrx_word' id='word_1_656' title='bbox 260 2517 360 2545; x_wconf 87' lang='lat' dir='ltr'><strong>mentis</strong></span> <span class='ocrx_word' id='word_1_657' title='bbox 385 2517 545 2545; x_wconf 84' lang='lat' dir='ltr'><strong>admisceat.</strong></span> <span class='ocrx_word' id='word_1_658' title='bbox 566 2518 614 2546; x_wconf 84' lang='lat' dir='ltr'><strong>Est</strong></span> <span class='ocrx_word' id='word_1_659' title='bbox 629 2520 731 2547; x_wconf 87' lang='lat' dir='ltr'><strong>veroid</strong></span> <span class='ocrx_word' id='word_1_660' title='bbox 750 2521 821 2554; x_wconf 86' lang='lat' dir='ltr'><strong>quod</strong></span> <span class='ocrx_word' id='word_1_661' title='bbox 850 2521 916 2547; x_wconf 88' lang='lat' dir='ltr'><strong>dicit</strong></span> <span class='ocrx_word' id='word_1_662' title='bbox 942 2522 1042 2556; x_wconf 83' lang='lat' dir='ltr'><strong>hujus-</strong></span> 
     </span>
    </p>
   </div>
   <div class='ocr_carea' id='block_1_100' title="bbox 260 2564 1045 2600">
    <p class='ocr_par' dir='ltr' id='par_1_100' title="bbox 260 2564 1045 2600">
     <span class='ocr_line' id='line_1_100' title="bbox 260 2564 1045 2600; baseline 0.006 -10"><span class='ocrx_word' id='word_1_663' title='bbox 260 2564 350 2597; x_wconf 86' lang='lat' dir='ltr'><strong>modi;</strong></span> <span class='ocrx_word' id='word_1_664' title='bbox 366 2571 428 2591; x_wconf 87' lang='lat' dir='ltr'><strong>esse</strong></span> <span class='ocrx_word' id='word_1_665' title='bbox 455 2564 584 2592; x_wconf 88' lang='lat' dir='ltr'><strong>nimirum</strong></span> <span class='ocrx_word' id='word_1_666' title='bbox 612 2573 627 2592; x_wconf 88' lang='lat' dir='ltr'><strong>a</strong></span> <span class='ocrx_word' id='word_1_667' title='bbox 654 2566 790 2600; x_wconf 86' lang='lat' dir='ltr'><strong>spirituali</strong></span> <span class='ocrx_word' id='word_1_668' title='bbox 817 2567 923 2594; x_wconf 81' lang='lat' dir='ltr'><strong>medico</strong></span> <span class='ocrx_word' id='word_1_669' title='bbox 943 2572 1045 2595; x_wconf 83' lang='lat' dir='ltr'><strong>attente</strong></span> 
     </span>
    </p>
   </div>
   <div class='ocr_carea' id='block_1_101' title="bbox 260 2610 1044 2646">
    <p class='ocr_par' dir='ltr' id='par_1_101' title="bbox 260 2610 1044 2646">
     <span class='ocr_line' id='line_1_101' title="bbox 260 2610 1044 2646; baseline 0.004 -10"><span class='ocrx_word' id='word_1_670' title='bbox 260 2610 493 2637; x_wconf 87' lang='lat' dir='ltr'><strong>considerandum</strong></span> <span class='ocrx_word' id='word_1_671' title='bbox 509 2612 668 2645; x_wconf 66' lang='lat' dir='ltr'><strong>:rgrotantis</strong></span> <span class='ocrx_word' id='word_1_672' title='bbox 689 2611 833 2644; x_wconf 82' lang='lat' dir='ltr'><strong>ali‘ectum;</strong></span> <span class='ocrx_word' id='word_1_673' title='bbox 851 2617 881 2639; x_wconf 79' lang='lat' dir='ltr'><strong>ut</strong></span> <span class='ocrx_word' id='word_1_674' title='bbox 897 2620 946 2639; x_wconf 86' lang='lat' dir='ltr'><strong>nec</strong></span> <span class='ocrx_word' id='word_1_675' title='bbox 969 2621 1044 2646; x_wconf 90' lang='lat' dir='ltr'><strong>eum,</strong></span> 
     </span>
    </p>
   </div>
   <div class='ocr_carea' id='block_1_102' title="bbox 260 2657 1045 2692">
    <p class='ocr_par' dir='ltr' id='par_1_102' title="bbox 260 2657 1045 2692">
     <span class='ocr_line' id='line_1_102' title="bbox 260 2657 1045 2692; baseline 0.005 -10"><span class='ocrx_word' id='word_1_676' title='bbox 260 2657 308 2692; x_wconf 87' lang='lat' dir='ltr'><strong>qui</strong></span> <span class='ocrx_word' id='word_1_677' title='bbox 324 2661 441 2691; x_wconf 80' lang='lat' dir='ltr'><strong>angusto</strong></span> <span class='ocrx_word' id='word_1_678' title='bbox 455 2657 607 2692; x_wconf 81' lang='lat' dir='ltr'><strong>pusilloque</strong></span> <span class='ocrx_word' id='word_1_679' title='bbox 622 2658 714 2685; x_wconf 87' lang='lat' dir='ltr'><strong>animo</strong></span> <span class='ocrx_word' id='word_1_680' title='bbox 733 2658 780 2689; x_wconf 87' lang='lat' dir='ltr'><strong>sit,</strong></span> <span class='ocrx_word' id='word_1_681' title='bbox 792 2659 1045 2687; x_wconf 85' lang='lat' dir='ltr'><strong>vehementioribus</strong></span> 
     </span>
    </p>
   </div>
   <div class='ocr_carea' id='block_1_103' title="bbox 260 2702 1046 2739">
    <p class='ocr_par' dir='ltr' id='par_1_103' title="bbox 260 2702 1046 2739">
     <span class='ocr_line' id='line_1_103' title="bbox 260 2702 1046 2739; baseline 0.005 -11"><span class='ocrx_word' id='word_1_682' title='bbox 260 2702 388 2729; x_wconf 87' lang='lat' dir='ltr'><strong>remediis</strong></span> <span class='ocrx_word' id='word_1_683' title='bbox 404 2707 510 2737; x_wconf 72' lang='lat' dir='ltr'><strong>urgeat,</strong></span> <span class='ocrx_word' id='word_1_684' title='bbox 526 2711 560 2730; x_wconf 88' lang='lat' dir='ltr'><strong>ne</strong></span> <span class='ocrx_word' id='word_1_685' title='bbox 573 2703 696 2731; x_wconf 86' lang='lat' dir='ltr'><strong>vulneris</strong></span> <span class='ocrx_word' id='word_1_686' title='bbox 720 2704 884 2735; x_wconf 87' lang='lat' dir='ltr'><strong>molestiam,</strong></span> <span class='ocrx_word' id='word_1_687' title='bbox 901 2704 1046 2739; x_wconf 83' lang='lat' dir='ltr'><strong>desperata</strong></span> 
     </span>
    </p>
   </div>
   <div class='ocr_carea' id='block_1_104' title="bbox 259 2748 1047 2786">
    <p class='ocr_par' dir='ltr' id='par_1_104' title="bbox 259 2748 1047 2786">
     <span class='ocr_line' id='line_1_104' title="bbox 259 2748 1047 2786; baseline 0.008 -13"><span class='ocrx_word' id='word_1_688' title='bbox 259 2748 293 2774; x_wconf 79' lang='lat' dir='ltr'><strong>ab</strong></span> <span class='ocrx_word' id='word_1_689' title='bbox 310 2753 344 2774; x_wconf 77' lang='lat' dir='ltr'><strong>eo</strong></span> <span class='ocrx_word' id='word_1_690' title='bbox 371 2748 524 2780; x_wconf 82' lang='lat' dir='ltr'><strong>curatione,</strong></span> <span class='ocrx_word' id='word_1_691' title='bbox 552 2748 642 2775; x_wconf 87' lang='lat' dir='ltr'><strong>adhuc</strong></span> <span class='ocrx_word' id='word_1_692' title='bbox 665 2750 751 2784; x_wconf 76' lang='lat' dir='ltr'><strong>magis</strong></span> <span class='ocrx_word' id='word_1_693' title='bbox 779 2750 919 2784; x_wconf 87' lang='lat' dir='ltr'><strong>intendat;</strong></span> <span class='ocrx_word' id='word_1_694' title='bbox 947 2759 1047 2786; x_wconf 84' lang='lat' dir='ltr'><strong>neque,</strong></span> 
     </span>
    </p>
   </div>
   <div class='ocr_carea' id='block_1_105' title="bbox 259 2791 1041 2830">
    <p class='ocr_par' dir='ltr' id='par_1_105' title="bbox 259 2791 1041 2830">
     <span class='ocr_line' id='line_1_105' title="bbox 259 2791 1041 2830; baseline 0.009 -14"><span class='ocrx_word' id='word_1_695' title='bbox 259 2798 340 2823; x_wconf 89' lang='lat' dir='ltr'><strong>quem</strong></span> <span class='ocrx_word' id='word_1_696' title='bbox 368 2791 555 2825; x_wconf 86' lang='lat' dir='ltr'><strong>asperioribus</strong></span> <span class='ocrx_word' id='word_1_697' title='bbox 578 2793 785 2821; x_wconf 86' lang='lat' dir='ltr'><strong>medicamentis</strong></span> <span class='ocrx_word' id='word_1_698' title='bbox 811 2794 933 2822; x_wconf 75' lang='lat' dir='ltr'><strong>sufﬁcere</strong></span> <span class='ocrx_word' id='word_1_699' title='bbox 960 2803 1041 2830; x_wconf 81' lang='lat' dir='ltr'><strong>posse</strong></span> 
     </span>
    </p>
   </div>
   <div class='ocr_carea' id='block_1_106' title="bbox 260 2835 1046 2875">
    <p class='ocr_par' dir='ltr' id='par_1_106' title="bbox 260 2835 1046 2875">
     <span class='ocr_line' id='line_1_106' title="bbox 260 2835 1046 2875; baseline 0.014 -16"><span class='ocrx_word' id='word_1_700' title='bbox 260 2835 435 2868; x_wconf 82' lang='lat' dir='ltr'><strong>intellexerit,</strong></span> <span class='ocrx_word' id='word_1_701' title='bbox 454 2837 481 2864; x_wconf 92' lang='lat' dir='ltr'><strong>in</strong></span> <span class='ocrx_word' id='word_1_702' title='bbox 497 2845 529 2865; x_wconf 90' lang='lat' dir='ltr'><strong>eo</strong></span> <span class='ocrx_word' id='word_1_703' title='bbox 550 2839 672 2866; x_wconf 78' lang='lat' dir='ltr'><strong>curando</strong></span> <span class='ocrx_word' id='word_1_704' title='bbox 694 2838 866 2868; x_wconf 84' lang='lat' dir='ltr'><strong>facilioribus</strong></span> <span class='ocrx_word' id='word_1_705' title='bbox 884 2845 988 2875; x_wconf 89' lang='lat' dir='ltr'><strong>utatur,</strong></span> <span class='ocrx_word' id='word_1_706' title='bbox 1013 2849 1046 2870; x_wconf 79' lang='lat' dir='ltr'><strong>ex</strong></span> 
     </span>
    </p>
   </div>
   <div class='ocr_carea' id='block_1_107' title="bbox 1101 2293 1889 2332">
    <p class='ocr_par' dir='ltr' id='par_1_107' title="bbox 1101 2293 1889 2332">
     <span class='ocr_line' id='line_1_107' title="bbox 1101 2293 1889 2332; baseline -0.005 -9"><span class='ocrx_word' id='word_1_707' title='bbox 1101 2305 1188 2332; x_wconf 80' lang='grc' dir='ltr'><strong>μακα.</strong></span> <span class='ocrx_word' id='word_1_708' title='bbox 1203 2296 1320 2322; x_wconf 85' lang='grc' dir='ltr'><strong>Σκοπεῖν</strong></span> <span class='ocrx_word' id='word_1_709' title='bbox 1344 2295 1372 2322; x_wconf 84' lang='grc' dir='ltr'><strong>δὲ</strong></span> <span class='ocrx_word' id='word_1_710' title='bbox 1389 2295 1436 2322; x_wconf 75' lang='grc' dir='ltr'><strong>καὶ</strong></span> <span class='ocrx_word' id='word_1_711' title='bbox 1451 2295 1539 2326; x_wconf 78' lang='grc' dir='ltr'><strong>τοῦτο,</strong></span> <span class='ocrx_word' id='word_1_712' title='bbox 1572 2295 1678 2329; x_wconf 86' lang='grc' dir='ltr'><strong>μήποτε</strong></span> <span class='ocrx_word' id='word_1_713' title='bbox 1697 2293 1835 2329; x_wconf 75' lang='grc' dir='ltr'><strong>ἰατρεύων</strong></span> <span class='ocrx_word' id='word_1_714' title='bbox 1848 2294 1889 2320; x_wconf 68' lang='grc' dir='ltr'><strong>καὶ</strong></span> 
     </span>
    </p>
   </div>
   <div class='ocr_carea' id='block_1_108' title="bbox 1101 2340 1889 2377">
    <p class='ocr_par' dir='ltr' id='par_1_108' title="bbox 1101 2340 1889 2377">
     <span class='ocr_line' id='line_1_108' title="bbox 1101 2340 1889 2377; baseline -0.001 -9"><span class='ocrx_word' id='word_1_715' title='bbox 1101 2343 1234 2377; x_wconf 79' lang='grc' dir='ltr'><strong>φάρμακα</strong></span> <span class='ocrx_word' id='word_1_716' title='bbox 1268 2341 1416 2377; x_wconf 81' lang='grc' dir='ltr'><strong>προσάγων</strong></span> <span class='ocrx_word' id='word_1_717' title='bbox 1430 2340 1474 2368; x_wconf 84' lang='grc' dir='ltr'>διὰ</span> <span class='ocrx_word' id='word_1_718' title='bbox 1497 2341 1547 2375; x_wconf 87' lang='grc' dir='ltr'><strong>τῆς</strong></span> <span class='ocrx_word' id='word_1_719' title='bbox 1571 2340 1721 2371; x_wconf 78' lang='grc' dir='ltr'><strong>ἐπιθέσεως</strong></span> <span class='ocrx_word' id='word_1_720' title='bbox 1733 2340 1828 2366; x_wconf 77' lang='grc' dir='ltr'><strong>αὐτῶν</strong></span> <span class='ocrx_word' id='word_1_721' title='bbox 1847 2341 1889 2367; x_wconf 76' lang='grc' dir='ltr'><strong>σὺ·</strong></span> 
     </span>
    </p>
   </div>
   <div class='ocr_carea' id='block_1_109' title="bbox 1101 2386 1878 2422">
    <p class='ocr_par' dir='ltr' id='par_1_109' title="bbox 1101 2386 1878 2422">
     <span class='ocr_line' id='line_1_109' title="bbox 1101 2386 1878 2422; baseline -0.005 -8"><span class='ocrx_word' id='word_1_722' title='bbox 1101 2387 1168 2422; x_wconf 81' lang='grc' dir='ltr'><strong>ξάνῃ</strong></span> <span class='ocrx_word' id='word_1_723' title='bbox 1180 2386 1210 2413; x_wconf 86' lang='grc' dir='ltr'><strong>τδ</strong></span> <span class='ocrx_word' id='word_1_724' title='bbox 1224 2386 1303 2418; x_wconf 75' lang='grc' dir='ltr'><strong>ἕλκος</strong></span> <span class='ocrx_word' id='word_1_725' title='bbox 1321 2387 1351 2412; x_wconf 87' lang='grc' dir='ltr'><strong>τὸ</strong></span> <span class='ocrx_word' id='word_1_726' title='bbox 1365 2387 1490 2421; x_wconf 76' lang='grc' dir='ltr'><strong>ψυχικὸν,</strong></span> <span class='ocrx_word' id='word_1_727' title='bbox 1506 2386 1556 2413; x_wconf 73' lang='grc' dir='ltr'><strong>καὶ</strong></span> <span class='ocrx_word' id='word_1_728' title='bbox 1580 2386 1656 2413; x_wconf 75' lang='grc' dir='ltr'><strong>οὕτω</strong></span> <span class='ocrx_word' id='word_1_729' title='bbox 1670 2386 1716 2412; x_wconf 70' lang='grc' dir='ltr'><strong>τὸν</strong></span> <span class='ocrx_word' id='word_1_730' title='bbox 1735 2386 1813 2412; x_wconf 78' lang='grc' dir='ltr'><strong>ἔλεον</strong></span> <span class='ocrx_word' id='word_1_731' title='bbox 1826 2394 1878 2413; x_wconf 74' lang='grc' dir='ltr'><strong>κατ</strong></span> 
     </span>
    </p>
   </div>
   <div class='ocr_carea' id='block_1_110' title="bbox 1094 2426 1889 2467">
    <p class='ocr_par' dir='ltr' id='par_1_110' title="bbox 1094 2426 1889 2467">
     <span class='ocr_line' id='line_1_110' title="bbox 1094 2426 1889 2467; baseline -0.003 -8"><span class='ocrx_word' id='word_1_732' title='bbox 1094 2432 1175 2466; x_wconf 76' lang='grc' dir='ltr'><strong>ἀξίαν</strong></span> <span class='ocrx_word' id='word_1_733' title='bbox 1202 2433 1374 2467; x_wconf 79' lang='grc' dir='ltr'><strong>ὲπιμετρεῖν.</strong></span> <span class='ocrx_word' id='word_1_734' title='bbox 1392 2432 1424 2458; x_wconf 88' lang='lat'><strong>&#39;0</strong></span> <span class='ocrx_word' id='word_1_735' title='bbox 1444 2432 1473 2458; x_wconf 83' lang='grc' dir='ltr'><strong>δὲ</strong></span> <span class='ocrx_word' id='word_1_736' title='bbox 1497 2432 1571 2466; x_wconf 82' lang='grc' dir='ltr'><strong>λέγει</strong></span> <span class='ocrx_word' id='word_1_737' title='bbox 1606 2431 1686 2459; x_wconf 81' lang='grc' dir='ltr'><strong>τοῦτὸ</strong></span> <span class='ocrx_word' id='word_1_738' title='bbox 1719 2433 1796 2458; x_wconf 73' lang='grc' dir='ltr'><strong>ἐστιν</strong></span> <span class='ocrx_word' id='word_1_739' title='bbox 1813 2440 1821 2447; x_wconf 87' lang='grc'><strong>·</strong></span> <span class='ocrx_word' id='word_1_740' title='bbox 1855 2426 1889 2458; x_wconf 72' lang='grc' dir='ltr'><strong>ὅτι</strong></span> 
     </span>
    </p>
   </div>
   <div class='ocr_carea' id='block_1_111' title="bbox 1099 2477 1888 2513">
    <p class='ocr_par' dir='ltr' id='par_1_111' title="bbox 1099 2477 1888 2513">
     <span class='ocr_line' id='line_1_111' title="bbox 1099 2477 1888 2513; baseline -0.001 -9"><span class='ocrx_word' id='word_1_741' title='bbox 1099 2478 1244 2513; x_wconf 76' lang='grc' dir='ltr'><strong>προσέχειν</strong></span> <span class='ocrx_word' id='word_1_742' title='bbox 1257 2478 1298 2504; x_wconf 80' lang='grc' dir='ltr'><strong>δεῖ</strong></span> <span class='ocrx_word' id='word_1_743' title='bbox 1316 2478 1360 2504; x_wconf 75' lang='grc' dir='ltr'><strong>τὸν</strong></span> <span class='ocrx_word' id='word_1_744' title='bbox 1376 2478 1561 2512; x_wconf 58' lang='grc' dir='ltr'><strong>πνευματικὴν</strong></span> <span class='ocrx_word' id='word_1_745' title='bbox 1594 2478 1686 2513; x_wconf 73' lang='grc' dir='ltr'><strong>ἰατρὸν</strong></span> <span class='ocrx_word' id='word_1_746' title='bbox 1703 2479 1736 2512; x_wconf 77' lang='grc' dir='ltr'><strong>τῇ</strong></span> <span class='ocrx_word' id='word_1_747' title='bbox 1768 2477 1888 2504; x_wconf 68' lang='grc' dir='ltr'><strong>διαθέσει</strong></span> 
     </span>
    </p>
   </div>
   <div class='ocr_carea' id='block_1_112' title="bbox 1097 2523 1889 2558">
    <p class='ocr_par' dir='ltr' id='par_1_112' title="bbox 1097 2523 1889 2558">
     <span class='ocr_line' id='line_1_112' title="bbox 1097 2523 1889 2558; baseline -0.004 -8"><span class='ocrx_word' id='word_1_748' title='bbox 1097 2524 1145 2550; x_wconf 83' lang='grc' dir='ltr'><strong>τοῦ</strong></span> <span class='ocrx_word' id='word_1_749' title='bbox 1157 2525 1316 2558; x_wconf 68' lang='grc' dir='ltr'><strong>κάμνοντος,</strong></span> <span class='ocrx_word' id='word_1_750' title='bbox 1345 2524 1392 2549; x_wconf 81' lang='grc' dir='ltr'><strong>καὶ</strong></span> <span class='ocrx_word' id='word_1_751' title='bbox 1409 2526 1477 2557; x_wconf 80' lang='grc' dir='ltr'><strong>μήτε</strong></span> <span class='ocrx_word' id='word_1_752' title='bbox 1495 2523 1534 2558; x_wconf 84' lang='grc' dir='ltr'><strong>τῷ</strong></span> <span class='ocrx_word' id='word_1_753' title='bbox 1547 2523 1710 2558; x_wconf 70' lang='grc' dir='ltr'><strong>μικροψύχῳ</strong></span> <span class='ocrx_word' id='word_1_754' title='bbox 1737 2524 1889 2550; x_wconf 70' lang='grc' dir='ltr'><strong>ἐπιτιθέναι</strong></span> 
     </span>
    </p>
   </div>
   <div class='ocr_carea' id='block_1_113' title="bbox 1102 2569 1888 2605">
    <p class='ocr_par' dir='ltr' id='par_1_113' title="bbox 1102 2569 1888 2605">
     <span class='ocr_line' id='line_1_113' title="bbox 1102 2569 1888 2605; baseline -0.001 -10"><span class='ocrx_word' id='word_1_755' title='bbox 1102 2569 1237 2604; x_wconf 69' lang='grc' dir='ltr'><strong>στύφοντα</strong></span> <span class='ocrx_word' id='word_1_756' title='bbox 1253 2571 1402 2604; x_wconf 77' lang='grc' dir='ltr'><strong>φάρμακα,</strong></span> <span class='ocrx_word' id='word_1_757' title='bbox 1421 2569 1466 2596; x_wconf 76' lang='grc' dir='ltr'><strong>ἵνα</strong></span> <span class='ocrx_word' id='word_1_758' title='bbox 1479 2569 1516 2605; x_wconf 85' lang='grc' dir='ltr'><strong>μὴ</strong></span> <span class='ocrx_word' id='word_1_759' title='bbox 1534 2569 1635 2603; x_wconf 83' lang='grc' dir='ltr'><strong>μᾶλλον</strong></span> <span class='ocrx_word' id='word_1_760' title='bbox 1664 2569 1769 2604; x_wconf 79' lang='grc' dir='ltr'><strong>αὐξήσῃ</strong></span> <span class='ocrx_word' id='word_1_761' title='bbox 1799 2570 1834 2595; x_wconf 73' lang='grc' dir='ltr'><strong>τὺ</strong></span> <span class='ocrx_word' id='word_1_762' title='bbox 1852 2569 1888 2595; x_wconf 74' lang='grc' dir='ltr'><strong>ἑλ-</strong></span> 
     </span>
    </p>
   </div>
   <div class='ocr_carea' id='block_1_114' title="bbox 1101 2613 1887 2649">
    <p class='ocr_par' dir='ltr' id='par_1_114' title="bbox 1101 2613 1887 2649">
     <span class='ocr_line' id='line_1_114' title="bbox 1101 2613 1887 2649; baseline -0.003 -8"><span class='ocrx_word' id='word_1_763' title='bbox 1101 2624 1158 2646; x_wconf 79' lang='grc' dir='ltr'><strong>κος,</strong></span> <span class='ocrx_word' id='word_1_764' title='bbox 1180 2614 1419 2649; x_wconf 79' lang='grc' dir='ltr'><strong>ἀπαγορεύσαντος</strong></span> <span class='ocrx_word' id='word_1_765' title='bbox 1436 2614 1503 2649; x_wconf 74' lang='grc' dir='ltr'><strong>πρὸς</strong></span> <span class='ocrx_word' id='word_1_766' title='bbox 1528 2615 1578 2649; x_wconf 87' lang='grc' dir='ltr'><strong>τὴν</strong></span> <span class='ocrx_word' id='word_1_767' title='bbox 1593 2613 1740 2648; x_wconf 77' lang='grc' dir='ltr'><strong>θεραπείαν</strong></span> <span class='ocrx_word' id='word_1_768' title='bbox 1769 2615 1887 2645; x_wconf 67' lang='grc' dir='ltr'><strong>ἐκείνου,</strong></span> 
     </span>
    </p>
   </div>
   <div class='ocr_carea' id='block_1_115' title="bbox 1102 2660 1887 2696">
    <p class='ocr_par' dir='ltr' id='par_1_115' title="bbox 1102 2660 1887 2696">
     <span class='ocr_line' id='line_1_115' title="bbox 1102 2660 1887 2696; baseline 0 -10"><span class='ocrx_word' id='word_1_769' title='bbox 1102 2661 1171 2696; x_wconf 82' lang='grc' dir='ltr'><strong>μήτε</strong></span> <span class='ocrx_word' id='word_1_770' title='bbox 1184 2661 1221 2694; x_wconf 84' lang='grc' dir='ltr'><strong>τῷ</strong></span> <span class='ocrx_word' id='word_1_771' title='bbox 1236 2660 1379 2694; x_wconf 76' lang='grc' dir='ltr'><strong>δυναμένῳ</strong></span> <span class='ocrx_word' id='word_1_772' title='bbox 1397 2661 1432 2686; x_wconf 78' lang='grc' dir='ltr'><strong>τὰ</strong></span> <span class='ocrx_word' id='word_1_773' title='bbox 1445 2660 1637 2696; x_wconf 65' lang='grc' dir='ltr'><strong>αὐστηρότερα</strong></span> <span class='ocrx_word' id='word_1_774' title='bbox 1662 2660 1791 2695; x_wconf 75' lang='grc' dir='ltr'><strong>δέχεσθαι</strong></span> <span class='ocrx_word' id='word_1_775' title='bbox 1805 2661 1887 2696; x_wconf 77' lang='grc' dir='ltr'><strong>μαλα-</strong></span> 
     </span>
    </p>
   </div>
   <div class='ocr_carea' id='block_1_116' title="bbox 1101 2705 1886 2742">
    <p class='ocr_par' dir='ltr' id='par_1_116' title="bbox 1101 2705 1886 2742">
     <span class='ocr_line' id='line_1_116' title="bbox 1101 2705 1886 2742; baseline -0.003 -10"><span class='ocrx_word' id='word_1_776' title='bbox 1101 2706 1222 2741; x_wconf 85' lang='grc' dir='ltr'><strong>κώτερον</strong></span> <span class='ocrx_word' id='word_1_777' title='bbox 1233 2706 1448 2742; x_wconf 71' lang='grc' dir='ltr'><strong>προσφέρεσθαι,</strong></span> <span class='ocrx_word' id='word_1_778' title='bbox 1477 2705 1547 2732; x_wconf 80' lang='grc' dir='ltr'><strong>ὥστε</strong></span> <span class='ocrx_word' id='word_1_779' title='bbox 1570 2705 1613 2732; x_wconf 72' lang='grc' dir='ltr'><strong>διὰ</strong></span> <span class='ocrx_word' id='word_1_780' title='bbox 1637 2706 1685 2740; x_wconf 82' lang='grc' dir='ltr'><strong>τὴν</strong></span> <span class='ocrx_word' id='word_1_781' title='bbox 1706 2706 1886 2741; x_wconf 73' lang='grc' dir='ltr'><strong>μαλακότητα</strong></span> 
     </span>
    </p>
   </div>
   <div class='ocr_carea' id='block_1_117' title="bbox 1099 2752 1885 2787">
    <p class='ocr_par' dir='ltr' id='par_1_117' title="bbox 1099 2752 1885 2787">
     <span class='ocr_line' id='line_1_117' title="bbox 1099 2752 1885 2787; baseline -0.003 -8"><span class='ocrx_word' id='word_1_782' title='bbox 1099 2753 1155 2779; x_wconf 79' lang='grc' dir='ltr'><strong>τῶν</strong></span> <span class='ocrx_word' id='word_1_783' title='bbox 1169 2753 1318 2787; x_wconf 77' lang='grc' dir='ltr'><strong>ἐπιτιμίων</strong></span> <span class='ocrx_word' id='word_1_784' title='bbox 1334 2753 1484 2787; x_wconf 72' lang='grc' dir='ltr'><strong>ἐμπίπτειν</strong></span> <span class='ocrx_word' id='word_1_785' title='bbox 1497 2753 1600 2778; x_wconf 73' lang='grc' dir='ltr'><strong>ἐκεῖνον</strong></span> <span class='ocrx_word' id='word_1_786' title='bbox 1617 2754 1658 2783; x_wconf 69' lang='grc' dir='ltr'><strong>εἰς</strong></span> <span class='ocrx_word' id='word_1_787' title='bbox 1671 2752 1700 2778; x_wconf 80' lang='grc' dir='ltr'><strong>τὸ</strong></span> <span class='ocrx_word' id='word_1_788' title='bbox 1719 2752 1786 2778; x_wconf 72' lang='grc' dir='ltr'><strong>αὐτὸ</strong></span> <span class='ocrx_word' id='word_1_789' title='bbox 1805 2754 1885 2781; x_wconf 68' lang='grc' dir='ltr'><strong>πάθος</strong></span> 
     </span>
    </p>
   </div>
   <div class='ocr_carea' id='block_1_118' title="bbox 1101 2797 1885 2834">
    <p class='ocr_par' dir='ltr' id='par_1_118' title="bbox 1101 2797 1885 2834">
     <span class='ocr_line' id='line_1_118' title="bbox 1101 2797 1885 2834; baseline -0.001 -9"><span class='ocrx_word' id='word_1_790' title='bbox 1101 2800 1147 2825; x_wconf 70' lang='grc' dir='ltr'><strong>καὶ</strong></span> <span class='ocrx_word' id='word_1_791' title='bbox 1158 2800 1198 2830; x_wconf 79' lang='grc' dir='ltr'><strong>εἰς</strong></span> <span class='ocrx_word' id='word_1_792' title='bbox 1223 2799 1315 2833; x_wconf 73' lang='grc' dir='ltr'><strong>μεῖξον</strong></span> <span class='ocrx_word' id='word_1_793' title='bbox 1333 2800 1409 2831; x_wconf 74' lang='grc' dir='ltr'><strong>ἴσως·</strong></span> <span class='ocrx_word' id='word_1_794' title='bbox 1422 2799 1478 2825; x_wconf 84' lang='grc' dir='ltr'><strong>ἀλλ’</strong></span> <span class='ocrx_word' id='word_1_795' title='bbox 1489 2800 1532 2825; x_wconf 72' lang='grc' dir='ltr'><strong>ἔπι</strong></span> <span class='ocrx_word' id='word_1_796' title='bbox 1538 2800 1648 2834; x_wconf 83' lang='grc' dir='ltr'><strong>μετρεῖν</strong></span> <span class='ocrx_word' id='word_1_797' title='bbox 1659 2799 1704 2825; x_wconf 82' lang='grc' dir='ltr'><strong>τὸν</strong></span> <span class='ocrx_word' id='word_1_798' title='bbox 1720 2799 1797 2825; x_wconf 79' lang='grc' dir='ltr'><strong>ἔλεον</strong></span> <span class='ocrx_word' id='word_1_799' title='bbox 1825 2797 1885 2826; x_wconf 73' lang='grc' dir='ltr'><strong>κατ’</strong></span> 
     </span>
    </p>
   </div>
   <div class='ocr_carea' id='block_1_119' title="bbox 1101 2844 1886 2880">
    <p class='ocr_par' dir='ltr' id='par_1_119' title="bbox 1101 2844 1886 2880">
     <span class='ocr_line' id='line_1_119' title="bbox 1101 2844 1886 2880; baseline 0 -9"><span class='ocrx_word' id='word_1_800' title='bbox 1101 2844 1190 2876; x_wconf 77' lang='grc' dir='ltr'><strong>ἀξίαν,</strong></span> <span class='ocrx_word' id='word_1_801' title='bbox 1223 2845 1308 2878; x_wconf 71' lang='grc' dir='ltr'><strong>ἤγουν</strong></span> <span class='ocrx_word' id='word_1_802' title='bbox 1320 2844 1406 2872; x_wconf 75' lang='grc' dir='ltr'><strong>ἐλεεῖν</strong></span> <span class='ocrx_word' id='word_1_803' title='bbox 1419 2845 1535 2872; x_wconf 73' lang='grc' dir='ltr'><strong>ἕκαστον</strong></span> <span class='ocrx_word' id='word_1_804' title='bbox 1567 2844 1648 2877; x_wconf 82' lang='grc' dir='ltr'><strong>ἀξίως</strong></span> <span class='ocrx_word' id='word_1_805' title='bbox 1659 2845 1709 2880; x_wconf 73' lang='grc' dir='ltr'><strong>τῆς</strong></span> <span class='ocrx_word' id='word_1_806' title='bbox 1724 2845 1812 2872; x_wconf 83' lang='grc' dir='ltr'><strong>αὑτοῦ</strong></span> <span class='ocrx_word' id='word_1_807' title='bbox 1838 2845 1886 2873; x_wconf 76' lang='grc' dir='ltr'><strong>δια-</strong></span> 
     </span>
    </p>
   </div>
  </div>
