1933 3112
83 113 133 145 873

576 95 641 145 ἰιι
655 115 739 146 CAN-
760 115 813 145 cn
829 115 931 148 CONC.
951 117 992 150 ιιι
1012 118 1174 162 TRULLO.

1644 123 1697 156 874

82 170 193 203 θέσεως,
224 170 272 198 καὶ
297 171 458 208 ιλαφρύνειν
487 172 537 208 μὲν
557 181 596 208 τῳ
622 172 784 219 μικροψύχῳ
810 172 858 208 τὴν

912 180 965 209 quo
982 174 1057 202 Illum
1073 183 1160 211 poena:
1174 177 1270 206 levitas
1284 179 1311 206 in
1324 179 1446 209 eamdem
1460 182 1502 210 vel
1520 183 1604 211 etiam
1626 192 1689 219 gra-

82 217 249 253 ὲτιιτῑμησιν,
263 217 390 253 βαρύνειν
404 218 432 245 δὲ
445 218 484 254 τῷ
508 218 692 255 μεγαλοψύχῳ
705 219 801 254 αὐτὴν,
810 220 859 245 καὶ

82 263 224 298 ἀμφότερα
235 263 361 290 δι’·ἐλεον
377 265 480 290 ποιεῖν-⁸
496 264 540 291 ἵνα
565 264 611 291 τὸν
642 266 693 300 μὲν
715 264 859 301 ἐκκαθάρῃ

80 308 128 336 τοῦ
146 309 243 344 ῥύπου,
256 309 295 345 τῷ
308 310 336 336 δὲ
350 309 387 346 μὴ
398 310 509 347 ὲπιξέσῃ
525 310 556 337 τὸ
568 310 689 345 τραῦμα,
707 310 754 336 καὶ
769 311 860 346 χεῖρον

81 355 111 381 τὸ
128 354 205 386 ἕλκος
224 355 385 391 ἐργάσηται.

83 397 236 436 abjéctioris
263 403 410 434 hominem,
436 402 538 431 leviore
562 411 651 438 pt'ena,
685 405 775 440 magni
798 412 864 433 vero

914 221 1015 249 viorem
1030 225 1129 250 nosam
1150 231 1246 252 rursus
1262 225 1382 261 impellat
1398 234 1407 255 :
1430 228 1478 256 sed
1495 236 1556 258 esse
1578 230 1693 259 misera-

893 293 895 296 ,
915 267 1016 295 tionem
1033 269 1181 304 unicuique
1204 278 1254 305 pro
1273 272 1377 300 meritis
1404 273 1622 309 impertiendam,
1640 278 1692 306 hoc.
1733 300 1735 302 .

915 317 957 340 est
971 320 1020 348 pro
1035 321 1079 346 ea.
1098 322 1160 350 quae
1171 315 1197 343 in
1211 317 1325 359 singulis
1344 318 1426 347 fuerit
1439 321 1522 348 animi
1538 322 1694 356 an‘ectionc.

917 358 954 386 ita
973 359 1191 396 uniuscujusque
1207 358 1406 398 miserendnm;
1427 370 1454 393 et
1477 368 1561 395 animi
1587 370 1696 403 quidem

899 407 1014 441 spiritus
1043 413 1070 436 ct
1099 414 1231 443 erectum,
1261 409 1384 447 graviore
1410 415 1594 448 puniendum:
1617 418 1698 452 idque

82 454 167 478 totum
186 450 379 477 misericordiae
400 450 587 483 tribuendum,
603 455 633 478 ut
650 451 684 478 ab
699 452 785 480 altero
799 453 908 488 quidem
925 455 1080 488 squalorem
1095 460 1123 483 et
1163 459 1258 486 sordes
1300 459 1450 495 abstergat,
1486 461 1599 491 alterius
1632 471 1698 492 vero

80 497 181 525 vulnus
201 504 235 524 ne
253 495 399 531 scalpenda
412 496 502 524 adhuc
519 498 606 534 magis
618 504 772 533 exasperet.

121 544 153 571 Ἢ
169 544 223 579 γὰρ
239 545 314 570 πᾶσα
334 545 444 580 φροντὶς
459 545 620 580 καὶσπουδή
635 545 673 581 τῷ
689 554 719 572 τι
744 545 804 582 Θεῷ
818 547 865 573 καὶ

81 590 120 624 τῷ
139 589 233 624 ψυχῶν
259 590 367 625 ποιμένι
389 590 470 617 τοῦτό
496 592 565 623 ἐστι,
595 592 625 618 τὸ
642 592 673 618 τὸ
688 592 864 627 πλανώμενον

80 635 217 670 πρόϐατον
237 637 432 670 ἐπαναγαγεῖν,
447 637 495 663 καὶ
512 637 543 664 τὸ
559 637 723 673 φαρμαχθὲν
741 638 793 665 ὕπδ
816 637 863 664 τοῦ

79 681 166 716 δψεως
189 682 361 715 ἐξιάσασθαι,
395 683 444 709 καὶ
465 683 535 719 μήτε
557 683 601 710 διὰ
634 684 686 718 τῆς
706 683 863 719 αὐστηρίας

78 728 184 764 ὡϐῆσαι
199 730 269 755 κατὰ
296 729 422 764 κρημνοῦ
440 729 490 764 τῆς
517 728 704 762 ἐπιγνώσεως.
730 729 800 765 μήτε
818 729 862 756 διὰ

78 775 245 809 χαυνότητος
259 775 365 801 καὶτῶν
379 774 505 802 ἁπαλωτέ
509 783 564 810 ρων
574 774 729 809 φαρμάκων
739 774 862 801 ἐνδοῦναι

77 819 154 855 αὺτῷ
179 819 224 846 τὸν
245 820 364 855 χαλινὸν,
395 820 433 851 ὠς
457 820 543 853 ἵππῳ,
568 819 638 846 ὥστε
671 821 785 856 σκιρτᾷν
813 821 861 848 καὶ

78 866 139 900 βίον
161 865 273 892 ἔκλυτον
303 866 362 901 ζῇν,
387 866 454 893 ἀλλὰ
485 866 612 893 σπεύδειν
638 868 798 902 ἀντιστῆναι
823 868 862 903 τῷ

77 910 162 937 πάθει
182 910 235 936 εἴτε
248 910 281 936 δι’
298 910 448 945 αὐστηρίας
464 910 518 936 εἴτε
530 909 574 937 διὰ
591 911 757 946 πραότητος,
773 911 811 943 ὡς
830 911 863 938 ἂν

77 956 222 987 διαθέσεως
235 955 283 991 ἔχῃ
314 951 386 989 πρὸς
413 955 482 982 αὐτὰ
498 955 513 982 ὁ
529 955 760 991 θεραπευόμενος.
775 957 863 983 Τοῦτο

75 1001 100 1030 δ’
115 1002 204 1033 ἔσται,
223 1002 246 1028 εί
262 1001 403 1036 δοκιμάζει
418 1001 465 1028 καὶ
478 1001 715 1036 καταστοχάζεται
731 1002 794 1034 τοὺς
813 1003 863 1038 τῆς

78 1046 222 1081 μετανοίας
237 1046 326 1072 αὐτῶν
344 1045 479 1082 καρποὺς,
504 1049 552 1072 καὶ
567 1046 723 1081 οἰκονομεῖν
736 1046 782 1073 τὸν
795 1047 863 1082 πρὸς

75 1093 127 1127 τὴν
141 1090 198 1119 ἄνω
224 1091 446 1126 λαμπροφορίαν,
472 1091 556 1126 ήγουν
585 1090 635 1127 τὴν
655 1091 709 1118 τῶν
737 1092 863 1129 οὐρανῶν

76 1138 217 1173 βασιλείαν
249 1137 417 1172 καλούμενον
453 1137 608 1172 ἄνθρωπον.
638 1137 794 1173 Ἀμῳότερα
815 1135 863 1165 οὖν

76 1185 213 1219 ἐνδέχεται
230 1184 304 1219 ἡμᾶς
327 1184 482 1217 γινώσκειν,
506 1185 589 1218 φασὶν
611 1184 636 1210 oi
668 1185 720 1219 τῆς
752 1183 863 1229 συνόδου

76 1231 209 1265 Πατέρες,
221 1231 267 1256 καὶ
278 1231 311 1257 τὰ
323 1231 373 1264 τῆς
384 1230 538 1266 ἀκριϐείας,
550 1231 598 1257 καὶ
606 1230 641 1257 τὰ
651 1231 701 1266 τῆς
716 1231 861 1266 συνηθείας

75 1278 92 1312 ἢ
110 1276 294 1311 συμπαθείας.
314 1276 466 1310 Γράψονται
480 1277 533 1311 γὰρ
547 1276 594 1303 καὶ
611 1276 767 1311 ἀμφότερα,
778 1277 862 1313 ἤγουν

75 1324 122 1349 καὶ
137 1324 186 1349 ὅπα
200 1323 215 1357 ὴ
232 1323 361 1357 ἀκρίϐεια
379 1322 517 1357 βούλεται,
532 1323 579 1348 καὶ
595 1322 645 1348 ὅσα
660 1322 690 1349 τὸ
716 1322 861 1357 συμπαθὲς

75 1370 188 1396 ἀπαιτεῖ
215 1368 352 1403 εὐκαίρως
371 1369 419 1395 καὶ
446 1369 494 1395 σὺν
509 1369 644 1404 διακρίσει
675 1369 860 1406 γινόμενον-ἢ

74 1415 110 1442 τὰ
131 1416 181 1451 τῆς
212 1415 369 1450 συνηθείας,
382 1415 466 1449 ἤγουν
479 1415 513 1442 τὰ
537 1415 584 1441 τοῦ
599 1415 679 1448 ἔθους
706 1416 754 1443 τοῦ
771 1416 861 1452 χρόνῳ

74 1462 288 1497 δοκιμασθέντος
308 1461 354 1488 καὶ
378 1460 583 1496 βεϐαιωθὲντος,
605 1462 620 1488 ὃ
646 1462 694 1489 καὶ
720 1463 758 1494 ὼς
777 1462 860 1498 νόμον

75 1509 188 1543 κρατεῖν
201 1508 246 1534 καὶ
271 1508 295 1534 οί
311 1507 380 1534 θεῖοι
402 1508 523 1539 κανόνες,
541 1510 588 1535 καὶ
605 1509 630 1535 oi
655 1510 705 1543 τῆς
719 1509 858 1542 πολιτείας
872 1527 892 1554 C

75 1555 153 1589 νόμοι
168 1553 319 1581 κελεύουσι.
344 1554 398 1581 Καὶ
412 1555 426 1580 ὸ
441 1555 528 1589 μέγας
547 1554 575 1581 δὲ
592 1554 731 1587 Βασίλειος
745 1555 858 1583 ἐπὶτῶν

77 1601 115 1634 μὴ
127 1600 348 1635 καταδεχομένων
369 1601 417 1631 τὴν
432 1600 570 1636 ἀκρότητα
585 1601 640 1627 τῶν
655 1601 860 1635 παραδοθέντων

74 1645 169 1671 τύπων
201 1645 314 1673 ἔπεσθαι
328 1647 360 1681 τῇ
379 1645 508 1682 συνηθείᾳ
535 1646 648 1678 ἐδίδαξε.
683 1647 738 1682 Τὴν
759 1647 816 1674 ἅνω
831 1647 860 1674 δὲ

73 1691 297 1728 λαμπροφοριαν,
320 1689 409 1724 εἶπεν,
429 1692 471 1719 ὅτι
485 1695 541 1724 τοῖς
559 1692 642 1724 Θείοις
666 1693 788 1728 Πατράσι
812 1694 860 1720 καὶ

72 1738 244 1770 διδασκάλοις
264 1738 388 1773 βασιλεία
401 1739 456 1765 τῶν
466 1738 590 1774 οὐρανῶν
617 1739 670 1773 πρὸ
684 1739 740 1765 τῶν
768 1739 856 1766 ἄλλων

73 1785 88 1817 ή
102 1780 235 1818 ἐλλαμψις
253 1785 389 1819 κέκριται,
404 1785 421 1818 ὴ
436 1785 467 1810 ὲκ
479 1785 527 1819 τῆς
540 1783 616 1816 θείας
628 1784 745 1819 φύσεως,
758 1784 810 1811 ’καὶ
825 1785 856 1811 τὸ

71 1830 168 1865 νοῆσαι
201 1830 373 1865 τελεώτερον.

72 1875 168 1902 dacuit
196 1875 410 1902 lllustmtionem
435 1882 517 1909 porro
544 1882 688 1910 supernam
718 1875 797 1908 dixit,
822 1882 856 1902 eo

951 546 1047 575 Omnis
1072 548 1205 584 siquidem
1230 554 1286 578 tum
1315 552 1403 587 ipsius
1433 553 1480 582 Dei
1498 560 1556 584 tum
1580 559 1698 593 pastoris

916 592 1068 619 animarum
1085 600 1151 621 eura
1167 599 1194 622 et
1207 596 1326 623 studium
1352 598 1378 624 in
1402 605 1436 626 eo
1453 601 1570 634 positum
1583 592 1641 636 est,
1667 609 1698 633 ut

916 638 1084 667 errabundas
1106 647 1171 669 oves
1194 642 1224 672 in
1251 650 1327 670 suam
1352 645 1495 674 stationem
1522 654 1638 682 revocet,
1662 657 1696 679 ac

916 685 1049 718 serpentis
1065 693 1169 714 veneno
1187 687 1298 724 infectis
1316 689 1463 719 salutarem
1486 692 1570 721 faciat
1586 695 1696 724 medici-

916 736 990 761 nam.
1012 738 1061 758 nec
1076 732 1117 759 vel
1132 733 1283 762 acerbitate
1300 735 1382 763 nimia
1397 737 1424 764 in
1442 745 1577 774 praerupta
1599 741 1700 777 despe-

904 775 1029 810 rationis
1043 777 1174 812 impellat,
1194 780 1237 807 vel
1266 780 1432 817 indulgentia
1451 791 1485 812 ac
1511 775 1695 815 remediorum

914 817 1046 848 facilitate
1059 821 1179 852 habenas
1191 825 1404 862 quodammodo,
1423 831 1501 865 quasi
1518 839 1597 867 equo,
1613 830 1695 869 283

879 860 899 888 Β
913 864 946 892 ad
961 865 1098 895 lasciviam
1116 868 1290 907 solutumque
1305 873 1366 901 vitae
1379 860 1465 909 gen-us
1481 860 1600 906 remittat
1613 860 1694 908 7:55

914 912 1149 949 vitiisobsistere,
1164 917 1287 946 adhibita
1309 921 1351 948 vel
1375 923 1539 952 austeritate
1561 927 1604 954 Vel
1626 927 1695 955 leni-
1747 931 1753 937 ‘

914 961 978 990 tate,
999 966 1048 994 pro
1071 961 1142 996 cjns,
1169 970 1249 997 quem
1274 966 1422 994 curandum
1442 971 1603 1005 susceperit,
1630 972 1695 1000 alie-

912 1004 1002 1032 ctlone
1018 1007 1175 1035 contendat.
1188 1008 1265 1041 Quod
1280 1011 1389 1046 quidem
1403 1012 1439 1040 ita
1459 1013 1514 1047 fiet,
1526 1004 1550 1042 si
1571 1016 1692 1051 ipsorum

912 1051 1080 1089 pinnitentize
1093 1052 1198 1083 fructus
1211 1057 1410 1086 examinaverit
1423 1063 1450 1087 et
1465 1059 1610 1097 diligenter
1624 1072 1692 1091 con-

912 1096 1091 1132 sideraverit;
1107 1101 1275 1137 proindeqne
1290 1104 1427 1133 hominem
1443 1107 1476 1134 ad
1502 1108 1694 1138 iliustrationis

912 1148 1037 1176 superna:
1050 1144 1213 1179 claritatem,
1230 1147 1264 1175 ad
1281 1155 1392 1183 regnum
1420 1151 1551 1181 nimirum
1579 1155 1693 1183 cmleste

913 1187 1050 1221 voeatum,
1078 1192 1225 1226 regendum
1249 1194 1301 1221 sibi
1327 1195 1578 1234 moderandumque
1600 1201 1692 1228 susci-

912 1233 980 1267 piat.
997 1234 1054 1263 Duo
1070 1236 1153 1271 igitur
1169 1238 1224 1270 iiia,
1238 1239 1368 1275 inquiunt
1391 1244 1488 1278 synodi
1506 1233 1612 1280 Patres,
1628 1247 1692 1275 licet

912 1280 991 1308 nobis
1011 1288 1187 1317 cognoscere,
1209 1289 1266 1312 tum
1282 1293 1316 1325 ca
1332 1295 1391 1322 qua
1406 1290 1505 1316 summi
1525 1290 1597 1324 juris
1616 1298 1690 1327 sunt,

912 1330 968 1352 tum
985 1334 1015 1354 ea
1038 1335 1098 1362 quae
1122 1331 1315 1359 consuetudini
1336 1332 1394 1361 sive
1412 1336 1605 1365 misericordia:
1639 1341 1690 1367 tri-

912 1371 1042 1400 buuulur.
1064 1373 1185 1409 Utraque
1201 1377 1273 1403 enim
1297 1379 1408 1413 scriptis
1421 1383 1622 1413 ,commendata
1643 1393 1691 1412 cx-

911 1422 1040 1449 stant;et
1057 1427 1087 1445 ea
1101 1421 1240 1453 nimirum,
1256 1430 1315 1456 quae
1341 1425 1440 1452 summi
1464 1426 1535 1460 juris
1561 1431 1692 1458 severitas

910 1462 1005 1496 exigit,
1021 1467 1049 1490 et
1064 1472 1136 1498 quae,
1152 1468 1282 1502 temporis
1297 1470 1502 1504 opportunitate
1528 1479 1634 1502 servata
1647 1478 1692 1510 ju-

909 1508 1036 1544 dicioque
1057 1511 1190 1546 adhibito,
1206 1515 1408 1556 commiseratio
1420 1519 1541 1553 postulat
1557 1522 1618 1549 :vel
1631 1508 1691 1556 quae

884 1547 901 1587 ’,
910 1556 1090 1589 consuetudo,
1107 1565 1166 1586 mos
1187 1553 1313 1589 videlicet
1331 1562 1471 1592 hominum
1487 1568 1619 1602 temporis
1632 1569 1692 1596 din-

911 1603 1040 1630 turnitate
1064 1605 1195 1639 probatus
1214 1607 1448 1645 conﬁrmatusque
1471 1604 1604 1647 deposcit.
1622 1613 1689 1642 Nam

899 1647 940 1675 'ca
957 1656 1067 1684 quoque
1084 1649 1172 1678 instar
1197 1651 1273 1687 legis,
1304 1659 1360 1681 tum
1387 1661 1528 1685 sacrarum
1550 1666 1688 1688 canonum

910 1695 1025 1722 decretis
1039 1699 1096 1722 tum
1112 1696 1230 1724 civilium
1244 1698 1325 1727 etiam
1342 1700 1431 1736 legum
1445 1705 1690 1734 constitutionibus
1730 1705 1736 1711 ⁴

911 1740 1026 1767 obtinet.
1044 1740 1157 1784 Magnus
1171 1749 1280 1778 quoque
1304 1744 1421 1773 Basilius
1441 1748 1468 1775 in
1493 1749 1537 1782 iis,
1561 1750 1606 1784 qni
1629 1758 1690 1786 pce.

911 1793 1008 1813 narum
1034 1789 1206 1815 severitatem
1233 1790 1354 1825 antiquis
1381 1791 1506 1821 formulis
1532 1802 1689 1830 expressam

910 1838 964 1857 non
994 1832 1155 1865 admittunt,
1178 1837 1345 1868 sequendam
1373 1844 1434 1865 esse
1461 1841 1688 1870 consuetudinem

883 1875 957 1911 quod
986 1883 1101 1911 regnum
1127 1879 1258 1906 cudorum
1287 1881 1314 1907 in
1354 1881 1534 1912 illustrations
1561 1889 1688 1924 qundam,

72 1921 99 1946 in
116 1921 212 1955 primis
227 1928 259 1948 ex
276 1925 372 1948 natura
382 1920 472 1948 divina
483 1926 635 1955 emanante,
649 1929 681 1949 ac
708 1921 870 1957 perfectiora
894 1921 940 1949 Dei
970 1923 1136 1957 cognitione,
1159 1926 1245 1953 sancti
1262 1925 1355 1955 Patres
1371 1935 1403 1956 ac
1417 1929 1542 1960 doctores
1562 1937 1684 1968 positum

70 1977 134 1996 esse
147 1969 349 2004 iudicaverunt.
558 2010 560 2013 _

70 2015 184 2042 ΑΡΙΣΤ.
215 2025 225 2042 t
249 2015 284 2042 Ἦ
306 2016 356 2050 τῆς
383 2016 522 2052 ἁμαρτίας
544 2015 592 2042 ἐπὶ
613 2016 681 2043 πᾶσι
708 2017 854 2044 σκοπεῖται

111 2071 120 2088 ε
142 2062 262 2099 ποιότης,
276 2062 322 2088 καὶ
338 2063 354 2097 ἠ
373 2062 528 2099 ἐπιστροφὴ
538 2062 690 2098 καθορᾶται
703 2070 710 2076 ·
724 2063 770 2089 καὶ
780 2062 853 2089 οὕτω

109 2117 119 2134 ι
142 2098 282 2143 μετρεῖται
299 2107 329 2134 τὸ
341 2108 426 2139 ἔλεος.
443 2117 454 2133 ι
620 2135 629 2143 κ

107 2154 148 2181 Τὰ
163 2155 213 2189 μὲν
227 2153 354 2188 ἐπιτίμια
368 2152 412 2188 ἐφ’
427 2153 536 2188 ἑκάστῳ
552 2153 732 2188 ἁμαρτήματι
750 2153 855 2189 ὥρισαν

903 2017 1015 2045 ARlS'l‘.
1037 2027 1047 2044 ι
1070 2018 1178 2047 Peccati
1203 2021 1321 2056 qualitas
1336 2022 1363 2050 in
1388 2024 1516 2052 omnibus
1530 2026 1688 2054 considera.

943 2075 952 2092 ι
968 2071 1023 2100 tur,
1038 2072 1065 2095 et
1082 2069 1224 2096 conversio
1249 2071 1422 2105 perspicitur.
1452 2071 1485 2100 Et
1511 2074 1553 2100 sic
1582 2075 1689 2102 miseri-

944 2121 953 2137 (
967 2111 1061 2139 cordia
1080 2120 1208 2141 mensura
1226 2115 1391 2151 disponitur.
1411 2127 1421 2144 ι

940 2156 1038 2186 Poenas
1053 2158 1160 2193 quidem
1181 2160 1281 2195 cuique
1308 2167 1420 2197 peccato
1442 2164 1612 2193 adhibendas
1637 2167 1686 2194 de-

71 2201 97 2227 οί
112 2201 243 2236 Πατὲρες.
257 2199 314 2235 Τὴν
329 2199 358 2226 δὲ
371 2199 460 2234 κρίσιν
477 2200 567 2226 πᾶσαν
584 2199 712 2227 ἀνέθεντο
727 2201 794 2235 πρὸς
807 2200 852 2226 τὸν

912 2207 1048 2230 :reverunl
1064 2203 1169 2232 Patres.
1186 2205 1238 2233 Sed
1248 2210 1333 2234 totum
1341 2207 1475 2242 judicium
1487 2211 1511 2238 ei
1527 2211 1686 2247 relinquunt

70 2248 120 2284 τὴν
135 2246 260 2278 ἐξουσίαν
278 2246 351 2280 παρὰ
365 2245 432 2272 Θεοῦ
451 2245 566 2272 λαϐόντα
580 2245 628 2272 τοῦ
638 2246 749 2280 δεσμεῖν
763 2254 793 2273 τε
805 2248 853 2273 καὶ

71 2287 146 2320 λιῑὲιν
159 2301 166 2309 ·
182 2293 256 2324 ὅπως
273 2292 354 2323 αὐτὸς
369 2293 416 2318 καὶ
439 2292 489 2326 τὴν
510 2292 643 2327 ποιότητα
663 2293 788 2328 σκοπήσῃ
803 2292 851 2319 τοῦ

69 2340 281 2375 ἁμαρτήματος,
302 2338 348 2364 καὶ
373 2338 422 2372 τὴν
438 2338 606 2379 ἐπιστροφὴν
623 2337 671 2364 τοῦ
695 2338 853 2374 ἡμαρτηκό-

69 2394 124 2418 τος,
143 2386 190 2411 καὶ
201 2383 286 2414 οὕτως
300 2384 474 2418 ὲπιμετρὴσῃ
487 2383 517 2409 τὸ
532 2383 617 2416 ἔλεος,
636 2384 686 2419 τὴν
700 2385 851 2418 Θεραπείαν

70 2431 217 2466 προσάγων
243 2428 411 2463 κατάλληλον
436 2428 474 2463 τῷ
496 2430 707 2465 ἀρῤωστήματι.
742 2430 771 2456 '0
795 2430 850 2465 γὰρ

69 2479 121 2509 πᾶς
141 2478 219 2511 λόγος
233 2476 272 2511 τῷ
288 2475 348 2510 Θεῷ
360 2476 407 2501 καὶ
422 2475 461 2510 τῷ
472 2475 522 2510 τὴν
537 2475 718 2510 ποιμαντικὴν
729 2476 852 2510 ἐγκεχει-

72 2524 191 2559 ρισμένῳ
210 2521 360 2557 ἡγεμονίαν
377 2521 406 2546 ιν
431 2520 520 2555 τούτῳ
532 2521 601 2554 ἐστὶ,
633 2522 661 2547 ὲν
679 2522 717 2556 τῷ
731 2522 761 2548 τὸ
782 2526 851 2549 πλα-

69 2568 191 2603 νώμενον
205 2566 341 2602 πρόϐατον
356 2567 556 2599 ἐπαναγαγεῖν,
568 2566 615 2592 καὶ
630 2567 667 2601 μὴ
691 2567 762 2594 κατὰ
779 2576 849 2603 κρη-

72 2615 146 2648 μνῶν
161 2613 267 2647 ὼθῆσαι
289 2613 340 2646 τῆς
362 2611 559 2644 ἀπογνώσεως,
584 2612 631 2638 καὶ
648 2613 694 2638 τὸν
707 2613 848 2648 τρωθέντα

71 2660 122 2686 ὑπὸ
139 2659 187 2686 τοῦ
201 2658 289 2692 ὄφεως
304 2657 476 2690 ὲξιάσασθαι,
494 2658 548 2683 εἴτε
564 2657 607 2683 διὰ
621 2657 674 2683 τῶν
684 2659 850 2694 αὐστηροτέ-

73 2715 124 2741 ρων
138 2713 166 2732 τε
178 2706 225 2731 καὶ
239 2704 403 2738 στυφόντων,
416 2703 469 2729 εἴτε
482 2701 534 2730 διὰΡ
539 2704 591 2730 τῶν
605 2704 788 2739 ἁπαλωτέρων
803 2706 850 2731 καὶ

75 2753 231 2788 πραοτέρων
246 2750 411 2785 φαρμάκων.

186 2853 319 2882 tamen.
340 2830 395 2880 oni
419 2853 499 2882 cxx
509 2854 567 2882 ιιι-ι
577 2854 596 2881 ι.

905 2248 951 2282 qui
970 2248 1070 2283 ligandi
1095 2251 1122 2275 et
1136 2250 1258 2278 solvendi
1275 2255 1435 2286 potestatem
1463 2261 1478 2280 a
1494 2253 1549 2282 Dco
1569 2257 1685 2292 accepit.

906 2298 934 2320 ut
961 2294 1007 2322 ille
1024 2299 1051 2322 et
1068 2296 1172 2330 peccati
1198 2296 1355 2324 consideret
1380 2299 1549 2332 qualitatem,
1576 2305 1604 2328 et
1626 2308 1685 2334 eius

905 2340 951 2374 qui
981 2342 1103 2375 peccavit
1118 2343 1337 2376 conversionem,
1356 2348 1384 2371 et
1407 2345 1447 2372 sic
1467 2346 1683 2374 misericordiam

906 2393 1034 2413 mensura
1049 2387 1189 2421 disponat,
1217 2388 1348 2416 medelam
1364 2391 1460 2418 morbo
1476 2388 1684 2421 convenientem

904 2433 1047 2460 adhibens.
1066 2433 1160 2461 Omnis
1171 2435 1244 2462 enim
1261 2436 1330 2462 ratio
1341 2435 1394 2463 Deo
1405 2441 1432 2464 et
1444 2438 1469 2465 ei
1481 2439 1525 2465 cui
1540 2442 1684 2474 pastoralis

905 2478 1022 2505 traditur
1041 2479 1220 2514 principatus,
1235 2481 1262 2508 in
1289 2489 1323 2508 eo
1338 2488 1391 2514 est,
1409 2488 1438 2510 ut
1451 2491 1588 2512 errantem
1605 2496 1682 2515 ovem

905 2525 1028 2558 reducat,
1055 2529 1082 2551 et
1102 2533 1155 2552 non
1178 2527 1204 2555 in
1230 2527 1432 2562 desperationis
1459 2531 1608 2565 pnccipiiiu
1636 2534 1687 2559 im-

904 2569 996 2603 pellat,
1004 2574 1033 2600 et
1047 2577 1060 2596 a
1073 2575 1199 2609 serpente
1211 2572 1382 2600 vulneratum
1394 2574 1557 2606 medicetur.
1569 2578 1626 2603 sive
1637 2585 1686 2612 per

902 2615 1009 2642 acriora
1035 2619 1063 2641 et
1082 2617 1271 2650 astringentia,
1288 2618 1346 2645 sive
1372 2625 1420 2652 per
1447 2619 1571 2646 molliora
1595 2626 1623 2647 et
1648 2623 1685 2648 le-

903 2659 977 2687 niora
991 2661 1200 2689 medii-amenta.

851 2824 886 2832 .-

1475 2860 1526 2891 .28
