1933 3112
191 143 245 175 399
802 131 1157 179 THEOD.BALSAMON
1228 115 1232 122 “
1291 143 1293 148 τ
1453 132 1454 138 η
1705 175 1720 179 Α
1759 123 1830 156 900

195 199 303 228 ratione
320 197 448 228 suscepta
461 193 497 224 sit
516 191 636 220 furorem
652 189 807 226 appellavit.
823 188 980 220 eliundens,
995 213 998 218 ,

1080 189 1087 214 ι
1103 186 1305 222 μητροποῖίτης
1322 184 1396 218 παρὰ
1423 183 1472 211 τοῦ
1496 181 1676 217 πατριάρχου,
1690 175 1731 212 οἷς
1748 179 1829 228 ὁπό-

191 225 277 274 sensu
292 247 352 280 ipse
365 225 469 272 carere.
480 239 580 276 inquit,
595 225 796 265 existimandus
811 240 865 267 est,
884 242 976 269 paena-

1080 241 1145 265 ιται,
1166 235 1213 258 καὶ
1232 230 1392 265 ἑπιστρέψει
1406 230 1421 255 ὁ
1436 230 1519 260 πόνος
1533 227 1619 255 αὐτοῦ
1632 228 1673 258 εἰς
1689 225 1828 261 κεφαλὴν

271 272 394 323 talionis,
422 289 475 316 ltoc
501 272 544 314 est
570 283 760 321 segregatione
786 281 973 313 damnabitur,

1080 279 1120 311 οῦ,
1139 279 1177 310 ὠς
1190 277 1350 313 namde
1379 275 1490 310 ἐντολῆς
1509 273 1643 305 Θιοῖιέκαὶ
1665 272 1721 300 τῶν
1739 273 1825 299 ἀπο-τ

194 319 323 374 quodque
343 319 402 371 ipse
419 333 493 366 fecit,
519 319 663 368 episcopus
684 328 794 365 quidem
821 334 836 354 a
853 334 905 353 suo
921 333 976 374 me-

1080 325 1158 352 λαῶν
1177 319 1334 356 ἀπάξων.
1348 323 1402 350 Καὶ
1422 322 1484 356 ἑξῆς
1502 321 1592 355 τίθησι
1608 321 1642 346 τὰ
1669 319 1716 345 τοῦ
1733 326 1829 352 κορυ-

196 364 372 419 t1rup0litano,
404 380 630 415 metropolitanus
646 382 735 405 autem
768 384 783 404 a
811 373 976 412 patriarcha.

1080 380 1110 397 ου
1127 370 1180 397 τῶν
1194 369 1350 397 ἀποστόλων
1370 369 1474 402 Πέτρου
1491 367 1573 402 ῥητὰ,
1585 367 1603 394 ἃ
1620 367 1648 392 ὲν
1667 367 1702 400 τῇ
1715 364 1826 400 πρώτῃ

168 424 171 430 ’
193 413 294 465 quibus
313 413 499 462 subjiciuntur
521 426 650 462 patietur,
670 429 696 451 et
721 426 872 450 revertetur
902 421 978 446 labor

1080 426 1083 437 ι
1098 414 1255 443 Καθολικῶν
1275 413 1358 441 αὑτοῦ
1372 413 1539 440 Ἐπιστολῶν
1556 414 1722 447 γέγραπται.

195 458 281 509 ipsius
303 474 329 500 in
344 458 427 508 caput
441 472 512 507 ejus,
522 458 632 506 'quippe
648 469 695 504 qui
724 468 768 495 Dei
794 465 931 494 mandatis
951 468 978 490 et
996 462 1240 490 constitutionibus
1268 460 1425 495 apostolicis
1464 465 1636 493 nequaquam
1678 458 1832 490 obtempe—

195 505 306 550 raverit.
327 505 392 548 Post
408 505 465 547 haec
482 505 558 552 vero,
575 505 762 552 apostolorum
774 513 909 551 coryphtei
926 512 996 539 Petri
1013 511 1105 542 verba,
1117 518 1150 537 ex
1162 510 1252 550 ipsius
1276 509 1363 543 prima
1379 507 1500 543 Epistola
1529 505 1679 538 Catholica,
1698 505 1818 541 subjici:

195 567 307 598 ARIST.
345 575 354 592 1
372 565 536 596 Statuimus,
568 563 772 597 ut-cpiscopus
802 561 981 590 aurum,‘aut

1080 555 1143 582 ΙΣΤ.
1167 564 1177 581 ι
1200 555 1343 590 ὐρῖζομεν
1368 554 1430 589 μηδ’
1454 553 1523 584 ὅλως
1542 552 1728 586 ὲπιλογείσθαι
1755 554 1828 580 ἑπε-

233 625 242 641 1
258 619 413 650 argentum,
442 611 485 638 vel
509 610 582 637 aliud
613 609 753 644 quidpiam
775 607 810 634 ab
832 605 980 640 episcopis,

1102 609 1203 628 σκοπον
1225 602 1352 628 ἀπαιτεῖν
1369 599 1480 634 χρυσὸν,
1497 599 1513 634 ῆ
1538 599 1669 633 ἄργυρον,
1682 599 1699 633 ἢ
1721 599 1830 632 ἕτερον

235 670 244 687 ι
260 646 367 687 clericis
385 662 432 685 aut
451 655 595 684 monachis
626 655 678 682 sibi
711 653 843 688 subjectis
872 652 982 686 exigere

1099 647 1180 681 εἶδος,
1204 649 1266 680 τοὺς
1282 649 1330 675 ὑπ’
1345 648 1426 675 αὑτὸν
1451 647 1628 678 ἐπισκόπους,
1642 647 1657 681 ἦ
1673 646 1831 680 κληρικοίις

227 707 243 734 ἰ
265 712 438 740 nequaquam
458 703 608 738 excogitet.
626 700 654 728 Si
666 701 728 736 quis
754 700 838 734 igitur
849 706 897 733 per
911 696 981 730 auri,

1080 704 1084 720 l
1107 694 1123 729 ἢ
1142 693 1289 729 μοναχούς.
1309 694 1342 720 Et
1356 702 1397 725 τις
1413 691 1459 719 οῦν
1476 691 1509 718 δι’
1527 690 1679 726 ἀπαίτησιν
1704 690 1827 726 χρυσοῦ,

237 764 246 780 ι
266 759 312 780 aut
327 752 397 778 alius
423 750 550 783 cujusvis.
564 748 601 775 rei
626 748 773 778 actionem,
792 745 834 772 vel
857 753 905 780 per
921 751 984 778 ιιι-οη

1080 749 1084 766 l
1108 741 1124 776 ἢ
1139 740 1231 775 ἑτέρου
1249 740 1347 771 εἴδους,
1366 739 1381 773 ἢ
1399 739 1444 765 διά
1461 747 1523 766 τινα
1541 738 1721 769 ίδιοπάθειαν,
1739 738 1830 772 εὗρε-

240 809 249 824 1
269 798 356 833 priam
390 802 469 823 suam
494 794 679 823 allectionem,
697 790 855 826 quempiam
872 797 905 816 ex
935 788 982 821 iis,

1080 797 1082 813 :
1104 787 1163 822 θείη
1191 787 1332 821 ἁπείργων
1357 786 1407 820 τῆς
1431 785 1614 820 λειτουργίας,
1637 786 1654 820 ἠ
1682 779 1830 820 ἀᾷορίζων

239 855 248 871 1
267 846 312 879 qui
328 843 379 870 sibi
400 840 595 876 subjiciuntur.
615 838 723 866 clericis
739 845 753 864 a
781 844 923 864 sacrorum
940 841 985 862 ce-

1080 844 1082 860 l
1105 834 1166 861 τινὰ
1186 833 1241 861 τῶν
1264 833 1311 860 ὑπ’
1330 832 1411 859 αὑτὸν
1434 832 1616 867 κ).ηρικιῖ›ν,ῆ
1644 830 1744 858 σεπτὸν
1760 833 1833 858 ναὸν

238 899 247 916 ι
267 877 419 916 lebratioue
435 893 542 917 arcere,
559 885 601 911 vel
634 882 820 910 venerandum
840 881 982 915 templum,

1080 890 1082 906 |
1107 880 1217 912 κλείων,
1242 879 1279 914 μὴ
1296 879 1420 913 γίνεσθαι
1441 880 1470 906 ὲν
1493 878 1567 913 αὺτῷ
1597 879 1646 909 τὰς
1672 879 1749 913 ἱερὰς
1776 877 1831 905 τοῦ

239 946 248 961 1
269 944 303 962 ne
317 940 401 962 sacras
415 932 441 958 in
455 939 487 958 eo
498 930 545 957 Dei
564 927 763 956 celebrationes
777 927 842 954 ﬂant
859 925 986 952 claudere

242 991 252 1009 1
272 980 401 1007 inventus
423 977 516 1005 fuerit.
543 976 595 1011 legi
610 974 724 1002 talionis
747 972 904 1007 subjicitur.
920 970 986 998 Pet-

238 1039 247 1055 1
262 1035 309 1058 rus
337 1027 410 1054 enim
432 1024 579 1060 Apostolus
602 1022 689 1048 dicit:
709 1030 718 1046 1
734 1019 841 1047 Pascite
855 1017 904 1046 Dei
929 1025 989 1054 gre-

241 1083 250 1100 1
269 1080 340 1109 gem,
360 1079 412 1098 non
438 1078 471 1097 ex
491 1067 666 1098 necessitate,
687 1066 734 1093 sed
760 1063 931 1094 voluntarie,
959 1066 988 1090 et

242 1129 252 1147 1
271 1117 421 1147 secundum
443 1116 539 1147 Deum,
553 1121 606 1140 nou
619 1111 707 1147 turpis
723 1110 792 1137 lucri
817 1109 916 1143 gratia.
939 1108 988 1136 scd

241 1174 251 1192 1
270 1167 396 1200 prompto
425 1161 535 1188 animo:
554 1167 606 1186 non
621 1164 651 1185 ut
667 1158 694 1184 itt
716 1157 818 1184 clerum
836 1154 989 1183 dominium

243 1221 253 1238 1
271 1213 451 1241 exercentes;
468 1207 515 1235 sed
531 1211 561 1232 ut
583 1203 722 1239 exemplar
740 1202 831 1237 gregis
850 1201 927 1228 iacti.
942 1209 952 1226 ι

1079 936 1088 952 ι
1108 926 1176 952 Θεοῦ
1205 926 1396 962 λειτουργίας·
1411 925 1444 962 τῇ
1469 925 1656 960 ταυτοπαθείᾳ
1680 926 1832 952 ὑποκείσε-

1078 980 1089 998 1
1110 980 1156 998 ται
1167 979 1175 986 ·
1189 971 1257 1006 φησὶ
1277 972 1331 1006 γὰρ
1352 972 1455 1007 Πέτρος
1469 971 1483 997 ὁ
1497 971 1649 1002 ἀπόστολος
1663 979 1670 986 -
1691 980 1700 996 1
1718 970 1832 1005 Ποιμά-

1078 1025 1088 1042 1
1111 1024 1171 1044 νετε
1198 1017 1228 1043 τὸ
1259 1016 1384 1051 ποίμνιον
1406 1014 1452 1041 τοῦ
1481 1014 1548 1041 Θεοῦ
1575 1014 1613 1049 μὴ
1628 1013 1829 1054 ἀναγκαστῶς,

1079 1071 1089 1088 1
1109 1062 1167 1089 ἀλλ’
1181 1061 1322 1099 ἑκουσίως,
1339 1061 1389 1088 καὶ
1406 1060 1476 1087 κατὰ
1490 1060 1559 1086 Θεόν
1571 1068 1579 1076 ·
1603 1059 1642 1095 μὴ
1659 1059 1831 1094 αἰσχροκερ-

1083 1117 1096 1133 1
1114 1107 1254 1139 δῶς,ἀλλὰ
1270 1105 1436 1142 προθύμως·
1457 1106 1495 1141 μὴ
1513 1106 1550 1137 ὼς
1575 1104 1832 1140 κατακυριεύοντες

1083 1165 1093 1182 ι
1115 1155 1170 1180 τῶν
1196 1153 1317 1189 κλήρων,
1346 1153 1404 1180 ἀλλ’
1430 1152 1467 1185 ὡς
1496 1154 1579 1188 atina:
1611 1153 1751 1188 γινόμενοι
1781 1152 1832 1180 τοῦ

1080 1210 1091 1228 1
1115 1200 1252 1234 ποιμνίου.
1273 1208 1284 1225 ι

239 1256 339 1284 Punire
351 1259 379 1282 et
394 1258 537 1288 segregare
554 1249 590 1276 ob
617 1248 670 1275 hoc
694 1254 710 1274 a
729 1246 818 1273 sacris
835 1243 990 1272 canonibus

207 1300 368 1331 conceditur
387 1298 536 1334 episcopis,
568 1295 784 1322 ut.clericoru1u
816 1298 928 1319 suorum
965 1293 993 1317 et

207 1349 325 1379 aliorum
337 1346 436 1373 delicta
449 1341 627 1379 spiritualiter
641 1339 723 1368 simul
734 1344 761 1366 et
772 1342 885 1375 paterne
902 1335 991 1364 corri-

208 1399 345 1429 gerentur.
361 1391 448 1425 Siqui
465 1395 555 1416 autem
574 1392 708 1423 potestate
721 1392 752 1413 ea
785 1385 940 1416 abutentes,
955 1383 991 1411 ob

210 1441 347 1478 propriam
365 1446 443 1466 suam
467 1437 636 1471 passionem,
650 1437 698 1460 aut
721 1432 782 1459 auri
807 1433 847 1459 vel
876 1431 990 1458 alterius

211 1486 327 1521 alicujus
356 1485 395 1511 rei
430 1484 611 1512 exactionem;
639 1483 783 1515 segregent
807 1478 915 1513 aliquos
943 1481 992 1505 aut

212 1531 301 1567 pinnis
320 1528 520 1564 subjicictttur:
540 1530 569 1553 ut
590 1525 707 1557 discant,
730 1531 783 1551 non
800 1523 861 1551 sine
886 1523 992 1550 ratione

211 1585 309 1613 punias
325 1583 445 1603 sumere.

1086 1248 1123 1274 τὸ
1137 1246 1267 1281 ἐπιτιμᾷν
1282 1245 1329 1273 καὶ
1351 1245 1493 1281 ἀφορίζειν
1507 1245 1551 1272 διὰ
1564 1245 1644 1272 τοῦτο
1656 1245 1735 1280 ἐδόθη
1750 1245 1832 1277 παρὰ

1041 1295 1097 1321 τῶν
1111 1293 1193 1328 ιερῶν
1209 1292 1330 1319 κανόνων
1344 1293 1402 1323 τοῖς
1421 1292 1594 1323 ἐπισκόποις,
1611 1292 1654 1318 ira
1670 1291 1703 1318 τὰ
1729 1293 1832 1317 ἐπται-

1044 1339 1131 1374 σμένα
1149 1339 1225 1373 παρὰ
1236 1338 1290 1364 τῶν
1305 1337 1351 1364 ὑπ’
1378 1337 1476 1368 αὐτοὺς
1500 1337 1641 1372 κληρικῶν
1660 1337 1708 1363 καὶ
1723 1336 1832 1362 λοιπῶν

1046 1384 1241 1420 πνενματικῶς
1257 1383 1324 1419 ὁμοῦ
1349 1384 1397 1410 καὶ
1413 1383 1554 1418 πατρικῶς
1566 1383 1741 1415 διορθῶνται.
1756 1382 1792 1409 Ei
1805 1382 1833 1408 δέ

1045 1440 1128 1464 τινες,
1142 1432 1175 1466 τῇ
1194 1430 1305 1466 ἐξουσίᾳ
1319 1430 1407 1465 πάντη
1423 1429 1642 1464 κκταχρώμενοι,
1664 1429 1836 1464 ἁφορίσουσί

1045 1487 1132 1510 τινας,
1145 1478 1161 1514 ἢ
1177 1478 1370 1512 ἐπιτιμήσουσι
1383 1477 1418 1504 δι’
1439 1477 1508 1504 ἰδίαν
1523 1476 1689 1511 ὲμπάθειαν,
1705 1476 1721 1510 ἢ
1739 1476 1831 1502 ἀπαί-

1046 1533 1126 1559 τησιν
1151 1522 1298 1559 χρυσοῦ,ἢ
1320 1523 1415 1557 ἑτέρου
1438 1521 1510 1553 τινὸς
1535 1521 1632 1552 είδους,
1653 1520 1772 1552 δικαίως
1799 1522 1848 1555 τῇ·

1009 1557 1032 1588 c
1050 1557 1236 1605 ταυτοπαθείᾳ
1260 1557 1460 1596 ὑτέοπεσοῦνται
1483 1567 1526 1594 ἵνα
1551 1567 1660 1603 μάθωσι
1674 1566 1713 1602 μὴ
1729 1565 1840 1602 ἀλόγως

544 1646 553 1655 ‘
1047 1616 1186 1651 ἐπιτιμᾷν.

510 1661 623 1690 CANON
663 1661 695 1688 V.

216 1724 226 1741 1
246 1714 291 1742 Est
301 1718 442 1749 peccatum
461 1712 494 1739 ad
512 1716 636 1741 nmrtem.
652 1710 761 1745 quando
779 1713 924 1744 peccantes
943 1708 996 1735 ali-

1349 1661 1466 1688 ΚΔΝΩΝ
1490 1660 1527 1689 E'.

1050 1718 1059 1735 1
1088 1709 1225 1744 Ἀμαρτία
1242 1709 1309 1743 πρὸς
1325 1708 1438 1736 θάνατόν
1462 1709 1548 1739 ἐστιν.
1572 1708 1638 1735 ὅταν
1653 1707 1727 1740 τινὲς
1740 1707 1828 1742 ἀμαρ-

253 1770 262 1785 ‹
278 1760 324 1795 qui
344 1763 470 1794 perstant
492 1765 544 1783 non
561 1755 728 1791 corrigendi.
751 1754 807 1781 Hoc
837 1758 926 1781 autem
953 1756 996 1780 est

252 1815 262 1832 1
281 1804 416 1836 deterius,
442 1803 554 1838 quando
575 1807 602 1829 et
621 1809 712 1829 erecta
738 1800 845 1828 cervice
862 1799 995 1826 adversus

253 1861 262 1878 1
279 1852 407 1886 pietatem
432 1855 459 1876 cl.
474 1849 630 1884 religionem
644 1848 799 1882 insurgunt,
815 1852 997 1872 mammonam

249 1908 261 1924 ι
278 1897 493 1926 Deiobeilieutiae
507 1896 701 1930 prteferentes;
719 1898 746 1921 et
769 1892 831 1928 ejus
847 1891 998 1920 canonicas

258 1954 267 1971 1
287 1937 499 1972 constitutiones
528 1950 581 1968 non
604 1941 732 1968 ferentes.
765 1939 792 1967 lu
813 1939 847 1968 iis
874 1947 929 1966 non
959 1942 1000 1965 est

252 2000 260 2016 1
277 1989 407 2017 Dominus
421 1988 504 2021 Deus,
516 1988 572 2014 nisi
589 1986 662 2014 forte
690 1985 826 2013 humiliati
850 1993 865 2012 a
883 1991 934 2013 suo
949 1984 999 2010 de-

255 2045 264 2060 1
283 2035 345 2062 licto
360 2034 538 2068 resipuerint.
555 2031 670 2068 Oportet
681 2032 754 2059 enim
776 2038 825 2059 eos
845 2032 932 2066 magis
945 2030 999 2057 Deo

257 2089 266 2105 1
283 2080 450 2115 supplicare,
467 2084 494 2106 et
508 2087 570 2106 cum
594 2078 680 2106 conle
696 2077 818 2105 contrito
837 2077 920 2112 hujus
934 2084 1000 2112 pcc-

255 2136 265 2151 ι
281 2126 333 2152 cati
354 2126 545 2152 remissionem
560 2129 587 2152 et
606 2124 838 2151 condonationcnt
854 2129 959 2158 petere,
973 2127 1001 2150 et

260 2181 269 2197 1
286 2180 339 2199 non
367 2172 400 2198 de
425 2171 519 2199 illicita
552 2171 699 2198 donatione
736 2178 765 2198 se
781 2170 899 2205 jactare.
929 2170 1000 2197 Deus

256 2229 265 2244 1
283 2219 354 2245 enim
369 2225 452 2252 prope
471 2222 513 2244 est
544 2217 589 2249 iis,
614 2218 660 2252 qui
688 2223 751 2244 sunt
774 2217 887 2245 contriti
903 2217 997 2244 corde.
1014 2230 1040 2260 υ

256 2274 265 2289 1
285 2263 336 2290 Eos
351 2270 427 2297 ergo,
443 2263 489 2298 qui
504 2271 550 2298 per
572 2264 630 2290 auri
655 2264 831 2290 donationem
856 2271 885 2290 se
913 2262 1000 2291 fuisse

261 2319 271 2335 1
289 2310 314 2336 in
331 2308 456 2336 Ecclesia
487 2310 652 2337 constitutos
669 2310 833 2345 gloriantur,
859 2315 886 2337 et
912 2310 938 2337 in
969 2318 1001 2337 ea

262 2364 271 2381 1
295 2355 418 2390 improba
430 2356 627 2382 consuetudine
637 2363 712 2390 spent
726 2356 836 2388 habent,
848 2364 909 2391 quae
921 2364 935 2383 a
946 2356 1002 2383 Deo

261 2411 271 2426 1
288 2407 315 2428 et
332 2401 365 2428 ab
382 2402 455 2428 omni
483 2402 638 2429 sacerdotio
658 2402 769 2434 alienat,
793 2402 873 2437 293
897 2408 921 2430 et
942 2403 1002 2430 ideo

260 2457 270 2472 1
288 2447 445 2482 impudente
465 2447 538 2475 vultu
557 2452 584 2475 et
602 2456 649 2474 ore
681 2453 785 2482 aperto,
817 2448 956 2483 probrosis
976 2453 1004 2477 et

263 2503 272 2519 1
292 2494 497 2521 contumeliosis
522 2495 612 2522 verbis
632 2502 690 2524 eos,
710 2495 755 2528 qui
778 2500 888 2529 propter
913 2500 1001 2523 actam

263 2549 273 2565 1
291 2548 322 2567 ex
341 2540 440 2566 virtute
460 2540 540 2567 vitam
558 2547 573 2566 a
596 2545 689 2566 sancto
706 2539 807 2575 Spiritu
832 2540 924 2568 selecti
938 2542 1001 2568 con-

263 2595 273 2611 1
291 2585 433 2619 stitutique
455 2589 521 2612 sunt
535 2584 639 2619 absque
667 2585 726 2611 auri
758 2585 915 2620 largitione,
945 2586 1004 2613 vili-

265 2641 274 2656 1
290 2631 424 2666 pendunt:
443 2631 560 2666 primunt
573 2630 680 2665 quidem
693 2639 741 2660 eos
761 2633 807 2666 qui
824 2633 875 2659 hoc
901 2633 1004 2662 faciunt

265 2685 275 2702 1
293 2676 418 2703 ultimum
436 2676 538 2711 proprii
556 2677 660 2704 ordinis
682 2678 795 2715 gradum
827 2682 945 2711 sumere,
962 2680 1003 2706 sin

267 2731 278 2748 1
296 2727 385 2749 autem
422 2722 634 2757 perseverarint,
663 2723 762 2750 inﬂicta
789 2732 898 2758 quoque
925 2731 1005 2758 pmna

266 2776 277 2793 1
291 2768 427 2802 corrigere
449 2768 632 2795 decernimus.
651 2767 680 2795 Si
697 2769 759 2803 quis
779 2773 871 2796 autem
890 2770 916 2796 in
930 2770 1005 2796 ordi-

266 2814 404 2840 1natione
428 2815 479 2840 hoc
499 2814 661 2849 quandoque
689 2815 784 2843 fecisse
811 2816 886 2842 visus
912 2815 1005 2848 fuerit,

270 2866 281 2882 1
296 2857 340 2884 ﬂat
356 2863 385 2885 ut
401 2859 457 2885 vult
476 2867 563 2887 canon
593 2861 767 2895 apostolicus,
801 2861 847 2896 qui
867 2861 951 2890 dicit:
977 2862 1005 2890 Si

1087 1764 1096 1780 1
1116 1755 1242 1786 τάνοντες
1274 1754 1432 1788 ἁδιόρθωτοι
1463 1755 1587 1789 μείνωσι.
1613 1754 1651 1780 To
1675 1754 1704 1780 δὲ
1732 1754 1833 1780 τούτου

1087 1811 1095 1828 ι
1118 1804 1219 1838 χεῖρον,
1234 1803 1281 1828 ὲλν
1303 1801 1506 1837 τραχηλιῶντες
1524 1800 1769 1832 κατεξσνίστανται
1783 1799 1838 1834 τῆς

1086 1858 1095 1874 ι
1118 1849 1257 1880 εὐσεὸεἱαζ
1271 1850 1315 1875 καὶ
1336 1848 1385 1883 τῆς
1411 1847 1551 1883 ἀληθείας.
1566 1847 1772 1882 προτιμώμενοι
1788 1847 1837 1872 τὸν

1088 1905 1098 1921 ι
1123 1896 1281 1932 μαμμωνᾶν
1293 1896 1342 1930 τῆς
1358 1895 1405 1922 τοῦ
1420 1896 1489 1922 Θεοῦ
1511 1893 1648 1931 ὑπακοῆς,
1658 1895 1704 1920 καὶ
1720 1893 1776 1919 τῶν
1791 1902 1839 1919 κα-

1086 1951 1096 1968 ι
1119 1943 1234 1968 νονικῶν
1249 1942 1333 1968 αὑτοῦ
1342 1942 1495 1975 διατάξεων
1521 1942 1559 1978 μὴ
1585 1943 1785 1979 ἀντεχόμενοι·
1803 1941 1834 1970 ἐν

1087 1999 1096 2016 ι
1117 1989 1222 2020 τούτοις
1240 1989 1290 2016 οὐκ
1305 1988 1362 2015 ἐστι
1384 1988 1485 2025 Κύριος
1499 1989 1514 2015 ὸ
1527 1989 1604 2022 Θεὸς,
1627 1989 1652 2016 εἰ
1681 1990 1769 2025 μήπω
1786 1999 1838 2017 τα-

1087 2043 1097 2061 1
1117 2034 1297 2065 πεινωθέντες
1312 2034 1359 2061 τοῦ
1378 2034 1444 2061 ίδίου
1469 2034 1628 2070 σφάλματος
1653 2036 1838 2070 ἀνανήψωσν

1087 2090 1097 2108 1
1120 2081 1173 2116 χρὴ
1185 2081 1239 2116 γὰρ
1259 2081 1359 2116 μᾶλλον
1374 2082 1474 2114 αὐτοὺς
1486 2081 1687 2117 προσέρχεσθαι
1703 2082 1743 2117 τῷ
1764 2083 1838 2118 Θεῷ,

1087 2135 1098 2152 1
1121 2127 1167 2152 καὶ
1183 2126 1254 2160 μετὰ
1270 2126 1506 2162 συντετριμμένης
1525 2126 1640 2162 καρδίας
1667 2127 1717 2163 τὴν
1736 2128 1839 2160 ἄφεσιν

1087 2180 1097 2198 1
1120 2172 1218 2199 τούτου
1236 2172 1282 2198 τοῦ
1307 2173 1508 2207 ἁμαρτήματος
1525 2173 1571 2199 καὶ
1588 2173 1636 2207 τὴν
1654 2174 1837 2208 συγχώρησιν

1091 2227 1101 2244 1
1125 2217 1271 2250 αἰτεῖσθαι,
1286 2219 1347 2253 οὐχὶ
1368 2218 1564 2254 ὲναῦρύνεσθαι
1580 2219 1613 2254 τῇ
1630 2218 1743 2254 ἀθέσμῳ
1755 2219 1840 2247 Beat.

1091 2274 1100 2291 1
1125 2265 1223 2300 Ἐγγὺς
1244 2265 1297 2300 γὰρ
1328 2263 1430 2300 Κύριος
1448 2266 1505 2296 τοῖς
1532 2268 1779 2300 συντετριμμένοις
1803 2267 1840 2301 τῇ

1091 2321 1100 2338 1
1125 2311 1242 2347 καρδίᾳ’
1263 2311 1326 2341 τοὺς
1343 2309 1389 2338 οῦν
1412 2312 1640 2346 ἐγκαυχωμένους
1664 2311 1709 2338 διὰ
1732 2312 1840 2344 δόσεως

1090 2367 1099 2384 ι
1119 2359 1231 2392 χρυσίου
1247 2357 1376 2391 τετάχθαι
1399 2357 1429 2383 ὲν
1454 2357 1615 2392 Ἐκκλησίᾳ,
1635 2357 1786 2391 καὶταύτῃ
1800 2359 1836 2392 τῇ

1090 2412 1100 2429 1
1123 2403 1230 2439 πονηρᾷ
1245 2403 1375 2438 συνηθείᾳ
1390 2402 1586 2434 ὲπελπίζοντας
1601 2404 1633 2437 τῇ
1651 2403 1836 2439 ἅλλοτριοὺσῃ

1091 2460 1101 2476 1
1124 2451 1177 2477 ἀπὸ
1201 2450 1249 2477 τοῦ
1272 2449 1340 2481 Θεοῦ
1367 2451 1414 2477 καὶ
1440 2451 1531 2485 πάσης
1558 2449 1717 2484 ἱερωσύνης,
1733 2452 1782 2476 καὶ
1804 2451 1839 2477 ἐκ

1077 2506 1101 2524 -ι
1123 2497 1218 2524 τούτου
1247 2497 1353 2524 ἀναιδεῖ
1382 2497 1519 2532 προσώπῳ
1545 2497 1591 2523 καὶ
1617 2497 1837 2532 ἀπερικαλὺπτῳ

1091 2553 1101 2569 1
1124 2544 1240 2578 στόματι
1268 2543 1453 2574 ὀνειδιστικοίς
1482 2543 1572 2578 λὸγοις
1595 2543 1659 2574 τοὺς
1673 2543 1709 2569 δι’
1732 2545 1839 2579 ἀρετὴν

1091 2599 1100 2616 1
1124 2589 1182 2625 βίου
1197 2589 1248 2616 ὑπὸ
1262 2589 1309 2616 τοῦ
1325 2589 1403 2623 ἁγίου
1421 2589 1581 2624 Πνεῦμα-τος
1607 2589 1771 2623 ἐκλεγέντας
1787 2591 1836 2617 καὶ

1092 2644 1101 2661 ι
1125 2636 1328 2669 καταταγέντας
1342 2636 1422 2667 ἐκτὸς
1436 2636 1534 2667 δύσεως
1548 2636 1661 2671 χρυσίου
1683 2636 1838 2670 ἁτιμάζον-
1852 2659 1856 2663 ,
1879 2655 1883 2658 -

1092 2689 1102 2706 1
1125 2688 1191 2712 τας·
1209 2681 1306 2716 πρῶτα
1326 2681 1376 2716 μὲν
1388 2681 1468 2707 τοῦτο
1485 2681 1629 2713 ποιοῦντας
1646 2682 1691 2708 τὸν
1717 2683 1835 2716 ἔσχατον

1092 2735 1101 2752 ι
1124 2725 1273 2761 λαμϐάνειν
1288 2726 1391 2767 βαθμὸν
1408 2726 1455 2753 τοῦ
1471 2727 1572 2754 οἰκείου
1585 2728 1728 2762 τάγματος
1741 2735 1749 2742 ’
1764 2729 1788 2754 εί
1804 2727 1834 2754 δὲ

1093 2782 1102 2798 1
1123 2773 1289 2808 ἑπιμένοιεν,
1303 2773 1443 2808 ἐπιτιμίου
1470 2773 1655 2808 διορθοῦσθαι.
1682 2774 1714 2800 Εἰ
1732 2774 1762 2801 δέ
1790 2782 1833 2805 τις

1095 2827 1105 2845 ι
1124 2819 1172 2845 ἐπὶ
1200 2819 1352 2855 χειροτονίᾳ
1377 2821 1446 2855 φανῇ
1475 2828 1541 2846 ποτε
1568 2819 1648 2847 τοῦτο
1664 2820 1836 2854 πεποιηκὼς,

1096 2873 1106 2889 1
1129 2864 1245 2898 γινέσθω
1278 2866 1350 2892 κατὰ
1371 2866 1418 2893 τὸν
1443 2866 1621 2894 ἀποστολικὸν
1650 2867 1775 2898 κανόνι,
1790 2867 1837 2893 τὸν
