1933 3112
212 108 266 139 903

839 107 980 138 THEOD.
1001 108 1206 140 BALSAMON

1770 98 1832 147 got

207 175 269 195 can.
289 163 377 203 apost.
393 167 444 205 29,,
456 170 483 194 et
500 173 562 194 can.
578 166 606 198 2.
622 166 752 194 Chalced.
770 173 832 202 syn.
858 166 887 194 Id
903 171 984 193 auten

1044 166 1061 201 ἢ
1078 166 1165 198 ἄλλως
1176 174 1235 197 πως
1251 166 1280 193 ἐν
1299 165 1450 205 Ἐκκλησία
1461 167 1660 204 καταλεγῆναι·
1671 168 1686 196 ό
1700 170 1831 203 τοιοῦτος

208 213 281 247 quod
295 211 413 244 dicitur;
441 211 473 238 In
487 211 529 238 his
539 218 591 238 nou
603 215 642 237 est
657 210 784 238 Dominus
803 210 884 243 Deus,
909 218 924 237 a
939 211 991 237 Pa-

206 259 296 286 tribus
312 261 454 292 acceptum
475 262 518 284 est
533 265 567 285 ex
586 257 665 285 tertio
680 257 727 285 lib.
748 257 865 292 Regum,
881 260 992 292 propter

207 309 378 340 arrogantes.
394 308 421 331 et
432 311 479 331 eos
489 304 536 338 qui
547 311 727 332 mammonam
738 303 894 339 praeferunt.
922 302 991 330 Cum

207 355 297 378 autem
313 350 392 378 audis
417 357 547 378 canonem
566 351 753 378 nominantem
776 358 848 383 eatn,
869 344 930 384 qua}
950 349 990 376 sic

208 401 304 432 sponte
317 396 358 429 fit,
379 391 592 425 auritdationem
608 397 741 429 illicitam,
763 405 796 424 tte
811 396 914 425 dixeris
928 402 990 424 eam

205 450 267 470 esse
285 443 462 477 prohibitam,
480 448 507 470 et
523 443 584 471 ideo
601 444 682 471 etiam
698 443 829 476 illicitam,
850 447 879 470 ut
901 451 931 472 ea
948 449 990 472 est

206 497 267 524 qua;
295 491 427 525 processit
449 490 630 518 ordinationis
655 490 696 517 vel
724 490 868 518 clericatus
891 491 987 525 gratia.

208 537 244 564 De
257 544 288 563 ea
304 537 377 563 enitn
394 536 522 570 deinceps
536 538 626 564 decet.
664 536 715 564 Sed
731 545 789 564 eam
810 536 905 564 Patres
927 537 988 565 ideo

207 584 329 611 illicitam
347 584 568 615 nominaverunt,
589 582 662 618 quod
677 583 709 614 is.
736 582 781 617 qui
805 590 864 610 eam
882 582 987 616 oﬂ'erat,

207 633 317 663 propter
338 629 408 656 hanc
433 628 598 655 oblationem
621 635 652 655 se
673 628 780 662 jactitct
803 631 829 654 et
844 627 986 662 glorietur.

207 674 274 702 Nota
291 682 355 709 ergo
371 676 427 702 haec
442 670 554 709 propter
567 681 615 701 eos
631 673 677 708 qui
694 673 839 700 tondetttur
853 673 882 700 iu'
893 680 986 700 mona-

205 721 297 747 steriis
311 728 372 747 eum
390 721 566 754 pecuniarum
584 719 737 754 largitione,
758 723 784 746 et
803 723 913 754 propter
927 726 985 750 eos,

206 766 287 802 294
301 766 350 801 qui
366 766 421 793 Deo
436 773 485 793 sua
506 770 603 800 sponte
615 765 766 793 oblationes
781 764 893 794 faciunt.
932 764 985 792 Eos

205 819 306 845 autem,
332 812 377 847 qui
404 812 527 847 pecuniis
554 813 581 839 itt
607 813 725 839 extentis
749 811 919 838 monasteriis
939 805 984 845 jus

205 859 381 886 fraternitatis
404 858 560 893 acquirunt,
583 859 731 885 canonibus
749 857 834 885 teneri
858 865 910 884 tton
925 857 984 884 exi-

205 906 297 937 stimo,
321 905 394 939 quod
423 905 458 932 sit
483 903 660 944 vituperanda
679 904 870 930 alimentorum
889 902 984 937 acqui-

205 952 278 979 sitio.
319 950 390 984 Quid
406 954 507 982 autem.
523 951 570 985 qtti
589 954 686 985 sponte
705 949 814 983 quidem
831 956 874 976 res
887 949 984 976 obtulit

204 998 245 1025 sic
269 996 394 1032 punitdr;
419 997 465 1032 qui
483 1004 557 1028 vero,
577 1001 606 1022 ut
628 1001 700 1024 esset
735 995 853 1022 clericus
878 995 919 1022 vel
955 999 985 1022 ut

166 1038 169 1042 ’
204 1044 372 1076 tonderetur,
398 1050 442 1070 res
462 1042 531 1069 ullas
545 1042 630 1075 dedit,
656 1046 798 1077 postquam
810 1041 921 1076 punitus
942 1040 986 1068 fu-

203 1089 266 1121 erit,
283 1096 361 1121 eane,
375 1096 434 1123 quae
453 1088 570 1121 dederit,
590 1092 663 1123 petet
677 1087 842 1114 efﬁcaciter?
868 1086 984 1114 Salutio.

203 1134 393 1169 Nequaquam.
418 1133 463 1160 Ait
482 1133 555 1161 enim
572 1140 632 1168 cap.
662 1133 707 1164 ti,
729 1133 772 1159 tit.
791 1131 819 1163 2.
838 1131 885 1161 lib.
909 1139 984 1160 xxtv.

204 1180 287 1208 Basil.
316 1180 366 1207 hoc
394 1180 492 1207 modo:
527 1179 603 1212 Quod
631 1179 702 1213 turpi
728 1178 872 1213 utriusque
900 1185 984 1206 causa

203 1226 294 1259 datur,
307 1225 422 1260 ejusque
435 1225 481 1259 qui
493 1225 539 1252 dat
553 1230 579 1252 et
589 1225 648 1259 ejus
661 1225 706 1260 qui
719 1224 827 1260 accipit,
840 1231 892 1251 non
904 1223 983 1251 redit.

204 1273 236 1300 Et
246 1273 406 1300 exteriorem
422 1271 501 1298 aﬂ'crt
516 1271 558 1299 lex
573 1271 683 1305 antiqua
699 1271 840 1302 rationem,
854 1269 983 1305 quoniam

204 1320 230 1346 in
246 1319 302 1354 pari
318 1326 400 1345 causa
419 1318 507 1353 potior
521 1322 563 1345 est
577 1318 622 1352 qui
647 1316 776 1352 possidet,
799 1324 831 1344 ex
848 1324 913 1344 xm.
933 1316 980 1343 lib.

204 1366 261 1393 haec
276 1366 388 1400 eligens.

1044 211 1200 243 κολαζέσθω
1217 212 1288 239 κατὰ
1315 212 1363 240 τδν
1387 213 1429 241 κθ¹
1454 213 1635 241 ἀποστολικδν
1657 216 1759 243 κανόνα
1775 217 1831 244 καὶ

1041 257 1086 285 τὸν
1101 257 1124 292 β’
1139 257 1239 285 κανόνα
1254 258 1305 293 τῆς
1319 259 1348 286 ἐν
1362 259 1514 295 Χαλκηδόνι
1537 260 1658 288 συνόδου.
1676 261 1713 288 Τὸ
1729 262 1830 297 μέντοι

1046 304 1122 339 ῥῆμα
1135 303 1165 330 τὸ
1197 304 1286 339 λέγον,
1312 305 1365 333 Ἑν
1379 306 1494 339 τούτοις
1504 306 1561 334 οὐκ
1588 307 1654 334 ἔστι
1675 308 1784 343 Κύριος
1811 309 1831 335 ὀ

1042 351 1123 384 Θεὸς,
1140 351 1274 388 ὲξιλήφθη
1301 352 1377 388 παρὰ
1392 353 1448 380 τῶν
1467 353 1553 387 ἁγίων
1568 354 1697 389 Πατέρων
1712 355 1745 381 ὲκ
1770 355 1831 389 τῆς

1039 396 1134 431 τρίτης
1145 396 1198 424 τῶν
1212 397 1358 425 Βασιλειῶν
1369 398 1413 426 διὰ
1429 399 1492 431 τοὺς
1515 399 1649 431 ἀλαζόνας
1667 401 1714 426 καὶ
1740 409 1827 435 προ-

1039 442 1212 477 τιμωμένους
1240 443 1274 471 τὰ
1302 443 1349 469 τοῦ
1380 445 1530 479 μαμμωνᾶ.
1561 444 1680 472 ’Δκούων
1709 444 1738 471 δὲ
1770 444 1827 472 τοῦ

1040 487 1148 519 κανόνος
1160 488 1337 523 ὀνομάζοντος
1352 489 1401 524 τὴν
1416 489 1503 521 οὕτως
1518 487 1651 522 ἑκουσίως
1667 491 1826 527 γινομένην

1038 533 1111 560 δόσιν
1124 534 1177 561 τοῦ.
1185 535 1296 570 χρυσίου
1315 536 1444 570 ἄθεσμον,
1461 537 1499 571 μὴ
1522 537 1603 572 sing;
1623 535 1693 564 εἶναι
1714 537 1828 573 ταύτην

1039 578 1244 615 κεκωλυμένην,
1264 580 1408 607 κάντεῦθεν
1429 581 1476 608 καὶ
1495 581 1624 616 ἄθεσμον,
1647 582 1688 613 ὡς
1713 583 1828 618 προδᾶ-

1039 633 1088 651 σαν
1112 625 1194 661 χάριν
1224 626 1382 661 ὲξωνήσεως
1402 627 1566 663 χειροτονίας
1588 628 1605 664 ἤ
1634 627 1800 663 κληρώσεως
1817 637 1827 644 ·

1038 671 1102 706 περὶ
1117 670 1217 707 ταύτης
1241 671 1295 706 γὰρ
1323 672 1422 707 ἐφεξῆς
1449 673 1568 700 διδάσκει
1583 682 1589 689 ·
1617 669 1675 701 ἀλλ’
1695 673 1827 709 ἄθεσμον

1035 718 1137 753 ταύτην
1150 719 1173 744 oi
1188 718 1308 753 Πατέρες
1322 718 1467 754 ὠνόμασαν
1482 720 1526 746 διὰ
1537 719 1582 746 τόν
1596 722 1826 756 προσαγαγόντα,

1036 765 1083 791 καὶ
1105 764 1150 791 διὰ
1172 765 1275 800 ταύτην
1306 766 1489 802 προσαγωγὴν
1515 766 1738 802 ἐναϐρυνόμενον.
1767 767 1826 803 Σης

1037 809 1151 845 μείωσαι
1165 809 1251 836 ταῦτα
1264 810 1307 836 διὰ
1328 810 1390 842 τοὺς
1416 810 1647 845 ἀποκειρομένους
1666 810 1706 841 εἰς
1732 818 1823 845 μονα-

1036 856 1134 891 στήρια
1152 856 1221 891 μετὰ
1236 855 1335 888 δόσεως
1347 856 1506 892 χρημάτων,
1523 856 1570 883 καὶ
1592 856 1635 883 διὰ
1654 856 1717 888 τοὺς
1734 855 1820 883 αὑτο-

1034 901 1206 936 προαιρέτως
1224 900 1368 933 ποιοῦντας
1393 901 1576 937 προσαγωγὰς
1595 900 1634 936 τῷ
1653 900 1722 935 Θεῷ.
1744 900 1820 932 Τοὺς

1036 948 1128 982 μέντοι
1170 948 1373 982 ἑπικτωμένους
1410 947 1596 983 ἑξωμονίτατα
1623 947 1761 981 ames“
1786 947 1818 973 ἐν

1037 994 1229 1028 μοναστηρίοις
1251 994 1296 1020 διὰ
1321 993 1471 1029 χρημάτων
1497 994 1528 1020 οὺ
1553 994 1659 1029 νομίζω
1684 994 1737 1021 ὑπὸ
1760 994 1819 1022 τῶν

1036 1040 1156 1066 κανόνων
1182 1040 1351 1073 ἁλίσκεσθαι,
1376 1039 1420 1067 διὰ
1444 1040 1474 1067 τὸ
1501 1040 1538 1076 μὴ
1561 1038 1632 1068 εἶναι
1657 1040 1818 1077 ὶπίμομφον

1033 1086 1083 1122 τὴν
1094 1086 1148 1113 τῶν
1164 1088 1325 1122 σιτηρεσίων
1341 1086 1495 1122 ἐπίκτησιν.
1511 1087 1543 1113 Τί
1559 1087 1599 1120 δὲ,
1613 1089 1628 1115 ό
1654 1089 1704 1122 μὲν
1717 1088 1818 1115 αὐθαι-

1036 1132 1119 1168 ρέτως
1135 1132 1318 1168 προσαγαγὼν
1333 1134 1473 1169 χρήματα.
1488 1133 1559 1160 οὕτω
1580 1135 1734 1167 κολάζεται,
1749 1138 1765 1163 ό
1789 1136 1819 1163 δι

1034 1179 1078 1205 διὰ
1102 1178 1133 1204 τὸ
1158 1178 1331 1213 κληρωθῆναι
1353 1178 1370 1214 ἢ
1390 1179 1564 1215 ἀποκαρῆναι
1582 1181 1650 1216 ,δοὺς
1675 1181 1819 1217 οίαδήτινα

1036 1226 1186 1260 πράγματα
1198 1225 1356 1260 ἐνδυνάμως
1372 1226 1484 1261 ζητήσει
1511 1227 1581 1262 μετὰ
1598 1227 1628 1254 τὸ
1648 1228 1819 1264 κολασθῆναι

1034 1272 1053 1299 ὃ.
1068 1271 1186 1305 δέδωκε;
1203 1272 1307 1306 Λῦσις.
1326 1272 1468 1308 οὐδαμῶς.
1490 1274 1558 1309 Φησὶ
1583 1274 1636 1309 γὰρ
1658 1275 1688 1301 τὸ
1702 1274 1738 1302 ια’
1753 1284 1818 1310 κεφ.

1033 1315 1080 1343 τοῦ
1099 1317 1119 1351 β’
1134 1317 1222 1343 τίτλου
1240 1317 1286 1344 τοῦ
1302 1317 1340 1344 κδ·
1363 1318 1464 1353 βιϐλίου
1482 1319 1536 1346 τῶν
1559 1319 1711 1354 Baetin;th
1731 1321 1818 1348 οὕτω·

1038 1363 1072 1390 Τὸ
1087 1363 1135 1389 ἐπὶ
1151 1363 1261 1398 αἰσχρᾷ
1274 1364 1354 1397 αἰτίᾳ
1367 1364 1516 1399 ἑκατέρων
1530 1365 1699 1401 διδόμενον,
1715 1369 1772 1394 τοῦ
1786 1376 1819 1394 τε

202 1413 348 1443 λαϐοντρς
358 1411 404 1437 καὶ
417 1409 469 1437 τοῦ
480 1409 733 1444 adﬁxos-togati);
743 1409 978 1452 ἀπιστρᾷφεται.
994 1409 1048 1440 Καὶ
1065 1409 1242 1445 προστίθησιν
1261 1409 1360 1442 ἔξωθεν
1375 1412 1389 1437 ό
1403 1411 1518 1443 παλαιὸς
1547 1411 1688 1447 λογισμὸν,
1715 1415 1758 1440 ὅτι
1790 1415 1819 1442 ἐν

203 1461 248 1494 ἴση
262 1460 336 1491 αἰτίᾳ
351 1459 483 1491 κρείττων
507 1459 580 1484 ἐστὶν
600 1458 614 1483 ό
632 1457 792 1492 νεμόμενος,
809 1457 842 1482 ὲκ
861 1456 908 1483 τοῦ
924 1457 966 1491 κβ¹
981 1456 1083 1492 βιὸλίου
1096 1456 1175 1483 τοῦτο
1187 1456 1396 1492 ἀναλεξάμενος.

238 1506 362 1533 ZUNAR.
393 1506 531 1537 Nonnulli,
541 1496 603 1532 ‘cnm
614 1505 640 1532 in
649 1506 750 1532 clerum
765 1505 868 1540 legendi
879 1510 978 1538 essent,

1067 1505 1190 1531 ΖΩΝΑΡ.
1208 1505 1285 1536 Τινὲς
1297 1506 1338 1537 είς
1353 1505 1452 1541 κλῆρον
1468 1508 1653 1543 καταταγῆναι
1667 1509 1817 1542 μέλλοντες

202 1553 331 1587 pecunias
362 1552 490 1578 Ecclesia:
519 1550 626 1582 oﬂ'crre,
656 1551 763 1586 Deoque
791 1551 882 1578 dicare
906 1551 979 1578 soliti

203 1603 285 1626 sunt:
313 1597 410 1632 quibus
437 1597 534 1624 deinde
561 1596 739 1631 praefidentes,
766 1603 849 1631 seque
873 1596 899 1624 in
914 1604 980 1624 auro

204 1646 249 1672 illo
266 1645 383 1679 gloriose
398 1644 542 1678 iactantes.
562 1650 717 1678 quicunque
737 1644 808 1670 nulla
823 1644 884 1671 data
899 1650 980 1678 pecu-

203 1691 246 1717 nia
258 1689 293 1717 ob
307 1689 430 1716 virtutctn
447 1688 526 1719 forte,
550 1688 589 1715 vel
607 1688 686 1715 etiam
714 1689 748 1715 ob
766 1688 871 1715 dicendi
897 1687 980 1715 facul-

1032 1552 1168 1586 προσῆγον
1185 1553 1218 1587 τῇ
1238 1551 1390 1588 Ἐκκλησία
1417 1554 1558 1589 χρήματα,
1572 1555 1609 1587 ὡς
1631 1557 1813 1591 ἀφιεροῦντες

1030 1595 1116 1624 ταῦτα
1141 1595 1179 1632 τῷ
1206 1597 1283 1633 Θεῷ·
1300 1596 1359 1625 εἶτα
1386 1599 1491 1632 τούτοις
1513 1600 1688 1637 θαρῤθῦντεῗι
1711 1604 1759 1630 καὶ
1779 1606 1813 1640 τῇ

1029 1641 1101 1668 δόσει
1114 1641 1161 1668 τοῦ
1173 1643 1284 1677 χρυσίου
1300 1644 1481 1678 καυχώμενοι,
1491 1645 1630 1678 ὠνείδιζον
1643 1647 1730 1679 ἀδεῶς
1747 1649 1814 1682 τοὺς

1029 1687 1128 1717 δόσεως
1154 1688 1266 1722 χρυσίου
1281 1689 1366 1723 χωρὶς
1387 1689 1420 1716 δι’
1436 1690 1536 1726 ἀρετὴν
1551 1692 1617 1724 ῐσως
1635 1693 1651 1728 ἢ
1668 1695 1716 1720 καὶ
1731 1695 1812 1728 λόγον

202 1739 296 1766 latent,
324 1734 397 1762 clero
420 1734 549 1767 adscripti
568 1733 685 1765 fuerant,
704 1739 828 1768 proterve
848 1734 979 1761 conviciis

1036 1732 1233 1767 ιιαταταγέντας
1247 1733 1402 1777 τῷἢκλήρῳ.
1419 1736 1489 1769 Τοὺς
1505 1737 1570 1772 γοῦν
1582 1739 1718 1771 τοιούτους
1733 1740 1809 1775 πρῶ-

202 1779 415 1807 insectabautur.
446 1778 606 1812 Hujusmodi
629 1778 710 1813 igitur
733 1779 866 1812 homines,
892 1781 980 1814 pritno

1036 1788 1074 1805 ιον
1099 1780 1147 1814 μὲν
1173 1779 1386 1812 ὕποῦιϐἁζεσθαι
1413 1782 1538 1817 βούλεται
1561 1784 1575 1810 ό
1600 1781 1692 1812 κανὼν
1716 1786 1747 1812 ὲκ
1759 1786 1809 1813 τοῦ

201 1825 310 1860 quidem
325 1826 358 1852 de
373 1825 458 1859 gradu
475 1825 564 1858 dejici.
591 1833 623 1853 ac
648 1826 675 1851 in
697 1830 848 1851 extremum
874 1824 978 1852 ordinis

1036 1825 1126 1852 ήκείου
1157 1825 1273 1860 βαθμοῦ,
1300 1827 1348 1854 καὶ
1373 1828 1414 1859 είς
1437 1829 1482 1855 τὸν
1511 1828 1624 1865 ἔσχατον
1649 1831 1734 1859 τόπον
1761 1832 1810 1859 τοῦ

201 1873 243 1899 sui
259 1872 346 1900 locum
360 1871 516 1898 emundari:
544 1874 599 1897 tum
622 1871 645 1898 si
668 1871 758 1898 adhuc
776 1879 791 1898 a
807 1871 907 1898 malitia
925 1878 977 1899 non

1036 1871 1175 1905 τάγματος,
1197 1873 1227 1899 ὲν
1241 1870 1262 1906 ᾧ
1276 1874 1340 1906 εἰσι,
1360 1874 1506 1901 τάττεσθαι
1519 1883 1527 1891 ο
1551 1877 1575 1903 ει
1599 1876 1626 1902 δὲ
1651 1878 1700 1904 καὶ
1720 1878 1762 1904 ἔτι
1776 1879 1812 1905 τὰ

200 1914 358 1948 discedattt,’
376 1916 465 1952 poenis
481 1923 598 1951 quoque,
626 1921 656 1943 ut
671 1924 718 1951 per
732 1925 778 1944 eas
793 1917 977 1960 corrigantur,

1036 1917 1098 1944 ιὺτὰ
1123 1919 1254 1951 ποιοῦσιν,
1281 1921 1459 1956 ἐπιτιμᾶσθαι
1487 1922 1596 1955 αὐτοὺς,
1621 1923 1665 1950 ἵνα
1692 1924 1810 1960 διορθω-

200 1964 270 1991 allici
287 1971 376 1991 canon
399 1964 486 1997 jubet.
529 1962 673 1990 Exordium
701 1969 764 1990 vero
789 1963 824 1990 ab
842 1968 930 1997 apost.
950 1967 978 1990 et

1036 1962 1109 1991 ititcrt.
1125 1964 1352 2000 Προοιμιάζονται
1367 1966 1395 1992 δὲ
1425 1967 1449 1993 οἱ
1475 1968 1520 1994 τὸν
1534 1968 1634 1997 κανόνα
1660 1971 1807 2005 ἐπιθέμενοι

199 2019 296 2046 evang.
324 2010 428 2038 Joanne
457 2009 572 2037 canonis
599 2014 725 2036 auctores
755 2008 870 2035 mutuati
899 2012 974 2036 sunt.

1036 2008 1080 2034 ιπὺ
1108 2009 1154 2035 τοῦ
1184 2010 1332 2037 ἀποστόλου
1359 2012 1408 2038 καὶ
1444 2013 1639 2048 εὐαγγελιστοῦ
1671 2015 1809 2046 Ἰωάννου.

200 2056 275 2084 Illius
299 2063 416 2090 natuque
438 2057 519 2082 verba
541 2055 586 2081 illa
601 2059 673 2087 sunt,
700 2054 726 2081 in
740 2054 826 2089 pritna
838 2053 976 2081 Catholica

1036 2053 1144 2090 Ἐκείνῳ
1169 2057 1224 2090 γὰρ
1244 2057 1351 2094 εἴρηται
1364 2059 1392 2084 ἐν
1406 2059 1439 2094 τῇ
1466 2059 1562 2096 πρώτῃ
1577 2061 1716 2098 Καθολικῇ
1733 2063 1811 2090 Ἐπι-

200 2102 331 2137 Epistola,
358 2100 406 2128 Est
431 2106 562 2135 peccatum
582 2101 616 2127 ad
637 2106 763 2128 mortem:
786 2108 845 2135 qua:
869 2100 975 2135 quidem

1036 2099 1104 2135 πτολῇ
1131 2100 1172 2133 τὸ,
1200 2101 1306 2128 Ἔστιν
1334 2102 1458 2137 ἁμαρτία
1482 2105 1555 2139 πρὸς
1584 2105 1735 2134 θάνατον·
1761 2111 1811 2136 καὶ
1830 2129 1836 2135 .

1024 2144 1239 2179 ὲκλαμὸἀνονται
1262 2143 1335 2174 οὗτοι
1347 2148 1375 2174 τὸ
1392 2149 1474 2184 ῥητὸν
1497 2149 1544 2175 ἐπὶ
1556 2150 1609 2176 τῶν
1630 2153 1810 2188 ἁμαρτανόν-

200 2195 424 2230 interpretantur.
451 2194 482 2221 Et
496 2202 571 2227 vero,
584 2193 728 2228 nequiores
739 2194 827 2221 adhuc
842 2194 902 2221 illos
913 2201 974 2221 esse

1036 2178 1098 2222 nov,
1111 2191 1158 2224 καὶ
1180 2192 1217 2226 μὴ
1234 2178 1445 2227 μετανοούντων.
1465 2193 1530 2222 Εἶτα
1543 2197 1589 2223 καὶ
1605 2178 1696 2233 χεῖρον

199 2245 335 2272 asserunt,
353 2245 380 2268 et
395 2248 488 2268 revera
511 2243 586 2272 sunt,
603 2241 649 2275 qui
667 2244 772 2275 patrato
788 2240 891 2268 nefario
907 2239 974 2267 faci-

1036 2237 1187 2273 ιιν,ὦσπερ
1211 2238 1242 2274 δὴ
1271 2239 1317 2266 καί
1347 2240 1417 2273 ἐστι,
1431 2241 1460 2267 τὸ
1491 2242 1559 2276 μετὰ
1586 2244 1635 2278 τὴν
1666 2244 1811 2280 ἁμαρτίαν

199 2292 265 2312 ttore
295 2284 388 2311 tollere
416 2292 528 2317 cornua,
557 2284 610 2311 hoc
635 2288 694 2317 est,
721 2292 780 2312 sese
805 2283 972 2319 impudente,

1036 2284 1192 2319 τραχηλιᾷν,
1222 2285 1307 2320 ἤγουν
1346 2286 1554 2321 ἀναισχυντεῖν
1585 2289 1726 2325 ἁμαρτίαν
1756 2293 1809 2326 μὲν

196 2329 294 2358 ell‘erre
309 2330 418 2367 minime
433 2334 568 2357 verentur.
610 2330 649 2357 Ac
667 2329 771 2357 facinus
784 2330 892 2365 quidem
907 2330 973 2358 illud

1036 2327 1171 2360 ιαλοῦντες
1194 2330 1225 2355 τὺ
1246 2330 1431 2365 ἐγκαυχᾶσθαι
1452 2333 1497 2358 ἐπὶ
1510 2334 1542 2368 τῇ
1560 2338 1731 2372 προσαγωγῆ
1750 2338 1809 2365 τῶν

197 2375 344 2410 appellant,
373 2376 399 2402 in
416 2376 505 2403 oblata
523 2376 650 2404 nimirum
666 2377 779 2411 pecunia
795 2383 857 2403 sese
869 2376 972 2412 glorio-

1036 2375 1182 2410 χρημάτων,
1212 2376 1259 2401 καὶ
1292 2380 1428 2413 προτιμᾷν
1455 2380 1503 2413 τῆς
1523 2379 1571 2406 τοῦ
1590 2380 1656 2407 Θεοῦ
1677 2382 1809 2419 ὑπακοῆς

198 2428 256 2446 stus
268 2420 381 2454 jactare,
398 2420 534 2455 divinique
552 2421 676 2456 praecepti
691 2421 843 2448 auctoritati
858 2422 971 2448 canoni-

1036 2422 1071 2448 ιαὶ
1083 2423 1137 2449 τῶν
1160 2424 1310 2450 κανονικῶν
1329 2425 1476 2458 διατάξεων
1498 2429 1665 2462 μαμμωνᾶν,
1683 2430 1716 2456 τὰ
1732 2433 1788 2467 χρή

198 2471 292 2498 ctsque
319 2464 557 2492 constitutionibus
590 2462 790 2497 tuanttnonatn,
828 2466 969 2500 pecuniam

1036 2476 1095 2494 ιατα
1111 2468 1242 2503 δηλονότι.
1262 2467 1465 2506 ’Λναισχυντίαν
1478 2471 1505 2497 δὲ
1519 2460 1568 2499 τόν.
1577 2460 1801 2507 ὀνειδισμὸνηόιᾶἱ

198 2508 338 2542 videlicet,
374 2509 516 2536 anteferre.
565 2510 737 2545 lmpudentiae
767 2518 845 2538 νει-ον
861 2512 970 2538 nomine

1038 2513 1070 2549 ὴν
1090 2514 1212 2549 ἀτιμίαν,
1236 2515 1270 2550 ἢν
1293 2516 1426 2550 ἐπάγουσι
1449 2519 1503 2549 τοῖς
1527 2518 1690 2554 κληρωοεῖσι
1713 2525 1804 2556 χωρὶς

194 2554 316 2581 convicia
333 2558 359 2581 et
374 2555 558 2587 contumelias,
581 2563 640 2590 quae
655 2555 691 2582 illi
708 2555 735 2582 in
750 2555 852 2582 clerum
867 2555 969 2591 absque

1036 2548 1145 2596 παροχῆς
1166 2548 1324 2597 χρημάτων.
1345 2548 1392 2589 ’ίῖν
1416 2548 1532 2598 τούτοις
1553 2548 1608 2592 οῦκ
1623 2566 1700 2599 ἐστι,
1713 2548 1801 2602 ξέσῇ

192 2600 314 2634 pecuniae
330 2601 486 2635 praebitione
502 2603 636 2636 cooptatis
652 2602 788 2637 ingerunt,
802 2603 966 2631 intellexere.

1036 2607 1126 2641 ῐύριος
1151 2608 1168 2634 ὁ
1194 2609 1285 2641 Θεός·
1310 2610 1357 2635 καὶ
1372 2609 1450 2636 τοῦτο
1477 2610 1506 2636 δὲ
1533 2613 1678 2646 γραφικὸν,
1700 2600 1732 2640 ὲκ
1749 2600 1802 2650 τῆς

191 2646 254 2672 Non
267 2652 306 2673 eu
322 2648 348 2674 in
361 2647 411 2680 Itis,
426 2647 560 2682 inquiunt,
575 2648 702 2675 Dominus
717 2648 805 2682 Deus;
831 2649 881 2676 hoc
897 2657 967 2685 quo-

1036 2653 1113 2688 ρίτης
1130 2654 1183 2680 τῶν
1211 2653 1366 2681 Βασιλειῶν.
1384 2656 1443 2691 Χρὴ
1474 2654 1519 2683 οὖν
1543 2657 1642 2689 αὐτοὺς
1657 2667 1797 2687 ταπεινω-

191 2701 244 2727 que
257 2701 290 2721 ex
305 2693 454 2729 Scriptura,
470 2695 571 2729 Regum
587 2696 675 2726 tertio.
710 2695 763 2723 Eos
778 2696 858 2730 igitur
870 2704 965 2731 magna

1036 2700 1112 2732 έντας
1135 2702 1300 2735 προσπεσεῖν
1315 2701 1352 2736 τῷ
1368 2701 1436 2737 Θεῷ,
1460 2704 1506 2730 καὶ
1528 2704 1617 2731 αἰτεῖν
1641 2706 1688 2732 τοῦ
1702 2707 1799 2742 ἁμαρ-

190 2739 357 2768 demissione
373 2741 427 2768 Deo
441 2741 604 2776 supplicare,
632 2749 662 2769 ac
677 2741 781 2776 peccati
795 2742 902 2769 veniam
916 2750 965 2770 ex-

1036 2746 1049 2780 ἡ
1055 2754 1137 2780 ματος
1150 2732 1257 2781 ἀφεσιν,
1273 2748 1319 2774 καὶ
1331 2732 1391 2783 οὐχὶ
1405 2732 1504 2784 μαλλον
1518 2750 1680 2787 ἐπαίρεσθαι
1696 2732 1793 2789 ἐπὶτῇ

191 2793 312 2819 poscere,
330 2794 383 2813 non
398 2793 492 2815 contra
509 2788 601 2822 iniqua
615 2788 758 2823 largitione
775 2789 866 2816 eD’erri
882 2797 963 2824 opor-

1036 2792 1087 2818 Ssat
1111 2794 1143 2828 τῇ
1166 2793 1288 2829 ἀθέσμῳ.
1306 2782 1440 2829 Ἀθεσμον
1456 2796 1483 2823 δὲ
1500 2798 1548 2832 τὴν
1562 2782 1643 2825 ’δόσιν
1659 2800 1738 2826 καλεῖ
1760 2782 1794 2827 oi';

190 2834 239 2858 let.
266 2831 387 2866 lniquam
410 2841 472 2860 vero
488 2835 599 2867 appellat
616 2836 796 2870 largitionem,
823 2844 875 2864 non
891 2837 961 2872 quod

1037 2838 1077 2863 π’
1093 2839 1158 2865 αὑτό
1172 2846 1179 2854 ⁸
1194 2840 1218 2865 εί
1234 2840 1289 2875 γὰρ
1312 2840 1429 2876 ἄθυμος
1455 2840 1498 2878 ἦν,
1513 2831 1584 2870 διατι
1603 2846 1794 2881 προσεδέχοτη

199 2148 293 2175 Patres
310 2148 342 2174 tle
358 2147 401 2179 iis,
427 2147 472 2181 qui
488 2151 643 2182 peccarunl,
669 2151 695 2173 et
714 2154 766 2173 non
793 2146 974 2181 resipueruut,
