1933 3112
87 231 135 266 91⁵1

587 234 629 265 ΙΝ
655 235 738 266 CAN.
759 236 802 266 ιχ
820 237 924 267 CONC.
936 238 994 268 VII
1008 237 1188 268 (ECUMEN.

1643 239 1698 272 918

88 289 210 324 καθαρᾶς
220 289 349 323 πίστεως,
358 288 420 318 ἀντὶ
429 288 489 323 τοῦ,
495 289 624 327 καθαρῶς
630 291 678 318 καὶ
684 292 871 328 ἀνυποκρίτως

931 294 996 326 lere,
1020 295 1167 323 donatione
1185 294 1325 335 nimirum,
1352 299 1399 322 aut
1412 294 1631 330 permutatione,
1651 299 1699 321 aut

90 336 249 369 πιστεύσας,
262 337 422 372 ἐπιστρέψει
436 346 479 369 τις
493 338 583 364 αὐτῶν
598 338 645 364 καὶ
661 338 823 374 ὁμολογήσει
839 339 869 372 ἐξ

87 382 150 416 ὅλης
166 382 291 418 καρδίας,
312 383 373 410 ἀντὶ
389 383 449 416 τοῦ,
460 384 494 410 τὰ
508 383 578 410 αὐτὰ
593 384 658 419 ἡμῖν
675 384 759 418 λέγει,
774 385 820 412 καὶ
835 386 870 412 τὰ

90 428 137 463 ἔθη
151 429 185 455 τὰ
199 429 288 456 οἰκιῖα
303 429 350 456 καὶ
371 429 421 456 ὅσα
435 430 585 465 πράττουσι
601 430 773 465 θριαμϐεύει,
787 432 870 466 ἦγουν

87 476 128 506 εἰς
139 475 169 502 τὺ
183 475 300 509 φανερὸν
316 475 475 510 προτίθησι,
492 475 538 502 καὶ
552 476 705 503 συντίθεται
722 477 759 511 μὴ
772 477 868 507 ποιεῖν,

91 520 160 547 ὥστε
175 521 223 548 καὶ
236 521 325 553 ἄλλως
337 522 500 556 ἐλεγχθῆναι
523 522 690 556 ὀμοπὶστους
709 521 793 557 αὐτῷ,
821 523 870 549 καὶ

87 566 272 601 διορθωθῆναι.
289 567 335 594 τὸν
346 567 466 594 τοιοῦτον
485 568 683 603 προσδέχεσθαι
702 568 749 595 καὶ
768 567 867 603 βαπτίι

89 612 157 645 ζειν,
174 613 221 639 καὶ
237 614 335 644 παῖδας
350 614 444 645 αὑτοῦ,
470 614 517 641 καὶ
532 614 655 650 ἀκριϐῶς
670 614 813 650 προσέχειν
822 615 871 641 αὐ-

88 659 154 689 τοῖς,
180 657 251 684 ὥστε
273 658 424 693 ἀποστῆναι
443 659 497 686 τῶν
514 659 668 695 Ἑϐραϊκῶν
687 660 870 695 ἐπιτηδευμά-

88 711 162 730 των·
178 703 266 734 ἄλλως
293 704 322 731 δὲ
346 705 446 736 αὐτοὺς
473 705 510 741 μὴ
534 705 743 741 προσδέχεσθαι.
776 706 831 732 Καὶ
855 707 869 733 ό

89 751 174 784 μέγας
191 750 218 776 δὲ
236 750 376 783 Βασίλειος
385 752 413 777 ἐν
426 751 544 787 πέμπτῳ
559 752 662 784 κανόνι,
679 751 748 783 Τοὺς
761 760 871 786 μετανο-

87 795 184 826 οῦντας
200 795 248 827 δεῖ,
272 797 353 830 φησὶ,
374 796 499 832 δέχεσθαι
514 804 522 812 ·
540 798 590 824 οὐκ
611 797 730 832 ἀκρίτως
744 797 783 829 δὲ,
801 798 869 824 ἀλλὰ

89 841 249 875 δοκιμάζειν
275 843 300 868 εί
339 842 447 877 ἀληθῶς
474 844 520 869 καὶ
547 843 665 878 γνησίως
697 843 867 878 μετανοοῦσι.

92 887 145 913 Καὶ
161 887 175 913 ό
192 887 331 920 πολιτικὸς
353 889 434 923 νόμος
463 888 564 923 πολλὴν
583 889 720 916 ποιεῖσθαι
746 889 869 922 θεσπίζει

90 933 154 966 περὶ
180 933 234 960 τῶν
261 935 492 970 προσερχομένων
521 935 658 962 Ἰουδαίων
681 935 731 971 τὴν
758 935 870 971 ἁκριῦο-

85 978 189 1010 λογίαν.
559 980 566 986 "

920 341 972 368 alia
987 348 1149 375 quacunque
1175 341 1283 369 ratione
1301 341 1457 376 quaesitum,
1487 341 1600 368 minime
1615 341 1698 368 licere

921 386 1054 413 decernit.
1072 386 1149 419 Quod
1165 387 1187 414 si
1201 394 1297 414 eorum
1312 387 1448 422 quispiam
1465 394 1498 414 ex
1512 394 1587 421 pura
1595 391 1621 413 et
1639 386 1698 414 sin-

920 439 981 457 cera
996 431 1061 464 ﬁde,
1073 432 1124 458 hoc
1138 437 1189 464 est,
1204 439 1272 467 puro
1289 432 1382 459 animo
1394 436 1475 465 atque
1493 431 1566 458 omni
1584 430 1697 458 simula-

921 476 994 503 tione
1008 476 1199 509 sublata.ﬁdei
1215 477 1352 512 mysteriis
1367 484 1499 505 assensus
1511 481 1698 508 convertatur.

920 526 1003 556 atque
1015 529 1047 549 ex
1064 527 1120 550 toto
1134 523 1218 550 corde
1233 523 1404 554 conﬁteatur,
1420 523 1472 550 hoc
1487 526 1539 555 est,
1557 522 1698 549 nobiscum

920 567 947 594 in
958 568 1088 596 omnibus
1099 570 1179 603 plane
1191 571 1357 601 consentiat,
1368 574 1394 597 et
1407 569 1440 597 de
1453 577 1565 597 suorum
1577 569 1700 595 moribus

921 621 954 640 ac
971 614 1103 641 institutis
1119 615 1272 650 quibusque
1291 615 1458 649 triumphum
1475 619 1553 650 agat,
1577 614 1629 641 hoc
1647 618 1700 646 est,

920 667 950 686 se
967 659 1032 686 nihil
1046 660 1134 687 simile
1149 660 1283 687 facturum
1296 666 1387 695 aperte
1400 655 1608 695 proﬁteatur-ac
1620 666 1702 693 spon-

920 706 994 737 deat.
1014 710 1042 732 ut
1056 714 1089 734 ex
1103 714 1136 734 eo
1151 706 1195 734 alii
1213 715 1321 742 quoque
1346 708 1448 734 erroris
1467 707 1533 734 socii
1550 705 1702 733 refutentur

921 758 953 778 ac
971 752 1134 786 resipiscant
1144 761 1151 780 :
1161 754 1265 780 admitti
1276 753 1424 785 hominem,
1438 753 1582 788 ipsumque
1593 756 1619 779 et
1632 751 1702 778 ﬁlios

923 797 1066 832 baptizari,
1093 799 1269 833 studioseque
1290 799 1374 833 ipsos,
1398 802 1428 825 ut
1451 798 1485 825 ab
1512 796 1652 824 Hebraicis
1672 804 1702 823 se

920 842 1054 870 institutis
1077 843 1240 879 abjungant,
1263 843 1419 876 observari;
1437 851 1516 871 secus
1533 843 1645 869 omnino
1660 849 1704 868 re—

921 889 983 924 pelli
1006 889 1105 923 placet.
1133 889 1246 924 Magnus
1264 897 1328 917 vero
1342 890 1423 916 etiam
1444 888 1564 917 Basilius
1579 909 1586 920 ,
1606 888 1703 922 quinto

922 943 1043 964 canone:
1057 937 1142 970 Quos,
1158 937 1265 971 inquit.
1282 933 1367 963 errati
1389 930 1524 971 panitet,
1544 932 1702 961 admittendi

884 967 906 997 Β
920 987 1004 1009 sunt:
1024 990 1077 1009 non
1093 988 1184 1010 tamen
1198 967 1237 1011 iis
1254 987 1356 1010 temere
1376 967 1499 1010 habenda
1513 981 1590 1013 ﬁdes,
1606 980 1652 1008 sed
1669 986 1703 1006 an

85 1033 148 1051 vere
163 1033 208 1053 eos
225 1031 252 1054 et
266 1034 302 1054 ex
314 1027 406 1055 animo
428 1028 559 1062 poeniteat
599 1026 952 1063 scdulo‘cognoscendum.
986 1028 1022 1055 De
1050 1028 1154 1057 Iudaeis
1182 1029 1286 1061 itidem,
1319 1033 1349 1056 ut
1377 1035 1432 1056 non
1475 1027 1528 1055 nisi
1560 1027 1705 1062 diligenter
1741 1019 1744 1027 ’

85 1074 233 1101 examinati
252 1073 412 1109 probatique
438 1076 617 1111 recipiantur,
643 1076 732 1103 civilia
755 1083 863 1112 quoque
877 1075 937 1111 jura
960 1076 1130 1112 decernunt,

85 1119 195 1146 ΔΡῙΣΤ.
228 1129 237 1146 ι
264 1120 407 1155 Ἐΰραίους
441 1121 479 1156 μὴ
512 1122 612 1156 χρῆναι
656 1121 865 1156 προσδέχεσθαι,

125 1174 135 1191 ‹
159 1166 183 1191 εἰ
205 1165 241 1200 μὴ
269 1165 406 1200 φαίνοιντο
432 1166 461 1199 ὲξ
485 1166 650 1202 εἰλικρινοῦς
672 1166 784 1201 καρδίας
807 1167 868 1193 ἑπι-

125 1219 136 1236 ι
158 1211 328 1246 στρέψοντες,
352 1221 361 1238 ι
386 1212 500 1246 Σαφής.

134 1286 136 1289 ,
385 1258 505 1284 ΚΑΝΩΝ

89 1313 99 1328 ι
124 1302 215 1330 Πάντα
245 1303 280 1329 τὰ
304 1303 473 1339 μειρακιώδη
497 1304 644 1339 ἀθύρματα
671 1305 719 1330 καὶ
746 1303 867 1338 μανιώδη

125 1358 134 1374 ι
158 1348 347 1383 βακχεύματα,
365 1348 399 1375 τὰ
420 1348 727 1384 ψευδοσυγγράμματα,
740 1349 774 1376 τὰ
799 1348 869 1375 κατὰ

125 1403 135 1419 ε
156 1394 211 1420 τῶν
222 1394 329 1420 σεπτῶν
344 1394 456 1421 εἰκόνων
470 1394 611 1429 γινόμενα,
625 1395 685 1422 δέον
702 1394 812 1429 δοθῆναι
829 1394 867 1429 τῷ

126 1449 136 1465 ι
157 1440 326 1476 ὲπισκοπείῳ
354 1440 675 1473 Κωνσταντινουπόλεως,
700 1441 741 1467 ἵνα
770 1441 870 1467 ἀποτεέ

127 1495 136 1511 ι
159 1486 225 1513 ϐῶσι
244 1486 315 1520 μετὰ
335 1486 388 1513 τῶν
408 1486 511 1513 λοιπῶν
527 1487 673 1522 αἰρετικῶν
689 1487 800 1522 βιϐλίων
814 1495 822 1502 ·
845 1487 870 1514 εἰ

127 1541 136 1558 ι
160 1532 189 1559 δέ
203 1540 243 1563 τις
256 1532 378 1568 εὑρεθείη
393 1532 478 1559 ταῦτα
491 1533 630 1568 κρύπτων,
646 1533 671 1559 εί
691 1533 741 1568 μὲν
759 1533 872 1560 ἐπίσκο-

125 1588 136 1605 ι
159 1587 211 1610 πος
238 1580 254 1614 ἢ
283 1570 471 1614 πρεσϐύτερος
498 1579 515 1614 ἢ
540 1579 666 1610 διάκονος
692 1579 748 1614 εἴη,
776 1579 873 1606 καθαι-

125 1634 135 1651 ι
160 1625 279 1659 ρείσθω·
307 1625 331 1651 εί
364 1625 393 1651 δὲ
431 1625 524 1657 λαῖκὺς
551 1625 569 1660 ἢ
604 1626 744 1661 μοναχδς,
770 1627 870 1663 depova
887 1637 899 1646 α

124 1680 134 1696 ι
159 1671 254 1703 ζέσθω.
275 1680 285 1696 ι

123 1717 219 1744 ΒΔΛΣ.
240 1718 297 1753 Τῆς
318 1718 372 1745 τῶν
393 1719 706 1754 Χριστιανοκατηγόρων
732 1718 792 1753 ἦτοι
815 1717 869 1745 τῶν

88 1764 288 1791 εἰκονοκαυτῶν
311 1765 442 1800 αἱρέσεως
466 1765 644 1800 κρατησάσης
671 1765 719 1792 ἐπὶ
744 1765 825 1797 πολὺ,
847 1765 872 1796 αἱ

86 1809 176 1845 ταύτῃ
200 1810 409 1845 προσκείμενοι,
434 1811 478 1837 διὰ
505 1810 620 1845 γραφῶν
645 1811 695 1843 τὰς
718 1811 790 1838 κατὰ
817 1810 872 1837 τῶν

89 1856 177 1890 ἁγίων
187 1857 299 1882 εἰκόνων
311 1856 486 1891 βλασξημίας
496 1856 584 1882 αὐτῶν
599 1857 780 1892 ἑστηλίτευον.
789 1857 875 1884 Mdv.

88 1898 137 1928 οὖν
150 1901 174 1927 οἱ
190 1901 439 1936 Πατέρεςὸφείλειν
455 1901 556 1933 ταύτας
578 1902 688 1936 δοθῆναι
712 1902 754 1936 ἐφ’
806 1903 874 1928 ἀπο-

89 1946 209 1973 τεθεῖναι
238 1947 266 1973 ἐν
288 1947 328 1982 τῷ
355 1946 524 1982 ὲπισκοπείῳ
547 1947 595 1982 τῆς
617 1948 874 1974 Κωνσταντινουπόν

90 1993 170 2025 λεως,
194 1993 258 2020 ἔνθα
285 1994 447 2020 ἀπόκεινται
470 1993 517 2020 καὶ
545 1994 579 2020 τὰ
597 1993 678 2021 λοιπὰ
705 1994 794 2029 βιὸλία
819 1994 874 2022 τῶν

90 2039 251 2074 αἰρετικῶν.
268 2038 336 2070 Τοὺς
357 2039 386 2065 δὲ
408 2038 577 2074 κρύπτοντας
593 2039 689 2071 ταῦτα,
708 2039 874 2074 ῐερωμένους

94 2085 144 2120 μὲν
158 2085 248 2117 ὄντας,
265 2085 465 2120 καθαιρεῖσθαι,
481 2086 592 2117 λαῖκοὺς
609 2085 638 2112 δὲ
664 2085 719 2120 καὶ,
729 2086 875 2121 μοναχοὺς,

92 2131 281 2165 ἀφορίζεσθαι.
301 2130 399 2162 Καλῶς
422 2131 450 2157 δὲ
474 2131 620 2166 ὠνόμασαν
643 2132 669 2158 οἱ
696 2132 820 2166 Πατέρες
842 2132 877 2158 τὰ

91 2176 204 2203 τοιαῦτα
221 2176 426 2211 συγγράμματα
440 2177 607 2212 μειρακιώδη
620 2177 779 2212 ἀθύρματα,
793 2178 876 2213 ἠγουν

91 2221 214 2256 νηπιώδη
240 2223 354 2256 παίγνια
381 2223 428 2249 καὶ
456 2223 578 2258 μανιώδη
603 2223 792 2259 βακχεύματα,
817 2224 876 2259 ήτοι

94 2268 266 2302 μαινομένων
291 2268 399 2303 βακχῶν
428 2268 635 2304 φλυαρήματα·
663 2270 705 2296 ὄτι
730 2269 876 2296 εὐδιάλυτα

92 2315 142 2341 καὶ
159 2304 358 2341 εύκατάᾶειστά
372 2315 440 2342 εἰσιν
455 2315 492 2346 ὡς
517 2315 552 2342 τὰ
562 2315 622 2342 τῶν
639 2315 791 2351 μειρακίων
808 2316 875 2342 παί-

920 1120 1034 1148 ARIST.
1056 1131 1066 1148 ι
1084 1122 1211 1149 Hebrzros
1240 1122 1382 1149 admittere
1412 1129 1465 1149 non
1491 1124 1617 1154 oportet,
1651 1120 1703 1148 nisi
1757 1139 1761 1143 ι

955 1175 965 1192 ‹
988 1175 1035 1194 eos
1052 1168 1160 1195 sincero
1171 1169 1252 1196 corde
1265 1175 1413 1195 conversos
1429 1175 1489 1195 esse
1508 1167 1671 1197 constiterit.
1689 1176 1702 1193 ι

956 1212 1131 1247 Perspicuus.

1213 1260 1327 1288 CANON
1358 1260 1405 1288 IX.

923 1315 933 1333 ι
947 1307 1065 1334 Puerilia
1077 1307 1167 1335 omnia
1179 1307 1295 1334 ludibria
1307 1307 1462 1342 furiosaque
1472 1307 1543 1335 dicta
1554 1314 1585 1334 ac
1594 1306 1706 1340 scripta,

962 1361 972 1378 ‹
994 1359 1055 1387 quae
1099 1353 1231 1391 adversus
1262 1352 1430 1380 venerabiles
1467 1351 1600 1386 Imagines
1634 1351 1708 1378 edita

958 1408 968 1424 ι
989 1402 1064 1432 sunt,
1081 1399 1219 1434 episcopio
1228 1396 1605 1433 Constantinopolitanotradi
1621 1403 1705 1436 θροις

957 1454 968 1471 ι
992 1449 1040 1478 tet,
1066 1449 1094 1472 ut
1109 1453 1172 1472 cum
1188 1445 1300 1480 reliquis
1317 1445 1452 1472 haereticis
1468 1444 1547 1471 libris
1565 1443 1708 1478 deponan-

958 1498 968 1515 ι
991 1493 1046 1516 tur.
1080 1488 1108 1516 Si
1122 1488 1185 1524 quis
1197 1493 1287 1516 autem
1300 1488 1357 1516 hac
1370 1489 1458 1516 celare
1470 1489 1598 1515 inventus
1615 1487 1709 1518 fuerit.

963 1543 974 1561 ι
995 1535 1017 1562 si
1035 1534 1142 1570 quidem
1158 1535 1303 1570 episcopus
1313 1534 1355 1562 vel
1367 1535 1507 1569 presbyter
1521 1535 1562 1562 vel
1576 1534 1709 1561 diaconus

962 1589 972 1607 ι
994 1580 1039 1613 sit,
1055 1580 1225 1615 deponatur:
1247 1581 1290 1609 sin
1303 1587 1367 1608 vero
1384 1580 1469 1608 laicus
1486 1580 1527 1608 vel
1547 1579 1709 1611 monachus,

961 1635 972 1652 ι
993 1630 1159 1662 segregetur.
1172 1635 1182 1652 ι
1308 1622 1311 1625 λ

959 1716 1058 1744 BALS.
1083 1715 1151 1743 Cum
1171 1715 1390 1744 Christianorum
1421 1715 1543 1743 hostium
1571 1723 1620 1743 seu
1641 1715 1711 1742 ima-

925 1762 1017 1798 ginum
1037 1767 1195 1790 exustorum
1220 1761 1267 1789 diu
1285 1755 1449 1791 invaluissi't
1467 1761 1588 1803 haeresis,
1614 1762 1660 1796 qui
1685 1760 1712 1788 ei

925 1808 1112 1840 adhaerebant,
1139 1815 1203 1835 suas
1225 1808 1356 1835 adversus
1371 1815 1467 1835 sacras
1485 1807 1616 1842 imagines
1638 1807 1712 1834 blas-

925 1855 1049 1890 phemias
1062 1854 1159 1882 litteris
1180 1854 1358 1881 mandabant.
1395 1853 1494 1881 Dicunt
1518 1862 1582 1888 ergo
1604 1853 1711 1886 Patres,

926 1908 972 1928 eas
984 1900 1082 1928 debere
1104 1900 1185 1930 tradi.
1210 1904 1240 1927 ut
1260 1900 1286 1926 in
1304 1899 1444 1934 episcopio
1459 1899 1714 1933 Constantinopoli-

926 1950 991 1973 tano
1017 1950 1196 1981 reponantur,
1226 1945 1272 1972 ubi
1294 1950 1465 1980 reponuntur
1482 1945 1580 1980 reliqui
1604 1952 1719 1979 quoque.

927 1991 989 2019 libri
1005 1992 1213 2018 haereticorum:
1237 1999 1284 2018 eos
1298 1986 1398 2023 autem,
1417 1990 1464 2025 qui
1484 1991 1541 2018 hac
1555 1990 1716 2023 celaverint,

928 2038 949 2065 si
969 2038 1078 2072 quidem
1103 2037 1190 2065 sacris
1214 2037 1358 2065 ordinibus
1377 2037 1477 2064 initiati
1500 2037 1566 2068 sint,
1595 2036 1718 2071 deponi;

928 2084 970 2111 sin
985 2090 1049 2110 vero
1063 2083 1125 2110 laici
1140 2084 1181 2111 vel
1196 2083 1333 2116 monachi,
1350 2083 1501 2119 segregari.
1523 2083 1605 2110 Recte
1623 2087 1714 2110 autem

927 2130 1023 2157 Patres
1050 2129 1185 2164 ejusmodi
1213 2130 1314 2162 scripta
1342 2129 1518 2169 nominarunt
1542 2129 1656 2164 puerilia
1674 2129 1717 2156 lu-

927 2175 1028 2207 dibria.
1052 2175 1105 2202 hoc
1123 2180 1175 2208 est,
1190 2175 1294 2202 ludicra
1310 2183 1458 2211 puerorum
1477 2175 1674 2202 oblectamenta
1691 2179 1717 2202 et

928 2222 1023 2250 insana
1038 2229 1070 2249 ac
1086 2222 1215 2256 bacchica
1241 2229 1382 2256 responsa,
1399 2221 1594 2248 insanientium
1609 2221 1716 2248 scilicet
1756 2254 1760 2259 Ι

928 2268 1094 2296 itaet-harum
1110 2275 1214 2302 nugas;
1231 2260 1293 2302 quia
1308 2272 1372 2294 sunt
1386 2267 1476 2294 solum
1494 2266 1583 2294 facilia
1598 2271 1626 2294 et
1641 2267 1717 2295 nullo

929 2314 1038 2349 negotio
1064 2313 1275 2345 lahel‘actabilia,
1308 2317 1338 2340 ut
1365 2320 1511 2347 puerorum
1536 2312 1665 2346 ludibria,
1691 2318 1717 2340 et

91 2368 167 2393 γνια,
185 2360 232 2386 καὶ
245 2359 424 2394 ἀξιογέλαστα
438 2361 476 2393 ὼς
492 2361 526 2388 τὰ
546 2361 601 2388 τῶν
618 2361 790 2396 μαινομένων
808 2362 873 2397 ἔργα

931 2360 1043 2388 ridicula
1061 2364 1090 2387 ut
1107 2359 1272 2388 furiosorum
1285 2364 1312 2388 et
1322 2359 1462 2387 ebriorum
1479 2367 1573 2394 opera.
1605 2359 1719 2387 Bacchae

56 2437 60 2439 _
91 2407 141 2433 καὶ
159 2407 325 2441 μεθυόντων.
340 2406 373 2433 Al
391 2405 492 2441 βάκχαι
508 2407 563 2442 γὰρ
588 2408 665 2443 χοροὶ
685 2405 758 2441 ἦσαν
781 2416 876 2442 μαινο-

94 2453 182 2486 μένων
204 2452 334 2487 ἑτιόμενοι
356 2452 396 2487 τῷ
412 2452 504 2488 ὲφόρῳ
524 2453 574 2488 τῆς
600 2453 685 2489 μέθης
709 2453 878 2489 ψευδωνύμῳ

92 2498 147 2533 θεῷ
161 2498 199 2534 τῷ
214 2498 343 2533 Διονύσῳ.
359 2498 389 2525 0!
408 2497 501 2532 μέντοι
516 2498 593 2533 νόμοι
605 2499 640 2526 τὰ
658 2499 714 2526 τῶν
727 2499 876 2534 αίρετικῶν

93 2545 184 2580 βιϐλία
197 2545 358 2581 διορίζονται
371 2544 506 2571 καίεσθαι.
524 2545 578 2571 Καὶ
596 2545 673 2580 ζήτει
686 2554 749 2580 κεφ.
770 2549 795 2579 γ’
824 2546 872 2572 τοῦ

95 2589 130 2625 ιβ’
143 2590 231 2616 τίτλον
257 2589 304 2615 τοῦ
321 2589 453 2624 παρόντος
469 2590 669 2624 συντάγματος,
681 2591 727 2618 καὶ
749 2591 877 2626 εὑρήσεις

93 2637 124 2662 ὲν
150 2635 225 2670 αὐτῷ
248 2635 462 2670 κατεστρωμένα
482 2643 546 2668 κεφ.
567 2635 683 2671 διάφορα
709 2636 788 2663 τοῦτο
811 2637 878 2663 αὐτὸ

94 2681 349 2716 παρακελευόμενα.
370 2679 448 2706 Εἴποι
462 2679 494 2707 δέ
516 2689 567 2712 τις,
585 2681 625 2707 Δι’
639 2681 673 2716 ἦν
696 2681 786 2708 αἰτίαν
800 2682 814 2708 ὁ
828 2681 878 2716 μὲν

95 2726 188 2755 κμνὼν
211 2727 246 2754 τὰ
259 2727 314 2753 τῶν
340 2727 650 2761 Χριστιανοκατηίγόρων
674 2726 765 2762 βιϐλία
783 2726 880 2754 ἀποτί-

94 2773 191 2800 θεσθαι
215 2773 244 2799 ὲν
267 2772 304 2806 τῷ
330 2772 496 2805 ἐπισκοπείῳ
517 2772 675 2806 διορίζεται,
698 2774 722 2798 οἱ
747 2772 823 2808 νόμοι
850 2771 880 2799 δὲ

95 2819 222 2846 καίεσθαι
240 2819 327 2845 ταῦτα
344 2819 526 2854 διορίζονται;
540 2818 636 2861 Δύρις.
653 2819 758 2846 Ταυτόν
774 2820 833 2846 ἐστι
848 2819 880 2845 τὸ

96 2866 230 2900 καυθῆναι
246 2865 280 2892 τὰ
302 2865 404 2900 βέϐηλα
428 2865 633 2900 συγγράμματα
654 2864 708 2891 τῶν
731 2864 879 2899 αἱρετικῶν

97 2912 145 2940 καὶ
158 2912 189 2938 τὸ
203 2911 367 2946 ἀποτεθῆναι
383 2911 411 2938 ὲν
424 2911 463 2947 τῷ
480 2911 650 2946 ἐπισκοπείῳ
665 2910 715 2945 τῆς
731 2911 882 2936 Κώνσταν-

101 2958 292 2989 τινιιυπόλεως.
319 2957 388 2985 οὔτε
415 2958 469 2990 γὰρ
501 2958 634 2991 καιόμενα
659 2957 697 2989 εἰς
726 2957 879 2991 ἀνάγνωσιν

928 2407 1000 2434 enim
1015 2410 1092 2434 erant
1106 2406 1182 2433 chori
1199 2406 1407 2438 insanientium.
1425 2406 1565 2434 ebrietatis
1573 2406 1717 2441 praesidem

928 2456 1076 2487 sequentes
1094 2452 1243 2485 Bacchum,
1261 2453 1307 2487 qui
1325 2451 1393 2480 falso
1415 2451 1484 2480 deus
1497 2452 1717 2487 cognominatur.

928 2497 988 2525 Jam
1004 2505 1068 2524 vero
1091 2497 1162 2532 leges
1188 2497 1376 2525 haereticorum
1399 2497 1486 2525 libros
1508 2497 1585 2525 exuri
1609 2504 1719 2531 quoque

929 2543 1088 2570 decernunt.
1124 2542 1220 2575 Quaere
1243 2547 1334 2570 autem
1365 2543 1474 2571 tertium
1508 2546 1589 2577 caput
1618 2542 1659 2569 tit.
1684 2541 1719 2568 12

930 2590 1071 2625 praesentis
1090 2589 1191 2623 operis,
1214 2594 1242 2617 et
1262 2589 1384 2617 invenies
1408 2589 1516 2617 diversa
1531 2589 1620 2623 capita
1637 2588 1663 2614 in
1685 2594 1720 2613 eo

930 2636 1031 2671 posita,
1063 2643 1124 2671 qua:
1153 2635 1207 2663 hoc
1230 2635 1318 2669 ipsum
1345 2635 1453 2669 jubent.
1501 2633 1605 2660 Dixerit
1626 2636 1717 2660 autem

930 2681 1084 2716 quispiam:
1099 2679 1247 2713 Quamnam
1257 2680 1291 2707 ob
1301 2687 1410 2707 causam
1421 2686 1507 2706 canon
1519 2678 1628 2713 quidem
1638 2678 1719 2704 Chri-

931 2727 1083 2754 stianorum
1111 2726 1229 2753 hostium
1261 2733 1309 2753 seu
1338 2725 1486 2758 imaginum
1512 2723 1716 2750 combustorum

932 2773 1019 2800 libros
1037 2773 1063 2800 in
1079 2772 1221 2807 episcopio
1237 2770 1332 2806 reponi
1348 2770 1434 2804 jubet,
1463 2770 1535 2804 leges
1551 2773 1642 2796 autem
1668 2776 1717 2797 cos

932 2818 1056 2847 comburi
1072 2817 1255 2854 permittunt?
1288 2816 1404 2844 Solutio.
1445 2815 1518 2843 Idem
1536 2820 1578 2843 est
1590 2815 1716 2843 comburi

933 2865 1046 2900 profana
1060 2869 1087 2891 et
1103 2864 1184 2898 impia
1203 2863 1390 2889 haereticorum
1408 2862 1521 2896 scripta.
1548 2866 1575 2888 et
1597 2861 1623 2889 in
1643 2861 1717 2891 Con-

932 2910 1177 2944 stantinopolitano
1201 2908 1340 2942 episcopto
1369 2907 1476 2945 reponi.
1512 2906 1605 2942 Neque
1631 2907 1716 2939 enim,

919 2951 957 2984 isi
978 2955 1120 2983 combusta
1138 2953 1248 2985 fuerint,
1273 2953 1404 2988 legentur,
1435 2961 1486 2981 nec
1499 2953 1522 2981 si
1539 2953 1566 2981 in
1581 2952 1715 2988 ejusmodi
