1933 3112
218 154 272 185 93

856 155 995 187 THEOD.
1014 154 1211 201 BALSAMON

1801 148 1869 180 92s

220 211 272 238 hac
298 211 406 238 urbium
432 210 525 246 regina
550 217 629 240 sacra
657 212 807 247 celebrare.
832 213 914 241 etiam
944 213 1005 241 sine

1067 213 1196 250 ιλλότριον
1208 214 1340 249 κληρικδν
1354 213 1524 248 λειτουργεῖν
1552 211 1582 238 ἐν
1608 211 1641 245 τῇ
1657 209 1864 246 βασιλευούσῃ

220 258 386 286 dimissoriis
399 257 496 286 litteris
508 258 568 293 ejus
583 259 629 294 qui
642 259 718 287 illum
735 259 882 289 ordinavit.
922 260 1006 296 Majo-

221 313 265 333 res
289 312 353 333 vero
380 305 520 337 dicuntur,
543 306 590 341 qui
615 307 764 342 agrestium
784 307 1004 335 suburbanorum

220 356 360 378 curatores
376 351 463 382 fiunt;
491 351 562 379 sicut
579 352 631 380 hoc
653 352 693 380 ab‘
712 361 772 380 can.
797 354 826 381 ll
857 356 951 388 prima:
979 358 1006 382 et

220 396 346 429 secundae
370 404 430 431 syn.
457 404 519 431 quaa
535 403 629 425 coacta
656 398 707 425 fuit
723 399 749 426 in
767 400 825 427 ade
841 399 1004 427 Sanctorum

221 442 611 476 Apostolorum,.ostenditur.
656 443 714 472 Hoc
735 452 800 480 ergo
826 445 860 473 ab
883 446 932 477 iis.
959 446 1005 481 qui

220 488 306 516 sacris
325 488 469 516 ordinibus
489 489 587 517 initiati
612 494 687 523 sunt,
713 491 807 519 Patres
824 497 1004 526 reanveutes,

219 533 259 562 eis
283 534 389 562 litteras
408 534 507 563 docere
525 535 680 567 consulunt,
697 539 724 563 et
736 543 769 563 ex
786 543 819 563 eo
832 535 883 563 sibi
904 536 1004 563 victum

220 588 335 616 parare;
362 581 490 616 quoniam
507 582 540 608 ad
564 582 616 609 hoc
630 589 739 617 quoque
753 583 846 610 selecti
870 588 897 610 et
917 583 1005 618 depu-

220 628 267 655 tati
284 631 359 655 sunt.
386 627 496 655 Alicuos
507 633 598 655 autem
611 628 726 656 clericos
741 628 813 656 inter
829 629 1006 664 magistratus

219 681 267 700 seu
285 673 373 701 ollicia
397 673 528 705 assidere.
556 676 584 700 et
609 674 635 701 in
655 682 751 701 eorum
777 675 904 702 oratoriis
925 676 1007 703 mini-

220 723 318 751 strare,
331 723 372 747 est
398 720 480 748 facti:
507 728 569 747 nam
595 725 621 747 et
637 720 713 748 silin
740 720 917 749 inferioribus
945 729 1008 748 ora-

220 767 313 798 toriis,
353 771 452 801 praeter
486 775 598 794 suorum
637 767 828 802 episcoporum
860 769 902 796 vel
935 769 1007 796 Con-

220 813 456 848 stantinopolitani
480 817 596 841 mentem
629 814 850 842 celebraverint;
879 815 1007 844 similiter

221 860 378 895 punientur.

256 904 382 932 ZONAR.
394 904 470 933 Multi
481 905 532 932 hac
540 905 574 933 de
584 913 612 933 re
622 906 764 942 apostolici
773 907 951 942 synodicique
957 916 1006 935 ca-
1024 893 1044 921 Β

220 959 308 980 nones
325 952 388 979 editi
401 955 482 984 sunt;
498 952 544 979 sed
564 952 635 980 malo
652 953 715 981 huic
731 954 919 982 exscindenda
930 955 1005 982 haud

221 997 406 1025 suiliciebant.
430 993 550 1026 Proinde
571 998 643 1025 hunc
660 1007 792 1027 canonem
817 1000 874 1028 haec
898 998 1009 1036 quoque

171 1079 173 1083 ν
222 1043 343 1085 synodus
370 1044 562 1079 promulgavit,
593 1045 662 1073 duas
689 1053 733 1074 res
768 1046 860 1080 simul,
891 1056 1007 1083 quarum

223 1096 338 1125 utraque
365 1090 455 1126 legum
478 1091 724 1121 constitutionibus
751 1099 926 1129 repugnaret,
953 1103 1008 1122 una

221 1137 372 1171 eademque
386 1144 469 1172 opera
484 1137 687 1172 prohibentem.
712 1139 832 1168 Alteram
857 1149 891 1168 ne
906 1149 1008 1169 ex‘una

223 1182 291 1210 urbe
313 1182 340 1210 in
354 1182 446 1216 aliam,
460 1190 495 1210 ne
505 1183 532 1210 in
547 1183 617 1211 lianc
627 1185 738 1219 quidem
753 1186 860 1214 urbium
876 1187 1008 1222 reginam,

221 1227 315 1255 clerici
338 1228 419 1256 alieni
437 1228 613 1260 discurrant.
633 1238 721 1265 neque
742 1238 772 1258 se
798 1232 1006 1267 magistratibus

222 1273 383 1308 adjungant.
400 1281 433 1302 ac
453 1274 480 1301 in
497 1282 591 1302 eorum
610 1276 753 1310 oratoriis,
773 1277 824 1304 nisi
846 1277 1006 1312 impetrata.

224 1326 281 1349 tum
294 1321 426 1356 episcopi,
442 1329 457 1348 a
470 1328 524 1356 quo
548 1321 746 1355 discesserunt,
766 1330 828 1350 cum
852 1323 1009 1352 Constanti-

222 1368 384 1403 nopolitani,
401 1368 480 1402 cujus
501 1369 527 1395 in
544 1368 675 1395 ditionem
701 1374 845 1401 venerunt.
870 1370 1007 1404 facultate,

223 1422 302 1442 sacra
313 1413 440 1447 faciant;
460 1415 563 1449 alioqui
579 1415 751 1448 depositione
777 1416 909 1442 multandi
940 1425 946 1443 :
969 1418 1010 1444 ai-

223 1463 323 1493 teram,
337 1467 381 1493 ne,
394 1460 519 1494 quamvis
533 1459 561 1486 in
577 1459 699 1486 oratorio
711 1467 788 1486 sacra
806 1460 959 1488 celebrandi
974 1461 1009 1488 ab

223 1504 259 1532 iis
274 1511 343 1539 quos
360 1504 482 1531 diximus
498 1503 636 1539 episcopis
650 1503 807 1532 facultatem
823 1505 1007 1540 obtinderint,

1055 258 1111 286 τῶν
1127 260 1243 293 πόλεων,
1258 260 1306 287 καὶ
1320 259 1383 295 δίχα
1408 258 1576 293 ἁπολυτικῆς
1595 257 1706 292 γραφῆς
1720 256 1771 283 τοῦ
1791 264 1865 290 χει-

1057 307 1253 342 ροτονήσαντος
1269 307 1361 334 αὐτόν.
1377 305 1537 341 Μειζότιροι
1564 305 1655 340 μέντοι
1673 303 1817 336 λέγονται
1832 301 1862 328 οι

1056 353 1219 389 κουράτορες
1228 353 1283 379 τῶν
1291 352 1458 389 ἀγροικιῶν
1467 352 1650 387 προαστείων,
1657 349 1754 380 καθὼς
1764 348 1862 376 τσῦτο

1056 400 1221 435 παρίσταται
1236 400 1290 427 ἀπὺ
1298 400 1344 427 τοῦ
1356 399 1390 426 ια’
1411 399 1522 431 κανόνος
1536 399 1586 433 τῆς
1597 397 1621 425 α’
1632 398 1679 425 καὶ
1692 397 1714 432 β’
1732 396 1860 423 συνόδου

1056 446 1107 481 τῆς
1131 446 1270 481 συστάσης
1287 447 1316 472 ἑν
1334 446 1374 481 τῷ
1393 446 1450 481 ναῷ
1464 446 1517 472 τῶν
1533 445 1632 479 Ἀγίων
1652 443 1840 472 ’Δποστόλων
1851 451 1859 458 ·

1057 493 1135 526 τοῦτο
1144 490 1192 520 οὖν
1203 493 1256 520 τῶν
1272 494 1429 529 ἱερωμένων
1441 493 1466 520 οἱ
1477 493 1597 527 Πατέρες
1609 491 1858 527 ἀποτρεπόμενοι,

1057 539 1232 567 ὑποτιθέασιν
1243 541 1336 572 αὐτοῖς
1347 541 1483 567 διδάσκειν
1496 539 1649 576 γράμματα
1663 538 1714 565 καὶ
1726 538 1763 564 τὰ
1778 537 1860 572 πρὸς

1058 587 1130 621 ζωὴν
1143 587 1250 614 ἐκεῖθεν
1263 588 1444 622 πορίζεσθαισ
1463 588 1504 614 ὅτι
1519 587 1567 613 καὶ
1591 587 1633 617 εἰς
1655 587 1738 612 τοῦτο
1768 585 1858 618 ἀερω-

1059 634 1198 669 ρίσθησαν.
1229 634 1265 660 Τὸ
1294 634 1323 661 δὲ
1357 633 1552 669 προσεδρεύειν
1586 632 1651 664 τοὺς
1681 631 1858 667 (incepto-3;

1058 680 1205 714 κληρικοὺς
1226 681 1266 712 είς
1288 680 1432 715 ἄρχοντας,
1449 680 1498 706 καὶ
1522 680 1564 711 είς
1588 680 1724 714 εὐκτήρια
1742 679 1858 704 τούτων

1057 726 1236 760 λειτουργεῖν,
1254 726 1301 753 τοῦ
1332 727 1436 761 φάκτου
1459 726 1527 754 ὲστί.
1550 726 1609 753 Κᾶν
1620 725 1675 760 γὰρ
1689 727 1732 756 εἰς
1750 733 1856 751 ταπει-

1057 772 1154 806 νότερα
1179 772 1374 808 λειτουργῶσιν
1400 773 1535 808 εὐκτήρια
1552 772 1626 806 παρὰ
1647 779 1769 806 γνωμην
1799 771 1858 797 τῶν

1058 819 1217 846 ἐπισκόπων
1255 819 1346 846 αὐτῶν
1378 819 1394 855 ἢ
1422 818 1470 846 τοῦ
1509 817 1854 848 Κωνσταντινουπόλεως.

1057 865 1157 899 ὁμοίως
1174 865 1401 902 κολασθήσονται.

1095 911 1217 939 ΖΩΝΑΡ.
1235 912 1331 938 Πολλοὶ
1347 913 1411 946 περὶ
1426 911 1521 938 τούτου
1534 910 1582 938 τοῦ
1596 910 1752 945 κεφαλαίου
1770 910 1855 937 κανό-

1060 968 1104 990 νες
1124 960 1179 986 εἰσὶ
1191 961 1237 986 καὶ
1252 959 1426 986 ἀποστολικοὶ
1443 959 1490 985 καὶ
1501 958 1635 985 συνοδικοί
1647 966 1654 973 ·
1672 958 1732 985 ἀλλ’
1751 959 1796 990 είς
1810 958 1856 984 ὲκ-

1060 1006 1148 1042 κοπὴν
1163 1007 1214 1033 οὐκ
1227 1007 1350 1041 ἦρκεσαν
1361 1005 1407 1031 τοῦ
1427 1005 1524 1032 κακοῦ.
1554 1005 1599 1031 Διὸ
1624 1005 1672 1031 καὶ
1696 1005 1713 1038 ἠ
1740 1004 1856 1035 σύνοδος

1059 1052 1128 1088 αὕτη
1144 1052 1190 1079 τὸν
1202 1053 1302 1078 κανόνα
1322 1051 1416 1078 τοῦτον
1436 1051 1553 1083 ἐξέθετο,
1573 1050 1620 1077 δύο
1633 1052 1662 1085 ἐν
1674 1050 1774 1086 ταὺτῷ
1799 1060 1855 1077 κω-

1059 1100 1157 1126 λύοντα
1170 1099 1289 1134 ἄθεσμα,
1302 1099 1333 1125 τό
1353 1107 1382 1125 τε
1407 1098 1461 1125 ἀπὸ
1480 1098 1583 1128 πόλεως
1597 1098 1639 1129 εἰς
1664 1097 1762 1128 πόλιν,
1793 1097 1854 1131 μηδ’

1060 1144 1099 1174 είς
1115 1143 1218 1178 ταύτην
1245 1143 1296 1178 τὴν
1312 1142 1435 1178 βασιλίδα
1448 1142 1502 1168 τῶν
1529 1142 1633 1168 πόλεων
1664 1141 1854 1176 προστρέχειν

1062 1190 1214 1224 κληρικοὺς
1226 1188 1395 1224 ἀλλοτρίους,
1413 1189 1460 1215 καὶ
1487 1189 1601 1223 ἄρχουσι
1628 1186 1791 1222 προσιέναι,
1810 1187 1855 1212 καὶ

1059 1236 1089 1262 ὲν
1108 1236 1165 1267 τοῖς
1189 1235 1343 1272 εὐκτηρίοις
1373 1235 1428 1262 τῶν
1450 1234 1532 1261 οἴκων
1556 1233 1646 1261 αὐτῶν
1676 1233 1853 1268 λειτουργεῖν

1059 1282 1123 1309 ἄνευ
1137 1280 1249 1316 γνώμης
1261 1281 1308 1307 τοῦ
1330 1280 1395 1307 ἰδίου
1408 1280 1569 1311 ἐπισκόπου,
1585 1279 1614 1305 δν
1634 1279 1786 1309 ἀπέλιπον,
1808 1279 1853 1304 καὶ

1058 1327 1106 1355 τοῦ
1115 1327 1436 1358 Κωνσταντινουπόλεως,
1454 1323 1485 1353 οὗ
1500 1327 1533 1361 τῇ
1543 1324 1634 1361 ένορίᾳ
1645 1324 1818 1359 προσῆλθον·
1831 1324 1854 1349 εί

1059 1377 1086 1403 δὲ
1100 1375 1149 1411 μὴ.
1161 1374 1354 1409 καθαιρεῖσθαι
1364 1373 1471 1404 αὐτούς·
1486 1374 1532 1400 καὶ
1542 1373 1573 1399 τὸ
1592 1372 1644 1398 κᾶν
1659 1371 1707 1398 καὶ
1718 1380 1853 1405 παραχω-

1061 1422 1165 1458 ρηθῶσι
1180 1423 1255 1457 παρὰ
1266 1421 1322 1448 τῶν
1334 1419 1488 1455 ειρημένων
1499 1419 1665 1445 -ὲπισκίπων
1677 1418 1852 1452 λειτουργεῖν

1060 1470 1089 1496 ὲν
1097 1467 1232 1504 εὖκτηρίῳ
1241 1468 1319 1502 οἴκῳ,
1331 1466 1368 1501 μὴ
1375 1465 1511 1501 κοσμικὰς
1525 1465 1573 1492 καὶ
1587 1463 1721 1498 βιωτικὰς
1740 1463 1854 1498 φροντι.

1060 1515 1108 1546 δας
1127 1514 1315 1550 ἀναδέχεσθαι,
1332 1512 1484 1548 προνοητὰς
1497 1511 1668 1546 γινομένους,
1683 1510 1701 1545 ἢ
1718 1509 1853 1544 λογαρια-

222 1549 346 1585 profanis
369 1557 430 1578 sese
454 1556 487 1577 ac
503 1550 681 1578 saecularibus
708 1550 825 1591 negotiis
848 1552 1008 1587 implicent,

1067 1562 1140 1593 στὰς,
1147 1561 1255 1597 ῆιᾶλλας
1268 1559 1394 1592 τοιαύτας
1405 1557 1680 1594 μεταχειριζομένους
1689 1557 1850 1592 φροντίδας.

223 1599 410 1632 procuratoris
422 1602 470 1625 aut
485 1598 621 1625 rationum
636 1598 766 1634 praefecti,
777 1604 824 1627 aut
833 1600 906 1628 aliud
920 1601 1009 1636 quod-

222 1651 331 1679 cunque
346 1652 446 1672 munus
465 1644 599 1678 ejusmodi
624 1645 788 1680 suscipiant.
803 1646 881 1679 Quod
899 1647 921 1674 si
939 1655 1010 1676 non-

223 1690 315 1718 nullos
330 1691 392 1725 ejus
416 1691 525 1726 generis
539 1692 655 1726 negotiis
674 1700 771 1720 vacare
786 1695 1007 1723 animadversum

224 1738 271 1768 sit,
288 1744 337 1763 eos
355 1737 451 1772 synodi
466 1737 560 1765 Patres
575 1744 621 1766 aut
635 1738 670 1768 ab
683 1738 791 1774 incepto
806 1739 949 1773 desislere,
961 1746 1010 1769 aut

223 1783 322 1817 deponi
337 1783 443 1817 jubent.
462 1783 561 1811 Eorum
577 1792 669 1818 porro,
687 1785 733 1820 qui
753 1787 869 1821 majores
882 1787 1012 1815 diceban-

223 1832 279 1859 tur,
295 1828 327 1855 de
351 1829 451 1863 quibus
478 1829 529 1857 hoc
548 1838 652 1858 canone
677 1832 788 1863 mentio,
816 1841 917 1861 munus
943 1834 1009 1862 illud

223 1877 294 1905 erat,
312 1879 340 1899 ut
364 1881 395 1901 ex
415 1875 559 1902 undecimo
581 1883 688 1908 canone
713 1877 806 1910 prima:
831 1883 858 1905 et
883 1880 1012 1908 secundat

223 1919 320 1954 synodi
338 1920 365 1946 in
382 1920 483 1954 templo
498 1921 662 1965 Sanctorum
678 1922 870 1957 Apostolorum
894 1933 1012 1962 congre-

1063 1609 1095 1635 Εἰ
1104 1608 1134 1634 δέ
1141 1616 1168 1634 τι
1179 1608 1310 1639 τοιοῦτον,
1319 1606 1400 1641 φασὶν
1410 1607 1434 1632 οἱ
1443 1605 1494 1639 τῆς
1503 1604 1613 1632 συνόδου
1621 1604 1758 1638 Πατέρες,
1772 1603 1852 1639 εὕρε-

1064 1655 1136 1681 θεῖέν
1153 1661 1225 1684 τινες
1242 1652 1394 1683 ποιοῦντες,
1408 1651 1425 1686 ἢ
1444 1650 1658 1681 παυσάσθωσαν,
1676 1648 1693 1684 ἢ
1711 1648 1856 1684 καθαιρεί-

1065 1700 1185 1727 σθωσαν.
1213 1699 1245 1725 'H
1263 1698 1316 1724 τῶν
1328 1697 1482 1732 λεγομένων
1497 1695 1527 1722 δὲ
1543 1695 1710 1730 μειζοτέρων
1727 1695 1853 1727 φροντὶς,

1062 1745 1096 1779 ἢν
1107 1742 1221 1770 όκανὼν
1236 1741 1311 1774 οὗτος
1331 1742 1416 1775 λέγει,
1431 1740 1518 1774 ἐστιν,
1547 1741 1585 1771 ὡς
1604 1740 1637 1766 ἐκ
1651 1739 1700 1765 τοῦ
1715 1742 1748 1765 ια’
1763 1739 1853 1764 κανό-

1061 1799 1104 1822 νος
1121 1790 1172 1825 τῆς
1194 1789 1306 1825 πρώτης
1322 1788 1369 1815 καὶ
1382 1788 1513 1822 δευτέρας
1527 1787 1635 1813 συνόδου
1643 1787 1694 1821 τῆς
1709 1785 1853 1821 συστάσης

1061 1837 1091 1862 ὲν
1105 1835 1145 1871 τῷ
1158 1835 1215 1870 ναῷ
1232 1834 1286 1861 τῶν
1303 1833 1401 1868 Ἁγίων
1421 1832 1590 1859 Ἀποστόλων
1609 1831 1722 1865 γνῶναι,
1738 1831 1816 1857 ἔστιν
1834 1831 1851 1864 ἡ

1061 1884 1090 1909 ὲν
1104 1882 1201 1917 ἀγροῖς
1215 1881 1386 1916 ἁρχοντικοῖς
1402 1878 1538 1913 λεγομένη
1565 1877 1766 1913 κουρατωρεῑα,
1786 1877 1853 1904 ὅπου

1062 1928 1113 1955 καὶ
1135 1927 1292 1964 μειξότεροι
1310 1925 1493 1961 ὠνομάζοντο.

223 1971 292 2002 gata!
307 1967 444 2003 conjicere
458 1967 537 1996 facile
552 1962 604 2002 est,
618 1972 688 1997 utin
702 1972 776 2006 agris
788 1973 1009 2008 magistratuum,
1025 1976 1052 2003 in
1072 1962 1172 2012 quibus
1197 1980 1224 2004 et
1243 1974 1378 2009 majorum
1416 1962 1527 2002 nomine
1555 1972 1776 2008 appellabantur,
1805 1980 1854 1999 cu-

222 2015 367 2047 rationem,
383 2022 444 2048 qua
457 2014 566 2047 dicitur,
580 2023 751 2044 exercerent.

221 2060 340 2090 ARlST.'
366 2070 376 2087 ι
403 2061 537 2094 Clericus,
562 2062 608 2096 qui
625 2070 674 2089 sua
690 2063 784 2090 relicta
818 2065 944 2098 parochia
978 2065 1006 2093 in

260 2117 268 2132 ι
289 2107 369 2141 ollam
385 2115 414 2134 se
423 2107 540 2139 confert,
550 2108 610 2136 sine
626 2109 736 2144 proprio
751 2110 880 2145 episcopo
896 2116 924 2138 et
935 2111 1009 2138 Con-

262 2163 271 2180 ι
293 2155 545 2190 stantinopolitano,
556 2163 591 2182 ne
605 2156 779 2188 admittatur,
811 2164 900 2191 neque
916 2157 942 2184 in
953 2157 1011 2185 do—

263 2210 272 2226 I
291 2209 346 2231 mo,
363 2208 413 2227 nec
428 2201 456 2227 in
480 2201 606 2228 ecclesia.
639 2201 690 2234 Qui
719 2207 808 2229 autem
823 2203 875 2230 hoc
895 2202 960 2231 facit
983 2208 1011 2231 et

261 2256 271 2271 ‹
288 2250 454 2280 perseverat,
471 2246 632 2281 deponatur.
648 2247 677 2274 Si
692 2251 783 2275 autem
804 2249 837 2276 iis
851 2257 921 2284 quos
939 2250 1011 2277 dixi-

262 2302 272 2317 ι
293 2300 353 2320 mos
368 2292 517 2320 scientibus
537 2294 589 2320 hoc
604 2293 736 2325 fecerint;
752 2294 899 2323 saeculares
929 2296 956 2323 in
981 2304 1011 2324 se

256 2348 272 2364 1
291 2345 372 2366 curas
384 2347 418 2366 ne
425 2338 587 2374 suscipiant.
601 2340 643 2368 vel
659 2340 682 2368 si
693 2341 876 2376 susceperint.
889 2346 1009 2376 cessent,

263 2396 272 2412 ι
294 2386 415 2420 alioquin
432 2387 614 2422 deponantur.
633 2396 643 2413 ›

256 2431 431 2469 Peregrinum
454 2434 583 2461 clericum
613 2434 684 2462 hanc
701 2434 810 2463 urbium
830 2436 951 2471 reginam
966 2436 1010 2464 in-

223 2470 390 2513 gretlientem
409 2485 463 2505 non
478 2482 586 2513 oportet
610 2479 671 2507 sine
693 2479 735 2511 sui
762 2470 883 2516 episcopi
906 2485 933 2508 et
953 2481 1011 2515 epi-

223 2524 299 2559 scopi
316 2523 613 2559 Constantinopolitani
628 2525 768 2554 voluntate
790 2526 817 2554 in
833 2527 929 2562 quavis
951 2526 1010 2554 aede

222 2569 265 2597 vel
278 2570 394 2597 ecclesia
410 2569 504 2604 recipi.
520 2569 548 2597 Si
565 2575 655 2598 autem
671 2578 686 2598 a
697 2572 824 2607 quopiam
841 2573 902 2600 sine
914 2579 1009 2600 eorum

224 2617 339 2643 scientia
358 2616 516 2651 recipiatur,
533 2620 560 2643 et
573 2622 692 2648 maneat,
711 2619 744 2645 ad
759 2626 835 2646 suam
860 2619 1008 2654 paraaciam

223 2669 277 2688 non
301 2661 420 2695 rediens,
440 2661 605 2696 deponatur.
629 2662 681 2696 Qui
705 2669 796 2692 autem
824 2672 886 2692 cum
912 2672 1007 2692 eorum

224 2708 340 2735 scientia
360 2708 386 2735 in
403 2709 461 2736 aede
475 2709 577 2744 aliqua,
591 2717 687 2737 earum
703 2719 763 2746 qua
781 2712 807 2738 in
834 2702 905 2738 urbe
917 2711 968 2738 liae
993 2719 1008 2738 a

225 2751 280 2779 Deo
301 2753 435 2782 custodita
450 2759 525 2787 sunt,
540 2754 679 2783 admissus
695 2761 748 2789 est,
765 2764 820 2784 non
844 2755 925 2783 debet
941 2763 1008 2790 pro-

224 2796 309 2830 visor,
327 2804 373 2825 aut
390 2799 488 2834 major,
503 2805 551 2827 aut
564 2805 674 2828 curator
689 2802 760 2834 ﬁeri,
797 2804 844 2828 sed
860 2808 960 2836 pueros
981 2805 1010 2829 et

226 2849 320 2870 servos
336 2844 445 2872 docere.
464 2846 492 2873 Si
507 2851 598 2873 autem
614 2847 751 2882 ejusmodi
775 2855 856 2875 curas
878 2855 1007 2883 suscepe-

226 2887 274 2919 rit,
289 2890 329 2916 vel
346 2896 444 2920 cesset.
460 2892 502 2919 vcl
514 2893 676 2928 deponatur.

1062 2065 1173 2093 ΔΡΙΣΤ.
1193 2074 1202 2090 ι
1224 2063 1374 2099 Κληρικὺς,
1392 2062 1441 2098 τὴν
1467 2062 1564 2089 ἑαυτοῦ
1596 2063 1747 2096 παροικίαν
1759 2063 1855 2090 ἀπολι-

1103 2122 1113 2138 ι
1137 2111 1195 2138 πὼν
1211 2111 1258 2137 καὶ
1276 2112 1304 2137 ἐν
1319 2110 1401 2145 ἑτέρα
1417 2110 1583 2144 ἀφικόμενος
1607 2109 1692 2144 χωρὶς
1717 2109 1767 2135 τοῦ
1788 2110 1853 2136 ἰδίου

1069 2186 1073 2190 κ
1103 2168 1112 2184 ι
1141 2157 1291 2184 ἐπισκόπου
1322 2156 1370 2183 καὶ
1396 2156 1443 2183 τοῦ
1459 2155 1788 2186 Κωνστσντινουπόλεως,
1818 2155 1853 2190 μὴ

1101 2214 1112 2230 t
1132 2204 1252 2239 δεχέσθω
1269 2203 1338 2238 μήτε
1351 2204 1380 2229 ἐν
1395 2203 1463 2238 οἴκῳ
1477 2203 1544 2237 μήτε
1566 2203 1595 2235 ἐν
1612 2201 1758 2236 ἐκκλησίᾳ,
1782 2201 1815 2228 Ὃ
1826 2202 1854 2228 δὲ

1100 2261 1110 2277 ι
1135 2250 1212 2278 τοῦτο
1228 2250 1312 2277 ποιῶν
1339 2248 1386 2278 καὶ
1401 2249 1549 2284 ἐπιμένων,
1563 2248 1759 2283 καθαιρείσθω.
1777 2249 1811 2275 Ei
1827 2249 1854 2276 δὲ

1102 2307 1112 2324 ι
1137 2297 1198 2333 μετ’
1212 2297 1341 2332 είδήσεως
1355 2293 1393 2322 ὦν
1412 2295 1518 2330 ἔφημεν
1529 2294 1609 2321 τοῦτο
1627 2294 1783 2329 ποιοῦντες,
1812 2304 1855 2322 κο-

1101 2354 1111 2371 ι
1135 2344 1238 2378 σμικὰς
1254 2343 1398 2378 φροντίδας
1411 2343 1449 2377 μὴ
1462 2341 1696 2377 ἀναδεχέσθωσαν,
1709 2341 1727 2377 ἢ
1737 2341 1856 2378 δεξάμε-

1101 2399 1111 2416 ι
1132 2398 1172 2416 νοι
1187 2389 1390 2416 παυσάσθωσαν
1400 2396 1407 2404 ·
1422 2388 1447 2414 εί
1458 2388 1487 2415 δὲ
1507 2387 1555 2424 μὴ,
1569 2387 1822 2423 καθαιρείσθωσαν,
1842 2398 1852 2414 ι

1104 2434 1257 2468 Ἀλλότριον
1289 2433 1421 2469 κληρικὺν
1446 2434 1475 2460 ὲν
1495 2434 1529 2468 τῇ
1556 2432 1672 2469 βασιλίδι
1684 2433 1773 2470 ταύτῃ
1798 2434 1854 2461 τῶν

1062 2480 1166 2508 πόλεων
1190 2479 1345 2506 εἰσελθόντα
1359 2479 1389 2506 οὺ
1421 2479 1473 2514 χρὴ
1493 2479 1556 2506 ἄνευ
1581 2479 1695 2515 γνώμης
1706 2480 1755 2506 τοῦ
1786 2481 1853 2507 ἰδίου

1061 2526 1213 2553 ἐπισκόπου
1230 2526 1277 2552 καὶ
1299 2525 1345 2552 τοῦ
1362 2525 1673 2556 Κωνσταντινουπόλεω,
1695 2527 1853 2554 ἐπισκόπου

1061 2574 1091 2600 ἐν
1108 2572 1356 2608 οἱῳδήτινιοῖκῳῆ
1377 2572 1510 2608 ἐκκλησίᾳ
1527 2571 1746 2607 παραδεχθῆναι.
1772 2573 1805 2599 ΕΞ
1821 2573 1852 2600 δὲ

1062 2618 1139 2653 παρά
1152 2626 1225 2649 τινος
1239 2617 1393 2653 προσδεχθῇ
1424 2618 1518 2653 χωρὶς.
1542 2617 1670 2652 είδήσεως
1685 2617 1787 2648 αὐτῶν,
1805 2619 1853 2645 καὶ

1061 2665 1197 2700 ὶπιμένει,
1207 2664 1276 2701 πρὸς
1283 2664 1332 2700 τὴν
1341 2663 1440 2691 ἑαυτοῦ
1455 2662 1602 2699 παροικῐαν
1615 2664 1652 2698 μὴ
1664 2663 1851 2699 ἐπιστρέφων,

1052 2711 1306 2748 ⁴καθαιρεθήσεται.
1330 2711 1358 2737 '0
1374 2710 1402 2737 δὲ
1417 2710 1477 2745 μετ’
1502 2710 1631 2744 εἰδήσεως
1648 2709 1740 2737 αὐτῶν
1755 2710 1784 2736 ἓν
1799 2719 1852 2737 τινι

1061 2756 1129 2791 οἴκῳ
1143 2756 1197 2782 τῶν
1206 2756 1278 2783 κατὰ
1290 2756 1339 2792 τὴν
1352 2756 1534 2790 θεοφύλακτον
1549 2755 1650 2791 ταύτην
1663 2756 1741 2782 πόλιν
1757 2756 1851 2782 εἰσιὼν

1061 2802 1112 2828 οὐκ
1126 2803 1230 2836 ὀφείλει
1256 2803 1418 2838 προνᾱητὴς,
1437 2802 1454 2838 ἦ
1477 2802 1643 2837 μειζότερος,
1666 2802 1681 2837 ἢ
1702 2804 1851 2836 κουρατωρ

1062 2847 1202 2881 γενέσθαι,
1222 2847 1291 2875 ἀλλὰ
1305 2849 1374 2883 πρὸς
1398 2848 1574 2875 διδασκαλίαν
1597 2847 1651 2874 τῶν
1680 2847 1786 2873 παίδων
1802 2848 1851 2874 καὶ

1032 2899 1035 2902 ’
1059 2894 1113 2920 τῶν
1125 2894 1238 2920 οἰκετῶν
1253 2894 1334 2922 εἶναι.
1352 2894 1384 2921 El
1399 2894 1427 2921 δὲ
1439 2893 1569 2922 τοιαύτας
1584 2893 1728 2928 φροντίδας
1755 2893 1850 2920 ἀναδέ-

1059 2940 1144 2971 ξεται,
1163 2939 1179 2969 ἢ
1195 2939 1355 2970 παυσάσθω.
1371 2940 1387 2969 ἢ
1404 2939 1596 2968 καθαιρείσθω.
