1933 3112
234 100 285 134 931

875 99 1016 130 THEOD.
1038 97 1239 129 BALSAMON

1831 98 1896 127 932

235 164 349 196 propter
379 162 521 195 urgentem
556 156 681 185 ecclesiis
711 157 928 188 necessitatem,
957 155 1024 183 alie-

1079 153 1170 188 γνωθι.
1189 151 1269 179 Ἀλλὰ
1284 152 1357 179 καὶὸ
1373 152 1460 188 μέγας
1485 144 1617 189 Κύριλλος
1643 154 1672 180 ἐν
1702 153 1743 188 τῷ
1768 153 1797 188 β’
1818 162 1894 187 κεφ,

237 214 359 239 nantur;
394 213 428 233 ex
459 212 565 233 canone
599 204 634 232 29
663 203 891 239 Carthaginensis
925 201 1025 237 synodi

237 257 364 289 apparet,
381 250 466 288 304
481 252 528 286 qui
544 250 598 279 hoc
608 259 669 278 eum
682 250 858 278 distinctione
871 248 1024 284 permittit;

235 308 318 335 quem
334 299 404 334 lege.
414 297 475 329 ‘Sed
491 305 609 333 magnus
623 298 705 325 etiam
716 296 847 332 Gyrillus.
859 296 887 323 in
903 294 1026 323 secundo

235 345 325 380 capite
338 343 444 371 suat‘ad
458 342 594 371 Domnum
610 342 743 378 epistolae,
759 339 946 369 inalienabilia
962 346 1025 368 esse

235 390 302 417 dicit
322 397 386 417 vasa
402 388 536 425 pretiosa,
561 395 640 416 sacra
668 387 787 419 scilicet,
818 391 845 413 et
869 384 1024 412 immobiles

234 434 416 463 ecclesiarum
445 433 648 469 possessiones.
672 432 809 460 Caeterum
836 431 888 459 It0e
915 437 1026 466 quoque

237 482 421 517 interpretare
443 487 477 508 ex
505 479 642 517 sententia
669 478 784 506 canonis
808 477 940 513 Carthag.
962 484 1024 513 syn.

234 527 305 556 Cum
325 527 435 563 quidam
458 530 551 554 autem
570 527 718 562 episcopus
741 522 1024 561 pratdium‘ecclesia-

234 574 337 603 sticum
365 573 511 608 principali
531 572 641 600 cuidam
664 579 789 608 personae
815 571 973 604 alienasset,
999 575 1026 598 et

235 621 368 648 alienatio
384 628 432 655 per
445 620 519 647 hunc
534 627 669 647 canonem
692 618 831 646 inﬁrmata
846 621 930 649 esset,
951 616 1025 644 dice—

236 669 303 695 bant
320 667 433 702 quidam
450 667 551 694 debere
568 666 728 701 episcopum
752 672 786 692 ex
803 665 962 700 episcopatu
977 670 1024 690 ex-
1045 664 1053 671 '

235 715 310 750 pelli,
331 719 360 741 ut
386 715 436 741 hoc
453 721 559 741 canone
575 713 744 740 continetur.
772 711 836 738 Mihi
861 715 1024 738 autemnon

235 764 272 789 ita
288 762 404 788 videtur.
423 759 516 795 Neque
537 760 610 786 enim
639 758 718 794 jubet
746 765 835 786 canon
862 757 1023 791 episcopum

234 816 274 841 ex
285 808 444 842 episcopatu
462 806 554 840 dejici,
570 805 681 840 quando
698 803 795 832 fecerit
807 803 902 839 praedii
917 802 1023 828 aliena-

1075 199 1125 234 τῆς
1138 198 1210 234 πρὸς
1220 199 1323 233 Δόμνον
1334 199 1481 234 ἐπιστολῆς
1497 199 1582 226 αὐτοῦ
1608 201 1790 236 ἀνεκποὶητα
1805 199 1889 228 εἶναι

1075 243 1224 280 διορίζεται
1250 245 1285 270 τὰ
1308 245 1449 280 κειμήλια,
1473 245 1559 280 ήγουν
1583 246 1618 272 τὰ
1633 246 1705 280 ἱερὰ,
1738 245 1797 272 καὶ
1835 247 1891 277 τὰς

1076 291 1225 327 ἀκινήτους
1240 292 1353 327 κτήσεις
1367 291 1424 318 τῶν
1439 292 1604 328 ἐκκλησιῶν.
1625 292 1701 328 Πλὴν
1726 292 1781 319 καὶ
1798 292 1890 319 τοῦτο

1064 336 1150 363 κατὰ
1164 336 1210 363 τὸν
1228 337 1330 363 κανόνα
1344 337 1392 372 τῆς
1404 338 1433 364 ἐν
1448 337 1615 374 Καρθαγένῃ
1638 338 1755 365 συνόδου
1787 339 1890 373 ἑρμή-

1079 391 1184 411 νευσον.
1204 383 1371 410 Ἐπισκόπου
1386 384 1416 411 δέ
1441 393 1515 417 τινος
1535 385 1700 420 αὐτούργιον
1719 385 1887 419 ἐκκλησια-

1079 429 1173 458 στικὸν
1194 429 1374 462 ἐκδεδωκότος
1411 430 1481 466 πρὸς
1515 432 1679 466 ἀρχοντικὸν
1705 432 1884 467 πρόσωπον,

1077 475 1186 511 καὶτῆς
1201 475 1335 509 ἐκδόσεως
1347 476 1391 503 διὰ
1413 477 1458 504 τὸν
1479 477 1580 504 κανόνα
1597 477 1695 506 τοῦτον
1712 479 1884 514 ἁκυρωθεῐ-

1079 530 1141 558 σης,
1153 520 1230 549 εἶπόν
1247 531 1321 554 τινες
1336 523 1453 558 ὀφείλειν
1467 524 1635 560 ἐκϐληθῆναι
1656 525 1705 552 τὸν
1717 525 1884 552 ἐπίσκοπον

1076 570 1109 596 ἐκ
1125 569 1175 604 τῆς
1190 569 1344 604 ἐπισκοπῆς
1368 572 1441 596 κατὰ
1454 570 1504 606 τὴν
1514 570 1561 597 τοῦ
1575 570 1687 602 κανόνος
1705 571 1880 606 περίληψιν.

1066 645 1069 651 ,
1082 616 1160 651 Ἐμοὶ
1175 616 1204 643 δὲ
1217 616 1247 642 οὐ
1258 616 1342 652 δοκεῖ.
1365 617 1395 643 '0
1406 617 1462 652 γὰρ
1475 616 1565 644 κανὼν
1590 618 1621 644 οὐ
1645 617 1882 651 παρακελεύεται

1077 662 1259 690 ἐκϐάλλεσθαι
1273 663 1319 689 τὸν
1336 663 1490 690 ἐπίσκοπον
1507 665 1539 690 ἐκ
1551 664 1599 690 τοῦ
1614 664 1819 696 ἑπισκοπείσυ,
1837 666 1880 691 ὅτε

1075 710 1178 745 ἄκυρον
1194 710 1337 745 ἑκποίησιν
1359 710 1523 745 αὑτουργίου
1539 710 1717 747 διαπράξοιτο
1729 718 1738 725 ’
1756 711 1822 738 ἀλλ’
1837 712 1879 738 ὂτε

1077 757 1147 791 μετὰ
1159 756 1236 783 δόλου
1251 756 1358 783 ἔκδοσιν
1376 757 1506 792 ἀκινήτου
1529 750 1772 793 ἐκκλησιαστικοῡ
1791 759 1876 793 ποιη-

1077 811 1131 836 σει,
1144 803 1192 830 καὶ
1205 804 1237 839 τῇ
1256 803 1307 838 μὲν
1320 803 1435 839 ἀληθείᾳ
1449 804 1523 830 θέλει
1545 804 1703 840 περιελθεῖν
1728 805 1821 831 τοῦτο
1838 807 1877 836 εἰς

236 838 351 886 tionem,
366 838 427 888 quae
441 838 504 878 rata
515 859 547 878 ac
560 838 636 883 ﬁrma
650 857 703 876 non
726 849 823 881 fuerit;
840 846 889 875 sed
912 845 1023 882 quando

1079 849 1193 877 δυνατὸν
1208 838 1371 886 πρόσωπον,
1384 838 1464 886 κατὰ⁵
1478 851 1507 878 δὲ
1524 838 1702 887 ῥᾳδιουργίας
1717 854 1877 886 παραπέμ-

235 899 384 927 inmobilis
395 898 434 925 rei
449 897 646 925 eeclesiasticas
664 896 857 923 alienationem
880 901 940 920 cum
958 891 1021 919 dolo

237 946 332 974 fecerit
349 955 356 972 :
376 949 402 972 et
420 944 447 972 id
464 943 573 978 quidem
587 950 683 970 revera
707 942 739 969 ad
766 944 904 976 potentem
925 946 1022 974 perso-

237 1000 299 1020 nam
320 991 463 1025 pervenire
487 991 564 1021 velit,
587 989 683 1016 fraude
706 992 797 1015 autem
826 994 859 1014 ac
886 985 1022 1012 malitiosa

237 1038 387 1067 calliditate
413 1037 514 1064 clerico
537 1036 579 1063 vel
600 1035 728 1070 agricola:
747 1033 902 1066 tradiderit,
924 1033 951 1059 id
967 1039 1023 1059 non

236 1093 298 1113 esse
314 1084 406 1119 magni
420 1078 523 1110 reditus
537 1074 665 1113 causaris.
684 1085 714 1108 ut
725 1081 761 1108 ab
775 1080 821 1107 illo
836 1079 870 1106 ad
884 1081 1022 1115 potentem

238 1124 390 1167 perveniat.
409 1123 479 1157 ’Non
506 1129 579 1156 enim
604 1131 718 1163 propter
746 1127 951 1157 alienationem.
975 1124 1023 1152 sed

237 1183 350 1213 propter
363 1176 571 1204 fraudulentum
591 1173 752 1203 consilium.
767 1177 797 1199 ιιι
808 1178 842 1199 ex
860 1171 1022 1206 episcopatu

236 1224 431 1252 deturbaretur
443 1223 620 1250 constitutum
630 1223 684 1247 est.
698 1219 788 1254 Atque
797 1218 850 1246 hoc
865 1217 974 1253 quidem
989 1223 1024 1244 ex

237 1279 344 1299 canone
357 1270 392 1298 38
405 1268 555 1304 apostolico
571 1268 599 1295 in
616 1266 745 1302 presenti
761 1271 868 1293 canone
893 1264 947 1291 sito
974 1262 1023 1291 de-

235 1318 369 1345 claratum
387 1320 439 1347 est,
456 1315 502 1350 qui
525 1322 580 1342 non
595 1313 674 1348 punit
695 1310 932 1351 epis_copum,qui
962 1309 1024 1337 sine

236 1364 301 1392 dolo
317 1368 344 1391 et
357 1350 554 1389 malitia'rebus
569 1350 767 1387 ecclesiasticis
781 1357 883 1390 utitur;
896 1356 1024 1384 similiter

236 1414 266 1438 et
285 1417 317 1437 ex
328 1408 400 1437 Just.
416 1416 480 1436 nov.
497 1407 548 1434 1‘20
565 1414 613 1434 seu
639 1405 685 1434 lib.
699 1405 746 1438 25,
759 1404 801 1432 tit.
818 1412 848 1436 ν.
863 1411 889 1431 c.
903 1403 921 1430 2
940 1403 1023 1430 Basil.

239 1456 314 1492 quod
330 1455 454 1483 decernit
469 1453 605 1489 ejusmodi
620 1457 780 1479 contractus
800 1458 855 1478 non
870 1449 977 1483 valere;
989 1449 1025 1476 de

238 1503 362 1538 episcopi
375 1506 465 1529 autem
480 1500 523 1528 vel
540 1498 701 1542 monasterii
716 1497 833 1525 rectoris
851 1504 933 1532 paena
955 1495 1027 1523 nihil
1039 1516 1062 1547 Ω

237 1549 347 1584 penitus
374 1552 492 1579 tractat;
521 1545 570 1574 sed
595 1549 700 1581 tantum
727 1543 903 1571 tabellionem
926 1543 1025 1570 multat

238 1595 345 1623 exsilio.
369 1593 423 1621 Sed
448 1592 580 1627 quoniam
608 1591 681 1619 dicta
714 1589 823 1617 novella
853 1590 923 1624 (sive
948 1593 1023 1616 totus

239 1641 330 1677 potius
345 1638 484 1668 secundus
499 1638 587 1674 quinti
611 1637 673 1664 libri
693 1635 802 1672 titulus)
832 1636 931 1663 statuit
954 1641 1023 1662 non-

239 1675 377 1722 nunquam
393 1694 447 1714 non
461 1686 550 1714 solum
576 1685 748 1711 inlructuosa
777 1688 804 1710 et
823 1675 891 1710 nihil
919 1683 1024 1710 reditus

238 1733 380 1762 aﬂ’erentia
409 1731 558 1760 immobilia
584 1730 765 1758 ecclesiarum
792 1733 821 1757 et
838 1729 1024 1757 monasterio-

239 1784 352 1813 rum,et
366 1779 453 1814 ipsius
481 1778 562 1805 etiam
584 1776 689 1811 Magnae
712 1775 837 1803 ecclesia
856 1780 884 1803 et
908 1775 1024 1802 aliarum

240 1833 380 1854 sacrarum
397 1825 511 1857 aedium,
528 1831 622 1851 verum
637 1830 670 1850 ea
694 1823 777 1851 etiam
792 1830 824 1849 ex
842 1822 942 1857 quibus
968 1821 1026 1848 fru-

239 1877 301 1900 ctus
323 1876 350 1899 et
371 1871 476 1898 reditus
501 1870 660 1905 percipitur.
695 1868 774 1896 vendi
789 1873 816 1896 et
832 1868 957 1901 alienari,
977 1876 1027 1903 per

222 1917 432 1955 distinctiones
453 1924 515 1951 qua:
543 1916 570 1943 in
600 1923 631 1943 ea
669 1914 858 1949 declarantur,
874 1920 1024 1950 ‘praaterea

239 1956 331 1994 autem
351 1969 378 1992 et
397 1964 521 1999 quaedam
537 1964 669 1991 suadente
682 1969 805 1998 tempore
823 1964 938 1991 alienari
961 1962 1036 1998 per-'

240 2012 325 2039 mittit
342 2020 350 2038 :
368 2011 426 2045 lege
441 2018 514 2042 eam,
531 2017 592 2045 quae
607 2013 635 2036 et
656 2017 751 2044 magna
768 2014 810 2037 est
826 2014 853 2036 et
871 2010 1024 2044 multiplex,

240 2059 426 2094 plurimasque
451 2056 646 2084 distinctiones
668 2056 790 2091 recipit:
810 2059 837 2084 et
856 2063 973 2091 procura
996 2061 1026 2083 ut

241 2105 306 2131 {iam
330 2104 373 2131 vel
402 2111 457 2130 non
479 2103 555 2134 liant,
583 2102 618 2129 ab
641 2101 766 2130 ecclesiis
792 2105 820 2130 et
850 2102 1025 2130 monasteriis

240 2149 421 2177 alienationes
448 2151 476 2176 et
495 2147 665 2174 venditiones
690 2153 831 2174 sacrorum
857 2150 885 2174 et
904 2147 1025 2182 ipsorum

232 2195 433 2230 piunizobilium,
453 2198 484 2221 ut
497 2201 529 2221 ea
546 2188 714 2225 continetur,
735 2197 763 2220 et
790 2193 824 2220 ab
841 2193 916 2220 omni
932 2186 1025 2228 repre-

1080 2201 1228 2237 ὲναντιωθῇ
1244 2209 1286 2228 σοι
1300 2203 1314 2228 ὁ
1325 2201 1421 2236 παρὼν
1435 2202 1537 2234 κανὼν,
1553 2203 1595 2230 ὄτι
1609 2204 1656 2230 καὶ
1674 2205 1691 2238 ἡ
1704 2204 1807 2239 Νεαρᾶ
1821 2205 1866 2238 τὴν

243 2241 376 2269 hensione
388 2240 493 2267 alienus
509 2239 675 2267 servaberis.
690 2238 783 2274 Neque
798 2239 871 2266 enim
892 2239 941 2266 tibi
965 2246 1027 2267 esse

241 2287 400 2315 contrarius
420 2287 546 2314 videatur
564 2287 608 2314 hic
625 2294 750 2321 praesens
774 2294 881 2319 canon;
898 2287 1027 2322 quoniam

243 2334 352 2361 novella
378 2340 488 2368 quoque
520 2339 612 2360 rerum
644 2331 823 2360 immobilium
849 2333 1028 2360 ecclesiarum

243 2381 286 2408 vel
301 2381 531 2408 monasteriorum
553 2380 744 2407 alienationem
764 2383 811 2407 aut
832 2380 1027 2414 venditionem,

243 2435 303 2462 quae
319 2427 380 2454 sine
393 2426 468 2461 iusta
490 2430 516 2453 et
538 2429 652 2461 urgente
677 2432 760 2453 causa
792 2425 830 2457 lit,
845 2426 974 2453 similiter
995 2433 1029 2454 ac

246 2481 367 2509 praesens
382 2480 470 2500 canon
487 2473 623 2507 prohibet.
637 2471 708 2505 Quid
720 2479 796 2504 vero,
811 2479 872 2500 cum
888 2472 1028 2506 alienatio,

247 2526 276 2548 ut
292 2521 395 2548 dictum
412 2524 466 2553 est,
483 2519 647 2551 inﬁrmetur,
673 2522 700 2545 et
727 2526 769 2546 res
791 2519 974 2547 ecclesiastica
995 2518 1030 2547 ad

246 2567 391 2595 ecclesiam
411 2566 452 2593 vel
470 2566 665 2592 monasterium
691 2568 857 2596 revertatur.
882 2571 1030 2601 cogeturne

246 2613 298 2648 ipsi
314 2611 436 2639 vicissim
453 2618 522 2645 quos
533 2619 565 2637 ca
577 2610 611 2638 de
629 2619 711 2638 causa
726 2616 888 2646 acceperunt
903 2619 1030 2640 nummos

246 2659 288 2685 vel
316 2665 360 2685 res
385 2657 470 2684 dare?
496 2655 614 2683 Solutio.
646 2655 833 2691 Nequaquam.
853 2657 921 2684 Dicit
955 2657 1029 2684 enim

245 2704 317 2731 dicta
331 2704 436 2736 novella
453 2704 509 2730 hac
522 2710 660 2736 cxiii-esse.
685 2702 713 2729 Si
730 2710 794 2730 vero
812 2706 908 2737 praeter
928 2711 960 2730 ea
971 2711 1031 2739 quae

248 2757 264 2776 a
282 2749 361 2777 nobis
381 2749 432 2776 hac
446 2750 504 2785 lege
520 2749 625 2776 sancita
643 2753 715 2785 sunt,
730 2749 781 2776 fuit
801 2749 901 2784 aliquis
916 2756 1031 2778 comra-

251 2799 312 2822 ctus
330 2795 357 2821 in
374 2794 490 2823 diversis
504 2796 587 2822 rebus
602 2796 749 2823 mobilibus
767 2796 808 2822 vel
835 2796 1030 2829 immobilibus,

211 2843 213 2846 ‘
251 2839 299 2866 uni
322 2838 479 2868 sanctarum
511 2840 666 2873 domorum,
695 2840 826 2868 reddatur
852 2841 962 2877 quidem
980 2842 1030 2878 ipsi

1066 1690 1201 1731 ⁴ἀκίνητα
1237 1690 1391 1726 ἐκκλησιῶν
1413 1691 1460 1718 καὶ
1487 1691 1691 1726 μοναστηρίων,
1711 1693 1755 1718 καὶ
1780 1692 1869 1725 αὐτῆς

1076 895 1122 931 ψει
1139 896 1204 928 αὐτὸ
1224 898 1294 932 πρὸς
1317 897 1449 932 κληρικὺν
1468 898 1485 933 ἢ
1502 898 1633 932 γεωργὸν,
1653 898 1874 933 προφασισὰμε-

1077 951 1121 974 νος
1137 941 1207 970 εἶναι
1220 943 1383 979 ἀπρόσοδον,
1401 944 1440 975 ὡς
1454 943 1487 971 ἂν
1501 943 1531 976 ἐξ
1546 944 1654 971 ἐκείνου
1670 945 1815 980 περιέλθῃ
1838 945 1875 974 είς

1078 989 1123 1015 τὸν
1139 989 1252 1016 δυνατόν
1264 997 1270 1004 ·
1289 990 1319 1015 οὐ
1335 990 1389 1024 γὰρ
1405 989 1449 1016 διὰ
1468 989 1518 1024 τὴν
1543 989 1700 1025 ἐκποίησιν,
1731 989 1808 1016 ἀλλὰ
1833 990 1873 1015 διὰ

1078 1036 1128 1071 τὴν
1145 1035 1314 1070 πανουργίαν
1337 1035 1516 1071 ἐπεψηφίσθη
1542 1036 1630 1071 τούτῳ
1647 1037 1664 1071 ἠ
1681 1037 1715 1062 ὲκ
1745 1035 1798 1062 τοῦ
1814 1037 1872 1062 ἑπι-

1079 1082 1210 1109 σκοπείου
1226 1081 1337 1118 ἐκϐολή.
1352 1082 1409 1109 Καὶ
1419 1081 1549 1117 δηλοῦται
1563 1082 1643 1108 τοῦτο
1667 1081 1725 1108 ἀπὸ
1741 1081 1794 1108 τοῦ
1812 1082 1872 1108 ἀπο-

1079 1128 1204 1156 στολικοῠ
1219 1127 1260 1163 λη’
1275 1128 1398 1161 κανόνος,
1427 1127 1476 1156 τοῦ
1495 1129 1746 1164 καταστρωθέντος
1771 1129 1814 1160 εις
1829 1129 1871 1154 ciu

1079 1176 1202 1211 παρόντα
1219 1175 1332 1207 κανόνα,
1352 1176 1399 1202 καὶ
1412 1176 1450 1211 μὴ
1466 1175 1626 1207 κολάζοντος
1643 1175 1691 1202 τὸν
1718 1175 1871 1203 ἐπίσκοπον

1078 1222 1125 1249 τὸν
1140 1221 1202 1257 δίχα
1212 1221 1290 1248 δόλου
1306 1222 1450 1257 χρώμενον
1471 1223 1565 1254 κακῶς
1582 1223 1639 1254 τοῖς
1662 1221 1870 1257 ἑκκλησιαατι-

1079 1269 1137 1301 κοῖς
1151 1268 1333 1304 πράγμασιν
1361 1268 1494 1300 ὡσαύτως
1516 1269 1563 1296 καὶ
1581 1268 1636 1296 ἀπὸ
1663 1269 1714 1304 τῆς
1742 1271 1788 1304 ρκ’
1806 1269 1868 1294 ’1ου-

1080 1315 1243 1343 στινιανείου
1260 1315 1379 1352 Νεαρᾶς,
1397 1316 1456 1351 ἦτοι
1467 1315 1515 1343 τοῦ
1532 1315 1574 1351 κγλ
1590 1324 1655 1350 κεφ.
1670 1315 1720 1343 τοῦ
1747 1316 1772 1351 BF
1785 1316 1869 1343 τίτλον

1078 1362 1127 1390 τοῦ
1157 1361 1178 1389 ε’
1207 1362 1311 1398 βιϐλίου
1335 1362 1390 1389 τῶν
1414 1362 1580 1396 Βασιλικῶν,
1606 1363 1655 1389 τοῦ
1678 1362 1868 1399 διοριζομένων

1079 1409 1115 1436 τὰ
1131 1409 1249 1436 τοιαῦτα
1264 1409 1480 1444 συναλλάγματα
1494 1409 1665 1444 ἁκυροῢσθαι
1678 1417 1686 1424 ·
1705 1410 1778 1445 περὶ
1788 1410 1817 1436 δὲ
1827 1408 1868 1435 τοῦ

1079 1455 1262 1492 τιμωρεῖσθαι
1275 1456 1321 1483 τὸν
1337 1456 1490 1483 ἐπίσκοπον
1510 1456 1526 1491 ἢ
1545 1456 1589 1483 τὸν
1605 1455 1765 1492 ἡγούμενον
1789 1457 1868 1492 μηδὲν

1077 1511 1104 1529 τι
1120 1502 1365 1538 διαλαμϐάνοντος,
1392 1502 1463 1530 ἀλλὰ
1481 1502 1527 1529 τὸν
1545 1502 1810 1538 συμϐολαιοτρᾶφον
1822 1504 1869 1538 p.6-

1079 1558 1124 1576 vov
1137 1550 1177 1581 είς
1192 1548 1301 1584 ὲξορίαν
1318 1549 1559 1582 καταδικάζοντος.
1580 1549 1658 1575 Ἐπεὶ
1672 1549 1703 1575 δὲ
1720 1550 1737 1584 ἡ
1754 1549 1868 1585 ῥηθεῖσι

1076 1597 1181 1633 Νεαρὰ,
1195 1598 1256 1633 ἦτοι
1269 1598 1284 1624 ό
1295 1597 1355 1629 ὅλος
1369 1597 1459 1630 τίτλος
1484 1597 1534 1624 τοῦ
1556 1597 1576 1624 ε’
1601 1598 1719 1633 βιϐλίου,
1743 1598 1868 1630 θεσπίζει

1077 1643 1152 1671 ἐστιν
1163 1644 1208 1671 ὅτε
1222 1644 1261 1679 μὴ
1282 1645 1364 1680 μόνον
1387 1644 1538 1680 ἀπρόοοδα,
1556 1644 1626 1671 ἀλλὰ
1639 1646 1687 1672 καὶ
1702 1645 1868 1681 εὐπρόσοδα,

1077 1738 1127 1771 τῆς
1149 1736 1279 1773 Μεγάλης
1303 1737 1452 1773 ἐκκλησίας
1481 1738 1528 1764 καὶ
1563 1737 1618 1764 τῶν
1646 1737 1731 1764 ἄλλων
1753 1736 1868 1771 εὑαγῶν

1078 1783 1171 1817 οἴκων,
1192 1784 1362 1811 ὲκποιεῖσθαι
1376 1785 1424 1811 καὶ
1453 1784 1604 1811 ἐκδίδοσθαι
1627 1784 1696 1820 μετὰ
1708 1784 1867 1817 διαστὶξεων

1077 1830 1250 1866 δηλουμένων
1283 1832 1312 1857 ἐν
1333 1831 1421 1867 αὐτῇ·
1451 1832 1563 1867 προσέτι
1583 1840 1615 1866 γε
1640 1832 1692 1867 μὴν
1725 1832 1774 1859 καὶ
1808 1833 1867 1868 ἱερά

1077 1885 1140 1904 τινα
1154 1878 1296 1912 ἐπιτρέπει
1313 1877 1410 1913 καιροῦ
1428 1877 1575 1910 καλοῦντος
1593 1878 1785 1906 ὲκποιεῐσοαι·
1806 1879 1867 1906 ἀνά-

1077 1924 1162 1958 γνωθι
1189 1924 1292 1960 ταύτην
1323 1924 1549 1961 μεγάλην¹οὖσαν
1574 1925 1622 1952 καὶ
1649 1926 1804 1962 πολυσχιδῆ
1824 1926 1866 1952 καὶ

1078 1969 1301 1997 πολυδιάστικτον
1319 1978 1328 1987 ’
1355 1971 1403 1997 καὶ
1434 1970 1571 2005 οἱκονόμει
1602 1970 1740 2003 γίνεσθαι,
1783 1971 1800 2006 ἦ
1833 1970 1866 2005 μὴ

1081 2015 1215 2050 γίνεσθαι,
1242 2016 1319 2051 παρά
1347 2024 1377 2043 τε
1402 2016 1457 2044 τῶν
1487 2016 1638 2052 ἐκκλησιῶν
1663 2017 1713 2044 καὶ
1733 2018 1793 2044 τῶν
1822 2026 1866 2051 μο-

1078 2062 1231 2098 ναστηρίων
1268 2062 1318 2094 τὰς
1365 2063 1526 2098 ἑκποιήσεις
1561 2065 1608 2090 καὶ
1652 2063 1780 2096 ἐκδόσεις
1818 2064 1867 2090 τῶν

1080 2108 1173 2143 ιερῶν,
1189 2109 1236 2136 καὶ
1255 2108 1310 2136 τῶν
1335 2109 1472 2144 ἀκινήτων
1487 2110 1586 2142 αὐτῶν,
1603 2110 1674 2147 κατὰ
1690 2110 1744 2146 τὴν
1768 2110 1868 2145 ταύτης

1081 2154 1238 2190 περίληψιν,
1257 2156 1304 2182 καὶ
1323 2155 1484 2192 φυλαχθήσῃ
1500 2157 1705 2188 ἀκαταιτὶατος.
1725 2158 1798 2184 Οὐδὲ
1817 2160 1866 2192 γὰρ

1079 2245 1166 2282 χωρὶς
1181 2239 1293 2281 εὐλόγου
1316 2247 1364 2274 καὶ
1388 2248 1593 2284 ἀναγκαστικῆς
1608 2249 1698 2280 αἰτίας
1725 2251 1869 2286 ὲκποίησιν
1923 2248 1924 2253 ¹

1078 2292 1095 2328 ἢ
1112 2292 1217 2319 ἔκδοσιν
1230 2293 1284 2319 τῶν
1299 2294 1532 2328 ὲκκλησιαστικῶν
1550 2294 1566 2330 ἢ
1582 2295 1759 2329 μοναστικῶν
1776 2297 1870 2332 ἀκινήο

1079 2347 1133 2365 των
1160 2338 1318 2374 παρομοίως
1345 2338 1384 2374 τῷ
1407 2339 1521 2375 παρόντι
1541 2341 1635 2379 κανόνι
1651 2341 1766 2370 κωλύει.
1785 2343 1819 2369 Τί
1833 2343 1867 2374 δὲ,

1079 2385 1131 2419 τῆς
1148 2385 1318 2420 ἑκποιήσεως
1330 2385 1533 2421 ἀκυρουμένης,
1550 2386 1589 2418 ὡς
1614 2388 1735 2422 εἴρηται.
1762 2391 1814 2415 καὶ
1827 2389 1867 2415 τοῦ

1080 2431 1306 2467 ὲκκλησιαστικοῦ
1334 2433 1497 2468 πράγματος
1521 2433 1777 2468 ὰντιστρεφομένου
1801 2437 1868 2469 πρὸς

1079 2477 1128 2513 τὴν
1143 2478 1323 2514 ὲκκλησίανῆ
1343 2478 1374 2505 τδ
1405 2479 1598 2514 μοναστήριον,
1624 2480 1869 2514 ἀναγκασθήσετ;ι

1080 2524 1110 2548 τὸ
1123 2522 1221 2558 ιμὲρος
1235 2522 1338 2556 αὐτῶν,
1353 2522 1371 2550 ἃ
1386 2524 1467 2561 χάριν
1483 2523 1578 2550 τούτου
1595 2523 1688 2556 ἔλαϐε,
1709 2526 1872 2560 νομίσματα

1081 2568 1098 2604 ἢ
1128 2570 1279 2603 πράγματα
1301 2569 1410 2602 δοῦναι;
1431 2569 1526 2601 Λύσις.
1550 2570 1694 2605 οὐδαμῶς.
1720 2571 1795 2605 Φησὶ
1819 2573 1871 2605 γὰρ

1081 2614 1099 2649 ἡ
1113 2614 1224 2648 ρηυείσα
1235 2612 1329 2649 Νεαρὰ
1344 2615 1433 2650 ῥητῶς
1446 2613 1532 2642 ταῦτα
1546 2624 1553 2631 ³
1571 2617 1602 2643 ΕΞ
1627 2616 1656 2643 δὲ
1672 2619 1751 2652 παρὰ
1766 2618 1804 2644 τὰ
1818 2619 1867 2652 διη-

1082 2659 1235 2694 γορευμένα
1250 2661 1315 2695 ἡμῖν
1337 2660 1374 2695 τῷ
1397 2661 1511 2696 παρόντι
1544 2662 1616 2696 νόμῳ
1641 2663 1825 2698 συνάὶιὶαγμά
1849 2673 1873 2690 τι
1923 2659 1924 2689 1

1083 2705 1197 2740 γένηται
1214 2707 1262 2733 ἐπὶ
1274 2707 1329 2739 τοῖς
1345 2707 1502 2742 διαφέρουσι
1521 2708 1675 2743 πράγμασι,
1694 2713 1823 2744 κινητοίς
1845 2719 1871 2737 τε

1084 2753 1130 2778 καὶ
1146 2753 1299 2788 ἀκινήτοις,
1313 2753 1353 2779 ἑνὶ
1369 2753 1423 2779 τῶν
1449 2754 1555 2788 εὐαγῶν
1570 2755 1661 2785 οἴκων,
1692 2756 1871 2784 ἀναδίδοσθαι

1085 2797 1133 2832 μὲν
1142 2799 1173 2832 τῇ
1188 2799 1254 2833 αὐτῇ
1269 2799 1406 2834 ἁγιωτάτῃ
1429 2799 1570 2835 ἐκκλησίᾳ,
1580 2800 1637 2835 ἦτοι
1647 2800 1685 2834 τῷ
1699 2802 1798 2835 εὐαγεί
1808 2803 1872 2835 οἴνῳ

1083 2844 1113 2869 τὸ
1129 2844 1253 2879 πρᾶγμα,
1269 2844 1311 2879 ἐφ’
1327 2841 1348 2879 ᾧ
1362 2844 1480 2880 τοιοῦτόν
1492 2853 1518 2872 τι
1536 2846 1775 2882 παρηκολούθησε,
1805 2848 1875 2883 μετὰ
