1933 3112
254 128 305 159 935
324 104 342 124 ’

878 119 1018 150 THEGD.
1040 119 1241 149 BALSAMON

1844 115 1901 147 5136

251 191 304 214 ria,
318 183 447 218 Pnineipo
471 179 612 215 Antigoni,
638 177 833 214 Brachynesio,
855 175 1027 204 Terebinthot

1085 173 1237 210 Γλυκερίᾳ,
1251 174 1285 209 τῇ
1299 173 1445 209 Πριγκίπῳ
1454 174 1487 209 τῇ
1501 174 1549 200 τοῦ
1568 174 1735 208 Ἀντιγόνου,
1750 172 1803 209 τῷ
1823 173 1900 208 Bp:-

248 228 350 257 Sancto
370 227 489 257 Andrea,
513 225 614 252 Sancto
651 224 807 260 Tryphone,
830 223 932 250 Sancto
957 221 1036 248 Eleu-

249 275 338 305 thero,
353 272 480 303 Codonaa,
494 271 603 306 Pelago,
615 270 746 306 Deiparm,
757 268 884 302 Mesome,
897 267 997 295 Medica
1009 271 1036 294 et

248 320 350 348 Sancto
367 317 514 349 Demetrio,
530 321 557 343 et
571 316 604 343 iis
618 323 677 350 qua:
693 320 756 342 sunt
770 315 797 341 in
814 313 1036 349 possessionibus

249 373 388 400 portuum,
401 368 428 391 et
443 371 530 398 ttsque
557 362 590 389 ad
613 362 785 396 complexum
804 361 931 396 Athyrte:
948 365 985 391 et,
1007 365 1036 387 ut.

247 411 330 438 semel
345 410 445 442 dicam,
463 409 496 436 iis
510 408 556 444 qui
566 407 745 436 circumcirca
762 406 884 442 reginam
897 407 1034 434 civitatent

247 461 408 484 exercentur
440 455 600 486 monachis,
637 446 705 482 viris
735 457 762 480 et
787 453 964 483 mulieribus.
993 453 1036 480 his

247 503 331 530 multa
345 503 406 537 jura
424 501 519 536 largita
534 507 587 533 est,
601 505 628 528 et
639 500 667 528 in
682 499 863 527 immobilinm
878 500 1035 528 detentione

244 557 276 576 ac
302 548 501 578 dominatione.
527 555 588 582 quze
614 547 778 582 quibusd‘am
799 546 907 580 juribus
934 547 968 574 ad
987 554 1035 574 eos

247 599 396 633 pertinent,
413 596 519 623 firmam
537 600 563 623 et
577 594 818 622 iiiabefactabilem
831 594 1033 629 possessionem

202 658 206 667 ι
242 645 381 672 concessit
405 643 661 678 :quemadmoduin
689 642 762 670 diota
799 641 922 669 definitio
951 648 1035 668 aurea

242 691 317 718 bulla
329 690 433 717 munita
453 690 510 716 haec
527 688 615 716 fusius
631 689 814 723 persequitur.
835 687 888 715 Sed
905 690 1034 723 quoniam

243 743 387 764 venatores
409 737 553 772 quiescere
577 743 632 763 n0n
655 739 812 770 potuerunt,
836 735 883 762 sed
908 735 965 763 fisci
985 742 1032 762 seu

243 783 347 818 publici
379 787 511 818 praetextu
537 782 578 810 eis
600 789 711 817 gravem
739 781 913 809 amictionem
934 781 1033 808 intule-

242 835 324 863 runt;
343 831 473 865 maiestas
497 837 557 857 mea
585 829 669 857 Deum
697 829 806 864 placare
830 833 857 856 et
884 829 1032 864 propitium

211 898 214 900 .
243 876 349 904 edicere
363 877 469 909 volens,
486 876 522 904 ob
541 884 571 903 ea
589 883 638 911 per
652 883 711 910 quze
725 875 814 910 ipsbm
831 879 861 901 ut
881 875 963 902 homo
990 874 1032 902 of‘

242 922 340 955 fendit,
355 922 491 957 simulque
507 923 596 957 magni
618 922 805 957 imperatoris,
826 921 928 948 Christi
957 921 1032 949 scili-

242 974 296 1001 cet,
315 969 428 1000 milites,
444 969 489 1003 qui
506 968 588 995 vitam
603 967 784 995 monasticam
807 971 918 1003 propter
943 967 1032 1001 ipsmn

242 1017 395 1050 elegerunt,
410 1019 437 1041 et
449 1014 563 1049 spiritus
576 1019 746 1041 armaturam
764 1013 925 1045 induerunt,
942 1014 1033 1040 socios

243 1062 342 1088 habere
368 1066 396 1087 et
423 1065 552 1088 strenuos
577 1059 737 1088 defensores
765 1060 897 1088 adversus
927 1060 1031 1091 hostes,

241 1109 295 1131 tant
317 1104 362 1139 qui
378 1104 504 1131 videntur
519 1112 600 1139 quam
616 1106 661 1138 qui
677 1112 731 1132 non
748 1105 887 1137 videntur,
905 1105 978 1132 bono
992 1104 1032 1131 illi

241 1150 418 1188 [ntidamento
441 1155 542 1177 tectum
577 1156 686 1185 quoque
719 1151 894 1186 proportione
932 1158 1032 1178 conve-

241 1196 320 1223 niens
352 1198 492 1232 imponere
525 1195 620 1229 voluit,
650 1201 678 1223 et
719 1192 882 1232 praesentem
919 1204 1029 1224 auream

239 1243 341 1270 bullam
355 1243 457 1277 optima
473 1250 536 1271 cum
560 1243 665 1270 ratione
680 1242 785 1276 edidit;
813 1250 862 1278 per
879 1250 959 1278 quant
976 1249 1032 1272 sta-

240 1289 293 1316 tuit
316 1293 343 1316 et
367 1288 472 1320 definit,
503 1288 596 1315 omnia
624 1287 786 1320 immobilia,
812 1295 873 1323 quae
899 1287 979 1314 hodie
995 1288 1030 1315 ab

239 1329 408 1362 enumeratis
435 1332 609 1361 monasteriis
644 1333 839 1369 possidentur,
874 1334 916 1361 vel
935 1334 1030 1361 etiam

238 1380 468 1408 anachoretarum
493 1379 627 1412 iedienlis,
657 1379 787 1412 cellulis,
813 1379 909 1413 lauris,
937 1384 974 1412 et,
999 1384 1029 1407 ut

238 1426 395 1454 summatim
411 1425 512 1458 dicam,
530 1433 696 1461 quocunque
720 1426 832 1453 nomine
852 1430 1027 1459 censeantur,

239 1473 438 1500 lllDllaChUI'llm
467 1472 652 1506 habitaculis;
675 1472 799 1506 colonos,
823 1471 935 1507 praedia,
961 1480 1027 1500 con-

237 1525 346 1551 ventus,
367 1520 483 1552 tributa,
502 1519 656 1554 vectigalia,
675 1524 782 1553 portus,
811 1518 934 1550 flumina,
962 1519 1024 1554 jura
1040 1532 1064 1563 ο

240 1566 388 1598 maritima,
406 1570 444 1597 et,
461 1569 490 1591 ut
508 1566 591 1592 semel
606 1565 709 1597 dicam,
729 1564 913 1600 quodcunque
933 1565 979 1599 jus
999 1565 1028 1593 in

239 1612 415 1646 possessione
437 1611 570 1639 itnmobili
589 1612 791 1643 consideratur,
810 1615 837 1638 et
857 1612 884 1639 in
903 1620 1028 1647 quocun-

237 1666 290 1693 que
305 1657 365 1684 loco
388 1658 470 1684 situm
497 1657 543 1690 sit,
573 1658 606 1683 ab
631 1657 719 1692 iisque
748 1665 821 1685 nunc
847 1665 1026 1693 occupatum;

237 1703 342 1730 scilicet
353 1711 386 1730 eo
404 1702 475 1738 quod
490 1702 539 1735 illi,
558 1704 606 1738 qui
620 1703 735 1738 singulis
750 1703 898 1738 provinciis
912 1712 1026 1732 censum

236 1750 364 1785 agebant,
382 1749 520 1782 notitiam,
535 1755 627 1784 partes
642 1750 669 1777 in
688 1750 730 1779 his
750 1751 817 1779 ﬁsco
843 1752 949 1779 debitas
964 1760 1028 1779 ven-

236 1797 385 1829 dicantem,
415 1796 469 1824 illis
483 1796 606 1824 nondum
634 1796 911 1831 dederuntyhabere
936 1799 1025 1827 dictas

237 1843 393 1870 mansiones
419 1848 552 1878 perpetuo
576 1843 709 1876 dominio,
735 1848 765 1870 ut
787 1843 898 1871 domum
925 1850 952 1872 et
970 1853 1027 1872 ma-

233 1890 344 1924 iestatis
358 1897 424 1916 mea:
443 1889 733 1924 magniticentiam,et
757 1891 798 1917 eis
813 1890 942 1926 deinceps
956 1899 1027 1918 sem-

237 1941 284 1968 per
300 1934 326 1959 in
343 1937 484 1967 posterqu
511 1934 657 1966 dominari,
683 1934 791 1962 etiamsi
820 1936 953 1970 probabili
984 1938 1025 1964 Vel

235 1987 290 2006 non
306 1979 441 2014 probabili
473 1979 507 2005 de
535 1986 618 2006 causa
646 1979 735 2015 aliqua
758 1988 852 2008 eorum
879 1983 919 2009 vel
943 1983 1024 2009 etiam

235 2027 354 2053 fortasse
371 2026 462 2052 omnia
489 2025 633 2060 hucusque
655 2026 845 2061 detinuerunt,
874 2028 916 2056 vel
942 2030 1023 2056 etiam

234 2073 294 2098 sine
310 2072 365 2098 ullo
379 2071 467 2103 titulo,
486 2073 526 2098 vel
549 2080 581 2099 ex
596 2073 675 2100 titulo
687 2074 798 2108 quidem
825 2075 872 2110 qui
894 2077 965 2110 male
994 2084 1024 2104 se

235 2118 336 2150 habet,
367 2118 410 2146 vel
436 2117 553 2146 fortasse
583 2118 655 2159 falso
682 2120 818 2148 confictus
851 2125 903 2149 est.
927 2121 1023 2149 Omnia

233 2164 394 2198 enim;qua:
406 2163 441 2191 ab
455 2160 520 2198 ipsis
547 2165 574 2191 in
604 2173 766 2200 quacunque
793 2167 936 2202 provincia
962 2175 1024 2203 pos-

234 2209 359 2236 sidentur
383 2210 411 2236 in
440 2209 587 2239 Occidente
612 2216 639 2238 et
665 2212 693 2239 in
713 2212 836 2246 Orie‘nte,
864 2215 922 2241 sive
941 2215 1022 2242 exiis

235 2255 353 2290 hospitio
373 2255 550 2290 imperatoris
565 2257 688 2290 quotidie
704 2259 820 2293 praeberi
846 2260 946 2292 solitis,
963 2260 1022 2288 sive

234 2303 290 2328 sitit
304 2301 385 2337 306
401 2310 434 2328 ex
450 2301 624 2337 fragmentis,
637 2304 695 2332 sive
718 2313 751 2331 ex
775 2306 1024 2334 commiserationi-

234 2348 296 2380 bus,
315 2349 372 2375 sive
391 2349 449 2375 loco
467 2349 559 2381 motis,
574 2349 617 2376 vel
642 2350 765 2384 caducis,
791 2352 837 2379 vel
862 2359 896 2379 ex
922 2353 1022 2382 vilibus

234 2401 295 2428 quae
311 2394 469 2428 penduntur
494 2395 599 2428 diariis,
625 2396 667 2423 vel
691 2404 725 2424 ex
749 2397 849 2425 vilibus
869 2399 1023 2428 calamitate

234 2441 351 2474 vexatis,
370 2441 412 2468 vel
427 2441 462 2468 iis
478 2449 540 2476 qua
556 2450 569 2468 a
584 2442 740 2477 potentibus
759 2445 868 2471 vendita
891 2450 965 2480 sunt,
981 2447 1022 2475 vel

233 2491 341 2519 contra,
353 2487 400 2513 [vel
415 2488 588 2520 correctione
601 2489 807 2517 malefactarum
823 2491 1020 2526 venditionum,

233 2535 284 2560 etsi
299 2534 326 2560 in
347 2533 408 2560 aliis
423 2534 490 2561 locis
506 2534 584 2568 jussa
603 2535 674 2566 dari,
695 2535 722 2562 in
738 2536 800 2564 aliis
822 2538 922 2565 tradita
937 2545 1019 2572 sunt;

233 2578 275 2606 vel
301 2579 410 2611 donata,
439 2586 493 2605 non
520 2576 617 2606 tradita
648 2573 731 2613 sunt;
756 2582 798 2609 vel
827 2584 936 2617 tradita,
967 2592 1020 2612 non

233 2624 332 2650 donata
348 2628 429 2658 sunt;
448 2624 488 2651 vei
500 2625 600 2659 quovis
614 2625 666 2652 alio
687 2626 768 2654 modo
800 2629 870 2656 male
896 2630 929 2656 ab
954 2631 1020 2665 ipsis

233 2668 399 2700 detinentur,
413 2668 593 2701 inconcusse,
614 2675 642 2696 et
657 2670 731 2697 nullo
754 2672 864 2707 negotio
878 2674 917 2701 eis
942 2675 1019 2701 exhi-

233 2713 301 2747 bito,
324 2721 338 2740 a
352 2714 432 2741 dictis
452 2716 580 2742 omnibus
602 2717 776 2745 monasteriis
800 2719 856 2745 vult
876 2728 937 2747 mea
961 2729 1018 2747 rna-

233 2759 319 2793 jestas
335 2762 361 2787 in
388 2766 521 2788 aeternum
547 2763 693 2798 possideri,
716 2769 746 2791 ut
774 2767 928 2801 majestatis
952 2775 1019 2796 meae

234 2805 337 2832 donum
358 2813 374 2832 a
394 2806 558 2835 liberalitate
582 2813 609 2846 e't
630 2811 816 2848 munificentia
843 2820 903 2839 mea
927 2814 1018 2848 profe-

235 2857 321 2878 ctum.
338 2850 405 2879 Cum
418 2853 491 2881 enim
510 2854 579 2888 sola,
596 2863 656 2890 quo:
672 2858 743 2891 apud
759 2857 834 2894 ipsos
858 2867 935 2887 nunc
953 2861 1016 2889 inve

1088 220 1219 256 χυνησίῳ,
1247 220 1279 256 τῇ
1306 219 1473 255 Τερεσίνθῳ,
1498 220 1537 255 τῷ
1572 219 1655 256 ’Δγίῳ
1700 220 1901 256 Ἀνδρέᾳ,τῷ

1092 265 1177 300 ’Δγίῳ
1191 265 1330 302 τρύφωνι,
1349 264 1388 300 τῷ
1402 265 1487 300 Ἀγίῳ
1507 264 1660 301 Ἐλευθέρῳ·
1681 265 1720 301 τῷ
1731 265 1899 299 Κωδώνης,

1087 312 1134 338 καὶ
1147 311 1277 345 Πελάγει,
1289 313 1326 347 ’τῇ
1344 311 1479 347 Θεοτόκῳ,
1495 312 1536 346 τῷ
1553 312 1691 347 Μεσόνης,
1721 314 1756 348 τῇ
1790 311 1898 346 Ἰατρῷ

1087 361 1134 386 καὶ
1151 359 1190 395 τῷ
1211 359 1297 395 Ἀγίῳ
1322 361 1481 395 Δημητρίῳ,
1506 360 1553 386 καὶ
1570 360 1627 392 τοῖς
1638 361 1666 386 ἐν
1684 361 1747 391 ταῖς
1766 360 1897 396 κτήσεσι

1086 408 1141 434 τῶν
1155 408 1263 443 πορτῶν
1277 408 1324 434 καὶ
1337 408 1401 443 ἄχρι
1427 408 1476 442 τῆς
1503 407 1636 442 περιοχῆς
1651 407 1702 442 τῆς
1739 406 1876 442 Ἀθῡρας
1886 415 1894 422 ·

1087 454 1240 490 καὶνάπλῶς
1257 455 1314 485 τοῖς
1341 453 1423 488 περὶξ
1450 453 1500 489 τῆς
1527 453 1660 489 βασιλίδος
1689 453 1748 480 τῶν
1778 454 1894 480 πόλεων

1089 500 1270 535 ἁσκουμ⁴ένοις
1303 500 1441 535 μοναχοίς,
1469 500 1584 536 ᾶνδρασι
1612 508 1642 526 τε
1677 499 1729 526 καὶ
1756 499 1891 535 γυναιξὶ,

1089 545 1175 572 πολλὰ
1191 546 1297 578 τούτοις
1310 546 1547 581 φιλοτιμησαμένη
1564 545 1668 578 δίκαια,
1684 546 1734 572 καὶ
1751 548 1789 572 τὸ
1807 546 1889 572 ἀδια-

1091 599 1196 617 σειστον
1211 592 1303 623 αὐτοῖς
1319 591 1503 627 δωρησαμένη
1521 591 1568 618 ἐπὶ
1583 593 1617 628 τῇ
1635 593 1742 626 κατοχῇ
1763 591 1823 618 καὶ
1848 592 1891 617 δε-

1089 637 1202 673 σποτεία
1217 637 1271 663 τῶν
1290 638 1428 672 ἀκινήτων
1441 637 1495 664 τῶν
1510 638 1564 664 ἀπό
1577 646 1660 664 τινων
1674 637 1888 673 δικαιωμάτων

1086 683 1272 719 διαφερόντων
1286 684 1404 718 τούτοις,
1422 683 1513 716 καθὼς
1535 684 1549 710 ὁ
1566 684 1688 716 τοιοῦτος
1707 685 1887 720 χρυσὸὁονὶ-

1087 729 1134 761 λος
1163 730 1242 763 λόγος
1276 730 1445 765 πλατύτερον
1474 730 1562 757 ταῦτα
1589 730 1730 762 διέξεισιν.
1757 731 1847 757 Ἐπεὶ
1862 732 1887 757 δὲ

1085 774 1148 807 τοὺς
1173 775 1340 811 θηρολέκτας
1358 776 1407 802 οὐκ
1420 774 1454 812 ἦν
1469 777 1594 812 ἠρεμεῖν,
1616 777 1685 804 ἀλλὰ
1702 777 1745 813 τῷ
1766 778 1822 804 τοῦ
1841 777 1885 811 δη-

1096 822 1190 858 μοσίου
1205 824 1380 858 προσχήματι
1406 822 1519 858 βαρεῖαν
1544 824 1648 856 τούτοις
1675 824 1789 859 ἐπῆγον
1807 821 1882 850 οὗτοι

1087 868 1138 904 τὴν
1156 869 1291 902 κάκωσιν,
1311 869 1328 903 ή
1344 868 1471 904 βασιλεία
1498 878 1552 904 μου
1580 869 1641 905 ἃμα
1656 869 1708 904 μὲν
1739 870 1774 896 τὸ
1806 870 1883 896 Θείον

1089 914 1264 950 ὲξευμενίσαι
1282 915 1330 941 καὶ
1351 915 1559 948 ὲξιλεώσαοθαι,
1587 916 1631 951 ἐφ’
1647 914 1687 949 οἷς
1704 917 1746 949 ὡς
1774 916 1882 952 ἄνθρωσ

1086 970 1135 993 πος
1153 961 1246 988 τοῦτον
1263 964 1497 998 προσκέκρουκεν,
1522 963 1582 998 ἅμα
1595 963 1623 990 δὲ
1636 963 1800 1000 βουλομένη
1835 966 1879 991 καὶ

1083 1010 1148 1040 τοὺς
1164 1008 1334 1044 στρατιώτας
1359 1008 1405 1036 τοῦ
1433 1010 1552 1045 μεγάλου
1579 1010 1724 1045 βασιλέως,
1756 1012 1879 1048 Χριστοῦ

1083 1054 1216 1090 δηλονότι,
1240 1056 1302 1087 τοὺς
1321 1055 1355 1083 δι’
1381 1055 1463 1084 αὐτὸν
1489 1056 1534 1084 τὸν
1555 1058 1663 1093 μονήρη
1678 1058 1740 1093 βίον
1766 1059 1879 1094 προελο-

1087 1101 1197 1136 μένους,
1210 1101 1258 1128 καὶ
1274 1101 1323 1138 τὴν
1340 1102 1494 1130 πανοπλίαν
1509 1104 1710 1139 ἐνδυσαμένους
1727 1105 1783 1131 τοῦ
1793 1106 1876 1131 Πνείμ

1085 1156 1184 1182 ματος,
1206 1149 1370 1184 συμμάχους
1383 1148 1456 1184 ἔχειν
1471 1150 1517 1181 καὶ
1532 1151 1724 1182 συνασπιστὰς
1742 1152 1874 1187 ἰσχυροὺς

1083 1195 1154 1221 κατὰ
1169 1194 1225 1221 τῶν
1238 1195 1385 1230 ὁρωμένων
1396 1196 1443 1223 καὶ
1456 1197 1580 1231 ἀοράτων
1595 1197 1703 1232 ἐχθρῶν
1718 1198 1762 1234 τῷ
1781 1199 1875 1233 ἀγαθῷ

1081 1240 1179 1276 ἐκείνῳ
1195 1240 1323 1277 θεμελίῳ,
1341 1242 1388 1268 καὶ
1403 1242 1501 1279 ὄροφον
1512 1243 1647 1271 ἐπιθεῖναι
1662 1244 1804 1280 ἀνάλογον
1817 1246 1875 1281 ᾑρε-

1080 1286 1187 1318 τίσατο,
1203 1288 1252 1313 καὶ
1268 1287 1315 1314 τὸν
1328 1288 1449 1323 παρόντα
1472 1290 1670 1324 χρυσὸῦουλλον
1699 1291 1872 1319 ἀπολέλυκεν

1082 1332 1214 1375 εὐλόγως,
1229 1332 1263 1359 δι’
1279 1331 1309 1360 οὖ
1325 1334 1447 1366 θεσπίζει
1473 1335 1521 1362 καὶ
1544 1335 1696 1370 διορίζεται
1724 1337 1823 1365 πάντα
1843 1339 1873 1364 τὰ

1081 1379 1203 1414 σήμερον
1224 1380 1361 1415 νεμόμενα
1376 1381 1492 1416 ἀκίνητοι
1506 1382 1582 1416 παρὰ
1595 1382 1649 1408 τῶν
1661 1383 1773 1410 ἄνωθεν
1800 1385 1874 1420 ἀριθ-

1080 1425 1223 1461 μηθέντων
1239 1426 1442 1464 μοναστηρίων,
1461 1427 1477 1462 ἦ
1500 1429 1548 1454 καὶ
1571 1430 1805 1466 ήσυχαστηρίων,
1829 1432 1871 1458 καὶ

1078 1471 1293 1507 ἀναχωρητικῶν
1304 1472 1416 1500 κελλίων
1431 1474 1477 1501 καὶ
1490 1474 1611 1510 λαυρῶν,
1625 1476 1673 1502 καὶ
1690 1476 1794 1509 ἁπλῶς
1809 1485 1872 1504 κατ-

1079 1518 1251 1553 οικητηρίων
1288 1520 1459 1555 μοναχικῶν,
1483 1521 1535 1548 κάν
1560 1518 1582 1556 ᾧ
1607 1522 1640 1549 ἂν
1667 1523 1800 1551 καλοῖντο
1814 1525 1871 1552 ὀνό-

1081 1573 1156 1599 ματι,
1172 1566 1237 1597 τούς
1253 1575 1282 1592 τε
1300 1567 1462 1602 παροίκους,
1477 1568 1512 1596 τὰ
1526 1568 1690 1605 αὑτούργια,
1714 1569 1765 1601 τὰς
1784 1580 1870 1606 πίνης

1079 1611 1186 1646 γύρεις,
1196 1613 1260 1643 τοὺς
1276 1612 1388 1648 φόρους,
1403 1614 1467 1646 τοὺς
1484 1615 1595 1649 πόρους,
1611 1617 1662 1648 τὰς
1676 1617 1791 1652 λίμνας,
1807 1621 1868 1651 τοὺς

1062 1660 1231 1694 αποταμοὺς,
1246 1660 1279 1686 τὰ
1304 1660 1438 1687 θαλάσσια
1461 1662 1565 1695 δίκαια,
1579 1664 1625 1689 καὶ
1641 1664 1784 1700 καθολικῷ
1797 1666 1869 1701 λόγῳ

1039 2207 1060 2235 D

1079 1705 1271 1740 οίονδηποτοῦν
1287 1706 1392 1734 δίκαιον
1408 1709 1436 1734 ἐν
1448 1708 1588 1743 ἀκινήτοις
1603 1710 1724 1745 κτήμασι
1740 1711 1866 1747 θεωρού-

1082 1761 1174 1788 μενον,
1196 1753 1243 1779 καὶ
1259 1753 1395 1789 οίῳδήτινι
1409 1754 1485 1789 τόπῳ
1496 1755 1671 1790 διακείμενον
1690 1758 1752 1791 παρ’
1771 1759 1868 1785 αὐτῶν

1078 1799 1259 1834 κατεχόμενον
1271 1799 1328 1833 νῦν,
1342 1800 1384 1835 ἐφ”
1398 1797 1420 1835 ᾦ
1432 1801 1553 1836 δηλονότι
1568 1804 1651 1839 μέχρι
1667 1804 1716 1830 τοῦ
1728 1805 1775 1832 νῦν
1787 1806 1868 1839 ἐδόθη

1077 1844 1184 1877 τούτοις
1199 1845 1344 1880 διάγνωσις
1360 1848 1437 1882 παρὰ
1450 1848 1505 1875 τῶν
1532 1850 1603 1876 κατὰ
1619 1850 1715 1886 χώραν
1743 1853 1870 1888 ἀναγρα-

1077 1891 1160 1925 φέων,
1180 1892 1210 1918 τὸ
1233 1891 1281 1919 τοῦ
1308 1893 1437 1928 δημοσίου
1456 1895 1540 1930 μέρος
1568 1897 1614 1923 ἐπὶ
1641 1897 1731 1934 τούτῳ
1757 1900 1869 1935 προσδι-

1077 1937 1204 1971 καιοῦσα,
1221 1937 1294 1973 ἔχειν
1309 1940 1357 1971 τὰς
1375 1940 1508 1975 ῥηθείσας
1534 1943 1620 1976 μονὰς
1646 1945 1720 1971 κατὰ
1750 1945 1865 1981 διηνεκῆ

1076 1982 1237 2009 δεσποτείαν
1251 1983 1289 2015 ὡς
1303 1983 1390 2020 δῶρον
1405 1985 1452 2012 καὶ
1469 1986 1639 2022 φιλοτίμημα
1654 1989 1705 2023 τῆς
1722 1989 1867 2026 βασιλείας

1063 2037 1141 2064 ,μου,
1160 2029 1208 2057 καὶ
1222 2029 1368 2063 δεσπόζειν
1383 2033 1475 2059 αὐτῶν
1499 2035 1541 2065 είς
1565 2036 1630 2066 τοὺς
1647 2036 1712 2071 ἑξῆς
1740 2038 1867 2071 ἅπαντας

1078 2076 1128 2103 καὶ
1145 2077 1281 2111 διηνεκεῖς
1294 2078 1418 2114 χρόνους,
1434 2080 1487 2107 κᾶν
1503 2081 1621 2115 εὐλόγως
1632 2084 1683 2110 κᾶν
1699 2087 1868 2121 παραλόγως

1075 2123 1177 2150 τούτων
1191 2123 1252 2151 τινὰ
1263 2124 1323 2160 ἢτὰ
1332 2125 1381 2153 ὅλα
1394 2127 1457 2159 ίσως
1471 2127 1522 2160 ἕως
1538 2129 1584 2155 τοῦ
1598 2130 1645 2156 νῦν
1658 2135 1804 2168 κατεῖχον,
1821 2136 1868 2162 xiv

1075 2169 1138 2204 δίχα
1157 2170 1229 2203 τινὸς
1254 2172 1450 2209 δικαιώματος,
1477 2175 1494 2210 ἡ
1511 2177 1565 2203 ἀπὸ
1591 2177 1794 2213 δικαιωμάτων
1809 2184 1866 2217 μὲν,

1076 2217 1168 2249 κακῶς
1190 2217 1219 2244 δὲ
1235 2218 1363 2253 ἑχόντων,
1392 2220 1407 2254 ἢ
1424 2221 1530 2255 ψευδῶς
1547 2225 1744 2254 συντεοέντων.
1769 2230 1867 2257 Πάντα

1076 2264 1131 2300 γὰρ
1146 2264 1181 2291 τὰ
1196 2265 1263 2301 παρ’
1275 2266 1366 2292 αὐτῶν
1389 2260 1565 2304 κατεχόμενα
1593 2272 1621 2297 ὲν
1643 2273 1693 2308 οἵῳ
1702 2273 1736 2309 δή
1755 2284 1814 2304 τινι
1828 2278 1868 2305 θέ-

1074 2319 1140 2345 ματι
1156 2312 1228 2339 κατά
1242 2321 1271 2338 τε
1282 2312 1360 2339 δύσιν
1375 2317 1421 2340 καὶ
1437 2316 1580 2352 ἀνατολὴν,
1597 2319 1647 2345 κᾶν
1658 2320 1688 2353 ἐξ
1701 2322 1801 2349 αὐτῶν
1814 2325 1867 2351 τῶν

1072 2356 1112 2402 εἰς
1136 2356 1298 2393 ἐνδιαίτημα
1322 2359 1376 2386 τῶν
1401 2361 1471 2388 κατὰ
1501 2362 1550 2398 τὴν
1576 2364 1684 2400 ἡμέραν
1713 2367 1866 2402 βασιλέων,

1072 2401 1124 2428 κᾶν
1138 2403 1193 2430 ἀπὸ
1216 2404 1382 2439 κλασμάτων
1406 2403 1468 2439 ὦσι,
1493 2402 1546 2435 κᾶν
1566 2410 1620 2437 ἀπὸ
1636 2401 1864 2449 συμπαθειῶν,ή

1070 2448 1328 2485 ἀποκεκινημένων,
1358 2452 1373 2488 ἢ
1403 2453 1610 2492 όλοπτὼτων,ῆ
1633 2444 1690 2486 duo
1718 2444 1864 2491 ταπεινῶν

1072 2494 1242 2541 τελουμένων
1258 2496 1382 2533 διαρίων,
1400 2499 1416 2535 ἢ
1433 2500 1488 2526 ἀπὸ
1502 2503 1641 2530 ταπεινῶν
1658 2504 1861 2541 κλαματιοθέν-

1072 2547 1138 2570 των,
1158 2540 1237 2576 ﬁxa).
1248 2542 1374 2578 δυνατοῖς
1400 2544 1618 2581 διαπραθέντων,
1642 2549 1659 2585 ῆ
1687 2553 1863 2589 τούναντίον,

1071 2586 1088 2621 ἢ
1116 2587 1262 2621 ἑξορθώσει
1281 2590 1374 2623 κακῶς
1410 2592 1559 2626 γεγονυιῶν
1587 2595 1778 2633 διαπράσεων,
1810 2586 1863 2630 κᾶν

1071 2635 1100 2660 ἐν
1119 2633 1212 2684 ἄλλοις
1231 2636 1324 2684 τόποις
1346 2638 1509 2673 ὁρισθέντων
1533 2641 1701 2678 δωρηθῆναι,
1719 2648 1752 2674 ὲν
1768 2648 1864 2684 ἄλλοις

1071 2681 1270 2731 παρεδόθησαν,
1279 2683 1298 2731 ᾗ
1314 2684 1469 2731 δωρηθέντα
1481 2687 1512 2713 οὐ
1522 2689 1723 2726 παρεδόθησαν,
1739 2694 1756 2728 ἢ
1769 2681 1863 2731 Rapa;

1070 2724 1182 2776 δοθέντα
1196 2727 1454 2776 οὺκῌὲδωρήθησαν,
1471 2731 1486 2766 ἢ
1505 2732 1567 2758 καθ’
1591 2724 1686 2770 ἔτερόν
1700 2724 1763 2765 τινα
1781 2724 1864 2776 λόχον

1070 2771 1165 2804 κακῶς
1191 2774 1256 2809 παρ’
1283 2775 1373 2802 αὐτῶν
1401 2778 1575 2813 κατέχονται,
1602 2782 1788 2818 ἀδιασείστως
1812 2771 1862 2816 καὶ

1070 2817 1361 2866 ἁπολυπραγμονήτως
1373 2824 1537 2858 κατέχεσθαι
1555 2828 1630 2860 παρὰ
1647 2829 1704 2854 τῶν
1721 2817 1861 2866 ρηθεισὼν

1072 2864 1165 2892 πασῶν
1180 2866 1268 2900 μονῶν
1281 2868 1298 2902 ὴ
1313 2867 1438 2902 βασιλεία
1454 2879 1506 2904 μον
1518 2871 1643 2907 βούλεται
1656 2875 1699 2907 εἰς
1771 2881 1857 2907 sitim
