1933 3112
98 33 252 43 mf

79 156 131 189 937

568 155 608 185 IN
628 154 711 185 CAN.
726 152 786 183 XII
809 150 914 181 CONC.
936 150 990 180 VII
1010 148 1188 180 (ECUMEN.

1630 145 1700 177 ⁸938

83 214 131 241 τὸν
147 213 266 247 ἅπαντα,
284 215 323 247 ὡς
337 213 422 250 δῶρον
438 214 488 249 τῆς
505 213 644 248 βασιλείας
659 221 721 248 μου,
741 212 788 238 καὶ
811 219 867 237 κα-

921 209 1007 240 nitur,
1029 207 1208 234 immobilium
1222 205 1340 234 detentio
1363 213 1412 241 pro
1437 205 1511 233 omni
1528 204 1702 250 titulum-ibet

85 261 168 296 ϐαρὺν
194 261 375 296 φιλοτίμημα.
402 260 494 295 Μάνης
526 260 581 294 γὰρ
606 259 655 294 τῆς
682 258 748 293 παρ’
774 257 866 288 αὐτοῖς

80 307 280 343 εὑρισκομὲνης
293 307 342 333 νῦν
355 307 474 342 κατοχῆς
486 306 540 332 τῶν
551 305 686 340 ἁκινὴτων
702 303 866 338 ὀφειλούσης

80 354 177 389 ἀρκεῖν
193 353 285 384 αὐτοῖς
308 353 369 379 ἀντὶ⁸
398 353 496 383 παντὸς
524 351 718 386 δικαιώματος.
743 350 868 385 περιττόν

78 399 137 425 ἐστι
165 398 196 425 τὸ
227 398 467 434 πολυπραγμονεῖν
483 398 547 432 περὶ
577 397 692 431 ἑτέροις.
724 395 784 422 Ἐπὶ
802 395 869 421 πᾶσι

79 445 135 480 γὰρ
149 442 189 476 οἷς
203 445 346 479 κατέχουσι
371 445 505 479 σήμερον,
519 444 583 470 ἄνευ
598 443 687 477 μέντοι
703 442 756 468 τῶν
773 442 815 475 ἐφ’
829 438 869 472 οἷς

80 490 211 526 ἐδόθησαν
225 490 317 521 αὐτοῖς
332 489 492 523 διαγνώσεις
507 488 584 523 παρὰ
611 487 666 514 τῶν
691 487 762 514 κατὰ
777 487 869 521 χώραν

81 535 263 569 ἀναγραᾳέων
286 535 332 561 τὸν
355 535 485 569 δημόσιον
501 533 674 570 εδικαιοῦσαι,
697 533 734 564 ὡς
750 534 867 568 εἴρηται,

79 581 182 615 ὀφείλει
198 582 293 616 ἀρκεῖν
308 582 325 614 ἡ
340 581 466 616 παροῦσα
490 580 687 615 χρυσόὸουλλος
709 579 802 615 γραφὴ
820 578 869 612 τῆς

63 619 225 661 ⁸βασιλείοις
242 635 303 661 μου,
321 629 367 654 καὶ
384 628 445 654 ἀντὶ
459 629 575 664 δωρεᾶς,
594 627 640 654 καὶ
655 627 715 653 ἀντὶ
730 625 868 660 πράσεω.·,

80 673 129 698 καὶ
143 672 204 698 ἀντὶ
216 672 311 708 ἑτέρου
331 673 431 705 παντὸς
444 674 638 708 δικαιώματος,
653 673 705 699 κᾶν
716 671 871 706 οἱονδηποτ-

79 718 127 744 οὖν
142 718 269 753 σεκρέτον
279 718 323 745 ἐπ’
332 719 407 755 αὐτῷ
417 720 557 747 δικαιοῖτο.
570 719 636 746 Οὐδὲ
650 718 871 752 ἀναγκασθήσον-

80 772 126 790 ται
137 764 165 790 al
180 765 260 798 μοναὶ
276 765 318 799 ἐφ’
334 762 373 796 οἷς
386 766 530 800 κατέχουσι
540 765 678 800 ἀκινήτοις
691 763 871 799 προκομίζειν

79 809 163 841 ἕτερα
177 810 332 845 παλαιγενῆ
345 811 483 846 προσόντα
496 812 591 842 αὑταῖς
604 809 788 845 δικαιώματα·
803 809 870 836 ἀλλὰ

79 857 114 890 τῇ
135 857 260 893 παρούσῃ
278 857 469 893 χρυσοόοὑλλῳ
483 858 576 892 γραφῇ
595 856 645 891 τῆς
661 856 800 891 βασιλείας
814 865 866 890 μου

79 903 144 929 ἀντὶ
162 904 264 934 παντὸς
282 903 469 938 δικαιώματος
487 903 626 938 χρώμεναι
650 902 866 937 ἀρκεσθήσονται

920 909 981 928 cere
994 901 1095 929 debeat
1108 924 1116 934 .
1135 907 1161 929 et
1176 909 1225 936 pro
1239 902 1387 929 donatione
1397 907 1425 929 et
1445 909 1494 937 pro
1508 901 1666 934 traditione,
1680 907 1708 928 et
1763 894 1766 895 ν

78 949 167 985 ταύτῃ
180 950 229 976 καὶ
257 950 325 986 μόνῃ
337 949 484 985 ὀφειλούσῃ
500 950 596 984 ἀρκεῖν
612 948 715 980 αὐτοῖς,
735 949 772 980 ὡς
786 957 868 984 προε-

77 995 184 1029 γράφη,
197 996 245 1022 καὶ
258 997 319 1027 ἀντὶ
332 996 450 1031 δωρεᾶς,
475 996 522 1022 καὶ
535 996 596 1022 ἀντὶ
609 995 798 1033 παραδόσεως.
820 994 867 1021 καὶ

79 1041 141 1068 ἀντὶ
156 1042 257 1073 παντὸς
270 1043 366 1078 ἑτέρου
381 1041 579 1076 δικαιώματος.
597 1042 628 1068 Et
643 1042 664 1067 δ’
685 1042 750 1073 ἴσως
768 1041 867 1076 καιροῦ

81 1087 229 1120 καλοῦντος
246 1088 356 1123 θελήσει
378 1088 569 1123 οἱονδηποτοῦν
597 1088 784 1122 μοναστήριον
799 1087 867 1122 χρή-

81 1133 181 1159 σασθαι
196 1135 244 1160 καὶ
257 1135 312 1164 τοῖς
326 1134 472 1168 προσοῦσιν
500 1133 575 1169 αὑτῷ
589 1134 774 1166 δικαιώμασιν
797 1133 868 1168 ὑπὲρ

81 1179 180 1206 ἑαυτοῦ
195 1179 281 1206 ταῦτα
308 1179 486 1215 προκομίζον.
520 1180 585 1215 παρ’
609 1180 771 1212 οἱουδήτινος
800 1180 869 1215 πρὸς

80 1225 162 1252 τοῦτο
178 1225 208 1252 οὐ
230 1226 432 1259 κωλυθήσεται.
455 1227 681 1260 ’Δναγκαστικῶς
710 1227 762 1261 γὰρ
787 1225 867 1252 τοῦτο

79 1272 112 1298 οὐ
129 1272 257 1306 ποιήσει·
275 1273 300 1298 εἰ
324 1272 353 1298 δὲ
375 1273 469 1308 οἰκείῳ
494 1273 627 1308 θελήματι
643 1273 709 1300 αὐτὸ
724 1273 870 1308 αἱρεθήσε-

79 1327 137 1350 ται,
151 1319 237 1350 οὐδεὶς
251 1320 264 1345 ὀ
274 1318 426 1353 ἐμποδίζων
439 1320 552 1345 ὲσείται.
567 1320 604 1346 0-3
626 1319 707 1354 μόνον
719 1320 748 1346 δὲ
771 1320 818 1345 ἐπὶ
834 1321 867 1355 τῇ

80 1364 223 1391 δικαιώσει
238 1365 287 1399 τῆς
307 1364 358 1399 γῆς
374 1365 551 1400 συμὸαλεῖται
568 1367 624 1397 τοῖς
645 1365 838 1401 μοναστηρίοις
852 1367 869 1401 ή

83 1409 214 1444 παροῦσα
226 1409 424 1445 χρυσόσουλλος
435 1410 538 1446 γραφὴ,
552 1410 618 1437 ἀλλὰ
627 1411 672 1437 καὶ
680 1411 727 1437 ἐπὶ
736 1411 792 1441 τοῖς
802 1418 838 1437 πα
843 1420 871 1446 ρ-

78 1455 165 1486 οίκοις
181 1457 236 1486 τοῖς
254 1455 300 1482 νῦν
331 1455 398 1491 παρ’
415 1456 504 1482 αὐτῶν
526 1456 735 1491 κατεχομένοις,
755 1459 870 1489 καὶτοῖς

79 1500 266 1535 αὺτουργίοις,
278 1499 383 1536 φόροις,
398 1501 580 1536 πανηγύρεσι,
593 1501 740 1534 διαδατοῖς,
752 1502 870 1536 λίμναις,

917 254 958 282 eis
976 253 1112 285 sullicere,
1126 257 1169 281 est
1183 246 1417 288 supervacaneum
1437 252 1471 279 de
1485 252 1548 279 ullis
1572 236 1634 279 aliis
1652 260 1702 279 cu-

919 301 992 328 riose
1008 301 1159 335 inquirere.
1176 299 1204 327 In
1221 300 1349 327 omnibus
1366 299 1439 327 cuitu
1455 306 1517 333 qua:
1534 299 1616 327 hodie
1639 306 1704 335 pos-

919 347 1020 379 sident,
1051 351 1231 382 praeterquam
1264 347 1291 373 in
1323 346 1357 373 iis
1386 347 1412 372 in
1438 345 1540 380 quibus
1565 353 1579 372 a
1603 345 1704 382 publici

920 401 1021 421 census
1039 394 1066 420 in
1083 401 1114 421 ea
1130 394 1239 428 regione
1259 389 1475 427 descriptoribus
1499 392 1601 419 notitiae
1623 393 1704 424 datas,

919 449 979 476 qua:
992 442 1038 476 jus
1051 442 1108 469 Iisci
1127 450 1175 468 seu
1193 441 1306 476 publici,
1320 445 1350 468 ut
1364 441 1467 468 dictum
1493 444 1546 471 est,
1578 440 1704 474 ptobant.

920 489 1001 516 debet
1027 495 1148 523 praesens
1172 487 1324 521 majestatis
1359 494 1425 514 mea!
1456 487 1587 520 scriptum
1615 487 1706 514 Aurea

921 534 996 561 Bulla
1015 534 1151 561 tnunitutn
1170 533 1294 561 sullicere
1311 537 1359 560 :et
1373 541 1423 568 pro
1441 532 1589 565 donatione
1606 537 1633 560 et.
1650 541 1707 559 em.

921 581 1014 614 ptione
1037 584 1064 606 et
1092 578 1190 614 qu0vis
1215 578 1269 605 alio
1295 578 1374 605 titulo
1392 577 1468 613 satis
1495 585 1567 610 esse,
1599 577 1706 604 etiamsi

920 629 1105 663 quodcunque
1121 627 1194 654 aliud
1221 631 1358 654 secretum
1383 625 1410 652 in
1436 625 1477 652 eis
1493 625 1634 659 probetur.
1652 623 1707 652 Nec
1733 659 1738 668 '

920 678 1054 710 cogentur
1079 673 1257 704 monasteria,
1284 672 1320 699 ob
1334 679 1364 700 ea
1388 678 1453 706 qua:
1478 677 1550 698 nunc
1566 671 1707 705 possident

922 721 1086 754 immobilia,
1103 720 1214 754 antiqua
1235 719 1287 746 alia
1301 726 1362 753 qua:
1379 718 1421 746 eis
1443 718 1543 746 adsunt
1554 718 1616 751 jura
1645 725 1707 752 pro-

922 768 992 794 ferre
1016 777 1023 794 :
1045 766 1093 794 sed
1124 766 1175 793 hac
1189 765 1317 801 prementi
1346 764 1499 799 maiestatis
1526 766 1591 791 mea:
1616 764 1707 791 Aurea

922 813 997 840 llulla
1029 819 1078 847 pro
1106 812 1179 839 omni
1199 812 1261 846 jure
1291 811 1409 842 utentia,
1438 817 1470 838 ea
1495 815 1623 837 cantenta
1646 816 1708 836 esse

921 857 1032 889 debent,
1062 861 1091 884 ut
1113 865 1173 892 quae
1192 857 1242 889 eis,
1260 861 1288 884 ut
1314 857 1390 892 prius
1409 857 1540 890 scriptum
1565 861 1617 888 est,
1634 855 1707 884 suill-

918 949 1014 982 quovis
1046 949 1101 976 alio
1131 949 1203 983 jure:
1238 948 1286 975 Siti
1310 953 1403 976 autent
1430 949 1562 976 invitante
1588 948 1707 975 fortasse

918 999 1041 1028 tempore
1067 994 1186 1022 voluerit
1213 995 1302 1021 ullum
1332 993 1529 1021 monasterium
1557 994 1591 1021 iis
1623 994 1706 1021 etiam

917 1048 979 1075 quae
997 1042 1080 1069 habet
1099 1041 1209 1076 juribus
1223 1045 1250 1069 et
1260 1041 1348 1068 titulis
1361 1040 1413 1072 uti,
1424 1048 1455 1067 ea
1471 1048 1520 1076 pro
1531 1048 1561 1068 se
1575 1039 1706 1074 allerens,

919 1094 933 1113 a
949 1087 1025 1114 nullo
1046 1087 1156 1122 penitus
1171 1087 1371 1122 prohibebitur.
1388 1085 1443 1114 Hoc
1460 1087 1533 1114 enim
1551 1094 1606 1114 non
1626 1086 1709 1114 faciet

919 1134 1077 1161 necessario
1100 1142 1106 1161 :
1130 1133 1172 1160 sin
1199 1137 1290 1160 autem
1321 1132 1433 1167 propria
1464 1133 1604 1160 voluntate
1640 1133 1706 1159 illud

920 1179 1044 1215 elegerit,
1058 1186 1139 1206 nemo
1157 1178 1341 1214 impediturus
1356 1178 1526 1206 admittetur.
1539 1178 1599 1206 Non
1616 1179 1721 1207 solutus

921 1229 1012 1252 autem
1032 1225 1067 1252 ad
1084 1226 1199 1256 terreni,
1226 1225 1298 1260 quod
1329 1225 1442 1258 habent,
1467 1225 1514 1260 jus
1534 1225 1705 1260 probandutn

921 1271 1099 1298 monasteriis
1126 1270 1245 1298 suliiciet
1274 1278 1398 1305 praesens
1423 1271 1512 1299 Aurea
1538 1271 1630 1304 Bulla;
1659 1273 1707 1300 sed

921 1317 1003 1344 etiam
1019 1317 1046 1344 in
1064 1318 1214 1352 parochiis,
1230 1326 1292 1353 qua:
1304 1325 1377 1345 nunc
1392 1318 1427 1345 ab
1440 1319 1482 1346 eis
1494 1318 1663 1351 detinentur,
1680 1318 1709 1346 et

921 1363 1043 1398 praediis,
1063 1364 1255 1398 vectigalibus,
1267 1363 1462 1396 conventibus,
1477 1364 1648 1399 trajectionis
1660 1373 1708 1394 so-

922 1409 1086 1442 lutionibus,
1103 1409 1240 1445 portibus.
1253 1408 1355 1444 ﬂuviis,
1376 1410 1486 1444 juribus
1512 1411 1658 1439 maritimis
1679 1417 1708 1439 et

921 1463 1089 1490 quocunque
1101 1455 1158 1483 alio
1170 1456 1244 1492 jure,
1257 1456 1328 1491 quod
1341 1458 1376 1484 ab
1399 1457 1440 1485 eis
1456 1457 1621 1492 possidetur,
1638 1465 1709 1492 prae-

923 1507 1046 1537 terquam
1063 1502 1091 1529 in
1106 1502 1152 1534 iis,
1168 1503 1194 1530 in
1210 1503 1312 1538 quibus
1325 1503 1489 1531 documenta
1519 1511 1570 1539 pro
1585 1504 1707 1539 publico,

81 1547 227 1581 ποταμοῖς,
240 1543 411 1578 θαλασσίνοις
431 1547 557 1579 δικαίοις,
569 1548 617 1574 καὶ
635 1547 721 1584 ἑτέρῳ
734 1549 867 1584 οίῳδήτινι

924 1552 954 1574 ut
973 1556 1045 1583 sape
1060 1549 1190 1582 superius
1214 1549 1316 1578 dictum
1337 1554 1390 1582 est,
1407 1554 1549 1586 assumpta
1568 1554 1643 1578 sunt.
1659 1551 1707 1578 Sin

78 1592 179 1628 δ.καίῳ
189 1593 255 1628 παρ’
272 1593 361 1619 αὐτῶν
376 1594 564 1629 κατεχομένῳ,
578 1594 642 1620 ἄνευ
656 1594 747 1629 μέντοι
759 1594 813 1620 τῶν
825 1593 868 1628 ἐφ’
881 1626 884 1629 ι

79 1636 122 1669 οἷς
140 1638 236 1666 ἐλαὸον
256 1639 416 1672 διαγνώσεις
441 1640 512 1675 ὑπὲρ
530 1640 576 1666 τοῦ
591 1640 731 1675 δημοσίου,
752 1639 788 1672 ὡς
805 1640 870 1667 πολ-

81 1683 161 1714 λάκις
174 1683 310 1720 ἀνώτερον
323 1685 488 1720 διείληπται.
498 1686 529 1712 Et
542 1685 570 1712 δὲ
586 1686 811 1721 προσετάχθησαν
826 1685 869 1713 λς-

80 1728 208 1764 γισθῆναι
223 1731 239 1766 ἢ
264 1731 414 1767 ἐκκοπῆναι
434 1740 495 1758 τινα
519 1732 685 1766 τελέσματα,
699 1731 715 1767 ἦ
731 1732 833 1764 πάκτα,
851 1733 867 1768 ἢ

63 1777 237 1808 ςστρατεῑαι,
253 1777 270 1812 ἦ
287 1777 416 1812 δημόσια,
432 1778 449 1814 ἣ
469 1777 621 1810 λιῦελλικὰ,
638 1778 655 1813 ἢ
669 1778 762 1812 ἕτερόν
785 1787 812 1805 τι
827 1777 868 1813 τῷ

80 1822 203 1858 δημοσίῳ
216 1823 328 1858 ἀνῆκον,
349 1825 397 1851 καὶ
423 1824 454 1850 οὐ
466 1825 561 1858 γέγονε
583 1824 613 1850 τὸ
627 1823 828 1859 λελογισμένον,
846 1825 864 1860 ἢ

81 1868 175 1904 ἕτερόν
189 1877 215 1895 τι
234 1870 291 1904 ἔχει
315 1871 479 1906 ἐπιλήψιμον
499 1871 529 1897 τὺ
541 1870 690 1905 δικαίωμα,
701 1870 777 1897 οὐδέν
787 1879 812 1897 τι
826 1871 858 1896 ἑκ

81 1916 183 1942 τούτου⁵
198 1915 362 1950 βλαδήσεῖαι
374 1916 407 1942 τὰ
424 1918 604 1952 μοναστήρια.

119 1961 141 1987 Τ
144 1962 152 1987 ί
169 1961 196 1988 δὲ
209 1961 262 1997 χρὴ
276 1962 311 1988 τὰ
325 1961 421 1989 ,πολλὰ
445 1961 618 1996 καταλέγειν,
635 1962 684 1989 καὶ
701 1962 868 1998 ἀπαριθμεῖ-

84 2007 147 2034 σθαι
165 2007 212 2034 καὶ
227 2007 308 2042 χάριν
321 2007 548 2043 παραδείγματος
564 2007 775 2043 ἀπογράφεσθαι
788 2017 795 2041 ;
818 2008 870 2044 τὴν

84 2054 250 2088 πολυλογίαν
272 2054 290 2089 ή
309 2053 433 2088 βασιλεία
450 2062 501 2089 μου
520 2055 741 2089 παρατρέχουσα,
761 2055 805 2081 ἵνα
830 2055 868 2090 μή

82 2108 125 2131 τις
138 2099 193 2125 τῶν
210 2100 288 2134 παρὰ
300 2099 388 2126 ταῦτα
403 2099 500 2126 δεινῶν
523 2108 606 2126 τινων
626 2100 676 2135 μὶν
699 2101 871 2136 ἐκφωνηθέν-

81 2155 137 2172 των
153 2146 185 2172 ὲκ
200 2147 254 2172 τῶν
267 2146 302 2173 τὰ
319 2145 437 2181 ἀκίνητα
450 2146 652 2172 κατασειόντων
666 2146 772 2179 αἰτίων,
786 2147 869 2174 τινῶν

923 1599 1014 1622 autem
1027 1595 1165 1622 recenseri
1173 1595 1250 1630 jussa
1262 1600 1338 1628 sunt,
1355 1596 1398 1623 vel
1417 1596 1555 1632 immutari
1581 1596 1707 1631 quaedam

922 1640 1037 1674 tributa,
1061 1641 1104 1669 vel
1129 1649 1219 1677 pacta,
1246 1643 1287 1669 vel
1315 1642 1429 1675 militiae,
1458 1644 1501 1670 vel
1527 1643 1646 1678 publica,
1664 1642 1708 1671 vel

922 1687 1053 1721 libelliea,
1076 1687 1117 1715 vel
1141 1688 1245 1722 aliquid
1268 1688 1356 1729 aliud,
1375 1688 1449 1724 quod
1467 1688 1500 1715 ad
1528 1689 1624 1717 iiscum
1645 1697 1708 1724 per-

921 1733 1001 1765 tinet,
1016 1738 1044 1761 et
1060 1741 1114 1764 non
1133 1734 1234 1762 factum
1252 1741 1295 1763 est
1314 1735 1387 1771 quod
1411 1735 1608 1765 recensendum
1635 1741 1707 1770 erat,

911 1779 964 1807 ‘vel
977 1776 1087 1816 aliquod
1105 1781 1179 1809 aliud
1194 1782 1276 1809 habet
1292 1782 1349 1818 jus,
1369 1782 1442 1817 quod
1462 1782 1623 1818 reprehendi
1642 1790 1708 1818 pos-

922 1826 977 1860 sit;
995 1827 1163 1855 monasteria
1178 1835 1209 1856 ex
1222 1836 1255 1856 eo
1272 1829 1340 1857 nihil
1353 1829 1496 1857 lasdentur.

955 1963 1023 1998 Quid
1040 1969 1130 1993 autem
1147 1972 1216 2000 opus
1231 1969 1274 1993 est
1288 1966 1374 1992 multa
1390 1965 1482 1992 dicere
1502 1970 1529 1993 et
1545 1973 1708 1997 enumerare

919 2013 946 2037 et
962 2010 1186 2045 exemplihgratia
1202 2010 1318 2038 altene?
1335 2011 1423 2039 misso
1445 2019 1459 2039 a
1475 2012 1620 2047 majestate
1645 2020 1708 2042 mea

921 2056 1104 2092 multiloquio,
1123 2065 1158 2084 ne
1170 2059 1231 2092 quis
1252 2057 1280 2085 in
1297 2056 1432 2094 ejusmodi
1449 2058 1530 2086 rebus
1541 2059 1658 2088 callidus
1679 2065 1708 2088 et

922 2101 1009 2135 vafer,
1026 2103 1166 2130 nonnullis
1190 2103 1301 2138 quidem
1329 2103 1421 2137 dictis,
1438 2111 1472 2131 ex
1491 2104 1524 2132 iis
1536 2106 1628 2133 causis
1647 2114 1709 2141 quae

924 2149 1076 2177 immobilia
1094 2150 1265 2181 concutiunt,
1279 2149 1341 2177 aliis
1350 2157 1416 2176 vero
1428 2149 1537 2178 silentio
1552 2152 1707 2185 praeteritis,

81 2192 112 2218 δὲ
128 2192 412 2227 παρασιωπηθέντων,
436 2192 626 2228 ὲπιδρὰττοιτο
652 2193 706 2220 τῶν
724 2193 867 2228 ῥημάτων,

922 2195 1007 2223 verba
1018 2195 1147 2246 ‘arripiat,
1159 2200 1186 2223 et
1201 2204 1276 2223 more
1293 2195 1409 2224 Judaico
1429 2197 1526 2225 litteras
1543 2198 1662 2232 insistat,
1678 2204 1708 2227 et

82 2240 130 2264 καὶ
143 2239 216 2265 κατὰ
235 2238 382 2270 Ἰουδαίους
395 2239 434 2274 τῷ
456 2239 603 2275 γράμματι
618 2241 797 2276 ὲπικάθηται,
821 2242 869 2268 καὶ

83 2286 215 2320 ἐπιχειρῇ
243 2285 290 2310 ἐπὶ
317 2286 373 2316 τοῖς
399 2286 438 2321 μὴ
450 2284 646 2322 ιὲκτωνηθείσι
670 2287 799 2314 διασείειν
822 2288 870 2314 καὶ

84 2330 264 2366 παρενοχλεῖν
277 2332 337 2363 ταῖς
353 2333 458 2366 μοναϊς,
473 2331 610 2367 καθολικῷ
627 2333 698 2368 λόγῳ
723 2335 771 2361 καὶ
802 2343 870 2368 προ-

81 2378 186 2413 εκτικῷ
196 2377 276 2404 τοῦτο
289 2378 306 2410 ἡ
322 2378 445 2412 βασιλεία
466 2385 518 2413 μου
536 2378 671 2414 βούλεται,
687 2380 734 2407 καὶ
755 2380 870 2415 διορίζε-

81 2433 140 2457 ται,
157 2425 202 2451 καὶ
220 2424 258 2456 ὡς
273 2425 385 2452 ἂνιπᾶν
402 2425 470 2461 ὅπερ
493 2426 539 2451 ἐπὶ
562 2427 618 2457 τοῖς
645 2426 767 2462 σήμερον
793 2427 868 2462 παρὰ

80 2472 137 2498 τῶν
162 2471 352 2506 μοναστηρίων
373 2472 567 2507 κατεχομένοις
593 2472 671 2507 ῆὲπ¹
695 2473 866 2509 αὑταῖςηταῖς

82 2517 230 2552 καθέδραις
245 2518 302 2544 τῶν
324 2519 516 2553 μοναστηρίων
529 2518 611 2554 νοηοῇ
625 2519 695 2554 ὑπὲρ
710 2519 755 2546 τοῦ
771 2519 867 2554 κδημο-

84 2564 154 2596 σίου,
171 2565 247 2599 παρὰ
258 2572 328 2595 τινος
342 2564 358 2599 ἢ
375 2564 422 2590 νῦν
435 2564 451 2599 ἢ
463 2564 608 2598 ὰτεδήποτε
622 2565 687 2591 αὐτὸ
698 2565 778 2592 τοῦτο
788 2566 868 2592 656m—

85 2610 204 2645 ρημένον
220 2609 377 2644 λογίζεσθαι
398 2612 431 2645 τῇ
457 2613 536 2645 μονῇ.
563 2607 616 2636 Καὶ
633 2611 692 2646 ἅμα
719 2620 761 2643 τις
789 2612 867 2639 τοῦτο

83 2657 261 2692 διανοήτεται
286 2657 333 2683 καὶ
350 2656 508 2691 φθέγξεται,
527 2657 575 2683 καὶ
592 2657 674 2688 εὐθὺς
689 2658 868 2694 ἀντιλήψεται

84 2702 169 2728 αὑτοῦ
183 2703 200 2737 ή
218 2702 297 2737 μονὴ,
311 2703 348 2734 ὡς
362 2703 483 2737 σήμερον
493 2703 595 2738 δεδωρη
600 2704 681 2737 μένου
694 2704 780 2740 ταύτῃ
794 2705 868 2739 παρὰ

83 2750 134 2784 τῆς
155 2750 293 2784 βασιλείας
313 2758 375 2785 μου.
402 2749 485 2776 Ὅσον
508 2750 563 2785 γὰρ
587 2750 630 2784 ἐφ’
655 2748 696 2782 οἷς
720 2752 866 2786 κατέχουσι

87 2795 136 2821 νῦν
150 2796 302 2831 ἀκινήτοις,
320 2796 385 2831 περὶ
396 2793 435 2822 ὧν
446 2796 515 2831 ὑπὲρ
527 2796 574 2823 τοῦ
586 2796 718 2832 δημοσίου
730 2797 780 2823 οὐκ
804 2798 865 2824 ἔλα-

83 2842 131 2868 ϐον
142 2842 176 2868 τὰ
193 2843 385 2877 προγραφέντα
404 2844 583 2878 μοναστήρια,
598 2843 728 2878 δημόσιον
742 2843 865 2878 βούλεται

85 2889 103 2923 ἡ
123 2888 247 2924 βασιλεία
267 2897 317 2923 μου
330 2888 484 2922 λογίζεσθαι
495 2889 524 2915 ἓν
536 2890 654 2917 ἕκαστον
667 2890 770 2917 τούτων
792 2893 863 2918 κατὰ

207 2938 338 2967 Parnm.
355 2938 412 2968 Gtt.
433 2937 603 2968 CXXXVII.

921 2242 1034 2269 c0netui
1050 2242 1078 2269 in
1102 2242 1147 2275 iis,
1172 2250 1234 2277 quae
1260 2242 1334 2270 dicta
1365 2250 1419 2270 non
1447 2247 1512 2271 sunt
1538 2246 1707 2272 monasteria

920 2289 1028 2323 agitare
1041 2293 1068 2316 et
1093 2295 1201 2321 vexare,
1223 2289 1358 2317 sententia
1375 2290 1497 2325 generali
1520 2295 1546 2317 et
1572 2291 1707 2318 muuil‘era

920 2335 980 2362 vult
995 2343 1054 2363 mea
1075 2336 1204 2370 majestas
1217 2341 1245 2362 et
1258 2336 1392 2367 decernit,
1410 2341 1439 2364 ut
1450 2344 1533 2363 omne
1546 2337 1573 2364 in
1588 2338 1633 2370 iis,
1646 2347 1708 2374 quae

918 2380 1002 2409 hodie
1019 2390 1034 2408 a
1051 2382 1228 2409 monasteriis
1245 2382 1434 2417 possidentur,
1447 2384 1488 2410 vel
1508 2383 1535 2410 in
1560 2383 1629 2419 ipsis
1641 2390 1708 2412 sunt

920 2428 1153 2456 monasteriorum
1186 2429 1337 2462 cathedris,
1357 2437 1419 2458 esse
1437 2431 1577 2465 publicum
1600 2432 1706 2467 cogita-

920 2478 977 2500 tum
995 2474 1086 2507 fuerit,
1104 2474 1222 2510 idipsum
1242 2475 1275 2502 ab
1289 2475 1393 2510 aliquo.
1407 2475 1449 2503 vel
1463 2483 1536 2504 nunc
1554 2478 1596 2504 vel
1617 2485 1706 2512 quan-

920 2521 1075 2556 docunque,
1106 2522 1270 2549 monasterio
1296 2521 1390 2548 datum
1411 2530 1473 2550 esse
1499 2527 1650 2557 reputetnr.
1675 2522 1706 2549 lit

920 2568 1001 2595 simul
1015 2576 1046 2595 ac
1061 2569 1254 2604 hoeveogitarit
1269 2569 1407 2603 quispiam
1429 2578 1461 2597 ac
1478 2569 1587 2601 dixerit,
1600 2569 1624 2595 id
1636 2577 1706 2603 quo-

920 2623 973 2649 que
990 2615 1082 2642 statim
1106 2615 1285 2650 apprehendit
1306 2616 1513 2647 monasterium,
1538 2620 1568 2642 ut
1593 2615 1674 2642 hodie
1689 2623 1704 2641 a

921 2669 980 2688 mea
998 2661 1070 2697 regia
1086 2661 1256 2689 sublimitate
1270 2662 1415 2689 donatum.
1432 2660 1509 2693 Quod
1530 2660 1603 2697 enim
1623 2660 1657 2686 ad
1672 2668 1704 2687 ea

920 2694 1107 2741 atlinet,vqu:e
1120 2714 1192 2734 nunc
1203 2707 1354 2742 possident,
1368 2705 1531 2737 immobilia,
1548 2694 1582 2732 tle
1602 2705 1704 2739 quibus

919 2761 968 2788 pro
997 2753 1107 2788 publico
1133 2753 1298 2780 documenta
1327 2760 1381 2779 non
1411 2755 1577 2785 acoeperunt
1601 2758 1705 2778 mona-

920 2800 1021 2833 steria;
1051 2807 1110 2826 mea
1129 2799 1257 2833 majestas
1282 2798 1341 2825 vult
1370 2797 1583 2832 unumquodque
1606 2805 1702 2825 eorum

921 2847 1060 2881 publicum
1090 2846 1267 2878 existimari,
1286 2849 1314 2872 et
1349 2848 1508 2880 perpetuam
1546 2844 1702 2872 ﬁrmitatem

918 2892 1053 2925 obtinere,
1068 2895 1094 2918 et
1110 2898 1124 2917 a
1143 2891 1217 2918 nullo
1234 2890 1267 2918 de
1281 2897 1311 2918 ea
1331 2898 1360 2918 re
1382 2890 1538 2926 disceptari.
1552 2890 1585 2918 Et
1607 2897 1706 2926 qnetn-
