1933 3112
133 207 187 239 945

660 208 697 238 [N
717 208 800 238 CAN.
822 207 877 237 ΧΠ
896 207 998 238 CONC.
1016 207 1070 238 VII
1087 209 1264 241 (ECUMEN.

1702 207 1756 239 946

134 263 268 297 δηποτοῦν
282 263 453 300 τῷνδημοσὶῳ
462 262 591 300 διαφέρον
601 265 630 291 ἐν
646 264 749 296 τούτοις
761 263 909 299 ἐφεύρηται

974 263 1110 298 publicum
1136 265 1228 300 utique
1243 265 1369 300 pertinet,
1386 265 1412 292 in
1438 265 1471 292 iis
1497 265 1638 293 inventum
1660 264 1752 292 fuerit.

141 311 305 346 Ἐπανορθοϊ
326 312 354 339 δὲ
366 313 383 347 ἡ
397 312 520 346 βασιλεία
537 321 587 347 μου
602 312 646 338 διὰ
661 312 709 338 τοῦ
728 312 864 348 παρόντος
875 311 920 338 εὖ·

135 356 232 387 σεὸοὗς
253 357 452 391 χρυσοσούλλου
475 357 557 392 λόγου
572 358 619 384 καὶ
632 358 682 384 ὅσα
701 366 753 384 που
766 357 918 392 χωλεύοντα

134 403 310 438 εὑρίσκονται
336 404 383 431 ἐπὶ
399 405 455 435 τοῖς
480 404 612 439 προσοῦσι
676 404 854 439 διαληφθείσῃ
871 404 918 431 τοῦ

133 449 202 475 θεοῦ
221 449 333 486 Μεγάλῃ
353 450 486 485 ἐκκλησίᾳ
513 450 705 485 δικαιώμασιν,
726 451 755 477 ἐν
771 452 837 478 πᾶσι
862 453 919 484 τοῖς

134 495 265 526 τοιούτοις
282 496 429 530 ἀκινήτοις,
444 497 522 523 ὁποῖα
540 497 572 523 ἂν
583 498 630 524 καὶ
646 495 707 528 ὦσι,
724 497 770 524 καὶ
784 498 873 525 πάντα
885 494 919 525 τᾶ

134 541 270 576 προσόντα
287 543 356 578 αὐτῇ
373 544 444 570 κατά
453 551 483 569 τε
495 543 571 570 δύσιν
591 545 638 571 καὶ
658 544 791 580 ἀνατολὴν
808 544 855 571 καὶ
869 545 919 576 τὰς

132 586 197 619 ὅλας
213 588 321 622 νήσους,
337 588 374 620 ὡς
391 588 438 615 νῦν
454 588 530 624 παρὰ
540 589 589 622 τῆς
603 589 741 624 βασιλείας
754 599 804 624 μου
817 589 920 624 δωρού-

134 641 203 665 μενα
232 633 280 659 καὶ
304 634 508 668 παραδιδόμενα
531 633 618 669 ταύτῃ
632 633 787 668 λογίζεσθαι
813 633 857 667 διᾲ
870 634 919 668 τῆς

132 678 274 713 παρούσης
288 679 418 710 εὐσεϐοῦς
431 679 629 714 χρυσοσούλλου
643 680 784 714 γραφῆςεή
802 679 919 714 γαληνό-

131 734 182 758 an;
195 726 276 760 ἡμῶν
293 725 418 758 θεσπίζει
443 727 490 753 καὶ
518 726 676 762 διορίζεται.
702 726 752 753 Διὰ
769 727 824 761 γὰρ
841 726 918 752 τοῦτο

129 771 179 797 καὶ
202 772 400 807 περιορισμοὺς
427 771 562 807 προϐῆναι
587 771 767 806 λεπτομερεῖς
782 771 917 798 παντοίων

129 817 269 851 ἀκινήτων
285 817 454 851 δηλωτικοὺς
476 818 523 843 καὶ
541 816 596 843 τῶν
610 817 639 843 ἐν
652 817 745 846 αὐτοῖς
759 816 918 851 προσκαθη-

132 862 221 894 μένων
249 862 390 898 παροίκων
408 871 436 889 τε
449 862 496 889 καὶ
511 863 634 895 ἐνοίκων,
653 862 693 888 ἑτι
708 862 736 888 δὲ
757 862 805 888 καὶ
820 861 874 888 τῶν
887 862 917 888 ἐν

128 908 236 939 τούτοις
252 909 455 944 εὑρισκομένων
481 909 617 936 παντοίων
642 909 825 944 αὖτουργίων,
841 910 916 944 παρὰ

127 956 183 981 τῶν
198 955 268 993 κατὰ
281 956 380 987 τόπους
396 956 590 992 ἀναγραφέων,
602 956 650 982 καὶ
667 958 728 986 ταῖς
745 956 914 989 πιστωθῆναι

127 1000 313 1034 ὑπογραφαῖς.
333 1000 380 1027 καὶ
394 1000 432 1035 τῷ
448 1002 525 1036 μέρει
545 1000 596 1036 τῆς
618 1001 773 1036 ἁγιωτάτης
785 999 916 1037 Μεγάλης

129 1047 279 1081 ἐκκλησίας
313 1047 471 1082 ἐπιδοθῆναι
496 1048 536 1078 εἰς
553 1047 706 1081 ἀσφάλειαν
734 1047 916 1080 αῑωνίζονσαν

126 1093 158 1119 ἰδ
171 1094 270 1127 κράτος
285 1095 366 1128 ἡμῶν
396 1093 585 1127 ἐγχελεῦεται,
610 1095 647 1126 ὡς
663 1094 697 1121 ἂν
710 1091 761 1120 ὦσι
777 1094 843 1130 δῆλα
869 1095 916 1121 καὶ

126 1139 318 1174 ἀναμφίλεκτα
343 1139 499 1175 ξύμπαντα,
515 1140 561 1167 καὶ
588 1140 723 1175 μηδέποτε
741 1140 796 1167 τῶν
811 1140 916 1174 καιρῶν

125 1185 174 1211 ὑπ’
188 1185 333 1220 ἀνάκρισιν
346 1185 456 1219 ἄγοιντο
467 1185 531 1222 παρ’
540 1186 695 1212 οὑτινοσοῦν
707 1186 762 1212 τῶν
774 1186 844 1213 κατὰ
855 1195 916 1213 και-

128 1232 192 1266 ροὺς
216 1232 400 1267 ἁναγραφέων
421 1232 437 1267 ἢ
463 1232 590 1258 ἐπόπτων
616 1232 632 1266 ἢ
651 1232 787 1265 ἐξισωτῶν
800 1234 848 1259 καὶ
861 1234 914 1260 τῶν

124 1277 214 1305 ἄλλως
229 1277 435 1312 ἀνερευνώντων
446 1277 481 1304 τὰ
493 1277 659 1312 δημοσιακὰ,
675 1278 730 1304 τῶν
741 1278 915 1312 δηλωθέντων

125 1322 316 1357 περιορισμῶν
357 1323 621 1357 ἐγκαταστρωθῆναι
659 1322 823 1356 ὀφειλόντων
856 1325 914 1355 τοῖς

125 1368 295 1403 προσφόροις
312 1368 453 1402 σεκρέτοις
467 1367 501 1394 δι’
517 1367 631 1403 εἴδησιν.
648 1368 715 1395 Οὐδὲ
736 1368 790 1403 γὰρ
806 1368 914 1402 ἐξέσται

123 1414 178 1440 τινὶ
188 1414 292 1441 τούτων
304 1414 333 1440 ἐν
347 1414 499 1450 οιῳδὴποτε
510 1415 599 1449 χρόνῳ
615 1414 677 1442 καο’
686 1415 837 1449 οἱονδήτινα
850 1417 914 1451 τρό-

124 1467 178 1485 πον
193 1459 222 1486 ἐν
245 1460 304 1490 τοῖς
327 1459 458 1491 τοιούτοις
472 1461 554 1487 πᾶσιν
576 1460 716 1494 ἀκινήτοις
740 1461 912 1496 είσέρχεσθαι

124 1504 314 1539 ὁπωσδήποτε,
328 1504 344 1540 ἢ
358 1504 436 1531 ταῦθ’
448 1505 500 1532 ὑπὸ
511 1505 624 1541 ζήτησιν
638 1505 716 1540 ἄγειν
728 1507 775 1533 καὶ
790 1507 913 1541 ἐξέτασιν

122 1551 291 1584 οἷανδήτινα.
319 1550 391 1577 Ἀλλ’
406 1550 466 1581 οὐδὲ
482 1551 653 1586 δικαιώματα
670 1552 715 1578 ἐπὶ
728 1552 833 1584 τούτοις
849 1554 912 1580 ἐπι-

125 1595 267 1632 ζητητέον,
285 1597 316 1623 οὐ
345 1597 480 1624 καπνικὸν
494 1597 745 1632 ἀναλαμϐάνεσθαι,
762 1600 790 1626 οὺ
808 1608 912 1636 μετρη-
926 1615 948 1646 c

122 1643 223 1673 τίκιον,
240 1643 290 1677 οὐχ
312 1642 408 1678 ἔτερόν
433 1652 459 1670 τι
474 1643 662 1678 οῑονδηποτοῦν
677 1645 853 1680 φορολόγημα
871 1647 912 1678 εἰς

124 1688 220 1723 κέρδος
235 1690 290 1721 τοῖς
304 1690 514 1724 ἁναγραφεῦσιν
539 1690 913 1728 ἑπινοούμενον,ἀποτρεπο-

125 1736 216 1768 μένοις
240 1737 272 1770 τῇ
287 1736 422 1771 ὲμφανείᾳ
443 1737 490 1763 καὶ
508 1737 577 1772 μόνῃ
595 1737 641 1764 τοῦ
663 1739 798 1772 παρόντος
810 1748 911 1774 χρυσο-

122 1781 236 1807 εούλλου
251 1781 332 1815 λόγου
348 1781 397 1816 τῆς
415 1782 554 1816 βασιλείας
570 1792 633 1817 μου,
648 1784 695 1810 καὶ
711 1784 766 1810 τῶν
776 1785 912 1820 προῆησο-

125 1827 213 1859 μένων
226 1827 422 1861 περιοριςμῶν,
435 1827 473 1859 ὡς
483 1828 648 1863 διείληπται.
663 1830 740 1856 Πᾶσα
752 1831 780 1857 δὲ
793 1832 912 1865 πρόστα-

124 1871 166 1904 ξις
180 1873 318 1906 γεγονυῖα,
345 1872 401 1899 εἴτε
418 1873 484 1908 περὶ
499 1877 765 1910 προαφωρισμένων,
778 1878 834 1914 είτε
846 1879 911 1914 περ).

123 1918 301 1952 κλασμάτων,
317 1919 373 1944 εἴτε
398 1919 463 1953 περὶ
489 1920 676 1954 συμπαθειῶν,
695 1923 751 1948 εἴτε
775 1924 840 1959 περὶ
855 1925 911 1952 τῶν

123 1964 178 1990 ἀπὺ
193 1963 330 1991 ταπεινῶν
358 1964 469 1999 στίχων,
499 1965 554 1991 εἴτε
569 1967 635 2000 περὶ
650 1967 704 1994 τῶν
720 1969 910 2004 ὑποκειμένων

123 2010 183 2041 ταῖς
197 2010 342 2044 χαραγαῐς,
361 2010 417 2036 εἴτε
441 2011 508 2051 περὶ
522 2012 671 2046 στρατειῶν
687 2017 909 2051 συμπεπαοημέ-

122 2064 187 2086 νων,
203 2055 254 2082 κᾶν
272 2055 309 2090 μὴ
322 2050 506 2090 ἀντισήκωσις
525 2056 628 2084 τούτων
639 2059 757 2093 ἐγένετο,
772 2061 828 2088 εἴτε
844 2050 909 2098 περὶ

121 2100 170 2127 τοῦ
194 2101 244 2132 τὰς
269 2101 388 2133 ἀπόσους
417 2102 454 2137 μὴ
480 2102 610 2138 στέργειν
635 2105 751 2140 δωρεὰς,
770 2107 826 2134 εἴτε
844 2110 908 2144 περὶ

120 2146 286 2180 οἱουδήτινος
299 2147 392 2182 ἐτέρου
418 2148 571 2182 κεφαλαίου
585 2149 756 2187 ὲξεφωνήοη,
774 2153 822 2180 καὶ
838 2156 908 2182 κατά

120 2201 147 2219 τι
160 2193 319 2220 ἐναντιῶται
341 2193 381 2229 τῷ
403 2195 735 2233 παρόντι-χρυσοϐούλλῳ
761 2198 833 2234 λόγῳ
859 2201 909 2235 τῆς

121 2239 260 2274 βασιλείας
275 2247 336 2274 μου,
352 2240 415 2266 ὅσον
435 2241 479 2267 ἐπ’
495 2241 570 2276 αὐτῷ
594 2243 737 2270 ἀποίσεται
753 2245 783 2271 τὸ
794 2246 909 2282 aviqu-

973 309 1024 337 Per
1042 316 1201 345 prmsentem
1224 316 1314 338 autem
1334 312 1405 339 hanc
1427 315 1455 339 et
1477 305 1549 346 piam
1565 311 1752 339 deﬁnitionem

973 356 1060 384 Aurea
1076 356 1151 384 Bulla
1179 357 1309 384 munitam
1329 358 1458 391 majestas
1476 365 1534 385 mea
1557 358 1670 393 corrigit
1683 366 1757 392 quan

972 410 1080 437 cunqne
1097 403 1252 431 claudicare
1275 403 1453 431 inveniuntur
1469 404 1495 430 in
1521 403 1566 437 iis,
1591 411 1652 438 quae
1679 403 1757 430 diem

972 449 1075 483 Magnae
1102 449 1147 477 Dei
1165 449 1297 477 Ecclesia;
1309 450 1421 482 adsum,
1436 450 1546 484 juribus
1561 457 1594 477 ac
1609 449 1710 481 titulis,
1726 449 1754 476 in

972 495 1101 522 omnibus
1133 495 1268 529 ejusmodi
1296 495 1494 527 immobilibus,
1523 501 1694 528 quaeruntque
1725 502 1756 520 ea

973 540 1093 574 fuerint;
1122 545 1149 568 et
1180 542 1270 568 omnia
1302 549 1364 577 quze
1395 541 1448 568 illis
1465 540 1575 573 adsunt,
1599 540 1627 568 in
1652 540 1758 566 oriente

971 591 998 613 et
1025 586 1187 616 occidente.
1212 592 1239 614 et
1266 587 1294 614 in
1325 587 1455 614 omnibus
1486 585 1597 616 insulis,
1625 589 1654 612 ut
1683 592 1758 611 nunc

971 641 987 660 ιι
1023 633 1165 667 majestate
1210 641 1269 660 mea
1305 634 1367 660 data
1410 637 1438 660 et
1471 632 1495 660 ei
1533 639 1666 659 concessa
1706 639 1758 665 pu-

973 684 1086 711 tentur-.
1119 687 1167 714 per
1205 680 1257 707 hoc
1295 681 1427 714 scriptum
1468 687 1589 714 prmsans
1627 679 1758 713 pimnque

970 725 1060 753 Aurea
1070 726 1145 753 Bulla
1157 726 1289 752 munitmn
1304 725 1437 753 serenitas
1453 731 1545 752 nostra
1557 725 1633 759 jubet
1647 725 1757 751 statuit-

971 779 1034 806 que.
1052 771 1092 799 0b
1109 780 1167 799 eam
1192 772 1264 798 enim
1290 780 1400 799 causam
1423 777 1450 799 ct
1475 775 1585 798 exactas
1608 764 1757 806 procedere

970 809 1176 852 descriptiones,
1194 824 1254 852 quae
1271 817 1411 845 declarent
1429 817 1563 852 cujusque
1577 816 1686 852 generis
1702 816 1756 842 im-

971 864 1091 896 mobilia,
1107 868 1134 892 et
1147 865 1192 899 qui
1211 865 1250 891 eis
1274 869 1393 898 praesunt
1411 863 1523 891 colonos
1542 868 1569 889 et
1591 861 1755 896 inquilinos,

970 917 1020 937 nec
1046 918 1099 937 non
1121 911 1212 938 omnis
1230 910 1338 945 generis
1355 910 1455 944 prsidia
1475 910 1575 937 rustica
1596 909 1623 936 in
1649 909 1691 935 eis
1709 907 1752 933 in-

970 960 1060 987 venta,
1077 963 1090 982 a
1114 956 1237 983 locorum
1263 956 1491 991 descriptoribus,
1516 963 1666 989 eorumque
1689 952 1755 980 sul)-

968 1000 1163 1033 scriptionibus
1183 1001 1341 1028 confirmari
1355 1021 1362 1033 ,
1378 1006 1405 1028 et
1422 1002 1448 1028 in
1474 1005 1632 1036 perpetuam
1651 999 1756 1026 sccuri-
1778 1020 1789 1029 ,

967 1049 1051 1072 tatem
1088 1046 1270 1074 sanctissime
1297 1047 1399 1083 Magum
1424 1046 1554 1075 Ecclesia:
1580 1045 1650 1073 tradi
1678 1045 1756 1080 jubet

967 1096 1062 1119 nostra
1081 1093 1219 1127 majcStas.
1238 1099 1266 1121 ut
1282 1094 1374 1121 omnia
1395 1094 1538 1121 manifesta
1552 1098 1579 1120 et
1597 1097 1673 1119 extra
1687 1099 1756 1118 cou-

968 1138 1130 1166 troversiam
1145 1139 1232 1173 posita
1251 1140 1316 1169 sint,
1333 1147 1383 1166 nec
1399 1131 1453 1165 ullo
1472 1143 1593 1174 tempore
1608 1139 1634 1165 in
1648 1137 1755 1171 disqui-

967 1183 1093 1211 sitionem
1103 1182 1265 1213 revocentur
1287 1193 1299 1212 ιι
1314 1186 1513 1219 descripmrmu
1539 1192 1697 1218 quoquam,
1713 1183 1754 1210 vel

967 1229 1165 1263 inspectornm,
1175 1227 1214 1257 \‘el
1231 1236 1458 1266 permquatorum,
1468 1236 1495 1258 et
1509 1238 1601 1258 eorum
1616 1231 1662 1268 qui
1676 1231 1756 1257 aliter

967 1274 1069 1302 ﬁscalia
1084 1280 1304 1310 perscrutantur,
1320 1277 1466 1304 declaratis
1481 1276 1712 1311 descriptionibus
1725 1276 1753 1304 in

967 1320 1086 1347 futuram
1118 1321 1156 1348 rei
1198 1322 1358 1349 memoriam
1387 1322 1605 1357 competentibus
1640 1322 1754 1350 secretis

966 1367 1147 1394 insinnandis.
1164 1367 1255 1402 Neque
1268 1369 1339 1396 enim
1355 1369 1481 1404 cuiquam
1494 1377 1586 1396 eorum
1601 1369 1656 1396 ullo
1673 1369 1754 1396 modo

965 1411 1070 1445 ingredi
1090 1412 1244 1447 bujnsmodi
1260 1413 1422 1446 immobilia,
1441 1421 1486 1440 aut
1502 1422 1533 1441 ea
1550 1415 1576 1440 in
1593 1419 1753 1441 controver-

939 1467 941 1472 τ
966 1457 1034 1484 siam
1052 1458 1188 1486 deducere
1204 1462 1230 1485 et
1247 1459 1466 1493 disquisitionem
1485 1468 1678 1494 quamcunque
1701 1468 1753 1487 un-

966 1511 1046 1537 quam
1064 1504 1165 1532 licebit.
1184 1504 1236 1531 Sed
1259 1513 1308 1532 nec
1324 1506 1356 1533 de
1371 1505 1482 1539 juribus
1499 1505 1652 1541 (Ecclesize)
1668 1506 1694 1533 in
1710 1505 1753 1533 bis

965 1549 1058 1578 (dii-tis
1075 1551 1307 1586 possessiunilms)
1320 1551 1417 1578 debent
1433 1552 1582 1586 inquirere.
1600 1560 1650 1579 nec
1663 1552 1751 1579 tribu-

965 1603 1020 1624 tum
1053 1597 1198 1624 lumarium
1226 1605 1276 1625 nec
1300 1599 1514 1626 mensuraticum
1542 1599 1674 1633 recipere.
1703 1606 1753 1626 nec

965 1643 1080 1677 vectigal
1097 1643 1169 1670 aliud
1183 1644 1374 1679 quodcunque,
1390 1645 1416 1671 in
1432 1645 1537 1672 lucrum
1550 1645 1752 1676 descriptorum

965 1689 1166 1722 excogitatum;
1186 1690 1231 1724 qui
1261 1690 1292 1716 ad
1322 1691 1409 1717 solum
1439 1695 1577 1725 aspectum
1610 1691 1753 1724 pra‘sentis

966 1735 1132 1763 deﬁnitionis
1147 1743 1213 1763 mem
1231 1737 1381 1771 majestatis
1396 1738 1483 1764 Aurea
1501 1736 1574 1763 Bulla
1592 1737 1713 1769 munitm,
1725 1736 1752 1763 et

965 1781 1178 1817 descriptionum
1196 1783 1405 1816 prtvcedentium
1417 1803 1424 1815 ,
1444 1787 1472 1809 ut
1489 1783 1666 1810 constitutum
1683 1786 1725 1808 est
1739 1802 1747 1811 .

966 1828 1153 1862 prohibentur.
1175 1828 1271 1855 Omnis
1288 1834 1378 1855 autem
1395 1837 1454 1863 qurc
1481 1829 1552 1855 facta
1578 1833 1619 1854 est
1647 1828 1747 1860 jussit).

947 1875 949 1879 '
964 1873 1022 1900 sive
1035 1874 1068 1900 de
1087 1874 1161 1908 prius
1175 1866 1228 1901 alio
1242 1875 1378 1908 ilepntatis
1392 1895 1399 1906 ,
1424 1875 1481 1901 sive
1507 1877 1540 1900 de
1565 1874 1725 1909 fragmentis
1741 1894 1748 1903 ,

965 1919 1021 1946 sive
1038 1919 1070 1946 de
1085 1919 1384 1951 eomtniserationilms,
1403 1921 1459 1947 sive
1475 1921 1508 1946 de
1525 1920 1558 1946 iis
1574 1924 1634 1953 quin
1651 1921 1683 1945 ab
1700 1920 1750 1948 bu-

964 1964 1076 1992 milibus
1098 1965 1253 1998 ordinibus,
1283 1965 1341 1993 sive
1369 1966 1402 1992 de
1432 1966 1464 1993 iis
1492 1974 1551 1999 quas
1570 1958 1749 1992 incisionibus

964 2010 1097 2044 subjecta.
1117 2011 1174 2038 sive
1190 2011 1223 2038 de
1247 2011 1353 2039 militiis
1375 2012 1521 2050 ama-tatis,
1539 2012 1600 2038 licet
1618 2019 1749 2046 compen-

963 2058 1033 2084 satio
1050 2057 1119 2084 iacta
1138 2065 1192 2084 non
1209 2059 1255 2089 sit.
1271 2059 1327 2085 sive
1340 2059 1373 2085 de
1386 2067 1438 2085 non
1455 2058 1654 2093 arquiescendo
1671 2059 1750 2085 factis

963 2105 1022 2130 sine
1038 2104 1193 2138 quantitate
1217 2104 1424 2135 donationibus,
1442 2104 1499 2132 sive
1524 2105 1557 2132 de
1583 2112 1749 2139 quacunque

962 2150 1013 2176 alia
1031 2157 1060 2177 re
1079 2149 1148 2176 edita
1162 2153 1204 2177 est
1213 2149 1310 2184 jnssio,
1326 2155 1352 2176 et
1368 2150 1422 2177 ulla
1439 2150 1465 2176 in
1481 2157 1510 2177 re
1526 2154 1659 2185 repugnet
1677 2157 1746 2185 prae-

963 2196 1032 2223 spnti
1055 2196 1205 2230 majestatis
1223 2203 1289 2223 mea:
1304 2196 1453 2223 definitioni
1472 2197 1562 2224 Aurea
1579 2196 1654 2223 Bulla
1683 2204 1748 2223 mu-

963 2243 1035 2274 nitm,
1053 2243 1129 2270 irrita
1146 2244 1196 2270 erit
1212 2248 1240 2270 et
1254 2244 1370 2270 invalida
1389 2252 1397 2272 :
1415 2243 1466 2270 etsi
1481 2263 1489 2275 ,
1505 2250 1539 2270 ne
1561 2243 1745 2277 rescindatur,

122 2294 179 2320 ρον,
208 2286 259 2312 κᾶν
278 2286 310 2312 τὺ
337 2286 375 2321 μὴ
393 2286 598 2321 ἀνατρέπεσθαι
620 2289 667 2324 ἔχη
693 2290 854 2327 ἐγκείμενον
878 2295 907 2321 ἐν

964 2288 987 2315 in
1003 2297 1034 2316 ea
1050 2297 1210 2322 expressum
1228 2290 1263 2317 sit
1281 2289 1343 2324 (nisi
1359 2289 1518 2316 nominatim
1537 2290 1745 2325 pronuntiatum

121 2331 203 2366 αὐτῇ,
219 2331 244 2357 εί
264 2330 301 2366 μὴ
319 2331 408 2366 ῥητῶς
424 2332 581 2369 ἐκφωνηθῇ.
601 2334 645 2360 Ἐν
661 2335 765 2370 είδήσει
779 2337 834 2373 γὰρ
852 2347 906 2366 πα-

121 2376 178 2402 σῶν
193 2375 249 2402 τῶν
259 2376 454 2410 γεγενημένων
472 2378 648 2412 προστάξεων
673 2380 690 2415 ἡ
706 2381 831 2417 ἡμετέρα
847 2382 906 2410 θεο-

121 2422 226 2454 σὲδεια,
257 2423 288 2448 τὸ
318 2423 389 2448 κατὰ.
426 2423 509 2458 μέρος
530 2424 633 2456 ταύτας
658 2427 905 2462 ἀπαριθμήσασθαι

119 2468 258 2501 παρέλκον
273 2468 405 2502 ἡγήσατο,
424 2469 471 2494 καὶ
482 2468 520 2499 ὡς
535 2469 688 2502 ίδιαιτάτως
703 2472 905 2508 ἀριθμηοείσας

120 2514 167 2540 καὶ
179 2513 382 2548 ἀνατραπείσας
396 2515 457 2540 ὅσον
472 2515 517 2540 ἐπὶ
531 2515 570 2550 τῷ
585 2516 700 2554 παρόντι
714 2517 904 2554 χρυσοόούλλῳ

119 2558 202 2593 λόγῳ,
218 2559 375 2593 λογίζεσθαι
388 2559 490 2591 ταύτας
506 2560 628 2593 θεσπίζει
690 2562 815 2594 βασιλεία
831 2552 902 2599 ⁸μου1.

126 2605 196 2631 Ἀλλ’
209 2605 270 2632 οὖδέ
288 2605 458 2640 γενησομένη
472 2607 592 2642 οίαδήτις
603 2607 685 2642 ἑτέρα
696 2610 843 2645 πρόσταξις
853 2611 904 2646 τῆς

120 2650 261 2685 παρούσης
276 2651 405 2682 εὐσεϐοῦς
433 2652 592 2687 κατισχύσει
611 2654 723 2688 γραφῆς
734 2663 741 2670 ·
770 2655 838 2681 ἀλλὰ
853 2657 903 2683 κά-

120 2695 197 2730 κείνη
214 2696 255 2730 ὲφ¹
272 2693 312 2727 οἷς
326 2696 487 2723 ἐναντιῶται
514 2697 552 2732 τῷ
567 2699 682 2733 παρόντι
698 2700 747 2734 τῆς
763 2701 903 2736 βασιλείας

121 2750 173 2776 μου
189 2742 308 2776 ὁρισμῷ,
325 2743 387 2769 ὅσον
398 2743 442 2769 ἐπ’
458 2743 534 2779 αὺτῷ
547 2744 577 2770 τὸ
593 2745 738 2781 ἀνίσχυρον
757 2747 902 2775 ἀποίσεται

119 2785 167 2812 καὶ
177 2786 288 2821 ἄκυρον.
302 2787 354 2814 κᾶν
365 2788 395 2813 τὸ
413 2787 451 2823 μὴ
460 2788 663 2824 ἀνατρέπεσθαι
676 2790 725 2826 ἔχῃ
743 2791 902 2828 ἐγκείμενον

119 2831 148 2858 ἐν
165 2833 232 2867 αὐτῇ
247 2832 291 2867 (εἰ
304 2833 341 2868 μὴ
360 2833 449 2868 ῥητῶς
469 2835 614 2871 ἐκφωνηθῇ
625 2837 646 2869 ),
665 2838 716 2863 κᾶν
732 2837 828 2873 ἑτέραν
843 2839 902 2866 διά-

121 2875 206 2904 στιειν
219 2878 383 2913 οἱανδήτινα.
399 2879 457 2913 Ἵνα
467 2880 513 2906 οὖν
526 2882 568 2916 εἴη
584 2881 651 2917 δῆλα
665 2882 698 2909 τὰ
715 2884 849 2918 προσόντα
868 2887 900 2921 τῇ

122 2925 261 2959 ἁγιωτάτῃ
293 2926 340 2954 τοῦ
376 2927 443 2955 Θεοῦ
476 2928 588 2964 Μεγάλῃ
615 2929 750 2965 ἐκκλησίᾳ
785 2930 902 2966 ἀκίνητα

961 2334 1067 2368 fuerit).
1085 2335 1211 2361 Omnium
1230 2335 1301 2362 enim
1317 2335 1485 2369 jussionum,
1506 2344 1566 2370 quae
1579 2336 1658 2363 facta:
1671 2341 1745 2368 sunt,

958 2380 1081 2407 notitiam
1100 2381 1202 2408 habens
1216 2389 1274 2407 mea
1291 2382 1390 2416 pietas,
1409 2389 1456 2409 eas
1477 2382 1616 2416 sigillatim
1633 2391 1746 2410 enume-

958 2433 1019 2453 rare
1047 2434 1246 2461 supervacuum
1272 2427 1464 2457 existimavit.
1481 2432 1509 2455 et
1536 2433 1563 2455 ut
1590 2429 1743 2463 expressim

957 2478 1130 2500 enumeratas
1148 2477 1174 2500 et
1189 2481 1309 2506 eversas,
1324 2474 1395 2509 quod
1411 2474 1444 2502 ad
1466 2475 1535 2502 hanc
1549 2475 1645 2502 Aurea:
1661 2475 1743 2501 Bulla:

957 2517 1143 2546 deﬁnitionem
1172 2519 1282 2552 attinet,
1313 2520 1420 2548 censeri
1450 2521 1593 2548 constituit
1616 2521 1743 2554 majesras

957 2571 1026 2591 mea.
1040 2564 1092 2591 Sed
1107 2573 1156 2592 nec
1172 2565 1224 2592 ulla
1237 2565 1300 2596 alia,
1314 2574 1375 2600 quae
1388 2566 1414 2593 in
1431 2571 1569 2601 posterum
1584 2565 1627 2592 lict
1641 2565 1741 2599 juSsio,

956 2610 1020 2637 huic
1039 2611 1089 2645 pia:
1113 2612 1257 2645 scripturae
1281 2612 1437 2646 praevalebit
1453 2621 1461 2643 ;
1478 2612 1601 2647 quinimo
1624 2615 1650 2638 et
1674 2611 1718 2636 illa
1733 2629 1742 2642 ,

956 2663 1090 2692 quatenus
1110 2660 1235 2693 praesenti
1254 2667 1321 2687 mete
1339 2651 1489 2694 majestatis
1512 2657 1663 2685 definitioni
1691 2657 1741 2683 ad-

955 2709 1093 2737 versatur,
1109 2705 1186 2732 irrita
1204 2705 1261 2737 fiet,
1283 2705 1475 2738 nullarumque
1490 2703 1598 2735 virium;
1619 2702 1692 2734 licet,
1706 2711 1741 2730 ne

954 2751 1139 2785 subvertatur,
1155 2751 1276 2786 apposita
1296 2750 1333 2777 sit
1349 2748 1469 2776 clausula
1488 2748 1551 2783 (nisi
1576 2748 1750 2776 nominatim

955 2797 1160 2830 pronuntiatum
1187 2795 1233 2829 sit)
1256 2800 1303 2821 aut
1330 2794 1432 2829 qumvis
1460 2793 1512 2820 alia
1530 2793 1682 2820 distinctio.
1705 2792 1740 2820 Ut

954 2830 1038 2877 igitur
1055 2841 1198 2869 manifesta
1213 2842 1279 2873 sint,
1299 2848 1359 2875 quae
1379 2840 1479 2867 adsunt
1494 2839 1676 2866 sanctissima:
1690 2839 1737 2866 Dei

955 2888 1045 2923 magni
1061 2887 1199 2919 Ecclesiae,
1216 2886 1363 2914 immobilia
1379 2885 1481 2918 omnia,
1502 2885 1529 2912 in
1548 2890 1674 2920 presenti
1690 2886 1738 2922 de-

957 2933 1079 2960 ﬁnitione
1091 2933 1180 2960 Aurea
1194 2932 1269 2960 Bulla
1284 2931 1387 2960 munita
1403 2936 1496 2967 aperte
1512 2931 1644 2967 inscripta
1662 2935 1737 2963 sunt,
1762 2932 1767 2937 ”
