1933 3112
100 166 160 201 953

605 177 646 207 ιΝ
663 179 823 211 cmxnt
842 167 947 214 coNc.
966 186 1021 216 vn
1041 188 1218 220 uacuum.

1670 173 1723 223 gs;

97 233 177 283 ἔστιν
191 234 293 271 ἔνοχος,
307 237 383 274 πόσῳ
398 239 498 274 μᾶλλον
512 242 526 268 6
538 241 740 279 διασκορπίζων
761 247 778 273 ἃ
790 247 878 283 ἕτεροι
895 248 918 275 Λ
932 243 1031 278 ΨΙῘΡΡΘ
1053 245 1099 280 (ἰαί
1116 253 1157 276 8³η
1175 253 1236 280 (Ιυίθ
1256 246 1314 280 ipse
1338 246 1410 273 "3""
1426 245 1544 282 εθίιθείῖο
1561 248 1630 276 mnia
1661 249 1723 276 δίε·

95 282 140 330 τῷ
159 283 218 319 Θεῷ
229 284 404 330 ᾀφιέρωσανς
433 286 521 322 Οὗτος
539 290 587 325 μὲν
602 289 648 318 οὖν
675 294 689 319 ὸ
712 294 801 321 κανὼν
821 282 884 330 περὶ

98 328 271 364 αὑτουργίων
283 330 356 365 λέγει
367 340 374 348 ·
393 332 407 358 6
419 332 447 359 δὲ
461 334 512 368 τῆς
530 335 560 361 ὲν
588 336 750 374 Καρθαγένῃ
774 328 884 365 συνόδου

97 374 224 406 εἰκοστὸς
239 376 330 407 ἔνατος
353 378 444 404 κανὼν
459 379 518 407 οὐδὲ
532 381 680 415 ἁπρόσοδον
698 384 740 419 νὲᾷ
764 384 886 411 ἐκποιεῖ-

98 420 212 454 σθαι,εί
243 423 280 457 μὴ
298 425 367 458 μετά
394 428 615 463 παρατηρήσεως
644 429 690 456 καὶ
706 431 769 461 τοὺς
786 430 824 466 μὴ
838 439 888 464 φυ-

97 466 250 500 λάσσοντας
263 469 309 496 τδν
323 471 422 498 κανόνα
436 473 588 501 ὲκπτώσειν
603 476 712 508 κολάζει
724 477 772 515 τῆς
783 477 888 510 οἰκείας

96 513 195 548 τιμῆς.
232 515 261 542 '0
287 515 315 542 δὲ
334 517 420 551 μέγας
437 519 570 557 Κιῖριλλος
592 521 688 557 Δόμνῳ
710 513 885 556 ἐπιστέλλων,

96 560 229 594 κειμήλια.
256 562 303 588 καὶ
329 563 440 598 κτήσεις
460 553 616 601 [ἀκινήτους
630 553 789 601 -ἐκκλησιῶν
803 553 885 596 ἀνεκέ

95 606 201 640 ποίητα
233 604 303 634 εἶναι
322 608 511 638 διατάττεταιο
545 612 613 639 ἀλλὰ
640 613 727 641 ταῦτά
745 623 801 641 τισι
829 614 885 643 τῶν

95 651 260 686 ἡγουμένων
271 653 356 689 λῆρος
369 655 445 682 δοκεῖ

935 290 1048 325 perdat,
1075 292 1156 326 dejici
1184 300 1216 319 ac
1246 292 1398 321 deturbari.
1417 293 1484 320 Nam
1503 294 1525 320 si
1562 294 1720 331 quicunque

935 343 985 362 sua
1000 336 1087 370 ipsius
1104 337 1173 364 bona
1193 338 1262 365 male
1275 338 1433 366 distraxerit
1453 339 1557 374 judicio
1573 345 1614 367 est
1630 341 1720 369 oliuo-

934 381 1006 414 xius,
1023 389 1125 418 quanto
1141 384 1215 410 illum
1233 385 1318 416 longis
1341 385 1488 412 obnoxiqu
1513 393 1575 413 esse
1598 387 1718 414 arbitre-

937 436 1010 460 mur,
1029 429 1075 464 qui
1109 429 1163 457 Deo
1191 430 1225 458 ab
1250 431 1311 457 aliis
1328 436 1503 458 consecratas
1530 432 1720 467 possessiones

935 475 1067 511 dissipat?
1080 477 1173 511 Atque
1189 476 1234 504 hic
1250 478 1359 513 quidem
1378 485 1466 506 canon
1484 479 1517 506 de
1529 479 1600 513 agris
1614 479 1720 507 statim.

935 521 1158 557 Carthaginensis
1183 528 1272 550 autem
1299 524 1395 559 synodi
1417 524 1653 558 undetricesimo,
1678 533 1722 553 res

933 575 1042 602 quoque
1066 568 1144 601 aliae,
1164 570 1289 603 quamvis
1312 570 1416 597 fructui
1443 570 1554 598 ferendo
1572 579 1627 598 non
1645 571 1721 603 sint,

934 613 1062 646 distrahi,
1075 615 1129 642 nisi
1146 616 1271 643 cautione
1287 615 1418 648 adhibita,
1434 617 1633 651 prohibemur;
1659 616 1729 658 qui:

935 668 988 694 que
1003 660 1101 688 c‘anonl
1121 669 1175 689 non
1204 662 1355 696 paruerint,
1371 663 1510 697 dignitatis
1521 684 1529 696 ,
1553 671 1634 697 quam
1651 663 1721 690 obti-

93 701 175 728 nent,
194 698 345 732 priVatione
360 702 522 731 multantur.
546 703 659 739 Magnus
677 708 767 733 autem
782 705 900 741 Cyrillus
918 704 945 732 in
964 713 1012 732 sua
1043 706 1076 733 ad
1113 707 1248 734 Domuum
1286 708 1415 743 cpistola,
1447 710 1624 736 ecclesiarum
1657 717 1720 737 vasa

93 744 229 779 pretiosa.
245 753 392 781 earumque
408 747 561 778 immobiles
586 752 784 785 possessiones.
802 752 876 779 nullo
899 751 979 778 modo
1004 752 1118 780 alienari
1148 754 1230 781 licere
1254 753 1387 782 decernit.
1410 754 1463 782 Sed
1503 756 1555 783 ista
1595 751 1718 783 nonnulli

93 790 325 819 monasteriorum
343 794 461 828 praefecti
478 803 567 823 meras
583 804 668 831 nugas
681 801 790 831 putant.

93 837 208 865 ΔΡΙΣΤ.
227 847 236 864 ι
254 838 332 865 Κατὰ
346 840 376 866 τὺ
391 840 469 872 δόξαν
494 843 549 874 τοῖς
562 843 650 877 ἁγίοις
665 844 835 875 ἀποστόλοις,
851 843 881 869 τὺ

135 892 145 907 ε
164 883 309 918 ἑκποιηθὲν
319 885 396 920 παρὰ
408 886 556 914 ἐπισκόπου
569 888 586 924 ἢ
600 890 753 923 ἡγουμένου
764 890 881 925 πρᾶγμα

133 938 142 953 ι
156 929 211 969 ’τῆἓς
233 931 385 971 ἐπισκοπῆς
397 932 413 968 ἢ
427 933 475 959 τοῦ
492 935 673 971 μοναστηρίου
686 936 787 970 ἄκυρον
800 935 879 964 ἔστω.

137 983 147 997 ι
166 975 220 1001 Καὶ
236 976 250 1002 6
262 976 340 1003 τοῦτο
354 978 439 1005 ποιῶν
460 979 608 1012 ἐπίσκοπος
623 981 640 1016 ἢ
664 981 816 1017 ἡγούμενος
837 983 881 1009 ὲκ-

136 1030 145 1045 ι
166 1021 318 1050 διωκέσθω.
335 1032 344 1049 ι

131 1066 174 1093 Τὰ
190 1067 243 1094 τῶν
267 1069 420 1104 ἐκκλησιῶν
437 1071 590 1106 πράγματα
609 1073 780 1108 ἁνεκποίητα
810 1070 879 1101 εἶναι

92 1112 244 1146 ὀφείλουσι,
256 1115 303 1141 καὶ
320 1115 436 1150 μάλιστα
454 1117 488 1144 τὰ
512 1118 673 1153 αὑτούργια.
701 1119 772 1146 Ὅσα
783 1120 811 1146 δὲ
826 1120 880 1147 τῶν

93 1159 234 1194 ἀκινήτων
262 1161 331 1187 εἰσὶν
358 1162 472 1198 ἀκερδῆ,
488 1164 534 1190 καὶ
551 1164 653 1199 ζημίαν
682 1166 715 1200 τῇ
731 1166 880 1202 Ἐκκλησίᾳ

83 1204 244 1240 ,ἐπάγοντι
259 1208 289 1233 οὐ
306 1209 363 1237 τοῖς
377 1209 448 1236 κατὰ
463 1210 546 1236 τόπον
574 1211 704 1246 ἄρχουσιν
719 1213 881 1247 ὲκδοϐήσον-

91 1259 151 1283 ται,
177 1252 246 1279 ἀλλὰ
261 1253 432 1290 κληρικοϊςῆ
460 1257 610 1291 γεωργοῖς·
629 1258 643 1283 ὀ
659 1257 688 1284 δὲ
702 1259 879 1293 παραϐαίνων

90 1297 128 1324 τὰ
147 1298 303 1333 ὁρισθέντα.
321 1301 345 1326 εἰ
365 1300 402 1336 μὴ
420 1302 568 1334 ἑπίσκοπὸς
583 1303 671 1336 ἐστιν,
699 1304 880 1340 ἐκδιωχθήσε-

67 1349 73 1352 ’
90 1352 139 1370 ται
152 1344 200 1371 τοῦ
218 1345 405 1379 ὲπισκοπιίου,
419 1348 443 1374 εἰ
459 1347 486 1374 δὲ
500 1348 662 1384 ἡγούμενος,
680 1351 727 1376 τοῦ
745 1359 880 1387 μοναστη-

92 1391 163 1426 ρίου,
182 1391 221 1424 ὡς
234 1391 477 1426 διασκοοπίζοντες
491 1395 583 1427 κακῶς
598 1395 616 1424 ἃ
632 1397 662 1423 οὗ
679 1397 844 1433 συνήγαγον.

391 1481 510 1511 KANON
529 1483 599 1525 tm

92 1579 103 1596 ι
130 1570 240 1608 Ἐπειδὴ
267 1572 310 1600 διὰ
325 1573 374 1609 τὴν
402 1575 552 1611 γενομένην
584 1577 655 1603 κατὰ
676 1577 723 1610 τὰς
738 1578 877 1613 ἁμαρτίας

130 1629 140 1645 ι
160 1619 238 1655 ἡμῶν
250 1622 394 1658 συμφορὰν
406 1623 435 1650 ὲν
447 1624 508 1655 ταῖς
522 1624 682 1660 ἐκκλησίαις
696 1626 877 1663 καθηρπάγη-

970 841 1084 870 Aiils’l‘.
1106 851 1116 868 ‹
1133 839 1215 870 Juxta
1244 843 1318 877 quod
1347 842 1452 870 sanctis
1475 843 1606 877 apostolis
1630 843 1719 870 visum

937 897 947 914 ι
967 893 1017 921 est,
1030 888 1211 923 quodcunque
1227 889 1260 916 ab
1275 889 1403 924 episcopo
1419 889 1460 916 vel
1478 889 1635 916 monasterii
1652 897 1720 923 prae-

937 945 947 961 ‹
968 935 1037 962 l‘ecto
1063 943 1095 962 ex
1122 935 1279 970 episcopatu
1309 935 1350 962 vcl
1380 935 1547 962 monasterio
1573 935 1718 967 alienatur,

938 991 947 1007 ‹
971 981 1077 1009 irritum
1094 981 1140 1008 sit.
1158 981 1191 1008 Et
1213 981 1358 1016 cpiscopus
1376 982 1417 1008 vol
1434 980 1588 1016 praefectus,
1605 982 1652 1016 qui
1668 982 1721 1010 ltoc

936 1036 945 1051 ι
967 1026 1071 1058 fecerit,
1088 1025 1251 1060 expellatur.
1273 1035 1282 1050 θ
1682 1034 1685 1037 ι

967 1071 1148 1097 Ecclesiarum
1165 1070 1246 1103 bona,
1264 1076 1290 1098 et
1308 1071 1459 1106 praesertim
1475 1071 1587 1105 pra-dia.
1604 1067 1716 1098 alienari

905 1132 912 1135 ε
930 1118 984 1143 non
1003 1116 1112 1143 debent.
1127 1116 1302 1150 Quaecunque
1318 1120 1409 1143 atttem
1435 1117 1583 1144 itnmobilia
1610 1117 1717 1144 inutilia

931 1167 1004 1195 sunt,
1021 1166 1047 1189 et
1063 1162 1191 1189 damnum
1206 1162 1328 1189 ecclesia
1339 1161 1458 1190 afferunt
1469 1183 1477 1194 ,
1494 1171 1547 1190 non
1563 1162 1614 1189 loci
1633 1162 1719 1197 magi-

931 1208 1062 1236 stratibus
1077 1229 1084 1241 ,
1111 1207 1158 1234 sed
1180 1208 1287 1235 clericis
1308 1213 1354 1235 aut
1384 1207 1512 1243 agricolis
1538 1209 1716 1236 locabuntur.

930 1254 981 1286 Qui
996 1257 1086 1280 autem
1113 1253 1219 1280 decreta
1246 1251 1452 1295 transgréditoq,
1472 1254 1494 1280 si
1519 1254 1628 1288 quidem
1657 1253 1715 1288 cpi-

931 1306 1032 1334 scopus
1045 1303 1096 1332 est,
1112 1299 1272 1326 cxturbctur
1284 1299 1424 1335 episcopio
1438 1308 1445 1326 :
1460 1300 1501 1327 sin
1518 1303 1607 1326 autem
1622 1307 1717 1326 mana.

929 1344 1003 1371 sterii
1019 1344 1173 1379 praefectus,
1190 1345 1366 1381 monasterio,
1385 1349 1413 1372 ut
1427 1345 1473 1380 qui
1488 1345 1558 1372 male
1578 1344 1713 1379 dissipant

929 1398 990 1426 qua:
1008 1399 1061 1418 non
1076 1398 1287 1426 congregavere.

1211 1477 1325 1506 CANON
1353 1477 1424 1506 Xlli.

931 1577 941 1595 ι
960 1567 1094 1602 Quoniam
1110 1572 1222 1604 propter
1245 1575 1305 1596 eam
1324 1575 1384 1601 quae
1401 1568 1470 1594 facta
1488 1571 1530 1595 est
1545 1568 1580 1594 ob
1605 1571 1713 1602 peccata

965 1623 975 1640 ς
994 1618 1086 1642 nostra
1111 1614 1137 1649 in
1160 1614 1283 1641 ecclesiis
1302 1613 1498 1645 calamitatem,
1533 1618 1715 1641 sacrosancta

129 1675 139 1691 ι
161 1666 211 1694 σάν
225 1675 297 1699 τινες
308 1668 419 1703 εὐαγεῖς
433 1667 502 1697 οἴκοι
519 1670 572 1697 ὑπὸ
590 1680 672 1698 τινων
687 1660 804 1708 ἁνδρῶν.
820 1660 876 1701 ἐπι-

967 1670 976 1686 ε
997 1660 1119 1695 quaedam
1144 1660 1215 1687 ades
1242 1668 1257 1687 a
1281 1660 1445 1695 quibusdam
1477 1660 1544 1687 viris
1575 1663 1709 1694 correptae

128 1721 138 1737 ι
159 1713 273 1739 σκοπεῖά
289 1723 318 1741 τε
330 1715 378 1741 καὶ
401 1717 580 1752 μοναστήρια,
597 1718 643 1745 καὶ
659 1719 783 1753 ἐγένοντο
797 1721 877 1747 κοινὰ

128 1767 138 1783 ι
160 1759 335 1793 καταγώγιαο
351 1760 377 1786 εί
393 1761 442 1794 μὲν
453 1763 479 1788 οἱ
493 1763 700 1798 διακρατοῦντες
710 1765 795 1792 ταῦτα
810 1774 877 1801 προ-

127 1813 138 1829 ε
156 1805 295 1841 αιροῦνται
305 1807 472 1838 ἀποδιδόναι,
481 1808 524 1834 ἵνα
534 1810 605 1836 κατὰ
613 1810 643 1836 τὸ
651 1811 762 1845 ἀρχαῖον
772 1812 877 1839 ἀποκα-

79 1862 81 1867 ι
128 1857 138 1874 ε
155 1849 335 1882 τισταθῶσιν,
354 1850 384 1877 εὖ
400 1851 446 1878 καὶ
461 1853 551 1885 καλῶς
564 1853 637 1889 ἔχει*
651 1856 676 1882 εί
690 1856 718 1882 δὲ
733 1857 769 1892 μή
784 1865 828 1891 γε,
851 1859 876 1885 εί
921 1884 922 1888 η

128 1904 137 1920 ι
159 1894 209 1929 μὲν
222 1895 428 1930 τοῦΙκαταλόγου
434 1898 480 1924 τοῦ
491 1899 626 1934 ἱερατικοῦ
635 1901 698 1934 εισι,
708 1902 818 1934 τούτους
826 1912 877 1930 κα-

128 1949 138 1965 ι
157 1939 319 1975 θαιρεῖσοαι,
335 1942 372 1973 ῶς
385 1942 465 1975 ὄντας
476 1945 656 1981 κατακρίτους
666 1947 720 1974 ἀπὸ
730 1948 777 1974 τοῦ
789 1949 876 1975 Πατέ-

127 1995 137 2012 σ
155 1995 212 2021 ρος,
221 1987 268 2014 καὶ
281 1987 328 2014 τοῦ
344 1988 421 2025 Υίοῆ,
431 1990 534 2017 καὶτοῦ
547 1991 625 2025 ἁγίου
641 1992 808 2028 Πνεύματος,
829 1995 876 2022 καὶ

128 2041 138 2058 ι
155 2032 339 2067 τετάχθωσαν,
355 2034 424 2062 ὅπου
441 2035 456 2061 6
481 2035 588 2071 σκώληξ
600 2037 631 2064 οὐ
644 2038 768 2074 τελευτᾷ,
782 2040 830 2066 καὶ
844 2040 875 2067 τὸ

125 2087 135 2104 ι
157 2077 214 2114 πῦρ
240 2079 270 2106 οὐ
301 2079 460 2107 σὸέννυται·
477 2081 517 2109 ὅτι
542 2084 575 2118 τῇ
603 2083 656 2110 τοῦ.
671 2085 775 2118 Κυρίου
799 2087 873 2122 φωνῇ

125 2134 135 2150 ¢
155 2125 351 2158 ἐναντιοῦνται,
374 2127 407 2162 τῇ
435 2127 570 2164 λεγούσῃ·
589 2138 599 2155 ι
625 2129 671 2166 Μὴ
694 2133 795 2158 ποιεῖτε
828 2132 874 2159 τὸν

125 2179 134 2195 ι
154 2167 228 2197 οἷκον
243 2171 291 2197 τοῦ
307 2172 414 2207 Πατρός
428 2181 479 2208 μου
494 2171 569 2200 οἷκον
589 2175 734 2211 ἐμπορίου.
754 2186 763 2203 ι
779 2170 786 2174 ”

121 2216 220 2243 ΒᾹΔΣ.
235 2216 283 2243 Διά
311 2216 362 2253 τὴν
385 2217 440 2244 τῶν
463 2219 650 2255 εἰκονομάχων
667 2220 765 2255 μανίαν
782 2221 873 2248 πολλοὶ

86 2261 224 2296 ὸρθόδοξοι
239 2261 339 2287 ὲκτῶν
363 2262 522 2290 ἐπισκοπῶν
542 2265 590 2290 καὶ
614 2265 669 2291 τῶν
685 2265 873 2301 μοναστηρίων

85 2306 176 2334 αὐτῶν
202 2306 336 2341 φυγόντες
350 2307 390 2339 εἰς
401 2308 436 2335 τὰ
450 2307 500 2344 ὅρη
517 2309 678 2338 κατέλαϐον.
697 2311 873 2348 Κατεσχέθη-

969 1717 978 1734 ‹
1001 1711 1075 1740 sunt,
1091 1711 1118 1734 et
1134 1706 1269 1741 episoopia
1284 1709 1312 1733 et
1328 1706 1503 1737 monasteria.
1518 1710 1544 1732 et
1555 1705 1713 1732 communia

965 1763 974 1780 ‹
996 1753 1065 1781 facta
1082 1752 1255 1784 diversoria;
1281 1752 1324 1783 si,
1343 1752 1388 1786 qui
1414 1759 1445 1779 ea
1468 1751 1578 1786 quidem
1600 1754 1713 1783 tenent,

964 1809 974 1825 ‹
991 1800 1090 1826 volunt
1106 1798 1230 1830 reddere,
1246 1802 1274 1826 ut
1288 1797 1316 1825 iu
1338 1797 1484 1832 pristinum
1509 1801 1612 1825 statum
1632 1797 1715 1824 resti-

966 1855 975 1871 ι
995 1849 1118 1876 tuantur,
1135 1845 1203 1871 bene
1216 1848 1242 1871 et
1261 1843 1372 1878 pulchre
1388 1843 1489 1870 habet:
1508 1843 1551 1870 sin
1568 1842 1667 1872 minus.
1690 1841 1712 1868 si

966 1900 976 1916 ‹
996 1891 1052 1918 sint.
1064 1890 1173 1925 quidem
1193 1889 1370 1917 sacerdmalis
1385 1888 1513 1921 catalogi,
1536 1895 1585 1915 eos
1610 1887 1709 1921 deponi

942 1940 947 1948 ‘
966 1947 975 1963 ι
993 1937 1119 1970 jubemus
1133 1944 1140 1969 ;
1155 1935 1198 1963 sin
1216 1942 1281 1962 vero
1296 1933 1420 1961 monachi
1442 1934 1484 1960 vel
1514 1932 1597 1963 laici,
1621 1939 1715 1966 segre-

965 1993 973 2009 ι
992 1983 1059 2018 gari.
1076 1985 1105 2009 ut
1119 1982 1166 2016 qui
1182 1989 1196 2008 a
1211 1981 1300 2012 Patre.
1312 1984 1338 2006 et
1352 1979 1432 2012 Filio,
1450 1982 1478 2006 et
1495 1977 1597 2013 Spiritu
1616 1981 1712 2005 sancto

967 2038 976 2053 ι
993 2027 1165 2055 condemnati
1181 2027 1246 2057 sint,
1258 2028 1284 2052 et
1300 2025 1464 2058 deputentur
1476 2023 1521 2050 ubi
1541 2021 1643 2048 vermis
1657 2029 1711 2048 non

963 2083 972 2100 ‹
992 2074 1117 2104 moritur.
1133 2079 1184 2099 nec
1198 2071 1267 2104 ignis
1288 2069 1485 2104 exstinguitur;
1505 2068 1568 2103 quia
1586 2067 1643 2095 voci
1662 2066 1711 2094 Do-

961 2129 972 2145 ‹
997 2118 1062 2145 mini
1079 2117 1271 2149 adversantur,
1288 2124 1348 2150 quae
1365 2115 1446 2147 dicit:
1465 2123 1474 2140 ι
1492 2114 1532 2141 Ne
1557 2113 1638 2140 facile
1662 2113 1712 2140 do-

961 2175 971 2192 ι
993 2172 1066 2191 mum
1085 2163 1173 2191 Patris
1189 2163 1240 2191 utei
1260 2163 1370 2190 domum
1387 2161 1580 2196 negotiationis
1594 2161 1616 2176 “
1633 2179 1641 2187 .
1662 2169 1672 2186 ο

959 2210 1054 2238 BALS.
1071 2209 1185 2244 Propter
1199 2208 1372 2236 inimicorum
1388 2207 1535 2242 imaginum
1563 2206 1710 2248 insaniam,

924 2256 1001 2284 multi
1017 2255 1163 2283 orthodoxi
1177 2261 1211 2282 ex
1225 2253 1283 2281 suis
1297 2252 1502 2287 episcopatibus
1525 2255 1552 2279 et
1573 2255 1710 2279 monaste-

923 2303 972 2330 riis
988 2301 1121 2337 fugientes
1138 2304 1243 2327 montes
1259 2303 1476 2334 occupaverunt.
1489 2298 1629 2332 Correptae
1643 2301 1708 2325 sunt

87 2362 138 2380 σαν
148 2351 195 2380 οὖν
206 2354 231 2380 οἱ
247 2354 355 2387 εὐαγεῖς
371 2351 445 2381 οὗτοι
462 2343 531 2382 οἶκοι
546 2356 594 2383 καὶ
608 2357 691 2393 ἕτερα
717 2359 777 2394 ἱερὰ
789 2343 873 2394 γιρρον-

939 2356 990 2383 ergo
1009 2350 1193 2375 sacrosancta:
1208 2346 1267 2373 ista:
1283 2344 1355 2372 aedes
1379 2351 1394 2371 a
1411 2344 1577 2380 quibusdam
1591 2364 1600 2377 ,
1614 2348 1642 2371 et
1656 2343 1709 2371 alia

85 2400 212 2435 τιστήρια
222 2399 297 2434 παρά
310 2407 401 2436 ¹ςινων,
417 2400 464 2427 καὶ
475 2401 599 2435 ἐγένοντο
611 2403 734 2438 κοσμικὰ
747 2404 874 2438 καταγώ-

86 2453 144 2479 γιαι
160 2445 205 2472 Διὸ
215 2445 262 2472 καὶ
273 2444 377 2480 ὥρισαν
392 2446 416 2472 οἱ
433 2446 556 2482 Πατέρες
567 2448 791 2485 ἀποκαταστῆναι
801 2451 873 2478 αὐτὰ

86 2491 126 2522 είς
139 2490 188 2525 τὴν
199 2490 318 2525 ἀρχαίαν
333 2492 502 2519 κατάστασιν
513 2501 520 2508 ·
538 2494 601 2525 τοὺς
614 2494 642 2521 δὲ
661 2495 698 2530 μὴ
715 2496 873 2523 εὐπειθοῦν-

85 2545 135 2566 τας
149 2536 217 2572 πρὸς
233 2536 322 2569 τοῦτο,
336 2537 404 2564 ἀλλὰ
415 2539 612 2574 ἀντεχομένους
626 2541 673 2568 τοῦ
684 2542 782 2575 κακοῦ,
794 2543 872 2578 ἱερω-

88 2583 186 2618 μένους
205 2584 255 2617 μὲν
270 2584 362 2616 ὄντας,
383 2585 587 2621 καθαιρεῖσθαι,
608 2587 718 2620 λαῖκοὺς
743 2582 801 2626 ssi]
824 2600 871 2626 μο-

87 2629 195 2663 ναχοὺς,
207 2628 396 2664 ἀφορίζεσθαι.
423 2631 478 2658 Καὶ
489 2631 575 2658 ταῦτα
588 2633 637 2667 μὲν
662 2633 871 2670 ἐξεφωνήθησαν

86 2673 154 2708 πρὸς
164 2674 214 2706 τὴν
233 2674 294 2700 τότε
311 2675 491 2702 κατάστασιν.
508 2676 642 2704 Ἐλκυσον
664 2678 692 2705 δὲ
709 2680 755 2706 τὸν
770 2681 870 2708 κανόνα

86 2719 134 2746 καὶ
149 2719 188 2745 si:
201 2720 263 2750 τοὺς
277 2720 441 2754 κατέχοντας
458 2720 519 2756 ἱερὰ
536 2725 732 2759 φροντιστήρια
750 2726 870 2762 σήμερον

87 2765 251 2793 κοινωθέντα
271 2766 300 2798 ἐξ
309 2767 460 2802 ἐπιδρομῆς
475 2768 573 2796 ἐθνῶν.
600 2769 666 2796 Οὐδὲ
694 2770 747 2806 γὰρ
762 2771 870 2807 ἔχουσιν
898 2797 899 2801 η

87 2811 174 2838 εἰπεῖν
188 2811 225 2846 μὴ
246 2813 310 2848 παρ’
329 2812 418 2840 αὐτῶν
442 2813 611 2850 τολμηθῆναι
629 2816 660 2843 τὸ
685 2817 779 2850 κακὸν,
807 2819 872 2846 κάν-

122 2891 144 2906 ⁶⁶
162 2889 241 2918 loan.
258 2898 295 2925 ιι,
315 2891 356 2919 l6.

924 2401 1002 2422 sacra
1020 2393 1178 2420 divinorum
1195 2391 1417 2419 meditandorutu
1435 2391 1492 2418 loca
1504 2411 1512 2421 .
1526 2393 1554 2418 et
1569 2389 1708 2418 saecularia

924 2440 994 2468 facta
1010 2439 1177 2467 habitacula.
1190 2437 1373 2471 Quamobrem
1389 2437 1483 2464 Patres
1494 2437 1707 2468 constituerunt,

923 2491 954 2514 ut
970 2494 1002 2514 ea
1017 2486 1043 2512 in
1059 2484 1200 2519 antiquum
1226 2483 1306 2519 313
1330 2487 1430 2511 statum
1453 2485 1632 2511 restituantur
1654 2491 1662 2509 :
1689 2483 1708 2509 li

923 2538 1012 2560 autem
1029 2531 1076 2566 qui
1094 2538 1148 2558 non
1162 2530 1303 2562 obediunt,
1321 2529 1368 2557 sed
1384 2530 1410 2556 in
1438 2529 1508 2556 malo
1535 2529 1684 2562 persistuut
1697 2546 1706 2559 ,

923 2580 945 2608 si
960 2579 1015 2607 sint
1032 2577 1141 2612 quidem
1155 2575 1243 2604 sacris
1257 2574 1372 2609 initiati,
1390 2574 1560 2610 deponuntur
1572 2583 1578 2600 :
1590 2575 1630 2601 sin
1643 2581 1708 2601 vero

921 2625 985 2652 laici
1003 2624 1046 2651 vel
1063 2621 1214 2655 monachi,
1241 2624 1430 2656 segregantur.
1453 2620 1487 2647 Et
1511 2619 1568 2647 haec
1594 2619 1705 2654 quidem

921 2672 994 2699 dicta
1010 2675 1072 2698 sunt
1091 2668 1123 2696 ad
1139 2675 1212 2700 eam,
1227 2675 1288 2702 quae
1303 2671 1367 2693 tunc
1381 2665 1434 2692 fuit
1446 2685 1453 2697 ,
1469 2673 1561 2692 rerum
1576 2665 1706 2692 constitu-

921 2718 1033 2744 tionem.
1049 2713 1169 2742 Extende
1183 2717 1274 2740 autem
1289 2719 1422 2738 canonem
1437 2710 1519 2737 etiam
1537 2710 1570 2737 ad
1584 2717 1643 2742 eos,
1657 2709 1704 2746 qui

920 2764 1002 2791 hodie
1016 2769 1110 2790 sacras
1133 2760 1204 2787 aedes
1226 2762 1318 2786 teucnt
1330 2777 1338 2789 ,
1355 2765 1388 2784 ex
1404 2757 1522 2792 gentium
1550 2757 1707 2784 incursione

919 2809 1078 2846 profanatas
1092 2796 1119 2836 et
1132 2811 1291 2835 communes
1304 2802 1426 2832 eti‘ectas.
1444 2802 1537 2838 Neque
1553 2803 1624 2831 enim
1642 2810 1704 2839 poe-
