1933 3112
29 127 84 160 961

535 129 576 161 IN
595 129 678 160 CAN.
700 128 766 160 XIV
785 127 891 158 CONC.
911 128 966 159 VII
979 128 1157 160 (ECUMEN.

1599 131 1654 163 962

29 188 112 215 εἷπον
125 196 133 202 ·
147 187 210 219 τοὺς
223 187 252 214 δὲ
270 188 339 222 μετὰ
368 187 515 225 Τρισαγίου
530 189 816 224 μελανειμονῆσαντας

870 188 993 215 habitum
1015 189 1185 216 scenicorum
1203 189 1290 216 instar
1309 189 1440 216 ludillcari
1455 189 1559 224 possit;
1577 191 1650 224 quod

28 234 215 264 ἀδιαστίκτως
228 232 300 267 λέγω
313 233 349 269 μὴ
365 233 498 261 δύνασθαι
513 232 817 269 μετασχηματίζεσθαι.

28 280 87 306 Τοῦ
115 280 143 306 δὲ
162 280 275 312 κανόνος
291 280 418 312 λέγοντος
445 280 488 307 ἐπ’
512 280 602 311 ἀδείας
631 280 703 312 ἔχειν
732 279 820 306 πάντα

27 326 240 361 καθηγούμενον
251 327 451 360 σφραγισθέντα
464 327 540 361 παρά
557 327 716 362 ἀρχιερέως,
727 326 820 361 δηλον-

27 372 73 398 ότι
93 373 157 399 όντα
189 373 273 406 ίερέα,
289 372 462 406 ἀναγνώστας
479 374 565 399 ποιεῖν
593 373 727 407 μοναχοὺς
743 372 819 403 ἐντὸς

27 419 81 452 τῆς
105 418 212 448 οἰκείας
233 418 317 453 μονῆς
341 419 388 445 καὶ
405 419 500 453 μόνης,
524 419 661 454 ἐζήτησάν
686 427 769 450 τινες,
793 419 818 444 εί

28 465 142 498 ἐφεῖται
157 464 230 497 αὐτῷ
246 465 304 499 ἃμα
330 465 369 500 τῷ
384 465 601 500 ’σφραγισθῆναι
623 465 701 491 τοῦτο
723 465 817 496 ποιεῖν,

28 511 79 536 καὶ
95 510 157 544 δίχα
173 511 259 545 ῥητῆς
270 511 421 545 ἐπιτροπῆς
435 511 482 537 τοῦ
495 511 645 546 ἀρχιερέως
658 519 666 544 ;
678 511 733 537 Καί
746 519 817 542 τινες

27 557 82 590 μὲν
112 555 189 583 εἷπον
215 557 409 584 ἐπακολουθεῖν
438 558 584 592 σιωπηρῶς
611 558 657 584 καὶ
684 557 763 583 τοῦτο
784 558 817 592 τῇ

27 603 189 638 χειροθεσίᾳ
202 605 250 638 τῆς
270 604 465 639 ὴγουμενείας,
491 604 528 635 ὼς
548 603 596 629 τοῦ
609 603 721 634 κανόνος
737 603 818 629 πλέον

26 657 54 673 τι
85 648 124 684 μὴ
143 649 370 683 προστιθεμένου,
391 649 526 684 χρώμενοι
539 650 585 675 καὶ
597 648 636 684 τῷ
655 647 694 674 κδ⁴
724 649 817 675 κανόνι

25 694 79 729 τῆς
97 696 126 720 ἐν
139 695 283 731 Λαοδικείᾳ
295 696 406 722 συνόδου
421 696 461 727 είς
478 695 662 729 συγκρότησιν
676 694 724 721 τοῦ
737 694 816 728 λόγου

26 739 132 766 αὐτῶν.
143 741 300 767 Ἀντέθειιτο
312 742 340 767 δὲ
355 742 400 768 καὶ
415 741 503 776 ἕτεροι
520 740 570 772 ὡς,
585 740 646 766 ἐπεὶ
659 740 705 766 καὶ
720 741 734 766 ό
752 740 817 766 ἁνα-

26 786 156 821 γνώστης
173 787 303 821 κληρικος
318 788 403 817 ἐστιν,
429 787 531 820 ὀφείλει
555 786 585 818 ἐξ
607 785 730 820 ἀνάγκης
747 785 816 819 μετὰ

26 831 203 866 χειροθεσίας
225 832 378 858 ἐπισκόπου
394 832 410 867 ἢ
425 832 575 866 ἐπιτροπῆς
597 831 679 858 αὐτοῦ
700 830 816 865 σφραγίι

873 241 942 268 sape
956 235 1036 261 etiam
1052 234 1086 261 de
1100 235 1240 262 monachis
1253 235 1306 262 dixi
1322 243 1390 263 :eos
1406 240 1506 266 autent.
1523 237 1568 270 qui
1585 244 1648 264 cum

872 280 984 315 trisagto
1003 280 1088 315 nigtis
1103 281 1225 308 vestibus
1251 280 1337 308 induti
1358 281 1468 313 iuerint,
1494 281 1651 311 indistincte

872 326 933 353 dico
950 326 1071 353 habitum
1088 331 1192 354 mutare
1205 334 1259 354 non
1276 334 1365 361 posse.
1376 327 1444 354 Cum
1456 333 1546 355 antem
1563 335 1651 356 canon

871 372 952 405 dicat,
968 372 1048 400 licere
1065 373 1153 400 cuivis
1160 373 1315 400 monasterii
1327 374 1464 409 praefecto,
1479 374 1525 409 qui
1535 375 1569 401 ab
1580 375 1651 401 anti-

874 419 938 446 stite
953 419 1137 447 characterem
1160 419 1303 454 acceperit,
1323 420 1449 447 sacerdos
1473 420 1578 447 scilicet
1594 428 1654 447 mo-

871 465 975 492 nachos
989 465 1104 492 lectores
1119 465 1208 493 facere
1219 466 1288 493 intra
1303 465 1498 493 monasterium
1512 470 1539 493 et
1552 466 1653 500 solum;

871 511 1055 545 quasiverunt
1077 511 1211 544 nonnulli,
1237 519 1271 539 an
1300 511 1336 539 sit
1359 512 1383 539 ei
1412 511 1575 547 permissum
1601 512 1653 539 hoc

871 556 970 589 facere,
984 565 1045 584 cum
1058 557 1174 592 primum
1195 558 1380 586 characterem
1392 557 1554 593 susceperit,
1569 558 1651 586 etiam

871 602 930 630 sine
951 610 1079 637 expressa
1104 603 1233 630 antistitis
1262 603 1509 638 permissionei'Et
1524 604 1654 631 dixerunt

871 647 978 681 quidem
1003 648 1137 681 nonnulli,
1155 648 1321 683 praafectura
1343 657 1471 676 manuum
1501 649 1653 684 impositio-

870 700 930 719 nem
944 693 995 720 hoc
1008 701 1116 728 quoque
1131 695 1211 721 tacite
1223 695 1365 729 consequi,
1382 699 1475 730 utpote
1488 702 1549 722 cum
1563 702 1650 722 canon

870 737 937 764 nihil
957 739 1026 765 ultra
1043 739 1154 779 adjiciat
1169 748 1176 765 :
1189 745 1296 767 utentes
1309 745 1337 767 et
1363 748 1468 773 canone
1494 740 1530 767 24
1554 741 1650 776 synodi

869 782 1029 812 Laodicente
1042 785 1075 812 ad
1096 785 1122 813 id
1138 786 1210 820 quod
1232 785 1326 813 dicunt
1348 785 1574 815 conﬁrmandum.
1598 785 1651 813 Alii

869 834 958 856 autem
981 835 1076 857 contra
1099 831 1282 865 opponebam,
1306 828 1379 866 quod
1405 830 1534 866 quoniam
1565 830 1651 858 lector

27 878 126 908 ζεσθαι
142 886 149 893 ·
166 878 227 904 ὅθεν
245 879 292 904 καὶ
308 879 322 904 ὁ
342 877 550 912 καθηγούμενος
565 877 626 904 τότε
639 877 815 911 ἀναγνώστου

869 882 979 908 quoque
992 880 1034 902 est
1050 875 1177 908 clericus,
1191 877 1272 904 debet
1286 876 1443 904 necessario
1456 884 1517 904 cum
1530 877 1650 912 episcopi

25 921 202 955 χειροθεσίαν
215 923 323 957 ποιήσει
356 923 384 949 ἐν
407 923 445 955 τῷ
473 922 530 957 ίδίῳ
555 919 736 957 μοναστηρίῳ,
752 922 817 948 ὅταν

27 966 76 992 καὶ
93 966 173 992 τοῦτ’)
186 968 261 1001 παρὰ
285 968 332 994 τοῦ
360 968 425 994 ῑδίου
454 967 603 1002 ἀρχιερέως
621 968 768 1002 ἐπιτραπῇ.
785 967 817 992 Εἰ

27 1013 69 1048 μὴ
85 1013 140 1047 γὲτρ
156 1013 234 1039 τοῦτο
252 1013 375 1047 εἴπωμεν
391 1013 573 1048 δικαιώσομεν
587 1013 616 1044 ἐξ
632 1014 756 1046 ἀνάγκης
770 1013 817 1039 αὑ-

26 1057 75 1084 τὸν
103 1058 229 1093 δέχεσθαι
255 1060 339 1094 χωρὶς
366 1060 519 1093 ἐπιτροπῆς
545 1058 743 1092 ἀρχιερατικῆς
770 1058 817 1084 καὶ

26 1104 92 1134 τοὺς
105 1104 252 1138 λογισμοὺς
265 1105 320 1131 τῶν
335 1105 462 1139 μοναχῶν
473 1105 555 1131 αὑτοῦ
570 1105 617 1130 καὶ
627 1104 738 1138 ἐτέρων,
750 1105 817 1139 ὅπερ

32 1151 180 1178 ἀδύνατον.
200 1152 300 1182 Μόνοις
312 1152 367 1187 γὰρ
383 1153 438 1182 τοῖς
463 1151 620 1186 ἀρχιερεῦσι
635 1152 680 1177 καὶ
695 1152 752 1182 τοῖς
770 1152 816 1177 ἐκ-

29 1198 183 1232 χωρηθείσι
199 1199 274 1232 παρὰ
287 1198 392 1224 τούτων
424 1198 541 1232 ἱερεῦσιν
556 1197 734 1232 ἐφιλοτιμήθη
750 1197 817 1224 ἄνω-

27 1243 77 1268 θεν
97 1243 127 1269 τὸ
147 1243 257 1278 δεσμεῖν
273 1245 319 1270 καὶ
332 1244 417 1271 λύειν.
436 1243 497 1270 Τῶν
515 1243 542 1269 δὲ
565 1243 711 1269 ἀντιθέτων
728 1243 817 1269 εἰπόν-

25 1298 83 1316 των
97 1289 147 1321 ὡς,
165 1290 188 1316 sl
205 1291 286 1325 χρεία
298 1290 356 1317 ἐστὶ
374 1290 413 1324 τῷ
435 1290 634 1324 καθηγουμένῳ
649 1289 717 1324 πρὸς
737 1288 816 1316 105:0

26 1337 77 1362 καὶ
101 1336 187 1370 ίδικῆς
208 1337 358 1371 ἐπιτροπῆς
376 1336 423 1362 τοῦ
437 1336 572 1371 ἐγχωρίου
588 1335 752 1368 ἐπισκόπου,
775 1337 815 1367 εἰς

26 1382 58 1408 τὸ
70 1381 155 1416 μηδὲν
172 1383 294 1417 καταντᾷ
307 1383 336 1408 τὸ
350 1382 426 1416 παρά
441 1382 487 1408 τοῦ
500 1382 611 1412 κανόνος
627 1380 817 1415 ἐπιφιλοτιμη-

27 1428 74 1455 θέν
87 1428 128 1463 τῷ
142 1429 354 1464 καθηγουμένῳ,
370 1430 497 1455 ἀντεῖπον
513 1428 613 1454 ἐκεῖνοι
626 1427 667 1453 ὅτι
683 1427 731 1453 καὶ.
743 1425 816 1453 οὕτω

28 1474 104 1508 μέγα
112 1475 216 1501 δίκαιον
230 1474 336 1501 δέδοται
351 1475 390 1509 τῷ
405 1473 614 1509 καθηγουμένῳ.
629 1472 751 1508 Μηδενὺς
762 1472 815 1507 γὰρ

28 1520 125 1554 ἱερέως
145 1519 297 1555 δυναμένου
316 1519 491 1554 ἀναγνώστου
521 1519 692 1555 χειροθεσίαν
716 1520 814 1551 ποιεῖν,

27 1547 81 1591 κάν
95 1547 234 1600 ἐπιτραπῇ
250 1565 331 1592 τοῦτο
359 1547 435 1600 παρὰ
459 1547 621 1602 ἀρχιερέως,
645 1565 670 1590 οι
688 1547 815 1599 ῥηθέντες
828 1547 849 1575 C

25 1611 234 1646 καθηγούμενοι
249 1612 309 1638 καθ’
331 1612 447 1647 ὁρισμὸν
465 1610 658 1647 ἀρχιερατικὸν
681 1611 760 1637 τοῦτο
774 1610 816 1636 ὲν-

28 1659 189 1693 εργήσουσι,
204 1659 272 1694 ὅπερ
294 1659 353 1685 ἐστὶ
378 1658 550 1693 φιλοτίμημα
573 1658 667 1684 ίδικόν.
697 1657 774 1692 Ἐμοὶ
786 1656 816 1684 δὲ

28 1706 204 1731 κατανοεῖ-ται
217 1704 400 1736 ἀδιαστίκτως
414 1703 555 1738 ἐνδοθῆναι
572 1703 650 1730 τοῦτο
664 1705 720 1735 τοῖς
733 1704 816 1738 ἡγου-

29 1752 124 1786 μένοις
141 1750 218 1785 παρά
232 1750 279 1776 τοῦ
293 1750 416 1782 κανόνος.
437 1750 498 1776 Ἔτι
514 1749 680 1784 ἀμφιϐολίας
703 1749 816 1783 γενομέ-

28 1806 79 1832 νης
93 1797 158 1832 περὶ
176 1796 223 1824 τοῦ
247 1797 270 1823 ει
293 1797 413 1830 γίνονται
433 1796 581 1831 ἡγούμενοι
608 1796 722 1831 ἀνίεροι,
739 1792 816 1821 εἶπόν

27 1851 103 1874 τινες
132 1843 181 1875 ὡς,
209 1842 272 1868 ἐπεὶ
299 1843 370 1869 κατά
395 1841 560 1876 δοκιμασίαν
587 1842 634 1867 τοῦ
665 1841 815 1868 ἐπισκόπου

30 1890 239 1925 οφραγίζονται,
266 1889 375 1920 πάντως
396 1888 550 1920 ἐπιλέξεται
566 1889 580 1914 ὁ
596 1883 747 1918 ἐπίσκοπος
770 1887 816 1914 τὸν

29 1935 228 1968 εὐδοκιμοῦντα
251 1935 320 1970 πρὸς
348 1934 471 1969 ἰατρείαν
494 1933 597 1968 ψυχῶν,
629 1933 681 1959 κάν
708 1933 815 1968 ἀνίερός

30 1986 105 2010 ἐστιν
118 1991 125 1997 -
149 1982 179 2008 οὐ
199 1982 253 2017 μὴν
275 1982 322 2007 τὸν
341 1979 565 2016 χειροτονηθέντα
582 1980 629 2005 καὶ
654 1979 690 2014 μὴ
713 1978 816 2005 εὐδοκι-

31 2029 133 2064 μοῦντα
149 2036 158 2044 θ
172 2027 267 2062 ὥσπερ
280 2027 340 2053 οὐδὲ
352 2027 367 2053 ό
379 2026 464 2053 νοσῶν
482 2025 645 2060 σωματικῶς
662 2024 707 2052 ἴνα
723 2025 815 2051 Emis—

30 2075 170 2110 ξηταιτδν
195 2073 264 2109 πρὸς
289 2072 439 2108 θεραπείαν
467 2072 674 2106 ἀνεπιστήμονα
701 2071 766 2106 περὶ
781 2071 815 2098 τὰ

32 2120 153 2156 ἰατρικὰ,
170 2119 215 2147 διὰ
239 2119 270 2145 τὺ
298 2112 448 2154 ἇρχιατρὺν
474 2118 555 2145 αὐτὸν
581 2116 814 2152 χειροτονηθῆναι,

31 2169 79 2195 καὶ
106 2165 274 2202 παραδράμῃ
304 2164 351 2190 τὸν
379 2163 466 2195 δεξιὸν
495 2163 543 2190 καὶ
569 2163 754 2197 ἐπιστήμονα,
778 2163 816 2194 ὡς

868 927 996 952 manuum
1009 920 1182 955 impositione
1196 922 1236 949 vel
1245 922 1304 957 ejus
1318 922 1497 957 permissione
1508 922 1652 950 characte-

868 974 924 994 rem
941 967 1097 1001 suscipere;
1115 967 1186 994 unde
1199 971 1226 994 et
1241 968 1399 1002 monasterii
1423 968 1568 1003 praefectus
1583 973 1650 997 tunc

868 1011 976 1039 lectoris
994 1012 1193 1040 ordinationem
1219 1013 1246 1040 in
1273 1021 1324 1041 suo
1352 1015 1518 1042 monasterio
1547 1014 1649 1048 faciet.

867 1057 976 1091 quando
998 1057 1049 1085 hoc
1071 1065 1091 1085 a'
1100 1059 1209 1093 proprio
1224 1052 1354 1094 episcopo
1365 1061 1389 1087 ei
1408 1061 1571 1094 permissum
1590 1061 1651 1088 fue-

866 1103 912 1130 rit.
933 1103 989 1130 Nisi
1004 1103 1075 1131 enim
1095 1104 1147 1132 hoc
1173 1105 1343 1138 dixerimus,
1365 1113 1427 1133 eum
1454 1115 1562 1142 quoque
1590 1107 1651 1135 sine

867 1150 1015 1185 episcopali
1044 1151 1225 1185 permissione
1254 1153 1451 1180 monachorum
1478 1161 1592 1181 suorum
1620 1158 1648 1182 et

866 1196 981 1224 aliorum
999 1196 1185 1225 confessiones
1209 1198 1304 1225 audire
1329 1206 1436 1233 aequum
1464 1200 1650 1234 censebimus,

866 1241 938 1276 quod
965 1241 1022 1269 ﬁeri
1048 1248 1103 1268 non
1128 1246 1226 1277 potest.
1245 1242 1317 1270 Solis
1334 1243 1405 1270 enim
1422 1243 1599 1278 antistitibus,
1621 1251 1652 1273 et

866 1288 967 1322 quibus
987 1287 1021 1315 ab
1044 1288 1111 1323 ipsis
1131 1288 1295 1323 permissum
1320 1288 1411 1322 luerit,
1439 1290 1626 1318 sacerdaibus
1639 1311 1649 1323 ,

865 1341 985 1369 superne
1001 1341 1162 1362 concessum
1178 1340 1220 1362 est
1234 1335 1320 1370 ligare
1335 1339 1362 1363 et
1377 1336 1491 1365 solvere.
1512 1335 1580 1364 Cum
1598 1345 1650 1365 au-

866 1386 919 1408 tem
932 1381 1052 1410 dixerint
1069 1382 1229 1415 adversarii,
1245 1382 1317 1417 quod
1335 1383 1358 1410 si
1375 1383 1532 1410 monasterii
1548 1384 1646 1418 praefe-

864 1431 908 1454 cto
922 1435 991 1462 opus
1006 1432 1048 1455 est
1061 1427 1172 1463 speciali
1184 1434 1293 1463 quoque
1305 1427 1377 1456 illius
1391 1428 1510 1463 regionis
1525 1429 1647 1464 episcopi
1688 1434 1690 1436 '

865 1474 1053 1508 permissione,
1069 1475 1100 1501 ad
1118 1474 1184 1502 nihil
1201 1474 1271 1502 redit
1284 1475 1356 1510 quod
1371 1474 1499 1510 praefecto
1513 1482 1529 1502 a
1545 1483 1650 1503 canone

865 1526 1024 1547 concessum
1038 1510 1080 1548 est
1094 1529 1100 1547 :
1120 1521 1156 1547 illi
1171 1524 1265 1547 contra
1282 1520 1421 1553 dixerunt,
1438 1521 1510 1555 quod
1529 1521 1570 1548 sic
1581 1528 1650 1556 quo-

865 1573 918 1601 que
937 1574 1062 1601 magnum
1077 1567 1122 1601 jus
1132 1566 1212 1593 datur
1231 1565 1369 1601 prtel'ecto.
1382 1565 1449 1593 Cum
1465 1565 1536 1593 enim
1557 1567 1649 1594 nullus

865 1612 994 1638 sacerdos
1019 1612 1105 1646 possit
1132 1611 1260 1638 lectorem
1285 1612 1422 1642 ordinare,
1440 1610 1546 1638 etiamsi
1562 1610 1587 1638 ei
1612 1610 1649 1638 ab

865 1656 987 1684 antistite
1003 1657 1055 1683 hoc
1073 1657 1236 1692 permissum
1252 1655 1343 1687 fuerit.
1361 1655 1508 1690 supradicti
1526 1655 1648 1691 przel'ecti

865 1701 996 1729 antistitis
1010 1702 1121 1730 decreto
1136 1702 1187 1729 hoc
1204 1701 1314 1733 facient,
1333 1701 1405 1736 quod
1418 1705 1461 1729 est
1475 1700 1583 1736 quidem
1598 1698 1650 1728 do-

865 1755 930 1775 num
955 1748 1081 1782 speciale.
1098 1747 1152 1783 Ego
1166 1755 1230 1775 vero
1253 1747 1373 1782 intelligo
1391 1747 1442 1774 hoc
1466 1743 1648 1774 monasterio:

866 1802 927 1821 rum
954 1793 1088 1829 praefectis
1117 1793 1278 1821 indistincte
1308 1801 1323 1821 a
1352 1800 1457 1820 canone
1484 1799 1646 1821 concessum

865 1847 936 1868 esse.
953 1839 1086 1867 Praeterea
1101 1847 1164 1867 cum
1188 1840 1369 1871 dubitaretur.
1392 1847 1426 1866 an
1453 1841 1648 1867 monachorum

865 1884 985 1920 praefecti
999 1885 1077 1916 llunt.
1089 1885 1136 1919 qui
1148 1885 1233 1912 sacris
1248 1893 1302 1912 non
1319 1889 1383 1912 sunt
1398 1884 1506 1917 initiati;
1521 1885 1648 1912 dicebant

865 1930 985 1965 quidam,
1003 1930 1076 1965 quod
1099 1929 1228 1965 quoniam
1249 1937 1282 1957 ex
1302 1929 1424 1964 episcopi
1437 1929 1648 1956 examinatione

865 1977 1052 2004 characterem
1078 1976 1251 2011 suscipiunt,
1268 1975 1343 2002 illum
1368 1975 1480 2003 omnino
1505 1976 1648 2010 cpiscopus

865 2021 956 2057 eliget,
970 2022 1016 2057 qui
1042 2022 1075 2049 ad
1098 2022 1250 2049 animarum
1279 2021 1392 2047 salutem
1417 2027 1459 2048 est
1488 2020 1648 2055 probatior,

864 2067 970 2094 etiamsi
989 2074 1044 2094 non
1064 2072 1108 2094 est
1126 2066 1211 2093 sacris
1228 2066 1362 2099 initiatus;
1379 2074 1431 2092 non
1456 2071 1547 2093 autem
1561 2073 1623 2092 eum
1637 2084 1647 2098 ,

865 2113 911 2148 qui
936 2113 1077 2141 ordinatus
1100 2116 1151 2144 est,
1178 2111 1224 2139 sed
1254 2119 1313 2140 non
1331 2115 1373 2138 est
1398 2111 1466 2138 satis
1496 2115 1646 2146 spectatus.

864 2157 1096 2191 Quemadmodum
1122 2164 1172 2184 nec
1198 2157 1232 2190 is,
1248 2156 1294 2191 qui
1320 2159 1433 2191 aegrotat
1452 2156 1643 2191 corporaliter.

33 2213 238 2249 ἀχειροτόνητον
251 2219 259 2227 ·
271 2210 312 2237 ὃτι
330 2209 399 2245 μηδέ
415 2210 432 2244 ὴ
455 2208 619 2244 χειροτονία,
631 2208 689 2234 ἀλλ’
704 2208 721 2243 ἡ
737 2209 816 2244 ἀκριέ

867 2204 1008 2232 medicinae
1030 2203 1098 2230 artis
1116 2202 1272 2238 imperitum
1287 2201 1320 2228 ad
1343 2202 1505 2229 medendum
1529 2201 1647 2237 eliserit.

33 2261 82 2295 εὴς
105 2258 245 2293 ἐπιστήμη
262 2257 313 2292 τὴν
334 2255 484 2291 θεραπείαν
505 2255 622 2282 δίδωσιν.
650 2255 760 2290 Ἐτεροι
786 2254 816 2281 δὲ

33 2306 175 2334 ἀντέθεντο
201 2304 247 2337 ὡς,
275 2302 322 2330 τοῦ
347 2302 459 2334 κανόνος
485 2300 670 2338 διοριζομένου
695 2301 816 2332 ἐκείνους

35 2353 104 2388 ἔχειν
126 2350 204 2378 τοῦτο
227 2351 257 2377 τὸ
272 2349 386 2381 δίκαιον,
409 2347 472 2379 τοὺς
493 2346 711 2382 σφραγισθέντας
731 2347 815 2381 ἡγου-

38 2399 130 2434 μένους
160 2395 237 2430 παρά
265 2394 442 2424 ἐπισκόπων,
468 2392 587 2427 δηλονότι
611 2391 690 2423 ὄντας
722 2392 815 2426 ἱερεῖς,

36 2447 211 2478 ἀναφαινεται
229 2442 266 2477 μὴ
282 2438 480 2475 σφραγίζεσθαι
495 2437 655 2473 ἡγούμενον,
670 2438 694 2464 εἰ
715 2438 753 2473 μὴ
768 2436 816 2464 καὶ

39 2490 125 2525 ἱερεύς
140 2490 213 2516 ιστιν
226 2496 234 2504 υ
251 2488 321 2521 ὅπερ
345 2485 408 2520 ἐμοὶ
434 2483 508 2515 τέως,
529 2484 558 2510 οὐ
578 2484 662 2511 δοκεῖ.
678 2483 746 2513 Οὐδὲ
762 2483 816 2518 γὰρ

38 2537 80 2563 διὰ
103 2536 151 2572 τὴν
167 2533 349 2570 ἡγουμενείαν
369 2530 521 2566 προσετέθη
545 2531 620 2565 παρά
646 2530 701 2556 τῶν
729 2530 816 2563 ἁγίων

40 2581 163 2616 Πατέρων
181 2580 212 2605 τὸ
224 2577 293 2604 εἶναι
307 2577 416 2608 πάντως
439 2576 521 2610 ἱερεῖς
548 2575 611 2606 τοὺς
635 2574 815 2610 ἡγουμένους,

40 2626 104 2652 ἀλλά
113 2625 155 2651 διὰ
169 2624 218 2658 τὴν
230 2623 277 2649 τοῦ
294 2621 467 2657 ἀναγνώστου
485 2619 630 2654 σφραγῖδα,
649 2620 687 2651 ὡς
701 2618 814 2645 δυνατοῦ

43 2672 77 2707 μὴ
92 2671 164 2701 ὄντος
184 2669 260 2704 παρά
283 2669 390 2702 ἀνιέρου
412 2665 615 2700 καθηγουμένου
640 2665 815 2700 ἀναγνώστην

42 2715 245 2751 σφραγισθῆναι.
277 2713 356 2746 Λέγω
383 2711 429 2738 οὖν
454 2710 509 2737 ἀπό
542 2718 572 2737 1s
600 2710 651 2741 θεοῦ
682 2710 814 2744 παρόντος

42 2763 147 2792 κανόνος
166 2761 214 2787 καὶ
233 2759 288 2786 ἀπὸ
307 2759 352 2785 τοῦ
379 2756 410 2784 ιϐ’
429 2757 517 2787 καλῶς
531 2755 752 2791 προχειρίζεσθαι
767 2757 815 2783 καὶ

14 2836 15 2839 η
43 2810 160 2844 ἀνιέρους
176 2804 397 2840 καθηγουμένους
415 2811 422 2818 ’
439 2803 480 2829 ὅτι
505 2803 551 2829 καὶ
577 2802 706 2835 γυναῖκες
731 2802 813 2836 ἡγου-

46 2854 188 2881 αευεύουτι.
206 2853 258 2878 καὶ
269 2851 362 2886 ὥσπερ
377 2850 477 2876 ἐκεῖναι
492 2847 552 2874 οὒτε
565 2847 709 2882 λογισμοὺς
720 2847 814 2874 ἀναδέ-

867 2256 900 2276 eo
911 2248 983 2283 quod
1002 2247 1136 2275 archiatcr
1151 2254 1199 2274 seu
1222 2245 1389 2274 medicorum
1405 2246 1533 2281 princeps
1552 2246 1589 2282 sit
1604 2254 1646 2274 or-

866 2295 994 2327 dinatus;
1013 2294 1142 2321 scientem
1158 2299 1222 2320 vero
1237 2296 1265 2320 et
1280 2292 1396 2327 peritum
1422 2285 1626 2327 przetermlserit
1639 2311 1647 2325 ,

867 2340 954 2376 utqui
973 2347 1027 2367 non
1043 2339 1078 2368 sit
1095 2338 1259 2373 ordinatus:
1273 2337 1401 2373 quoniam
1422 2346 1475 2366 non
1497 2338 1645 2374 ordinatio,

867 2387 913 2414 sed
929 2385 1048 2420 perfecta
1063 2384 1178 2412 scientia
1193 2385 1241 2412 dat
1255 2384 1399 2412 medelam.
1412 2384 1567 2422 Aliiyautem
1585 2392 1645 2413 eon-

867 2437 907 2460 tra
924 2431 1104 2467 opponebam,
1119 2431 1191 2466 quod
1205 2438 1267 2458 cum
1283 2437 1369 2458 canon
1382 2430 1511 2458 decernat
1525 2431 1584 2460 illos
1596 2431 1644 2459 hoc

863 2478 909 2514 jus
928 2478 1027 2506 habere
1046 2477 1270 2505 monasteriorum
1292 2476 1446 2511 praefectos.
1463 2469 1560 2512 qui-ab
1579 2478 1643 2512 epi-

866 2525 956 2560 scopis
970 2525 1155 2552 characterem
1178 2523 1341 2559 acceperint,
1357 2523 1514 2550 sacerdotes
1530 2523 1643 2555 scilicet,

867 2575 978 2606 apparot
1007 2570 1191 2599 characterem
1227 2569 1392 2606 praefectum
1421 2577 1475 2596 non
1507 2569 1642 2603 suscipere

865 2617 1023 2653 praelectum
1034 2636 1041 2648 .
1059 2617 1112 2644 nisi
1141 2617 1176 2644 sit
1190 2616 1319 2644 sacerdos
1337 2624 1345 2643 :
1361 2615 1435 2650 quod
1453 2621 1506 2641 non
1524 2614 1587 2640 mihi
1604 2615 1639 2641 vi-

865 2665 954 2692 detur.
969 2662 1028 2690 Non
1050 2662 1122 2690 enim
1152 2667 1262 2697 propter
1287 2661 1473 2696 prtem-turam
1497 2667 1511 2686 ι
1542 2660 1642 2687 sanctis

865 2707 990 2736 Patribus
1006 2707 1128 2736 additum
1148 2711 1210 2743 est,
1227 2711 1256 2734 ut
1270 2707 1324 2734 sint
1345 2705 1456 2735 omnino
1473 2704 1640 2732 sacerdotes.

865 2755 911 2790 qui
925 2755 1098 2787 monasteriis
1112 2758 1246 2789 priesunt;
1259 2751 1307 2780 sed
1321 2755 1430 2786 propter
1445 2750 1556 2783 lectoris
1568 2751 1639 2777 οτιιῇ

865 2801 1014 2834 nationem,
1037 2807 1132 2834 nempe
1146 2806 1208 2825 cum
1224 2798 1305 2825 lector
1318 2796 1437 2824 ordinari
1452 2803 1505 2823 non
1523 2797 1609 2831 possit
1629 2803 1640 2823 ο

865 2845 1023 2874 monasterii
1047 2844 1184 2879 praefecto,
1202 2842 1249 2877 qui
1276 2849 1329 2870 non
1355 2842 1392 2871 sit
1414 2842 1552 2871 sacerdos.
1579 2841 1641 2869 Dico
