1933 3112
61 173 113 205 965

553 172 593 201 IN
612 171 694 202 CAN.
710 171 760 202 XV
779 171 884 204 CONC.
906 173 962 204 VII
978 174 1154 206 (EGUMEN.

1625 176 1680 208 966

64 236 93 268 τῇ
106 231 213 265 συνάξει
229 231 273 257 ἐπ’
287 230 414 266 ἂμὸωνοζ
429 230 478 261 τὰς
495 229 570 264 ἱερὰς
585 229 632 256 τοῦ
648 228 716 255 Θεοῦ
729 228 847 264 βίϐλους.

915 239 926 258 n
944 237 1079 260 conventu
1096 238 1189 261 sacros
1205 233 1252 261 Dei
1266 233 1351 262 libros
1362 240 1377 260 ε
1388 238 1513 269 suggestu
1529 242 1583 263 tton
1595 234 1676 271 leget.

65 279 204 309 Ὡσαύτως
231 278 292 304 οὐδὲ
323 276 440 312 μοναχὺς
467 276 546 302 τοῦτο
580 276 699 310 ποιήσει.
727 275 790 306 Τοῖς
818 275 846 300 δὲ

63 324 229 360 ἡγουμένοις,
247 313 441 357 πρεσϐυτέροις
454 321 523 354 οὖσι,
541 321 587 348 καὶ
602 321 676 357 παρὰ
697 321 846 347 ἐπισκόπου

61 371 106 398 διὰ
121 370 290 406 χειροθεοίας
319 369 403 396 αὐτοῦ
431 369 481 404 τὴν
509 368 680 404 προστασίαν
694 368 745 402 τῆς
765 368 847 402 μονῆς

62 418 282 452 ἁναδεξαμὲνοις,
308 415 390 443 ἄδεια.
409 416 509 442 δίδοται
537 415 703 450 χειροθετεῐν
725 413 847 447 ἀναγνώο

64 472 130 499 στην
153 465 182 489 ὲν
209 462 280 498 μόνῳ
305 462 345 496 τῷ
363 462 420 496 ίδίῳ
434 460 616 495 μοναοτηρίῳ.
643 459 723 486 Ἀλλά
751 459 798 485 καὶ
823 459 847 484 οί

63 508 268 541 χωρεπίσκοποι
284 505 462 539 ἀναγνώστας
485 504 722 540 χειροτοτήσουσιν
739 513 746 520 ι
766 503 802 534 ὡς
819 503 847 529 δὲ

63 554 77 579 ὁ
93 552 203 583 δέκατος
216 552 307 578 κανὼν
323 552 371 586 τῆς
385 553 414 578 ἐν
441 550 593 586 Ἀντιοχείᾳ
606 549 716 587 συνόδογ
732 550 847 584 διαλαμ-

62 599 150 631 δάνει,
163 599 210 626 καὶ
223 598 416 626 ὑποδιακόνους
437 598 483 624 καὶ
501 597 664 632 ἐφορκιστὰς
692 594 764 623 οὗτοι
780 596 849 623 καθ-

65 645 177 672 ιστῶσιν
192 653 200 660 ⁸
216 645 240 670 εἰ
264 646 311 671 καὶ
341 645 355 670 ὁ
383 645 468 679 μέγας
488 643 626 674 Βασίλειος
658 643 688 669 οὺ
714 643 850 678 συγχωρεῖ

62 691 157 723 αὐτοῖς
179 690 243 718 ἄνευ
256 690 369 726 γνώμης
386 690 469 717 αὑτοῦ
488 690 529 721 εἰς
544 689 774 725 ἐκκλησιαστικὴν
798 689 850 714 ὐπ-

63 739 182 773 ηρεσίαν
197 738 258 763 τινὰ
273 736 488 772 παραδέχεσθαι,
504 736 548 762 διὰ
562 735 592 762 τὸ
604 733 849 769 καταφρονητικῶς

62 784 162 816 αὐτοὺς
173 784 220 812 καὶ
235 784 366 820 ῥᾳθύμως
378 784 442 819 περὶ
455 783 505 820 τὴν
515 783 650 818 ὲπιλογὴν-
657 781 711 809 τῶν
721 780 848 808 τοιούτων

61 831 239 859 διατίθεσθαι.

364 877 482 905 ΚᾹΝΩΝ
499 877 549 904 ΙΕ’.

65 935 84 951 1'
101 925 239 961 Κλη”ρικδς
257 925 309 951 ἀπὺ
327 925 374 951 τοῦ
394 924 526 960 παρόντος
542 923 578 958 μὴ
594 923 805 950 καταταττέσθιιι
818 925 847 950 ἐν

100 981 109 996 1
133 971 208 997 δυσὶν
233 969 417 1005 ἑκκλησῐαις”
441 971 577 1003 ἐμπορίας
606 969 661 1003 γὰρ
677 968 724 994 καὶ
738 969 849 1004 αἰσχρο-

100 1025 110 1042 ‹
134 1017 260 1050 κερδείας
284 1016 349 1042 ῐδιον
369 1015 459 1044 τοῦτο.
481 1014 529 1041 καὶ
544 1014 685 1049 ἀλλότριον
699 1014 847 1049 ἐκκλησια-

101 1073 109 1088 1
135 1063 233 1095 σιτικῆς
261 1061 417 1097 συνηθείας.
448 1053 621 1095 Ἦκούᾶαμεν
637 1060 691 1095 γὰρ
706 1059 736 1091 ἐξ
763 1060 848 1094 αὐτῆς

102 1119 111 1135 1
136 1109 280 1144 Κυριακῆς
309 1108 403 1142 φωνῆς
430 1107 472 1134 ὅτι
497 1116 506 1132 1
525 1107 562 1133 οὐ
590 1106 700 1133 δύναταί
722 1114 764 1138 τις
789 1105 849 1132 δυσὶ

103 1165 112 1181 1
137 1155 242 1190 κυρίοις
256 1153 393 1180 δουλεύειν
410 1160 416 1167 ·
432 1153 449 1189 ἢ
467 1153 521 1187 γὰρ
535 1152 580 1179 τὸν
594 1151 642 1178 ἕνα
660 1151 781 1188 μισήσει,
801 1151 850 1178 καὶ

105 1211 114 1228 1
138 1202 185 1229 τὸν
198 1201 292 1236 ἕτερον
305 1199 455 1235 ἀγαπήσει,
468 1198 484 1233 ἢ
502 1198 549 1225 τοῦ
563 1198 622 1229 ἑνὸς
636 1197 789 1234 ἀνθέξεται,
802 1197 849 1223 καὶ

104 1257 113 1274 1
136 1247 185 1275 τοῦ
222 1238 316 1282 ἑτέρου
351 1245 562 1281 καταφρονήσει.
581 1253 591 1270 ι
624 1243 760 1275 Ἕκαστος
792 1242 849 1273 οὖν.

101 1307 111 1322 1
135 1295 205 1323 κατὰ
221 1294 270 1330 τὴν
282 1293 466 1328 ἀποστολικὴν
487 1287 589 1327 φωνῆν,
606 1291 635 1317 ὲν
649 1289 671 1325 ᾧ
691 1289 804 1326 ἐκλήθη,
821 1290 850 1316 ἐν

101 1352 111 1368 1
133 1336 219 1376 τούτῳ
234 1340 337 1375 ὀφείλει
356 1339 458 1375 μένειν,
474 1337 523 1365 καὶ
546 1336 738 1373 προσεδρεύειν
755 1337 784 1362 ἐν
801 1335 850 1372 μιᾷ

105 1398 115 1415 1
138 1387 280 1423 ἐκκλησίᾳ.
296 1386 337 1413 Τὰ
352 1386 406 1420 γὰρ
432 1384 466 1411 δι’
478 1383 704 1419 αἰσχροκέρδειαν
718 1383 850 1418 γινόμενα

101 1446 110 1461 1
133 1436 178 1461 ἐπὶ
198 1434 253 1460 τῶν
269 1431 504 1465 ὲκκλησιαστικῶν
527 1429 699 1466 πραγμάτων
723 1429 851 1464 ἀλλότρια

104 1488 113 1505 1
136 1478 190 1504 τοῦ·
210 1476 278 1503 Θεοῦ
309 1476 507 1511 καθεστήκασι.
541 1475 615 1510 Πρὸς
642 1474 692 1509 τὴν
715 1474 762 1500 τοῦ
791 1473 849 1508 βίου

102 1534 111 1549 1
134 1519 230 1550 τούτου
251 1523 347 1556 χρείαν
363 1520 571 1555 ἐπιτηδεύματά
592 1520 645 1545 εἰσι
659 1519 776 1553 διάφορα.
790 1526 796 1532 ·
821 1518 850 1550 ἐξ

102 1580 110 1595 1
135 1569 227 1596 αὐτῶν
248 1566 306 1600 οὗν,
331 1568 357 1593 ετ
381 1576 423 1598 τις
447 1566 577 1601 βούλοιτο,
598 1566 633 1592 τὰ
658 1566 776 1600 χρειώδη
801 1564 848 1591 τοῦ
863 1577 884 1606 c

106 1626 113 1642 ι
138 1615 263 1650 σώματος
277 1613 441 1648 ποριζέσθω.
458 1612 530 1647 Ἔφη
555 1612 610 1646 γὰρ
627 1612 640 1637 ὁ
667 1610 828 1640 Ἀπόστολος
841 1617 848 1625 ·

103 1671 112 1687 1
138 1662 203 1692 Ταῖς
219 1660 325 1696 χρείαις
357 1667 418 1694 μου,
442 1659 488 1685 καὶ
514 1659 571 1688 τοῖς
595 1655 655 1683 οὖσι
682 1656 740 1692 μετ’
771 1655 850 1692 ἐμοῦ,

104 1718 113 1733 1
137 1707 314 1742 ὑπηρέτησαν
329 1706 355 1732 al
372 1705 463 1739 χεῖρες
486 1701 577 1730 αὗται.
597 1712 606 1729 ι
630 1703 685 1729 Καὶ
699 1703 785 1729 ταῦτα
803 1702 851 1737 μὲν

105 1763 114 1779 1
136 1752 268 1788 ὲν-ταὺτῃ
284 1753 317 1786 τῇ
332 1751 509 1785 θεοφυλάκτφ
529 1749 607 1775 πόλει
624 1757 630 1764 ·
647 1751 677 1776 ἐν
691 1748 718 1775 δὲ
733 1749 787 1780 τοῖς
799 1748 859 1781 ἔξω·

105 1809 114 1826 1
137 1798 248 1834 χωρίοις
261 1797 308 1825 διὰ
321 1797 370 1831 τὴν
385 1796 504 1831 ἔλλειψιν
522 1795 578 1822 τῶν
592 1794 744 1831 ἀνθρώπων
760 1803 852 1830 παρα·
875 1807 877 1809 ν

105 1854 115 1871 1
138 1844 289 1879 χωρείσθω.
307 1852 317 1869 ι

103 1891 202 1918 ΒΑΛΣ.
221 1890 314 1924 Σαφής
325 1890 399 1915 ὲστιν
419 1889 433 1915 ὁ
450 1887 550 1915 κανών,
565 1888 718 1923 Διορίζεται
745 1889 799 1923 γὰρ
815 1888 852 1923 μὴ

66 1935 287 1964 κατατάττεσθαί
300 1942 366 1959 τινας
375 1932 506 1968 κληρικδν
518 1933 559 1964 εις
575 1932 622 1959 δύο
635 1933 797 1967 ἐκκλησίας,
809 1932 853 1959 διὰ

64 1986 97 2012 τὸ
112 1982 182 2010 εἶναι
193 1982 273 2009 τοῦτο
286 1979 574 2015 αἰσχροκέρδειαν-καὶ
593 1979 740 2013 ἐμπορίαν.
761 1978 804 2009 Ὠς
824 1977 870 2004 δὲι

66 2039 141 2061 τινος
157 2028 291 2059 εἰπόντος,
304 2025 360 2052 Καὶ
374 2023 457 2050 πόθεν
476 2023 511 2050 τὰ
524 2022 590 2058 πρὸς
603 2022 855 2058 ζωάρκειανιέξου-

68 2085 111 2102 σιν
125 2075 150 2101 οι
163 2073 290 2108 κληρικοὶ
305 2070 456 2102 ἀνενδεῶς;
483 2067 560 2095 εἷπον
573 2069 598 2095 oi
627 2069 747 2104 Πατέρες
769 2069 854 2095 πολλὰ

67 2120 139 2148 εἶναι
152 2120 200 2146 καὶ
213 2119 332 2152 διάφορα
343 2116 561 2150 ἐπιτηδεύματι
577 2114 708 2149 ἐλεύθερα
724 2114 771 2141 καὶ
783 2115 854 2141 ἀκα-

67 2168 228 2200 τάγνωττα·
247 2165 294 2190 καὶ
308 2162 513 2197 ποριζέσθωσαν
530 2159 564 2186 δι’
579 2160 668 2186 αὐτῶν
680 2160 714 2186 τὰ
725 2159 853 2195 χρειώδη.

71 2212 234 2247 Ιιαρὴγαγον
249 2210 278 2236 δὲ
303 2208 350 2235 καὶ
374 2208 487 2242 χρήσεις
505 2207 586 2241 χάριν
608 2205 704 2232 τούτου
727 2206 780 2232 ἀπὸ
801 2206 854 2232 τῶν

901 276 1034 305 Similiter
1051 284 1142 306 autem
1159 286 1208 306 nec
1223 280 1373 307 monachus
1386 280 1436 307 lioc
1459 279 1548 308 faciet.
1568 282 1601 308 At
1618 287 1677 308 mo.

897 325 1080 351 nasteriornm
1108 325 1264 360 praefectis,
1288 327 1310 353 si
1334 327 1486 361 presbyteri
1506 326 1571 359 sint,
1591 333 1618 355 et
1643 328 1680 355 ab

897 370 1025 405 episcopo
1038 378 1086 405 per
1097 378 1224 397 manuum
1237 371 1296 405 ejus
1312 371 1514 407 impositionetn
1528 373 1681 400 mansionis

897 422 991 442 curam
1013 420 1186 450 acceperunt,
1205 424 1302 444 manus
1320 417 1347 444 itt
1373 419 1509 445 lectorem
1522 418 1680 454 itnponendi

898 462 925 488 in
942 469 991 489 suo
1005 462 1064 489 solo
1083 464 1246 491 monasterio
1258 466 1377 498 potestas
1391 464 1480 491 datur.
1496 464 1548 492 Sed
1560 469 1587 493 et
1601 466 1682 493 choro

897 507 1018 541 episcopi
1039 507 1157 535 lectores
1182 508 1370 536 ordinabunt:
1393 513 1422 536 ut
1439 514 1529 537 autem
1557 511 1680 538 decimus

899 553 1002 587 synodi
1024 553 1200 580 Antiocltenm
1228 562 1315 582 canon
1343 556 1448 588 statuit,
1477 550 1680 591 ltjpodiaconos

898 600 979 626 etiam
993 603 1020 626 et
1035 599 1185 626 cxorcistas
1201 599 1238 626 illi
1251 601 1429 628 constituunt.
1442 600 1553 627 Etiamsi
1566 600 1682 628 Basilius

899 650 1014 680 magnus
1028 645 1078 673 hoc
1092 646 1132 673 eis
1156 653 1209 673 non
1235 647 1369 680 concedit,
1384 648 1442 675 sine
1456 639 1515 682 ejus
1530 648 1681 681 voluntate,

899 690 932 717 ad
950 690 1164 718 ecclesiasticum
1188 691 1369 719 ministerium
1394 693 1549 728 quempiam
1575 693 1682 721 admit—

899 741 973 770 tere;
989 737 1052 771 quia
1066 737 1105 765 illi
1122 739 1299 774 contemptim
1323 743 1352 766 et
1373 739 1522 767 oscitanter
1542 740 1569 767 in
1587 740 1682 768 talium

899 784 1034 810 electione
1050 791 1081 811 se
1095 789 1202 818 gerunt.

1189 873 1302 902 CANUN
1332 873 1391 902 XV'.

905 929 914 945 1
938 919 1058 947 Clericus
1070 920 1105 947 ab
1118 920 1170 948 ltoc
1184 921 1311 956 deinceps
1327 926 1455 956 tempore
1466 922 1492 949 iu
1511 922 1618 950 duabus
1635 930 1682 950 ec-

938 974 949 991 1
965 966 1056 994 clesiis
1071 974 1126 994 non
1143 967 1291 995 collocetur
1312 975 1320 994 :
1343 969 1534 1004 negotiationis
1557 970 1630 997 enim
1655 973 1683 996 et

937 1020 947 1037 1
966 1012 1053 1046 turpis
1068 1012 1137 1040 lucri
1157 1015 1298 1048 proprium
1313 1017 1375 1048 est,
1391 1018 1417 1042 et
1436 1018 1470 1042 ab
1497 1015 1682 1044 ecclesiastita

938 1067 948 1084 1
967 1060 1168 1088 consuetudine
1188 1061 1320 1089 alienum.
1344 1061 1385 1089 Ab
1402 1061 1459 1097 ipsa
1485 1062 1556 1089 enim
1575 1063 1682 1090 Domini

938 1113 948 1130 1
972 1113 1038 1145 {oce
1056 1106 1221 1146 audivimus,
1240 1115 1250 1132 1
1269 1115 1323 1134 non
1348 1115 1428 1142 posse
1442 1109 1596 1144 quempiam
1616 1109 1686 1136 duco

939 1158 948 1175 1
965 1149 1017 1177 bus
1029 1150 1147 1178 dominis
1160 1151 1263 1178 servire
1278 1159 1285 1177 :
1302 1151 1344 1178 vel
1361 1151 1433 1179 enim
1451 1161 1534 1179 ttntttn
1552 1153 1615 1180 odio
1632 1154 1685 1180 ha-

908 1220 910 1223 ,
939 1205 949 1222 1
970 1196 1055 1228 bebit,
1071 1201 1097 1224 et
1110 1197 1225 1224 alterum
1242 1197 1351 1233 diliget;
1368 1198 1408 1225 vel
1425 1204 1508 1225 unum
1534 1201 1684 1234 amplecte-

939 1250 950 1268 1
968 1246 1023 1275 tur,
1035 1246 1062 1269 et
1076 1242 1190 1270 alterum
1207 1242 1326 1278 negliget
1339 1243 1372 1270 ".
1392 1243 1584 1280 Unusquisque
1606 1252 1684 1280 ergo.

940 1296 949 1313 1
970 1287 1123 1316 secundum
1141 1288 1244 1316 dictum
1259 1289 1437 1323 apostolicum
1451 1309 1460 1322 ,
1476 1291 1504 1318 in
1525 1289 1572 1322 eo,
1585 1291 1613 1318 in
1630 1299 1686 1326 quo

924 1328 949 1360 '1
972 1333 1091 1362 vocatus
1108 1339 1169 1366 est.
1193 1335 1273 1362 debet
1297 1342 1418 1369 manere,
1443 1340 1470 1363 et
1488 1336 1513 1363 in
1529 1333 1610 1372 317
1629 1338 1684 1365 ‘una

939 1387 950 1405 1
968 1380 1081 1407 ecclesia
1102 1381 1234 1409 assidere.
1249 1380 1314 1414 Quae
1329 1383 1401 1409 enim
1418 1387 1528 1418 propter
1544 1388 1622 1418 turpe
1636 1384 1680 1412 lu-

939 1434 949 1452 1
969 1433 1045 1453 crum
1063 1426 1132 1454 fiunt
1146 1428 1172 1454 in
1184 1428 1380 1456 ecclesiasticis
1404 1429 1532 1463 negotiis,
1549 1437 1581 1456 ea
1598 1438 1613 1457 a
1628 1429 1685 1457 Deo

940 1480 950 1497 1
969 1477 1033 1498 sunt
1049 1473 1147 1500 aliena.
1163 1473 1203 1500 Ad
1227 1473 1308 1508 hujus
1327 1478 1416 1502 autem
1439 1475 1501 1502 vita!
1518 1483 1596 1503 nsum
1622 1481 1687 1504 sunt

939 1527 948 1543 1
970 1517 1074 1545 diversa
1093 1519 1184 1546 studia
1199 1528 1206 1546 :
1226 1527 1259 1547 ex
1277 1521 1310 1547 iis
1328 1525 1404 1555 ergo,
1421 1521 1443 1547 si
1462 1521 1528 1555 quis
1553 1521 1636 1556 velit,
1654 1531 1686 1550 ea

939 1572 949 1587 1
968 1571 1028 1598 qua:
1041 1569 1103 1590 sunt
1114 1564 1220 1599 corpori
1229 1565 1258 1592 ad
1275 1572 1352 1592 usum
1369 1567 1522 1594 necessaria
1537 1574 1685 1603 comparet.

940 1618 949 1634 1
973 1610 1042 1637 Dixit
1058 1612 1129 1637 enim
1145 1611 1302 1645 A‘postolus;
1321 1621 1330 1638 1
1345 1613 1440 1640 us‘rliIts
1455 1615 1532 1646 meis,
1547 1619 1574 1641 et
1588 1614 1622 1642 iis
1639 1615 1686 1650 qui

898 1675 901 1679 .
940 1665 948 1681 1
970 1664 1075 1684 mecum
1089 1663 1162 1689 sunt,
1184 1664 1281 1686 manus
1298 1659 1355 1686 istre
1370 1661 1613 1688 subministrarunt
1625 1662 1659 1688 “.
1673 1671 1684 1687 ι

942 1712 951 1728 1
973 1702 1005 1729 Et
1022 1704 1078 1731 haec
1092 1704 1200 1738 quidem
1217 1705 1244 1732 in
1263 1706 1313 1733 hac
1337 1714 1352 1733 ιι
1376 1706 1430 1734 Uco
1444 1708 1631 1735 conservanda
1648 1707 1688 1734 ci-

941 1759 956 1775 17
971 1750 1072 1777 \itate:
1090 1750 1116 1778 in
1132 1751 1166 1778 iis
1183 1756 1272 1778 autem
1288 1759 1347 1787 quae
1362 1758 1436 1780 extra
1449 1758 1512 1781 sunt
1527 1754 1593 1782 lot-is
1619 1761 1686 1789 pro-

927 1805 949 1822 -1
969 1803 1026 1830 pter
1042 1797 1182 1824 hominum
1197 1798 1314 1832 inopiam
1333 1798 1515 1834 indulgeatur;
1531 1809 1540 1825 ι

939 1884 1034 1912 BALS.
1048 1885 1214 1920 Pcrspicuus
1228 1889 1270 1914 est
1285 1894 1384 1914 canon.
1408 1886 1512 1921 Statuit
1541 1887 1626 1921 enim,
1653 1895 1689 1915 tie

903 1931 967 1966 quis
981 1932 1098 1967 clericus
1112 1932 1140 1959 in
1150 1931 1257 1959 duabus
1273 1933 1395 1960 ccclesiis
1409 1934 1602 1967 constituatur,
1614 1934 1688 1968 quod

904 1977 930 2004 id
947 1977 984 2004 sit
1003 1983 1084 2012 turpe
1097 1978 1204 2004 lucrttm
1222 1982 1250 2004 ct
1267 1977 1427 2012 negotiatio.
1452 1978 1572 2005 Perinde
1594 1983 1686 2006 autem

903 2031 935 2051 ac
951 2027 973 2051 si
988 2024 1105 2051 dixisset
1121 2024 1274 2058 quispiam;
1299 2024 1331 2050 Et
1351 2024 1423 2050 unde
1440 2024 1534 2051 clerici
1556 2032 1598 2057 ca,
1625 2032 1687 2059 quas

905 2071 937 2096 ad
957 2070 1057 2097 victum
1077 2070 1227 2102 suiliciurtt,
1253 2070 1323 2096 citra
1341 2069 1424 2096 ullam
1443 2070 1621 2104 indigentiam
1638 2069 1688 2096 lia-

906 2116 1026 2143 bebnnt?
1045 2116 1173 2143 dixerunt
1196 2115 1300 2147 l’atrcs,
1327 2116 1411 2142 multa
1440 2123 1502 2142 csse
1525 2120 1551 2142 ct
1577 2115 1687 2144 diversa

911 2163 1011 2195 studia,
1028 2163 1111 2190 libera
1129 2167 1158 2189 et
1178 2170 1232 2190 non
1259 2162 1412 2189 damnanda
1428 2171 1434 2189 :
1450 2166 1477 2189 et
1504 2169 1551 2197 per
1569 2169 1601 2189 ea
1627 2171 1692 2198 qua:

907 2208 958 2236 sibi
977 2214 1040 2236 sunt
1055 2208 1088 2235 ad
1105 2209 1207 2235 victum
1226 2209 1381 2236 neaessari'a
1393 2209 1547 2243 acquirant.
1563 2208 1689 2236 Adduxe-

71 2246 201 2293 Πρᾶξεων
213 2256 269 2282 τῶν
281 2254 444 2281 ἀποστόλων
462 2253 509 2278 καὶ
524 2252 714 2286 εὺαγγελικάς.
730 2252 776 2283 Εἰς
792 2252 852 2287 μέν·

915 2259 973 2282 runt
990 2259 1079 2281 autem
1104 2254 1192 2289 hujus’
1212 2254 1250 2281 rei
1267 2254 1357 2288 gratia
1383 2255 1464 2282 etiam
1489 2255 1639 2282 sententias
1654 2263 1706 2282 ex.

71 2313 112 2330 τοι
130 2303 179 2334 τὰς
195 2301 248 2333 ἔξω
262 2300 310 2334 τῆς
337 2297 533 2334 βασιλευούσης
548 2298 602 2323 τῶν
629 2297 734 2323 πόλεων
751 2297 854 2334 χώρας,

69 2349 134 2376 ἔνθα
147 2348 233 2382 λιὶψις
243 2344 394 2380 ἀνθρώπων
407 2343 679 2379 εἰὸὀτωνεγράμματά
692 2343 762 2375 ἐστι,
783 2351 869 2379 παρ--

71 2397 215 2432 εχώρησαν
226 2393 272 2419 καὶ
286 2389 386 2422 εἰςδύο
399 2389 547 2423 ἐκκλησίας
563 2388 778 2415 κατατάττεσοαί
795 2397 854 2416 τινα

71 2441 213 2477 κληρικόν.
230 2439 338 2476 Γίνεται
355 2436 385 2463 δὲ
399 2436 520 2470 σήμερον
532 2435 562 2461 τὸ
578 2434 722 2462 ἀνάπαλιν.
743 2435 788 2462 Ἐν
800 2436 854 2470 γὰρ

69 2491 130 2520 ταῖς
146 2488 199 2521 ἔξω
213 2485 315 2521 χώραις
334 2483 378 2510 διὰ
406 2481 456 2517 τὴν
470 2481 611 2517 βασιλικὴν
628 2481 860 2514 ὲξκουσείαν-τῶνι

71 2534 178 2568 ἱερὲωνη
186 2530 295 2560 πλείους
309 2528 379 2555 εἰσιν
389 2528 415 2554 οἱ
429 2527 556 2562 κληρικοὶ
568 2527 653 2563 παρὰ
668 2528 729 2559 ταῖς
750 2527 854 2563 ἔκκλη-

72 2581 156 2611 σίαις,
171 2578 217 2604 καὶ
231 2576 274 2602 διὰ
288 2574 367 2601 τοῦτο
382 2573 680 2604 οὐδεὶς,.κατατάττεται
691 2574 732 2604 είς
745 2573 791 2600 δύο
805 2575 853 2600 εχ-

73 2625 200 2660 χλησίας.
221 2623 264 2649 Ἐν
276 2621 304 2648 δὲ
321 2622 354 2656 τῇ
371 2619 549 2655 βασιλευούσῃ
562 2620 617 2646 τῶν
639 2620 742 2650 πόλεων
757 2621 788 2647 οὐ
806 2621 853 2656 μό-

74 2679 117 2698 vov
131 2671 170 2701 εἰς
186 2668 232 2695 δύο
245 2667 402 2701 ἐκκλησίας,
415 2666 482 2692 ἀλλὰ
497 2666 544 2692 καὶ
556 2667 595 2696 είς
615 2668 690 2701 τρεῖς
704 2667 729 2692 οἱ
744 2667 852 2698 πλείους

73 2716 295 2744 κατατάττονται.
323 2713 368 2744 Ὠς
395 2713 465 2739 ἔοικε
486 2712 525 2744 δὲ,
546 2712 785 2747 κατεφρονήθησαν
819 2713 853 2739 τὰ

76 2763 124 2789 τοῦ
141 2763 271 2797 παρόντος
286 2761 409 2791 κανόνος,
435 2758 480 2784 διὰ
496 2759 526 2784 τὸ
547 2759 599 2793 μὴ,
613 2758 774 2791 κολάξεσθαι
791 2760 856 2790 τοὺς

77 2810 172 2837 τούτου
189 2807 409 2844 καταφρονητὰς,
425 2806 496 2841 ἢδιὰ
508 2807 538 2832 τὸ
563 2806 664 2838 πλῆθος
682 2807 737 2835 τῶν
753 2807 854 2842 ἐκκλη-

118 2914 140 2931 "
156 2913 247 2941 Muttlt.
265 2911 352 2943 in“.
392 2911 414 2926 ⁶⁶
433 2911 492 2938 Act.
515 2918 558 2942 xx,
581 2910 625 2937 54.

908 2301 1023 2328 Actibus
1040 2301 1227 2338 apostolorum
1244 2305 1270 2328 et
1285 2308 1319 2327 ex
1334 2300 1499 2336 EVangcliis.
1523 2300 1552 2327 In
1570 2301 1690 2336 regioni-

907 2349 1077 2378 busautem,
1095 2352 1155 2381 quae
1171 2351 1236 2374 sunt
1252 2350 1327 2373 extra
1344 2346 1465 2380 reginam
1488 2346 1596 2373 urbium
1608 2367 1616 2380 ,
1640 2347 1687 2374 ubi

905 2393 1046 2427 cstin‘opia
1065 2392 1204 2419 hominum
1221 2393 1270 2427 qui
1281 2392 1372 2419 sciunt
1388 2392 1506 2424 litteras,
1523 2392 1687 2427 p’ermissuut

905 2443 947 2465 est
968 2443 999 2464 ut
1015 2437 1116 2471 aliquis
1132 2437 1249 2465 clericus
1267 2438 1294 2464 iu
1311 2437 1418 2465 duabus
1436 2437 1685 2466 ecclesiis‘tonsti-

905 2487 1009 2511 tuatur.
1028 2483 1070 2510 Fit
1087 2487 1178 2510 autem
1193 2483 1397 2511 lmdie‘ctmtra.
1420 2484 1447 2511 In
1476 2484 1596 2511 externis
1613 2484 1690 2511 enim

905 2529 1073 2565 regionibus,
1093 2534 1213 2564 propter
1231 2529 1398 2563 imperialem
1414 2530 1585 2557 sacerdotum
1604 2537 1686 2557 excu-

904 2576 1048 2607 sationem,
1077 2575 1169 2602 clerici
1201 2581 1266 2603 sunt
1296 2575 1388 2610 plures
1414 2575 1550 2606 ecclesiis.
1574 2579 1601 2602 et
1625 2576 1686 2602 ideo

905 2623 996 2650 nullus
1009 2621 1036 2649 in
1057 2622 1162 2649 duabus
1177 2621 1303 2649 ecclesiis
1329 2622 1518 2649 constituitur.
1546 2620 1573 2647 In
1591 2620 1684 2655 regina

906 2669 1133 2700 autem-urbium,
1152 2676 1206 2695 noti
1226 2669 1314 2695 solum
1339 2669 1366 2694 ln
1384 2668 1502 2699 duabus,
1529 2666 1576 2694 sed
1603 2666 1684 2692 etiam

914 2717 940 2742 in
957 2715 1043 2742 tribus
1066 2715 1192 2742 ecclesiis
1212 2714 1334 2750 plerique
1353 2713 1569 2740 constituuntur.
1588 2709 1623 2738 Ut
1644 2714 1687 2738 est

905 2765 995 2787 autent
1025 2760 1183 2794 verisimile,
1217 2766 1336 2794 praesens
1364 2765 1452 2785 canon
1484 2755 1617 2792 ncglectui
1643 2760 1687 2783 est

906 2806 1016 2835 habitus
1039 2815 1070 2834 eo
1091 2807 1162 2842 quod
1182 2813 1237 2832 non
1260 2804 1409 2839 punientur
1428 2803 1490 2838 ejus
1514 2806 1687 2838 contempto-
