1933 3112
89 181 141 214 969

124 291 133 306 1
159 282 227 312 Τοὺς
252 279 298 306 οὖν
330 279 444 310 ἑαυτοὺς
469 278 638 312 κοσμοῦντας
665 278 830 308 ἐπισκόπους
853 277 870 311 ἦ

126 338 136 354 1
160 328 307 363 κληρικοῦς
320 327 353 353 δι’
362 326 484 362 ἐσθήτων
497 325 633 360 λαμπρῶν
648 325 695 350 καὶ
711 323 870 359 προφανῶν,

129 384 138 401 ι
163 374 275 404 τούτους
307 371 484 407 διορθοῦσθαι
516 372 586 406 χρή·
608 370 675 396 εἰδὲ
702 370 870 404 ὲπιμένοιεν,

126 430 135 447 ι
158 418 288 453 ἐπιτιμίῳ
308 417 522 453 παραδίδοσθαι·
538 415 670 446 ὡσαύτως
687 414 735 442 καὶ
754 415 817 445 τοὺς
836 415 871 440 τὰ

127 477 136 492 1
162 465 236 500 μύρα
252 464 424 500 χρωμένους.
447 463 524 489 Ἐπεὶ
543 461 571 488 δὲ
598 461 660 495 ῥίζα
681 461 793 494 πικρίας
814 461 871 487 ἄνω

127 521 135 537 1
158 511 265 546 φύουσα
279 511 385 544 μίασμα
403 508 499 542 γέγονε
512 509 543 543 τῇ
558 507 688 547 καθολικῇ
711 506 870 543 Ἐκκλησία,

125 567 134 582 1
158 557 174 591 ή
185 557 240 582 τῶν
255 554 566 590 Χριστιανοκατηγόρων
577 553 694 588 αἵρεσις,
711 552 759 579 καὶ
771 553 794 578 οἱ
803 551 871 579 ταύ-

125 611 134 628 1
157 611 207 637 την
222 601 374 635 δεξάμενοι,
394 600 425 626 οὐ
443 600 524 634 μόνον
539 599 588 629 τὰς
605 598 743 630 εἰκονικὰς
762 598 870 630 ἀναζω-

124 656 133 673 1
157 647 310 682 γραφήσεις
333 645 520 678 ἐϐδελύξαντο,
536 644 605 671 ἀλλὰ
618 645 665 671 καὶ
681 645 770 671 πᾶσαν
789 643 869 670 εὐλά-

125 699 135 716 ‹
159 691 237 716 σειαν
265 691 421 722 ἀπώσαντο,
456 689 519 720 τοὺς
548 688 655 723 σεμνῶς
675 689 722 715 καὶ
752 688 871 720 εὐσεϐῶς

125 746 134 762 1
159 736 286 771 βιοῦντας
301 735 527 772 προσσχοίζοντες
539 743 546 751 ⁸
563 735 614 761 καὶ
631 734 811 769 πεπλήρωται
827 734 871 762 ἐπ’

126 791 135 808 1
158 783 250 813 αὐτοῖς
261 782 291 808 τὺ
303 782 505 816 γεγραμμένονι
520 789 530 805 1
546 780 689 814 Βδέλυγμα
700 779 871 814 ἁμαρτωλῶν

123 838 132 854 1
157 828 324 855 Θεοσέὁεια.›
338 829 369 854 El
379 827 512 862 εὑρεθῶσι
523 826 612 853 τοίνυν
622 826 694 857 τινὲς
705 826 872 860 ἐγγελῶντες

124 885 134 902 1
157 877 212 906 τοῖς
223 876 273 909 τὴν
287 875 384 909 εὐτελῆ
402 874 449 900 καὶ
466 872 568 908 σεμνὴν
587 873 725 907 ἀμφίασιν
748 880 872 906 περικει-

92 922 97 923 ⁷
124 931 133 946 1
158 923 261 956 μένοις,
277 920 312 947 δι’
324 920 465 954 ἐπιτιμίου
490 919 718 954 διορθούσθωσαν.
749 919 797 945 Ἐκ
813 919 869 954 γὰρ

123 977 133 993 1
157 967 211 993 τῶν
226 967 330 994 ἄνωθεν
355 967 459 1001 χρόνων
482 967 536 996 πᾶς
557 966 695 1000 Ξερατικδς
713 965 783 1000 ἀνὴρ
799 965 870 999 μετὰ

125 1021 135 1037 1
160 1012 273 1047 μετρίας
296 1012 344 1038 καὶ
361 1011 464 1046 σεμνῆς
491 1010 654 1045 ἀμφιάσεως
678 1007 868 1036 Χέπολιτεύετο.

124 1067 133 1083 1
159 1058 214 1084 Πᾶν
226 1058 280 1093 γὰρ
292 1057 305 1083 ὃ
319 1057 356 1092 μὴ
367 1056 410 1082 διὰ
421 1056 524 1091 χρείαν,
539 1055 606 1081 ἀλλὰ
622 1055 665 1082 διὰ
676 1054 870 1090 καλλωπισμὸν

126 1113 135 1130 1
159 1104 415 1139 παραλαμϐάνεται,
432 1103 601 1138 περπερεῑας
614 1102 670 1137 ἔχει
688 1102 868 1137 κατηγορίαν,

125 1161 135 1177 1
158 1152 194 1180 di;
212 1151 226 1178 ὁ
241 1151 326 1185 μέγας
342 1150 394 1185 ἔφη
409 1149 559 1180 Βασίλειος.
585 1148 656 1174 Ἀλλ’
670 1148 729 1174 οὐδὲ
741 1149 773 1175 ὲκ
789 1157 870 1184 σηρι-

114 1203 133 1222 '1
157 1196 395 1231 κῶν-ὑφασμάτων
411 1195 625 1229 πεποικιλμένην
652 1194 754 1230 ἐσθῆτα
783 1195 871 1221 ἐνεδέ-

127 1254 135 1269 ι
158 1244 221 1270 δυτό
237 1252 289 1276 τις,
306 1243 365 1270 οὐδὲ
382 1242 576 1278 προσετίθεσαν
591 1242 738 1277 ἑτερόχροα
756 1241 870 1276 ἐπιθῇ.

125 1301 135 1317 1
160 1299 232 1326 ματα
249 1291 278 1316 ἐν
296 1291 351 1321 τοῖς
369 1290 464 1324 ἄκροις
489 1288 544 1315 τῶν
564 1288 694 1322 ἱματίων.
732 1288 871 1314 Ἤκουσαν

125 1347 134 1363 1
157 1337 212 1372 γὰρ
230 1337 274 1369 ίέκ
299 1336 348 1371 τῆς
370 1335 535 1370 θεοφθόγγου
555 1334 692 1369 γλώσσης,
705 1335 745 1360 ὅτι
777 1335 808 1361 Οἱ
836 1333 871 1361 τὰ

126 1393 136 1409 1
159 1382 277 1418 μαλακὰ
292 1382 457 1417 φοροῦντες
471 1381 506 1408 ἐν
522 1380 584 1413 τοῖς
600 1380 696 1413 οἴκοις
711 1380 770 1407 τῶν
781 1380 872 1412 βασι-

125 1437 134 1454 1
156 1429 246 1454 λείων
262 1429 351 1454 εἰσίν.
375 1436 384 1452 ι

114 1473 221 1499 ΒΔΛΣ.
252 1473 273 1498 Τ
277 1472 314 1497 ῶν
332 1471 526 1507 Εἰκονομάχων
542 1471 750 1506 μεταϐαλόντων
780 1469 871 1497 πᾶσαν

84 1518 318 1552 ὶκκλησιαστικὴν
330 1518 497 1545 κατάστασιν
510 1517 556 1543 καὶ
569 1516 713 1543 εὐλάϐειαν
724 1515 793 1551 πρὸς
804 1516 872 1542 ἀκα-

83 1562 238 1589 ταστασίαν
267 1563 313 1588 καὶ
338 1561 580 1594 tamenne;
598 1561 653 1587 τῶν
675 1562 766 1593 αὐτοῖς
784 1569 872 1595 προσ-

85 1609 244 1644 ερχομένων
256 1609 396 1643 κληρικῶν
410 1609 457 1635 καὶ
469 1608 630 1634 ἐπισκόπων
658 1608 817 1638 ἀνευλαῆῶς
826 1608 874 1634 καὶ

86 1654 244 1688 ἀδιαφόρως
277 1654 488 1690 ὲκχωρηοένοων
514 1653 717 1685 πολιτεύεσθαι,
749 1653 793 1680 ἵνα
817 1654 874 1684 τοῖς

88 1699 242 1735 θελήμασιν
256 1697 345 1727 αὖτών
363 1701 509 1732 ὑπείκωσι,
527 1700 575 1726 καὶ
593 1699 637 1726 διὰ
661 1699 740 1726 τοῦτο
758 1700 806 1726 καὶ
823 1699 874 1734 τῆς

89 1745 232 1780 ἱερατικῆς
249 1745 409 1780 ὲνδυμενίας
423 1745 491 1781 πρὸς
515 1746 544 1771 τὺ
562 1745 765 1780 βλακικιίιτερον
789 1754 872 1780 μετα-

87 1792 236 1827 ϐληοεὲσης
254 1794 302 1818 καὶ
316 1792 518 1827 κοσμιώτερον·
535 1793 698 1826 διωρίσαντο
712 1794 737 1819 oi
754 1793 873 1828 Πατέρες

86 1838 270 1872 ἐπιτιμᾶσθαι
287 1838 351 1869 τοὺς
371 1838 725 1870 καλλωπίζονταςὲαυτοὺς
741 1838 786 1865 διὰ
801 1839 877 1866 ὲνδυ-

90 1882 186 1917 μενίας
204 1882 344 1917 λαμπρᾶς,
361 1882 408 1908 καὶ
420 1883 456 1917 μὴ
469 1881 676 1916 διορθουμένους
688 1881 757 1916 μετά
768 1891 875 1918 παραγ-

88 1929 184 1962 γελίαν
197 1937 204 1944 ·
215 1928 343 1960 ὡσαύτως
358 1928 521 1960 κολάζεσθαι
533 1928 580 1955 καὶ
595 1929 656 1960 τοὺς
669 1928 703 1954 τὰ
714 1928 788 1964 μύρα
801 1937 875 1963 χριο-

91 1974 199 2010 μένους.
227 1974 303 2000 Ἐπεὶ
317 1975 344 2000 δὲ
363 1975 388 2001 οἰ
417 1974 493 2001 αὐτοὶ
508 1974 643 2009 αἱρετικοὶ
674 1974 741 2009 πρὸς
769 1973 876 2007 τούτοις

90 2021 246 2054 κατεγέλων
260 2020 315 2047 τῶν
336 2020 466 2055 βιούντων
486 2021 556 2055 μετὰ
576 2019 741 2055 σεμνότητος
767 2021 815 2048 καὶ
830 2020 876 2047 εὗ-

91 2066 214 2099 λαδείας,
232 2066 279 2093 καὶ
295 2066 428 2102 ἐνδύμασι
451 2065 599 2101 χρωμένων
615 2065 815 2100 εὐτελεστέροις
831 2065 875 2096 διὰ

89 2113 273 2139 ταπείνωσιν·
289 2112 392 2147 ὥρισαν
411 2113 435 2138 οἱ
454 2112 520 2139 θεῖοι
542 2111 664 2145 Πατέρες
677 2111 739 2142 τοὺς
753 2111 875 2138 τοιοῦτόν

90 2168 118 2185 τι
135 2158 280 2190 ποιοῦντας
294 2158 328 2185 δι’
342 2158 488 2192 ἐπιτιμίων
500 2157 684 2193 διορθοῦσθαιο
698 2157 771 2189 Ὅτι,
783 2159 875 2192 φασὶν,

91 2206 118 2232 οι
133 2206 215 2240 ἱερεῖς
230 2205 341 2231 ἁείποτε
358 2204 428 2238 μετὰ
444 2203 557 2238 μετρίας
580 2203 628 2230 καὶ
658 2203 760 2238 σεμνῆς
777 2203 877 2237 διαγω-

595 177 637 207 IN
656 176 739 206 CAN.
756 175 821 206 XVI
845 175 950 205 CONC.
972 176 1027 207 VlI
1044 175 1223 206 (ECUMEN.

128 245 138 262 1
162 236 215 262 είσι
242 235 291 270 τῆς
310 234 450 269 ἱερατικῆς
473 233 576 265 τάξεως
591 234 638 259 καὶ
665 233 868 261 καταπάσειιις.
887 237 906 260 Λ

1652 174 1702 204 970

963 240 972 257 1
992 232 1076 258 dotali
1093 233 1190 260 ordine
1209 239 1234 259 et
1251 238 1324 259 statu
1343 232 1459 258 alienus.
1476 231 1626 266 Episcopus
1639 239 1704 265 ergo

964 287 972 303 1
993 279 1033 305 vel
1058 275 1184 311 ilcricos,
1209 280 1255 313 qui
1282 287 1312 306 se
1335 277 1486 312 splendidis
1501 283 1528 304 et
1548 277 1703 309 insignibus

963 334 972 349 1
991 324 1116 351 vestibus
1132 327 1279 355 exornant.
1302 333 1331 352 se
1354 325 1493 358 corrigere
1519 327 1643 358 oportet;
1662 323 1703 350 sin

963 379 972 396 1
991 376 1080 398 autem
1097 376 1285 406 permaneant,
1305 371 1394 406 pannis
1418 371 1561 397 eaerceri:
1580 369 1706 406 similiter

961 425 970 441 1
992 422 1018 443 et
1033 405 1155 452 eosiqni
1172 422 1236 444 stitit
1256 405 1403 450 unguentis
1423 414 1549 443 delibuti.
1571 405 1704 447 Quoniam

970 472 979 487 1
995 467 1086 490 autem
1116 463 1191 490 radix
1227 462 1384 490 acerbitatis
1409 469 1519 489 sursum
1546 461 1704 496 pullulans,

961 518 969 534 1
991 509 1138 536 Catholica:
1154 508 1282 536 Ecclesia:
1298 508 1352 535 fuit
1365 508 1616 544 inquinamentum,
1629 507 1708 534 Chri-

962 565 971 580 1
993 557 1098 592 stianos
1112 556 1215 582 scilicet
1239 555 1430 582 accusantium
1456 553 1586 586 haeresis;
1612 558 1640 581 et
1658 553 1706 587 qui

961 610 970 626 1
992 609 1052 628 eam
1071 606 1260 635 susceperunt,
1277 608 1330 628 non
1349 601 1437 629 solum
1455 601 1603 635 imaginum
1617 600 1709 634 pictu-

962 656 972 672 1
991 654 1036 674 ras
1051 647 1167 674 aversati
1184 652 1260 678 sunt,
1276 647 1324 674 sed
1338 654 1446 673 omnem
1473 646 1554 673 etiam
1575 644 1705 680 pietatem

963 701 972 718 1
990 700 1022 719 ac
1041 692 1198 727 religionem
1214 697 1404 724 extruserunt,
1420 699 1481 724 eos,
1498 692 1544 726 qui
1560 691 1603 726 pie
1616 697 1643 718 et
1656 691 1706 717 ho-

963 747 972 764 1
994 744 1072 766 nesle
1088 740 1192 771 vivunt,
1211 738 1274 766 odio
1290 738 1440 777 habentes;
1460 744 1486 765 et
1504 738 1532 764 in
1555 738 1591 765 iis
1611 737 1707 772 imple.

963 794 972 810 1
993 789 1050 818 tum
1069 785 1119 812 fuit
1135 785 1208 820 quod
1225 785 1357 819 scriptum
1371 791 1413 812 est
1427 793 1434 810 :
1451 784 1626 811 Abominatio
1644 791 1708 820 pee-

961 840 972 856 1
991 832 1078 868 calori
1095 831 1191 866 religio
1206 836 1233 857 et
1249 838 1329 870 verus
1353 831 1399 858 Dei
1422 831 1524 858 cultus.
1551 826 1581 857 Si
1601 830 1705 857 inventi

963 888 971 904 1
993 878 1086 913 itaque
1101 878 1204 906 fuerint
1216 877 1345 905 nonnulli
1363 885 1411 905 eos
1426 877 1584 910 irridentes,
1597 877 1643 912 qui
1666 877 1706 903 vi-

962 933 971 949 1
991 925 1042 951 lem
1056 929 1084 952 et
1096 925 1247 952 modestum
1264 925 1396 952 amictum
1423 924 1511 952 induti
1527 928 1601 956 sttnt,
1625 931 1705 958 ptena

960 980 970 996 1
988 971 1174 1006 corrigantur.
1192 971 1213 997 A
1229 970 1419 1005 superioribus
1435 970 1507 997 enim
1538 977 1624 1004 usque
1640 973 1708 996 tem-

959 1026 968 1042 1
988 1016 1103 1050 poribus
1133 1016 1224 1043 omnis
1250 1016 1294 1043 vir
1317 1019 1442 1043 sacratus
1474 1023 1536 1041 eum
1567 1015 1707 1043 moderato

943 1070 971 1107 ει
990 1066 1014 1088 et
1041 1061 1158 1088 honesto
1183 1060 1344 1088 indumento
1367 1061 1541 1088 versabalur.
1569 1059 1707 1095 Quidquid

962 1116 972 1132 1
993 1107 1077 1137 enim,
1094 1114 1149 1133 non
1166 1110 1278 1141 propter
1294 1113 1385 1139 usum,
1400 1106 1612 1134 ostentatorium
1627 1113 1708 1133 orna-

962 1161 971 1178 1
991 1157 1047 1180 lum
1067 1153 1228 1185 assumitur,
1244 1152 1271 1179 in
1295 1152 1377 1179 luxus
1403 1151 1644 1186 reprehensionem
1667 1152 1708 1179 in-

963 1208 972 1224 1
989 1198 1086 1230 currit,
1116 1204 1146 1226 ut
1171 1198 1208 1225 ait
1234 1205 1348 1233 magnus
1374 1197 1502 1226 Basilius.
1530 1197 1582 1225 Sed
1601 1206 1651 1225 nec
1674 1206 1707 1226 ex

963 1254 972 1270 1
992 1244 1090 1272 sericis
1117 1244 1234 1272 textoris
1261 1245 1395 1272 variatum
1423 1245 1485 1279 quis
1513 1244 1707 1272 vestimentum

966 1301 975 1316 1
998 1282 1137 1318 habebati
1165 1296 1253 1324 neque
1279 1290 1305 1316 in
1331 1290 1554 1317 vestimentorum
1594 1289 1709 1317 ﬁmbriis

965 1346 975 1362 1
997 1336 1105 1370 adjecta
1121 1339 1200 1362 erant
1217 1335 1299 1363 alieni
1327 1335 1428 1363 coloris
1447 1336 1646 1362 additamenta.
1671 1335 1708 1363 Ex

964 1392 974 1408 1
992 1382 1085 1409 divina
1111 1383 1184 1409 enim
1216 1382 1309 1418 lingua
1334 1382 1483 1409 audierunt
1505 1382 1589 1416 quod,
1623 1392 1632 1408 1
1655 1381 1707 1415 Qui

967 1437 977 1454 1
994 1428 1123 1455 mollibus
1138 1428 1302 1461 Vesliuntur.
1320 1429 1346 1455 in
1361 1428 1466 1455 aedibus
1483 1435 1576 1462 regum
1590 1428 1707 1455 sunt".i
1739 1442 1741 1445 ι

962 1473 1059 1509 BALS.
1079 1472 1147 1500 Cum
1163 1472 1338 1500 lconomacbi
1366 1480 1472 1500 omnem
1498 1473 1708 1501 ecclesiasticam

927 1520 1153 1548 constitutionem
1168 1523 1195 1546 et
1211 1519 1341 1554 pietatem
1358 1518 1386 1546 in
1403 1519 1591 1547 confusionem
1612 1523 1640 1546 et
1655 1519 1709 1546 im-

887 1584 910 1614 c
927 1568 1055 1602 pietatem
1069 1570 1236 1597 mutassent,
1250 1569 1345 1600 utpote
1372 1565 1480 1593 clericis
1507 1569 1535 1592 et
1558 1566 1707 1600 episcopis,

930 1614 976 1648 qui
990 1612 1024 1640 ad
1039 1619 1088 1639 eos
1104 1610 1282 1644 accedebant,
1299 1610 1381 1645 impie
1396 1615 1424 1637 et
1439 1614 1542 1638 temere
1566 1611 1647 1638 vitam
1667 1611 1709 1638 in-

928 1659 1041 1687 stituere
1058 1657 1211 1693 permissis,
1239 1662 1270 1684 ut
1291 1664 1386 1684 eorum
1410 1657 1544 1684 voluntati
1575 1657 1711 1691 obsequo-

927 1698 1042 1737 renmr;
1060 1709 1089 1732 et
1103 1704 1165 1731 ideo
1193 1703 1364 1731 sacerdotale
1386 1710 1495 1738 quoque
1520 1702 1709 1731 indumentum

928 1752 962 1779 ad
979 1752 1006 1779 id
1021 1751 1094 1786 quod
1110 1751 1172 1785 plus
1195 1749 1277 1777 babet
1295 1749 1378 1777 luxus
1401 1753 1428 1777 et
1453 1752 1566 1776 ornatus
1580 1753 1711 1777 mutatum

927 1804 1000 1826 esset
1016 1807 1023 1826 τ
1038 1800 1194 1825 statuerunt
1221 1796 1307 1824 divini
1331 1797 1438 1829 Patres,
1452 1803 1500 1823 eos
1519 1795 1671 1831 puniriqui
1683 1804 1713 1823 so

927 1843 1070 1879 splendida
1091 1848 1170 1871 veste
1182 1846 1330 1873 exornant.
1348 1847 1376 1869 et
1394 1845 1456 1876 post
1465 1841 1710 1870 ’denuntiationem

928 1897 983 1917 non
1003 1890 1191 1924 corriguntur,
1208 1893 1236 1916 et
1258 1888 1384 1916 similiter
1409 1887 1500 1925 puniri
1517 1895 1565 1915 cos
1586 1888 1632 1922 qui
1659 1896 1710 1915 tm-

928 1936 1038 1972 guentis
1052 1935 1166 1963 delibuti
1180 1938 1258 1962 sunt.
1277 1934 1412 1967 Quoniam
1432 1938 1523 1961 autem
1544 1933 1570 1961 bi
1584 1938 1712 1968 praeteri-:1

931 1981 1051 2009 hzeretici
1069 1981 1219 2008 irridebant
1233 1987 1292 2011 eos.
1309 1979 1355 2014 qui
1379 1979 1424 2014 pie
1449 1982 1476 2006 et
1496 1979 1611 2006 honeste
1636 1979 1711 2006 viw-

929 2029 1008 2059 bant,
1023 2033 1052 2055 et
1067 2026 1211 2054 vilioribus
1231 2025 1381 2054 utebantur
1395 2025 1516 2052 vestibus
1530 2029 1640 2060 propter
1661 2025 1713 2052 hu-

930 2074 1074 2101 militatem
1092 2081 1100 2100 :
1115 2075 1273 2100 statuerunt
1293 2070 1381 2098 sancti
1406 2069 1502 2098 Patres
1523 2077 1583 2101 eos,
1598 2069 1644 2104 qui
1661 2071 1715 2097 tale
1746 2079 1750 2086 ι

930 2119 995 2155 quid
1013 2118 1127 2151 faciunt,
1142 2125 1191 2153 per
1206 2124 1303 2152 poenas
1315 2115 1429 2150 corrigi.
1450 2115 1613 2143 Sacerdotes
1629 2115 1714 2147 enim,

930 2165 1070 2200 inquiunt,
1085 2170 1194 2198 semper
1208 2162 1272 2189 olim
1298 2161 1419 2188 modeste
1446 2165 1474 2188 et
1500 2160 1615 2187 honeste
1632 2159 1714 2188 vitam

930 2213 1111 2241 instituebant
1136 2208 1181 2245 (et'
1202 2209 1414 2244 splendidiorem
1444 2212 1558 2239 vestem,
1577 2215 1638 2241 quae
1661 2216 1714 2234 non

93 2253 145 2287 γῆς
164 2250 350 2277 ἐπολιτεύοντο
368 2249 428 2286 (καὶ
438 2249 484 2276 τὸν
506 2248 544 2283 μὴ
554 2249 598 2275 διὰ
612 2248 705 2283 χρείαν
718 2248 766 2275 τοῦ
784 2248 874 2283 σώμα-

946 2263 1042 2294 ropter
1057 2265 1135 2285 usum
1152 2256 1276 2290 corporis
1290 2255 1419 2290 sumitur,
1432 2254 1643 2281 ostentationem
1658 2254 1717 2280 sive

93 2306 141 2329 τος
169 2297 359 2332 λαμπρότερον
398 2295 546 2331 ἱματισμὸν
574 2294 759 2330 περπερείαν,
794 2295 878 2329 ἤγουν

95 2340 238 2379 βλακείαν,
258 2342 398 2377 ὠνόμαζεν
423 2343 436 2368 ὁ
460 2342 547 2376 μέγας
567 2340 729 2373 Βασίλειος),
743 2340 800 2367 ἀλλ’
820 2340 879 2368 οὑδὲ

94 2391 198 2424 suos—.1
222 2389 352 2424 σηρικὴνι
370 2388 452 2424 ἤγουν
477 2387 627 2422 μεταξατὴν
654 2387 749 2421 (σῆρες
774 2387 830 2422 γὰρ
855 2388 880 2413 oi.

97 2433 269 2471 σκώληκες),
287 2434 440 2461 ἐνεδέὁυντο
467 2433 601 2468 ίερατικοὶ
616 2431 725 2467 ἄνδρες,
737 2431 800 2459 οὔτε
820 2433 880 2459 τινὰ

96 2484 242 2523 ἑτερόχροα
262 2481 437 2515 ὲπιὸλὴματα
457 2480 653 2515 προσετίθεσαν
666 2479 695 2505 ἐν
709 2480 764 2510 τοῖς
785 2479 880 2513 ἄκροις

95 2531 150 2555 τῶν
166 2528 281 2562 ἱματίων
294 2526 396 2557 αὐτῶν,
424 2525 509 2560 ῆγουν
531 2524 667 2559 μαργέλια
682 2531 689 2539 ·
711 2524 760 2550 καὶ
781 2523 878 2558 ἑφεξῆς

96 2568 256 2609 ἐπιφέρουσι
279 2573 310 2598 τὸ
330 2570 509 2606 εὐαγγελιχὺν
537 2570 630 2605 ῥητόν.
663 2569 814 2603 ’Λνάγνωθι
832 2569 879 2595 καὶ

96 2623 144 2648 τὴν
173 2619 213 2652 κζ’
239 2619 338 2645 κανόνα
369 2616 417 2652 τῆς
439 2620 466 2648 ς’
500 2616 618 2643 συνόδου.
641 2616 817 2649 Λίτιωμένων
848 2615 877 2641 δὲ

97 2669 152 2695 τῶν
169 2663 443 2701 λαμπρειμονούντων
463 2662 602 2698 κληρικῶν
617 2662 660 2688 διὰ
673 2663 789 2696 ἱματίων
804 2661 880 2696 λεγο-

99 2715 188 2750 μένων
204 2712 339 2746 ὲξαμίτων
354 2712 467 2745 ἐχόντων
487 2710 517 2735 οὐ
535 2709 615 2743 μόνον
640 2709 788 2743 ἑτερόχροα
802 2707 877 2734 ἀντί-

100 2770 181 2792 mw,
196 2760 263 2786 ἀλλὰ
280 2759 323 2786 καὶ
338 2758 523 2794 χρυσόπαστα,
536 2758 604 2792 πρῦς
621 2756 648 2782 δὲ
664 2757 708 2783 καὶ
724 2756 879 2791 γράμματα

102 2807 232 2840 πολυτελῆ
249 2807 348 2842 χρυσᾶ.
364 2803 440 2831 εἷπον
454 2812 525 2834 τινες
539 2805 584 2830 τὸν
600 2803 699 2829 κανόνα
716 2802 880 2844 ὲκξωνηθῖμ

101 2863 142 2881 ναι
159 2853 202 2879 διὰ
215 2854 263 2886 τὴν
280 2852 339 2878 τότε
359 2850 442 2878 οὖσαν
459 2850 572 2882 ἀταξίαν
591 2850 630 2880 εἰς
646 2849 696 2880 τὰς
719 2850 879 2883 ἐκκλησίας,

136 2900 156 2915 ιτ
170 2899 266 2926 Matth.
284 2906 323 2930 ιι,
345 2898 372 2924 8.
581 2924 588 2936 Ι
704 2932 707 2936 ί

258 2947 393 2977 ΡΑτιιοι.
417 2945 475 2975 Gn.
490 2942 676 2976 CXXXVII.

929 2307 1024 2333 iuxtim
1041 2311 1159 2339 magnus
1171 2302 1277 2330 vocavit
1294 2301 1438 2334 Basilius),
1452 2300 1499 2328 sed
1520 2307 1609 2334 neque
1627 2300 1713 2326 serica

932 2355 1018 2382 veste,
1033 2354 1167 2376 metaxata
1184 2348 1292 2375 scilicrt
1307 2347 1393 2382 (seres
1418 2347 1489 2373 enim
1512 2353 1619 2373 vermes
1640 2344 1715 2379 sunt)

931 2395 1118 2422 induebamur
1137 2393 1189 2420 viri
1205 2392 1402 2424 sacerdotalcs,
1419 2387 1509 2426 neque
1533 2391 1586 2417 alia
1614 2391 1714 2417 diversi

934 2441 1035 2468 coloris
1049 2440 1239 2467 additamenta
1255 2439 1372 2466 vestium
1391 2437 1513 2472 ipsarum
1527 2436 1644 2463 ﬁmbriis
1667 2436 1714 2462 ad-

928 2488 1072 2523 jiciebant,
1094 2487 1198 2514 scilicet
1211 2485 1328 2518 limbos;
1342 2489 1370 2512 et
1383 2483 1482 2511 deinde
1506 2483 1609 2510 dictum
1633 2489 1716 2508 cvan-

931 2534 1050 2568 gelicum
1071 2532 1214 2568 adjiciunt.
1237 2531 1310 2565 Lege
1328 2534 1364 2569 ‘et
1393 2537 1525 2556 canonetn
1549 2528 1594 2561 27,
1617 2527 1713 2562 syntnli

929 2584 1024 2610 sextze,
1039 2579 1108 2606 Cum
1142 2584 1233 2605 autem
1259 2581 1457 2604 accusarentur
1484 2575 1594 2609 quidem
1624 2573 1714 2599 clerici

932 2625 1075 2662 splendide
1091 2625 1192 2657 induti,
1207 2625 1253 2659 qui
1271 2628 1363 2650 vestes
1380 2622 1508 2650 samittos
1523 2621 1610 2647 dictas
1623 2625 1714 2652 gesta-

932 2674 1009 2704 bant,
1026 2680 1087 2707 qum
1103 2679 1156 2699 non
1176 2672 1264 2698 solum
1293 2669 1395 2696 diversi
1423 2667 1522 2695 coloris
1546 2671 1716 2700 antepannas

931 2727 979 2746 seu
994 2718 1118 2745 limbrias
1135 2716 1291 2748 ‘babebant,
1319 2715 1366 2742 sed
1387 2715 1467 2740 etiam
1499 2719 1567 2738 auro
1599 2711 1714 2740 intexta.

933 2767 1183 2798 prietercaautem,
1216 2767 1242 2787 et
1270 2764 1443 2795 sumptuosas
1471 2763 1569 2783 aureas
1592 2756 1714 2786 litteras;

932 2810 1058 2837 dicebant
1073 2808 1183 2843 quidam
1197 2827 1204 2838 ,
1226 2805 1329 2833 editum
1357 2811 1419 2830 esse
1443 2810 1578 2828 canonem
1606 2805 1716 2836 propter

936 2866 996 2886 cant
1027 2864 1087 2892 qua!
1104 2861 1167 2882 tunc
1183 2858 1242 2880 erat
1262 2853 1289 2879 in
1307 2850 1440 2882 ccclesiis,
1458 2857 1548 2876 rerum
1574 2847 1716 2876 confusio-

1528 2931 1562 2963 31
