1933 3112
188 127 242 159 901

821 131 961 163 THEOD.
982 131 1183 163 BALSAMON

1758 137 1817 166 992

227 195 239 210 ιι
260 186 370 220 gularcs
388 184 505 213 feminas
519 185 691 217 deferuntur.
707 192 783 216 extra
797 194 903 224 portam
916 190 973 216 hac

1064 198 1073 214 ι
1093 188 1216 224 ἀνδρείου
1245 188 1347 223 μέρους
1371 189 1440 224 πρὸς
1462 188 1512 221 τὰς
1535 189 1683 221 κανονικὰις
1709 191 1817 221 ἀποκο-

228 241 239 256 ‹
259 231 376 266 accipiat
403 231 562 259 monasterii
586 233 728 262 muliebris
752 235 889 270 praefecto,
909 243 971 264 cum

168 311 171 314 _
225 287 234 303 ι
255 278 344 312 aliqua
364 285 417 304 anu
438 279 580 307 monacha.
597 279 626 308 Si
640 285 731 309 autem
745 281 854 310 eveniat
871 286 901 309 ut
922 283 973 310 ali-

168 323 172 359 ;
231 335 238 347 ι
261 331 343 358 quam
384 324 449 352 velit
474 330 618 360 cognatam
648 327 800 354 monachus
826 328 972 362 aspicere,

233 380 241 394 ι
262 374 396 403 praesente
411 369 539 404 pnefccta
553 379 616 399 cum
639 379 670 399 ea
690 373 862 408 colloquatur
875 374 974 409 exiguo

234 428 243 441 ι
262 421 289 443 ct
307 416 381 443 brevi
397 424 534 450 sermone,
555 421 583 446 et
598 425 660 446 mox
677 419 711 447 ab
725 427 757 447 ea
771 420 894 447 recedat.
907 429 917 447 ι
961 422 963 426 '

230 552 326 584 BALS.
343 552 372 580 In
387 553 476 588 primo
495 553 607 588 quidem
633 561 694 587 cap.
710 553 743 580 l2
769 553 809 580 tit.
832 559 975 588 prtesenus

192 601 285 635 operis
304 601 419 628 diversae
434 601 507 636 leges
523 601 557 628 de
572 601 745 633 monasteriis
765 601 873 628 traditae
887 606 952 628 sunt
967 610 974 629 :

197 654 318 680 prmseus
335 651 423 674 autem
443 653 529 673 canon
546 646 684 679 contituit,
701 654 754 674 non
774 655 835 674 esse
853 647 976 674 facienda

193 693 313 727 duplicia
332 693 509 726 menastcria,
529 701 562 720 ne
578 693 656 720 multi
683 701 718 721 ex
740 701 773 722 eo
791 694 974 722 oll'endantur.

191 739 334 774 Tanquam
354 746 444 767 autem
466 740 566 767 dixerit
592 740 741 775 quispiam.
768 741 819 769 hoc
839 749 900 769 esse
925 742 976 769 ho-

192 792 301 814 nestum
317 787 417 821 etjure
440 787 651 819 admittendum,
670 787 890 824 quandoquidem
903 796 977 823 quae-

192 832 256 859 dam
271 833 392 868 suspicio
408 833 536 861 inciderit
552 838 663 869 propter
684 841 815 869 personas
837 842 890 862 non
903 835 972 862 satis

195 879 292 907 firmas
309 883 336 907 et
352 879 477 913 stabiles,
495 880 530 914 (si
557 880 628 908 enim
657 887 672 907 a
699 881 856 916 suspicione
881 881 973 913 alieni,

200 926 310 961 cognati
329 926 444 954 fortasse
458 927 500 954 vel
518 926 616 954 fratres
636 927 677 955 vel
693 927 739 955 alii
757 927 904 961 ejusmodi.
927 935 976 955 ve-

195 973 248 1000 lint
274 981 334 1001 esse
362 973 501 1005 monachi,
519 981 570 1001 cur
597 981 651 1002 non
665 974 706 1001 eis
722 973 815 1002 licebit
829 974 858 1002 in
873 974 975 1009 duplici

196 1020 363 1046 monasterio
389 1019 554 1055 habitare?)
585 1019 681 1047 dicunt
711 1021 818 1051 Patres,
844 1021 917 1054 quod
942 1029 977 1061 ne

193 1071 261 1093 tunc
286 1065 395 1101 quidem
425 1067 663 1105 cognatos‘simul
689 1066 814 1095 habitare
841 1071 974 1102 oporteat,

195 1121 229 1141 ne
249 1113 334 1148 aliqui
351 1121 385 1140 ex
402 1120 434 1141 eo
446 1113 640 1142 offendantur:
666 1114 714 1142 sed
740 1114 783 1143 vir
810 1115 919 1148 quidem
949 1115 975 1142 in

194 1161 316 1188 virorum
348 1161 715 1195 proprium‘monasterium
749 1163 846 1194 abeat,
879 1162 976 1189 mulier

194 1212 285 1234 autem
305 1207 332 1233 in
347 1206 502 1233 mulierum.
525 1205 571 1233 Sic
597 1207 670 1234 enim
698 1207 819 1235 viventes
844 1208 974 1242 separati.

195 1253 250 1280 Deo
263 1253 369 1288 accepti
397 1253 529 1281 servient.
555 1253 622 1286 Quae
648 1254 723 1288 prius
748 1259 839 1281 autem
869 1254 976 1282 fuerant

193 1299 313 1334 duplicia
333 1299 503 1326 monasteria
524 1307 556 1326 ex
577 1299 691 1327 decreto
721 1303 749 1327 et
779 1300 976 1328 constitutione

194 1345 285 1379 magni
306 1345 395 1373 Patris
422 1345 517 1372 Basilii
542 1345 728 1373 administrari
749 1346 903 1380 jusserunt,
922 1347 976 1374 sci-

193 1391 257 1418 licet
271 1394 301 1417 ut
317 1398 371 1418 non
387 1395 596 1424 converseotnr,
613 1391 664 1418 hoc
676 1397 728 1424 est,
746 1399 800 1419 non
816 1392 974 1419 cohabitelt

193 1437 243 1464 viri
275 1442 302 1464 et
339 1437 467 1465 mulieres
502 1437 529 1464 in
563 1445 617 1464 uno
643 1437 823 1470 monasterio;
845 1437 973 1471 quoniam

193 1482 318 1509 adulterii
348 1483 467 1517 suspicio
497 1482 586 1510 oritur
615 1491 647 1510 ex
677 1483 891 1511 cohahitatione.
920 1484 972 1511 Sed

193 1535 282 1563 neque
297 1528 449 1556 monachus
467 1533 628 1562 potestatem
650 1529 748 1556 habeat
763 1537 823 1556 cum
839 1529 971 1556 monacha
988 1539 1010 1568 α

193 1581 316 1601 seorsum
336 1573 546 1607 confabulandi,
560 1574 601 1601 vel
621 1574 792 1606 comedendi,
810 1575 851 1601 vel
867 1574 893 1602 in
912 1583 973 1602 mu-

195 1619 272 1646 liebri
306 1620 472 1647 monasterio
512 1621 708 1655 pernoctandi;
745 1620 973 1654 quemadmodum

195 1675 245 1695 nec
260 1672 366 1695 contra.
384 1667 450 1699 Qua
478 1672 567 1694 autem
597 1671 660 1693 sunt
689 1667 852 1695 monialibus
875 1668 908 1694 ad
933 1668 976 1695 vi-

193 1719 266 1740 ctum
288 1713 455 1744 necessaria,
483 1720 498 1740 a
518 1713 584 1740 viris
609 1713 793 1748 recipiantur,
822 1721 874 1741 non
902 1714 973 1741 intra

194 1759 404 1789 monasterium.
421 1758 468 1786 sed
487 1762 564 1786 extra
580 1763 686 1794 portam
705 1758 773 1791 eius,
791 1766 838 1792 per
863 1767 972 1786 manum

194 1805 352 1832 monasterii
379 1804 513 1839 prmfectze
537 1803 564 1832 et
589 1812 658 1832 anus
682 1805 832 1832 monachae.
860 1805 887 1832 Si
912 1806 974 1840 quis

194 1857 283 1879 autem
300 1851 449 1878 monachus
472 1850 537 1878 velit
555 1850 714 1877 monacham
738 1856 881 1885 cognatam
895 1859 973 1879 suam

191 1896 327 1932 aspicere,
345 1904 378 1924 ne
391 1896 472 1924 liceat
498 1897 522 1924 ei
537 1903 662 1924 seorsum
679 1905 741 1923 cum
765 1905 797 1924 ea
827 1904 971 1925 sermones

193 1943 340 1972 conferre:
360 1943 406 1970 sed
425 1943 452 1969 in
470 1943 616 1977 praesentia
641 1942 775 1976 praefectis:
801 1944 972 1976 monasterii,

192 1993 219 2017 et
245 1989 371 2024 protinus
393 1989 532 2015 recedere.
553 1987 657 2014 Nomen
677 1993 767 2015 autem
791 1987 890 2020 δίαιτα,
907 1997 973 2023 non,

193 2040 223 2063 ut
239 2035 310 2070 apud
339 2034 545 2070 grammaticos.
565 2041 615 2069 pro
631 2035 767 2068 convivio,
791 2036 838 2062 sed
861 2043 908 2070 pro
924 2036 973 2062 ha-

191 2081 325 2109 bitatiOne
354 2082 505 2115 accipitur:
533 2081 623 2108 δίαιτα
648 2081 720 2108 enim
745 2082 816 2116 apud
836 2082 974 2116 iuriscon-

192 2128 280 2155 sultos
304 2132 346 2155 est
365 2127 567 2155 habitaculum.
584 2126 707 2162 Duplicia
727 2132 819 2155 autem
835 2133 974 2156 monaste-

193 2182 231 2201 ria
261 2174 318 2201 diri
349 2173 472 2201 nonnulli
506 2173 687 2206 alIirmabant,
724 2182 778 2201 non
805 2182 865 2209 qua:
891 2175 972 2202 simul

192 2219 293 2246 habent
308 2219 382 2246 viros
401 2223 428 2246 et
442 2219 577 2251 feminas,
598 2220 643 2246 sed
661 2227 722 2254 qua
750 2207 835 2254 prope
856 2224 883 2247 et
906 2227 973 2247 con-
988 2207 1011 2236 υ

188 2265 284 2299 juncte
300 2264 431 2292 aediﬁcata
443 2269 518 2297 sunt,
531 2270 702 2300 et-tanquam
716 2273 800 2293 unum
812 2270 973 2300 reputantur

192 2316 301 2346 propter
316 2311 428 2338 multam
447 2312 586 2339 unionem.
603 2311 656 2339 Sed
670 2319 703 2339 ex
724 2311 776 2338 hoc
798 2316 903 2339 eanoue
923 2319 972 2346 ap-

192 2361 280 2392 paret.
297 2365 350 2384 non
363 2357 416 2385 dici
434 2361 577 2392 propterea
591 2350 707 2392 duplicia
722 2357 888 2385 monasteria
900 2377 909 2389 ,
923 2357 972 2385 sed

191 2403 265 2438 quod
295 2403 321 2430 in
350 2410 404 2430 uno
443 2403 594 2438 eodemque
622 2402 791 2430 monasterio
820 2402 972 2430 habitarent

192 2449 340 2484 aliquando
355 2469 362 2482 ,
387 2453 417 2477 ut
445 2453 487 2478 est
515 2449 684 2482 verisimile.
709 2449 759 2476 viri
785 2453 812 2477 et
833 2449 971 2477 mulieres.

190 2495 339 2524 Constituit
355 2496 441 2528 enim.
455 2502 486 2524 ut
497 2496 603 2532 cognati
628 2496 738 2529 abeant,
759 2495 798 2523 illi
820 2495 928 2531 quidem
945 2495 972 2523 in

193 2542 325 2573 virorum.
349 2541 390 2570 hae
405 2550 470 2574 vero
494 2542 520 2569 in
546 2541 689 2569 mulierum
710 2542 894 2575 monasteria;
913 2546 972 2569 tan-

191 2593 273 2621 quam
290 2591 364 2614 esset
381 2587 516 2620 prohibita
533 2586 559 2613 in
574 2593 629 2614 uno
643 2590 670 2614 et
685 2586 782 2614 eodem
805 2587 867 2614 loco
878 2594 971 2614 eorum

192 2632 338 2660 habitatio.
363 2632 496 2660 Similiter
518 2633 597 2667 jubet
621 2640 656 2660 ne
685 2638 897 2665 conversentur,
921 2634 972 2659 hoc

191 2684 244 2709 est.
260 2686 294 2705 ne
310 2678 337 2705 iu
353 2686 407 2705 uno
427 2678 596 2705 monasterio
623 2678 780 2705 cohabitent
793 2678 842 2704 viri
862 2682 888 2705 et
910 2685 972 2704 nnt-

192 2725 285 2752 lieres.
314 2724 384 2760 Lege
407 2729 435 2751 et
465 2729 551 2751 totqu
581 2725 697 2759 primum
720 2725 763 2751 tit.
790 2732 817 2751 Iv
840 2724 902 2754 lib.,
923 2724 971 2758 qui

194 2770 328 2804 ejusmodi
346 2771 429 2798 multa
447 2770 526 2798 docet
545 2775 572 2798 et
582 2772 691 2803 statuit,
708 2774 738 2798 ut
763 2777 851 2805 neque
877 2777 972 2797 mona-

196 2815 264 2841 chus
280 2823 329 2842 nec
343 2817 430 2845 laicus
445 2817 577 2845 muliebre
592 2818 786 2845 monasterium
804 2817 972 2852 ingrediatur

199 2867 388 2896 quamcunque
418 2864 452 2891 oh
481 2872 612 2891 causam:
631 2870 658 2892 ct
681 2864 773 2892 deﬁnit
801 2864 833 2891 dc
862 2864 906 2896 iis,
927 2864 973 2899 qui

1066 242 1076 260 ι
1096 234 1232 267 μίζονται,
1247 234 1346 268 ἔξωθεν
1358 235 1409 269 τῆς
1428 231 1517 271 πύληέ
1542 236 1630 263 ταῦτα
1646 236 1816 272 λαμϐανέτω

1064 290 1073 306 ι
1092 281 1109 315 ἠ
1126 280 1264 316 ἡγουμένη
1280 281 1326 308 τοῦ
1339 283 1498 316 γυναικείου
1518 283 1712 318 μοναστηρίου,
1741 286 1814 319 μετὰ

1064 335 1073 353 ι
1092 328 1177 362 γραός
1195 336 1268 360 τινος
1281 330 1447 365 μοναστρίας
1457 338 1464 345 ·
1487 331 1512 357 ει
1532 331 1560 357 δὲ
1571 331 1674 367 συμϐῇ,
1686 332 1732 358 καὶ
1745 341 1816 366 συγ-

1061 381 1070 397 ι
1088 373 1152 407 γενῆ
1168 381 1228 399 τινα
1249 373 1320 400 θέλει
1339 374 1514 401 θεάσασθαιδ
1530 377 1657 412 μοναχδς⁹
1675 377 1722 403 ἐπὶ
1739 386 1815 413 ειτιρ⁴

1065 427 1073 444 ι
1094 419 1172 455 ουσία
1196 421 1246 453 τῆς
1271 421 1430 457 ἡγουμένης
1445 421 1530 458 ταύτῃ
1553 423 1753 458 προσομιλείτω
1766 424 1815 451 διὰ

1066 474 1076 491 ‹
1098 466 1205 501 μικρῶν
1225 467 1272 494 καὶ
1288 467 1412 503 βραχέων
1431 468 1531 504 λόγων,
1549 469 1597 496 καὶ
1615 471 1756 506 συντόμως
1781 471 1814 504 ἐξ

1065 520 1074 537 ι
1094 511 1179 547 αὐτῆς
1195 512 1422 548 ἀπαναχωρείτω.
1441 524 1451 541 ι

1057 556 1155 584 ΒᾹΛΣ.
1175 558 1218 584 Ἐν
1246 559 1294 592 μὲν
1310 559 1348 594 τῷ
1365 563 1388 587 α’
1405 561 1502 594 κεφαλ.
1518 561 1566 588 τοῦ
1591 561 1624 596 ιβ’
1658 562 1748 590 τίτλου
1764 563 1815 590 τοῦ

1026 602 1160 638 παρόντος
1172 604 1361 640 συντάγματος
1392 607 1623 643 κατεστρώθησαν
1641 609 1756 644 διάφορα
1770 609 1816 636 νό-

1027 658 1098 684 μιμα
1117 652 1197 686 χάριν
1226 651 1280 678 τῶν
1306 654 1497 688 μοναστηρίων
1509 663 1516 670 ·
1532 655 1546 682 ὁ
1559 655 1588 682 δὲ
1605 656 1701 691 παρὼν
1719 658 1815 684 κανὼν

1024 694 1170 730 διορίζεται
1197 696 1235 731 μὴ
1257 697 1381 731 γίνεσθαι
1407 700 1490 727 διπλᾶ
1514 703 1695 737 μοναστήρια,
1713 703 1758 730 διὰ
1781 704 1815 731 τὸ

1027 740 1065 775 μὴ
1088 741 1359 774 σκανδαλίζεσθαιέκ
1377 745 1474 772 τούτου
1487 746 1551 778 τοὺς
1567 747 1692 780 πολλούς.
1711 748 1756 780 Ὧς
1781 749 1814 776 δέ

1024 794 1097 818 τινος
1114 783 1237 820 εἰπόντος
1251 789 1333 816 καλὸν
1355 788 1424 817 εἶναι
1441 792 1487 818 καὶ
1502 793 1707 828 εὐπαράδεκτον
1718 795 1810 827 τοῦτο,

1025 830 1090 857 ὅταν
1104 831 1206 877 ὑποψία
1225 842 1267 865 τις
1286 834 1421 872 ὑποτρέχῃ
1435 837 1481 863 διὰ
1502 837 1536 864 τὰ
1549 839 1703 874 ἀστήρικτα
1724 842 1813 877 πρόσ-

1025 885 1087 902 ωπα
1097 895 1106 910 ,
1119 876 1153 911 (εί
1169 875 1222 913 γὰῐρ
1243 879 1403 912 ἀνύποπτοι,
1430 885 1573 917 συγγενεῖς
1585 885 1678 919 τυχὸν,
1700 875 1814 920 ἀδελφοὶ

1026 921 1146 958 ῆὲτεροι
1173 925 1297 958 τοιοῦτοι,
1323 926 1466 962 θελήσουσι
1496 929 1634 964 μονάσαι,
1663 931 1706 958 ῐνα
1728 932 1754 959 τί
1780 933 1814 960 οὗ

1027 969 1314 1005 παραχωρηθήσονται
1339 973 1380 1005 είς
1395 974 1505 1001 διπλοῦν
1520 978 1659 1003 κατοικεῖν
1673 980 1814 1013 μοναστή-

1027 1024 1085 1050 ριον
1096 1015 1115 1049 ;)
1151 1018 1232 1050 φασὶν
1247 1019 1272 1044 οἱ
1287 1019 1408 1054 Πατέρες
1433 1020 1472 1052 ὡς
1488 1021 1548 1048 οὐδὲ
1564 1022 1717 1058 τηνικαῦτα
1748 1026 1814 1057 τοὺς

1027 1063 1171 1096 συγγενεῖς
1184 1063 1243 1090 δέον
1267 1064 1328 1091 ἐστὶ
1354 1068 1500 1098 συνοικεῖν.
1526 1067 1571 1095 ἵνα
1601 1070 1639 1105 μὴ
1659 1071 1693 1097 εκ
1713 1071 1814 1098 τούτου

1026 1108 1222 1142 προσκόπτωσί
1233 1118 1322 1141 τινες·
1350 1111 1409 1138 ἀλλ’
1430 1113 1445 1139 ὀ
1470 1112 1520 1148 μὲν
1543 1115 1614 1150 ἀνὴρ
1644 1116 1744 1144 ἁνιέτω
1771 1119 1815 1150 εις

1025 1153 1129 1188 ἀνδρῶν
1152 1156 1334 1191 μοναστήριον
1361 1157 1521 1186 ῑδιαίτατον·
1539 1160 1602 1195 illd!
1622 1161 1691 1196 γυνὴ
1705 1163 1747 1194 είς
1761 1171 1811 1197 γυ-

1026 1201 1154 1228 ναικεῖον.
1171 1200 1251 1228 Οὕτω
1271 1203 1325 1238 γὰρ
1348 1203 1451 1236 ζῶντες
1482 1208 1693 1242 κεχωρισμένοι,
1716 1209 1814 1244 εὐαρέ-

1027 1254 1098 1277 στως
1115 1247 1289 1275 δουλεύσουσι
1302 1249 1342 1284 τῷ
1353 1250 1425 1286 Θεῷ.
1446 1251 1487 1277 Τὰ
1503 1253 1596 1287 μέντοι
1625 1256 1812 1289 προγεγονότα

1025 1291 1108 1318 διπλᾶ
1136 1294 1304 1328 μοναστήρια
1334 1297 1573 1329 παρεκελεύσαντο
1609 1299 1812 1333 πολιτεύεσθαι,

1026 1338 1098 1365 κατὰ
1118 1339 1164 1365 τὶν
1185 1341 1299 1375 ὁρισμὸν
1320 1343 1368 1368 καὶ
1388 1342 1437 1378 τὴν
1458 1343 1592 1378 διαταγὴν
1617 1345 1664 1372 τοῦ
1690 1346 1812 1380 μεγάλου

1026 1385 1133 1420 Πατρὸς
1147 1386 1299 1421 Βασιλείου,
1319 1387 1405 1423 ἤγουν
1423 1388 1462 1423 μὴ
1490 1390 1703 1423 συνδιαιτᾶσθαι,
1733 1401 1812 1419 τουτ-

1026 1431 1083 1458 έστι
1095 1433 1132 1467 μὴ
1149 1434 1281 1460 συνοικεῖν
1309 1434 1409 1467 ἄνδρας
1424 1435 1472 1462 κα)¹
1491 1437 1624 1470 γυναῖκας
1653 1439 1683 1464 ἐν
1699 1438 1740 1464 ἐνὶ
1762 1447 1812 1474 μο·

1028 1480 1184 1514 ναστηρίῳ·
1204 1480 1244 1506 ὅτι
1267 1480 1367 1515 ὑποψία
1394 1481 1452 1508 ἐστὶ
1472 1483 1595 1517 μοιχείας
1619 1483 1674 1510 ἀπὸ
1691 1485 1742 1518 τῆς
1763 1494 1811 1512 συ·

1024 1525 1186 1559 νοικήσεως.
1211 1525 1292 1552 Ἀλλὰ
1310 1527 1377 1560 μηδὲ
1399 1527 1516 1563 μοναχὸς
1531 1524 1617 1563 ἐχέτω
1636 1530 1728 1557 ἄδειαν
1740 1532 1810 1566 μετὰ

1028 1571 1148 1606 μοναχῆς
1162 1572 1224 1598 κατ’
1252 1571 1320 1598 ἰδίαν
1337 1574 1513 1608 προσομιλεῖν
1527 1574 1543 1609 ἢ
1561 1574 1721 1609 συνεσθίειν,
1748 1578 1764 1612 ἢ
1781 1578 1810 1603 ὲν

1024 1617 1172 1652 γυναικείῳ
1189 1620 1362 1655 μοναστηρίῳ
1375 1620 1614 1656 διανυκτερεύειν·
1628 1622 1724 1658 ὥσπερ
1747 1625 1808 1651 οὐδὲ

1024 1663 1054 1689 τὸ
1073 1663 1218 1692 ἀνάπαλιν.
1251 1664 1292 1691 Τὰ
1321 1665 1349 1691 δὲ
1374 1666 1512 1700 ἀναγκαῖα
1533 1662 1593 1699 ταῖς
1629 1670 1808 1703 μοναζούσιιις

1024 1709 1242 1744 ἀποκομίζεσθαι
1253 1711 1303 1738 ’διὰ
1331 1712 1446 1746 ἀνδρῶν,
1471 1714 1531 1749 οὐχὶ
1557 1715 1634 1747 ἐντὸς
1651 1716 1698 1741 τοῦ
1724 1726 1807 1749 μονα-

1025 1757 1148 1791 στηρίου,
1163 1756 1231 1783 ἀλλὰ
1248 1757 1326 1789 ἐκτὸς
1341 1758 1391 1792 τῆς
1419 1758 1508 1793 πύλης
1537 1759 1621 1786 αὑτοῦ
1648 1760 1692 1787 διὰ
1717 1764 1807 1798 χιιρδς

1023 1802 1180 1836 ἡγουμένης
1196 1803 1242 1829 καὶ
1260 1803 1424 1838 μοναστρίας
1436 1806 1528 1838 γραός.
1548 1806 1579 1832 Εἰ
1594 1806 1693 1841 δήποτέ
1706 1816 1750 1840 τις
1760 1818 1809 1843 μο-

1024 1847 1104 1882 ναχὺς
1118 1847 1227 1881 θελήσει
1243 1848 1392 1875 θεάσασθαι
1413 1850 1582 1884 μονάζουσαν
1608 1853 1726 1887 συγγενῆ
1756 1855 1808 1880 αὐ-

1023 1893 1081 1926 τοῦ,
1100 1893 1136 1928 μὴ
1161 1894 1378 1929 παραχωρείσθω
1398 1897 1456 1922 κατ’
1473 1896 1538 1922 ἰδίαν
1558 1897 1618 1930 μετ’
1642 1899 1726 1933 αὐτῆς
1741 1908 1807 1926 συν-

1024 1939 1108 1973 είρειν
1127 1939 1234 1972 λόγους,
1250 1940 1318 1967 ἀλλὰ
1345 1941 1415 1967 κατὰ
1431 1942 1583 1976 παρουσίαν
1594 1944 1643 1979 τῆς
1657 1945 1808 1980 ἡγουμένης

1024 1987 1069 2012 καὶ
1083 1986 1113 2012 εν
1130 1985 1255 2021 συντόμῳ
1269 1986 1429 2022 ἀναχωρεῖν.
1453 1989 1490 2014 Τὸ
1512 1989 1600 2024 ὄνομα
1619 1990 1648 2017 δὲ
1669 1991 1718 2026 τῆς
1737 1991 1808 2018 διαί-

1023 2031 1145 2068 τηςιοῦκ
1181 2032 1382 2066 ὲκλαμὸάνεται
1414 2034 1455 2065 εἰς
1484 2035 1620 2070 εὐωχίαν,
1646 2037 1718 2063 κατὰ
1743 2038 1807 2070 τοὺς

1024 2079 1244 2113 γραμματικοὺς,
1270 2079 1327 2106 ἀλλ’
1356 2080 1396 2111 εἰς
1432 2081 1609 2117 κατοίκησινν
1632 2082 1723 2110 δίαιτα
1752 2084 1807 2120 γὰρ

1024 2124 1100 2160 παρὰ
1116 2125 1172 2156 τοῖς
1195 2127 1316 2160 νομικοῖς
1334 2126 1350 2160 ἡ
1369 2127 1497 2154 κατοικία
1519 2128 1589 2155 ἐστί.
1608 2129 1696 2155 Διπλᾶ
1713 2130 1742 2156 δὲ
1759 2139 1808 2163 μο-

1024 2171 1158 2205 ναστήρια
1183 2168 1261 2198 εἶπόν
1275 2180 1348 2203 τινες
1376 2172 1504 2206 λέγεσθαι
1527 2174 1558 2200 οὐ
1588 2174 1623 2201 τὰ
1651 2175 1749 2210 ἔχοντα
1778 2177 1807 2203 ὲν

1024 2216 1116 2251 ταυτῷ
1130 2217 1176 2244 καὶ
1190 2217 1290 2253 ἄνδρας
1304 2218 1352 2245 καὶ
1377 2219 1519 2252 γυναῖκας.
1539 2220 1607 2248 ἀλλὰ
1632 2221 1666 2248 τὰ
1693 2221 1808 2256 πλησίον

1024 2263 1075 2289 καὶ
1091 2263 1238 2298 ἠνωμὲνως
1254 2265 1406 2297 κτισθέντα,
1422 2265 1470 2292 καὶ
1480 2265 1642 2301 λογιζόμενα
1660 2267 1690 2293 ἐν
1703 2269 1807 2295 ὡσανεὶ

1022 2308 1065 2336 διὰ
1091 2309 1140 2345 τὴν
1180 2309 1281 2345 πολλὴν
1314 2311 1437 2345 ἑνότητα.
1477 2312 1544 2339 Ἀπὸ
1564 2313 1593 2339 δὲ
1616 2313 1663 2340 τοῦ
1694 2315 1807 2347 κανόνος

1022 2356 1201 2390 ἀναφαίνεται
1216 2356 1253 2392 μὴ
1269 2356 1395 2390 λέγεσθαι
1409 2357 1454 2384 διὰ
1471 2359 1549 2385 τοῦτο
1571 2359 1655 2386 διπλᾶ
1668 2362 1806 2396 μοναστή-

1025 2410 1081 2437 pta,
1099 2401 1166 2428 ἀλλὰ
1183 2402 1222 2428 ὅτι
1238 2403 1267 2428 ἐν
1281 2403 1321 2428 ἑνὶ
1334 2404 1380 2430 καὶ
1396 2403 1433 2438 τῷ
1450 2404 1524 2439 αὐτῷ
1552 2406 1725 2441 μοναστηρίιρ
1742 2414 1807 2434 κατ-

1023 2447 1111 2483 ῴκουν
1128 2447 1204 2478 ποτὲ,
1218 2447 1255 2478 ὡς
1284 2448 1490 2484 ἐοικεν,ᾶνδρες
1514 2450 1560 2476 καὶ
1582 2452 1721 2485 γυναῖκες.
1746 2453 1806 2479 Ato—

1024 2492 1129 2530 ρίζεται
1141 2492 1195 2527 γὰρ
1206 2493 1269 2523 τοὺς
1283 2495 1445 2529 προσγενεὴ
1461 2495 1628 2529 ἀφίστασθαι
1646 2497 1686 2528 εἰς
1696 2497 1805 2532 ἁνδρῷα

1024 2538 1071 2564 καὶ
1082 2538 1224 2572 γυναικεῖα
1238 2539 1419 2574 μοναστήρια,
1435 2539 1473 2570 ὡς
1499 2539 1583 2575 οὔσης
1610 2541 1805 2577 κεκωλυμένης

1022 2584 1073 2618 τῆς
1096 2584 1136 2614 εἰς
1160 2583 1224 2610 αὐτὸ
1251 2583 1297 2610 καὶ
1309 2583 1338 2610 ἓν
1363 2585 1503 2616 κατοικίας
1529 2585 1641 2615 τούτων,
1666 2587 1803 2618 Ὡσαύτως

1024 2623 1242 2665 παρακελεύεται
1259 2629 1296 2665 μὴ
1316 2630 1480 2662 διαιτᾶσθαι,
1507 2631 1632 2658 τουτέστι
1648 2633 1687 2668 μὴ
1708 2641 1804 2660 Δσυνοι-

1024 2679 1092 2708 κεῖν,
1125 2678 1154 2704 ἑν
1180 2677 1220 2703 ἐνὶ
1253 2677 1426 2712 μοναστηρίῳ
1460 2678 1560 2712 ἄνδρας
1585 2680 1632 2705 καὶ
1657 2681 1809 2712 γυναῖκας..

1029 2722 1177 2757 ’Ᾱνάγνωθι
1193 2723 1238 2750 καὶ
1250 2723 1295 2749 τὸν
1309 2723 1369 2749 ὅλον
1383 2723 1489 2759 πρῶτον
1511 2724 1600 2750 τίτλον
1625 2725 1671 2752 τοῦ
1707 2726 1728 2751 δ’
1763 2725 1803 2760 βι-

1023 2769 1109 2801 6λίου,
1127 2769 1287 2796 διδάσκοντα
1310 2770 1375 2804 περὶ
1398 2769 1528 2796 τοιούτων
1555 2770 1672 2803 πολλῶν,
1687 2771 1800 2806 διοριζό-

1025 2824 1105 2851 μενον
1134 2817 1201 2852 μήτε
1217 2816 1334 2851 μοναχὸν
1352 2815 1420 2850 μήτε
1440 2816 1533 2842 λαῐκὺν
1566 2817 1676 2843 εἰσιέναι
1693 2818 1733 2848 εὶς
1749 2827 1800 2852 γυ·

1024 2851 1142 2890 ναιικεῑον
1175 2859 1354 2897 μοναστήριον
1385 2861 1465 2896 χάριν
1497 2862 1662 2897 οἱασδήτινος
1690 2862 1796 2894 αἰτίας·
