1933 3112
125 2646 131 2663 Ι

144 169 195 198 993

625 168 665 198 1N
684 167 768 199 CAN.
782 145 852 198 XXI
871 168 974 198 couc.
995 167 1051 198 vn
1070 167 1245 198 (ECUMEN.

1709 169 1763 200 99ι

144 226 323 253 δεατυποῦντα
346 226 374 253 δὲ
395 226 441 252 καὶ
455 226 489 253 τὰ
506 225 570 260 ’περὶ⁸
584 225 637 251 τῶν
648 225 807 259 ὀφειλόντων
824 226 922 260 ίερουρ-

983 224 1081 252 debent
1105 225 1261 252 ministrare
1285 226 1311 252 in
1327 226 1503 254 muliebribus
1525 228 1707 261 monasteriis,
1733 233 1762 255 et

144 275 202 307 γεῖν
217 274 246 299 ὲν
260 274 320 303 ταῖς
335 274 504 306 γυναικείαις
525 273 619 306 μοναῖς
642 272 689 298 καὶ
719 272 753 298 τὰ
779 272 844 307 περὶ
867 266 927 297 ’τῶν

144 319 360 354 ἀποκρισιαρίων
378 318 467 346 αὐτῶν
482 320 529 345 καὶ
543 317 644 345 λοιπῶν
660 317 838 352 διακονητῶν.

180 365 301 402 ΖΩΝΔιζ.
321 364 427 392 Κωλὺει
440 365 454 391 ὁ
478 364 567 391 κανὼν
582 365 666 391 διπλᾶ
687 363 810 398 γίνεσθαι
842 373 927 400 μονα-

146 414 255 446 στήρια.
273 412 328 446 Οὖχ
342 410 410 446 ὁμοῦ
432 411 459 437 δὲ
482 412 578 446 διῆγον
591 413 648 442 τοῖς
664 412 812 446 μοναστατς
827 411 855 438 αἱ
878 420 927 446 μοι

144 457 316 488 νάζουσαιέν
330 458 386 489 τοῖς
402 457 536 488 τοιούτοις
562 457 773 493 μοναστηρίοιςξ*
800 457 858 493 ἀλλ’
881 457 928 492 ἔγ-

144 511 225 536 γιστα
242 502 383 537 κατῴκουν
395 502 518 538 ἀλλήλων
529 511 537 518 ·
555 503 626 529 ὥστε
646 503 692 530 καὶ
705 503 789 538 ἄμφω
803 503 927 538 ἀλλήλων

102 546 106 550 ⁷
144 549 262 577 ἀκούειν.
287 549 373 576 Τοῦτο
402 549 460 582 οὖν,
492 550 638 582 ὑποκνίξον
666 558 695 576 τε
717 551 758 582 είς
781 550 929 585 λογισμοὺς

143 593 288 627 ἐμπαθεῖς,
307 594 394 628 ἢ-καὶ
407 595 447 626 είς
461 595 496 622 τὰ
522 595 598 630 πάθη
623 595 704 626 αὐτὰ,
719 595 768 622 καὶ
788 597 829 628 είς
846 590 929 623 013v-

143 639 222 665 δαλον
235 639 264 665 δὲ
279 641 336 670 τοῖς
353 639 460 673 πολλοῖς
467 641 622 675 γινόμενον,
637 641 722 676 ὁρῶσι
734 642 927 677 σχεδὺνσυνοι-

143 685 242 716 κοὺσας
257 681 370 722 ἀνδράσι
384 687 528 721 γυναῖκας,
543 687 588 714 διὰ
603 687 653 722 τὴν
667 688 738 715 πάνυ
754 687 809 715 τῶν
832 697 928 717 κατοι-
944 691 947 694 ⁴

143 734 211 760 κιὼν
226 734 365 768 ἑκατέρων
383 734 533 769 ἐγγύτητα,
563 733 715 767 ἀποτρέπει
730 735 748 770 ἡ
764 735 873 766 σύνοδος
883 736 927 769 γί-

143 779 247 807 νεσθαι.
264 780 295 805 Εἰ
310 780 338 806 δέ
354 788 438 811 τινες,
465 780 541 815 φησὶ,
577 781 646 815 μετὰ
675 781 813 814 συγγενῶν
831 789 929 815 προαι-

142 824 253 859 ροῦνται
283 825 482 858 ἀποτάξασθαι,
497 827 522 852 oi
545 826 595 861 μὲν
626 825 723 861 ἄνδρες
750 827 790 858 είς
822 827 928 863 ἀνδρῶν

141 871 352 906 ἀπερχέσθωσαν
373 873 562 908 μοναστὴριον,
576 873 603 899 αι
617 873 647 899 δὲ
659 874 786 907 γυναῖκες
814 874 855 905 είς
873 882 925 908 γυ-

140 919 268 945 ναικεῖον.
291 918 370 944 Οὖτω
386 919 440 953 γὰρ
459 918 644 954 εὐαρεστεῖται
657 919 671 945 ό
693 919 769 951 Θεὸς,
785 919 845 946 ἀντὶ
864 919 923 954 τοῦ,

140 962 226 994 οὕτως
246 964 401 998 εὐαρέστως
413 964 588 991 δουλεύσουσι
599 966 638 1000 τῷ
652 965 723 1001 θεῷ,
738 966 791 1001 tat;
810 965 923 1000 ζῶντες,

141 1011 189 1037 καὶ
205 1010 253 1036 ἀπ’
269 1011 393 1045 ἀλλήλων
406 1003 616 1046 κεχωρισμένοι,
629 1010 700 1038 ὥστε
710 1012 839 1047 ἀλλήλοις
855 1013 924 1047 μήτε

140 1057 181 1087 είς
191 1056 367 1091 παροξυσμὸν
382 1054 453 1083 εἶναι
469 1057 562 1092 βιοτῆς
578 1057 730 1092 ὲμπαθοῦς,
746 1059 814 1093 μήτε
834 1058 926 1090 ἄλλοις

139 1104 181 1134 εἰς
198 1103 357 1132 σκάνδαλον.
381 1103 457 1130 Ὀσα
473 1103 502 1130 δὲ
520 1104 570 1140 ἥδη
598 1105 726 1138 γεγόνασι
740 1105 822 1132 διπλᾶ
846 1113 927 1139 μονα-

103 1146 109 1149 ”
141 1149 252 1184 στήρια,
284 1150 441 1183 Ἔστωσαν,
473 1151 552 1185 φησὶ,
594 1151 641 1176 καὶ
676 1150 926 1185 οίκονομείσθωσαν

140 1195 213 1222 κατὰ
228 1196 277 1231 τὴν
287 1196 419 1238 διαταγὴν
439 1197 487 1224 καὶ
502 1197 548 1224 τὸν
561 1197 647 1223 τύπον
660 1196 707 1223 τοῦ
725 1194 845 1232 μεγϊιλου
875 1198 928 1224 Βα-

141 1241 252 1275 σιλείου,
268 1242 316 1269 καὶ
404 1242 605 1270 διαιτάσθωσαν
630 1243 658 1268 ὲν
688 1242 728 1268 ἑνὶ
749 1243 927 1278 μοναστηρίῳ

141 1289 255 1324 μοναχοὶ
264 1289 310 1316 καὶ
326 1291 498 1325 μονάστριαι.
513 1290 607 1317 Δίαιτα
621 1290 641 1317 δ’
653 1290 770 1317 ἐνταῦθα
780 1291 811 1317 οὐ
825 1293 854 1317 τὸ
867 1299 929 1317 συν-

99 1369 103 1371 _
142 1334 243 1362 εσθίειν
261 1335 329 1370 ὁμοῦ
349 1335 482 1368 καλεῖται,
505 1336 584 1371 ἀλλίἠ
601 1336 660 1371 μετ’
675 1336 798 1371 ἀλλήλων
823 1337 929 1363 συνδια-

141 1381 218 1414 γωγὴ
232 1380 278 1406 καὶ
291 1380 462 1415 ἀναστροφή.
477 1380 547 1415 Μηδ¹
560 1381 696 1414 ἐχέτωσαν
712 1380 781 1415 πρὸς
796 1380 928 1415 ἀλλήλους

140 1425 300 1460 παρρησίαν
316 1426 432 1461 μοναχός
445 1434 475 1453 τε
486 1427 533 1452 καὶ
543 1426 659 1461 μοναχῆ,
669 1426 738 1453 ὥστε
750 1427 869 1453 συνιέναι
883 1427 928 1453 ὅτε

141 1469 283 1505 βούλοιντο,
293 1471 340 1498 καὶ
355 1471 479 1507 ἀλλήλοις
488 1472 673 1507 προσομιλεῖν,
682 1472 749 1507 μηδὲ
761 1471 927 1504 κοιταζέσθω

140 1517 256 1552 μοναχδς
267 1518 296 1543 ὲν
307 1518 456 1552 γυναικείῳ
477 1518 662 1553 μοναστηρίῳ,
680 1518 749 1553 μηδὲ
766 1518 928 1546 συνεσθιέτω

141 1563 295 1598 καταμόνας
308 1563 556 1600 μοναζούσῃῼΔλλὸ.
569 1552 620 1590 κᾶν
637 1552 764 1600 χορηγεῖν
785 1565 881 1595 αὑταῖς
892 1564 927 1591 τὰ

140 1608 276 1642 ἀναγκαῖα
291 1609 413 1644 μέλλοιεν
425 1611 455 1636 ἐκ
467 1611 516 1645 τῆς
528 1609 649 1645 ἁνδρῴας
667 1610 762 1645 μονῆς,
773 1611 809 1645 μὴ
824 1610 927 1637 εἰσίτω-

141 1662 191 1681 σαν
203 1656 314 1690 μθναχοὶ
326 1657 462 1694 ἐντὸς,τοῦ
476 1657 630 1690 γυναικείου
647 1657 845 1692 μοναστηρίοψ
858 1656 925 1684 ἀλλὰ

144 1701 225 1736 μέχρι
243 1702 292 1736 τῆς
320 1702 408 1738 πύλης
427 1703 550 1734 ἐλθόντες
574 1703 803 1743 προσ-μενέτωσαν
825 1702 888 1736 ἔξω,
907 1703 923 1738 ή

141 1744 168 1772 δὲ
180 1747 339 1780 προεστῶτα
371 1749 440 1784 μετὰ
453 1750 577 1784 γηραιῶν
605 1749 778 1784 μοναζουσῶν
809 1748 923 1775 ἐλθοῦσα

142 1792 210 1826 πρὸς
222 1793 272 1827 τὴν
288 1793 375 1827 πύλην
396 1795 560 1829 λαμϐανέτω
586 1795 622 1822 τὰ.
651 1796 826 1831 κομισθέντα.
838 1794 869 1821 Ei
894 1793 923 1820 δὲ

141 1837 189 1862 καὶ
205 1838 326 1872 συγγενῆ
347 1840 452 1866 οἰκείαν
480 1841 543 1867 [δεῖν
563 1841 641 1876 ζητεῖ
665 1842 791 1876 μοναχδς,
818 1840 924 1875 παροὺπ

141 1889 191 1916 σης
206 1882 256 1916 τῆς
272 1883 427 1918 ἡγουμένης
439 1884 582 1911 θεασάσθω
606 1885 702 1919 αὐτὴν,
716 1884 763 1911 καὶ
794 1891 926 1918 προσομι-

141 1927 220 1955 Αείτω
232 1928 266 1955 δι’
277 1928 374 1963 ὀλίγων
391 1929 487 1963 λόγων,
503 1929 575 1956 ὥστε
595 1930 698 1965 ταχέως
715 1929 877 1964 ὑποχωρεῖν.

979 271 1012 298 de
1027 271 1148 305 ipsorum
1170 271 1356 306 apocrisiariis
1370 278 1397 299 et
1411 273 1526 308 reliquis
1542 274 1688 301 ministris.

1015 359 1143 388 ZONAR.
1168 361 1290 397 Duplicia
1312 363 1357 391 hic
1381 371 1471 392 canon
1500 365 1670 398 monasteria
1701 366 1758 395 fieri

978 413 1063 435 vetat.
1080 407 1109 435 In
1125 408 1159 436 iis
1174 414 1265 437 autem
1282 417 1337 437 non
1353 417 1415 438 cum
1434 410 1502 438 viris
1517 412 1601 443 simul
1624 413 1652 440 in
1664 413 1758 441 eodem

978 453 1040 481 loco
1067 454 1175 493 feminae
1206 456 1362 490 degebant,
1379 457 1435 484 'sed
1460 457 1497 484 ita
1530 458 1703 493 propinquo,
1728 466 1758 486 ιιι

978 507 1060 527 voces
1074 500 1168 528 audire
1184 501 1354 537 reddereque
1367 495 1483 531 invicem
1504 505 1613 539 utrique
1635 511 1757 540 possent.

978 545 1013 576 ld,
1033 554 1110 582 ergo,
1141 548 1205 582 quia
1231 548 1360 576 nimirum
1388 557 1421 577 ex
1451 557 1484 578 eo
1525 551 1558 578 ad
1579 552 1758 587 cogitationes

978 592 1076 621 molles
1093 600 1125 620 ac
1142 598 1259 625 teneras,
1275 598 1324 622 aut
1336 595 1370 622 ad
1385 595 1457 630 ipsas
1473 603 1582 631 quoque
1598 597 1758 626 libidinosas

978 636 1148 670 affectiones,
1165 638 1286 666 titillatio
1302 640 1439 668 exsistere
1451 640 1530 668 facile
1552 647 1653 676 posset,
1672 643 1758 671 offen-

978 682 1140 717 sionemque
1154 684 1248 711 multis
1265 683 1377 712 afferret
1393 685 1440 712 illa
1460 687 1597 719 vicinitas,
1614 696 1674 723 quae
1696 697 1758 724 spn-

978 728 1047 755 ciem
1070 728 1098 756 in
1134 730 1230 757 eodem
1261 731 1338 765 quasi
1367 731 1504 760 domicilio
1531 736 1757 762 commorantiuni

977 773 1098 800 virorum
1118 781 1150 802 ac
1163 775 1308 802 mulierum
1323 775 1474 809 exhiberet,
1490 775 1575 814 nullo,
1585 779 1664 806 modo
1678 786 1759 814 syno-

978 819 1029 846 dus
1047 818 1128 847 licere
1143 819 1277 847 decernit.
1294 820 1372 853 Quod
1390 821 1413 848 si
1427 821 1484 856 qui,
1503 822 1601 857 inquit,
1619 831 1672 850 una
1696 831 1757 851 cum

978 865 1102 899 cognatis
1133 865 1236 893 mundo
1261 867 1418 894 renuntiare
1441 867 1564 903 cupiant,
1582 868 1634 895 viri
1649 870 1759 904 quidem

978 910 1010 937 ad
1026 911 1158 944 virorum,
1177 912 1308 940 mulieres
1333 918 1424 940 autem
1458 914 1492 941 ad
1516 914 1677 943 feminarum
1702 925 1762 943 mn-

978 958 1098 984 nasteria
1112 965 1141 985 se
1151 958 1304 986 conferant.
1317 958 1362 987 Sic
1373 960 1445 987 enim
1459 960 1516 988 Deo
1529 967 1667 997 acceptum
1679 963 1759 998 327

976 1007 1029 1036 est,
1047 1003 1100 1031 Deo
1113 1004 1155 1031 sic
1173 1000 1278 1039 accepti
1295 1005 1426 1038 servient,
1442 1007 1464 1034 si
1494 1008 1610 1041 sejuncli
1641 1009 1756 1037 invicem

978 1057 1010 1076 ac
1027 1049 1107 1077 divisi
1121 1050 1204 1077 vitam
1221 1055 1314 1086 agant,
1324 1060 1377 1079 nec
1388 1053 1456 1080 alter
1467 1053 1543 1081 alteri
1556 1055 1759 1083 incitamentum

979 1096 1013 1122 ad
1039 1096 1193 1130 libidinem,
1225 1105 1314 1131 neque
1337 1098 1399 1126 aliis
1421 1099 1600 1128 offensionem
1630 1102 1758 1136 praebeat.

979 1141 1044 1174 Quae
1059 1146 1148 1169 autem
1164 1142 1283 1177 duplicia
1293 1145 1460 1171 monasteria
1471 1144 1526 1179 jam
1542 1146 1668 1175 instituta
1685 1154 1758 1178 sunt.

978 1193 1118 1220 maneant,
1134 1188 1233 1223 inquit,
1250 1197 1282 1216 ac
1295 1189 1371 1224 juxta
1386 1191 1476 1226 magni
1512 1191 1603 1219 Basilii
1628 1195 1761 1221 εοιιειὶιιιο

978 1233 1083 1261 tionem
1100 1241 1281 1269 normamque
1296 1235 1539 1264 administrentur:
1557 1245 1645 1273 neque
1659 1240 1686 1267 in
1706 1249 1761 1267 uno

977 1279 1145 1307 monasterio
1174 1281 1302 1308 monachi
1327 1282 1409 1310 simul
1439 1287 1466 1310 et
1493 1285 1632 1312 monachae
1652 1286 1761 1321 degant.

976 1326 1073 1353 Δίαιτα
1098 1334 1214 1362 namque
1241 1327 1293 1355 hoc
1320 1327 1391 1362 loco,
1426 1337 1481 1357 non
1507 1331 1630 1366 ejusdem
1660 1340 1760 1360 mensa:

979 1372 1214 1404 communionem,
1232 1374 1280 1401 sed
1304 1375 1366 1401 vita:
1388 1380 1511 1403 mutuam
1534 1379 1758 1407 consuetudinem

978 1417 1244 1453 familiaritatemque
1258 1420 1407 1455 significat.
1425 1420 1518 1457 Neque
1532 1430 1596 1451 vero
1611 1431 1643 1451 ea
1658 1433 1758 1452 concc-

978 1464 1059 1491 datur
1074 1464 1120 1491 ulli
1134 1465 1269 1493 monacho
1283 1466 1326 1493 vel
1342 1468 1482 1494 monachae
1501 1468 1622 1502 licentia,
1635 1475 1664 1497 ut
1679 1471 1760 1498 simul

978 1510 1097 1545 colloqui
1114 1515 1229 1546 uterque
1241 1512 1427 1548 congredique
1450 1521 1500 1548 pro
1515 1514 1630 1542 arbitrio
1647 1522 1760 1551 queant,

980 1550 1068 1591 neque
1084 1556 1110 1584 in
1125 1557 1251 1584 muliebri
1265 1559 1432 1586 monasterio
1443 1560 1594 1589 monachus
1609 1567 1761 1596 pernoctet,

980 1610 1067 1635 neque
1082 1609 1205 1630 seorsum
1215 1597 1283 1630 'cum
1302 1605 1412 1632 moniali
1429 1604 1521 1641 aliqua
1544 1607 1633 1634 cibum
1659 1609 1760 1643 capiat.
1805 1635 1810 1642 κ

979 1647 1080 1675 Verum
1104 1648 1211 1676 etiamsi
1239 1650 1403 1686 quandoque
1424 1651 1457 1678 atl
1482 1652 1582 1680 victum
1606 1656 1759 1682 necessaria

978 1701 1011 1722 ex
1038 1694 1160 1722 virorum
1197 1697 1365 1724 monasterio
1397 1697 1564 1727 monialihus
1593 1700 1760 1735 suppeditari

983 1741 1141 1776 contingat,
1178 1749 1352 1777 nequaquam
1393 1743 1462 1771 intra
1493 1750 1568 1780 septa
1603 1748 1760 1774 monasterii

979 1786 1122 1814 muliebris
1138 1787 1265 1815 monachi
1284 1789 1472 1823 ingrediantur
1486 1799 1494 1817 :
1518 1791 1565 1818 sed
1586 1792 1630 1819 ubi
1647 1793 1679 1819 ad
1696 1800 1762 1827 por-

981 1836 1035 1860 tam
1051 1833 1235 1867 pervenerint,
1250 1839 1326 1861 extra
1347 1834 1420 1862 fores
1439 1832 1608 1870 consistant;
1634 1839 1758 1872 prmfecta

979 1885 1045 1904 vero
1084 1885 1199 1910 earum,
1226 1886 1286 1913 quae
1329 1884 1410 1907 aetate
1445 1883 1629 1916 provectiores
1671 1890 1758 1917 sunt,

978 1923 1137 1951 mouialium
1163 1924 1294 1952 comitatu
1318 1929 1404 1959 septa,
1430 1932 1516 1960 porta:
1539 1929 1759 1964 appropinquans

141 1982 201 2010 qua:
212 1974 362 2001 afferuntur
387 1974 511 2009 accipiat.
533 1976 560 2002 Si
587 1976 649 2010 quis
677 1983 740 2003 vero
762 1975 842 2002 etiam
874 1974 1016 2009 cognatam
1052 1971 1142 1997 visere
1183 1971 1333 1998 monachus
1370 1972 1482 2007 cupiat,
1526 1979 1659 2008 praesente
1701 1985 1758 2005 mo-

141 2020 253 2048 nasterii
284 2019 408 2054 prtefecta
441 2019 468 2047 id
502 2021 594 2052 iaciat,
625 2021 755 2056 brevique
781 2019 919 2055 colloquio
939 2024 1006 2045 usus
1020 2016 1232 2051 quamprimum
1247 2019 1366 2044 recedat.

141 2067 250 2094 ΔΡΙΣΤ.
280 2076 290 2092 (
312 2066 356 2102 Μὴ
380 2067 437 2102 ἠτω
464 2066 545 2093 διπλὶ
568 2068 744 2103 μοναστήρια,
768 2066 834 2102 μηδὲ
851 2066 920 2093 διαι-

141 2106 146 2111 .
179 2122 190 2139 ί
213 2113 355 2140 τάσθωσαν
377 2112 406 2138 ὲν
437 2111 512 2147 αὐτῷ
539 2113 651 2147 μοναχοὶ
675 2113 723 2141 καὶ
747 2111 919 2147 μονάστρκιαι,

179 2168 190 2184 σ
213 2159 281 2194 μηδὲ
300 2158 456 2193 καταμόνας
470 2157 659 2192 ὁμιλείτωσανν
683 2157 750 2184 ἀλλὰ
777 2157 824 2183 καὶ
849 2157 876 2183 εί
894 2165 920 2184 τι

180 2214 190 2231 ι
211 2204 364 2238 διακομίσει
384 2203 454 2238 ἀνὴρ
479 2204 618 2238 κανονικῇ,
642 2202 694 2235 ἔξω
716 2202 803 2237 μένων
816 2201 920 2234 διδότω,

180 2260 190 2277 ι
214 2249 261 2276 καὶ
275 2250 324 2284 τὴν
337 2248 454 2284 συγγενῆ
469 2248 520 2275 ὑπὸ
541 2248 692 2284 παρουσίας
704 2248 754 2283 τῆς
769 2247 922 2283 ἡγουμένης

180 2307 189 2324 ι
211 2295 327 2323 θεάσθω,
353 2304 362 2320 ι

179 2343 273 2370 Πᾶσαν
298 2340 449 2375 ἀσφάλειαν
471 2340 562 2367 ἔθεντο
574 2340 598 2366 οἱ
615 2339 746 2374 Πατέρες,
761 2339 804 2366 ἴνα
830 2339 867 2374 μὴ
886 2339 920 2375 τῇ

145 2389 275 2424 μοναδικῇ
306 2386 428 2422 πολιτείᾳ
456 2385 551 2421 μῶμός
577 2390 630 2420 (τις
659 2384 842 2421 ὲπιτρίϐηται,
875 2385 923 2417 καὶ

144 2434 314 2471 προσέταξαν
337 2432 375 2467 μὴ
402 2433 431 2458 ὲν
445 2431 536 2466 ταυτῷ
562 2431 709 2458 συνεσθίειν
731 2432 865 2466 μοναχοὺς
875 2431 923 2457 καὶ

147 2480 322 2517 μοναστρίας,
339 2478 406 2513 μηδὲ
422 2477 490 2512 πρὸς
505 2476 636 2513 ἀλλήλους
649 2476 754 2511 ὁμιλεῖν
767 2475 828 2502 κατ’
841 2475 920 2503 ἰδίαν·

145 2526 212 2553 ἀλλὰ
227 2525 277 2551 κᾶν
294 2523 412 2558 συγγενῆ
437 2530 498 2548 τινα
524 2521 591 2556 θέλῃ
617 2520 764 2547 θεάσασθαι
794 2521 921 2555 μοναχδς,

145 2569 280 2606 παρουσίᾳ.
295 2568 346 2603 τῆς
359 2567 512 2603 ἡγουμένης
527 2567 612 2601 ταύτῃ
626 2565 810 2601 προσομιλεῖν.
830 2565 882 2592 Καὶ
897 2565 924 2591 εἴ

143 2626 170 2644 τι
183 2616 237 2642 τῶν
253 2614 408 2648 ἀναγκαίων
422 2612 468 2639 τοῦ
483 2611 541 2647 βίου
557 2611 612 2638 ἀπὸ
626 2610 673 2637 τοῦ
698 2609 818 2646 ἁνδρῲου
835 2619 921 2646 μονα-

146 2663 256 2696 στηρίου
268 2658 415 2694 διακομίσῃ
430 2657 498 2692 πρὸς
513 2656 559 2687 τὰς
579 2655 751 2691 μοναζούσας
764 2657 778 2682 ὁ
792 2656 919 2690 μοναχὸς,

145 2707 197 2739 ἔξω
210 2706 259 2740 τῆς
272 2704 356 2740 μονῆς
370 2702 474 2730 ἑστῶτα
488 2702 590 2728 διδόναι
600 2700 677 2739 τοῦτο
690 2702 722 2736 τῇ
735 2701 884 2736 ἡγουμένῃ,

443 2748 561 2775 KANQN
581 2748 645 2774 ΚΝ.

149 2808 159 2825 ι
181 2798 219 2826 οὐ
232 2796 273 2824 δεῖ
288 2796 403 2832 μοναχὸν
417 2795 434 2831 ἢ
451 2794 614 2830 μονάστριαν
630 2793 847 2828 καταλιμπάνειν
872 2795 921 2829 τὴν

183 2854 193 2870 ι
215 2843 317 2870 οἰκείαν
339 2843 430 2878 μονὴν,
453 2842 500 2868 καὶ
516 2842 555 2872 είς
582 2840 678 2876 ἑτέραν
699 2840 882 2875 ἀπέρχεσθαι·
897 2842 921 2868 εί

170 2905 173 2909 α
185 2900 195 2916 ι
216 2891 244 2918 δὲ
259 2890 349 2924 συμσῆ
360 2888 450 2921 τοῦτο,
462 2886 654 2927 ξενοδοχεῖσοαι
667 2885 747 2914 αὑτὸν
759 2888 922 2921 ἀναγκαῖον,

973 2060 1085 2089 ARIST.
1114 2071 1123 2087 ι
1155 2060 1277 2096 Duplicia
1308 2070 1343 2090 ne
1366 2063 1431 2090 fiant
1452 2065 1638 2099 monasteria,
1669 2075 1757 2103 neque

1011 2118 1021 2134 ‹
1039 2108 1164 2135 monachi
1179 2112 1206 2135 et
1217 2108 1356 2136 monachus
1368 2109 1395 2136 in
1408 2110 1503 2138 eodem
1518 2112 1685 2146 cohabitent,
1707 2123 1754 2142 ne-

1011 2163 1021 2181 ι
1036 2161 1089 2189 que
1105 2154 1218 2181 seorsim
1234 2155 1446 2183 confabulemur
1464 2165 1471 2183 :
1494 2158 1643 2192 quinetiam
1666 2160 1755 2196 siquid

1008 2209 1018 2226 ι
1036 2200 1077 2228 νίι·
1093 2200 1199 2227 feminte
1212 2200 1328 2236 regulari
1341 2202 1462 2229 attulerit
1475 2222 1483 2235 ,
1508 2208 1589 2234 extra,
1609 2205 1682 2233 fores
1706 2216 1756 2235 ex-

1014 2256 1024 2272 (
1045 2250 1183 2281 spectans.
1200 2246 1298 2278 tradat,
1312 2251 1338 2274 et
1353 2252 1494 2281 cognatam
1504 2249 1532 2277 in
1544 2250 1676 2284 praefectaa
1687 2259 1757 2286 prae-

1014 2301 1024 2318 ι
1042 2292 1129 2321 sentia
1148 2292 1229 2320 visat.
1248 2301 1257 2318 ι

1008 2338 1120 2366 Omnem
1136 2345 1229 2365 curam
1248 2338 1430 2366 adhibuerunt
1443 2338 1539 2372 Patres
1555 2362 1562 2373 ,
1578 2350 1612 2370 ne
1623 2351 1757 2378 proortun,

975 2383 1083 2418 aliquod
1097 2383 1158 2410 vitae
1173 2384 1330 2412 monastic:e
1340 2385 1497 2419 inferretur,
1512 2391 1539 2415 et
1551 2389 1714 2420 mandarunt
1728 2391 1758 2420 iu

974 2429 1067 2457 eodem
1093 2430 1259 2457 monasterio
1288 2434 1437 2459 monachos
1474 2438 1501 2460 et
1530 2435 1679 2464 monachae
1700 2444 1755 2464 non

974 2473 1109 2506 convesci,
1124 2481 1174 2501 nec
1189 2474 1259 2501 inter
1276 2482 1305 2502 se
1316 2477 1429 2505 seorsim
1444 2477 1615 2511 confabulari
1630 2501 1637 2512 ,
1657 2481 1703 2507 sed
1728 2485 1755 2508 et

973 2519 997 2547 si
1021 2524 1163 2554 cognatam
1189 2519 1307 2554 aliquam
1336 2522 1458 2556 aspicere
1483 2524 1558 2558 cupit
1584 2525 1755 2557 monachus,

973 2566 1113 2600 praesentia
1128 2566 1260 2600 praelecta:
1276 2574 1337 2594 eum
1362 2576 1393 2595 ea
1419 2570 1548 2604 colloqui.
1576 2569 1607 2597 Et
1636 2571 1658 2597 si
1689 2571 1753 2605 quid

973 2618 1079 2644 eorum,
1097 2619 1156 2646 quae
1172 2611 1233 2639 vitae
1248 2618 1314 2640 sunt
1333 2614 1501 2646 necessaria,
1526 2621 1541 2640 a
1562 2614 1680 2641 virorum
1694 2623 1753 2642 mo-

973 2658 1092 2685 nasterio
1121 2657 1154 2684 ad
1181 2659 1329 2687 monachas
1358 2660 1554 2694 transportabit
1581 2661 1753 2694 monachus,
1806 2691 1811 2693 ἒ

973 2708 1050 2731 extra
1064 2704 1232 2731 mansionem
1251 2709 1328 2732 stans
1347 2704 1412 2731 illud
1428 2704 1562 2739 pratfecta:
1579 2706 1677 2733 tradat.

1204 2748 1206 2750 ’
1252 2750 1367 2777 (JANON
1386 2750 1456 2778 XXI.

977 2805 986 2822 ι
1003 2795 1061 2823 Νυη
1077 2800 1184 2830 oportet
1198 2794 1360 2822 monachum
1377 2795 1418 2823 vel
1431 2798 1591 2824 monacham
1609 2805 1748 2833 proprium

1011 2851 1021 2868 ι
1039 2842 1191 2876 relinquere
1200 2841 1403 2876 monasterium,
1417 2846 1444 2870 et
1453 2842 1485 2869 ad
1495 2842 1567 2870 aliud
1577 2851 1606 2871 se
1617 2846 1750 2872 conlerre:

1014 2898 1024 2914 ι
1042 2889 1064 2916 si
1077 2889 1128 2916 hoc
1140 2892 1229 2916 autem
1246 2886 1402 2925 contigerit,
1419 2888 1507 2919 ipsum
1528 2890 1645 2923 hospitio
1663 2891 1750 2926 excipi
