1933 3112
118 185 170 216 985

608 174 649 204 ΙΝ
661 171 743 203 CAN.
755 168 825 200 XIX
844 166 938 198 (ΖΟΝο
971 168 1024 198 VII
1043 165 1218 198 CECUMEN.

1671 155 1722 186 983

118 241 204 271 ἄλλως
215 239 268 266 ἀπὸ
283 235 377 273 φῆμης
388 234 467 261 τινῶν
479 232 495 268 ἢ
508 231 554 258 καὶ
567 231 626 261 ἑνὸς
641 228 755 263 ἀκούσῃ,
770 227 830 253 τότε
842 225 899 251 εἰσ-

964 227 979 249 εῑ
1008 225 1192 259 patriarcham
1219 222 1347 250 delictum
1373 219 1402 247 in
1430 215 1595 245 monasterio
1620 212 1721 240 factum

1081 270 1087 273 ”
1149 270 1154 273 “
1231 267 1248 273 ⁸⁵
1307 267 1314 273 ·
1397 264 1415 273 εν
1441 272 1463 273 η
1497 262 1649 273 -ιε-....-...ν.
1681 257 1721 273 “nl

120 285 271 315 ελεύσεται,
295 281 333 312 ὡς
356 281 474 315 εῖρηται,
499 277 547 304 καὶ
571 276 711 310 ἐρευνήσει
735 272 768 298 τὰ
795 268 897 305 ψυχικὰ

123 330 279 365 σφάλματα,
302 327 353 354 κᾶν
372 326 407 361 μὴ
430 325 444 351 ὁ
469 323 554 350 εἰπὼν
576 321 705 356 βούληται
732 317 898 345 ὑπεισελθεῖν

123 363 216 411 difﬂuit:
245 373 425 405 dmésiiatog.
442 371 472 397 Ὀ
495 369 550 403 fsz
576 365 738 402 Χριστιανὸς
756 363 897 398 ἄνθρωπος

123 408 203 458 χρέος
219 421 286 456 ἔχει,
301 420 363 446 ὅταν
379 427 406 444 τι
424 415 528 451 ἀκούσῃ
543 414 689 458 γενόμενον
703 409 836 442 ἐναντίον,
854 408 899 434 λέ-

123 475 181 500 γειν
193 466 272 492 τοῦτο
284 463 322 499 τῷ
333 459 414 496 κοινῷ
428 453 604 494 πνευματικῷ
614 457 700 491 Πατρὶ
708 456 754 483 καὶ
765 454 897 489 ἀρχιερεῖ.

125 514 205 543 Ἴσως
219 513 247 539 δὶ
268 512 298 538 οὐ
321 511 357 545 μὴ
386 509 508 546 βούλεται
533 505 701 533 ὐπεισελθεῖν
735 504 781 530 τὸν
805 502 898 535 ἀγῶνα

122 557 216 584 τοῦτον
226 564 234 571 ·
249 553 296 581 καὶ
320 554 349 581 τὸ
364 549 617 585 καταλιμπάνεσθαι
634 549 681 577 ,διὰ
695 548 744 584 τὴν
772 547 899 580 τοιαύτην

123 603 214 630 αἰτίαν
230 602 264 628 τὰ
280 600 384 636 ψυχικά
398 600 543 634 σφάλματα
554 597 738 631 ἀνεπιτήρητα
753 595 800 621 καὶ
811 593 901 628 ἀδιόρ-

124 650 208 680 Θωτα,
226 649 283 675 ἔστι
296 647 375 674 τοῦτο
397 647 485 680 πάντη
497 646 607 676 ἄτοπον,
626 642 737 679 μηδενὸς
762 640 900 676 ἐγγράφου

123 695 285 730 οξουδήτινος
299 692 440 729 βασιλικοῦ
459 694 475 727 ἢ
491 681 687 726 Μτριᾶρχικοῦ
701 687 849 717 κωλύοντος
861 687 901 718 είς

125 741 212 767 τοῦτο.
225 739 347 774 Πλὴντὰ
367 739 536 772 μοναστήρια
558 735 693 769 ὀφείλουσι
716 732 901 766 διατηρείσθω

127 786 329 820 ἁκαινοτόμητα
343 785 373 811 ὲν
383 783 441 814 ταῖς
451 782 574 817 ἑρεύναις
585 780 639 806 τῶν
653 777 900 810 άποστελλομένων,

128 831 262 867 μηδεμιᾶς
290 828 415 856 ἐντεῦθεν
440 826 583 861 διδομένης
609 823 741 857 δαπάνης.
765 822 833 848 Τότε
847 820 901 855 γὰρ

127 878 174 904 καὶ
189 878 206 912 ὴ
222 877 364 912 διόρθωσις
377 874 431 901 τῶν
454 872 578 909 ψυχικῶν
602 869 766 904 σφαλμάτων
783 867 901 898 εὐκόλως

128 926 176 951 σὺν
190 924 249 959 Θεῷ
264 923 417 957 γενήσεται.
440 921 501 947 Ἐπὶ
513 920 541 946 δέ
568 927 599 953 γε
616 919 672 949 τοῖς
698 915 758 944 κατ’
784 915 904 942 ἐπίδοσιν

127 971 227 997 δοθεῖσι
252 967 444 1004 μοναστηρίοις
474 966 522 993 καὶ
548 964 608 992 κατ’
627 961 785 998 ἐφορείανῆ
802 961 906 987 οἰκονο-

130 1017 205 1052 μίαν,
224 1016 241 1051 ἢ
270 1014 409 1045 παντελῶς
435 1013 601 1047 ἐλευθερίαν,
625 1010 655 1036 οὐ
677 1009 758 1042 μόνον
786 1006 820 1033 τὰ
838 1004 906 1033 ἄλλα

127 1050 388 1097 ᾧυχικὰσφάλματα
403 1058 572 1093 ἐπιζητήσει,
584 1055 651 1083 ἀλλὰ
664 1054 711 1081 καὶ
721 1054 746 1080 εί
757 1050 907 1084 κατελύθη-

130 1095 190 1140 σαν,
205 1107 222 1142 ἢ
239 1105 419 1133 καταλύονται
437 1102 558 1138 μερικῶς
581 1100 607 1136 ἢ·
626 1099 740 1127 καθόλου
766 1096 840 1131 παρὰ
854 1095 907 1122 τῶν

130 1141 267 1180 λαϐόντων
279 1151 366 1180 ταῦτα
376 1158 384 1167 ’
402 1151 449 1177 καὶ
463 1149 488 1176 εἰ
513 1148 624 1183 εὑρήσει
637 1145 715 1177 τινὰς
736 1142 863 1179 μειώσεις
879 1141 908 1167 ἐν

130 1199 222 1229 αὐτοῖς
246 1196 402 1232 γινομένας,
423 1193 628 1227 καταναγκάσω.
647 1191 710 1220 τοὺς
723 1188 809 1215 ταῦτα
830 1186 909 1213 κατέ-

130 1252 228 1279 χοντας
238 1242 425 1277 ἁποκαθιστᾷν
440 1240 539 1272 ταῦτα,
564 1236 656 1268 καθὼς
673 1234 841 1271 παρέλαϐον,
861 1233 910 1258 καὶ

131 1288 201 1316 κατὰ
213 1288 262 1323 τὴν
278 1286 408 1322 εὐπορίαν
422 1285 469 1312 τοῦ
485 1282 665 1319 μοναστηρίου
680 1289 687 1297 ·
705 1279 774 1314 πλὴν
786 1277 829 1305 ἐπ’
839 1276 909 1304 ὲκεί-

131 1344 188 1367 νοις
203 1336 260 1366 τοῖς
283 1332 378 1364 ἐνδεῶς
395 1331 487 1367 ἔχουσι
514 1330 581 1365 πρὸς
597 1328 647 1364 τὴν
669 1327 835 1354 κατάστασιν
850 1323 910 1350 καθ’

131 1366 276 1417 ἦνγταῦτα
301 1366 469 1414 παρέλαϐον·
490 1377 525 1403 τὰ
551 1366 587 1402 ’δέ
610 1382 642 1408 γε
666 1373 844 1408 βελτιωθέντα
864 1369 911 1396 καὶ

133 1426 334 1462 ὲπαυξηθέντα,
355 1424 445 1455 καλῶς
471 1422 577 1458 ἔχοντα,
603 1421 653 1448 οὐκ
670 1417 910 1451 ὲλαττωΟήσονται,

132 1473 199 1500 ἀλλὰ
216 1474 343 1507 μένουσιν
363 1471 399 1502 ὼς
415 1469 532 1505 ἔχουσιν.
549 1467 618 1494 Οῑδὲ
635 1467 695 1493 κατ’
709 1464 836 1499 ἐφορείαν
852 1471 913 1488 και-

134 1520 213 1555 ρικὴν
227 1519 274 1545 καὶ
289 1518 385 1552 ἑτέραν
404 1515 560 1550 οἰκονομίαν
579 1513 722 1541 ἐκδοθέντα
741 1509 911 1543 κατέχοντες,

949 270 1112 305 pervenerit,
1132 270 1190 297 sive
1215 267 1315 302 alioqui
1337 274 1371 294 ex
1396 264 1466 292 fama
1496 262 1662 295 aliquorum.
1681 257 1723 283 vel

948 318 1028 344 etiam
1044 317 1125 344 unius
1140 315 1287 346 audiverit,
1301 312 1379 345 tunc,
1399 315 1427 339 ut
1446 310 1549 337 dictum
1568 311 1620 336 est.
1635 306 1723 339 ingre-

949 363 1051 401 dietur.
1067 367 1094 389 et
1120 360 1338 396 perscrutabitur
1366 357 1464 385 delicta
1483 354 1590 382 animae.
1617 349 1724 377 etiamsi

949 409 973 436 is
999 398 1046 443 qui
1076 407 1154 438 dixit.
1183 407 1253 434 nolit
1280 404 1372 433 subire
1401 400 1533 437 probandi
1562 396 1724 433 periculurn.

950 455 1036 481 Homo
1051 454 1122 481 enim
1138 452 1326 483 Christianus,
1339 449 1450 484 quando
1468 444 1568 481 aliquid
1584 451 1637 471 non
1652 445 1726 469 recte

951 501 1053 528 factum
1071 499 1213 529 audiverit,
1238 498 1320 525 debet
1345 497 1397 523 hoc
1414 495 1503 522 dicere
1515 488 1652 519 communi
1673 486 1727 520 spi-

951 546 1043 575 rituali
1058 546 1135 573 Patri
1155 550 1182 572 et
1200 544 1327 571 antistiti.
1347 541 1476 568 Fortasse
1491 541 1582 565 autem
1603 542 1658 563 non
1669 533 1727 559 vult

950 593 1002 619 hoc
1012 591 1103 618 subire
1117 590 1284 626 periculum;
1301 593 1327 616 et
1339 590 1447 622 propter
1457 581 1590 619 ejusmodi
1604 586 1727 610 causam,

952 639 1050 666 delicta
1067 637 1165 664 anima:
1178 636 1350 663 inobservata
1368 637 1395 660 et
1410 632 1564 659 incorrecta
1574 626 1730 661 relinquere

953 688 994 711 est
1013 683 1093 710 valde
1107 681 1264 711 absurdum,
1280 679 1356 706 nullo
1371 681 1535 713 quocunque
1560 673 1662 706 scripto
1676 671 1730 696 im-

953 729 1093 766 peratorio
1115 728 1157 755 vel
1181 723 1359 762 patriarchali
1386 724 1438 749 hoc
1467 719 1642 756 prohibente.
1676 715 1730 743 Sed

955 776 1123 804 monasteria
1136 774 1246 808 quidem
1258 771 1358 799 debent
1367 777 1421 796 non
1433 769 1558 795 innovata
1571 761 1731 791 conservari

957 823 985 850 iu
1001 819 1267 856 perscrutationibus
1284 824 1377 844 eorum
1402 814 1450 849 qui
1469 813 1624 843 mittuntur,
1649 809 1732 837 nullis
1767 824 1770 828 .

958 868 1057 901 exinde
1081 867 1151 894 datis
1175 864 1345 900 sumptibus.
1369 860 1447 888 Tunc
1471 858 1542 885 enim
1566 856 1664 886 anima:
1684 854 1732 881 de-

956 900 1084 942 lictorum
1109 909 1246 939 correctio
1268 909 1360 940 facile,
1378 908 1401 934 si
1428 906 1499 933 Deus
1521 904 1606 934 volet,
1630 902 1685 928 tiet.
1703 900 1732 926 In

956 959 1131 988 monasteriis
1147 962 1238 995 autem
1255 963 1314 990 qua:
1330 954 1361 981 ad
1380 953 1590 982 incrementum,
1611 953 1638 976 et
1661 947 1734 982 regi-

956 1000 1019 1034 men
1033 1005 1089 1032 sive
1103 1002 1383 1032 administrationem,
1398 1002 1446 1025 aut
1460 997 1570 1024 omnino
1581 995 1734 1022 libertatem

957 1053 1019 1080 data
1037 1056 1112 1083 sunt,
1129 1057 1183 1078 non
1200 1049 1288 1076 solum
1307 1047 1361 1074 alia
1376 1046 1473 1074 animae
1487 1043 1586 1071 delicta
1602 1041 1734 1076 inquiret,

959 1101 1006 1129 sed
1021 1101 1103 1128 etiam
1122 1107 1154 1126 an
1178 1097 1308 1125 dissoluta
1334 1096 1400 1125 sint,
1427 1093 1469 1119 vel
1495 1090 1682 1119 dissolvantur
1707 1088 1734 1113 in

960 1152 1036 1183 parte
1049 1146 1091 1173 vel
1103 1146 1131 1172 in
1146 1144 1303 1171 universum
1321 1141 1354 1168 ab
1370 1140 1414 1171 iis,
1432 1138 1478 1174 qui
1494 1145 1532 1165 ear
1544 1141 1672 1169 accepere
1689 1137 1736 1160 :et
1768 1143 1769 1146 η

960 1193 982 1220 si
999 1191 1119 1219 inveniet
1133 1190 1160 1216 in
1176 1188 1210 1216 iis
1225 1188 1333 1222 aliquas
1351 1181 1642 1212 tieri-immiuutiones.
1657 1182 1738 1212 coget

959 1239 1112 1268 detinentes
1124 1244 1155 1264 ea
1166 1235 1321 1264 restituere,
1337 1228 1565 1267 quemadmodum
1575 1232 1736 1267 ‘accepere,

960 1291 988 1314 et
1005 1284 1157 1312 secundum
1173 1279 1331 1308 monasterii
1354 1277 1530 1308 facultatem;
1555 1273 1602 1300 sed
1626 1272 1654 1298 in
1685 1269 1738 1297 illis

961 1332 1084 1367 quidem.
1109 1328 1156 1363 qui
1183 1331 1294 1361 propter
1321 1323 1440 1359 inopiam
1469 1329 1524 1348 non
1553 1318 1691 1348 sutiieiuut
1705 1316 1738 1344 ad

962 1382 1061 1404 statutn
1074 1377 1100 1402 in
1110 1382 1164 1410 quo
1176 1380 1207 1400 ea
1224 1377 1353 1406 accepere
1365 1378 1372 1402 ;
1389 1375 1450 1404 quae
1465 1371 1529 1394 suut
1540 1370 1630 1393 autem
1643 1362 1739 1391 eﬁecta

963 1423 1075 1451 meliora
1090 1425 1117 1449 et
1132 1423 1225 1452 aucta,
1243 1425 1304 1446 cum
1319 1419 1394 1443 recte
1408 1423 1438 1442 se
1456 1413 1584 1443 habeant,
1609 1418 1663 1437 non
1691 1409 1741 1436 mi-

963 1474 1096 1501 nuentur,
1115 1467 1161 1495 sed
1179 1465 1330 1493 manebunt
1352 1466 1383 1489 ut
1398 1469 1427 1488 se
1443 1459 1553 1487 habent.
1573 1456 1624 1490 Qui
1650 1458 1740 1483 autem

963 1526 996 1545 ea
1013 1516 1147 1547 detinent,
1166 1520 1226 1548 quae
1243 1514 1307 1538 sunt
1322 1509 1377 1536 illis
1395 1506 1508 1537 tradita,
1524 1509 1554 1532 ut
1571 1502 1691 1538 regimen
1714 1505 1742 1528 et

135 1547 454 1599 Imilxatalup'q-vdpevm
479 1547 576 1594 ταῦτα,
597 1560 620 1586 εἰ
640 1559 678 1594 μὴ
697 1557 834 1593 βούλονται
845 1555 911 1582 dno-

965 1547 1231 1591 administrationem
1263 1557 1296 1584 ad
1327 1560 1434 1590 tempus
1461 1550 1630 1586 suscipiant,
1652 1553 1679 1576 et
1702 1547 1743 1574 eis

134 1612 264 1647 καθιστᾷν
279 1611 364 1638 ταῦτα
377 1610 416 1641 εἰς
432 1609 447 1635 ὃ
470 1606 624 1643 παρέλαϐον
646 1605 748 1640 σχῆμα,
766 1603 809 1630 ἶνα
831 1602 913 1635 ἀφαι-

137 1659 246 1693 ρῶνται,
262 1657 299 1693 μὴ
320 1655 502 1690 ὠφελούμενοι
514 1652 561 1687 ἀφ’
576 1649 613 1679 ῶν
634 1651 741 1685 ἔχουσιν
757 1648 913 1683 ἐγγράφων,

135 1704 301 1740 προθεσμίας
315 1701 454 1737 διδομένης
469 1700 560 1730 αὐτοῖς
576 1695 758 1733 ἁρμοζούσης.
766 1693 875 1725 Μεταξὺ
886 1693 915 1718 δὲ

135 1738 185 1785 τῆς
198 1747 364 1784 προθεσμίας
382 1746 534 1781 ὀφείλουσιν
548 1743 747 1779 ὲπιτηρεῖσῦαι,
765 1741 789 1767 εἰ
805 1738 914 1774 φροντί-

138 1797 229 1828 ζουσιν
243 1795 334 1830 ἔργοις
351 1794 442 1824 αὐτοῖς
465 1792 530 1825 περὶ
545 1791 596 1825 τῆς
612 1791 653 1821 εις
678 1788 709 1814 τὺ
733 1787 847 1822 ἀρχαῖον
867 1784 916 1812 αύ-

136 1842 192 1870 τῶν
205 1841 408 1870 καταστάσεως,
422 1838 459 1869 ὡς
486 1837 645 1871 δεδήλωται.
663 1834 729 1860 Τότε
745 1833 799 1867 γὰρ
818 1833 832 1866 ἡ
850 1839 917 1866 προ-

139 1886 239 1922 θεσμία
262 1885 523 1921 φυλαχυήσεταιηΔῐ
542 1884 569 1909 δὲ
589 1882 734 1915 ἀποταγαὶ,
762 1879 823 1906 ἐπεὶ
842 1878 917 1912 παρὰ

140 1935 254 1964 κανόνας
268 1926 382 1960 δίδονται
393 1932 440 1958 καὶ
458 1930 654 1964 λαμϐάνονται,
669 1927 828 1962 σχολάσουσι
846 1933 916 1950 πιν-

139 1981 224 2012 τελῶς
234 1981 288 2007 ἀπὸ
302 1980 349 2006 τοῦ
367 1978 424 2019 νῦν,
442 1979 489 2004 καὶ
502 1978 516 2004 ὀ
531 1976 724 2012 εὑρισκόμενος
738 1973 884 2008 λαμϐάνων
899 1971 915 2006 ἢ

139 2028 237 2059 διδοὺς,
254 2029 278 2054 εί
296 2028 346 2062 μέν
366 2027 440 2053 ἔστιν
452 2023 613 2059 ἡγούμενος,
628 2023 672 2048 ἴνα
688 2021 851 2054 ὲκδιώκηται
866 2018 919 2044 ἀπὸ

140 2076 191 2110 τῆς
206 2073 401 2110 ἡγουμενείας·
419 2072 443 2098 ει
462 2070 490 2097 δὲ
507 2069 721 2104 χαριστικάριος,
737 2065 919 2100 ὲκδιωχθήσε·

140 2131 186 2149 ται
207 2121 261 2148 ἀπὸ
274 2121 324 2154 τῆς
343 2119 437 2154 μονῆς.
457 2117 491 2143 Αἱ
505 2116 533 2143 δὲ
550 2115 602 2141 ἀπὸ
625 2114 679 2141 τῶν
694 2111 919 2149 προσερχομένων

142 2169 182 2200 είς
200 2168 353 2202 άπόκαρσιν
371 2164 514 2199 γινόμεναι
538 2161 669 2191 ἑκουσίως
688 2159 736 2186 καὶ
755 2158 836 2184 ικατὰ
853 2155 921 2191 γνώ-

145 2224 198 2250 μην
213 2215 266 2241 τῶν
290 2211 497 2248 προσφερόντων
513 2208 684 2244 προσενέξεις
708 2205 920 2241 προσδεχοήσον-

142 2270 200 2294 ται,
218 2262 265 2287 καὶ
277 2259 519 2294 ἀπογραφήσονται
546 2257 576 2282 ὲν
599 2254 638 2290 τῷ
650 2253 750 2290 βρεϐἱῳ
765 2253 814 2287 τῆς
826 2252 920 2286 μονῆς,

97 2327 100 2330 ι
144 2309 274 2344 εἰδήσεως
287 2306 428 2340 διδομένης
439 2304 502 2339 περὶ
516 2302 572 2329 τῶν
585 2300 817 2341 προσφερομένων
826 2297 873 2325 καὶ
884 2297 924 2331 τῷ

145 2339 288 2389 ἁγιωτάτῳ
303 2339 471 2387 πατριάρχη,
483 2351 535 2377 κᾶν
547 2350 571 2376 οἱ
581 2349 614 2375 τὰ
634 2339 801 2383 μοναστήρια
817 2345 924 2379 ἔχοντες

145 2400 328 2435 ὑπομνήματα
339 2398 485 2432 κέκτηνται
496 2396 558 2430 περὶ
567 2395 613 2422 τοῦ
625 2394 773 2429 λαμϐάνειν
783 2391 924 2424 ἀποταγὰς

146 2449 192 2476 καὶ
207 2446 390 2482 προσενέξεις,
405 2444 453 2471 καὶ
475 2442 682 2477 ἁποκερδυιινειν
698 2440 818 2470 ταύτας·
845 2437 924 2464 τοῦτο

145 2495 199 2531 γὰρ
212 2493 266 2520 ἀπὸ
277 2491 324 2519 τοῦ
345 2490 392 2518 νῦν
404 2490 506 2523 ὀφείλει
520 2488 657 2523 σχολάσαι,
674 2487 722 2514 καὶ
735 2485 857 2520 γίνεσθαι
876 2493 925 2511 κα-

148 2541 202 2572 Θὼς
213 2539 314 2567 ἄνωθεν
327 2539 434 2572 εἴρηται
448 2544 455 2551 ·
475 2534 543 2562 ἀλλὰ
562 2535 608 2561 καὶ
621 2535 649 2561 αἱ
665 2534 814 2568 σωζόμεναι
828 2540 926 2567 προσε-

148 2590 234 2621 νέξεις
246 2589 295 2614 οὐκ
308 2586 462 2622 ὀφείλουσιν
483 2582 663 2617 ἑκποιηθῆναι
683 2583 716 2616 τῇ
743 2581 853 2615 ἀφορμῇ
870 2579 925 2605 τῶν

148 2627 417 2670 ὑπομνημάτων.’Ἡ
432 2630 523 2664 μέντοι
537 2628 648 2663 φροντὶς
660 2627 691 2653 οὐ
707 2621 786 2661 μόνόν
807 2626 862 2652 τῶν
875 2625 925 2659 ψυ-

147 2681 202 2716 χῶν
215 2680 269 2706 τῶν
286 2677 422 2714 μοναχῶν,
438 2674 505 2702 ἀλλὰ
522 2675 568 2700 καὶ
587 2672 676 2699 αὐτῶν
699 2672 755 2698 τῶν
773 2670 923 2705 κοσμικών,

148 2726 189 2760 τῷ
210 2725 352 2758 ἁγιωτάτῳ
369 2721 526 2756 πατριάρχῃ
542 2719 695 2745 ἑπίκειται⁸
712 2718 758 2744 καὶ
776 2719 840 2744 ὅταν
863 2717 925 2742 ῦεά-

151 2770 231 2805 σηταί
246 2778 306 2796 τινα
320 2769 374 2795 τῶν
385 2767 526 2800 κοσμικῶν
536 2765 656 2799 διψῶντα
666 2763 715 2798 τὴν
722 2762 824 2789 οἰκείαν
836 2770 924 2796 σωτη-

154 2819 224 2853 ρίαν,
246 2816 303 2848 πῶς
325 2815 472 2850 ἐνδέχεταιι
487 2813 531 2839 ἵνα
548 2811 688 2844 κωλύηται
705 2809 752 2835 τοῦ
771 2810 881 2835 τάσσειν
896 2809 925 2834 ἐν

151 2867 185 2900 τῇ
203 2864 269 2898 μονῇ
282 2862 327 2888 ἐπὶ
336 2860 454 2895 ψυχικῆς
472 2859 606 2893 σωτηρίας
619 2856 667 2882 τοῦ
682 2855 899 2890 προσερχομένου
915 2866 921 2886 ;

155 2910 230 2941 Ἕξει
264 2908 317 2942 γὰρ
344 2906 481 2933 ἀκώλυτον
505 2905 518 2931 ὁ
540 2903 690 2937 ἁγιώτατος
710 2899 877 2934 πατριάρχης
893 2903 921 2928 εδ

941 1602 944 1608 ¹
965 1610 1094 1638 damnum
1110 1606 1238 1637 all'erunt,
1255 1605 1276 1631 si
1293 1602 1381 1630 nolint
1399 1602 1426 1628 in
1453 1606 1527 1631 eum,
1556 1603 1611 1632 quo
1633 1601 1744 1628 accepe-

965 1660 1039 1688 runt,
1059 1659 1158 1682 statum
1175 1660 1205 1680 ea
1220 1651 1377 1681 restituere,
1395 1647 1566 1676 auferantur.
1585 1650 1636 1670 nec
1660 1641 1694 1669 ab
1709 1640 1743 1667 iis

965 1711 1026 1738 quae
1041 1703 1140 1729 habent
1154 1698 1264 1733 scriptis
1282 1697 1422 1731 iuventur,
1434 1694 1475 1721 eis
1489 1692 1555 1719 dato
1569 1686 1743 1718 convehienti

966 1733 1010 1778 die
1031 1747 1178 1784 praalinito.
1192 1746 1296 1772 Interea
1313 1746 1414 1773 autem,
1439 1740 1500 1766 dum
1521 1736 1621 1773 pendet
1647 1733 1743 1761 termi-
1760 1769 1764 1774 Ι

967 1805 1030 1829 nus,
1052 1792 1191 1822 observari
1209 1792 1318 1821 debent,
1340 1796 1374 1816 an
1402 1787 1453 1822 ipsi
1479 1783 1553 1820 operi
1582 1782 1614 1809 de
1634 1779 1745 1807 restitu-

968 1843 1042 1869 tione
1061 1840 1167 1868 scilicet
1188 1838 1215 1865 in
1248 1836 1383 1870 integrum
1410 1834 1519 1861 vacent,
1549 1832 1578 1855 ut
1604 1831 1744 1854 ostensqu

969 1892 1022 1915 est.
1038 1886 1106 1914 Tum
1122 1885 1194 1912 enim
1209 1884 1289 1910 etiam
1306 1879 1440 1907 terminus
1456 1875 1621 1904 servabitur.
1633 1872 1746 1898 Renun-

968 1926 1095 1961 tiationes
1112 1936 1214 1960 autem,
1231 1927 1361 1962 quoniam
1387 1928 1485 1959 praeter
1503 1926 1622 1947 canones
1642 1918 1742 1944 dantur

969 1985 996 2007 et
1012 1973 1312 2012 aecipiuntur,‘dehinc
1328 1971 1443 1998 omnino
1471 1967 1629 1996 cessabunt,
1647 1967 1673 1989 et
1700 1961 1745 1995 qui

971 2025 1096 2060 accipere
1116 2018 1161 2050 vel
1173 2021 1240 2048 dare
1261 2019 1390 2045 inventus
1407 2015 1499 2045 fuerit,
1524 2012 1546 2038 si
1577 2010 1611 2038 sit
1639 2007 1748 2043 quidem

971 2069 1129 2099 monasterii
1147 2064 1307 2103 dierectus.
1325 2071 1358 2091 ex
1382 2061 1543 2096 praefectura
1571 2055 1722 2090 expellatur
1739 2061 1747 2078 :

972 2119 1014 2147 sin
1033 2121 1124 2144 autem
1138 2111 1356 2150 prtebendarius,
1376 2117 1391 2136 e
1407 2104 1573 2134 monasterio
1588 2101 1748 2136 expelletur.

972 2165 1036 2198 Qum-
1052 2165 1142 2190 autetu
1158 2159 1191 2186 ab
1208 2159 1252 2190 iis,
1269 2156 1315 2191 qui
1331 2155 1362 2182 ad
1382 2157 1524 2180 tonsuram
1539 2149 1662 2179 veniunt,
1680 2145 1747 2172 ﬁunt

973 2209 1140 2239 oﬂ'erentiulu
1156 2209 1304 2241 spontaneo
1319 2201 1458 2227 voluntate
1474 2195 1637 2224 oblationes,
1655 2190 1744 2218 susci-

975 2257 1083 2292 pieutur
1100 2257 1127 2280 et
1147 2250 1339 2278 describentur
1363 2246 1392 2272 in
1420 2241 1556 2271 breviario
1581 2235 1750 2267 monasterii,

1479 2289 1485 2292 .
1520 2288 1526 2292 .
1627 2289 1632 2292 _
1653 2284 1660 2290 .
1680 2282 1750 2292 Ἧι..

973 2282 1007 2330 de
1021 2302 1054 2328 iis
1067 2306 1128 2334 quae
1142 2297 1296 2325 oiieruutur
1308 2293 1391 2321 etiam
1402 2288 1575 2318 sanctissimo
1590 2282 1752 2320 patriarcha:

973 2347 1131 2383 cognitione
1149 2344 1232 2376 data;
1246 2339 1356 2368 etiamsi
1371 2334 1535 2365 monasteria
1557 2334 1679 2360 tenentes
1701 2328 1752 2356 do-

974 2374 1102 2421 cuineuta
1118 2374 1239 2417 habeant
1251 2386 1286 2414 de
1311 2382 1480 2419 accipiendis
1502 2374 1752 2407 renuntiationibus

974 2444 1001 2467 et
1012 2435 1208 2466 oblationibus.
1231 2436 1260 2460 et
1281 2432 1315 2458 iis
1339 2425 1544 2457 lueritaciendis
1571 2432 1580 2452 :
1606 2423 1657 2450 hoc
1679 2419 1751 2447 enim

974 2489 1084 2513 cessare
1095 2488 1168 2509 nuuc
1187 2469 1278 2510 debet,
1294 2481 1322 2504 et
1336 2476 1392 2503 ﬁeri
1409 2469 1640 2509 quemadmodum
1663 2472 1748 2500 supe-

974 2532 1034 2560 rius
1050 2530 1152 2557 dictum
1166 2531 1226 2558 est;
1241 2524 1294 2553 sed
1306 2523 1387 2551 etiam
1407 2523 1520 2548 servatae
1532 2515 1684 2544 oblationes
1697 2518 1752 2537 non

974 2577 1075 2604 debent
1105 2573 1217 2600 alienari
1248 2572 1387 2606 pratextu
1407 2567 1643 2594 documentorum.
1668 2557 1753 2584 Porro

975 2628 1067 2651 autem
1086 2627 1140 2647 non
1158 2619 1246 2646 solum
1275 2623 1340 2644 cura
1369 2613 1521 2640 animarum
1544 2604 1753 2634 monachorum,

976 2668 1023 2698 sed
1037 2668 1159 2703 ipsorum
1175 2665 1257 2691 etiam
1276 2653 1461 2690 stecularium.
1477 2652 1610 2682 incumbit
1630 2648 1748 2677 sanctis-

975 2716 1044 2743 simo
1057 2712 1218 2747 patriarchae
1235 2718 1241 2736 :
1267 2712 1294 2735 et
1310 2705 1420 2741 quando
1445 2701 1542 2729 viderit
1558 2699 1676 2731 aliquem
1700 2701 1752 2722 sa:-

976 2761 1110 2788 cularium
1139 2757 1277 2784 sitientem
1293 2749 1432 2786 propriam
1461 2747 1586 2774 salutem,
1614 2740 1751 2776 quomodo

976 2806 1115 2840 continget
1129 2799 1266 2837 prohiberi
1285 2797 1432 2832 quominus
1452 2793 1479 2820 iu
1504 2788 1748 2818 monasterio'cum

976 2832 1101 2882 coltocgt,
1114 2850 1146 2875 ad
1162 2847 1277 2875 salutem
1292 2843 1389 2870 anima:
1402 2841 1462 2876 ejus
1476 2838 1521 2873 qui
1540 2835 1659 2864 accedit?
1675 2832 1748 2861 Citra

980 2901 1065 2929 utlum
1083 2888 1154 2923 enim
1171 2891 1392 2927 impedimentum
1405 2885 1578 2915 sanctissimo
1591 2881 1750 2919 patriarcha:
