1933 3112
190 115 243 147 θοι

822 120 962 152 ΤΗΕΟΙ).
984 120 1186 152 BALSAMON

1759 128 1818 156 992

228 184 240 199 ιι
262 175 370 208 gularcs
389 171 506 201 feminas
520 173 692 205 deferuntur.
709 180 785 204 extra
798 184 904 212 portam
918 179 972 205 haec

1066 187 1075 203 ι
1094 177 1219 212 ἀνδρείου
1248 177 1349 212 μέρους
1373 179 1442 213 πρὸς
1464 178 1514 211 τὰς
1537 179 1684 211 κανονικὰς
1711 181 1818 212 ἀποκο-

229 229 240 244 ‹
260 219 376 254 accipiat
403 219 563 248 monasterii
587 222 729 250 muliebris
753 224 890 258 pratl'ecta,
911 232 973 253 cum

226 275 235 291 ι
256 266 345 300 aliqua
364 273 418 292 anu
439 267 581 295 monacha.
598 267 627 296 Si
641 273 733 297 autem
746 270 855 298 eveniat
873 275 902 298 ut
923 272 974 299 ali-

231 323 239 335 ι
262 319 344 346 quam
384 312 450 340 velit
475 318 619 348 cognatam
649 315 801 343 monachus
827 317 973 351 aspicere,

233 368 242 382 ε
263 361 396 391 praesente
412 358 540 392 ιιι-πίθοιο
555 367 616 387 cum
640 368 671 388 ea
691 362 864 396 colloquatur
876 362 975 398 exiguo

235 416 244 430 ι
264 409 290 431 et
307 404 381 431 brevi
397 412 534 439 sermone,
557 410 583 434 et
599 413 661 434 mox
678 408 712 435 ab
727 416 758 436 ea
772 409 895 436 recedat.
907 417 918 436 ι
962 411 965 416 ‘

231 540 326 572 BALS.
344 540 372 567 In
387 541 476 576 primo
496 541 608 576 quidem
634 549 695 575 cap.
710 541 744 568 12
770 541 810 568 ιῑι.
834 548 976 576 prmsentts

193 589 286 623 operis
304 589 419 616 diversae
435 589 507 624 leges
524 589 558 616 de
573 590 746 617 monasteriis
766 589 873 617 traditae
887 595 953 617 sunt
968 599 975 617 :

198 642 318 668 prmsens
335 639 423 661 autem
443 642 529 661 canon
547 635 685 669 eontituit,
702 642 755 662 neu
775 643 835 663 esse
854 635 976 663 iacienda

194 681 313 715 duplicia
332 682 510 715 manasleria,
529 689 563 708 ne
579 682 656 709 multi
684 690 718 710 ex
741 690 774 710 eo
792 683 975 710 oll'endantur.

192 727 334 763 Tanquam
354 734 444 755 autem
466 729 567 756 dixerit
593 729 741 764 quispiam.
768 730 820 757 hoc
840 738 900 758 esse
925 731 976 758 ho-

193 780 301 802 nestum
318 775 417 809 etjure
441 775 652 807 admittendum,
671 776 891 812 quandoquidem
904 786 977 812 quae-

192 820 256 847 dam
272 821 393 856 suspicio
409 821 536 849 inciderit
552 826 663 858 propter
684 830 815 858 personas
838 831 890 851 non
903 824 972 851 satis

195 867 291 895 ﬁrmas
310 871 336 895 et
352 868 477 902 stabiles,
496 868 530 903 (si
557 869 629 896 enim
657 876 672 895 a
700 870 856 905 suspicione
882 871 973 902 alieni,

200 914 310 948 cognati
328 914 444 942 fortasse
458 915 501 942 vel
518 915 616 943 fratres
637 915 677 943 vel
693 915 739 944 alii
757 916 903 950 ejusmodi,
927 924 976 944 ve-

195 961 248 987 liut
274 969 334 989 esse
362 961 501 994 monachi,
519 969 570 990 cur
597 970 650 990 non
666 963 706 990 eis
722 962 815 990 licebit
829 963 858 990 in
873 963 975 998 duplici

196 1008 363 1034 monasterio
389 1007 554 1044 habitare?)
585 1007 680 1036 dicunt
711 1009 818 1041 Patres,
843 1010 916 1043 quod
942 1018 976 1047 ne

193 1059 260 1081 tunc
286 1054 395 1089 quidem
425 1055 663 1093 cognatos‘simul
689 1055 814 1084 habitare
841 1061 973 1091 oporteat,

195 1109 229 1129 ne
249 1101 334 1136 aliqui
351 1110 384 1129 ex
402 1109 434 1130 eo
446 1102 640 1130 oﬂ‘endantur:
666 1103 714 1131 sed
740 1104 783 1131 vir
810 1104 919 1138 quidem
948 1105 975 1131 in

193 1149 316 1176 virorum
347 1150 487 1184 proprium
501 1151 715 1178 “monasterium
748 1151 846 1183 abeat,
879 1151 976 1178 mulier

194 1201 285 1222 autem
305 1195 331 1221 in
347 1195 502 1222 mulierum.
525 1194 571 1222 Sic
597 1196 669 1223 enim
697 1196 819 1224 viventes
844 1197 974 1231 separati.

194 1241 250 1269 Deo
263 1241 369 1276 accepti
397 1238 529 1270 servient.
555 1242 621 1275 Quae
647 1243 723 1277 prius
747 1248 838 1271 autem
868 1243 975 1271 fuerant

192 1288 312 1322 duplicia
333 1288 503 1315 monasteria
524 1295 556 1316 ex
577 1288 690 1316 decreto
721 1292 748 1316 ct
778 1289 975 1317 constitutione

194 1334 284 1368 titagni
307 1333 395 1362 Patris
422 1334 517 1361 Basilii
542 1334 727 1362 administrari
748 1335 903 1369 jusserunt,
921 1336 975 1363 sei-

193 1379 256 1406 licet
270 1383 301 1406 ut
317 1387 371 1407 non
387 1384 596 1413 convcrsentur,
612 1380 664 1407 hoc
676 1386 727 1413 est,
746 1389 799 1408 non
816 1381 974 1408 eohabitelt

192 1425 242 1452 viri
274 1430 302 1453 et
338 1425 466 1453 mulieres
501 1426 529 1452 in
563 1433 617 1453 uno
642 1426 822 1459 monasterio;
844 1426 972 1460 quoniam

193 1470 318 1497 adulterii
347 1471 466 1506 suspicio
496 1471 585 1499 oritur
613 1479 647 1499 ex
676 1472 890 1500 cohabitatione.
920 1473 972 1500 Sed

192 1524 282 1551 neque
296 1517 448 1544 monachus
466 1521 628 1551 potestatem
649 1517 747 1545 habeat
762 1525 822 1556 cum
839 1518 970 1545 monacha
987 1527 1009 1557 ο

192 1569 316 1589 seorsum
335 1563 545 1596 confabulandi,
559 1563 601 1590 vel
620 1563 791 1595 comedendi,
809 1564 850 1590 vel
866 1563 893 1591 in
911 1572 972 1591 mu-

194 1608 271 1634 liebri
305 1609 472 1636 monasterio
511 1609 707 1644 pernoctandi;
744 1609 972 1643 quemadmodum

194 1663 244 1683 nec
259 1660 366 1683 contra.
383 1655 449 1688 Quae
477 1660 566 1682 autem
596 1659 660 1682 sunt
688 1656 851 1684 monialibus
874 1657 907 1684 ad
932 1657 975 1684 vi-

192 1707 266 1728 ctum
288 1701 454 1732 necessaria.
483 1709 497 1727 a
517 1702 583 1728 viris
608 1701 792 1736 recipiantur,
821 1710 873 1730 non
901 1703 972 1730 intra

193 1747 403 1778 monasterium,
420 1747 467 1774 sed
487 1751 563 1774 extra
579 1751 685 1782 portam
703 1747 772 1780 eius,
790 1755 837 1781 per
862 1756 970 1775 manum

193 1793 350 1820 monasterii
378 1793 512 1827 praefectus
537 1792 564 1820 et
588 1801 657 1820 anus
681 1794 831 1821 monachae.
859 1794 886 1821 Si
911 1795 972 1829 quis

193 1845 282 1866 autent
299 1839 448 1867 monachus
471 1839 536 1866 velit
554 1838 713 1866 monacham
737 1844 880 1874 cognatam
895 1848 971 1868 suam

190 1884 326 1920 aspicere,
343 1893 376 1912 ne
390 1885 470 1912 liceat
497 1885 521 1911 ei
536 1892 661 1912 seorsum
677 1893 740 1912 cum
764 1893 796 1913 ea
826 1893 970 1914 sermones

191 1932 339 1959 conferre:
359 1931 405 1958 sed
424 1931 451 1958 in
469 1931 615 1965 praesentia
639 1931 774 1964 praefectus
799 1932 971 1965 monasterii,

191 1982 218 2005 et
244 1977 370 2012 protinus
392 1977 531 2004 recedere.
552 1976 655 2003 Nomen
676 1982 765 2003 autem
789 1976 889 2009 δίαιτα,
905 1985 971 2012 non,

192 2029 222 2051 ut
237 2024 309 2059 apml
337 2023 544 2058 grammaticos.
564 2030 614 2057 pro
630 2023 766 2056 convivio,
789 2025 837 2051 sed
859 2031 907 2058 pro
923 2024 972 2051 Ita-

190 2069 324 2097 bitatione
353 2070 504 2104 accipitur:
532 2070 622 2096 δίαιτα
646 2070 718 2098 enim
743 2071 814 2104 apud
834 2071 973 2105 juriscon-

191 2117 279 2143 sultos
302 2120 344 2144 est
364 2116 566 2143 habitaculum.
582 2115 705 2150 Duplicia
725 2121 817 2144 autem
833 2122 972 2144 monaste-

192 2164 229 2189 ria
259 2162 316 2189 diri
347 2162 471 2189 nonnulli
504 2161 685 2195 aiiirmabant,
722 2170 776 2190 non
803 2171 864 2198 qua:
889 2164 970 2192 simul

191 2207 291 2234 habent
307 2207 380 2235 viros
400 2212 427 2234 et
440 2207 575 2240 feminas,
596 2208 642 2235 sed
659 2215 720 2243 qua:
749 2196 833 2243 prope
854 2213 881 2236 et
904 2216 971 2237 eon-
987 2196 1010 2225 υ

187 2253 282 2287 juncte
299 2253 429 2281 aediﬁcata
442 2257 517 2285 sunt,
529 2259 563 2281 οι·
572 2259 700 2288 tanquam
714 2262 798 2281 unum
810 2259 971 2289 reputantur

190 2304 299 2334 propter
315 2299 427 2326 multam
446 2301 584 2327 unionem.
601 2299 654 2327 Sed
668 2307 701 2327 ex
722 2300 774 2327 hoc
796 2305 901 2328 canone
921 2308 970 2336 ap-

190 2349 278 2380 paret,
295 2353 348 2372 non
361 2345 413 2373 dici
432 2349 575 2380 propterea
589 2339 706 2380 duplicia
719 2346 886 2374 monasteria
899 2366 906 2378 ,
921 2346 969 2374 sed

189 2391 264 2426 quod
293 2391 320 2418 in
349 2398 403 2418 uno
441 2391 592 2426 eodemque
621 2391 789 2419 monasterio
817 2391 970 2420 habitarent

189 2437 338 2471 aliquando
353 2457 360 2470 ,
385 2441 415 2464 ut
443 2441 485 2465 est
514 2438 682 2471 verisimile,
707 2438 757 2465 viri
783 2442 809 2466 et
831 2439 969 2466 mulieres.

187 2484 337 2512 Constituit
353 2484 439 2516 enim.
453 2490 484 2512 ut
495 2485 601 2519 cognati
626 2484 736 2518 abeant,
756 2484 796 2512 illi
818 2484 926 2519 quidem
943 2484 969 2512 in

190 2529 323 2561 virorum.
347 2529 388 2558 has
403 2538 468 2561 vero
491 2530 518 2558 in
544 2530 687 2558 mulierum
707 2531 892 2564 monasteria;
910 2535 970 2557 tan-

189 2581 271 2609 quam
288 2579 362 2602 esset
379 2574 514 2609 prohiblta
530 2573 557 2601 in
572 2582 627 2602 uno
641 2579 668 2602 ct
683 2575 779 2603 eodem
803 2576 864 2602 loco
876 2583 969 2602 eorum

190 2620 335 2648 habitatio.
361 2620 494 2648 Similiter
516 2621 594 2655 jubet
619 2629 654 2648 ne
682 2626 895 2654 conversentur,
919 2622 970 2648 hoc

167 2657 170 2659 Δ
189 2671 242 2697 est,
258 2673 292 2693 ne
308 2666 335 2692 in
350 2674 405 2693 uno
425 2667 593 2694 monasterio
621 2667 778 2694 cohabitent
790 2667 840 2693 viri
859 2670 886 2694 et
908 2674 969 2693 tuu-

190 2712 283 2740 lieres.
311 2712 382 2747 Lege
405 2717 432 2740 et
462 2718 549 2740 totum
578 2714 695 2747 primum
717 2714 760 2740 tit.
787 2721 814 2740 IV
838 2713 900 2743 lib.,
921 2713 968 2747 qui

192 2757 325 2792 ejusmodi
344 2759 427 2786 multa
444 2759 524 2787 docet
543 2760 688 2791 ct‘slatuit,
706 2763 735 2786 ut
760 2767 849 2794 neque
875 2766 970 2786 mona-

194 2803 262 2829 chus
278 2810 328 2830 nec
341 2805 428 2833 laicus
442 2806 575 2834 muliebre
590 2807 784 2834 monasterium
801 2806 969 2841 ingrediatur

197 2855 386 2884 quamcunque
415 2853 450 2879 ob
479 2860 610 2880 causam:
629 2859 655 2881 et
678 2853 770 2880 deﬁnit
798 2853 831 2880 de
859 2853 903 2884 iis,
925 2853 970 2888 qui

1067 232 1078 249 ‹
1098 223 1233 256 μίζονται,
1249 223 1348 257 ἔξωθεν
1360 225 1411 259 τῆς
1430 221 1519 260 πύληξ
1544 225 1632 253 ταῦτα
1647 227 1817 261 λαμὸσνέτω

1065 279 1074 295 ι
1093 271 1111 304 ἡ
1127 270 1265 305 ἡγουμένη
1281 271 1327 298 τοῦ
1340 273 1499 306 γυναικείου
1519 273 1713 308 μοναστηρίου,
1743 276 1815 309 μετὰ

1065 325 1074 342 t
1094 318 1179 352 γραός
1196 326 1269 349 τινος
1283 320 1449 354 μοναστρίας
1459 328 1465 335 ·
1488 321 1514 346 εί
1533 321 1562 347 δὲ
1572 321 1675 358 συμϐῇ,
1687 323 1733 349 καὶ
1747 330 1817 357 συγο

1062 370 1071 387 ‹
1090 362 1154 396 γενῆ
1169 370 1229 388 τινα
1251 363 1322 390 θέλει
1341 363 1515 391 θεάσασθαιὸ
1531 367 1658 402 μοναχδς,
1677 368 1723 394 ἐπὶ
1741 377 1816 404 παρ-

1066 417 1074 433 t
1095 409 1179 444 ουσία
1197 410 1247 443 τῆς
1273 411 1431 449 ἡγουμένης
1445 412 1531 448 ταύτῃ
1554 414 1754 448 προσομιλείτω
1768 415 1816 441 διὰ

1067 463 1077 480 ‹
1099 456 1206 490 μικρῶν
1226 457 1273 483 καὶ
1289 457 1412 493 βραχέων
1432 458 1531 494 λόγων,
1550 460 1598 486 καὶ
1616 461 1757 496 συντόμως
1782 461 1815 494 ἐξ

1066 509 1075 526 ι
1095 501 1180 537 αὐτῆς
1196 502 1422 538 ἀπαναχωρείτω.
1442 514 1452 531 ›

1059 545 1156 573 ΒᾹΛΣ.
1175 547 1219 574 Ἐν
1247 549 1295 581 μὲν
1311 549 1349 584 τῷ
1365 553 1389 576 α’
1406 551 1503 584 κεφαλ.
1519 551 1567 578 τοῦ
1592 552 1624 586 ιβ’
1658 553 1748 580 τίτλου
1765 554 1816 580 τοῦ

1027 592 1160 627 παρόντος
1173 594 1362 630 συντάγματος
1393 597 1623 633 κατεστρώθησαν
1641 599 1757 635 διάφορα
1770 600 1816 626 v6-

1027 647 1099 674 μιμα
1118 641 1197 675 χάριν
1226 641 1280 668 τῶν
1307 644 1498 678 μοναστηρίων
1510 653 1517 660 ·
1532 646 1546 672 ό
1559 646 1588 672 δὲ
1605 647 1701 682 παρὼν
1720 649 1815 674 κανὼν

1025 683 1171 720 διορίζεται
1198 686 1235 721 μὴ
1257 687 1381 721 γίνεσθαι
1408 690 1491 717 διπλᾶ
1515 693 1695 728 μοναστήρια,
1713 694 1758 721 διὰ
1781 695 1816 721 τὸ

1028 729 1066 764 μὴ
1089 731 1315 764 σκανδαλίζεσθαι
1327 735 1360 760 ἐκ
1378 735 1474 762 τούτου
1487 736 1552 768 τοὺς
1567 737 1692 770 πολλούς.
1711 738 1756 770 Ὦς
1782 740 1814 766 δέ

1025 783 1098 807 τινος
1114 772 1237 810 είπόνῖτος
1251 779 1333 806 καλὸν
1355 777 1425 808 εἶναι
1441 782 1487 808 καὶ
1501 784 1707 818 εὐπαράδεκτον
1718 786 1811 818 τοῦτο,

1025 819 1090 846 ὅταν
1105 821 1207 867 ὑποψία
1225 832 1267 855 τις
1286 824 1421 862 ὑποτρέχῃ
1436 826 1480 853 διὰ
1502 827 1536 855 τὰ
1549 829 1703 864 ἁστήρικτα
1724 832 1813 867 πρόσ-

1026 873 1087 891 ωπα
1097 885 1105 899 ,
1119 865 1153 901 (εἰ
1168 864 1222 902 γὸῖρ
1243 868 1403 902 ἀνύποπτοι,
1430 875 1574 907 συγγενεῖς
1585 875 1678 909 τυχὸν,
1700 864 1813 910 ἀδελφοὶ

1026 911 1145 947 ῆὲτεροι
1173 915 1297 947 τοιοῦτοι,
1323 916 1465 952 θελήσουσι
1495 920 1633 954 μονάσαι,
1663 922 1707 949 ἵνα
1728 923 1754 950 τί
1780 924 1813 950 οὐ

1027 959 1314 995 παραχωρηοήσονται
1339 963 1379 995 εἰς
1394 963 1505 991 διπλοῦν
1521 968 1659 994 κατοικεῖν
1673 970 1813 1004 μοναστή-

1027 1005 1115 1039 ριον;)
1151 1008 1232 1039 φασὶν
1247 1008 1272 1034 οἱ
1286 1009 1407 1044 Πατέρες
1434 1010 1471 1042 ὡς
1487 1011 1548 1038 οὐδὲ
1564 1013 1717 1048 τηνικαῦτα
1748 1016 1814 1047 τοὺς

1027 1052 1171 1085 συγγενεῖς
1183 1053 1243 1080 δέον
1267 1054 1327 1081 ἐστὶ
1353 1058 1499 1088 συνοικεῖν.
1527 1057 1571 1085 ἵνα
1601 1060 1639 1095 μὴ
1659 1061 1693 1087 ὲκ
1713 1061 1814 1089 τούτου

1026 1097 1322 1131 προσκόπτωσίτινες’
1350 1101 1409 1128 ἀλλ’
1430 1103 1444 1129 ὁ
1470 1102 1519 1137 μὲν
1543 1105 1614 1140 ἀνὴρ
1644 1107 1744 1134 ἀνιέτω
1771 1109 1816 1140 είς

1025 1142 1129 1178 ἀνδρῶν
1152 1145 1333 1180 μοναστήριον
1360 1147 1522 1176 ἰδιαίτατον·
1539 1150 1602 1185 atas
1622 1151 1690 1186 γυνὴ
1705 1153 1746 1184 είς
1761 1161 1811 1187 γυ-
1838 1155 1840 1158 ’

1025 1190 1154 1217 ναικείον.
1171 1190 1251 1218 Οὕτω
1271 1193 1325 1228 γὰρ
1348 1193 1451 1226 ζῶντες
1482 1198 1692 1232 κεχωρισμένοι,
1716 1199 1814 1234 εὐαρέ-

1026 1243 1098 1266 στως
1114 1236 1288 1265 δουλεύσουσι
1302 1239 1341 1274 τῷ
1353 1240 1424 1276 Θεῷ.
1446 1241 1487 1267 Τὰ
1503 1243 1596 1277 μέντοι
1624 1247 1812 1279 προγεγονότα

1025 1280 1107 1307 διπλᾶ
1135 1284 1303 1318 μοναστήρια
1334 1287 1572 1319 παρεκελεύσαντο
1608 1289 1811 1324 πολιτεύεσθαι,

1025 1327 1097 1354 κατὰ
1117 1328 1163 1354 τὸν
1185 1330 1299 1364 ὁρισμὸν
1320 1333 1368 1358 καὶ
1387 1331 1436 1368 τὴν
1458 1332 1591 1368 διαταγὴν
1616 1335 1663 1362 τοῦ
1689 1337 1812 1371 μεγάλω

1025 1374 1132 1410 Πατρδς
1146 1375 1299 1410 Βασιλείου,
1319 1378 1404 1413 ἤγουν
1423 1378 1461 1413 μὴ
1489 1380 1702 1413 συνδιαιτᾶσθαι,
1732 1391 1812 1409 rout-

1025 1420 1082 1447 ἐστι
1095 1422 1131 1456 μὴ
1148 1424 1281 1450 συνοικεῖν
1309 1424 1408 1458 ἄνδρας
1424 1425 1472 1452 καὶ
1490 1427 1623 1460 γυναῖκας
1652 1429 1682 1454 ἐν
1699 1428 1740 1455 ἑνὶ
1762 1437 1811 1464 μο-

1027 1470 1184 1504 ναστηρίῳ·
1203 1469 1244 1496 ὅτι
1266 1470 1367 1505 ὑποψία
1394 1471 1451 1498 ἐστὶ
1471 1473 1594 1507 μοιχείας
1619 1473 1673 1500 ἀπὸ
1690 1475 1741 1508 τῆς
1763 1484 1811 1502 συο

1025 1514 1186 1548 νοικὴσεως.
1210 1515 1291 1542 Ἀλλὰ
1310 1516 1377 1550 μηδὲ
1398 1518 1515 1553 μοναχὸς
1530 1519 1616 1553 ἐχέτω
1635 1520 1726 1547 ἄδειαν
1739 1522 1810 1556 μετὰ

1027 1561 1147 1595 μοναχῆς
1161 1562 1223 1588 κατ’
1251 1561 1319 1588 ἰδίαν
1336 1564 1511 1598 προσομιλεῖν
1526 1564 1542 1599 ἥ
1560 1564 1720 1599 συνεσθίειν,
1747 1568 1763 1602 ἢ
1780 1569 1809 1593 ἐν

1024 1608 1171 1641 γυναικείῳ
1188 1609 1362 1644 μοναστηρίῳ
1375 1610 1613 1646 διανυκτερεύειν·
1627 1612 1722 1648 ὥσπερ
1746 1615 1807 1641 οὐδὲ

1023 1652 1053 1678 τὸ
1072 1652 1217 1681 ἀνάπαλιν.
1251 1654 1292 1681 Τὰ
1320 1655 1348 1681 δὲ
1373 1656 1511 1690 ἀναγκαῖα
1531 1651 1602 1689 ταῖσ
1627 1660 1807 1693 μοναζοῠσαις

1023 1699 1242 1733 ἀποκομίζεσθαι
1252 1700 1302 1727 ’διὰ
1330 1701 1445 1736 ἀνδρῶν,
1470 1704 1529 1739 οὐχὶ
1556 1705 1632 1737 ἐντὸς
1649 1706 1697 1731 τοῦ
1723 1716 1806 1739 μονα-

1024 1746 1147 1781 στηρίου,
1162 1746 1230 1772 ἀλλὰ
1247 1747 1326 1779 ἐκτὸς
1340 1748 1390 1782 τῆς
1419 1748 1506 1783 πύλης
1536 1749 1620 1776 αὑτοῦ
1646 1751 1690 1777 διὰ
1716 1754 1805 1788 χειρὸς

1022 1791 1179 1826 ἡγουμένης
1195 1792 1241 1818 καὶ
1259 1793 1422 1828 μοναστρίας
1435 1796 1527 1828 γραός.
1547 1796 1577 1822 Εἰ
1592 1797 1692 1830 δήποτέ
1704 1806 1748 1830 τις
1759 1808 1807 1833 μο-

1023 1837 1103 1872 νιχὸς
1117 1837 1226 1870 θελήσει
1242 1837 1390 1865 Θεάσασθαι
1412 1840 1581 1874 μονάζουσαν
1607 1844 1725 1878 συγγενῆ
1755 1846 1806 1870 αὑ-

1022 1882 1079 1916 τοῦ,
1098 1883 1135 1918 μὴ
1159 1884 1377 1919 παραχωρείσοω
1396 1887 1455 1912 κατ’
1471 1886 1537 1912 latr;
1557 1887 1616 1920 μετ’
1640 1889 1725 1923 αὐτῆς
1740 1899 1805 1916 συν-

1023 1928 1107 1962 είρειν
1126 1928 1233 1962 λόγους,
1249 1930 1317 1956 ἀλλὰ
1344 1931 1414 1957 κατὰ
1430 1932 1581 1966 παρουσίαν
1592 1934 1641 1968 τῆς
1654 1935 1806 1970 ἡγουμένης

1022 1976 1068 2001 καὶ
1082 1975 1112 2001 ὲν
1129 1975 1253 2010 συντόμῳ
1267 1976 1428 2011 ἀναχωρεῖν.
1452 1978 1488 2004 Τὸ
1511 1979 1598 2014 ὄνομα
1617 1980 1646 2007 δὲ
1667 1981 1716 2016 τῆς
1736 1982 1806 2008 διαί-

1022 2021 1143 2058 τηςλούκ
1179 2021 1381 2056 ὲκλαμὸἀνεται
1412 2024 1454 2054 είς
1483 2024 1619 2060 εὐωχίαν,
1644 2027 1716 2053 κατὰ
1741 2028 1805 2060 τοὺς

1023 2068 1242 2102 γραμματικοὺς,
1268 2068 1326 2095 ἀλλ’
1354 2070 1395 2100 εἰς
1431 2070 1607 2106 κατοίκησιν·
1631 2072 1722 2100 δίαιτα
1750 2073 1805 2110 γὰρ

1023 2113 1098 2149 παρὰ
1115 2115 1170 2146 τοῖς
1193 2116 1314 2149 νομικοῖς
1332 2116 1355 2150 ὴν
1367 2117 1495 2143 κατοικία
1518 2117 1587 2145 ἐστί.
1607 2118 1694 2145 Διπλᾶ.
1711 2119 1740 2146 δὲ
1757 2129 1806 2153 μο-

1023 2161 1156 2194 ναστήρια
1181 2158 1259 2187 εἶπόν
1273 2169 1347 2193 τινες
1374 2161 1502 2195 λέγεσθαι
1525 2163 1556 2190 οὗ
1586 2164 1621 2191 τὰ
1649 2165 1747 2200 ἔχοντα
1776 2167 1805 2193 ὲν

1022 2205 1114 2240 ταυτῷ
1128 2207 1174 2233 καί¹
1189 2206 1288 2242 ἄνδρας
1302 2207 1350 2234 καὶ
1375 2209 1517 2242 γυναῖκας,
1537 2210 1605 2237 ἀλλὰ
1630 2211 1664 2237 τὰ
1691 2212 1805 2246 πλησίον

1023 2252 1073 2279 καὶ
1090 2252 1237 2288 ἡνωμὲνως
1251 2254 1404 2286 κτισθέντα,
1421 2255 1467 2282 καὶ
1479 2255 1640 2291 λογιζόμενα
1658 2257 1688 2283 ἓν
1701 2258 1804 2285 ὡσανεὶ

1021 2297 1064 2324 διὰ
1090 2299 1138 2334 τὴν
1178 2299 1278 2334 πολλὴν
1312 2300 1435 2335 ἑνότητα.
1475 2302 1542 2328 Ἀπὸ
1562 2302 1590 2329 δὲ
1614 2303 1662 2330 τοῦ
1692 2305 1804 2336 κανόνος

1020 2345 1199 2379 ἀναφαίνεται
1213 2346 1250 2381 μὴ
1267 2345 1393 2380 λέγεσθαι
1407 2347 1452 2374 διὰ
1469 2348 1547 2374 τοῦτο
1569 2349 1652 2376 διπλᾶ
1666 2351 1803 2385 μοναστή-

1023 2400 1079 2426 ρια,
1097 2391 1164 2418 ἀλλὰ
1181 2391 1220 2417 ὅτι
1236 2393 1265 2417 ὲν
1279 2392 1319 2418 ἐνὶ
1332 2394 1378 2419 καὶ
1394 2393 1431 2428 τῷ
1448 2393 1522 2428 αὺτῷ
1550 2396 1722 2431 μοναστηρίνιι
1739 2404 1804 2423 κατ-

1021 2436 1109 2472 ῴκουν
1126 2437 1201 2468 ποτε,
1216 2437 1254 2468 ὡς
1282 2438 1380 2470 ἔοικεν,
1393 2438 1488 2474 ἄνδρες
1512 2439 1558 2466 καὶ
1580 2442 1719 2474 γυναῖκες.
1744 2443 1803 2468 Διο-

1022 2481 1127 2519 ρίζεται
1139 2482 1193 2516 γὰρ
1204 2482 1267 2513 τοὺς
1282 2484 1443 2518 προσγενεῖς
1459 2485 1626 2519 ἀφίστασθαι
1644 2487 1684 2518 εἰς
1694 2487 1802 2522 ἀνδρῷα

1021 2527 1069 2553 καὶ
1080 2528 1221 2561 γυναικεῖα
1236 2529 1417 2564 μοναστήρια,
1433 2529 1471 2560 ὼς
1497 2529 1580 2565 οὔσης
1608 2530 1802 2567 κεκωλυμένης

1020 2573 1070 2607 τῆς
1094 2574 1134 2604 εἰς
1158 2573 1222 2600 αὐτὸ
1249 2573 1295 2599 καὶ
1307 2573 1336 2600 ἓν
1361 2575 1500 2606 κατοικίας
1527 2575 1638 2605 τούτων.
1663 2577 1800 2609 Ὡσαύτως

1022 2612 1239 2654 παρακελεύεται
1257 2619 1293 2654 μὴ
1313 2619 1478 2652 διαιτᾶσθαι,
1505 2622 1630 2648 τουτέστι
1645 2623 1684 2658 μὴ
1706 2628 1800 2650 ¹συνοι-

1021 2668 1090 2698 κεῖν,
1123 2667 1151 2693 ἐν
1178 2667 1218 2693 ἐνὶ
1251 2667 1424 2702 μοναστηρὶῳ
1457 2667 1557 2702 ἄνδρας
1582 2670 1630 2695 καὶ
1655 2671 1806 2703 γυναῖκας.-

1026 2712 1175 2746 Ἀνάγνωθι
1191 2713 1236 2739 καὶ
1248 2712 1293 2738 τδν
1307 2713 1367 2739 ὅλον
1380 2713 1487 2748 πρῶτον
1508 2714 1598 2740 τίτλον
1622 2715 1668 2742 τοῦ
1704 2716 1726 2742 ἃ
1760 2716 1799 2751 βι-

1021 2758 1106 2791 ϐλίου,
1125 2758 1285 2784 διδάσκοντα
1307 2760 1372 2793 περὶ
1396 2759 1526 2786 τοιούτων
1552 2760 1669 2793 πολλῶν,
1685 2761 1797 2796 διοριζό-

1023 2813 1102 2843 μενον
1131 2806 1198 2840 μήτε
1214 2805 1331 2839 μοναχὸν
1350 2805 1418 2840 μήτε
1437 2805 1531 2832 λαῖκὸν
1564 2808 1674 2833 εἰσιέναι
1690 2808 1730 2838 εἰς
1745 2817 1796 2842 γυ·

1021 2852 1139 2878 ναικεῐον
1173 2847 1352 2886 μοναστήριον
1382 2851 1462 2886 χάριν
1494 2852 1793 2887 οἱασδῄαινοςάἰτίας·
