1933 3112
145 151 196 181 $93

625 152 666 182 IN
685 151 768 183 CAN.
783 129 854 182 nt
871 152 974 183 ceNc.
996 151 1052 182 vn
1070 151 1245 182 (ECUMEN.

1709 154 1763 185 995

144 209 323 236 διατυποῦντα
346 209 375 236 δὲ
395 210 442 236 καὶ
455 210 490 236 τὰ
507 209 570 243 περὶ
584 209 637 235 τῶν
648 208 808 243 ὀφειλόντων
824 210 921 244 ἱερουρ·

983 208 1082 236 debent
1106 209 1262 237 ministrare
1285 210 1312 237 in
1327 210 1503 238 muliebribus
1525 213 1708 246 monasteriis,
1734 219 1762 240 et

144 258 202 290 γεῖν
218 257 246 282 ὲν
261 257 320 286 ταῖς
335 258 504 289 γυναικείαις
525 257 619 290 μοναῖς
642 256 690 281 καὶ
719 255 753 281 τὰ
780 255 844 291 περὶ
867 250 928 281 ¹’τῶν

145 302 361 337 ἁποκρισιαριων
378 302 467 329 αὐτῶν
483 303 529 328 καὶ
543 301 644 328 λοιπῶν
661 301 838 336 διακονητῶν.

181 348 302 385 ΖΩΝΔῑζ.
321 348 428 375 Κωλῠει
441 349 454 375 ὁ
478 347 568 375 κανὼν
582 348 666 374 διπλᾶ
688 347 811 382 γίνεσθαι
843 357 927 384 μονα-

146 397 255 429 στήρια.
273 395 328 430 Οὐχ
342 394 410 429 ὁμοῦ
432 395 460 421 δὲ
483 395 578 430 διῆγον
591 396 649 425 τοῖς
665 395 813 429 μονασταῖς
827 395 861 421 ai‘
878 404 927 430 μο-

145 440 317 471 νάξουσαιὲν
330 442 387 472 τοῖς
402 440 536 472 τοιούτοις
562 441 774 476 μοναστηριοιςξ⁹
800 441 858 477 ἀλλ’
882 441 928 475 ἐγ-

144 493 225 519 γιστα
242 485 383 520 κατῴκουν
395 486 519 521 ἀλλήλων
529 494 537 502 ·
555 486 626 513 ὥστε
646 487 692 514 καὶ¹
706 486 789 522 ἄμφω
803 486 927 522 ἀλλήλων

102 528 106 532 ”
144 531 263 560 ἀκούειν.
288 532 373 559 Τοῦτο
402 533 460 565 οὖν,
482 534 638 566 ’ὑποκνιζον
666 542 696 560 τε
717 535 758 565 εἰς
781 534 929 569 λογισμοὺς

144 576 288 610 ἐμπαθεῖς,
307 577 394 612 ῆικαὶ
407 578 447 609 εἰς
461 579 496 605 τὰ
522 578 598 614 πάθη
624 579 704 609 αὐτὰ,
720 579 767 606 καὶ
789 580 829 612 εὶς
846 574 929 607 ari-iv-

143 621 221 648 δαλον
235 622 263 648 δὲ.
279 624 336 653 τοῖς
353 623 459 655 πολλοῖς
468 624 622 658 γινόμενον,
636 624 722 660 ὁρῶσι
735 625 928 661 σχεδδνσυνοι-

143 668 242 698 κούσας
257 664 370 705 ἀνδράσι
384 671 528 704 γυναῖκας,
543 671 587 697 διὰ
603 671 654 705 τὴν
667 672 738 698 πάνυ
754 671 809 698 τῶν
832 681 928 701 καιτοι·
944 675 947 678 ⁴

143 717 211 743 κιὼν
226 718 365 752 ἑκατέρων
383 717 533 752 ἐγγύτητα,
563 716 715 751 ἀποτρέπει
730 718 747 754 ή
764 719 873 750 σύνοδος
883 720 927 753 γί-

142 762 247 790 νεσθαι.
264 763 295 788 Εἰ
310 763 338 789 δέ
354 772 438 794 τινες,
464 763 541 799 φησὶ,
576 764 646 799 μετὰ
674 765 813 798 συγγενῶν
831 773 928 799 προαι-

105 822 109 823 ν
143 807 253 842 ροῦνται
283 809 521 841 ἀποτάξασθαι,οι
545 810 595 845 μὲν
626 809 722 845 ἄνδρες
750 811 790 842 εἰς
822 811 928 846 ἀνδρῶν

140 854 352 889 ἀπερχέσθωσαν
373 856 562 891 μοναστὴριον,
576 857 603 885 αι
617 856 646 882 δὲ
659 858 786 891 γυναῖκες
813 858 854 889 εἰς
873 866 925 892 γυ-

140 902 268 928 ναικεῖον.
291 901 369 928 Οὕτω
386 902 439 937 γὰρ
459 902 644 937 εὐαρεστεῖται
656 903 670 929 ό
693 903 768 934 Θεὸς,
785 903 845 930 ἀντὶ
864 903 922 938 τοῦ1

140 945 225 978 οὕτως
246 947 400 982 εὐαρέστως
413 948 587 975 δουλεύσουσι
599 949 638 984 τῷ
652 948 722 984 Θεῷ,
738 949 791 985 ὶδιᾳ
809 949 923 983 ζῶντες,

140 994 189 1020 καὶ
205 993 253 1019 ἀπ’
269 994 392 1029 ἀλλήλων
405 986 616 1030 κεγωρισμένοι,
629 995 700 1022 ὥστε
710 996 838 1031 ἀλλήλοις
855 997 924 1031 μήτε

139 1040 181 1071 εὶς
191 1039 367 1075 παροξυσμὸν
382 1038 452 1067 εἶναι
469 1041 561 1076 βιοτῆς
577 1041 729 1076 ὲμπαθοῦς,
745 1043 814 1077 μήτε
834 1042 926 1074 ἄλλοις

139 1087 180 1117 εις
197 1086 357 1115 σκάνδαλον.
380 1086 456 1113 Ὅσα
473 1087 501 1114 δὲ
519 1088 569 1124 ήδη
597 1089 726 1122 γεγόνασι
739 1088 822 1116 διπλᾶ
845 1097 927 1123 μονα-

103 1130 107 1132 V
141 1133 251 1167 στήρια,
284 1133 441 1167 Ἔστωσαν,
472 1135 551 1169 φησὶ,
593 1135 640 1160 καὶ
675 1134 925 1169 οἱκονομεῑσθωσαν

139 1179 212 1206 κατὰ
227 1179 277 1214 τὴν
286 1179 418 1215 διαταγὴν
438 1180 486 1208 καὶ
502 1181 548 1207 τὸν
561 1181 646 1207 τύπον
659 1180 706 1207 τοῦ
725 1178 844 1216 μεγὶὶλου
874 1182 928 1208 Βα-

140 1225 251 1258 σιλείου,
268 1226 316 1252 καὶ
404 1226 604 1254 διαιτάσθωσαν
629 1227 658 1252 ὲν
687 1226 727 1252 ἑνὶ
748 1227 926 1263 μοναστηρίῳ

140 1272 254 1307 μοναχοὶ
263 1273 310 1299 καὶ
325 1274 497 1309 μονάστριαι.
512 1274 606 1301 Δίαιτα
621 1274 640 1300 5’
652 1274 769 1301 ἐνταῦθα
780 1275 810 1301 οὐ
824 1277 853 1301 τὸ
867 1284 928 1301 συν-

99 1352 101 1354 ,
141 1318 242 1345 εσθιειν
260 1319 328 1354 ὁμοῦ
348 1319 481 1351 καλεῖται,
504 1319 583 1355 ἀλλίὴ
600 1320 659 1355 μετ’
674 1320 797 1355 ἀλλήλων
822 1321 928 1347 συνδια-

140 1364 217 1397 γωγὴ
231 1363 277 1389 καὶ
290 1364 461 1399 ἀναστροφή.
476 1364 546 1398 Μηδ*
559 1364 696 1398 ἐχέτωσαν
711 1364 780 1398 πρὸς
795 1364 927 1399 ἀλλήλους

139 1408 299 1443 παρρησίαν
315 1409 431 1444 μοναχός
444 1418 474 1438 τε
485 1410 532 1436 καὶ
541 1410 658 1444 μοναχὴ,
668 1410 738 1436 ὥστε
750 1411 868 1437 συνιέναι
882 1411 926 1437 ὅτε

140 1452 282 1488 βούλοιντο,
292 1454 340 1481 καὶ
354 1454 478 1490 ἀλλήλοις
487 1456 672 1491 προσομιλεῖν,
681 1456 748 1491 μηδὲ
760 1455 926 1488 κοιταζέσθω

140 1500 255 1535 μοναχὸς
266 1501 295 1526 ὲν
306 1501 454 1536 γυναικείῳ
477 1502 661 1536 μοναστηρὶῳ,
679 1502 747 1537 μηδὲ
765 1502 927 1529 συνεσθιέτω

139 1546 294 1581 καταμόνας
307 1547 555 1583 μοναζούσῃ.”Δλλᾶ
567 1547 618 1574 κᾶν
635 1536 763 1584 χορηγεῖν
784 1549 880 1579 αὐταῖς
891 1548 926 1575 τὰ

139 1591 275 1625 ἀναγκαῖα
289 1592 412 1627 μέλλοιεν
424 1594 454 1620 ἐκ
466 1595 515 1628 τῆς
527 1593 648 1629 ἂνδρῴας
665 1594 761 1629 μονῆς,
772 1594 808 1629 μὴ
822 1594 926 1621 εἰσίτω-

140 1645 190 1664 σαν
202 1639 313 1674 μοναχοὶ
325 1640 461 1677 ὲντὸςτοῦ
474 1641 628 1674 γυναικείου
646 1641 843 1676 μονιστηρίου·
857 1640 924 1667 ἀλλὰ

142 1684 224 1719 μέχρι
242 1685 290 1719 τῆς
319 1686 407 1722 πύλης
426 1686 548 1718 ἐλθόντες
572 1687 801 1727 προσμενὲτωσαν
824 1687 887 1720 ἔξω,
905 1687 922 1722 ἡ

139 1727 166 1755 δὲ
178 1731 338 1764 προεστῶσα
370 1732 438 1767 μετὰ
452 1733 576 1768 γηραιῶν
603 1733 776 1768 μοναζηυσῶν
808 1732 922 1759 ἐλθοῦσα

140 1775 208 1809 ’πρὸς
221 1776 271 1810 τὴν
287 1776 374 1810 πύλην
394 1778 558 1812 λαμϐανέτω
585 1779 620 1805 τὰ
649 1779 825 1814 κομισθέντα.
837 1778 868 1805 El
893 1777 922 1804 δὲ

139 1819 188 1846 καὶ
204 1822 324 1855 συγγενῆ
345 1824 451 1850 οἰκείαν
478 1824 541 1850 ἰδεῖν
562 1825 640 1860 ζητεῖ
664 1825 790 1860 μοναχὺς,
817 1823 923 1858 παρούτ

140 1872 190 1899 σης
205 1865 255 1899 τῆς
271 1867 426 1901 ἡγουμένης
437 1867 581 1894 θεασάσθω
605 1868 701 1903 αὐτὴν,
714 1868 761 1894 καὶ
792 1875 925 1902 προσομι-

139 1911 218 1938 Αείτω
231 1911 265 1938 δι’
276 1911 372 1946 ὀλίγων
389 1913 485 1946 λόγων,
501 1913 574 1939 ὥστε
593 1913 696 1948 ταχέως
714 1913 876 1948 ὑποχωρεῖν.

139 1964 199 1993 quse
211 1956 360 1984 atteruntur
385 1958 509 1992 accipiat.
531 1959 559 1986 Si
585 1960 648 1994 quis
675 1967 738 1986 vero
760 1959 841 1986 etiam
873 1958 1014 1992 cognatam
1051 1954 1141 1982 risere
1181 1955 1332 1983 monachus
1369 1957 1480 1992 cupiat,

980 255 1012 282 de
1027 255 1149 289 ipsorum
1170 256 1357 290 apocrisiariis
1371 263 1397 283 et
1412 257 1527 292 reliquis
1543 259 1689 286 ministris.

1015 343 1144 372 ZONAR.
1168 346 1291 381 Duplicia
1312 347 1356 375 ltic
1382 355 1471 375 canon
1500 350 1670 379 monasteria
1701 351 1759 380 liet'i

978 396 1063 419 vetat.
1081 392 1110 419 ln
1126 392 1160 420 iis
1174 392 1265 421 autem
1283 402 1336 421 non
1353 402 1415 422 cum
1434 395 1502 423 viris
1517 396 1601 426 simul
1625 397 1652 424 in
1664 398 1759 426 eodem

978 437 1040 465 loco
1067 438 1175 477 feminae
1207 440 1362 475 degebant,
1380 442 1436 469 'sed
1460 441 1497 469 ita
1530 442 1704 478 propinquo,
1728 451 1758 471 nt

979 491 1059 511 voces
1075 484 1168 513 audire
1184 486 1355 522 reddereque
1368 488 1483 515 invicem
1504 490 1613 524 utrique
1635 496 1757 525 possent.

978 530 1013 561 Id,
1033 538 1110 567 ergo,
1142 532 1205 566 quia
1232 532 1361 560 nimirum
1388 541 1421 561 ex
1450 542 1484 562 eo
1525 535 1559 562 ad
1579 537 1759 571 cogitationes

978 576 1076 604 molles
1093 584 1126 603 ac
1142 582 1259 610 teneras,
1275 583 1324 606 aut
1336 580 1370 607 ad
1385 580 1457 614 ipsas
1473 588 1582 616 quoque
1598 582 1759 611 libidinosas

978 620 1149 655 all‘ectiones,
1165 623 1286 650 titillatio
1302 624 1439 652 exsistere
1451 625 1529 653 facile
1552 632 1653 660 posset,
1673 628 1758 656 oll‘en-

979 666 1140 701 sionemque
1153 668 1248 696 multis
1265 668 1377 697 allerret
1394 670 1440 697 illa
1460 671 1596 704 vicinitas,
1613 681 1674 708 quae
1696 682 1759 709 spu-

978 713 1047 739 cicm
1071 712 1098 740 in
1133 714 1230 742 eodem
1261 715 1338 750 quasi
1367 716 1504 745 domicilio
1530 722 1757 748 commorantinnt

977 756 1098 784 virorum
1118 765 1149 785 ac
1163 759 1308 787 mulierum
1323 760 1474 794 exhiberet,
1489 760 1665 799 nullo,modo
1678 772 1759 799 syno-

977 803 1029 830 dus
1047 803 1127 831 licere
1143 803 1276 831 decernit.
1294 805 1372 838 Quod
1390 806 1413 833 si
1427 805 1484 840 qui,
1503 806 1601 842 inquit,
1619 816 1672 835 una
1696 817 1757 836 cum

977 849 1102 883 cognatis
1133 850 1236 877 mundo
1261 851 1418 879 renuntiare
1441 852 1564 888 cupiant,
1582 853 1634 881 viri
1649 855 1759 889 quidem

978 895 1009 922 ad
1026 896 1158 928 virorum,
1176 897 1308 925 mulieres
1333 903 1423 925 autem
1458 899 1492 926 ad
1515 899 1678 928 feminarum
1702 910 1762 929 mn-

977 942 1098 969 nasteria
1112 950 1140 969 se
1151 943 1304 971 conferant.
1317 943 1361 972 Sic
1373 945 1444 972 ettim
1460 945 1516 972 Deo
1528 951 1667 982 acceptum
1678 948 1759 983 3.27

976 992 1029 1019 est,
1046 987 1100 1015 Deo
1113 988 1155 1016 sic
1173 985 1278 1024 accepti
1294 990 1425 1023 servient,
1442 991 1464 1018 si
1494 993 1610 1026 sejuncti
1640 994 1756 1022 invicem

978 1041 1009 1060 ac
1026 1034 1106 1061 divisi
1122 1035 1204 1062 vitam
1220 1040 1376 1070 agant,nec
1388 1037 1456 1064 alter
1466 1038 1543 1066 alteri
1556 1040 1759 1069 incitamentum

979 1081 1012 1106 ad
1038 1080 1193 1114 libidinem,
1225 1089 1314 1116 neque
1337 1083 1398 1110 aliis
1421 1083 1600 1113 offensionem
1629 1087 1758 1121 prmbeat.

978 1126 1044 1158 Quae
1058 1131 1148 1154 autent
1164 1127 1282 1162 duplicia
1292 1130 1459 1156 monasteria
1471 1130 1526 1164 jam
1541 1132 1667 1160 instituta
1684 1140 1758 1164 sunt,

977 1177 1117 1204 maneant,
1133 1172 1233 1207 inquit,
1250 1181 1281 1201 ac
1294 1174 1371 1209 juxta
1386 1176 1475 1210 magni
1511 1176 1602 1204 Basilii
1627 1181 1761 1206 constitu-

977 1218 1082 1245 tionem
1099 1226 1280 1254 normamque
1296 1220 1538 1249 administrentur:
1556 1230 1645 1258 neque
1658 1225 1686 1252 in
1706 1234 1760 1252 uno

976 1264 1144 1291 monasterio
1173 1266 1301 1293 monachi
1327 1266 1408 1294 simul
1439 1273 1466 1295 et
1492 1270 1631 1297 monachae
1652 1271 1760 1306 degant.

976 1310 1072 1337 Δίαιτα
1097 1318 1214 1346 namque
1240 1311 1292 1339 hoc
1319 1312 1390 1347 loco,
1425 1322 1480 1342 non
1506 1316 1629 1351 ejusdem
1659 1326 1760 1345 mensa:

978 1356 1213 1389 communionem,
1230 1359 1278 1386 sed
1303 1359 1365 1386 vita:
1388 1364 1510 1388 mutuam
1533 1364 1757 1392 consuetudinem

977 1401 1243 1438 familiaritatemque
1258 1404 1406 1440 signiﬁcat.
1424 1405 1517 1442 Neque
1532 1415 1595 1436 vero
1611 1417 1642 1436 ea
1657 1418 1757 1437 conce-

977 1448 1058 1475 datur
1073 1449 1119 1476 ulli
1134 1449 1268 1477 monacho
1282 1451 1325 1478 vel
1341 1453 1481 1479 monachae
1500 1453 1621 1488 licentia,
1634 1460 1663 1482 ut
1678 1456 1759 1484 simul

977 1494 1096 1529 colloqui
1113 1499 1228 1530 uterque
1241 1497 1427 1532 congredique
1449 1506 1499 1533 pro
1514 1499 1629 1527 arbitrio
1646 1507 1760 1536 queant,

979 1534 1067 1575 neque
1083 1541 1109 1568 in
1124 1542 1250 1569 muliebri
1264 1543 1431 1571 monasterio
1442 1545 1593 1574 monachus
1608 1553 1759 1581 pernoctet.

979 1594 1067 1620 neque
1081 1594 1204 1614 seorsum
1214 1582 1282 1614 ‘cum
1301 1589 1411 1616 tnoniali
1428 1586 1519 1625 'aliqua
1543 1591 1633 1619 cibqu
1659 1594 1758 1628 capiat.
1805 1620 1808 1627 ,

977 1631 1079 1659 Verum
1104 1633 1210 1660 etiamsi
1238 1635 1402 1670 quandoque
1422 1636 1455 1663 ad
1481 1637 1581 1665 victum
1605 1641 1758 1667 necessaria

976 1685 1010 1706 ex
1038 1679 1159 1706 virorum
1196 1681 1364 1708 monasterio
1396 1682 1563 1712 monialibus
1592 1685 1759 1720 suppeditari

982 1725 1140 1760 contingat,
1176 1733 1351 1762 nequaquam
1392 1728 1461 1756 intra
1492 1735 1566 1764 septa
1601 1733 1758 1759 monasterii

977 1770 1120 1798 muliebris
1137 1772 1264 1799 monachi
1282 1773 1471 1808 ingrediantur
1485 1783 1493 1802 :
1516 1776 1563 1802 sed
1584 1777 1629 1804 ubi
1645 1778 1678 1804 ad
1694 1785 1760 1812 por-

979 1821 1034 1844 tam
1050 1818 1233 1851 pervenerint,
1249 1823 1325 1845 extra
1347 1819 1419 1847 fores
1437 1816 1606 1855 consistant;
1633 1824 1757 1857 prarfecta

977 1868 1044 1888 vero
1082 1869 1198 1895 earum,
1225 1870 1285 1897 quae
1327 1869 1408 1892 aetate
1444 1868 1628 1900 provectiores
1670 1875 1757 1902 sunt,

977 1907 1136 1935 mouialium
1162 1909 1293 1936 comitatu
1317 1914 1403 1943 septa,
1429 1917 1513 1945 porta:
1538 1914 1758 1950 appropinquans

1525 1963 1657 1993 prasente
1700 1970 1756 1990 tne-

139 2003 251 2031 nasterii
282 2000 406 2038 praelecta
439 2003 466 2031 id
500 2004 592 2036 iaciat,
624 2005 754 2039 brevique
780 2003 918 2039 colloquio
938 2007 1005 2029 usus
1019 2007 1099 2034 quam
1112 2000 1365 2039 primum_recedat.

139 2050 249 2077 ΔΡΙΣΤ.
279 2059 288 2076 t
310 2049 355 2084 Μὴ
378 2050 435 2085 ἧτω
463 2049 542 2077 διπλᾶ
566 2051 742 2086 μοναστήρια,
767 2050 833 2085 μηδὲ
849 2049 919 2076 διαι-

139 2089 144 2094 ”
178 2105 187 2122 t
211 2096 354 2123 τάσθωσαν
376 2096 404 2122 ὲν
435 2095 510 2130 αὖτῷ
538 2096 650 2131 μοναχοὶ
674 2096 721 2124 καὶ
745 2095 917 2130 μονάστρὶαι.

177 2151 188 2166 σ
211 2142 279 2178 μηδὲ
298 2141 455 2176 καταμόνας
468 2141 657 2176 ὁμιλειτωσαν·
682 2140 748 2167 ἀλλὰ
775 2141 822 2168 καὶ
848 2140 875 2167 εῐ
892 2149 919 2168 τι

178 2197 188 2214 ι
210 2187 362 2222 διακομίσει
382 2186 451 2222 ἀνὴρ
477 2188 616 2221 κανονικῇ,
641 2186 692 2218 ἔξω
714 2186 801 2221 μένων
814 2185 918 2218 διδότω,

178 2243 188 2260 t
212 2233 259 2260 καὶ
273 2234 322 2268 τὴν
335 2232 452 2267 συγγενῆ
467 2232 518 2259 ὑπὸ
539 2231 690 2267 παρουσίας
703 2232 752 2267 τῆς
767 2230 920 2266 ἡγουμένης

178 2290 187 2307 t
210 2279 325 2306 θεάσθω.
351 2287 360 2303 ι

177 2326 271 2353 Iliso»
297 2324 447 2358 ἀσφάλειαν
469 2323 560 2350 ἔθεντο
572 2324 596 2350 οἱ
613 2323 743 2358 Πατέρις,
759 2323 803 2350 ἵνα
828 2323 865 2358 μὴ
885 2324 918 2359 τῇ

142 2372 273 2408 μοναδικῇ
304 2369 426 2405 πολιτείᾳ
454 2369 549 2405 μῶμός
575 2373 628 2404 ξτις
657 2368 841 2404 ἑπιτρίδηται,
873 2369 920 2401 καὶ

141 2417 312 2454 προσέταξαν
335 2416 373 2450 μὴ
400 2416 428 2442 ὲν
443 2415 534 2450 ταυτῷ
559 2415 707 2441 συνεσθίειν
729 2415 863 2450 μοναχοὺς
874 2415 921 2441 καὶ

144 2463 320 2500 μοναστρίας,
338 2461 404 2496 μηδὲ
420 2460 488 2496 πρὸς
503 2460 634 2497 ἀλλήλους
647 2459 752 2494 ὁμιλεῖν
765 2459 826 2486 κατ’
839 2459 918 2487 ιδιαν·

143 2509 210 2536 ἀλλὰ
225 2508 276 2534 κᾶν
292 2506 410 2541 συγγενῆ
435 2514 496 2531 τινα
522 2504 589 2540 θέλῃ
615 2504 762 2531 θεάσασθαι
792 2505 918 2538 μοναχδς,

143 2553 278 2590 παρουσία
293 2552 344 2586 τῆς
357 2550 510 2586 ἡγουμένης
525 2550 610 2585 ταύτῃ
624 2549 808 2585 προσομιλεῖν.
827 2550 880 2575 Καὶ
895 2549 922 2576 εἴ

141 2609 168 2627 τι
181 2599 235 2626 τῶν
251 2597 406 2632 αναγκαίων
420 2596 466 2622 τοῦ
481 2595 539 2630 βίου
555 2595 610 2621 ἀπὸ
624 2594 671 2621 τοῦ
695 2593 816 2630 ἀνδρῴου
833 2603 918 2629 μονα⁴

144 2646 253 2679 στηριου
266 2641 413 2677 διακομίσῃ
428 2640 496 2675 πρὸς
511 2640 558 2671 τὰς
577 2639 749 2674 μοναζοὺσας
762 2641 775 2665 ὁ
790 2640 917 2674 μοναχὸς,

143 2690 195 2722 ἔξω
208 2689 257 2723 τῆς
270 2687 353 2722 μονῆς
368 2686 472 2714 ἑστῶτα
486 2685 583 2712 διδόναι
598 2684 675 2722 τοῦτο
687 2685 720 2720 τῇ
733 2685 882 2720 ἡγουμένῃ.

441 2731 559 2759 KANQN
579 2731 643 2758 ΚΝ.

147 2791 157 2808 t
179 2781 217 2808 Οὐ
230 2780 270 2807 δεῖ
285 2779 401 2815 μοναχὸν
415 2779 431 2814 ἢ
448 2777 612 2813 μονάστριαν
629 2777 845 2812 καταλιμπάνειν
869 2778 918 2813 τὴν

181 2837 191 2854 ‹
213 2826 315 2854 οἰκείαν
337 2826 428 2861 μονὴν,
451 2825 498 2851 καὶ
513 2826 553 2856 εἰς
580 2824 676 2859 ἑτέραν
697 2824 880 2858 ἀπέρχεσθαι·
895 2825 919 2852 ει

169 2888 171 2892 -
183 2884 193 2900 t
214 2874 243 2901 δὲ
257 2873 346 2906 συμ6ἦ
358 2871 448 2904 τοῦτο,
459 2870 652 2910 ξενοδοχεῖσθαι
665 2868 745 2897 αὑτὸν
757 2871 920 2905 αναγκαῖον,

122 2629 128 2647 l

971 2044 1084 2074 ARIST.
1113 2055 1122 2071 ι
1154 2044 1275 2080 Duplicia
1307 2055 1341 2075 ne
1364 2047 1429 2074 ﬁant
1450 2050 1636 2084 monasteria,
1667 2060 1756 2088 neque

1010 2101 1019 2118 ι
1038 2092 1162 2120 monachi
1178 2096 1204 2119 et
1216 2093 1354 2121 monachae
1366 2094 1393 2121 in
1407 2094 1501 2123 eodetn
1517 2097 1684 2131 cohabitent,
1706 2108 1752 2128 ne-

1009 2147 1020 2165 t
1035 2146 1088 2173 que
1103 2138 1216 2166 seorsim
1233 2140 1445 2167 confabulemur
1462 2149 1470 2168 :
1492 2142 1641 2177 quinetiant
1664 2145 1754 2181 siquid

1006 2194 1016 2210 t
1035 2184 1075 2211 vir
1092 2184 1197 2212 feminae
1210 2185 1327 2220 regulari
1340 2187 1460 2214 attulerit
1474 2207 1481 2219 ,
1506 2193 1583 2216 extra
1608 2190 1680 2218 fores
1705 2201 1754 2219 ex-

1012 2240 1022 2257 (
1044 2234 1181 2265 spectans,
1198 2230 1296 2263 tradat.
1310 2235 1336 2258 ct
1352 2237 1492 2266 cognatam
1502 2234 1531 2261 in
1542 2235 1675 2269 praetecta}
1685 2244 1755 2271 pra:-

1012 2285 1022 2302 ι
1040 2276 1127 2306 sentia
1146 2276 1226 2305 visat.
1246 2285 1256 2303 ι

1006 2322 1119 2350 Omnem
1133 2329 1227 2349 curant
1246 2323 1428 2351 adhibuerunt
1442 2323 1537 2357 Patres
1553 2346 1559 2358 ,
1576 2335 1610 2355 ne
1621 2336 1755 2363 probrum,

973 2367 1081 2402 aliquod
1095 2367 1156 2394 vitae
1171 2369 1329 2396 monasticae
1338 2369 1495 2404 inferretur,
1510 2375 1536 2399 et
1549 2374 1712 2406 mandarunt
1726 2376 1755 2405 ita

972 2413 1065 2441 eodem
1091 2414 1257 2442 monasterio
1287 2418 1435 2444 monachos
1472 2423 1499 2445 et
1528 2420 1677 2449 tnonacltas
1698 2428 1752 2449 non

971 2457 1107 2491 convesci,
1122 2465 1172 2485 nec
1187 2458 1257 2486 inter
1273 2466 1303 2486 se
1314 2462 1427 2489 seorsint
1442 2462 1613 2495 confabulari
1627 2486 1634 2496 ,
1654 2466 1701 2492 sed
1725 2470 1753 2492 et

971 2503 995 2531 si
1019 2508 1161 2538 cognatam
1187 2504 1305 2538 aliquam
1333 2506 1455 2541 aspicere
1481 2509 1556 2543 cupit
1582 2510 1753 2542 monachus.

971 2550 1110 2584 praesentia
1126 2551 1258 2584 praetecta:
1274 2559 1335 2579 cum
1360 2561 1390 2580 ea
1417 2554 1546 2588 colloqui.
1573 2553 1604 2582 Et
1633 2556 1656 2582 si
1687 2556 1751 2590 quid

971 2603 1077 2628 eorum,
1095 2603 1154 2630 quae
1170 2595 1231 2623 vitae
1246 2603 1311 2624 sunt
1331 2599 1500 2631 necessaria,
1524 2606 1538 2625 a
1559 2599 1678 2626 virorum
1692 2609 1751 2627 tno-

971 2642 1090 2669 nastcrio
1119 2641 1152 2668 ad
1179 2643 1326 2671 monacltas
1356 2645 1552 2679 transportabit
1579 2646 1750 2679 monachus,
1804 2677 1808 2679 >

971 2692 1047 2715 extra
1062 2688 1230 2716 mansionem
1249 2693 1326 2716 stans
1345 2689 1410 2715 illud
1426 2689 1559 2723 pratl‘ectte
1577 2690 1674 2718 tradat.

1250 2733 1363 2762 CANON
1383 2734 1453 2764 XXI.

975 2789 984 2806 ι
1001 2779 1060 2807 Non
1075 2784 1182 2814 oportet
1196 2779 1358 2806 monachum
1375 2780 1416 2808 vel
1429 2783 1588 2809 monacham
1606 2790 1745 2818 proprtunt

1009 2835 1018 2852 ι
1037 2826 1188 2860 relinquere
1198 2825 1401 2860 monasterium,
1415 2831 1442 2854 et
1451 2826 1483 2853 ad
1494 2828 1565 2854 aliud
1574 2835 1603 2856 se
1615 2831 1747 2857 conlcrt'e:

1012 2883 1021 2898 (
1040 2873 1062 2900 si
1074 2873 1125 2900 hoc
1138 2877 1227 2900 autem
1244 2871 1400 2911 contigerit,
1417 2873 1505 2903 ipsum
1526 2875 1642 2907 hospitio
1660 2875 1748 2911 excipi
