1933 3112
122 166 171 198 997

679 165 720 194 IN
738 165 819 194 CAN.
841 164 906 194 XVI
926 163 1028 195 CONC.
1047 165 1103 195 VII
1125 163 1298 193 (ECUMEN.
1358 202 1368 209 ‘
1541 181 1545 183 ‹
1583 174 1591 186 ·

1677 163 1726 192 91ὶὲ

90 246 92 248 τ
120 223 213 261 αυτὴν,
228 224 274 250 καὶ
288 224 415 256 συντάξαι
427 224 460 258 τῇ
472 223 632 258 ἀδελφότητι
643 223 717 258 παρὰ
727 224 838 258 γνώμην
847 223 895 258 τῆς

988 231 1011 255 e.
1031 227 1057 250 et
1072 227 1200 258 prmterea
1212 223 1334 256 accipere
1348 241 1354 251 ,
1381 225 1407 247 et
1437 221 1506 248 inter
1531 221 1649 247 sorores
1667 221 1724 248 sine

120 271 284 305 ἡγουμένης,
298 271 349 297 οὐκ
363 272 514 304 ἐπιτρέπει.

411 315 529 351 ΚΑΝῼΝ
542 314 607 342 KB’.

124 371 132 387 1
156 360 214 396 Θεῷ
233 361 281 395 μὲν
297 360 327 386 τὸ
346 362 400 387 πᾶν
416 361 602 393 ἀνατίθεσθαι,
619 361 666 388 καὶ
687 362 717 388 οὺ
739 363 796 392 τοῖς
823 361 899 388 ἰδίοις

158 416 167 432 1
191 407 324 441 θελήμασι
349 407 516 440 δουλὸῦσθαι,
544 409 615 443 μέγα
637 409 731 443 χρῆμα
751 408 898 443 τυγχάνει·

160 461 169 477 1
190 453 257 478 Εἴτε
271 453 324 487 γὰρ
352 453 476 484 ἐσθίετε,
496 453 555 480 εἴτε
579 454 690 485 πίνετε,
703 455 716 479 ὁ
731 453 801 484 θεῖος
817 453 898 479 ’Λπό-

158 497 280 546 ιὶστολύς
295 507 372 533 φησι,
391 499 488 526 πάντα
505 501 548 532 εὶς
566 499 658 530 δόξαν
679 499 752 526 Θεοῦ
779 498 898 526 ποιεῖτε.

158 542 306 577 (Χριστὸς
333 542 360 569 δὲ
375 544 389 569 ὁ
413 544 477 575 Θεὸς
498 544 576 579 ἡμῶν
601 545 630 570 ἐν
644 547 701 575 τοῖς
726 544 899 578 Εὑαγγελίοις

191 587 271 614 αὑτοῦ
295 588 342 619 τὰς
358 589 445 623 ἀρχὰς
459 589 512 615 τῶν
537 590 741 625 ἁμαρτημάτων
757 591 900 617 ἐκκόπτειν

195 634 388 671 προστέταχεν.
414 635 449 661 Οὐ
465 635 518 669 γὰρ
530 637 546 671 ἡ
562 637 668 671 μοιχεία
681 636 760 670 μόνον
774 635 843 671 amp“
851 637 900 662 αὐ-

189 679 234 705 τοῦ
251 680 405 713 κολάζεται;
416 682 484 708 ἀλλὰ
501 683 547 708 καὶ
560 683 575 716 ἡ
589 683 695 717 κίνησις
707 683 754 709 τοῦ
770 683 900 718 λογισμοῦ

190 725 257 760 πρὸς
273 726 322 760 τὴν
345 726 395 761 τῆς
422 728 544 762 μοιχείας
565 729 720 763 ἐγχείρησιν
734 729 902 764 κατακέκρι-
927 749 931 752 ς

158 734 167 750 1

158 781 167 796 1
189 780 245 803 ται,
271 772 395 806 λ’ἐγοντος
420 774 502 800 αὑτοῦ
518 783 524 788 ·
556 774 588 801 '0
608 774 760 809 ἐμϐλέψας
775 776 902 810 γυναῖκα

159 825 168 841 1
192 816 265 849 πρὸς
279 817 313 843 τὸ
338 817 520 852 ἐπιθυμῆσαι
540 819 634 852 αὐτῆς
651 819 709 853 ἤδη
724 821 902 855 ἐμοίχευσεν

160 871 169 887 1
191 862 287 896 αὐτὴν
297 863 330 889 ἐν
342 863 377 897 τῇ
399 864 504 898 καρδίᾳ
530 865 633 892 αὐτοῦ’
660 866 735 892 ἔνθεν
751 866 796 893 οὗν
812 867 900 901 μαθη-

160 918 168 933 1
192 909 344 942 τευθέντες,
361 910 509 945 λογισμοὺς
535 911 678 946 ὀφείλομεν
699 912 851 947 καθαίρειν.
870 914 901 939 Εἰ

159 962 169 978 1
193 954 246 987 γὰρ
261 955 307 980 καὶ
323 955 411 981 πάντα
428 956 541 989 ἔξεστιν,
560 957 617 983 ἀλλ’
631 958 667 983 ὀὺ
694 958 782 984 πάντα
798 958 903 992 συμφὲ-

159 1008 168 1024 1
194 1009 245 1034 ρει,
269 1002 305 1032 ὡς
331 1002 360 1033 ἐξ
391 1003 571 1037 ἁποστολικῆς
595 1004 686 1038 φωνῆς
709 1004 900 1039 διδασκόμεθα.

161 1053 169 1069 ι
198 1043 367 1079 Ἐπάναγκες
393 1047 438 1073 οὖν
462 1049 519 1073 ἐστι
543 1049 624 1074 παντὶ
640 1049 716 1083 ἀνδρὶ
739 1049 782 1076 διὰ
806 1051 835 1076 τὺ
854 1050 903 1084 ζῇν

161 1101 169 1115 1
192 1092 300 1118 ἐσθίειν.
318 1094 371 1119 Καὶ
385 1092 426 1125 οἷς
440 1095 489 1128 μὲν
501 1094 556 1129 βίος
570 1096 627 1122 ἐστὶ
640 1097 728 1131 γάμου
742 1097 788 1123 καὶ
801 1098 903 1124 τέκνων

161 1146 170 1160 ι
194 1138 239 1162 καὶ
266 1137 362 1171 λαϊκῆς
387 1139 543 1172 διαθέσεως,
567 1141 666 1176 ἀναμὶξ
689 1142 790 1169 ἐσθίειν
804 1142 904 1176 ἄνδρας

163 1191 172 1206 1
195 1184 241 1208 καὶ
257 1185 389 1216 γυναῖκας
405 1185 458 1211 τῶν
482 1186 651 1221 asumma»
667 1187 735 1218 €611,
761 1188 841 1222 μόνον
865 1189 903 1223 τῷ

163 1238 172 1252 1
196 1229 402 1265 madv-cumet,"
412 1231 460 1265 τὴν
471 1232 643 1266 εὐχαριστίαν
656 1234 852 1268 προσάγοντας,
867 1236 904 1270 μὴ

164 1282 171 1298 ι
196 1275 264 1308 μετά
289 1283 369 1301 τινων
387 1276 537 1310 θυμελικῶν
562 1277 791 1313 ἐπιτηδευμάτων,
816 1279 903 1306 εἶτουν

156 1329 172 1355 ‘1
197 1321 350 1348 σατανικῶν
365 1322 505 1356 ᾀσμάτων,
522 1323 643 1358 κιθαρῶν
659 1333 688 1350 τε
706 1326 752 1351 καὶ
770 1326 903 1361 πορνικῶν

164 1373 175 1392 1
198 1365 383 1401 λυγισμάτων,
398 1366 438 1398 οἷς
454 1369 599 1403 ἐπέρχεται
613 1379 767 1406 προφητικη
780 1372 843 1404 ἀρὰ,
857 1372 904 1398 οὖ-

165 1422 173 1437 1
195 1415 279 1448 τωςή
305 1414 430 1448 λέγουσα·
458 1417 530 1443 Οὐαὶ
551 1419 578 1443 οὶ
603 1419 679 1451 μετὰ
701 1419 822 1453 κιθάρας
854 1422 904 1447 καὶ

150 1468 175 1501 ’1
197 1460 367 1494 ψαλτηρίου
395 1462 450 1489 τὸν
470 1461 554 1490 οἶνον
566 1464 714 1497 πίνοντες,
738 1467 773 1492 ἑὰ
789 1466 822 1492 δὲ
835 1467 906 1501 ἔργα

165 1514 174 1530 1
197 1507 306 1539 Κυρίου
332 1508 385 1535 οὐκ
403 1508 598 1543 ἐμϐλέπουσι,
626 1511 675 1537 καὶ
700 1513 734 1539 τὰ
758 1512 830 1547 ἔργα
847 1513 906 1539 τῶν

165 1607 173 1622 <

166 1652 175 1668 1

167 1743 176 1759 1

167 2251 177 2266 ί

169 2296 178 2312 ε

198 1552 305 1586 χειρῶν
328 1554 420 1581 αὐτοῦ
453 1556 489 1582 οὑ
513 1557 704 1584 κατανοοῦσι.
735 1559 786 1596 Καὶ
807 1559 832 1585 εί
853 1559 902 1586 πού
917 1561 938 1590 C

198 1607 262 1624 ποτε
279 1597 333 1625 εἷεν
345 1600 460 1627 τοιοῦτοι
475 1603 503 1627 ἐν
517 1604 573 1634 τοῖς
588 1604 770 1637 Χριστιανσῖς,
787 1606 907 1641 διορθού-

199 1642 316 1686 σθωσαν·
333 1645 356 1671 εἰ
369 1645 398 1671 δὲ
412 1647 448 1681 μή
463 1655 504 1680 γε,
518 1648 703 1681 κρατείτωσαν
717 1649 760 1676 ἐπ’
770 1651 861 1682 αὐτοῖς
873 1652 906 1678 τὰ

198 1689 274 1723 παρὰ
289 1690 344 1715 τῶν
359 1692 410 1725 πρὸ
425 1692 502 1726 ἡμῶν
517 1695 667 1725 κοινωνικῶς
688 1696 841 1723 ἐκτεθέντα.
858 1695 906 1728 Οἷς

200 1733 228 1759 δὲ
243 1736 256 1760 ὸ
271 1734 326 1768 βίος
343 1737 416 1762 ἐστὶν
432 1737 541 1772 ἡσύχως
565 1739 611 1764 καὶ
627 1740 802 1774 μονότροπος,
818 1742 831 1767 ὁ
844 1750 903 1768 συν-

199 1781 348 1815 ταξάμενος
365 1783 460 1818 Κυρίῳ
477 1785 514 1818 τῷ
531 1784 589 1819 Θεῴ
603 1785 684 1819 ζυγὸν
707 1787 811 1821 μονήρη
828 1785 906 1822 ἆραι,

201 1827 342 1853 καθίσεται
361 1828 431 1856 κιτά
451 1829 534 1863 μόνας
550 1831 596 1856 καὶ
611 1833 749 1866 σιωπήσῃ·
769 1833 837 1859 ἀλλὰ
853 1834 906 1868 μὴν

201 1873 249 1898 καὶ
264 1874 319 1903 τοῖς
335 1874 471 1908 ἱερατικὸν
488 1875 678 1910 ἐκλεξαμένοις
703 1877 759 1912 βίον
776 1879 829 1904 οὐδ’
839 1880 908 1911 ὅλως

200 1917 287 1949 ἔξεστι
302 1919 361 1944 κατ’
383 1919 450 1945 ἰδίαν
467 1920 574 1953 γυναιξὶ
589 1921 747 1956 συνεσθίειν,
766 1923 790 1949 εί
806 1924 842 1958 μή
858 1933 908 1950 που

202 1965 271 1997 μετά
285 1973 364 1991 τινων
387 1965 523 2000 θεοφόρων
534 1967 586 1992 καὶ
601 1967 721 1994 εὐλαΰῶν
736 1968 840 2003 ἀνδρῶν
863 1970 908 1995 καὶ

201 2009 346 2043 γυναικῶν,
357 2010 398 2036 ἵνα
414 2011 460 2036 καὶ
473 2009 540 2047 αὐτὴ
581 2013 749 2044 συνεστίασις
762 2014 828 2048 πρὸς
845 2022 910 2040 κατ-

199 2056 313 2091 όρθωσιν
336 2057 522 2097 πνευματικὴν
547 2059 654 2094 ἀπάγῃ.
689 2059 742 2085 Καὶ
772 2060 818 2086 ἐπὶ
844 2069 909 2095 συγ-

199 2102 286 2134 γενῶν
310 2102 338 2127 δὲ
366 2102 395 2127 τὸ
423 2101 488 2128 αὐτὸ
509 2103 630 2130 ποιείτω.
656 2103 688 2130 Εἰ
711 2104 738 2130 δὲ
766 2107 811 2132 καὶ
832 2105 910 2138 αὖθις

202 2149 229 2173 ἐν
246 2149 383 2184 ὁδοιπορίᾳ
398 2149 487 2184 συμῦῇ
496 2149 585 2184 τάτῆς
599 2150 749 2184 ἀναγκαίας
764 2153 857 2186 χρείας
871 2154 909 2189 μὴ

201 2195 377 2229 ἐπιφέρεσθαι
405 2191 554 2231 μοναχόνῆ
583 2197 719 2231 ἱερατικὸν
742 2198 836 2234 ἄνδρα,
861 2201 907 2226 καὶ

201 2241 244 2267 διὰ
257 2241 286 2267 τὸ
311 2242 458 2275 ἀναγκαῖον
483 2242 633 2269 καταλῦσαι
664 2243 788 2277 βούλεται
811 2245 866 2271 εἴτε
881 2247 908 2272 ὲν

202 2288 352 2322 πανδοκείῳ
367 2288 420 2313 εἴτε
436 2288 548 2323 ἐνςοῗκῳ
567 2289 649 2321 τινὸς,
661 2289 752 2316 ἄδειαν
767 2290 839 2324 ἔχειν
857 2292 907 2318 αὺ-

170 2343 178 2358 1
203 2333 248 2358 τὸν
259 2333 337 2358 τοῦτο
349 2335 444 2364 ποιεῖν,
456 2333 492 2364 ὡς
504 2336 551 2369 τῆς
560 2335 654 2369 χρείας
664 2337 906 2371 κατεπειγούσης.)

167 2380 265 2406 ΒΛΛΣ.
301 2379 329 2405 '0
348 2379 442 2414 παρὼν
469 2379 557 2406 κανὼν
583 2381 681 2407 κωλύει
706 2374 773 2414 »τοὺς
801 2383 911 2414 λαῖκοὺς

133 2427 202 2460 μετά
216 2426 368 2460 θυμελικῶν
383 2426 518 2460 παιγνίων
533 2428 580 2453 καὶ
592 2428 731 2463 ὀρχήσεων
743 2429 851 2462 ἐσθίειν,
865 2430 912 2456 καὶ

131 2474 322 2507 παρεγγυᾶται
348 2474 404 2503 τοῖς
430 2473 549 2499 τοιοῦτόν
563 2482 589 2499 τι
609 2474 713 2501 ποιοῦσι
739 2475 912 2511 Χριστιανοῐς

131 2518 315 2554 διορθοῦσθαι·
329 2519 353 2544 εἰ
371 2518 399 2544 δὲ
419 2519 468 2552 μὴ,
489 2520 598 2554 κρατεῖν
614 2520 657 2545 ἐπ’
674 2521 766 2551 αὐτοῖς
783 2522 817 2547 τὰ
836 2522 912 2555 παρὰ

132 2566 187 2590 τῶν
203 2564 322 2590 κανόνων
349 2563 557 2599 προρρηθέντα.
575 2558 644 2596 Teii;
661 2566 752 2600 μέντοι
779 2566 912 2601 μοναχοὺς

133 2610 257 2640 καὶτοὺς
280 2609 442 2644 ίερωμένους
466 2607 681 2644 παρακελεύεται
709 2611 746 2645 μὴ
762 2612 913 2637 συνεσθίειν

135 2654 205 2689 μετὰ
213 2654 350 2687 γυναικῶν
363 2653 422 2680 κατ’
434 2654 512 2686 ίὸίαν,
525 2654 576 2680 κᾶν
590 2655 622 2689 τῇ
637 2655 751 2690 ἀληθείᾳ
762 2653 813 2681 ὦσι
826 2663 912 2690 προσ-

134 2700 225 2733 γενεῖς
252 2699 340 2726 αὐτῶν
361 2708 368 2714 ’
383 2699 440 2725 ἀλλ’
456 2699 484 2724 ἐν
506 2699 575 2731 φωτὶ
592 2700 638 2724 καὶ
654 2700 722 2734 μετὰ
742 2700 862 2726 εὐλαὸὤν
874 2708 914 2726 τι-

135 2753 201 2777 νων,
220 2744 263 2770 διὰ
287 2745 316 2771 τὺ
339 2745 407 2779 μήτε
431 2744 529 2775 αὐτοὺς
553 2744 605 2770 ὑπὸ
627 2745 763 2779 λογισμῶν
782 2746 912 2779 ἐναντίων

134 2791 340 2824 κατασείεσθαι,
361 2793 428 2826 μήτε
451 2791 545 2822 ἄλλους
567 2791 762 2822 σκανδαλίζειν.
784 2791 827 2818 Ἐν
842 2792 913 2817 ὁδοι-

176 2881 217 2908 ⁷⁰Ι
234 2882 295 2909 Cor.
315 2891 340 2915 κ,
357 2883 401 2910 51.

949 269 1082 303 pra-recta:
1097 270 1234 296 voluntate
1249 269 1383 296 collocare
1398 274 1451 293 non
1467 267 1607 300 pCI‘nllllll.

1231 314 1346 342 canon
1366 313 1449 343 xxu.
1462 348 1464 351 _

952 372 961 388 1
977 363 1032 390 Deo
1050 363 1157 397 quidem
1169 363 1326 390 universum
1341 361 1476 391 dedicare,
1490 364 1516 387 et
1532 368 1585 387 non
1611 360 1743 395 proprixs'

988 419 997 435 1
1017 411 1200 437 voluntatibus
1215 411 1336 441 servire,
1364 416 1407 435 res
1430 415 1525 441 magna
1547 412 1588 434 est
1605 416 1612 433 :
1632 417 1641 433 1
1665 407 1727 435 Sive

988 465 996 481 1
1016 457 1087 482 enittt
1101 456 1262 492 comeditis,
1284 456 1340 482 sive
1356 455 1448 482 bibitis
1463 474 1471 486 ,
1497 455 1586 489 inquit
1617 455 1728 482 divinus

989 510 998 526 1
1016 501 1173 534 Apostolus,
1202 501 1292 528 omnia
1316 500 1341 526 iu
1375 498 1419 525 Dei
1433 499 1544 533 gloriam
1564 498 1642 525 facite
1661 498 1696 525 ".
1716 507 1726 524 ι

991 557 999 573 1
1019 547 1144 574 Christus
1160 551 1249 573 autem
1265 545 1335 573 Deus
1351 549 1445 572 noster
1460 552 1486 571 tn
1501 545 1558 571 suis
1576 544 1729 578 Evangeliis

990 603 999 619 1
1018 593 1098 628 jussit
1116 597 1285 627 peccatorum
1310 591 1440 624 principia
1450 598 1582 617 resecare.
1592 589 1649 617 Non
1659 590 1728 617 enim

990 649 998 664 1
1019 638 1184 666 adulterium
1210 638 1296 664 solum
1313 637 1383 671 apud
1410 637 1497 670 ipsum
1526 637 1652 670 punitur;
1671 636 1728 662 'sed

990 696 998 712 1
1019 686 1099 713 etiam
1115 684 1278 720 cognitionis
1292 688 1380 711 motus
1392 683 1423 709 ad
1434 682 1730 717 aggredieudumadtn-

989 741 999 758 1
1021 733 1119 759 terium
1132 732 1339 763 condemnatur,
1352 731 1412 764 ipso
1423 729 1530 756 dicente
1542 738 1549 755 ι
1561 738 1570 754 1
1586 728 1636 760 Qui
1652 735 1731 762 aspr-

989 787 999 803 1
1017 779 1056 805 xit
1072 778 1211 805 mulierem
1227 777 1261 804 ad
1277 775 1522 810 concupiscentiam
1539 775 1627 809 ipsam
1642 795 1649 805 .
1669 782 1729 802 eam

990 833 999 849 1
1015 824 1070 858 jam
1086 824 1112 850 in
1127 823 1209 850 corde
1233 830 1281 849 suo
1305 820 1466 848 adulteravit
1489 820 1510 836 ⁷¹
1529 829 1535 846 :
1555 828 1564 845 ι
1585 819 1656 846 unde
1679 826 1729 846 nos

992 878 1001 894 1
1021 876 1130 902 quoque
1144 868 1245 900 edocti,
1261 866 1391 893 debemus
1408 865 1586 899 cogitationes
1602 871 1730 898 purgare.

991 924 1000 941 1
1018 916 1073 942 Etsi
1087 916 1157 942 enim
1174 914 1264 941 omnia
1279 913 1371 944 licent,
1384 920 1438 938 nou
1453 915 1542 938 tamen
1568 909 1658 937 omnia
1683 917 1732 936 ex-

961 969 963 974 '
990 971 998 987 1
1018 961 1175 997 perlinat",
1195 970 1204 986 ι
1223 965 1251 987 ttt
1280 968 1294 986 ιι
1319 968 1385 987 voce
1411 959 1562 994 apostolica
1592 957 1730 983 docemur.

993 1018 1001 1033 1
1020 1008 1113 1036 Cuivis
1126 1015 1191 1042 ergo
1206 1007 1309 1034 homini
1334 999 1445 1033 necesse
1473 1009 1517 1031 est
1538 1002 1681 1030 comedere
1703 1007 1733 1029 ut

993 1065 1002 1080 1
1020 1055 1102 1081 vivat.
1119 1052 1150 1080 Et
1163 1052 1261 1086 quibus
1274 1056 1315 1078 est
1345 1051 1400 1077 vita
1426 1049 1532 1083 quidem
1566 1047 1731 1074 matrimonii

993 1111 1002 1126 1
1021 1105 1047 1128 et
1073 1100 1219 1126 liberorum
1237 1103 1263 1125 et
1288 1097 1362 1124 laicze
1387 1094 1600 1125 constitutionis,
1627 1093 1731 1120 mixtim

993 1157 1001 1172 1
1020 1145 1162 1174 comedere
1174 1145 1249 1170 viros
1266 1148 1293 1170 et
1314 1144 1441 1169 mulieres
1454 1161 1461 1173 ,
1478 1145 1519 1168 est
1536 1141 1569 1167 ab
1590 1141 1663 1167 omni
1687 1147 1733 1166 re-

991 1201 1000 1216 1
1022 1190 1200 1224 prehensione
1212 1188 1349 1220 alienum;
1365 1188 1387 1214 si
1405 1186 1485 1213 modo
1499 1187 1523 1213 ei
1538 1206 1546 1218 ,
1563 1187 1606 1218 qui
1620 1186 1667 1212 dat
1681 1194 1733 1212 nu-

993 1246 1002 1263 1
1019 1237 1176 1264 tritneututu
1188 1255 1195 1264 .
1225 1234 1328 1269 gratias
1354 1237 1451 1267 agant,
1475 1240 1528 1260 non
1543 1240 1604 1259 cutn
1620 1233 1734 1259 scenicis

982 1272 1001 1309 ἰ
1021 1281 1182 1317 quibusdam
1197 1280 1296 1307 studiis
1311 1280 1370 1306 sive
1397 1279 1532 1306 Satanicis
1547 1280 1660 1316 canticis
1674 1297 1683 1312 ,
1707 1284 1735 1307 et

995 1338 1003 1353 1
1019 1327 1206 1365 pitharmdicis
1217 1333 1249 1353 ac
1263 1326 1424 1352 meretriciis
1439 1325 1559 1358 vocibus,
1575 1333 1644 1359 quos
1672 1333 1733 1359 pro-

994 1383 1002 1399 1
1021 1373 1128 1408 pltetica
1141 1373 1294 1399 exsecratio
1310 1371 1472 1398 ﬂexionibns
1485 1379 1531 1398 seu
1549 1371 1720 1404 gesticulau'o

994 1429 1003 1446 1
1025 1420 1103 1447 uibus
1120 1418 1302 1453 persequitur,
1330 1417 1369 1444 sic
1397 1417 1510 1444 dicens:
1530 1427 1538 1443 1
1559 1416 1602 1443 Vte
1632 1418 1665 1444 iis
1689 1417 1735 1451 qui

994 1477 1003 1493 1
1023 1475 1084 1494 cutn
1099 1466 1200 1493 cithara
1214 1468 1241 1492 et
1256 1463 1386 1499 psalterio
1403 1464 1493 1489 vinnut
1510 1463 1616 1493 bibunt,
1632 1463 1734 1490 Domini

995 1522 1004 1537 1
1025 1517 1113 1539 autem
1127 1518 1208 1544 opera
1224 1517 1276 1536 ttou
1296 1509 1454 1542 respiciunt,
1466 1513 1492 1535 et
1505 1516 1584 1543 opera
1607 1515 1734 1535 manuum

994 1567 1003 1583 1
1021 1557 1080 1591 ejus
1096 1563 1148 1583 non
1163 1555 1338 1582 considerant
1354 1554 1388 1580 ⁷³.
1404 1563 1414 1579 ›
1433 1554 1464 1580 Et
1482 1554 1567 1581 sicubi
1587 1554 1654 1582 tales
1677 1555 1755 1590 fur»,

995 1612 1004 1629 1
1023 1603 1078 1630 rint
1094 1603 1164 1628 inter
1178 1601 1361 1633 Christianos,
1372 1600 1545 1635 corrigantur
1559 1609 1565 1627 :
1581 1601 1623 1627 sin
1636 1601 1736 1633 minus.

996 1660 1004 1676 1
1024 1650 1153 1677 adversus
1167 1655 1213 1675 eos
1230 1648 1313 1674 robur
1328 1653 1408 1674 suum
1429 1647 1589 1677 obtineant,
1617 1654 1677 1681 qum
1701 1650 1736 1674 ab

995 1706 1004 1722 1
1022 1694 1238 1723 antecessoribus
1254 1691 1385 1719 canonice
1415 1693 1511 1718 tradita
1538 1697 1611 1719 sntit.
1632 1693 1736 1725 Quibus

994 1752 1003 1768 1
1022 1747 1111 1770 autem
1129 1742 1220 1775 quieta
1235 1744 1276 1766 est
1293 1739 1346 1765 vita
1361 1743 1386 1765 et
1402 1738 1534 1767 solitaria.
1558 1743 1586 1765 ut
1610 1739 1654 1772 qni
1684 1739 1738 1765 Do-

995 1798 1003 1814 1
1024 1788 1098 1815 mino
1116 1786 1169 1814 Deo
1194 1787 1287 1820 jugum
1314 1785 1495 1812 mouasticum
1523 1785 1615 1812 tollere
1638 1790 1739 1812 statue-

997 1845 1005 1860 1
1025 1835 1089 1866 riut,
1107 1834 1132 1860 iu
1147 1832 1294 1860 solitudine
1307 1835 1333 1858 et
1354 1831 1462 1858 silentio
1482 1831 1577 1858 sedere
1595 1831 1737 1857 convenit:

995 1891 1005 1906 1
1024 1880 1070 1907 sed
1088 1887 1136 1906 ttec
1150 1879 1184 1905 iis
1199 1878 1293 1905 etiam.
1309 1877 1354 1911 qui
1370 1877 1449 1903 vitam
1466 1877 1662 1903 sacerdotalem
1683 1877 1738 1903 ele-

997 1936 1005 1952 1
1025 1926 1123 1961 gerint,
1136 1924 1198 1951 licet
1213 1923 1323 1950 omnino
1347 1930 1468 1949 seorsum
1491 1929 1553 1947 eum
1583 1922 1739 1949 mulieribus

997 1981 1007 1998 1
1022 1972 1183 2004 comedere;
1201 1970 1251 1996 nisi
1267 1969 1360 2002 utique
1373 1975 1434 1994 cum
1449 1967 1551 1994 divinis
1563 1971 1590 1994 et
1606 1968 1739 2001 religiosis

999 2027 1008 2044 1
1028 2017 1094 2044 viris
1106 2023 1137 2042 ac
1153 2014 1323 2044 mulieribus,
1342 2017 1371 2039 ut
1384 2013 1472 2046 ipsum
1488 2012 1570 2039 etiam
1585 2013 1737 2039 convivium

999 2073 1009 2089 1
1031 2063 1062 2090 ad
1078 2061 1244 2096 spiritualem
1256 2060 1450 2086 correctionem
1472 2053 1598 2085 adducat.
1613 2059 1696 2085 Porro
1712 2059 1738 2085 id

999 2119 1007 2135 1
1029 2109 1117 2144 ipsum
1135 2107 1216 2134 etiam
1234 2107 1261 2132 in
1275 2105 1398 2140 cognatis
1412 2105 1469 2132 ﬁat.
1495 2105 1522 2131 Si
1540 2108 1628 2132 autem
1645 2111 1740 2132 rursus

997 2163 1006 2180 1
1024 2154 1171 2187 contingat,
1191 2155 1219 2178 ut
1231 2158 1290 2184 qua:
1316 2154 1379 2176 sunt
1407 2150 1439 2176 ad
1454 2146 1550 2176 'usutu
1580 2150 1735 2177 necessaria

999 2209 1008 2225 1
1025 2207 1077 2226 non
1093 2197 1188 2224 aﬂ'crat
1203 2195 1352 2223 monachus
1367 2195 1406 2222 vel
1423 2194 1552 2222 sacerdos
1562 2214 1568 2226 ,
1583 2198 1610 2221 et
1629 2201 1739 2228 propter

1000 2254 1009 2270 1
1028 2244 1213 2271 necessitatem
1229 2241 1302 2273 velit,
1317 2241 1375 2268 sive
1389 2241 1420 2267 ad
1452 2240 1590 2274 publictnn
1617 2240 1741 2267 diverso-

1001 2301 1010 2317 1
1028 2291 1111 2322 rium,
1127 2289 1184 2316 sive
1198 2288 1231 2314 ad
1247 2287 1364 2320 alicujus
1392 2289 1501 2313 domum
1531 2286 1686 2318 divertere;
1716 2287 1740 2313 ei

1001 2345 1011 2362 1
1030 2336 1110 2362 liceat
1125 2334 1176 2361 hoc
1190 2333 1288 2365 facere,
1307 2337 1399 2366 utpote
1409 2330 1522 2366 urgente
1539 2333 1711 2359 necessitate.
1728 2341 1738 2356 ι

998 2381 1095 2408 BALS.
1115 2380 1237 2406 Praesens
1257 2385 1343 2404 canon
1363 2377 1487 2412 prohibet
1508 2377 1602 2409 laicis,
1620 2385 1653 2403 ne
1680 2385 1740 2404 cum

963 2418 1080 2458 scenicis
1095 2420 1206 2451 ludicris
1221 2427 1247 2449 et
1263 2422 1452 2449 saltationibus
1467 2422 1618 2451 conn-dant.
1629 2427 1656 2449 et
1681 2430 1743 2449 sua-

963 2473 1009 2498 det
1022 2462 1184 2498 Christianis
1199 2468 1280 2504 329
1295 2468 1340 2503 qui
1359 2468 1410 2495 tale
1427 2468 1491 2502 quiti
1508 2468 1612 2495 faciunt
1624 2488 1632 2500 ,
1659 2472 1688 2494 ut
1713 2475 1743 2494 se

964 2517 1101 2551 corrigaut
1120 2524 1126 2542 :
1142 2516 1183 2542 sin
1199 2515 1287 2541 minus
1302 2533 1309 2546 ,
1323 2515 1452 2541 adversus
1479 2521 1525 2541 eos
1552 2513 1658 2544 valere,
1683 2520 1742 2546 qua:

964 2563 1114 2590 canonibus
1130 2566 1208 2588 antea
1224 2564 1368 2587 constituta
1387 2560 1461 2588 fuere
1475 2579 1483 2593 ,
1513 2552 1643 2586 decernit.
1659 2557 1743 2584 Porro

965 2613 991 2636 et
1007 2607 1149 2635 monachis
1165 2611 1191 2633 et
1205 2606 1392 2634 sacerdotibus
1408 2604 1549 2640 praecipit,
1573 2611 1605 2630 ne
1619 2610 1742 2629 seorsum

967 2660 1028 2680 cum
1045 2652 1203 2680 mulieribus
1217 2651 1376 2682 conn-dant,
1397 2650 1501 2678 etiarnsi
1528 2655 1620 2676 revera
1649 2655 1741 2675 eorum

967 2704 1087 2734 cognatae
1102 2699 1222 2730 fuerint;
1237 2698 1284 2725 sed
1303 2699 1400 2731 palam.
1420 2700 1447 2723 et
1461 2703 1521 2722 cum
1540 2694 1676 2729 aliquibus
1694 2693 1743 2720 bo-

967 2747 1009 2771 uis
1025 2751 1056 2770 ac
1076 2743 1220 2778 religiosis,
1234 2748 1263 2769 ut
1296 2749 1381 2775 neque
1397 2741 1447 2774 ipsi
1464 2747 1479 2766 a
1495 2739 1639 2766 contrariis
1669 2739 1740 2773 cogi.

967 2790 1114 2818 tatiouibus
1145 2792 1323 2820 moveantur,
1355 2786 1441 2820 neqde
1474 2785 1534 2813 aliis
1566 2784 1742 2813 olIeusionem

443 2883 463 2898 τ¹
485 2882 578 2908 Matth.
599 2891 627 2914 ι’,
642 2882 687 2908 ‘28.
731 2882 752 2897 ⁷³
767 2882 776 2908 l
795 2881 855 2909 Cor.
870 2890 904 2915 vt,
923 2881 967 2909 12.
994 2881 1029 2919 _”
1043 2860 1095 2908 lsa.
1111 2887 1138 2911 ν,
1153 2878 1198 2910 11.
1217 2877 1258 2904 l2-
