1933 3112
87 179 147 213 1001

579 172 620 205 ΙΝ
638 173 721 204 CAN.
737 172 823 204 XXII
837 169 943 202 CONC.
959 170 1016 203 ViI
1037 164 1215 200 (ECUMEN.

1646 162 1714 196 ιοοε

86 235 177 272 φησὶν,
193 233 207 261 ὁ
221 232 275 269 βίο,
291 231 404 267 ήσύχιος
420 230 466 257 καὶ
482 229 659 264 μονότροπος,
671 227 741 255 ἀλλὰ
756 228 809 262 μὴν
822 226 869 253 καὶ

935 225 1048 253 saltm-io
1065 225 1154 251 vinum
1167 223 1281 255 bibunt;
1298 226 1322 250 et
1336 230 1395 258 qua:
1417 226 1582 257 sequuntur.
1609 221 1640 249 Si
1667 222 1713 255 qui

85 282 139 312 τοῖς
162 280 310 314 ἱερατικοῖς
326 277 375 303 οὐκ
390 276 477 309 ἔξεστι
498 274 558 301 κατ’
584 274 653 300 ἰδίαν
675 272 784 307 γυναιξὶ
807 281 871 297 συν-

86 327 193 353 εσθίειν.
219 325 250 351 Εἰ
264 324 291 350 δέ
313 331 378 349 ποτε
400 321 479 348 τοῦτο
495 321 616 354 γενεσθαι
629 319 730 353 δεήσει,
745 326 872 352 συμπαρ-

85 374 167 399 όντων
184 371 276 402 αὐτοῖς
294 369 392 403 τιμίων
416 368 520 403 ἀνδρῶν
535 376 565 393 τε
582 367 629 393 καὶ
649 366 785 399 γυναικῶν
809 373 872 391 συν-

88 417 294 452 εστιαθήσονται
315 413 450 449 γυναιξὶν,
467 413 511 440 ἵνα
527 412 574 439 καὶ
589 413 606 447 ἡ
617 411 789 441 συνεστίασις
805 410 872 445 πρὸς

87 462 254 498 κατόρθωσιν
261 469 382 497 πνευματ
388 458 562 494 ικὴνβιπὶγῃ*
573 457 701 494 κατορθοῖ
707 458 761 492 γὰρ
769 456 782 482 ὁ
788 456 874 487 οὕτως

86 509 246 540 ἀνυπόπτως
275 505 423 534 συνεσθίων
457 505 566 540 γυναιξὶ
588 505 618 531 τὸ
643 502 804 536 δοξάζεσθαι
828 501 874 528 τὸν

87 555 162 582 Θεόν.
176 555 208 581 Oi
226 554 281 588 γὰρ
292 552 409 588 ὁρῶντες
421 551 510 578 αὐτῶν
526 551 579 584 ἔξω
590 549 678 585 πάσης
693 547 874 582 διατηροῦντα

87 600 184 628 ἑαυτὸν
199 599 331 634 ἀποψίας,
347 596 490 632 δοξάζουσι
501 597 545 624 τὸν
557 597 636 629 Θεὸν,
651 596 722 623 κατὰ
736 595 782 621 τὸν
795 594 875 628 εὐαγ-

86 646 193 681 γελικὸν
203 646 281 680 λόγον
296 645 342 672 τὸν
351 645 475 678 λέγοντω
488 642 640 678 Anyti-duo
653 642 686 669 τὸ
701 641 765 677 φῶς
789 640 873 676 ὑμῶν

85 693 256 728 ἔμπροσθεν
273 691 333 718 τῶν
348 690 522 725 ἀνθρώπων,
537 690 618 722 ὅπως
629 688 715 715 ἴδωσι
739 687 777 714 τὰ
797 687 876 714 καλὰ

84 739 156 774 ἔργα
171 737 254 773 ὑμῶν
267 737 317 765 καὶ
338 736 494 769 δοξάσωσι
509 735 562 762 ⁴τὸν
577 735 693 769 Πατέρα
715 733 800 768 ὑμῶν
822 733 877 760 τὸν

84 786 120 812 ἐν
132 784 194 817 τοῖς
203 783 353 819 οὐρανοῖς.
370 784 425 810 Καὶ
439 783 469 809 οὑ
488 782 568 817 μόνον
589 780 745 816 ἀλλοτρίαις
766 779 876 814 γυναιξὶ

86 830 237 858 συνεσθίειν
252 831 265 857 ὁ
284 829 401 865 μοναχὺς
423 828 439 863 ἢ
462 829 476 854 ό
499 827 649 863 ίερωμένος
665 827 712 854 ἰπὶ
735 825 874 860 παρουσίᾳ

86 877 169 904 τινῶν
190 875 315 903 εὒλαόὦν
328 875 499 907 ἁπαιτετται,
516 874 584 900 ἀλλὰ
603 873 649 900 καὶ
662 873 707 900 ὅτε
725 872 873 906 συγγενέσι

85 921 194 957 γυναιξὶ
219 920 369 948 συνεσθίει.
381 919 438 946 ιἘν
453 920 483 946 δὲ
505 918 671 954 ὁδοιπορίαις
692 918 841 953 ἱερωμένος
858 917 874 953 ἢ
891 906 911 933 Β

87 967 214 1003 μοναχὸς,
231 968 256 994 εί
273 967 310 1002 μὴ
325 965 381 1002 ἔχοι
395 966 462 992 ὅπου
477 965 678 996 ἀναπαύσεται,
694 964 772 992 ἄδεια
795 963 873 992 ἔσται

85 1012 162 1047 αὐτῷ
175 1013 223 1039 καὶ
238 1012 267 1038 ὲν
280 1009 432 1045 πανδοκείῳ
445 1010 493 1036 καὶ
506 1009 534 1036 ὲν
547 1009 614 1044 οἴκῳ
629 1008 702 1040 τινὸς
718 1007 874 1035 καταλῦσαι

85 1057 182 1093 χρείας
198 1055 426 1090 κατεπειγούσης·
449 1053 520 1088 πλὴν
547 1053 628 1080 κάκεῖ
651 1051 710 1089 μετ’
731 1052 874 1085 εὐλαϐείας

86 1102 214 1137 βούλεται
230 1101 244 1128 ὁ
256 1099 347 1127 κανὼν
365 1099 414 1126 καὶ
430 1098 577 1133 σωφρόνως
591 1097 692 1130 αὐτοὺς
709 1097 758 1133 τὴν
773 1097 875 1132 διαγω-

85 1147 139 1183 γὴν
156 1147 304 1174 ποιεῖσθαι.

923 272 1007 308 igitur
1023 270 1179 306 hnjusmodi
1202 270 1274 297 inter
1297 269 1469 297 Christianos
1493 269 1568 301 sint,
1590 268 1689 303 corrigi
1707 276 1714 293 :

924 318 966 344 sin
984 317 1087 349 minus,
1103 316 1278 351 antiquorum
1305 323 1440 343 canonum
1463 315 1673 342 constitutiones
1689 314 1715 340 in

924 364 989 398 ipsis
1005 364 1107 391 servari
1122 363 1219 397 placet.
1237 362 1270 389 Et
1287 363 1345 389 haec
1360 361 1470 397 quidem
1490 363 1523 388 de
1538 361 1615 388 laicis
1626 369 1714 388 canon

924 410 1029 437 statuit.
1048 409 1153 442 Quibus
1170 416 1244 441 vero,
1265 409 1371 442 inquit.
1388 408 1451 434 vitai
1475 416 1562 442 genus
1593 407 1716 442 quietum

924 460 951 482 et
971 455 1138 487 solitarium,
1154 454 1218 489 quin
1233 454 1309 481 etiis
1329 455 1375 489 qui
1401 454 1427 480 in
1459 461 1567 481 satrum
1592 453 1717 480 ordinem

925 501 1041 535 cooptati
1059 505 1134 533 sunt,
1168 500 1295 535 privatim
1321 500 1483 527 mulieribus
1508 500 1635 526 eoin'esci
1662 506 1717 527 non

924 547 1001 575 lit-et.
1017 547 1045 574 id
1062 555 1125 574 vero
1145 547 1168 575 si
1182 547 1348 582 quandoque
1366 547 1522 574 necessario
1538 546 1596 577 fiat,
1611 553 1717 580 nequa-

926 601 1007 628 quam
1024 601 1086 620 cum
1103 592 1214 621 feminis
1235 593 1412 620 discumbere
1425 612 1432 625 ,
1462 592 1515 620 nisi
1535 591 1718 626 praesentibus
1740 597 1745 628 ζ

926 639 1048 667 honestis
1063 639 1128 667 viris
1144 647 1176 666 ac
1193 639 1355 667 mulieribus
1371 658 1378 671 .
1411 639 1575 674 permissum
1606 639 1642 666 sit
1657 660 1663 671 ,
1689 643 1718 666 ut
1739 652 1742 659 λ

927 685 1098 720 spiritualcm
1115 685 1233 720 aliquem
1249 685 1366 712 fructum
1393 686 1453 720 ipsa
1481 685 1525 712 illa
1553 684 1717 712 convivandi

927 731 1044 760 societas
1065 731 1162 766 pariat.
1177 731 1308 765 Quisquis
1322 731 1395 758 enim
1410 731 1461 758 hoc
1480 735 1559 765 pacto
1579 731 1648 758 citra
1669 739 1717 758 su-

929 778 1079 812 spicionem
1092 786 1153 805 cum
1165 777 1325 805 mulieribus
1334 777 1464 809 vescitur,
1475 782 1588 805 cancros
1604 779 1636 805 ad
1651 786 1720 812 prte-

928 823 1039 850 couium
1054 823 1153 851 divinae
1171 823 1259 851 laudis
1273 823 1399 858 impellit.
1418 823 1484 850 Nam
1513 824 1559 858 qui
1579 823 1614 850 ab
1633 830 1666 850 co
1686 831 1720 850 ne

928 869 1097 897 teuuissitn'n
1108 869 1217 904 quidem
1231 869 1378 904 suspicioni
1397 870 1485 896 locum
1500 869 1615 903 relinqui
1630 870 1719 896 anitu-

926 915 1104 947 adverterint,
1123 914 1207 943 Deum
1225 916 1352 943 laudibus
1374 912 1502 947 efferunt,
1525 921 1554 942 ut
1579 916 1606 943 in
1630 914 1718 942 Evan-

925 962 997 996 gelio
1014 964 1149 997 scriptum
1164 965 1219 993 est,
1238 962 1292 989 illis
1313 962 1405 989 verbis
1421 970 1428 988 :
1445 961 1489 988 Sic
1511 962 1598 988 luceat
1618 962 1664 988 (ua:
1679 970 1721 990 re-

925 1013 982 1035 ιιι-ιι
999 1015 1089 1035 coram
1105 1008 1255 1035 hominibus
1278 1008 1360 1043 33o
1373 1012 1401 1034 ut
1420 1009 1525 1035 videant
1541 1017 1620 1042 opera
1632 1014 1719 1036 vestra

925 1053 1016 1086 bona,
1047 1058 1072 1080 et
1096 1053 1246 1088 gloriﬁcent
1270 1053 1377 1080 Putrem
1399 1057 1513 1080 vestrum
1530 1073 1537 1086 ,
1562 1054 1607 1088 qui
1634 1055 1719 1080 estin

926 1099 998 1126 cwlis
1012 1099 1046 1126 ".
1064 1098 1159 1134 Neque
1176 1099 1263 1126 solum
1280 1099 1502 1134 quandocumque
1527 1099 1718 1132 cum,alienis,

928 1144 977 1172 sed
991 1145 1073 1171 etiam
1086 1145 1108 1172 si
1124 1152 1186 1172 cum
1212 1145 1416 1180 propinquitate
1433 1145 1537 1180 junctis
1560 1145 1720 1174 mulieribus

86 1194 215 1221 monachi
229 1199 275 1221 aut
286 1193 481 1221 sacrisinitiati
496 1192 588 1220 cibum
601 1191 722 1227 capiant,
751 1190 885 1219 modestia
899 1195 1040 1225 spectatos
1055 1191 1180 1219 homines
1191 1191 1316 1219 adhiberi
1330 1192 1382 1219 hoc
1396 1198 1503 1219 canone
1514 1196 1644 1219 statutum
1662 1198 1715 1221 est.

85 1238 117 1267 In
140 1240 236 1267 itinere
256 1243 359 1272 tamen.
376 1239 422 1266 ubi
445 1239 514 1266 alius
542 1237 730 1266 commorandi
757 1237 835 1266 locus
857 1244 912 1265 non
933 1242 1069 1274 suppetat,
1085 1242 1194 1267 sacrato
1211 1238 1314 1266 homini
1330 1243 1376 1266 aut
1390 1240 1526 1267 monacho
1548 1240 1659 1275 impune
1684 1239 1717 1266 ad

84 1294 238 1322 cauponam
249 1286 394 1318 divertere,
407 1291 453 1315 aut
463 1287 491 1315 iu
503 1286 616 1314 alterius
626 1285 780 1320 cuiuspiam
793 1285 875 1313 domo
897 1286 1011 1314 instanti
1028 1286 1189 1315 necessitati
1203 1286 1363 1315 satisfacere
1378 1294 1543 1315 concessum
1577 1288 1614 1316 sit
1629 1297 1636 1315 :
1671 1288 1718 1316 sed

87 1335 116 1361 in
136 1334 170 1361 iis
184 1340 293 1368 quoque
309 1332 376 1361 locis
393 1333 533 1367 religionis
548 1331 729 1360 nihilominus
753 1339 787 1359 ac
802 1333 991 1366 temperantiae
1009 1333 1143 1360 rationem
1161 1332 1195 1360 ab
1210 1332 1266 1360 illis
1292 1324 1382 1360 canon
1399 1333 1492 1361 haberi
1508 1334 1594 1369 jubet.

85 1379 203 1407 ΔΡΙΣΤ.
227 1387 237 1405 ι
253 1379 371 1410 Δαῖκοὺς
388 1379 437 1414 μὲν
454 1379 554 1414 ἄνδρας
583 1376 735 1404 συνεσθίειν
752 1377 877 1411 γυναιξίν

129 1435 138 1451 ι
161 1425 332 1460 ἁδιάσλητον·
347 1425 524 1460 μονοτρόποις
536 1423 624 1451 δὲούκ
634 1423 724 1455 ἔξεστι
734 1424 795 1450 κατ’
808 1422 877 1449 ἰδίαν

127 1480 137 1497 ι
162 1471 273 1505 γυναιξὶ
290 1470 454 1502 συνεσθίειν,
470 1471 494 1497 εἰ
516 1470 552 1505 μή
569 1478 620 1496 που
644 1469 715 1504 μετὰ
739 1469 878 1502 θεοφόσων

131 1527 141 1544 ι
165 1518 213 1544 καὶ
231 1517 355 1544 εὐλαόὦν
368 1517 474 1552 ἀνδρῶν
486 1525 516 1543 τε
536 1517 583 1543 καὶ
594 1516 741 1550 γυναικῶν.
761 1516 806 1543 Ἐν
826 1515 879 1551 όδῷ

130 1573 140 1590 ι
162 1564 190 1590 δὲ
209 1563 325 1599 μοναχδς
341 1563 357 1598 ἢ
378 1563 513 1598 ίερατικὸς
526 1561 607 1598 ἀνὴρ,
625 1562 663 1598 μὴ
677 1561 877 1597 ἐπιφερόμενος

132 1619 141 1636 ι
165 1610 200 1638 τὰ
215 1610 364 1645 ἀναγκαῖα,
381 1610 410 1636 ὲν
426 1609 580 1644 πανδοχεεῳ
596 1609 789 1636 καταλύσωσι.
815 1618 825 1634 ι
879 1614 885 1619 '

129 1744 166 1772 Τδ
184 1743 234 1780 μὲν
252 1744 311 1779 μετ’
327 1744 505 1780 εὐχαριστίας
527 1745 574 1772 καὶ
591 1744 676 1779 φόὸου
693 1743 773 1777 Θεοῦ,
785 1743 824 1779 μὴ
836 1743 881 1770 διά

88 1799 175 1817 τινων
191 1790 345 1825 θυμελικῶν
366 1791 414 1817 καὶ
431 1790 591 1817 σατανικῶν
603 1789 746 1825 ᾀσμάτων,
770 1788 882 1820 λαῖκοῑις

89 1835 194 1871 ἄνδρας
206 1836 314 1870 γυναιξὶ
330 1836 481 1863 συνεσθίειν
491 1836 546 1862 τῶν
558 1835 730 1870 ἀδιαὸλήτων
743 1835 811 1861 ἔστί·
824 1835 882 1865 τοῖς

91 1882 144 1908 καὶ
157 1881 214 1916 βίον
234 1881 346 1916 ἡσύχιον
371 1881 473 1916 ἔχουσι,
492 1882 540 1909 καὶ
556 1882 740 1916 μονοτρόπως,
762 1880 800 1912 ὡς
818 1888 882 1907 συν-

90 1926 260 1961 ταξαμένοις
278 1926 338 1961 Θεῷ
363 1928 409 1952 καὶ
427 1927 585 1962 καταμόνας
602 1926 725 1957 καθίσαι,
743 1926 791 1954 καὶ
819 1934 883 1953 σιω-

91 1972 193 2007 πῆσαι,
208 1972 268 1998 κατ’
280 1971 348 1998 ἰδίαν
358 1972 426 2003 ὅλως
438 1972 487 1998 οὐκ
499 1972 588 2005 ἔξεστι
602 1972 708 2007 γυναιξὶ
722 1971 881 2003 συνεσθίειν,

89 2019 120 2045 ει
137 2019 175 2054 μή
194 2027 244 2045 που
265 2018 336 2053 μετά
350 2027 432 2045 τινων
445 2018 584 2052 θεοφόϐων
600 2018 705 2053 ἀνδρῶν
722 2027 752 2045 τε
769 2019 818 2045 καὶ
831 2027 882 2052 γυ-

89 2064 198 2091 ναικῶν
215 2064 427 2099 συνεστιαθῆναι
452 2064 623 2099 θελήσουσιν
651 2065 694 2091 ἵνα
712 2065 760 2092 καὶ
780 2064 849 2100 αὺτὴ
866 2066 883 2100 ὴ

100 2110 274 2143 συνεστιασις
288 2110 356 2146 πρὸς
371 2111 543 2146 κατόρθωσιν
554 2111 745 2147 πνευματικὴν
757 2110 882 2145 γένηται.

107 2156 154 2182 Ἐν
174 2155 226 2191 ὀδῷ
240 2155 278 2188 δὲ,
292 2156 316 2182 si
332 2155 367 2183 τὰ
380 2156 516 2190 ἀναγκαῖα
532 2157 583 2183 οὐκ
599 2156 788 2192 ἐπιφέρονται,
805 2156 884 2184 ἄδεια

92 2200 199 2228 δίδοται
215 2201 262 2227 καὶ
278 2200 388 2237 μοναχῷ
402 2201 449 2228 καὶ
462 2202 594 2238 ἱερατικῷ
606 2202 685 2237 ἀνδρὶ
692 2203 722 2228 ὲν
733 2201 884 2237 πανδοχείῳ

92 2247 156 2274 ait:
177 2248 226 2274 καὶ
240 2249 269 2275 ὲν
286 2249 353 2283 οίκῳ
371 2249 517 2277 καταλύειν
534 2249 579 2278 διὰ
596 2250 645 2286 τὴν
664 2249 884 2289 κατεπείγουσαν

91 2293 204 2329 χρείαν.

132 2382 159 2400 ⁷⁸
172 2382 266 2411 Matth.
286 2391 313 2418 ν,
330 2382 374 2411 l6.

229 2925 364 2955 Ρλτιιοιη
380 2925 436 2955 Gn.
459 2925 632 2956 CXXXVII.

932 1378 1048 1406 ARIST.
1069 1387 1078 1405 ι
1105 1378 1206 1406 Laicos
1230 1378 1340 1413 quidem
1366 1379 1441 1407 viros
1466 1386 1528 1406 cum
1559 1380 1722 1408 mulieribus

969 1433 978 1450 ι
1000 1424 1126 1452 c0nvesci
1142 1429 1184 1451 est
1204 1424 1238 1451 ab
1253 1423 1328 1452 omni
1344 1424 1555 1459 reprehensione
1573 1425 1691 1452 alienum
1709 1434 1717 1453 :

968 1480 978 1497 ι
997 1471 1130 1499 solitariis
1142 1475 1233 1498 autem
1253 1470 1320 1499 viris
1337 1478 1400 1498 cuin
1418 1471 1578 1499 mulieribus
1593 1472 1720 1506 privatim

970 1525 979 1542 ι
1001 1517 1141 1544 convivari
1157 1524 1211 1544 non
1231 1517 1294 1544 licet
1309 1524 1316 1549 ;
1333 1517 1385 1544 nisi
1399 1516 1514 1544 forsitan
1530 1525 1583 1545 una
1595 1526 1657 1546 cum
1674 1519 1720 1546 Dei

970 1572 981 1588 τ
999 1563 1158 1592 timentibus
1173 1566 1201 1591 et
1217 1563 1353 1599 religiosis
1366 1563 1434 1591 viris
1447 1566 1475 1592 et
1502 1563 1674 1593 mulieribus.
1693 1565 1720 1592 ln

971 1618 981 1635 ι
1001 1610 1098 1637 itinere
1115 1613 1206 1638 autem
1227 1610 1378 1638 monachus
1394 1611 1435 1638 vel
1451 1613 1478 1638 et
1495 1611 1581 1639 sacris
1599 1610 1722 1639 initiatus

970 1663 981 1680 ‹
1003 1654 1056 1687 vir,
1075 1661 1168 1682 secum
1182 1654 1339 1682 necessaria
1357 1662 1412 1682 non
1432 1653 1559 1689 elici-ens,
1573 1655 1600 1682 in
1634 1656 1722 1690 publi-

970 1709 979 1726 ‹
1000 1707 1063 1727 cum
1079 1699 1263 1728 diversorium
1275 1700 1404 1729 divertat.
1422 1709 1432 1726 I

959 1745 1036 1774 ‘Cum
1050 1747 1201 1782 gratiarum
1216 1747 1326 1781 quidem
1343 1747 1452 1774 actione
1473 1751 1502 1774 et
1524 1746 1571 1775 Dei
1600 1748 1697 1775 timore
1711 1770 1720 1782 ,

933 1801 987 1821 non
1004 1794 1122 1822 scenicis
1145 1794 1283 1829 aliquibus
1297 1798 1324 1822 et
1341 1794 1471 1822 satanicis
1510 1795 1625 1823 canticis
1641 1816 1648 1829 ,
1673 1795 1722 1825 lai-

931 1847 981 1868 cos
995 1840 1069 1868 viros
1096 1847 1159 1868 cum
1188 1840 1352 1867 mulieribus
1381 1840 1529 1872 convcsci,
1559 1841 1721 1876 reprehendi

933 1885 1038 1920 nequit.
1057 1886 1101 1913 Eis
1118 1890 1220 1918 autem,
1233 1886 1279 1920 qui
1298 1886 1379 1912 vitam
1393 1886 1513 1920 quietam
1529 1891 1556 1913 et
1570 1887 1721 1914 solitariam

933 1932 1087 1965 elegerunt,
1102 1935 1132 1958 ut
1147 1931 1195 1966 qui
1208 1931 1261 1958 Deo
1274 1931 1479 1966 spoponderunt
1495 1931 1617 1960 solitario
1628 1934 1723 1960 sedere

934 1978 961 2001 et
975 1974 1066 2007 silere,
1083 1982 1138 2001 non
1155 1975 1268 2002 omnino
1287 1975 1351 2002 licet
1364 1983 1426 2002 cum
1442 1975 1604 2004 mulieribus
1630 1979 1722 2012 priva-

933 2020 982 2047 tim
998 2020 1141 2047 romedere
1157 2029 1164 2047 :
1182 2019 1235 2047 nisi
1254 2019 1324 2047 forte
1354 2027 1416 2047 cum
1439 2019 1576 2055 religiosis
1604 2022 1720 2056 quibus-

934 2065 997 2093 dam
1019 2066 1087 2093 viris
1101 2070 1147 2093 aut
1164 2066 1329 2107 mulieribus
1341 2066 1481 2093 eonvivari
1503 2067 1585 2094 velint
1601 2075 1609 2100 ;
1641 2071 1670 2095 nt
1695 2073 1723 2096 et

935 2112 1024 2147 ipsum
1043 2112 1125 2139 etiam
1143 2111 1300 2139 convivium
1319 2112 1353 2139 ad
1381 2111 1551 2146 spiritunlem
1572 2114 1723 2141 correctio-

934 2165 997 2185 nem
1014 2157 1118 2186 tendat.
1132 2157 1161 2185 in
1179 2157 1278 2185 itinere
1296 2161 1386 2185 autem
1402 2178 1410 2189 .
1437 2158 1460 2185 si
1486 2160 1640 2187 necessaria
1668 2167 1722 2187 non

936 2203 1100 2236 alieruntur,
1116 2203 1178 2231 licet
1192 2203 1330 2230 monacho
1359 2208 1406 2230 aut
1427 2204 1531 2233 homini
1557 2205 1722 2232 sacerdotali

936 2249 964 2276 in
985 2247 1125 2283 publicum
1141 2247 1334 2280 diversorium.
1352 2247 1394 2275 vel
1417 2247 1446 2275 in
1471 2247 1589 2284 alicujus
1609 2249 1720 2276 domum

895 2301 923 2332 ι)
937 2295 1073 2323 divertere
1091 2298 1202 2330 propter
1217 2297 1358 2329 urgentem
1376 2293 1463 2329 ipsius
1480 2294 1683 2323 necessitatem.

1487 2931 1526 2960 32
