1942 3095
164 149 233 182 1009

757 153 794 183 IN
807 154 889 184 CAN.
915 153 926 183 Ι
944 153 1049 194 CQNC.
1072 155 1176 185 CPOL.

1711 153 1779 186 1010

161 206 320 234 ἐπισκόπων
345 209 576 243 χειροτονεῖσθαι.¹
591 208 645 235 Καὶ
668 210 698 236 τδ
712 208 734 241 ξ’
754 219 815 244 κεφ.
844 209 892 237 τοῦ
921 208 943 244 γ¹

1000 213 1052 241 line
1082 214 1140 241 lucc
1169 221 1295 249 expresse
1331 213 1463 240 deccrnit.
1496 211 1626 246 Reg-iouis
1661 211 1782 246 episcopi

160 253 252 279 τίτλου
289 252 337 279 τοῦ
362 252 384 279 ε’
413 254 517 288 βιϐλίου
538 254 688 289 διορίζεται
717 255 782 290 περὶ
807 256 839 282 τὸ
867 256 943 287 τέλος

160 298 247 325 ταῦτα
263 299 352 334 ῥητῶς
365 307 372 314 ·
386 299 448 326 Τῶν
463 300 532 326 κατὶι
546 300 628 326 τόπον
641 301 799 328 ἐπισκόπων
812 302 948 328 ἐποπτευ-

160 344 259 376 όντων,
280 346 305 371 εΞ
320 345 410 376 καλῶς
427 346 443 380 ή
458 346 593 382 διοίκησις
607 347 751 381 προὸαίνει
762 355 770 364 ν
796 348 842 375 xui.
865 349 890 374 el
904 348 949 374 εὕ-

162 399 230 425 ρωσι
246 391 283 426 μὴ
305 391 456 425 χρησίμους
483 391 562 423 ὄντας
582 392 646 422 τοὺς
673 393 824 427 διοικητὰς,
854 394 949 421 ἄδειαν

162 436 278 470 ἐχόντων
295 436 358 462 ἄνευ
375 435 477 471 ζημίας
503 437 600 469 ἄλλους
634 438 694 465 ἀντὶ
725 439 828 466 τούτων
851 440 947 474 ἐπιτη-

161 481 247 512 δείους
262 483 359 509 ποιεῖν.
378 482 460 509 Ὥστε
492 483 543 510 κᾶν
574 485 648 516 ὅπως
672 485 889 520 ἑπιστηριχθῶσι
914 486 949 513 τὰ

161 527 330 561 παρανόμως
350 528 366 564 ἢ
388 530 575 561 άκανονίστως
589 532 646 562 τοῖς
672 532 797 562 τοπικοῖς
820 532 947 567 περιεχό-

163 579 241 605 μενα,
259 573 289 597 οὑ
316 574 510 607 κρατήσουσιν.
531 574 592 601 Ἔτι
612 576 745 610 ἐρωτήσει
771 585 825 608 τις,
851 577 875 602 εί
894 577 948 611 ἄρα

160 618 213 644 ἀπὸ
230 618 276 644 τοῦ
288 618 453 653 διορίζεσθαι
467 622 514 647 τὸν
526 621 626 647 κανόνα
643 621 716 656 ἔχειν
730 622 776 648 τὸν
798 622 948 649 ἐπίσκοπον

159 664 272 690 τοιαῦτα
289 664 381 691 δίκαια
401 666 430 691 ἐν
454 666 493 700 τῷ
518 667 653 694 κτισθέντι
681 668 755 702 ποιρά
766 676 837 699 τινος
865 677 948 701 μονα-

162 711 265 746 στηρίῳ
290 712 329 742 είς
349 711 398 746 τὴν
413 712 521 747 ὲνορίαν
549 713 642 746 αὐτοῦ,
671 714 718 740 καὶ
732 714 891 741 ἀποκεῖσθαι
917 715 947 740 ἐν

161 757 220 786 τοῖς
236 757 357 791 ἀρχείοις
369 758 418 792 τῆς
433 759 587 792 ἐπισκοπῆς
603 760 635 785 τὸ
649 759 758 793 βρέΰιον
777 762 882 791 τούτου,
899 761 943 786 έκ-

161 804 290 837 χωρείται
309 804 384 838 αὑτῷ
401 805 599 839 παραπέμπειν
612 805 690 831 τοῦτο
709 806 773 832 ἔνθα
804 806 942 839 βούλεται,

161 849 208 874 καὶ
225 848 319 881 ἁπλῶς
334 849 512 884 κυριαρχιιών
524 850 628 877 δίκαιον
643 851 715 885 ἔχειν
736 852 780 878 ἐπ’
793 852 878 886 αὐτῷ.
890 853 945 879 Νο-

163 895 236 929 μίζω
251 895 347 927 οὖν’ὡς
362 896 395 922 ἐκ
406 896 453 924 τοῦ
471 897 582 929 κανόνος
596 897 691 924 τούτου
709 899 758 925 οὐκ
777 899 885 934 ἐνεδόθη
905 899 945 934 τῷ

160 941 302 976 ὲπισκόπῳ
325 942 547 975 κατεξουσιάζειν
567 943 615 970 τοῦ
638 944 832 979 μοναστηρίου,
846 944 884 976 ὼς
900 945 945 971 δε-

163 988 300 1019 σποτικῶς
314 988 486 1023 διαφέροντος
501 990 534 1024 τῇ
548 989 681 1025 ἐκκλησίᾳ
694 990 788 1016 αὐτοῦ·
800 990 857 1016 ἀλλ’
871 990 944 1025 ἔχειν

162 1033 230 1068 μόνα
248 1034 341 1060 δίκαια
356 1034 523 1061 ὲπισκοπικὰ
538 1035 582 1060 ἐπ’
602 1035 688 1069 αὐτῷ.
715 1036 776 1062 Εἰσὶ
795 1036 823 1062 δὲ
846 1036 944 1068 ταῦτα,

160 1080 303 1114 ἀνάκρισις
317 1080 370 1107 τῶν
384 1080 508 1116 ψυχικῶν
523 1081 696 1116 σφαλμάτων.
714 1083 875 1117 ἐπιτήρησις
890 1091 945 1109 των

159 1124 332 1152 διοικούντων
359 1126 435 1157 αὐτὸ,
461 1126 584 1161 ἀναφορὰ
609 1127 655 1153 τοῦ
681 1127 813 1160 ὀνόματος
839 1128 944 1160 τούτου,

161 1171 208 1197 καὶ
222 1172 340 1205 σφραγὶς
362 1172 409 1197 τοῦ
431 1173 594 1206 ἡγουμένου.
616 1173 854 1208 Συντηρηθήσεται
868 1172 914 1200 οὖν
926 1175 943 1209 ἡ

162 1217 230 1252 μονὴ
247 1217 377 1252 ἐλευθέρα
390 1218 438 1244 καὶ
452 1217 513 1244 καθ’
529 1218 629 1253 ἑαυτὴν
651 1218 844 1253 διεξαγομένη,
864 1220 944 1246 ἀνεκ-

159 1263 271 1297 ποίητος
285 1264 330 1289 καὶ
349 1263 498 1299 ἀδώρητος.
519 1264 549 1290 Ὀ
565 1264 593 1290 δὲ
608 1264 677 1291 κατὰ
691 1263 783 1299 χώραν
799 1265 945 1300 ἀρχιερεὺς

159 1309 215 1342 τέξει
230 1310 273 1336 ἐπ’
289 1309 358 1345 αὐτῇ
377 1310 446 1345 μόνα
459 1310 492 1337 τὰ
508 1309 623 1344 ρηθέντα
647 1310 814 1336 ὲπισκοπικὰ
833 1310 937 1337 δίκαια.

160 1357 215 1382 Καὶ
228 1356 283 1382 ἀπὸ
296 1356 344 1390 μὲν
366 1356 412 1382 τοῦ
431 1356 564 1390 παρόντος
588 1357 698 1388 κανόνος
723 1357 770 1383 καὶ
788 1357 817 1388 ἐξ
840 1357 898 1390 ἑτέ(
906 1365 944 1383 ων

158 1402 296 1436 διαφόρων
310 1403 401 1437 νόμων
415 1403 462 1429 καὶ
480 1403 600 1430 κανόνων
619 1402 777 1438 ὲξεχωρήθη
796 1403 872 1438 παρὰ
896 1403 943 1430 τοῦ

160 1448 324 1483 βουλομένου
353 1449 543 1484 ἁνεγείρεσθαι
573 1450 754 1484 μοναστήριον
782 1450 813 1475 ὲκ
832 1450 942 1483 καινῆς,

158 1495 228 1521 κατὰ
243 1495 293 1529 τὴν
317 1495 458 1529 παροῦσαν
482 1495 661 1529 θεσμοθεσίαν
674 1504 680 1511 ·
706 1496 723 1530 ἡ
736 1495 765 1522 δὲ
785 1496 879 1530 Naupli
893 1496 942 1523 τοῦ

159 1541 294 1575 βασιλέως
309 1541 393 1577 κυροῦ
405 1542 564 1577 Νικηφόρου
583 1542 639 1577 (46)
655 1542 702 1568 τοῦ
724 1543 805 1569 Φωκᾶ
830 1543 944 1577 ὖιορίζε-
958 1559 979 1587 c

158 1596 202 1614 ται
219 1588 256 1622 μὴ
279 1588 535 1620 κατασκευάζεσθαι
560 1589 657 1615 νεωστὶ
676 1590 885 1624 μοναστήρια,ἣ
903 1590 946 1621 ξε-

157 1633 256 1665 νῶνας,
273 1633 290 1668 ἢ
306 1634 489 1668 γηροκομεῖα,
501 1634 516 1669 ἢ
528 1633 625 1666 ἄλλους
639 1635 747 1668 εὐαγεῖς
760 1635 861 1668 οἴκους,
877 1635 945 1662 ἀλλὰ

157 1679 211 1706 τῶν
224 1681 366 1714 παρόντοιν
380 1680 587 1715 ἐπιμελεῖσθαι·
600 1681 648 1708 καὶ
663 1681 826 1716 προστίθησι
838 1681 902 1717 περὶ
912 1681 944 1708 τὸ

156 1727 233 1757 τέλος
246 1726 334 1752 ταῦτα
348 1727 449 1761 ῥητῶς·
466 1726 548 1754 Ὥστε
558 1727 613 1755 ἀπὺ
627 1727 674 1755 τοῦ
686 1727 743 1759 νῦν,
756 1728 825 1763 ὅπερ
840 1729 912 1756 ἐστὶν
925 1728 943 1764 ἡ

157 1771 290 1806 ἀρχὴτῆς
305 1773 422 1807 ἑόδόμης
446 1773 619 1805 ίνδικτιῶνος,
652 1774 748 1809 μηδενὶ¹
773 1775 876 1807 ἐξέστω
905 1775 943 1810 μὴ

157 1817 268 1849 τόπους,
286 1817 323 1852 μὴ
337 1818 440 1853 ἀγροὺς
458 1819 650 1852 μοναστηρίοις
664 1819 680 1854 ἢ
692 1818 806 1851 ξενῶσιν
818 1821 943 1846 ὁπωσοῦν

159 1863 381 1898 παραπέμπειν
408 1862 464 1889 ἀλλ’
481 1863 540 1890 οὐδὲ
564 1864 765 1899 μητροπόλεσιν
789 1865 807 1900 ἢ
831 1866 943 1892 ἐπισκο-

158 1910 223 1940 παῖς
235 1917 241 1924 ·
256 1909 332 1936 οὐδὲν
346 1909 401 1944 γὰρ
416 1909 477 1936 οὐδὲ
500 1910 530 1936 ὲν
545 1911 664 1942 ἐκείναις
688 1911 835 1942 λυσιτελές.
858 1912 890 1939 Εἰ
914 1912 943 1939 δέ

157 1964 219 1982 τινα
236 1956 292 1982 τῶν
322 1956 484 1990 φθασάντων
497 1957 603 1990 εὐαγῶν
617 1957 709 1990 οἴκων,
734 1958 788 1984 εἴτε
810 1959 864 1993 μὴν
880 1956 940 1986 hirt-

158 2001 269 2029 σκοπῶν
302 2002 318 2034 ἦ
341 2002 540 2038 μοναστηρίων,
567 2003 695 2037 τοιαύτης
715 2003 819 2039 φαύλης
847 2004 941 2039 ἔτυχον

157 2047 248 2082 χειρὶς
259 2046 306 2073 καὶ
317 2048 454 2082 προνοίας,
470 2048 507 2080 ὡς
519 2048 609 2084 ἔρημα
619 2049 706 2075 τόπων
717 2050 939 2083 καταλελεῖφθαι,

157 2092 262 2123 τούτοις
273 2091 369 2128 γνώμῃ
381 2093 506 2128 βασιλικῇ
523 2094 568 2120 καὶ
577 2094 724 2130 δοκιμασίᾳ
735 2096 813 2130 ήτῶν
824 2096 939 2130 ἀρκούν-

156 2145 211 2162 των
225 2137 322 2172 κτῆσις
333 2138 364 2164 οὑ
383 2138 580 2172 κωλυθήσεται.
596 2139 710 2166 Κελλεία
724 2139 751 2165 δὲ
768 2140 814 2166 καὶ
827 2140 876 2167 τὰς
889 2150 939 2167 κα·

159 2183 294 2217 λουμένας
308 2184 411 2218 λαύρας
438 2185 467 2212 ἐν
491 2185 607 2220 ἐρήμοις
628 2187 788 2221 οἰκοδομεῖν,
817 2187 853 2222 μὴ
870 2187 938 2222 πρὸξ

159 2230 271 2264 κτήσεις
298 2231 346 2257 καὶ
369 2232 471 2266 ἀγροὺς
499 2233 609 2266 ἐτέρους
637 2233 846 2267 ἑκεινιιμένοις,

159 2277 274 2311 περιοχῇ
301 2278 369 2311 μόνῃ
392 2278 424 2311 τῇ
456 2277 509 2312 ἰδίᾳ
535 2277 715 2313 ὁριζομένοις,
743 2279 863 2314 τοσούτῳ
879 2281 943 2311 τοὺς

159 2322 338 2356 βουλομένους
350 2323 400 2348 οὐκ
415 2323 554 2358 εἴργομεν,
571 2323 626 2358 ὅσῳ
639 2324 687 2349 καὶ
698 2323 732 2349 δι’
747 2324 858 2350 ἐπαίνου
875 2325 943 2359 μᾶλ-

157 2368 202 2393 λον
215 2367 244 2393 τὸ
262 2368 377 2403 πρᾶγμα
394 2368 515 2402 τίθεμεν.
535 2369 585 2394 Ἤν
597 2369 625 2395 δὲ
642 2369 752 2404 Νεαρὰν
770 2370 783 2395 ὁ
799 2370 940 2405 Πορφυρο-

158 2415 288 2448 γέννητος
303 2414 384 2447 κυρδς
398 2414 534 2446 Βασίλειος
549 2416 562 2441 ό
575 2415 634 2447 νέος
645 2414 763 2450 ἀνῄρησε
776 2415 820 2442 διὰ
833 2416 942 2451 Νεαρᾶς

157 2459 242 2486 αὐτοῦ
267 2460 450 2494 ἀπολυθείσης
483 2460 553 2487 κατὰ
586 2463 658 2496 μῆνα
696 2462 849 2496 Ἀπρίλλιον
877 2463 942 2489 ινδι-

158 2507 272 2538 κτιῶνος
288 2505 312 2532 α’
331 2507 408 2536 ἔτους
425 2508 513 2540 ςυιτεπ
533 2508 577 2533 καὶ
590 2507 826 2543 διαλαμϐανούσης
851 2509 939 2536 ταῦτα

158 2553 248 2587 ῥητῶς
263 2560 270 2567 ·
294 2553 326 2578 ῚΙ
343 2554 375 2578 ἐκ
391 2552 459 2578 Θεοῦ
474 2552 601 2587 βασιλεία
627 2554 715 2588 ἡμῶν.
737 2555 784 2581 καὶ
799 2555 876 2590 παρὰ
892 2564 940 2590 μο-

159 2598 249 2633 ναχῶν
261 2598 305 2624 ἐπ’
317 2599 445 2634 εὐλαῦείᾳ
462 2599 508 2624 καὶ
523 2599 607 2634 ἀρετῇ
632 2600 875 2635 μαρτυρουμένων,
892 2602 940 2628 καὶ

159 2644 235 2679 παρὰ
254 2644 359 2670 πολλῶν
373 2644 554 2679 ἀναμαοοῦσα
573 2645 623 2679 τὴν
639 2646 703 2680 περὶ
717 2647 770 2672 τῶν
786 2647 940 2682 ἐκκλησιῶν

158 2689 206 2716 τοῦ
220 2691 288 2717 Θεοῦ
302 2691 350 2718 καὶ
365 2691 418 2718 τῶν
431 2691 538 2725 εὺαγῶν
552 2691 634 2718 οἴκων
649 2691 665 2726 ἢ
685 2693 754 2719 κατά
770 2693 825 2720 τῶν
839 2694 940 2729 ἐκκλη-

1001 261 1159 291 ohserveot,
1202 268 1236 287 an
1270 263 1343 287 recte
1384 258 1586 286 administratio
1627 257 1783 292 procedat;

1000 311 1027 334 et
1061 307 1083 333 si
1114 307 1267 333 invenerint
1301 313 1355 332 non
1388 313 1450 333 esse
1479 303 1548 337 frugi
1580 304 1785 330 administrato-

1001 361 1055 383 res.
1084 358 1242 387 potestatem
1276 352 1395 379 habeant
1416 351 1483 378 citra
1519 350 1604 378 ullum
1634 349 1785 376 detrimen-

1000 405 1057 427 tum
1084 400 1153 426 alios
1177 407 1226 434 pro
1246 399 1280 426 iis
1295 404 1375 434 aptos
1400 403 1426 426 et
1449 397 1564 424 idoneos
1586 394 1782 422 constituendi.

999 447 1090 478 Quare
1125 445 1375 479 quomodocunque
1405 443 1566 470 conﬁrmata
1602 447 1629 469 et
1653 441 1784 468 corrobo—

999 497 1058 520 rata
1088 493 1211 524 fuerint.
1235 500 1294 527 qua:
1313 491 1424 520 statutis
1452 490 1583 517 adversus
1611 496 1731 515 canones
1757 491 1784 514 et.

1000 539 1074 572 leges
1090 539 1278 570 continentur,
1300 546 1353 565 non
1368 537 1512 565 valebunt.
1536 536 1670 562 Prmtcrea
1696 535 1782 561 inter-

1000 585 1133 617 rogaverit
1165 584 1311 618 quispiam,
1347 591 1380 610 an
1413 590 1445 610 ex
1475 590 1518 611 eo,
1551 581 1621 612 quod
1655 581 1783 606 decernat

999 638 1085 657 canon
1101 630 1258 663 episcopum
1290 637 1321 656 ea
1355 629 1457 655 habere
1482 628 1544 662 jura
1574 627 1600 652 in
1617 625 1784 652 monasterio

997 676 1076 711 333
1091 675 1125 702 ah
1146 675 1236 709 aliquo
1259 675 1285 701 in
1311 682 1359 702 sua
1388 673 1498 700 dimcesi
1523 672 1656 699 :editicato
1671 691 1678 702 .
1706 676 1731 697 et
1757 671 1783 697 in

997 722 1116 749 archivis
1132 722 1305 755 episcopatus
1317 721 1400 747 Breve
1414 720 1496 754 hujus
1511 727 1572 746 esse
1585 718 1783 752 reponendum,

998 767 1048 801 ipsi
1068 767 1239 801 permittatur
1258 767 1290 793 ad
1324 774 1515 800 quemcunque
1535 765 1599 792 velit
1612 765 1676 791 illud
1695 769 1785 790 trans-

998 812 1115 843 mittere.
1128 816 1165 843 et,
1183 816 1213 838 ut
1227 812 1309 838 semel
1325 811 1424 841 dicam.
1439 811 1484 845 jus
1500 809 1612 836 dotninii
1631 809 1657 835 in
1676 816 1708 835 eo
1735 807 1784 833 oh-

996 858 1094 885 tincre.
1109 858 1241 885 Existimo
1254 865 1331 891 ergo,
1347 857 1418 891 quod
1435 865 1466 884 ex
1487 856 1540 883 hoc
1554 862 1661 882 canone
1673 863 1725 881 non
1742 858 1785 881 est

999 902 1127 937 episcopo
1142 909 1315 932 concessum.
1328 905 1487 935 potestatem
1504 901 1530 927 in
1546 900 1570 927 id
1586 898 1783 927 monasterium

998 949 1122 975 obtinere
1133 968 1140 980 ,
1163 952 1290 981 tauquam
1307 947 1340 974 ad
1355 947 1416 981 ejus
1431 946 1575 974 ecclesiam
1594 945 1656 979 iure
1668 943 1783 971 dominii

997 994 1152 1028 pertineat:
1167 993 1214 1020 sed
1231 993 1313 1020 habet
1328 993 1354 1020 in
1365 1000 1398 1020 eo
1409 996 1513 1019 tantum
1528 992 1590 1026 jura
1606 989 1781 1025 episcopatia.

999 1039 1036 1067 Ea
1055 1044 1144 1067 autem
1162 1044 1236 1072 sunt,
1251 1039 1411 1067 delictorum
1427 1038 1525 1065 animae
1539 1036 1715 1067 examinatio,
1729 1035 1782 1063 oh-

998 1086 1117 1113 servatio
1129 1092 1223 1112 eorum
1237 1084 1283 1119 qui
1298 1084 1344 1111 illa
1360 1083 1554 1111 administrant
1568 1101 1575 1114 ,
1591 1081 1651 1116 ejus
1664 1081 1783 1108 nominis

999 1129 1095 1157 relatio
1115 1134 1142 1157 et
1166 1130 1284 1165 pmfecti
1311 1129 1457 1156 ordinatio.
1480 1127 1692 1156 Conservabitur
1717 1135 1782 1161 ergo

999 1176 1193 1204 monasterium
1214 1176 1328 1204 liberum
1355 1180 1382 1203 et
1411 1183 1459 1210 per
1485 1182 1515 1203 se
1539 1173 1782 1204 administratum.

999 1230 1053 1250 non
1068 1221 1210 1259 alienabilc
1225 1229 1276 1250 nec
1290 1222 1427 1250 donabile.
1443 1221 1519 1249 Illius
1542 1224 1631 1248 autem
1651 1220 1782 1254 regionis,

998 1269 1025 1296 in
1040 1276 1092 1302 qua
1113 1260 1194 1297 situm
1212 1273 1265 1300 est,
1284 1268 1399 1296 antistes
1411 1267 1484 1294 dicta
1501 1267 1589 1295 solum
1601 1266 1662 1302 jura
1675 1265 1781 1300 episco-

997 1314 1067 1349 palia
1081 1315 1107 1341 in
1121 1322 1153 1342 eo
1170 1314 1280 1342 habebit
1295 1323 1303 1342 :
1318 1320 1346 1342 et
1358 1322 1372 1340 a
1392 1314 1517 1349 praesenti
1534 1314 1644 1349 quidem
1665 1322 1782 1345 canone.

997 1365 1024 1388 et
1040 1361 1074 1388 ab
1087 1360 1149 1388 aliis
1160 1361 1276 1388 diversis
1291 1360 1394 1395 legibus
1407 1364 1435 1387 et.
1449 1360 1602 1388 eanonibus
1619 1367 1782 1388 concessum

997 1410 1048 1438 est.
1064 1409 1104 1438 ut.
1121 1407 1167 1441 qui
1179 1407 1269 1438 vellet.
1284 1406 1448 1434 monasteria
1467 1414 1535 1433 nova
1551 1410 1716 1438 exstrueret,
1733 1405 1783 1431 ob-

997 1454 1113 1481 servatis
1130 1453 1181 1480 ritu
1204 1457 1231 1480 et
1253 1453 1340 1480 forma
1355 1453 1398 1480 hic
1411 1452 1587 1487 prtescriptis.
1604 1452 1672 1486 Imp.
1692 1456 1782 1478 autem

997 1498 1099 1525 domini
1115 1498 1258 1532 Nicephori
1271 1499 1368 1526 Phoeze
1383 1497 1492 1525 Novella
1505 1498 1637 1530 decernit,
1651 1505 1705 1524 non
1721 1505 1783 1524 esse

997 1545 1031 1572 de
1048 1552 1118 1572 no\'o
1134 1544 1316 1572 censtruenda
1329 1544 1492 1571 monasteria
1507 1563 1515 1575 ,
1530 1543 1570 1570 vel
1588 1542 1758 1570 xenodochia
1774 1562 1781 1573 ,

998 1591 1036 1617 vc-l
1049 1591 1214 1625 gerocomia,
1230 1590 1271 1617 vel
1286 1590 1354 1617 alias
1364 1594 1473 1616 sanctas
1484 1593 1510 1616 et
1521 1583 1781 1623 religiosasdomos;

996 1636 1042 1663 sed
1058 1644 1152 1663 earum
1164 1644 1224 1668 qua:
1239 1641 1313 1667 sunt,
1329 1642 1424 1662 curam
1439 1635 1495 1668 geri
1511 1638 1638 1668 oportere
1656 1641 1662 1660 :
1680 1637 1708 1660 et
1722 1633 1781 1660 haec

994 1689 1122 1717 expresse
1138 1683 1165 1709 in
1182 1682 1235 1709 tlne
1249 1681 1365 1715 adjicit:
1388 1680 1479 1714 Quare
1507 1680 1541 1706 ab
1569 1679 1623 1706 hoc
1653 1679 1782 1712 deinceps

995 1735 1129 1765 tempore,
1147 1729 1217 1765 quod
1235 1732 1277 1756 est
1301 1729 1316 1756 7
1332 1727 1490 1756 indictionis
1520 1725 1629 1754 initium
1641 1746 1648 1758 .
1677 1725 1780 1753 nemini

995 1777 1087 1808 liceat,
1103 1777 1162 1803 loca
1179 1780 1226 1803 aut
1242 1783 1322 1810 agros
1335 1775 1367 1802 ad
1387 1774 1549 1801 monasteria
1566 1773 1608 1800 vel
1624 1772 1780 1807 gerocomia

994 1823 1240 1856 quomodocumque
1253 1821 1451 1853 transmittere,
1475 1820 1522 1848 sed
1547 1826 1637 1853 neque
1663 1819 1695 1845 ad
1725 1826 1782 1845 me-

994 1868 1112 1903 tropolcs
1126 1868 1168 1896 vel
1185 1869 1361 1902 episcopatus
1377 1877 1383 1894 :
1401 1874 1489 1902 neque
1505 1866 1576 1893 enim
1596 1866 1648 1893 illis
1672 1869 1713 1892 est
1728 1865 1781 1892 hoc

996 1914 1179 1942 conducibile.
1197 1913 1226 1940 Si
1241 1913 1342 1948 quibus
1357 1917 1445 1939 autem
1462 1912 1654 1947 praedictarum
1671 1915 1782 1937 sancta-

996 1969 1055 1988 rum
1070 1965 1097 1988 et
1111 1960 1302 1995 religiosarum
1319 1958 1461 1986 domorum
1480 1978 1488 1989 ,
1513 1959 1571 1985 sive
1590 1957 1700 1992 quidem
1725 1957 1782 1990 epi-

992 2011 1152 2041 scopatuum
1167 2010 1195 2033 et
1210 2004 1449 2036 monasteriorum],
1466 2004 1533 2031 adeo
1565 2004 1634 2030 mala
1663 2003 1780 2029 admini-

991 2053 1087 2082 stratio
1104 2057 1131 2079 et.
1146 2052 1264 2087 provisio
1279 2050 1404 2084 contigit,
1423 2054 1453 2077 ut
1472 2050 1539 2077 locis
1566 2050 1679 2085 privata:
1694 2049 1781 2076 desti-

991 2104 1109 2133 tutaeque
1124 2098 1195 2129 sint;
1220 2097 1254 2125 iis
1269 2097 1403 2124 Sententia
1421 2101 1446 2124 et
1458 2095 1658 2123 examinatione
1682 2095 1781 2129 imper.

990 2153 1086 2174 eorum
1104 2153 1164 2178 quae
1180 2144 1319 2171 suilicinnt
1342 2142 1489 2176 acquisitio
1508 2149 1562 2168 non
1579 2141 1777 2176 prohibebitur.

994 2192 1084 2224 Cellas
1096 2195 1198 2221 autctn,
1215 2192 1252 2221 et,
1270 2194 1297 2216 ιιι
1313 2193 1421 2221 vocant,
1439 2189 1530 2216 lauras
1547 2191 1572 2214 tn
1587 2188 1702 2215 desertis
1717 2187 1781 2215 tedi-

876 2233 943 2260 ὰλλᾶι
960 2233 980 2261 D
997 2237 1088 2267 ﬁcarc,
1105 2243 1164 2268 qum
1177 2243 1230 2262 non
1245 2234 1278 2261 ad
1298 2234 1487 2268 possessiones
1515 2238 1540 2259 ct
1571 2241 1651 2268 agros
1675 2232 1780 2259 alienos

998 2283 1192 2311 extenduntur,
1209 2281 1255 2307 scd
1271 2281 1330 2307 solo
1342 2280 1451 2314 proprio
1464 2280 1568 2307 ambitu
1594 2279 1761 2306 deﬁniuntur
1772 2300 1779 2310 ,

999 2332 1104 2355 tantum
1122 2327 1200 2353 abest
1216 2330 1245 2352 ut
1257 2325 1412 2351 volentibus
1428 2324 1631 2359 prohibeamus.
1651 2328 1680 2350 ut
1698 2324 1780 2350 etiam

995 2375 1021 2401 in
1039 2381 1135 2407 magna
1152 2372 1232 2398 laude
1248 2379 1381 2406 ponamus
1401 2380 1407 2398 :
1423 2379 1503 2405 quant
1517 2370 1626 2404 quidem
1639 2369 1779 2396 Novellam

993 2420 1267 2454 Porphyrogcnnetus
1297 2417 1426 2444 domintts
1466 2416 1583 2443 Basilius
1614 2423 1701 2442 novus
1731 2423 1779 2440 sua

995 2465 1103 2491 Novi-lla
1123 2472 1215 2491 meusn
1233 2463 1317 2497 Aprili
1330 2463 1478 2489 indictione
1492 2463 1501 2488 l
1517 2469 1589 2488 anno
1598 2460 1778 2488 6i95cntissa

993 2511 1104 2538 sustulit
1116 2519 1123 2543 ;
1135 2518 1195 2543 qut?
1209 2514 1236 2536 et
1250 2510 1307 2536 lm-c
1322 2516 1452 2543 expresse
1468 2508 1589 2534 continet
1608 2514 1614 2533 :
1633 2506 1778 2539 imperium

994 2562 1117 2584 nostrum
1136 2556 1208 2590 quod
1222 2564 1234 2582 ιι
1255 2554 1309 2582 lico
1323 2554 1475 2589 profectum
1491 2557 1532 2580 est
1546 2560 1608 2580 eum
1632 2556 1659 2578 et
1687 2560 1700 2576 a
1722 2559 1780 2576 mu—

995 2602 1102 2633 naehis,
1124 2609 1240 2636 quorum
1261 2601 1346 2635 pietas
1361 2604 1388 2626 et
1404 2601 1488 2626 virtus
1504 2603 1544 2625 est
1561 2601 1658 2624 testata
1671 2616 1678 2628 ,
1705 2601 1732 2623 et
1761 2604 1775 2622 a

994 2648 1089 2675 multis
1102 2648 1174 2678 aliis,
1196 2647 1280 2679 legem
1293 2648 1326 2673 de
1344 2646 1388 2673 Dei
1403 2643 1528 2671 ccclesiis
1551 2646 1579 2669 et
1607 2642 1708 2669 sanctis
1725 2642 1777 2668 do-

994 2695 1096 2726 mibus.
1113 2694 1154 2722 vel
1173 2694 1263 2729 potius
1280 2697 1375 2720 contra
1392 2690 1524 2718 ecclesias
1539 2693 1668 2717 ettantas
1681 2689 1777 2716 domos

790 2765 884 2796 Guill.
900 2767 1060 2806 Beveregii
1079 2769 1172 2796 nolm.

196 2822 250 2856 (-16)
273 2823 308 2850 ἸΙ
323 2824 356 2849 δὲ
369 2823 466 2859 Λξξίιρὰ
490 2824 542 2851 τοῦ
566 2825 721 2857 βασιλέως
736 2827 829 2859 πυροῦ
847 2829 937 2859 Νικη-

160 2858 263 2892 φόλιοιι
295 2859 357 2885 "tu:
384 2858 529 2893 Nicephuri
555 2859 654 2887 I‘ltoca:
688 2858 858 2894 imperatotis
875 2858 935 2890 nov.

992 2828 1097 2854 integra
1125 2825 1238 2851 habetur
1261 2823 1287 2850 in
1310 2822 1386 2849 λιιι-ιε
1417 2820 1638 2849 Cresco-Romani
1663 2821 1710 2849 lib.
1745 2829 1776 2854 tt,

993 2870 1018 2896 ιι.
1037 2861 1098 2893 “5,
1121 2859 1178 2889 IH.
1191 2863 1242 2886 etc.

1805 2371 1814 2402 ἑ

1805 2411 1810 2426 ι
