1942 3095
62 134 136 168 1025

667 136 708 166 ιΝ
729 135 814 165 CAN.
833 136 856 166 V
877 136 981 168 CONC.
1015 136 1118 167 Cl‘OL.

1603 141 1605 143 ’
1622 132 1690 165 1026

59 189 183 225 κοσμικὰ
207 189 403 225 είσκωμάσωσι
432 189 606 224 καταγώγια,
635 191 780 221 κάκείνους
801 190 848 217 καὶ

918 191 1030 224 eiscum,
1049 189 1221 225 spteudorem
1237 189 1314 217 illum
1330 196 1439 217 omnem
1459 189 1690 223 honestatemque

59 237 126 267 τοὺς
140 235 359 271 ὑποδεξαμένους
372 235 471 267 αὐτοὺς
482 235 692 272 ἀφωρισμένως
705 235 787 267 εἶναι,
797 235 850 268 ἓως

62 282 99 309 ἃν
116 283 302 309 ἐπανέλθωσιν
314 282 338 309 οἱ
353 282 542 317 ἀποφυγόντες
560 282 602 313 είς
613 282 662 317 τὴν
675 282 780 309 οίκείαν
801 289 850 317 μο-

61 329 124 363 νήν.
138 329 168 355 El
183 329 212 356 δὲ
228 330 243 355 ὁ
256 328 328 356 κατὰ
341 327 435 364 χώραν
449 327 598 360 ἐπίσκοπός
611 336 686 359 τινας
700 328 754 354 τῶν
768 335 851 362 μονα-

61 375 121 410 χῶν
145 375 190 401 ἐπ’
211 376 296 410 ἀρετῇ
321 375 558 410 μαρτυρουμένοις
580 374 672 409 σῡνίδῃ
695 374 734 406 sic
752 373 849 408 ἑτέραν

62 421 152 456 μονὴν
171 420 217 448 ἐπὶ
234 421 402 447 καταστάσει
421 421 508 456 αὐτῆς
526 421 572 448 καὶ
597 420 717 456 ὠφελείᾳ
744 419 800 446 τῶν
821 420 850 446 ἐν

60 467 135 500 αὖτῇ
161 468 338 501 μεταγαγεῖν,
361 467 377 502 ἢ
400 467 446 493 καὶ
465 468 506 498 εἰς
523 466 659 502 κοσμικὴν
675 466 764 492 οίκίαν
778 465 851 492 δοκι-

62 513 148 546 μάσει
161 513 344 547 καταστῆσαι,
361 512 378 548 ἢ
393 512 521 547 ἀλλαχόσε
535 513 677 547 εὐδοκήσει
691 511 848 546 ὶπιστῆσαι,

60 558 126 584 οὗτε
149 559 174 585 οι
202 559 327 594 μοναχοὶ,
350 559 376 585 οι
404 558 476 585 οὕτω
501 558 722 594 μετατιθέμενοι,
745 557 807 583 οὔτε
825 556 849 582 οί

59 603 171 635 τούτοις
182 604 323 639 δεχόμενοι
337 604 376 638 τῷ
395 604 543 640 ἀφορισμῷ
559 603 680 631 ὑπόδικοι
694 603 811 630 ἔσονται.

902 235 1043 269 diripiunt.
1056 235 1269 268 universumque
1291 242 1391 268 corpus
1413 233 1552 261 societatis
1572 233 1688 261 laedunt.

900 278 1226 314 Propterea'quicunque,
1244 275 1381 312 inquiunt,
1408 279 1492 305 esuis
1514 276 1689 304 monasteriis

902 324 1067 358 aningerint,
1081 324 1139 351 sive
1153 323 1180 350 in
1204 323 1257 350 alia
1285 323 1451 350 monasteria
1474 322 1610 353 incidant,
1632 322 1690 348 sive

900 371 1079 398 secularibus
1090 377 1150 397 sese
1162 370 1326 397 habitaculis
1338 370 1514 402 immiserint,
1533 374 1587 395 tam
1602 369 1688 401 ipsos,

899 425 982 452 quam
997 424 1044 444 eos
1061 424 1075 444 a
1092 417 1192 452 quibus
1210 416 1310 451 recepti
1334 416 1447 448 fuerint,
1465 416 1554 443 donec
1580 416 1613 442 ad
1640 421 1690 442 sua

901 462 1065 490 monasteria
1080 463 1126 497 qui
1145 462 1271 497 ingerunt
1285 466 1470 492 revertantur.
1487 465 1584 489 saneta
1605 458 1689 496 sino-

900 509 951 535 tlus
977 514 1134 543 segregatos
1157 516 1220 535 esse
1238 508 1371 536 decernit.
1395 507 1474 540 Quod
1498 507 1522 535 si
1550 506 1611 541 ejus
1635 507 1690 534 loci

899 556 1044 590 episcopus
1060 555 1208 582 noluntllos
1223 563 1237 582 c
1253 556 1450 582 monachorum
1469 555 1552 590 339
1569 559 1691 583 ntulit-ro

901 605 1031 636 spectata:
1042 601 1162 632 virtutis,
1185 606 1214 627 ut
1236 600 1263 627 iu
1279 600 1352 629 aliud
1372 602 1570 628 monasterium
1593 602 1627 629 ad
1644 610 1690 630 res

60 651 222 678 monasterii
237 651 456 682 constituendas.
472 652 574 685 quique
590 651 617 678 in
633 658 666 678 eo
681 651 781 684 degunt
797 648 946 684 juvantios.
964 648 1157 680 transcribere,
1174 652 1221 674 aut
1253 648 1279 674 in
1317 648 1436 675 hominis
1458 648 1556 683 privati
1592 650 1690 682 cujus‘

60 697 136 732 piam
165 697 304 724 domicilio
331 697 508 729 constituere,
533 700 580 723 aut
608 696 696 723 ubivis
724 695 834 722 demum
856 694 993 721 collocare
1020 697 1204 727 opportunum
1224 693 1431 725 existimaverit,
1460 701 1510 720 nec
1538 695 1690 723 monachos

59 743 163 776 quibus
177 751 208 770 ea
224 743 359 770 mutanda:
373 743 446 770 sedis
461 749 544 770 causa
558 742 649 774 finierit,
669 749 719 769 nec
734 743 779 776 qui
795 741 905 768 eosdem
928 740 1091 782 receperint,
1121 747 1200 775 poena
1225 740 1270 767 illa
1291 739 1490 774 scgregationis
1506 739 1617 767 atliciet.

61 789 176 815 ΛΡΙΣΤ.
211 797 222 814 ε
247 788 281 815 El’
305 797 348 820 τις
373 789 490 824 μοναχδς
512 788 563 822 τῆς
593 788 661 819 ἰδίας
690 787 847 822 ἀποδράσας

933 785 1047 812 ARIS'I‘.
1069 795 1078 811 ι
1098 785 1126 812 Si
1138 785 1202 820 quis
1217 785 1378 817 monachus,
1394 785 1505 819 proprio
1521 785 1617 813 relicto
1631 793 1690 813 mo-

102 844 111 860 ι
136 835 232 870 μονῆς,
248 835 264 869 ἢ
283 835 322 866 είς
339 835 433 870 ἕτερον
454 834 603 869 μεταπέσοι
617 834 811 869 μοναστήριον,
832 833 849 868 ἢ

103 890 113 906 α
137 882 177 911 είς
189 881 322 915 κοσμικδν
335 880 505 915 είσκωμάσει
520 880 705 914 καταγώγιον,
725 879 807 911 αὑτός
820 887 850 905 τε

102 934 112 950 ι
136 926 183 952 καὶ
193 927 207 952 ὸ
221 926 419 960 ὑποδεξάμενος
433 924 616 959 ἀφοριζέσθω,
627 926 681 957 ἕως
695 925 849 952 ἐπανέλθοι.

102 980 112 996 ι
140 971 213 997 Ὅδὲ
240 971 306 1006 παρ’
332 971 483 998 ἐπισκόπου
506 971 682 1006 ὁπωσδήποτε
712 971 851 1003 καταστὰς

100 1025 110 1041 ε
134 1016 298 1048 ἀναιτίατος.
317 1026 328 1042 r

366 1105 485 1132 ΚΔΝΩΝ
511 1103 549 1133 E'.

63 1160 74 1176 α
102 1151 157 1182 Τὰς
172 1151 302 1185 ἀκρίτους
331 1151 379 1179 καὶ
406 1151 609 1186 ἀδοκιμάστους
636 1150 778 1185 ἀποταγᾶς
804 1150 851 1177 ἐπὶ

103 1207 112 1222 ι
140 1198 208 1224 πολὺ
236 1197 287 1232 τὴν
318 1197 471 1232 μοναχικὴν
491 1196 620 1229 εὐταξίαν
648 1196 851 1232 λυμαινομένας

101 1253 111 1268 ι
136 1242 310 1277 εὑρίσκομεν.
330 1242 478 1278 Προπετῶς
490 1241 546 1278 γάρ
569 1250 642 1273 τινες
670 1242 711 1273 είς
741 1241 787 1268 τὸν
801 1249 851 1275 μο-

105 1297 114 1313 ι
143 1288 214 1323 νήρη
231 1287 289 1322 βίον
301 1288 417 1319 ἑαυτοὺς
433 1288 652 1323 ὲπιρρίπτοντες,
672 1287 719 1313 καὶ
732 1287 801 1322 πρὸς
820 1286 850 1314 τὸ

102 1342 112 1358 ι
135 1333 221 1367 τραχὺ
234 1333 282 1359 καὶ
293 1328 423 1358 ὲᾶτίπονον
436 1332 684 1367 κατολιγωροῦντες
699 1331 750 1366 τῆς
765 1333 850 1366 ἀσκήι

104 1385 113 1402 ι
137 1385 215 1409 σεως,
228 1377 274 1402 ἐπὶ
287 1378 332 1402 τὶν
346 1376 513 1412 φιλόσαρκον
524 1376 570 1403 καὶ
586 1375 708 1412 ήδονικδν
723 1375 780 1412 (49)
793 1375 850 1410 βίον

104 1432 113 1447 ι
134 1423 233 1454 ἀθλίως
244 1423 326 1451 πάλιν
340 1423 604 1458 ὲπαναστρέφουσιν.
620 1422 730 1457 Ὠρισεν
744 1421 792 1448 οὖν
806 1421 849 1448 διὰ

102 1477 112 1493 ‹
136 1468 216 1495 τοῦτο
229 1469 245 1504 ἡ
256 1469 322 1502 ἁγία
331 1468 439 1500 σύνοδος
451 1468 554 1503 μηδένα
566 1467 614 1494 τοῦ
625 1467 770 1503 μοναχικοῦ
784 1475 849 1494 κατ-
863 1464 885 1494 C

103 1522 113 1539 ι
136 1514 275 1546 αξιοῦσθαι
305 1514 445 1549 σχήματος
467 1514 534 1548 πρὶν
550 1514 584 1540 ἂν
606 1514 621 1540 ό
649 1513 697 1549 τῆς
726 1513 848 1549 τριετίας

106 1567 116 1584 ι
136 1559 231 1594 χρόνος
243 1561 283 1590 εις
295 1561 394 1594 πεῖραν
411 1558 503 1590 αὐτοῖς
518 1558 631 1592 ἀφεθεὶς
645 1558 774 1593 δοκίμους
796 1558 848 1584 αὑ-

103 1614 113 1631 l
136 1606 200 1637 τοὺς
213 1607 262 1632 καὶ
276 1604 368 1637 ἀξίους
381 1605 430 1639 τῆς
445 1604 613 1640 τηλικαύτης
637 1604 730 1639 βιοτῆς
755 1612 849 1640 παρα-

105 1660 115 1677 ι
139 1651 236 1687 στήσῃ.
251 1652 306 1678 Καὶ
325 1650 405 1678 τοῦτο
416 1652 528 1687 κρατεῖν
553 1651 635 1678 παντὶ
660 1651 754 1687 τρόπῳ
775 1659 848 1687 παρ-

103 1706 113 1722 (
138 1697 312 1730 εκελεύσατο,
331 1697 402 1733 πλὴν
418 1699 442 1723 εί
458 1698 542 1732 μήπω
559 1706 602 1728 τις
616 1697 713 1732 βαρεῖα
729 1705 849 1732 προσπε-

107 1752 117 1768 ι
140 1743 230 1769 σοῦσα-
240 1743 316 1774 νόσος
344 1743 391 1769 τὸν
424 1743 520 1777 χρόνον
543 1743 685 1777 ἀναγκάσῃ
712 1742 849 1777 συσταλῆ-

101 1797 112 1815 ι
134 1797 178 1816 ναι
199 1789 248 1823 τῆς
278 1789 438 1824 δοκιμασίας
453 1797 460 1803 ·
479 1789 530 1823 ἢεί
545 1789 581 1824 μή
607 1789 651 1814 πώ
664 1797 706 1820 ¹τις
721 1788 764 1823 εἴη
778 1789 847 1823 ἀνὴρ

103 1843 114 1861 ι
135 1834 263 1869 εὑλαδὴς,
279 1836 326 1861 καὶ
339 1835 384 1861 τὸν
401 1835 546 1870 μοναχικὸν
559 1835 616 1869 βίον
629 1835 658 1862 ἐν
672 1835 710 1868 τῷ
723 1834 848 1870 κοσμικῷ

103 1890 113 1906 ι
136 1880 252 1907 διανύων
274 1880 403 1915 σχήματι.
423 1880 486 1906 Ἐπὶ
514 1879 569 1915 γὰρ
587 1879 633 1906 τοῦ
655 1879 779 1906 τοιούτου
802 1880 850 1906 dv—

103 1936 113 1954 ι
137 1927 199 1962 δρὸς
215 1928 255 1958 είς
271 1926 426 1961 ἀπόπειραν
441 1927 560 1961 παντελῆ
575 1927 623 1952 καὶ
638 1928 652 1953 ό
673 1927 848 1962 ἑξαμηνιαῖος

104 1983 114 1999 ι
137 1973 249 2008 ἀρκέσει
263 1972 367 2007 χρόνος.
388 1972 418 1999 Et
435 1972 463 1998 δέ
479 1981 521 2003 τις
537 1972 612 2007 παρά
625 1972 712 1998 ταῦτα
732 1971 849 2008 διαπρά-

103 2029 112 2045 ι
136 2019 221 2051 ξεται,
235 2020 280 2045 τὸν
294 2019 344 2053 μὲν
357 2018 511 2053 ἡγούμενον
531 2018 581 2052 τῆς
604 2018 786 2052 ἡγουμενείας
801 2020 848 2044 ὲκ-

103 2072 112 2088 ι
140 2062 286 2097 πίπτονται
301 2062 426 2088 παιδείαν
443 2062 490 2096 τῆς
513 2061 627 2094 ἀταξίας
639 2061 689 2097 τὴν
700 2062 729 2088 ἐν
743 2062 848 2090 ὑποτα-

103 2117 112 2134 t
134 2110 171 2143 γῇ
197 2107 337 2142 διαγωγὴν
364 2107 539 2143 ὲφευρίσκειν
552 2115 559 2123 ·
576 2108 623 2134 τὸν
641 2108 669 2134 δὲ
694 2109 847 2143 μονάσαντα

104 2163 114 2180 ι
137 2155 166 2179 ὲν
183 2153 265 2188 ἑτέρᾳ
282 2154 350 2188 μονῇ
360 2153 408 2189 τὴν
424 2152 575 2188 μοναχικὴν
588 2152 731 2188 ἀκρίϐειαν
745 2153 846 2188 φυλατ-

100 2209 110 2225 ‹
133 2199 220 2234 τούσῃ
238 2199 444 2234 παραδίδοσθαι.
464 2208 473 2224 r

100 2245 197 2272 ΒΑΛΣ.
217 2244 350 2274 Πολλάκις
379 2245 461 2278 τινες,
488 2245 571 2279 φασὶν
599 2245 625 2271 ot
656 2244 787 2280 Πατέρες,
803 2245 848 2272 διὰ

65 2292 153 2327 θλίψιν
167 2291 184 2326 ἢ
195 2290 292 2326 ἑτέραν
303 2291 450 2326 ὀλιγωρίαν
463 2292 523 2317 τινὰ
533 2291 579 2317 τδν
588 2291 694 2326 μονήρη
710 2291 767 2326 βίον
780 2299 847 2325 προ-

65 2340 155 2370 πετῶς
173 2337 362 2372 ὑποδυόμενοι,
383 2335 431 2362 καὶ
450 2336 488 2372 μὴ
507 2336 652 2372 δυνάμενοι
673 2337 846 2371 καρτερῆσαι

64 2386 94 2412 τὸ
106 2385 232 2411 ιπίπονον
247 2385 295 2418 τῆς
311 2383 465 2418 ἀσκήσεως,
481 2383 693 2418 μεταμέλονται,
712 2382 762 2409 καὶ
779 2384 847 2419 πρὸς

65 2432 114 2467 τὴν
126 2431 265 2467 προτέραν
277 2430 414 2464 κοσμικὴν
433 2429 571 2463 διαγωγὴν
595 2430 688 2462 κακῶς
715 2430 847 2465 ὕποστρὲι

66 2484 171 2511 φουσιν.
185 2475 298 2510 Ὠρισαν
314 2472 360 2500 οὖν
379 2473 481 2508 μηδένα
495 2473 690 2505 καταξιοῦσθαι
703 2475 750 2500 τοῦ
763 2482 848 2509 μονα-

67 2521 143 2556 χικοῦ
164 2521 304 2556 σχήματος
319 2519 374 2554 πρὸ
397 2519 559 2553 δοκιμασίας
578 2519 625 2545 καὶ
641 2519 845 2552 κατεξετάσεως

66 2569 114 2602 τῆς
127 2566 266 2600 διαγωγῆς
277 2566 323 2592 τοῦ
339 2565 483 2600 ζητοῦντος,
501 2565 581 2591 αὐτό·
596 2565 654 2592 ἀλλ’
667 2566 715 2592 ἰπὶ
726 2565 847 2601 τριετίαν

67 2610 272 2647 δοκιμάζεσθαι,
303 2610 351 2637 καὶ
375 2608 447 2635 οὕτω
468 2608 616 2644 λαμϐάνειν
641 2610 671 2636 τὸ
700 2609 845 2645 μοναχικδν

68 2658 169 2694 σχῆμα.
187 2657 289 2683 Τούτου
301 2656 355 2691 γὰρ
371 2655 443 2682 οὕτω
455 2655 609 2690 γινομένου,
637 2656 717 2686 αὑτός
747 2664 777 2682 τε
801 2654 846 2682 διὰ

66 2705 115 2740 τὴν
131 2703 278 2738 ὀλιγωρίαν
292 2703 322 2729 οὐ
344 2701 609 2737 μεταμεληθήσεται,
626 2701 685 2728 ἀλλ’
706 2700 844 2736 ὀλοψύχως

904 841 914 857 ι
932 832 1061 863 nasterio,
1074 832 1131 858 sive
1147 832 1179 858 ad
1199 831 1271 858 aliud
1289 832 1484 858 monasterium
1510 833 1688 865 transmigra-

904 886 914 903 ι
932 878 1011 909 verit,
1027 878 1084 905 sive
1111 878 1137 904 in
1162 880 1293 904 szeculare
1317 878 1504 904 habitaculum
1530 879 1689 912 petulanter

904 931 913 948 ι
933 931 962 950 se
990 922 1136 950 contulerit
1151 942 1158 954 .
1188 928 1346 957 segrege-tur
1363 927 1418 949 tam
1435 922 1493 957 ipse
1507 941 1515 955 ,
1538 925 1620 957 quam
1639 923 1688 958 qui

904 977 913 994 ι
933 969 1022 1003 ipsum
1038 969 1170 1003 suscepit,
1190 976 1278 1004 usque
1295 969 1359 995 dum
1378 976 1505 996 reversus
1522 968 1616 996 fuerit.
1633 963 1687 1002 Qui

904 1023 914 1039 τ
933 1022 997 1041 vero
1011 1015 1045 1041 ab
1063 1015 1191 1049 episcopo
1206 1022 1371 1049 qttocuuque
1381 1015 1441 1041 loco
1452 1014 1621 1042 constitutus
1634 1019 1688 1047 est.

904 1068 914 1085 ι
934 1061 1015 1094 culpa
1033 1065 1121 1086 vacat.
1146 1069 1155 1086 ι
1414 1066 1417 1067 ⁷

1206 1103 1319 1132 CANON
1344 1104 1376 1131 ν.

903 1159 914 1176 ι
929 1151 996 1184 Quae
1009 1154 1112 1178 temere
1127 1155 1154 1178 et
1169 1151 1227 1178 sine
1247 1150 1351 1185 judicio
1373 1158 1405 1178 ac
1431 1151 1593 1186 probatione
1619 1151 1688 1178 [lunt

939 1206 949 1223 ι
965 1197 1192 1230 renuntiationes,
1209 1197 1281 1224 houo
1295 1198 1445 1224 monastico
1457 1197 1546 1224 ordini
1559 1205 1686 1232 magnum

939 1252 948 1269 ι
966 1243 1062 1270 aﬂerre
1074 1243 1275 1269 incommmhnn
1287 1243 1451 1270 invenimus.
1462 1241 1491 1269 In
1506 1243 1686 1270 monasticam

940 1297 949 1314 ι
968 1289 1039 1315 enim
1060 1289 1140 1316 vitam
1153 1297 1183 1316 se
1199 1289 1277 1315 facile
1289 1289 1445 1323 injicieutcs
1460 1289 1595 1321 nonnulli,
1611 1294 1637 1316 et
1654 1289 1688 1315 ad

940 1344 948 1360 ι
970 1342 1092 1369 asperam
1107 1340 1131 1362 et
1147 1335 1312 1362 laboriosam
1338 1335 1560 1361 exercitationem
1586 1342 1615 1362 sc
1642 1343 1688 1361 se-

937 1389 946 1406 t
964 1381 1053 1415 gniter
1063 1385 1201 1415 gerentes,
1226 1381 1257 1407 ad
1280 1381 1418 1408 carnalem
1448 1384 1474 1407 et
1503 1382 1688 1414 voluptariam

940 1436 948 1452 ι
968 1429 1049 1453 vitam
1066 1434 1163 1453 rursus
1193 1427 1290 1454 misere
1322 1431 1507 1454 revertuntur.
1537 1426 1684 1461 Propterea

939 1482 948 1498 ι
967 1480 1031 1508 ergo
1044 1473 1138 1499 statuit
1154 1477 1247 1499 sancta
1265 1473 1395 1507 synodus,
1415 1474 1444 1498 ut
1468 1473 1620 1498 monastico
1637 1471 1688 1498 ha-

936 1528 945 1544 c
963 1519 1019 1546 bitu
1036 1518 1109 1553 digni
1124 1518 1191 1546 nulli
1207 1522 1338 1553 putentur
1352 1538 1360 1551 ,
1385 1519 1546 1553 priusquam
1573 1518 1685 1545 triennii

936 1574 945 1590 ι
966 1569 1072 1599 tempus
1089 1564 1121 1590 atl
1137 1564 1332 1598 experientiam
1351 1564 1391 1591 eis
1407 1564 1533 1591 relictum
1556 1564 1687 1598 probatos

937 1619 946 1636 ι
964 1618 1011 1638 eos
1025 1616 1087 1637 esse
1101 1612 1128 1636 et
1143 1609 1189 1636 tali
1206 1609 1260 1636 vita
1278 1608 1376 1643 dignos
1392 1607 1555 1635 ostenderit.
1580 1607 1613 1633 Et
1634 1607 1686 1634 hoc

935 1665 943 1681 I
962 1655 1037 1682 omni
1053 1655 1135 1682 modo
1151 1654 1290 1681 observari
1309 1654 1448 1688 precepit,
1467 1657 1648 1688 praeterquam
1663 1654 1686 1681 si

937 1711 946 1727 ι
964 1701 1054 1735 gravis
1080 1700 1180 1736 aliquis
1207 1700 1318 1728 morbus
1359 1700 1482 1727 incidens
1514 1699 1687 1735 probationis

938 1755 948 1773 ι
969 1751 1092 1782 tempora
1107 1746 1232 1774 contrahi
1249 1746 1370 1781 coegerit
1387 1753 1394 1772 :
1411 1746 1453 1773 vel
1477 1745 1529 1773 nisi
1553 1746 1616 1781 quis
1632 1745 1682 1772 ali-

939 1802 948 1818 ‹
968 1793 1056 1820 cunde
1073 1793 1110 1820 sit
1123 1791 1164 1820 vir
1180 1792 1325 1826 religiosus
1349 1795 1376 1818 et
1397 1791 1479 1817 vitam
1508 1792 1686 1818 monasticam

938 1847 947 1863 ι
966 1839 995 1864 in
1011 1837 1104 1864 habitu
1120 1838 1242 1864 saeculari
1259 1841 1378 1871 peragat.
1395 1835 1453 1863 Tali
1470 1837 1541 1864 enim
1570 1836 1630 1863 vlro
1646 1836 1680 1862 ad

936 1892 945 1909 ι
965 1883 1116 1909 absolutam
1133 1882 1325 1916 experientiam
1345 1886 1451 1916 tempus
1476 1886 1608 1909 semestre
1627 1882 1685 1909 su!-

937 1938 947 1954 ‹
965 1928 1048 1955 ilciet.
1062 1927 1090 1955 Si
1105 1928 1166 1962 quis
1183 1932 1273 1954 autem
1290 1931 1387 1961 praeter
1404 1929 1460 1953 hac
1485 1928 1589 1959 iecerit,
1615 1935 1685 1961 pra:-

938 1983 947 2000 t
967 1975 1055 2001 lectus
1072 1973 1179 2008 quidem
1203 1972 1366 2008 praefectura
1392 1972 1522 2000 excidens
1545 1980 1686 2007 perperam

941 2029 951 2046 ι
969 2020 1106 2047 observati
1126 2019 1231 2047 ordinis
1245 2019 1442 2046 correctionem
1455 2038 1463 2051 ,
1487 2019 1513 2045 in
1532 2019 1687 2046 obcdicntia

937 2075 946 2092 ι
965 2070 992 2093 et
1006 2065 1177 2100 subiectione
1199 2065 1435 2092 conversationem
1452 2084 1459 2096 ,
1481 2064 1622 2091 inveniat:
1639 2063 1687 2098 qui

938 2121 948 2137 ι
967 2115 1008 2139 est
1026 2116 1116 2138 autem
1134 2111 1159 2137 in
1177 2110 1231 2136 alio
1246 2110 1413 2136 monasterio
1443 2109 1592 2136 monachus
1605 2129 1613 2142 .
1637 2109 1684 2136 alii

941 2166 950 2182 ι
969 2157 1136 2183 monasterio
1154 2155 1287 2187 tradatur,
1303 2154 1374 2190 quod
1397 2155 1574 2182 monasticam
1604 2155 1688 2182 disci-

937 2212 947 2228 ι
965 2203 1066 2237 plinam
1083 2205 1210 2228 accurate
1231 2201 1403 2236 petiecteque
1419 2201 1555 2228 observet.
1575 2209 1584 2226 ι

934 2246 1032 2274 BALS.
1047 2245 1175 2273 Nonnulli
1191 2253 1273 2280 sape,
1293 2245 1420 2279 inquiunt
1433 2245 1529 2273 Patres
1544 2265 1552 2278 ,
1574 2250 1686 2281 propter

898 2292 1072 2319 alliietionem
1086 2310 1094 2324 ,
1119 2291 1160 2318 vel
1174 2291 1255 2318 etiam
1273 2298 1321 2326 per
1335 2290 1529 2326 negligentiam
1544 2290 1662 2326 aliquam
1675 2310 1685 2324 ,

898 2339 980 2365 vitam
1002 2336 1180 2365 monasticam
1193 2336 1273 2364 facile
1288 2336 1449 2369 subeuntes.
1465 2334 1492 2364 et.
1510 2337 1686 2364 exercitatio-

896 2382 938 2409 nis
952 2381 1072 2409 laborem
1096 2380 1210 2408 sutI‘crre
1240 2388 1292 2407 non
1319 2380 1441 2408 valentes
1456 2400 1464 2413 ,
1494 2381 1684 2416 paenitentiam

896 2430 992 2462 agunt,
1007 2429 1036 2454 et
1052 2425 1085 2452 ad
1100 2426 1218 2461 priorem
1233 2425 1392 2453 srecularem
1417 2426 1525 2453 vivendi
1549 2427 1683 2454 rationem

894 2478 1079 2502 revertuntur.
1100 2472 1259 2500 Statuerunt
1277 2480 1354 2508 ergo,
1372 2481 1406 2500 ne
1418 2473 1570 2501 moriestico
1585 2473 1680 2500 habitu

895 2522 995 2557 dignus
1013 2521 1074 2556 quis
1090 2520 1270 2552 existimetur,
1286 2524 1350 2548 ante
1366 2520 1555 2555 probationem
1571 2523 1598 2547 et
1609 2526 1676 2546 era-

895 2567 1072 2595 minatiouem
1086 2566 1145 2601 ejus
1175 2566 1222 2602 qui
1248 2565 1337 2601 ipsum
1363 2566 1461 2600 petiit;
1488 2565 1535 2592 sed
1566 2564 1684 2591 triennio

899 2612 1038 2647 probetur,
1051 2615 1077 2639 et
1089 2612 1129 2639 sic
1149 2611 1332 2639 monasticum
1344 2610 1467 2638 habitum
1485 2608 1612 2644 accipiat.
1626 2607 1682 2635 Hoc

898 2657 972 2684 enim
985 2657 1021 2684 ita
1037 2657 1120 2689 iacto,
1135 2664 1186 2685 nec
1201 2657 1257 2691 ipse
1265 2661 1376 2691 propter
1388 2654 1578 2690 negligentiam
1595 2654 1682 2688 ι)ωηὶ-

900 2702 985 2731 tentia
1020 2707 1164 2738 tangetur,
1195 2702 1241 2729 sed
1265 2700 1445 2728 monasticam
1471 2699 1592 2726 habitum
1625 2702 1684 2726 toto

675 2750 769 2782 Guill.
789 2751 949 2791 Beverogii
971 2755 1066 2782 notat.

104 2801 159 2837 (ΔΘ)
175 2801 365 2834 Φιλόσαρκον
376 2802 423 2828 καὶ

69 2838 185 2867 editione
200 2841 240 2864 est
253 2836 415 2871 φιλόσαρκον
428 2836 444 2871 ἢ
463 2836 618 2872 φιλήδονον.

441 2801 594 2837 ήδοζνικόν.
612 2802 652 2829 ita
668 2810 729 2829 cum
747 2803 841 2830 codice
862 2802 1011 2831 Bodleiano
1034 2803 1097 2837 legit
1111 2802 1192 2830 etiam
1211 2799 1456 2828 Amerbachianus.
1487 2800 1515 2827 ln
1537 2799 1684 2828 Parisiensi
