1942 3095
81 129 149 161 102’)

686 129 728 160 IN
746 129 827 160 CAN.
842 131 864 160 Υ
884 130 989 162 CONC.
1004 131 1108 162 CPOL.

1632 129 1702 161 1030
1743 115 1751 121 “

78 184 262 219 ἐνδυσάμενος
294 183 325 210 οὒ
343 183 612 219 παραχωρηοήσιται
636 183 701 218 χθὲς
723 183 772 218 μὲν
793 183 865 210 κατὰ

923 186 1095 221 ιιοιιίιςιὶοιιιη
1115 185 1223 219 induit,
1238 185 1263 213 ei
1288 193 1343 214 non
1371 185 1560 221 permittatur.
1593 189 1621 212 ιιι
1643 185 1701 213 heri

79 228 216 264 μσναχοὺς
232 229 280 255 ἐπὶ
298 229 403 264 ἀγορᾶς
427 228 660 265 ἀναστρέφεσθαι,
691 230 812 264 σήμερον
837 230 866 256 δὲ

80 274 149 300 κατὰ
162 274 271 304 λαῖκοὺς
281 273 484 308 θεατρίζεσοαι,
503 275 550 301 καὶ
565 273 620 301 οἷον
633 275 781 309 ἐμπαίζειν
797 276 866 302 κατὰ

81 319 230 354 σκηνικοὺς
245 319 275 345 τὺ
288 319 364 353 ἅγιον
377 320 470 355 σχῆμα
481 328 489 336 ·
524 320 625 355 μᾶλλον
647 319 697 355 μὲν
714 318 761 347 οὖν
780 322 867 355 ἀναγ-

81 363 253 395 κασθήσεται
283 365 332 391 καὶ
363 364 438 391 ἄκων
468 365 653 399 ἀποκαρῆναι.
681 365 815 399 Δέγυντες
838 366 866 392 δὲ

79 411 167 437 ταῦτα
181 410 386 442 κατεσκεύαζον
406 411 453 437 τίιν
478 411 557 445 λόγον
577 411 666 438 αὐτῶν
685 412 739 439 ἀπὸ
767 412 815 438 τοῦ
842 411 866 446 γ’

82 465 143 492 κεφ.
157 457 205 483 τοῦ
233 460 268 483 ια’
287 456 376 483 τίτλον
391 455 439 482 τοῦ
459 457 591 492 παρόντος
607 458 807 493 συντάγματος,
822 458 868 485 λέ-

84 511 175 536 [ουτος
190 504 255 538 περὶ
269 503 318 534 τὰς
334 502 421 538 ἀρχὰς
451 503 538 535 οὕτως
551 512 558 519 ·
579 504 611 531 'll
631 504 660 530 δὲ
691 507 724 538 ιγ’
745 504 867 538 διάταξις

84 548 127 574 τοῦ
141 551 165 574 α’
183 549 274 575 τίτλου
294 549 358 582 ςτῶν
379 547 495 584 Νεαρῶν
516 558 601 585 φησιν
628 550 669 577 δτι
686 553 710 577 οἱ
738 552 866 588 παραμέ-

82 603 171 627 νοντες
184 596 224 627 εἰς
243 596 350 631 μονήρη
367 596 435 632 βίον,
455 596 511 623 εἴτε
528 597 666 634 ἐλεύθεροι
683 598 740 625 εἴτε
764 598 865 632 δοῦλοι,

81 642 216 675 πρότερον
231 643 355 676 τριετίαν
384 644 695 678 προσκαρτερείτωσαν,
722 645 810 679 κουρᾷ
836 653 866 670 τε

81 687 130 713 καὶ
141 687 238 722 ἐσθῆτι
256 687 394 723 χρώμενοι
409 689 464 715 τῶν
479 689 595 721 λαῖκῶν,
618 690 664 716 καὶ
684 689 733 721 τὰς
754 690 867 725 Γραςρᾶς

80 732 275 767 μανθάνοντες,
291 733 338 760 καὶ
356 734 406 769 τὴν
430 734 518 770 τύχην
539 727 866 770 αὺτῶν’“ὀμολογοῦντες.

81 779 128 804 καὶ
142 778 192 813 τὴν
211 778 304 806 αἰτίαν
317 779 363 806 τοῦ
383 780 472 806 θέλειν
486 780 618 815 μονάσαι,
638 781 748 816 μήποτε
758 780 867 815 πονηρά

80 823 152 857 ἔστι,
167 824 216 850 καὶ
228 824 462 852 νουθιτείσθωσαν
474 834 482 841 ·
499 825 547 852 καὶ
558 826 583 852 εί
595 828 866 862 προσκαρτερήσουσι

79 869 133 904 τὴν
149 870 273 904 τριετίαν
298 871 347 897 καὶ
365 870 436 904 ἄξιοι
451 871 560 905 φανῶσι
574 871 623 898 τοῦ
657 872 783 906 μονάσαι,
805 872 867 899 τότε

79 913 278 949 γνειρὲσθωσαν.
294 915 349 944 Καὶ
361 912 458 951 ’ἤθελον
472 917 505 943 εκ
525 916 628 950 ταύτης
645 916 766 951 Νιαρᾶς,
784 916 869 952 οὔσης

86 959 323 993 Ἰουστινιανείου,
338 961 387 996 τὴν
402 961 519 997 δοκιμὴν
535 961 661 996 γίνεσθαι
681 962 751 997 μετά
766 962 869 989 λαῖκῶν

80 1005 205 1040 ἀμφίων.
232 1006 416 1042 Προσετίθουν
432 1007 460 1033 δὲ
476 1007 524 1039 ὡς,
544 1007 606 1033 lusi.
624 1008 655 1034 τὸ
684 1010 718 1041 ιγ’
736 1015 800 1041 κεφ.
822 1006 869 1033 τοῦ

80 1051 107 1079 α’
121 1052 214 1080 τίτλον
228 1052 277 1079 τοῦ
305 1052 326 1079 δ’
352 1052 457 1088 βοδλίου
472 1053 526 1080 τῶν
542 1053 707 1085 Βασιλικῶν,
723 1054 792 1088 ὅπερ
811 1054 871 1080 ἐστὶ

81 1098 182 1133 stipa).
199 1097 234 1131 ξδ’
256 1098 307 1133 τῆς
335 1102 396 1133 patr
418 1099 635 1126 Ἰουστινιανείου
649 1098 769 1134 Νεαρᾶς,
785 1100 869 1135 διορί-

81 1143 159 1175 ζεται
173 1144 238 1175 τοὺς
254 1143 446 1179 τολμήσαντας
462 1143 636 1179 μιμήσασθαι
665 1143 760 1178 σχῆμα
786 1151 869 1178 μονα-

81 1189 133 1225 χοῦ
151 1189 171 1225 ἢ
196 1190 364 1225 ἀσκητρίας,
396 1190 446 1217 καὶ
471 1189 542 1216 κατὰ
563 1190 711 1225 σκηνικοὺς
740 1189 871 1224 ἐμπαῖξαι

82 1234 164 1262 enim
176 1235 313 1270 οἰῳδήτινι
325 1235 432 1271 τρόπῳ,
446 1236 612 1271 σωματικῶς
622 1235 806 1271 τιμωρεῖσθαι
823 1237 872 1263 καὶ

85 1279 260 1316 ὲξορίζεσθαι
269 1289 277 1296 ·
298 1281 389 1317 πολλῷ
406 1282 435 1308 δὲ
451 1282 532 1309 πλέον
546 1281 746 1317 κολασθήσεται
758 1283 772 1308 ὁ
786 1282 872 1316 ἐπαγ·-

83 1325 247 1361 γειλάμενος
267 1326 417 1361 μοναδικὴν
446 1326 595 1362 διαγωγὴν,
613 1325 660 1352 καὶ
676 1326 717 1357 εἰς
733 1325 872 1361 μοναστή-

85 1379 144 1405 ριον
160 1370 297 1404 ἀπελθὼν,
314 1371 361 1398 καὶ
378 1371 531 1407 μοναχικὴν
549 1371 655 1407 ἐσθῆτα
668 1371 871 1407 περιϐαλλόμε-

85 1426 142 1449 νος.
163 1416 212 1444 ἐὰν
233 1417 347 1453 ὕστερον
361 1418 585 1452 ἁνερυθριάστως
598 1418 638 1449 εἰς
657 1416 770 1449 λαῖκοῦς
785 1425 871 1452 μετα-

86 1463 275 1499 σχηματισθῇ.
295 1463 389 1491 ’Δλλοι
405 1463 433 1489 δὲ
447 1461 524 1490 εἷπον
539 1464 576 1495 ὼς
589 1464 614 1490 ot
631 1463 871 1499 ρασοφορήσαντες

86 1509 159 1543 μετὰ.
176 1507 327 1544 Τρισαγίου
347 1510 378 1536 οὐ
407 1509 698 1545 παραχωρηοήσονται
727 1517 907 1563 μετασχηοϐ

87 1554 254 1590 ματισθῆναι
271 1555 312 1586 εἰς
329 1554 440 1586 λαῐκούς
454 1562 461 1569 '
488 1556 512 1581 ot
527 1555 554 1581 δὲ
569 1555 654 1590 χωρὶς
668 1554 763 1580 τούτου
787 1562 872 1589 μετα-

87 1601 321 1636 οχηματισθέντες
336 1601 520 1633 ὰδιαστίκτως
531 1601 607 1632 ἐντὸς
617 1600 667 1636 τῆς
679 1600 802 1636 τριετίας
817 1599 872 1626 τῶν

87 1644 138 1679 μὲν
168 1644 325 1680 μοναχικῶν
353 1645 463 1680 ὰμφὶων
491 1645 589 1680 σχολὴν
621 1645 870 1680 καταψηφίσονται,

86 1691 280 1726 ἐνδνθήσονται
294 1691 322 1717 δὲ
335 1692 429 1718 λαῐκά.
448 1691 511 1717 "Ou
533 1691 581 1718 καὶ
602 1691 734 1725 γυναῖκες
761 1691 874 1718 πενθοῦ-

88 1745 136 1763 σαι
148 1738 211 1768 τοὺς
232 1737 460 1768 ἀποὸεϐιυμκὸτας
475 1737 576 1772 ἄνδρας
596 1735 687 1764 αὐτῶν
712 1737 874 1772 μελανειμο-

89 1781 180 1810 νοῦσιν
196 1782 243 1808 ἐπὶ
263 1783 369 1816 καιρὸν,
386 1784 433 1808 καὶ
444 1782 594 1813 ἀκινδύνως
608 1781 687 1813 αὖθις
702 1783 735 1809 τὰ
752 1782 874 1818 κοσμικὰ

92 1828 308 1863 περιτιθέανται.
324 1828 377 1854 Καὶ
392 1829 468 1854 αὐτοὶ
486 1828 536 1863 μὲν
560 1828 657 1856 ταῦτα.
686 1829 749 1860 Τοῖς
770 1829 874 1855 πλείοσι

89 1872 118 1899 δι
133 1872 181 1899 καὶ
199 1872 409 1907 εὑλαῦεστέροι.
433 1872 463 1897 οὺ
488 1871 607 1898 δοκεῖτὸ
625 1871 697 1907 ἔχειν
716 1872 759 1898 ἐπ’
780 1871 874 1902 ἀδείας

89 1919 135 1945 τὸν
154 1918 311 1945 εἰσελθόντα
326 1918 368 1949 εἰς
381 1916 574 1953 μοναστήριον,
590 1918 649 1951 καὶ,
667 1917 705 1948 ὡς
725 1917 758 1944 ἂν
780 1916 830 1953 ἔχῃ
844 1916 875 1942 τὸ

90 1966 219 2001 πρᾶγμα,
235 1965 505 2000 μελανειμονήσαντα
525 1963 656 1992 καὶκατὰ
673 1965 806 2000 μ’)ναχοῦς
818 1964 876 1991 δια-

90 2011 230 2046 τρίϐοντα,
260 2010 553 2046 μετασχηματισθῆναι
586 2011 625 2042 είς
656 2011 777 2043 λαϊκούς.
797 2012 876 2045 Ἐξῆν

91 2057 155 2093 γὰρ¹
170 2058 264 2092 φασὶν,
280 2056 356 2092 αὺτῷ
368 2057 437 2092 μετὰ
451 2057 553 2083 λαῖκῶν
567 2057 690 2092 ἐσθήτων
705 2056 875 2092 δοκιμασθῆ-

94 2112 135 2130 ναι
150 2103 222 2130 κατὰ
236 2103 281 2130 τὸν
293 2103 344 2138 τῆς
358 2105 482 2139 τριετίας
492 2103 587 2137 καιρόν
597 2111 604 2118 ⁸
621 2103 682 2129 ἐπεὶ
696 2103 726 2129 δι
741 2103 877 2138 μοναχικὰ

93 2147 252 2182 ἐνεδύσατο,
270 2149 515 2184 ἀναγκασθήσεται
530 2147 688 2183 περατῶσαι
705 2148 753 2182 τὴν
771 2148 876 2175 οἰκείαν

919 231 1029 265 quidem
1046 231 1132 258 instar
1143 232 1338 258 monachorum
1356 231 1381 259 in
1398 231 1456 258 foro
1471 234 1606 265 versetur,
1623 231 1704 259 hodie

917 283 983 303 vero
999 276 1085 303 instar
1100 275 1232 303 laicorum
1248 283 1279 303 se
1296 276 1427 303 theatriee
1443 275 1563 303 venditet
1575 296 1582 308 ,
1607 280 1636 303 et
1661 276 1703 303 in-

917 328 974 348 Star
991 321 1161 348 scenicorum
1192 325 1317 348 sanctum
1344 321 1466 348 habitum
1497 321 1699 355 quodammodo

917 366 1082 394 ludificetur.
1111 367 1205 394 Potius
1224 375 1288 402 ergo
1306 373 1417 402 cogetur
1444 368 1483 394 vel
1507 367 1609 394 invitus
1640 371 1705 394 tan-

917 411 985 439 deri.
1003 410 1055 444 Qui
1069 418 1159 439 autem
1180 413 1237 439 lucc
1253 412 1389 444 dicebant,
1406 412 1510 439 dictum
1539 420 1619 439 suum
1642 419 1706 438 eou-

916 457 1062 485 llrmabant
1078 466 1110 485 ex
1124 457 1236 493 Scapit.
1267 458 1298 486 Η
1325 458 1395 485 tituli
1423 458 1565 493 prmsentis
1587 459 1679 493 operis
1697 478 1704 490 ,

917 504 959 532 sic
987 504 1060 532 circa
1085 504 1195 532 initium
1222 505 1364 533 dicentis:
1389 505 1424 533 15
1450 505 1611 533 constitutio
1626 506 1705 540 primi

917 551 988 578 tituli
1008 550 1179 578 Novellarum
1194 551 1274 584 dicit,
1300 551 1372 586 quod
1395 552 1441 586 qui
1465 552 1527 579 vine
1543 551 1706 578 incumbunt

918 597 1075 624 ntonasticm
1090 616 1098 628 ,
1126 597 1182 624 sive
1198 597 1253 624 sint
1270 597 1347 624 liberi
1381 597 1440 624 sive
1466 598 1559 630 servi,
1588 597 1706 624 triennio

918 642 994 677 prius
1010 637 1186 677 perseverent
1201 643 1333 670 laicorum
1361 647 1442 670 tonstt
1463 647 1490 670 et
1510 643 1610 670 vestitu
1628 649 1707 670 uten-

917 692 970 719 tes,
987 692 1015 714 et
1033 687 1189 722 Scripturas
1215 688 1375 719 discentes.
1404 691 1431 715 et
1458 695 1537 715 suam
1568 687 1705 715 fortunam

917 733 1093 766 conﬁtentes,
1114 740 1138 761 et
1154 742 1265 761 causam
1283 742 1332 761 cur
1362 735 1487 761 monachi
1515 742 1576 762 esse
1601 735 1705 762 velint:

918 786 952 806 ne
970 778 1041 806 forte
1056 778 1127 806 mula
1142 780 1189 813 sit,
1204 784 1231 807 et
1247 780 1447 807 admoneamur
1463 789 1470 807 :
1486 784 1512 808 et
1541 781 1566 808 si
1591 781 1708 808 triennio

919 825 1154 860 perseveraverint
1169 829 1196 852 et
1217 826 1385 852 tnonasterio
1400 826 1473 859 digni
1501 826 1551 854 visi
1581 826 1684 855 fuerint
1698 847 1707 860 ,

921 875 985 898 tunc
1001 871 1177 898 tondeautur.
1194 870 1227 897 Et
1240 880 1271 898 ex
1292 871 1343 898 hac
1359 871 1480 904 Novella,
1493 879 1554 907 qua:
1570 877 1611 900 est
1624 871 1710 900 Justi-

920 916 1007 954 niani.
1020 916 1156 949 rule-bant,
1166 923 1229 944 cum
1238 917 1297 944 laici
1311 917 1431 945 restibus
1440 918 1496 946 fieri
1508 918 1707 953 probationem.

920 960 1090 996 Adjiciebant
1119 967 1222 995 autem,
1252 962 1326 998 quod
1349 963 1479 997 quoniam
1504 964 1537 991 15
1552 971 1612 999 cap.
1628 965 1707 1000 primi

923 1007 1005 1039 tituli,
1026 1016 1052 1035 tv
1067 1008 1114 1035 lib.
1129 1007 1242 1036 Basilio.
1266 1009 1339 1043 quod
1367 1009 1476 1045 quidem
1504 1015 1546 1039 est
1561 1010 1596 1038 6L
1613 1018 1638 1038 c.
1657 1011 1710 1038 l25

921 1052 1070 1081 Justiuiani
1086 1052 1215 1087 Norellac,
1233 1055 1377 1088 decernit,
1398 1060 1426 1083 ut
1453 1056 1499 1091 qui
1522 1057 1580 1084 ausi
1608 1057 1708 1084 fuerint

923 1099 1050 1126 monachi
1076 1100 1130 1127 velt
1150 1101 1275 1128 ascetriae
1303 1101 1426 1128 habitum
1454 1102 1576 1135 Imitari,
1612 1107 1640 1130 et
1669 1104 1711 1130 itt-

923 1148 981 1172 διω-
995 1145 1167 1173 scenicnrum
1184 1146 1282 1181 quovis
1298 1147 1379 1174 modo
1398 1147 1475 1174 illum
1491 1147 1615 1181 illudere,
1643 1155 1708 1175 cor-

922 1197 997 1222 pore.
1015 1190 1164 1225 pnuiahtur
1178 1194 1205 1217 et
1231 1191 1450 1219 extertninentur
1469 1201 1476 1220 :
1505 1193 1590 1220 multo
1619 1198 1710 1220 autem

923 1231 1010 1267 magis
1026 1233 1167 1268 punietur.
1188 1234 1235 1268 qui
1253 1235 1336 1262 vitam
1361 1237 1541 1264 Inunasticam
1569 1237 1710 1272 professus

922 1275 950 1302 in
969 1277 1166 1304 monasterium
1181 1277 1322 1313 ingressus
1341 1283 1406 1313 est,
1422 1284 1449 1308 et
1467 1286 1542 1309 veste
1555 1282 1709 1309 monacltali

923 1319 1050 1354 indutus;
1078 1322 1101 1349 si
1120 1327 1214 1357 postea
1244 1325 1318 1351 omni
1347 1329 1430 1353 exuto
1456 1327 1560 1361 pudore
1586 1327 1710 1355 laiealenr

923 1366 1049 1394 vestitum
1063 1368 1207 1401 receperit.
1226 1368 1279 1396 Alii
1298 1376 1389 1397 autem
1406 1370 1554 1404 dixerunt,
1572 1372 1646 1408 quod
1662 1374 1710 1408 qui

922 1419 985 1440 rasa
1002 1412 1089 1440 induti
1107 1413 1209 1441 fuerint
1225 1415 1427 1451 cuur'l‘risagio
1440 1437 1448 1450 ,
1464 1417 1497 1445 ad
1515 1418 1639 1446 laicaleu
1667 1420 1712 1446 ha.

923 1458 1008 1486 bitum
1023 1459 1111 1488 redire
1125 1469 1179 1488 non
1208 1462 1332 1489 sinentur
1349 1473 1356 1491 :
1373 1465 1419 1496 qui
1449 1472 1514 1492 vero
1541 1465 1646 1500 absque
1677 1475 1712 1494 en

923 1504 1044 1533 habitum
1069 1509 1222 1541 ceperunt,
1249 1509 1410 1537 indistincte
1455 1511 1526 1539 intra
1550 1505 1713 1540 'triennium

923 1551 1136 1580 monasticarum
1153 1554 1266 1588 quidem
1279 1556 1396 1582 vestium
1415 1557 1500 1584 otium
1527 1557 1710 1590 damnabunt;

923 1597 1003 1626 laicls
1019 1602 1109 1626 autem
1124 1599 1283 1629 iudnentur.
1298 1600 1365 1629 Nam
1382 1607 1407 1630 et
1427 1602 1553 1631 mulieres
1567 1624 1574 1637 ,
1589 1612 1649 1639 qum
1664 1606 1713 1632 de-

924 1642 1033 1673 functos
1063 1647 1135 1674 viros
1152 1646 1265 1682 lugent,
1296 1648 1362 1676 atris
1391 1650 1513 1677 veslihtts
1540 1651 1574 1678 ad
1604 1655 1712 1686 tempus

923 1690 1085 1725 induuntur,
1104 1697 1129 1719 et
1151 1700 1247 1720 rursus
1263 1693 1323 1720 sine
1349 1694 1470 1728 periculo
1493 1697 1639 1724 smeulares
1667 1699 1710 1724 iu—

924 1735 1023 1764 duttnt.
1046 1736 1076 1763 Et
1091 1736 1117 1763 hi
1134 1738 1243 1772 quidem
1256 1738 1314 1766 hzee
1329 1739 1433 1766 dicunt.
1464 1739 1590 1769 Pluribus
1619 1746 1711 1770 autent

924 1787 950 1809 et
967 1783 1185 1818 religiosioribus
1199 1792 1252 1812 non
1267 1785 1372 1813 videtttr
1389 1787 1414 1813 in
1427 1787 1485 1822 ejus
1496 1795 1557 1814 esse
1567 1793 1712 1822 potestate.

925 1830 971 1864 qui
988 1831 1182 1858 monasterium
1201 1832 1352 1867 ingressus.
1369 1838 1406 1865 et,
1421 1833 1669 1870 quomodocnttque
1682 1844 1712 1862 se

925 1882 970 1902 res
986 1874 1093 1907 habent,
1109 1877 1193 1911 nigris
1207 1878 1329 1906 vestibus
1344 1878 1456 1906 indutus
1471 1884 1512 1907 est
1527 1899 1535 1912 ,
1558 1887 1585 1907 et
1612 1889 1707 1907 tuonu-

926 1920 995 1947 stico
1012 1928 1088 1948 more
1105 1921 1188 1957 degit,
1209 1922 1330 1950 habitum
1357 1923 1455 1951 laieutn
1481 1933 1630 1953 resumere.
1660 1926 1712 1960 Ipsi

926 1966 1010 1999 enittt,
1028 1967 1165 2002 inquiunt,
1182 1968 1283 1996 licebat
1301 1976 1363 1996 cum
1380 1970 1504 1997 vestibus
1531 1971 1608 1999 Iaicis
1624 1974 1714 2006 spatio

927 2013 1037 2041 triennii
1055 2015 1188 2049 probari:
1216 2021 1243 2043 at
1267 2017 1330 2051 quia
1359 2023 1448 2045 vestes
1479 2019 1644 2047 tnonasticas
1671 2020 1713 2047 in-

928 2060 997 2093 duit,
1016 2067 1129 2097 cogetur
1143 2071 1221 2090 suum
1239 2062 1300 2090 vitae
1317 2065 1486 2098 propositum
1505 2067 1652 2100 perlicere;
1669 2067 1712 2094 sin

928 2114 993 2133 vero
1028 2107 1080 2134 hoc
1102 2115 1173 2142 aegre
1204 2108 1292 2142 ferat,
1321 2109 1468 2144 punietur,
1498 2115 1528 2138 ut
1542 2110 1585 2138 lex
1605 2110 1671 2139 dicit
1685 2113 1712 2140 in

927 2153 1017 2186 primo
1034 2153 1123 2185 titulo,
1138 2161 1164 2181 tv
1180 2154 1227 2181 lib.
1244 2153 1378 2187 Quoniam
1405 2159 1496 2183 autem
1523 2156 1613 2184 audivi
1643 2165 1712 2184 nou-

93 2195 223 2229 πρόθεσιν
239 2202 246 2210 ⁸
264 2195 288 2220 εί
309 2194 336 2220 δὲ
355 2194 425 2229 προς
440 2194 521 2221 τοῦτο
537 2193 770 2229 ἀποδυσπετήσει,
789 2202 871 2228 upw-

929 2199 1019 2226 ttullos
1031 2198 1108 2233 queri
1123 2199 1156 2226 de
1171 2199 1316 2234 praefectis,
1333 2200 1380 2235 qui
1399 2200 1432 2228 ad
1458 2202 1531 2236 ipsos
1554 2203 1716 2231 accedentes

93 2240 254 2277 ρηθήσεται,
274 2239 366 2271 καθὼς
382 2240 396 2266 ὁ
410 2240 491 2275 νόμος
507 2238 590 2274 φησὶν
603 2239 633 2266 ὲν
645 2238 684 2274 τῷ
693 2238 716 2265 α’
738 2239 819 2273 τίτλῳ
830 2239 876 2265 τοῦ

94 2286 112 2315 5'
129 2287 245 2322 βιϐλίου.
269 2286 345 2313 Ἐπεὶ
354 2285 382 2312 δὲ
404 2286 511 2321 ηκουσα
522 2294 602 2312 τινων
616 2284 802 2321 μεμφομένων
815 2285 877 2316 τοὺς

94 2333 330 2367 καθηγουμένους,
347 2332 408 2363 τοὺς
422 2332 460 2366 μὴ
483 2333 551 2366 μετὰ
578 2331 743 2366 δοκιμασίαν
763 2330 877 2357 ἀποκεί-

95 2386 193 2414 ροντας
205 2378 270 2410 τοὺς
284 2377 524 2412 προσερχομένους
538 2377 640 2409 αὐτοῖς,
653 2377 700 2403 καὶ
719 2377 790 2404 κατὰ
800 2377 878 2404 τοῦτο

95 2422 311 2459 παραϐαίνοντας
323 2420 424 2449 ὡσανεὶ
439 2421 484 2448 τὸν
499 2421 623 2457 παρόντα
640 2422 741 2448 κανόνα
752 2430 758 2437 ·
775 2421 877 2456 νομίζω

92 2468 178 2497 ὅτιτὸ
197 2471 222 2502 γ’
251 2475 314 2502 κεφ.
333 2466 380 2493 τοῦ
399 2469 422 2494 α’
447 2467 538 2493 τίτλον
561 2466 607 2493 τοῦ
634 2465 654 2494 δ’
675 2467 788 2502 βιϐλίου.
809 2467 877 2501 ὅπερ

91 2512 151 2541 ἐστὶ
164 2513 184 2540 δ’
208 2512 306 2547 κεφάλ.
319 2512 369 2547 τῆς
381 2510 440 2548 ρκγ¹
459 2511 672 2538 Ἰουστινιανεῐου
689 2511 876 2547 Νεαρᾶς,).ύει

95 2558 142 2586 καὶ
158 2557 189 2584 τὸ
204 2556 326 2584 τοιοῦτον
338 2556 500 2591 ἀμφίϐολον.
515 2556 585 2591 Φησὶ
599 2557 653 2591 γάρ
665 2565 672 2572 ·
687 2557 720 2583 Ei
732 2564 773 2588 τις
791 2556 820 2583 δὲ
837 2556 877 2588 είς

96 2603 243 2640 μοναχικδν
256 2602 314 2638 βίον
328 2602 415 2629 ἐλθεῖν
434 2601 590 2638 βουληθείη,
604 2602 763 2638 κελεύομεν,
782 2603 837 2635 ἵνα,
852 2603 877 2630 εί

95 2649 144 2684 μὲν
159 2648 316 2683 γνώρισμός
328 2648 403 2674 ἐστιν
419 2648 459 2673 ὅτι
477 2647 589 2682 οὐδεμιᾷ
602 2647 670 2683 τύχῃ
695 2648 848 2681 ὑπόκειται,
864 2649 877 2675 ὁ

96 2693 247 2729 ᾐγούμενος
263 2691 310 2718 τοῦ
327 2692 522 2727 μοναστηρίου,
547 2692 592 2718 ὅτε
616 2692 719 2728 συνίδῃ,
740 2694 771 2718 τὴ
785 2693 877 2727 σχῆμα

95 2739 170 2774 αὑτῷ
190 2738 320 2774 παράσχῃ
334 2747 341 2754 ·
361 2739 385 2764 εί
399 2738 427 2764 δὲ
443 2737 479 2772 μὴ
495 2737 671 2772 γνωρίζεται,
687 2739 712 2765 εὶ
734 2739 877 2775 οίᾳδήποτε

97 2786 238 2813 ὑπόκειται
255 2785 337 2821 τύχῃ,
361 2784 436 2815 ἐντὸς
452 2784 536 2818 τριῶν
557 2784 691 2811 ἐνιαυτῶν
707 2785 744 2820 μὴ
770 2786 876 2820 λαμϐά-

91 2839 150 2859 νειν
166 2831 247 2859 αὐτὸν
262 2831 291 2858 τὺ
308 2830 455 2861 ιιοναγικδν
481 2831 586 2863 σχῆμα,
604 2829 661 2856 ἀλλ’
680 2830 757 2862 ἐντὸς
776 2831 823 2858 τοῦ
839 2832 876 2858 εί-

928 2249 990 2279 post
1006 2245 1181 2280 probationes
1202 2254 1256 2273 non
1278 2247 1402 2279 tondent,
1422 2251 1449 2275 et
1463 2255 1493 2274 ea
1506 2248 1533 2275 in
1550 2256 1578 2276 re
1593 2256 1716 2283 pra-sen-

931 2296 982 2318 tem
1013 2299 1146 2319 eanonem
1176 2292 1259 2319 veluti
1289 2293 1544 2327 transgrediuntur;
1563 2294 1714 2327 existimo,

928 2338 1000 2372 quod
1014 2338 1030 2364 5
1046 2345 1106 2372 cap.
1118 2338 1196 2372 primi
1226 2337 1315 2371 tituli,
1343 2345 1368 2366 tv
1385 2339 1445 2372 lib.,
1475 2339 1546 2374 quod
1562 2344 1603 2366 est
1614 2341 1630 2367 4
1651 2348 1714 2373 cun.

929 2383 982 2411 ηδ
1006 2383 1152 2410 Iustiniani
1170 2382 1307 2416 Novella,
1327 2384 1379 2412 hoc
1401 2385 1512 2412 dubiant
1539 2386 1628 2413 solvit.
1646 2386 1715 2414 llicit

928 2429 1000 2456 enim
1013 2438 1019 2456 :
1040 2429 1068 2456 Si
1083 2429 1145 2463 quis
1157 2429 1189 2456 ad
1207 2430 1382 2457 monasticam
1396 2430 1461 2458 velit
1477 2431 1559 2458 vitam
1574 2433 1714 2463 accedere,

926 2475 1066 2510 iubemus,
1083 2478 1123 2506 ut,
1140 2475 1162 2502 si
1179 2475 1216 2502 sit
1234 2475 1342 2510 quidem
1358 2481 1452 2503 notum
1469 2485 1529 2504 ettut
1555 2477 1621 2503 nulli
1652 2484 1714 2503 esse

929 2519 1045 2547 fortuna:
1059 2520 1223 2555 subjectum.
1243 2521 1405 2549 monasterii
1420 2523 1576 2558 prmfeetus,
1594 2523 1704 2556 quando

929 2565 981 2593 hoc
1003 2566 1173 2601 cognoveritI
1192 2567 1315 2595 habitum
1329 2568 1368 2595 illi
1393 2567 1535 2603 prebeat:
1558 2568 1600 2595 sin
1623 2573 1712 2594 autem

928 2612 1063 2645 nescitur,
1076 2621 1110 2640 an
1129 2613 1176 2640 ulli
1195 2613 1230 2641 sit
1242 2613 1357 2641 fortuna:
1371 2613 1513 2648 Subiectus
1527 2633 1534 2644 ,
1563 2613 1634 2640 intra
1658 2618 1714 2642 tres

929 2664 1017 2684 annos
1031 2658 1213 2685 monasticum
1230 2658 1353 2686 habitum
1371 2666 1404 2685 ne
1416 2658 1549 2692 accipiat;
1568 2659 1614 2685 sed
1642 2659 1713 2686 intra

928 2704 1029 2730 dictum
1046 2708 1162 2738 tempus,
1187 2704 1247 2738 ejus
1263 2704 1324 2730 vitae
1338 2704 1558 2731 conversationis
1573 2723 1580 2735 ,
1612 2705 1634 2731 is
1667 2705 1713 2737 qui

929 2749 1097 2776 monasterio
1112 2755 1221 2783 prtecst,
1240 2748 1391 2783 periculum
1420 2749 1514 2781 faciat,
1554 2754 1581 2776 et
1604 2754 1712 2777 extera.

928 2795 1111 2827 Quamobrem
1129 2793 1273 2828 pt‘zefectus
1291 2797 1363 2820 recte
1377 2793 1472 2821 tondet
1486 2795 1661 2822 accedentem
1678 2796 1713 2823 ad

928 2849 1001 2870 eum.
1018 2840 1127 2870 quando
1139 2838 1212 2866 illum
1225 2839 1348 2871 noverit;
1375 2843 1401 2868 et
1423 2839 1547 2872 probatio
1572 2841 1601 2869 fit
1625 2841 1715 2868 solum
