1942 3095
81 122 149 154 ΙΟΣἹ

686 123 728 153 IN
747 123 828 154 CAN.
842 124 863 153 ι’
885 124 989 154 CONC.
1004 124 1108 155 CPOL.

1633 123 1703 155 torto
1743 110 1750 115 ’

78 177 261 211 ἐνδυσάμενος
293 176 324 202 οὗ
342 176 612 212 παραχωρηθήσετσι
637 177 701 211 χθὲς
722 177 772 212 μὲν
793 176 865 203 κατᾶ

922 179 1096 206 monasticum
1115 178 1223 213 induit,
1237 179 1263 206 ei
1288 187 1343 207 non
1371 179 1561 214 permittatur.
1593 183 1622 206 ut
1644 179 1701 207 lteri

79 221 215 257 μαναχοὺς
231 222 278 248 ἐπὶ
297 222 402 257 ἀγορᾶς
427 222 660 258 ἀναστρέφεσθαι,
691 223 812 257 σήμερον
837 223 866 249 δὲ

79 268 149 293 κατὰ
162 267 270 298 λαῖκοὺς
281 266 484 301 θεατρίζεσοαι,
502 268 549 294 καὶ
564 265 619 294 οἷον
633 268 781 302 ἐμπαίζειν
796 269 867 295 κατὰ

81 312 229 347 σκηνικοὺς
244 312 274 338 τὸ
287 313 364 346 ἅγιον
376 313 469 348 σχῆμα
480 321 488 329 ·
523 313 624 348 μᾶλλον
647 313 696 348 μὲν
713 311 761 340 οὗν
780 315 867 349 ἀναγ-

81 356 253 388 κασθήσεται
283 358 332 384 καὶ
362 357 438 384 ἄκων
468 358 652 392 ἅποκαρῆναι.
681 359 815 392 Λέγοντες
838 359 866 386 δὲ

79 404 167 430 ταῦτα
181 403 385 435 κατεσκεύαζον
406 404 453 431 silv
477 404 555 438 λόγον
576 404 666 431 αὐτῶν
685 405 739 432 ἀπὸ
767 405 814 431 τοῦ
841 404 866 439 γ’

81 459 143 484 χεφ.
158 450 205 476 τοῦ
233 453 268 476 ια’
287 450 376 476 τίτλου
391 449 438 476 τοῦ
459 450 591 484 παρόντος
606 451 807 486 συντάγματος,
822 451 867 478 λέ-

84 504 174 530 γοντος
190 497 255 532 περὶ
269 496 318 527 τὰς
334 495 421 532 ἀρχὰς
450 496 536 528 οὕτως
550 505 557 512 ·
578 497 610 524 'll
630 497 659 523 δὲ
690 500 724 531 ιγ’
744 497 867 531 διάταξις

83 541 126 567 τοῦ
141 544 165 567 α’
183 541 274 567 τίτλου
294 543 357 576 λτῶν
379 541 494 577 Neapth
515 551 600 578 φησιν
627 543 668 570 ὃτι
685 546 710 571 οἱ
737 545 866 581 παραμέ-

81 596 170 620 νοντες
184 589 224 620 εἰς
243 590 350 624 μονήρη
367 589 435 624 βίον,
455 589 510 616 tlte
528 590 666 627 ἐλεύθεροι
683 591 739 618 εετε
763 591 864 625 δοῦλοι,

80 635 216 669 πρότερον
231 636 355 670 τριετίαν
384 637 695 672 προσκαρτερείτωσαν,
722 638 810 672 κουρᾷ
836 645 866 664 τι

80 680 129 706 καὶ
142 680 238 715 ἐσθῆτι
255 680 395 716 χρώμενοι
409 682 464 708 τῶν
479 681 594 714 λαῑκῶν,
618 683 664 709 καὶ¹
683 682 733 714 τὰς
753 683 772 708 Γ
775 683 866 718 ραςρᾶς

79 726 275 760 μανθάνοντες,
291 726 338 753 καὶ
356 727 406 762 τὴν
430 727 517 763 τύχην
539 720 866 763 αὺτῶἶϊμολογοῦντες,

79 771 128 798 καὶ
141 771 192 806 τὴν
211 771 305 799 αἰτίαν
317 773 364 799 τοῦ
383 773 472 799 θέλειν
486 773 618 808 μονάσαι.
637 774 747 809 μήποτε
758 773 867 808 πονηρά

79 816 152 849 ἐστι,
168 817 216 843 καὶ
228 817 462 845 νουθιτείσθωσαν
474 827 481 834 ·
499 818 547 846 καὶ
557 819 583 845 ει
594 821 865 855 προσκαρτερήσουσι

78 861 133 897 τὴν
150 863 273 898 τριετίαν
298 864 347 890 καὶ
365 864 436 896 ἄξιοι
451 864 559 899 φανῶσι
574 864 622 891 τοῦ
656 865 783 900 μονάσαι,
805 865 866 892 τότε

78 906 277 942 κειρέσθωσαν.
294 909 348 936 Καὶ
361 906 457 944 ἢθελον
471 910 504 936 ὲκ
525 909 628 944 ταύτης
645 909 766 945 Νεαρᾶς,
784 909 868 945 οὔσης

85 952 322 986 ’1ουστινιανείου,
337 955 387 989 τὴν
401 954 519 990 δοκιμὴν
535 955 661 990 γίνεσθαι
681 955 751 990 μετὰ
766 955 869 982 λαῖκῶν

79 998 205 1033 ἀμφίων.
231 1000 415 1035 Προσετίθουν
431 1000 460 1027 δι
476 1000 524 1032 ὡς,
544 1001 605 1027 ἐπεὶ
624 1001 655 1027 τὺ
684 1003 718 1034 ιγ’
736 1009 800 1035 κεφ.
821 999 869 1026 τοῦ

78 1043 106 1072 α’
120 1045 213 1072 τιτλου
228 1045 276 1072 τοῦ
305 1046 326 1073 δ’
352 1045 457 1081 βιϐλίου
471 1046 525 1073 τῶν
541 1046 706 1078 Βασιλικῶν,
722 1047 792 1082 ὅπερ
811 1047 870 1074 ἐστὶ

79 1091 181 1126 κιφαλ.
198 1090 233 1124 ξδ’
255 1091 306 1126 τῆς
334 1095 395 1126 ρκγ¹
418 1093 634 1120 Ίουατινιανείου
648 1091 768 1128 Νεαρᾶς,
785 1093 869 1128 διορί⁸

79 1137 158 1168 ζεται
172 1137 237 1168 τοὺς
253 1136 446 1173 τολμήσαντας
461 1136 635 1172 μιμήσασθαι
665 1137 759 1172 σχῆμα
785 1145 869 1171 μονα-

80 1183 132 1218 χοῠ
151 1183 170 1218 ἢ
195 1183 363 1218 ἀσκητρίας,
395 1183 445 1210 καὶ
470 1183 541 1210 κατὰ
563 1183 711 1219 σκηνικοὺς
739 1183 870 1218 ἐμπαῖξαι

80 1228 164 1255 τοῦτο
175 1229 313 1264 οίῳδήτινι
324 1229 431 1265 τρόπῳ,
445 1230 611 1264 σωματικῶς
621 1229 805 1264 τιμωρεῖσθαι
822 1230 871 1257 καὶ

83 1273 276 1310 ἑξορίζεσθαι·
298 1275 388 1310 πολλῷ
405 1275 434 1302 δὲ
450 1275 532 1302 πλέον
545 1275 745 1310 κολασθήσεται
757 1276 771 1302 ὁ
785 1275 871 1310 ἑπαγ-

82 1318 246 1353 γειλάμενος
266 1319 416 1354 μοναδικὴν
445 1320 593 1355 διαγωγὴν,
612 1319 659 1346 καὶ
675 1320 716 1351 εἰς
732 1319 871 1355 μοναστή-

84 1372 144 1399 ριον
159 1364 296 1397 ἀπελθὼν,
313 1364 360 1392 καὶ
377 1364 530 1400 μοναχικὴν
547 1364 654 1400 ἐσθῆτα
667 1364 870 1400 περιϐαλλόμε-

83 1419 141 1442 νος,
163 1410 211 1437 ἐὰν
232 1410 346 1446 ὕστερον
360 1411 584 1446 ἀνερυθριάστως
597 1411 638 1442 εἰς
657 1410 768 1442 λαῐκοϋς
785 1418 870 1445 μετα-

85 1456 274 1492 σχηματισθῇ.
295 1457 388 1483 ’Δλλοι
404 1457 432 1482 δὲ
446 1455 523 1483 εἷπον
539 1457 576 1488 ὡς
588 1458 613 1483 οἱ
629 1456 870 1492 ρασοςρορήσαντες

86 1502 158 1536 μετὰ.
175 1500 326 1537 Τρισαγίου
346 1503 377 1529 οὐ
406 1502 697 1538 παραχωρηοήσονται
726 1510 869 1537 μετασχη-

86 1547 253 1583 ματισθῆναι
271 1548 312 1579 εἰς
328 1548 439 1579 λαῖκούς
453 1555 460 1563 ⁸
487 1549 511 1574 oi
526 1548 553 1575 δὲ
568 1548 653 1584 χωρὶς
667 1548 763 1574 τούτου
787 1556 870 1583 μετα-

86 1594 320 1629 σχηματισθέντες
335 1594 519 1626 ἁδιαστίκτως
530 1595 606 1625 ἐντὸς
617 1594 666 1629 τῆς
678 1593 802 1629 τριετίας
817 1593 871 1620 τῶν

86 1637 137 1672 μὲν
167 1637 324 1674 μοναχικῶν
353 1639 463 1674 ἀμφὶων
491 1638 588 1673 σχολὴν
620 1638 869 1673 καταψηφίσονται,

86 1684 279 1719 ὲνδυθήσονται
294 1685 321 1711 δὲ
335 1685 428 1712 λαῖκά.
447 1685 510 1710 Ὂτι
532 1684 580 1710 καὶ
601 1685 733 1718 γυναῖκες
760 1684 873 1711 πενθοῦ-

87 1738 135 1756 σαι
147 1731 210 1762 τοὺς
231 1730 458 1762 ἀποϐεϐιομκότας
474 1730 575 1766 ἄνδρας
595 1729 686 1757 αὐτῶν
711 1730 873 1765 μελανειμο-

87 1775 179 1803 νοῦσιν
195 1776 242 1802 ἐπὶ
262 1776 369 1810 καιρὸν,
385 1777 433 1802 καὶ
443 1776 592 1807 ἀκινδύνως
607 1774 686 1807 αὖθις
701 1776 734 1802 τὰ
751 1776 873 1811 κοσμικὰ

91 1821 307 1856 περιτιθὲανται.
323 1821 376 1847 Καὶ
391 1822 467 1847 αὐτοὶ
485 1821 535 1856 μὲν
559 1822 656 1849 ταῦτα.
685 1823 749 1854 Τοῖς
769 1822 873 1848 πλείοσι

88 1865 117 1892 ﬁl.
132 1866 180 1892 καὶ
198 1865 408 1901 εὐλαϐεστέροι,
432 1865 462 1891 οὺ
488 1865 605 1891 δοκεῖτὸ
624 1865 696 1901 ἔχειν
714 1865 758 1892 ἐπ’
779 1865 873 1896 ἀδείας

89 1912 134 1939 τδν
153 1911 311 1938 εἰσελθόντα
326 1912 366 1942 εἰς
380 1910 573 1946 μοναστὴριον,
589 1912 647 1944 καὶ,
666 1911 703 1942 ὡς
724 1911 757 1938 ἂν
778 1910 829 1947 ἔχῃ
843 1910 874 1937 τὺ

89 1960 218 1994 πρᾶγμα,
235 1958 504 1993 μελανειμονήσαντα
524 1958 571 1984 καὶ
585 1957 655 1985 κατὰ
672 1959 805 1994 μοναχοὺς
817 1958 874 1985 δια-

89 2005 229 2040 τρίϐοντα,
259 2003 552 2040 μετασχηματισθῆναι
585 2005 624 2035 εις
655 2005 775 2037 λαϊκούς.
796 2006 874 2040 Ἐξῆν

90 2051 154 2086 γὰρ,
169 2051 263 2085 φασὶν,
279 2050 355 2086 αὐτῷ
367 2051 436 2085 μετὰ
449 2050 552 2077 λαῖκῶν
566 2050 689 2086 ἐσθήτων
704 2050 873 2085 δοκιμασθῆ-

93 2106 134 2123 ναι
149 2097 221 2123 κατὰ
234 2097 280 2124 τὸν
292 2097 342 2131 τῆς
357 2099 480 2132 τριετῖας
491 2097 586 2131 καιρόν
596 2104 603 2111 °
620 2097 681 2122 ἐπεὶ
696 2096 725 2122 δὲ
740 2097 876 2132 μοναχικὰ

92 2141 252 2175 ἐνεδύσατο,
269 2142 514 2178 ἀναγκασθήσεται
529 2140 687 2177 περατῶσαι
705 2141 753 2176 τὴν
771 2141 876 2168 οἰκείαν

919 224 1029 258 quidem
1045 224 1132 251 instar
1143 225 1338 252 monachorum
1356 225 1381 252 in
1398 225 1456 252 foro
1472 228 1607 260 versetur,
1624 225 1704 253 hodie

917 276 983 296 vero
999 269 1085 296 instar
1100 268 1232 296 laicorum
1248 277 1279 296 se
1296 269 1428 297 theatrice
1444 269 1564 297 venditet
1575 290 1583 302 ,
1608 274 1636 297 et
1661 270 1703 297 in-

917 321 974 340 star
991 314 1162 341 scenicorum
1192 318 1317 341 sanctum
1344 315 1466 341 habitum
1497 315 1699 349 quodammodo

917 359 1082 387 ludificetur.
1111 360 1205 387 Potius
1224 368 1289 395 ergo
1306 367 1418 395 cogetur
1444 361 1483 388 vel
1507 361 1609 389 invitus
1640 365 1705 388 ton-

917 404 985 432 deri.
1003 403 1055 437 Qui
1070 411 1159 432 autem
1180 406 1237 432 haec
1253 405 1389 437 dicebant,
1406 405 1510 433 dictum
1539 412 1620 433 suum
1643 414 1706 432 con-

916 450 1062 478 ﬁrmabant
1078 459 1109 479 ex
1125 450 1236 486 ﬁcapit.
1267 452 1298 479 ll
1325 452 1395 478 tituli
1423 452 1565 486 praesentis
1587 453 1679 488 operis
1696 473 1704 484 ,

917 497 959 525 sic
987 498 1059 524 circa
1084 497 1194 525 initium
1222 498 1364 526 dicentis:
1390 498 1424 527 15
1450 500 1611 527 constitutio
1626 500 1705 534 primi

917 543 988 570 tituli
1006 543 1178 571 Novellarum
1194 545 1274 578 dicit,
1299 544 1371 580 quod
1394 546 1441 579 qui
1465 546 1527 573 vitae
1543 545 1706 572 incumbunt

917 590 1074 617 monasticae
1090 609 1097 621 ,
1125 590 1181 617 sive
1197 590 1252 617 sint
1269 591 1346 618 liberi
1381 591 1440 618 sive
1466 592 1558 623 servi,
1588 591 1705 618 triennio

917 635 993 670 prius
1010 630 1186 670 perseverent
1201 636 1333 663 laieorum
1361 641 1442 664 tonsu
1462 640 1490 664 et
1510 637 1609 664 vestitu
1628 643 1707 664 uten-

917 685 970 712 tes,
987 685 1014 708 et
1033 681 1189 716 Scripturas
1214 682 1374 713 discentes,
1403 685 1431 709 et
1458 689 1537 709 suam
1567 681 1705 709 fortunam

917 726 1093 759 confitentes,
1113 734 1137 755 et
1154 735 1264 755 causam
1282 735 1332 755 cur
1362 729 1487 756 monachi
1515 736 1575 756 esse
1600 730 1705 757 velint:

917 780 952 799 ne
970 771 1040 800 forte
1056 771 1126 800 mala
1142 773 1189 806 sit,
1204 779 1230 801 et
1247 774 1447 801 admoneantur
1462 783 1469 802 :
1486 779 1512 802 el
1541 776 1565 802 si
1590 775 1708 803 triennio

918 819 1154 853 perseveraverint
1168 823 1196 846 et
1217 820 1385 846 tuattasterio
1400 819 1473 854 digni
1500 820 1551 848 visi
1581 820 1707 854 fuerint,

921 868 985 891 tunc
1001 865 1176 892 tondeantur.
1194 864 1227 891 Et
1239 873 1271 892 ex
1292 865 1343 893 hac
1359 865 1479 898 Novella,
1493 874 1554 901 qua:
1569 871 1611 894 cst
1624 865 1710 895 Justi-

920 909 1008 948 niani,
1019 910 1156 943 volebant,
1166 917 1228 938 cum
1238 911 1297 938 laici
1310 911 1430 939 restibus
1440 913 1496 940 tleri
1508 913 1707 947 probationem.

920 954 1090 990 Adjiciebant
1119 960 1222 989 autem,
1252 957 1325 992 quod
1349 958 1479 991 quoniam
1503 959 1537 985 15
1552 965 1612 993 cap.
1627 960 1706 994 primi

923 1001 1004 1033 tituli,
1026 1009 1051 1028 tv
1067 1001 1114 1029 lib.
1129 1001 1241 1030 Basilio.
1266 1003 1338 1037 quod
1367 1004 1476 1038 quidem
1503 1009 1545 1032 est
1561 1005 1595 1032 64
1613 1012 1637 1033 c.
1656 1005 1710 1032 1‘23

920 1046 1069 1074 Justiuiani
1085 1046 1215 1080 Novella,
1232 1049 1376 1082 decernit,
1398 1054 1426 1077 ut
1452 1050 1499 1085 qtti
1522 1051 1579 1078 ausi
1607 1051 1708 1078 fuerint

923 1093 1049 1120 monachi
1075 1093 1130 1120 νοΙ·
1150 1095 1274 1121 ascetriat
1302 1095 1425 1122 habitum
1453 1096 1576 1129 imitari,
1611 1101 1639 1124 et
1669 1097 1710 1124 itt-

924 1141 981 1166 εισι·
995 1139 1167 1166 scenicOrum
1184 1140 1282 1175 quovis
1298 1141 1379 1168 modo
1398 1141 1474 1168 illum
1490 1142 1615 1176 illudere,
1642 1150 1708 1169 cor-

922 1191 997 1215 pore-
1015 1183 1164 1219 puniantur
1178 1188 1205 1211 et
1231 1185 1450 1213 exterminentur
1468 1195 1476 1213 :
1505 1187 1590 1214 multo
1618 1193 1710 1214 autem

923 1225 1009 1261 magis
1026 1226 1166 1261 punietur.
1187 1228 1234 1262 qui
1252 1229 1335 1256 vitam
1361 1231 1540 1258 monasticam
1568 1231 1711 1266 professus

921 1268 949 1295 in
969 1271 1165 1298 monasterium
1181 1271 1322 1306 ingressus
1341 1277 1384 1301 est
1397 1295 1405 1307 ,
1421 1278 1448 1302 et
1466 1281 1541 1303 veste
1555 1277 1708 1304 monacltall

922 1313 1049 1348 indutus;
1078 1316 1100 1343 si
1119 1321 1213 1351 postea
1243 1319 1318 1345 omni
1346 1323 1429 1347 exuto
1455 1321 1559 1355 pudore
1585 1321 1712 1349 laicalem‘

923 1360 1048 1387 vestitum
1063 1362 1207 1396 receperit.
1225 1362 1278 1390 Alii
1298 1370 1388 1391 autem
1405 1364 1533 1393 dixerunt
1546 1386 1553 1398 ,
1572 1367 1644 1402 quod
1662 1368 1709 1402 qui

922 1413 984 1433 rasa
1002 1406 1089 1434 induti
1106 1407 1209 1436 fuerint
1225 1409 1426 1446 cuntTrISagio
1439 1431 1447 1444 ,
1463 1411 1496 1439 ad
1514 1412 1638 1441 laicalen
1667 1414 1712 1441 Ita-

922 1452 1007 1480 bitnm
1022 1453 1110 1482 redire
1125 1462 1178 1482 non
1207 1456 1332 1484 sinentur
1348 1467 1354 1485 :
1372 1459 1419 1490 qui
1448 1466 1512 1486 vero
1540 1460 1645 1494 absque
1676 1470 1710 1487 en

922 1498 1044 1527 habitum
1069 1505 1221 1535 cepertmt,
1249 1503 1409 1531 indistincte
1454 1506 1525 1533 intra
1549 1499 1711 1534 ’triennium

923 1545 1136 1573 tnonasticarutn
1152 1548 1265 1581 quidem
1278 1550 1395 1576 vostium
1414 1551 1500 1578 otium
1526 1551 1709 1584 damnabunt;

923 1591 1002 1620 laicls
1018 1597 1109 1620 autem
1124 1592 1282 1623 induentur.
1298 1594 1365 1622 Nam
1382 1601 1406 1624 et
1426 1597 1552 1625 mulieres
1566 1619 1573 1630 ,
1588 1607 1648 1634 qum
1663 1601 1712 1626 de—

923 1635 1032 1667 functos
1061 1640 1265 1675 rirosiugent,
1295 1642 1362 1669 atris
1391 1643 1513 1672 vestibus
1539 1645 1572 1672 ad
1603 1649 1711 1681 tempus

922 1684 1084 1718 induuntur,
1103 1691 1128 1713 et
1150 1694 1247 1714 rursus
1262 1687 1322 1715 sine
1348 1688 1469 1722 periculo
1492 1691 1638 1719 saeculares
1666 1692 1709 1718 in-

923 1729 1022 1757 duuut.
1045 1729 1076 1757 Et
1090 1729 1116 1757 hi
1133 1732 1242 1765 quidem
1256 1732 1314 1760 htrc
1329 1733 1432 1760 dicunt.
1463 1733 1589 1763 Pluribus
1619 1740 1710 1764 autem

923 1781 948 1802 et
966 1776 1184 1811 religiosioriluts
1197 1786 1251 1806 non
1266 1779 1372 1807 videtur
1388 1781 1414 1807 itt
1426 1781 1484 1816 ejus
1495 1789 1556 1808 csse
1567 1787 1712 1816 potestate,

924 1823 970 1858 qui
987 1825 1182 1851 monasterium
1200 1825 1352 1861 ingressus,
1368 1832 1405 1859 et,
1420 1827 1668 1864 quomodocuuquc
1681 1839 1711 1857 se

924 1876 969 1896 res
984 1868 1092 1900 habeat.
1108 1870 1193 1905 nigris
1206 1872 1328 1899 vestibus
1344 1872 1455 1900 indutus
1470 1878 1511 1901 cat
1526 1894 1534 1906 ,
1556 1881 1583 1901 et
1610 1883 1706 1902 mona—

924 1914 993 1941 stico
1011 1922 1087 1942 more
1104 1915 1187 1950 degit,
1208 1916 1329 1944 habitum
1355 1917 1455 1944 laicqu
1480 1927 1629 1947 resumere.
1659 1921 1711 1955 Ipsi

924 1960 1009 1993 enim,
1026 1961 1164 1995 inquiunt,
1181 1962 1281 1990 licebat
1300 1970 1362 1990 cunt
1379 1964 1503 1992 vestibus
1529 1966 1607 1993 laicis
1623 1968 1713 2000 spatio

926 2007 1036 2034 tricttnii
1053 2009 1187 2043 probari:
1215 2015 1242 2036 at
1266 2011 1329 2045 quia
1358 2018 1447 2039 vestes
1478 2013 1643 2041 tnonasticas
1669 2015 1712 2040 in-

926 2054 996 2087 duit,
1015 2060 1127 2090 cogetur
1141 2065 1220 2083 suum
1237 2056 1299 2084 vitae
1316 2059 1486 2093 propositum
1504 2061 1651 2094 perlicere;
1668 2062 1711 2088 sin

927 2107 991 2127 vero
1027 2101 1079 2128 hoc
1101 2109 1172 2136 aegre
1203 2102 1291 2136 ierat,
1320 2103 1467 2138 punietur,
1497 2110 1526 2132 ut
1541 2105 1584 2132 lex
1604 2104 1670 2133 dicit
1684 2107 1711 2134 itt

926 2146 1016 2181 primo
1033 2147 1121 2179 titulo,
1136 2155 1163 2175 tv
1179 2148 1225 2175 lib.
1243 2147 1377 2181 Quoniam
1403 2154 1495 2178 autem
1522 2150 1612 2178 audivi
1642 2159 1711 2179 non-

92 2188 222 2223 πρόθεσιν
238 2195 246 2203 ⁸
263 2189 287 2214 ει
308 2188 335 2214 δὲ
354 2187 423 2223 πρὸς
438 2187 519 2215 τοῦτο
536 2187 769 2222 ἀποδυσπετήσει,
788 2195 871 2222 τιμω-

929 2193 1018 2220 ttullos
1030 2192 1107 2227 queri
1121 2193 1155 2220 de
1169 2194 1315 2228 praefectis,
1332 2194 1378 2230 qui
1397 2195 1431 2222 ad
1457 2196 1530 2230 ipsos
1553 2197 1715 2225 accedentes

91 2233 254 2270 ρηθήσεται,
273 2233 365 2264 καθὼς
381 2234 395 2260 ὀ
409 2234 490 2268 νόμος
506 2232 589 2268 φησὶν
602 2233 632 2260 ἐν
644 2232 683 2268 τῷ
692 2231 715 2258 α’
737 2232 819 2267 τίτλῳ
829 2232 875 2259 τοῦ

93 2280 111 2308 δ’
128 2279 244 2316 βιϐλίου.
268 2279 344 2306 Ἐπεὶ
354 2279 381 2306 δὲ
403 2279 510 2314 ηκουσα
520 2288 601 2306 τινων
615 2278 802 2314 μεμφομένων
813 2279 876 2310 τοὺς

93 2326 329 2361 ιαθηγουμὲνους,
346 2326 407 2356 τοὺς
421 2325 459 2360 μὴ
481 2327 550 2360 μετὰ
577 2325 742 2360 δοκιμασίαν
762 2324 876 2351 ἀποκεί-

94 2380 192 2408 ροντας
204 2371 269 2403 τοὺς
283 2370 523 2406 προσερχομένους
536 2371 639 2402 αὐτοῖς,
652 2371 699 2398 καὶ
718 2370 789 2398 κατὰ
799 2370 877 2397 τοῦτο

94 2415 310 2453 παραϐαίνοντας
322 2413 423 2442 ὡσανεὶ
438 2415 483 2442 τὸν
497 2415 622 2450 παρόντα
639 2416 740 2442 κανόνα
750 2424 757 2431 ·
774 2415 876 2450 νομίζω

91 2462 176 2490 ὅτιτὸ
196 2464 221 2495 γ’
250 2469 313 2495 κεφ.
331 2460 379 2487 τοῦ
397 2463 421 2487 α’
446 2460 537 2487 τίτλον
560 2460 606 2487 τοῦ
633 2459 653 2487 δ’
674 2460 787 2495 βιϐλίου,
808 2461 876 2495 ὅπερ

91 2506 150 2534 ἐστὶ
163 2506 184 2533 δ’
207 2506 305 2540 κεφάλ.
318 2505 368 2540 τῆς
380 2503 440 2541 ρκγ¹
458 2504 671 2532 Ἰουστινιανείου
688 2505 808 2540 Νεαρᾶς,
818 2505 876 2531 λύει

95 2551 141 2579 καὶ
156 2550 188 2577 τὺ
203 2550 325 2577 τοιοῦτον
337 2549 499 2585 ἀμφίϐολον.
515 2550 584 2584 Φησὶ
599 2550 652 2584 γάρ
664 2558 671 2566 ο
686 2550 719 2576 Εἴ
731 2558 772 2582 τις
790 2549 818 2577 δὲ
836 2550 876 2581 εἷς

95 2597 242 2634 μοναχικὺν
255 2596 313 2632 βίον
327 2596 414 2623 ἐλθεῖν
433 2594 589 2631 βουληθείη,
604 2596 762 2631 κελεύομεν,
781 2597 836 2628 ἵνα,
851 2597 876 2623 ει

94 2643 143 2677 μὲν
157 2641 315 2677 γνὼρισμός
327 2642 402 2668 ἐστιν
418 2641 459 2668 ὄτι
476 2640 588 2676 οὐδεμιᾷ
601 2640 670 2676 τύχῃ
695 2641 847 2674 ὑπόκειται,
863 2643 876 2668 ὁ

96 2686 246 2722 ηγούμενος
262 2685 309 2711 τοῦ
326 2685 521 2720 μοναστηρίου,
546 2686 591 2711 ὅτε
615 2685 718 2721 συνίδῃ,
739 2687 770 2712 τὴ
784 2686 876 2720 σχῆμα

94 2732 170 2767 αὐτῷ
190 2732 319 2768 παράσχῃ
333 2740 340 2748 ·
360 2733 384 2758 sl
398 2731 426 2758 δὲ
441 2731 478 2766 μὴ
494 2731 670 2766 γνωρίζεται.
686 2732 710 2758 εἰ
733 2732 876 2768 οίᾳδήποτε

96 2779 237 2806 ὑπόκειται
255 2778 336 2814 τύχῃ,
360 2777 435 2809 ἐντὸς
452 2778 535 2813 τριῶν
556 2777 689 2804 ἐνιαυτῶν
706 2778 743 2813 μὴ
769 2778 876 2814 λαμϐἀο

91 2833 149 2852 νειν
165 2824 247 2852 αὐτὸν
261 2824 290 2851 τὸ
307 2823 454 2855 novambe
480 2825 585 2857 σχῆμα,
603 2822 660 2849 ἀλλ’
679 2823 756 2855 ἐντὸς
775 2824 822 2851 τοῦ
838 2825 876 2850 εί-

927 2243 989 2272 post
1005 2239 1180 2274 probationes
1200 2248 1255 2267 non
1277 2241 1401 2274 tondent,
1422 2246 1448 2269 et
1462 2243 1532 2270 eain
1549 2250 1577 2270 re
1592 2251 1715 2277 pra-sen-

929 2289 981 2311 tem
1012 2293 1144 2312 canoncm
1175 2287 1258 2313 veluti
1288 2288 1543 2322 transgrediuntur;
1562 2289 1713 2321 existimo.

927 2332 998 2365 quod
1013 2332 1029 2358 5
1044 2339 1104 2366 cap.
1117 2332 1195 2366 primi
1225 2332 1314 2365 tituli,
1342 2339 1368 2360 tv
1384 2332 1444 2366 Iib.,
1474 2333 1546 2369 quod
1561 2339 1602 2361 est
1613 2335 1630 2361 4
1650 2342 1713 2367 cap.

928 2377 980 2404 ηδ
1004 2376 1151 2405 Iustiniani
1169 2377 1306 2410 Novella,
1326 2377 1378 2406 hoc
1400 2379 1511 2406 dubium
1538 2381 1627 2407 solvit.
1646 2380 1714 2408 llicit

927 2423 1018 2450 enim:
1039 2423 1067 2450 Si
1082 2423 1144 2458 quis
1155 2423 1188 2450 ad
1206 2425 1382 2451 monasticam
1396 2424 1460 2452 velit
1476 2425 1559 2452 vitam
1573 2427 1714 2457 accedere,

925 2468 1065 2503 iubemus,
1081 2472 1121 2500 ut,
1139 2469 1161 2496 si
1178 2469 1214 2496 sit
1233 2469 1341 2504 quidem
1357 2475 1451 2498 notum
1468 2478 1529 2498 eum
1554 2471 1620 2498 nulli
1651 2478 1714 2498 esse

927 2513 1044 2540 fortume
1057 2514 1222 2548 subjectum,
1242 2515 1404 2543 monasterii
1419 2517 1575 2552 prml'cctus,
1593 2517 1704 2551 quando

927 2559 980 2586 hoc
1002 2560 1173 2595 cognoverit,
1191 2561 1315 2589 habitum
1329 2562 1367 2589 illi
1392 2561 1535 2597 prrbcat:
1557 2562 1600 2589 sin
1622 2568 1712 2589 autem

927 2605 1061 2638 nescitur,
1075 2613 1109 2633 an
1128 2607 1175 2633 ulli
1194 2607 1229 2634 sit
1241 2607 1356 2634 fortuna:
1371 2607 1513 2642 subjectus
1527 2627 1534 2639 .
1562 2608 1634 2635 intra
1657 2613 1713 2636 tres

928 2657 1016 2678 annos
1030 2651 1212 2679 monasticum
1230 2652 1352 2679 hahitum
1370 2660 1403 2679 ne
1415 2653 1549 2687 accipiat;
1567 2654 1614 2680 sed
1641 2654 1712 2681 intra

927 2697 1028 2724 dictum
1045 2701 1161 2732 tempus,
1186 2698 1245 2731 ejus
1262 2698 1323 2724 vitae
1337 2699 1558 2726 conversationis
1572 2718 1579 2730 ,
1612 2700 1633 2726 is
1667 2700 1712 2732 qui

928 2742 1096 2770 monasterio
1112 2750 1220 2777 praeest,
1239 2742 1390 2777 periculum
1419 2743 1514 2776 faciat,
1553 2749 1580 2772 et
1603 2749 1710 2772 caetera.

928 2789 1110 2821 Quamobrem
1128 2787 1272 2822 praefectus
1290 2792 1362 2815 recte
1377 2788 1471 2816 tondet
1485 2790 1660 2818 accedentem
1677 2791 1712 2818 ad

927 2842 1000 2863 eum.
1017 2834 1125 2863 quando
1138 2833 1211 2861 illum
1224 2835 1346 2866 noverit:
1374 2839 1400 2863 et
1422 2835 1546 2868 probatio
1572 2836 1600 2864 iit
1623 2837 1713 2864 solum
