1942 3095
147 163 217 196 1049

451 221 568 249 ΚΑΝΩΝ
593 219 632 246 Θ¹.

146 279 155 296 ι
179 268 233 296 Τοῦ
258 267 439 295 ἀποστολικοῦ
456 269 503 295 καὶ
526 267 598 294 θείου
615 267 728 298 κανόνος
752 265 818 298 τοὺς
834 266 928 301 ἱερεῖς,

179 326 189 342 1
211 315 323 342 τύπτειν
337 314 542 351 ἐπιχειροῦντας
558 314 672 345 πιστοὺς
698 313 928 348 ἁμαρτήσαντας,

180 371 190 388 1
211 362 227 397 ἧ
240 362 371 394 ἀπίστους
380 362 576 396 ἀδικήσαντας,
585 359 744 395 καθαιρέσει
757 358 929 386 καθυποϐάλ-

180 418 190 434 ι
212 409 315 441 λοντος,
332 410 357 434 ot
373 408 418 435 τὸν
444 408 545 434 οἰκεῖον
563 406 782 441 ἀποθεραπεύειν
801 405 929 440 μηχανώ-

182 462 190 479 ι
215 461 292 488 μενοι
318 453 415 488 θυμὸν,
433 453 480 479 καὶ
505 453 554 482 τὰς
580 451 762 483 ἁποστολικὰς
791 451 928 483 διατάξεις

180 509 189 525 ι
213 501 487 535 παραχαράσσοντες,
505 500 569 530 τοὺς
596 498 754 532 αὐτοχειρίᾳ
777 496 928 528 τύπτοντας

181 555 191 572 1
215 546 386 581 ὲξειλήφασι,
404 546 474 581 μήτε
499 544 546 571 τοῦ
570 544 682 575 κανόνος
699 543 782 579 μηδὲν
809 543 928 570 τοιοῦτον

179 601 188 618 ι
211 592 453 626 ὑποσημαίνοντος,
471 591 539 626 μήτε
565 590 613 616 τοῦ
640 589 721 626 ὀρθοῦ
743 589 824 623 λόγου
846 589 938 616 τοῦτο’

178 647 187 662 1
210 640 280 664 νοεῖν
308 638 511 673 ἐπιτρέποντος.
531 629 654 664 Μάτᾶιον
678 636 732 671 γὰρ
757 637 793 666 ὡς
817 636 927 671 ὰληοῶς

179 693 188 708 ‹
213 685 259 710 καὶ
274 683 335 710 λίαν
353 684 504 718 ἐπισφαλὲς
520 684 565 710 τὸν
584 684 743 718 αὐτοχειρίᾳ
761 683 810 718 μὲν
837 683 866 709 ἐν
888 682 927 716 τῷ

178 740 187 756 ι
209 730 321 756 τύπτειν
341 731 401 765 τρὶς
425 731 439 765 ἢ
462 730 591 765 τετράκις
617 730 758 765 πλήξαντα
783 730 926 763 καθαιρεῖ-

179 784 187 801 1
210 775 272 802 σθαι
286 783 294 791 ·
319 776 412 807 ἁδείας
432 775 459 802 δὲ
473 776 626 816 διδομένης,
642 775 755 801 τύπτειν
771 776 800 807 ἐξ
815 774 927 808 ἐπιτάγ-

178 827 187 844 1
212 827 297 853 ματος
320 820 365 845 τὸν
383 819 494 854 ἀπηνῶς
519 819 566 846 καὶ
581 819 664 854 μέχρι
679 818 796 846 θανάτου
822 819 870 853 τὴν
884 826 926 844 τι-

171 862 188 892 ]
213 865 321 898 μωρίαν
342 864 496 897 ἐπαύξοντα
531 864 704 899 παρορᾶσθαι
739 863 923 898 ἀτιμώρητον.

178 921 186 936 1
211 911 311 946 Διόπερ
326 911 373 938 τοῦ
392 912 502 941 κανόνος
515 911 544 938 τὸ
560 911 672 938 τύπτειν
688 910 781 941 ἁπλῶς
797 909 924 942 κολάζον-

180 966 189 982 1
211 966 267 988 τος,
283 957 330 983 καὶ
344 959 424 992 ἡμεῖς
439 957 512 984 οὕτω
529 956 771 991 συμψηφιζόμεθα.
795 955 856 990 Χρὴ
870 956 924 990 γὰρ

181 1012 190 1028 1
213 1003 257 1029 τὸν
275 1003 322 1029 τοῦ
338 1003 404 1029 Θεοῦ
423 1003 498 1037 ίερέα
516 1002 692 1033 διδασκαλίας
708 1002 755 1028 καὶ
771 1001 924 1032 νουθεσίας,

181 1057 189 1073 ι
213 1048 268 1074 ἐσθ’
279 1050 322 1075 ὅτε
338 1049 365 1075 δὲ
381 1049 427 1075 καὶ
441 1050 497 1081 τοῖς
514 1049 751 1084 ὲκκλησιαστικοῖς
767 1047 924 1082 ἐπιτιμίοις,

180 1103 190 1121 1
211 1095 258 1121 τὸν
284 1095 457 1122 ἀτακτοῦντα
487 1095 683 1128 παιδαγωγεῖν,
709 1093 776 1120 ἀλλὰ
804 1095 841 1128 μὴ
867 1095 926 1123 ταῖς

182 1151 191 1167 1
216 1140 326 1176 μάστιξι
341 1142 387 1168 καὶ
402 1142 462 1172 ταῖς
477 1141 594 1175 πληγαῖς
611 1141 649 1172 εἰς
663 1140 697 1166 τὰ
709 1140 764 1165 τῶν
777 1138 927 1174 ἀνθρώπων

181 1197 190 1214 1
215 1187 330 1222 σώματα
359 1187 504 1222 ἐπιπηδᾷν.
522 1187 552 1213 El
569 1187 597 1213 δὲ
612 1195 684 1217 τινες
707 1184 764 1212 εἷεν
789 1185 927 1215 παντελῶς

159 1251 165 1263 ,
180 1242 190 1258 1
212 1232 464 1264 ἀνυποτακτοῦντες
479 1252 487 1264 ,
517 1232 564 1258 καὶ
589 1231 627 1266 τῷ
658 1229 840 1266 σωφρονισμῷ
871 1230 926 1256 τῶν

181 1289 190 1305 ι
214 1279 361 1314 ἐπιτιμίων
377 1279 414 1314 μὴ
431 1278 601 1310 ὑπείκοντες,
615 1278 725 1309 τούτους
741 1277 784 1304 διὰ
797 1276 846 1311 τῆς
859 1275 927 1310 πρὸς

178 1337 187 1352 ι
211 1327 274 1357 τοὺς
291 1326 363 1353 κατὰ
386 1326 432 1352 τὸν
450 1325 532 1352 τόπον
549 1325 683 1360 ἄρχοντας
698 1324 856 1357 ὲγκλήσεως
880 1321 911 1348 οὐ

178 1381 188 1398 ι
210 1371 264 1403 δεὶς
287 1371 385 1398 κωλύει
413 1370 642 1406 σωφρονίζεσθαν
659 1371 705 1396 καὶ
727 1369 780 1403 γὰρ
797 1369 810 1394 ὁ
825 1368 874 1403 τῆς
892 1369 921 1393 ἐν

179 1427 188 1443 ι
218 1417 369 1453 Ἀντιοχείᾳ
386 1417 496 1445 σῡνάόου
515 1416 639 1451 πέμπτος
655 1415 744 1442 κανὼν
762 1416 825 1446 τοὺς
843 1414 925 1448 θορυ-

179 1473 187 1489 1
212 1463 325 1495 δοῦντας
351 1464 397 1490 καὶ
422 1465 530 1496 στάσεις
555 1464 588 1498 τῇ
614 1461 763 1497 Ἐκκλησῖᾳ
789 1459 924 1499 παρεισά-

179 1521 188 1536 1
211 1518 309 1544 γοντας
333 1511 375 1537 διὰ
401 1510 451 1544 τῆς
465 1509 566 1543 ἔξωθεν
579 1509 668 1545 χειρὸς
691 1509 850 1536 ἐκανὸνισεν
866 1507 912 1532 ἐπι

178 1568 187 1582 1
211 1557 385 1592 στρέφεσἹαι.
396 1567 405 1583 i
900 1548 902 1551 ι

176 1602 273 1629 ΒΑΛΣ.
297 1603 325 1629 '0
344 1602 393 1637 μὲν
412 1600 453 1634 κζ’
472 1601 654 1633 ἁποστολικὺς
667 1601 758 1628 κανὼν
779 1601 923 1636 καθαιρεῖ-

141 1649 204 1675 σθαι
218 1649 364 1684 διορίζεται
379 1649 443 1680 τοὺς
462 1649 628 1689 ίερωμένους
645 1648 797 1680 τύπτοντας
822 1648 928 1683 οίονδὴυ

139 1703 200 1721 τινα
217 1696 314 1721 πιστὸν
329 1696 345 1731 ᾖ
362 1695 477 1722 ἄπιστον
494 1694 664 1729 ἀδικήσαντα
680 1694 696 1728 ἢ
712 1694 922 1730 ἁμαρτήσαντα’

139 1742 152 1767 ό
177 1740 206 1767 δὲ
233 1741 328 1776 παρὼν
351 1741 441 1768 κανών
457 1750 539 1776 φησιν
556 1740 592 1772 ὥς
608 1749 680 1772 τινες
704 1741 858 1776 ίερωμένοι,
874 1741 924 1776 τὴν

138 1786 193 1813 ἀπὸ
207 1786 253 1812 τοῦ
271 1787 382 1817 κανόνος
398 1787 571 1822 ἐπαγομένην
587 1789 619 1813 ὲκ
635 1786 730 1813 τούτου
762 1787 923 1822 καθαίρεσιν

141 1832 313 1866 πιοούμενοι,
340 1832 506 1867 αὐτοχείρως
527 1833 575 1867 μὲν
590 1833 619 1859 οὐ
636 1832 786 1866 πλήττουσι
799 1851 807 1864 ,
824 1833 878 1858 -τον
894 1832 923 1858 δὲ

140 1880 239 1904 οἰκεῖον
262 1878 347 1913 θυμὸν
373 1878 582 1913 θεραπεύοντες,
597 1879 631 1905 δι’
648 1879 750 1913 ἐτέρων
761 1878 922 1905 τύπτουσιν·

139 1924 177 1956 ὡς
194 1924 240 1951 τοῦ
255 1923 436 1950 ἀποστολικοῦ
452 1924 564 1955 κανόνος
581 1924 618 1960 μὴ
643 1924 734 1960 ῥητῶς
747 1925 818 1959 τάχα
835 1924 924 1951 κωλύ-

140 1979 236 2002 σαντος
264 1970 311 1997 κοιλ¹
341 1969 430 1996 τοῦτο.
459 1970 615 1996 Κάντεῦθεν
647 1970 846 2005 περιγράφουσι
875 1968 935 2004 τῆν’

139 2016 322 2050 ἀποστολικὴν
337 2012 537 2050 παραγγελίαν.
557 2016 635 2042 Ἐστι
652 2016 680 2042 δὲ
698 2016 745 2042 καὶ
760 2016 922 2051 ἐπισφαλὲς,

141 2063 244 2097 μᾶλλον
269 2063 317 2097 μὲν
343 2062 390 2090 οὖν
417 2063 464 2088 καὶ
484 2063 594 2095 ἄτοπον,
615 2062 646 2088 τὸ
666 2063 756 2096 λέγειν
781 2064 848 2096 περὶ
870 2064 924 2090 τῶν

139 2108 296 2134 ἀποστόλων
309 2108 347 2138 ὡς
360 2107 513 2143 τιμωροῦσι
532 2107 583 2141 μὲν
597 2107 643 2133 τὸν
656 2106 730 2139 ἅπαξ
744 2108 760 2142 ἢ
774 2107 815 2139 δὶς
843 2109 924 2144 τυχὸν

139 2155 326 2190 οἰκειοχείρως
340 2153 480 2189 πλήξαντα
493 2162 502 2170 ·
518 2154 564 2180 τὸν
579 2153 607 2180 δὲ
622 2153 651 2187 ἐξ
668 2155 822 2188 ἐπιτροπῆς
844 2149 925 2181 θαναζ

139 2200 236 2234 σίμους
252 2200 298 2226 καὶ
311 2199 414 2231 πολλὰς
429 2199 535 2234 πληγάς
549 2208 603 2226 τινι
616 2200 753 2233 ἐπάγοντα
781 2201 817 2235 μὴ
844 2200 925 2228 κολά-

734 163 776 194 IN
788 139 878 194 ‘CAN.
897 164 940 194 ix
956 164 1061 195 conc.
1081 165 1135 195 cr.

943 223 966 251 A

941 1575 962 1603 ο

1482 201 1484 203 ι
1690 163 1759 196 1030

1284 218 1397 247 CANON
1419 219 1463 246 IX.
1748 243 1752 247 .

982 277 991 293 1
1010 266 1077 294 Cum
1094 271 1265 301 apostmicus
1292 275 1323 294 ac
1348 267 1455 293 divinus
1477 273 1563 293 canon
1579 266 1760 296 isacerdotes.

970 334 974 342 κ
1017 323 1025 339 ι
1043 314 1090 348 qui
1121 313 1266 340 verberare
1295 313 1502 348 aggrediuntur,
1529 312 1569 339 vel
1593 312 1685 340 ﬁdeles
1713 313 1762 347 qui

1017 367 1026 384 1
1048 362 1210 392 peccarunt,
1223 357 1266 384 vel
1282 358 1404 385 infideles
1422 358 1467 392 qui
1482 357 1608 392 injuriam
1626 357 1760 389 fecerunt.

1018 414 1027 430 1
1047 405 1216 439 depositioni
1233 405 1381 439 subjiciat:
1401 405 1418 431 ii
1444 404 1490 439 qui
1519 412 1575 430 sua:
1590 404 1636 430 irae
1658 405 1759 431 mederi

1018 460 1027 476 1
1051 440 1214 483 moliunlu’r,
1231 455 1258 478 et
1281 451 1450 485 apostolicas
1475 451 1688 478 coustitutiones
1713 450 1762 476 de-

1019 506 1028 522 1
1048 501 1189 531 torquent,
1213 505 1262 525 eos
1292 498 1503 529 intellexerunt,
1532 497 1578 531 qui
1601 505 1650 523 sua
1679 505 1761 527 manu

1018 551 1027 568 ι
1049 542 1206 575 verberam,
1223 550 1273 570 nec
1287 550 1390 569 canone
1420 542 1473 568 tale
1487 541 1551 575 quid
1577 540 1761 576 significante,

1019 597 1028 613 1
1048 595 1098 615 nec
1116 593 1188 615 recta
1208 589 1315 615 ratione
1329 588 1381 614 lioc
1402 588 1761 622 intelligereipermitteute.

1017 644 1025 660 1
1047 634 1094 661 Est
1108 635 1180 661 enim
1198 642 1293 661 revera
1320 635 1442 668 ineptum
1460 639 1487 659 et
1511 633 1587 660 valde
1612 632 1761 663 lubricum,

1021 690 1029 705 1
1052 684 1080 706 ut
1098 681 1144 715 qui
1170 689 1218 707 sua
1242 681 1350 715 quidem
1370 687 1451 706 manu
1481 685 1519 706 ler
1547 679 1588 705 vel
1618 683 1717 712 quater
1734 678 1760 703 iu

1020 735 1028 751 1
1051 726 1218 752 verberando
1234 726 1411 759 percusserit.
1434 725 1606 759 deponatur:
1626 725 1687 750 data
1713 731 1762 751 au-

1016 781 1024 797 1
1046 775 1100 798 tem
1119 771 1244 798 facultate
1259 772 1293 802 is,
1311 772 1357 806 qui
1379 771 1458 805 jussu
1475 770 1636 820 vcrbqraiidi
1663 769 1761 795 lmnia~

1018 826 1027 842 1
1051 817 1121 843 niier
1136 822 1163 844 et
1181 825 1268 851 usque
1284 816 1316 842 ad
1335 821 1449 843 mortem
1467 813 1629 850 supplicium
1646 813 1763 840 inﬂictu-

1018 873 1026 889 1
1049 871 1097 891 rus
1114 868 1166 894 est.
1183 864 1294 896 impune
1308 862 1333 889 id
1357 862 1429 888 ferre
1455 861 1635 896 permittatur.
1662 861 1764 892 Quam-

1016 910 1138 936 cobrem
1180 916 1285 936 canone
1329 916 1378 942 pro
1415 908 1604 935 verberatione
1638 907 1763 934 absolute

1022 966 1030 982 1
1048 956 1187 990 puniente,
1204 963 1255 982 nos
1271 962 1380 990 quoque
1399 956 1482 982 simul
1508 962 1569 981 cum
1593 962 1625 980 eo
1651 954 1687 980 ita
1714 953 1763 980 de-

1017 1012 1025 1027 1
1047 1003 1200 1030 cernimus.
1219 1003 1332 1036 Oportet
1353 1002 1425 1028 enim
1445 1001 1490 1028 Dei
1520 1001 1688 1034 sacerdotem
1712 999 1761 1027 do-

1045 1048 1141 1076 c1rinis
1150 1051 1178 1074 et
1193 1047 1650 1081 admouitionibus,’nonnunquain
1665 1050 1757 1072 autem

1016 1102 1025 1118 1
1044 1099 1071 1120 et
1086 1094 1175 1128 poenis
1205 1093 1356 1125 canonicis,
1380 1101 1454 1125 eum,
1483 1093 1527 1126 qui
1553 1100 1582 1119 sc
1599 1092 1760 1118 immodeste

1018 1149 1027 1166 1
1050 1145 1077 1167 et
1095 1141 1245 1166 insolenter
1273 1140 1354 1174 gerit,
1378 1139 1541 1171 instituere;
1569 1139 1615 1166 sed
1632 1146 1686 1166 non
1713 1139 1763 1165 lla-

1015 1195 1024 1211 1
1045 1186 1123 1220 gellis
1139 1190 1166 1212 et
1186 1185 1346 1221 verberibus
1366 1185 1392 1212 in
1416 1176 1558 1211 hominum
1578 1191 1694 1218 corpora
1720 1185 1761 1210 in-

1017 1241 1025 1257 1
1047 1232 1161 1259 sultare.
1181 1232 1208 1258 Si
1235 1232 1282 1266 qui
1313 1235 1403 1261 autem
1433 1235 1497 1258 stitit
1523 1238 1623 1257 morem
1650 1229 1761 1256 omnino

1017 1288 1026 1303 1
1047 1286 1101 1305 mni
1129 1283 1268 1313 gerentes,
1292 1282 1319 1304 et
1345 1285 1486 1312 poenarum
1513 1276 1677 1304 correctioni
1707 1283 1761 1302 iioii

1017 1334 1025 1350 1
1046 1325 1177 1354 cedentes
1194 1330 1223 1352 ut
1238 1325 1254 1352 ii
1272 1326 1343 1360 apud
1361 1326 1413 1353 loci
1427 1326 1500 1352 illius
1519 1324 1694 1361 magistratus
1714 1332 1762 1351 ac-

1015 1380 1024 1396 1
1047 1375 1177 1398 cnseiitur
1205 1375 1232 1398 et
1261 1371 1452 1405 casﬁgentur.
1504 1378 1584 1398 nemo
1624 1371 1760 1404 prohibet.

1018 1427 1027 1443 1
1045 1416 1225 1450 Antiochense
1239 1417 1312 1443 enim
1330 1417 1426 1452 synodi
1453 1425 1540 1444 canon
1567 1417 1679 1451 quintus
1703 1425 1761 1448 eos,

1016 1473 1026 1490 1
1045 1463 1092 1498 qui
1107 1463 1240 1491 tumultus
1254 1464 1384 1496 excitant,
1395 1470 1421 1491 et
1433 1463 1583 1492 seditiones
1594 1464 1622 1490 in
1640 1463 1761 1491 Ecclesia

1016 1519 1026 1536 1
1045 1511 1235 1542 introducunt,
1262 1519 1309 1545 per
1335 1519 1446 1538 manum
1471 1515 1612 1538 externam
1637 1515 1760 1538 converti

1018 1565 1027 1582 1
1044 1561 1171 1591 oportere
1188 1557 1293 1584 statuit.
1311 1567 1320 1583 i
1558 1551 1562 1558 ’

1014 1602 1112 1631 BALS.
1137 1603 1288 1631 Vicesimus
1317 1607 1448 1638 septimus
1473 1611 1562 1631 canon
1591 1605 1759 1636 apostolicus

973 1649 1051 1689 jubet
1071 1650 1227 1677 sacerdotes
1242 1650 1353 1684 deponi,
1370 1650 1415 1684 qui
1436 1658 1629 1684 quemcunque
1652 1650 1758 1677 fidelem

975 1696 1016 1722 vel
1034 1695 1170 1725 inﬁdelem
1187 1696 1270 1731 348
1292 1697 1339 1730 qui
1367 1696 1488 1730 peccarit
1514 1698 1554 1723 vel
1576 1697 1702 1731 iniuriam
1720 1696 1759 1724 fe-

975 1742 1056 1774 cerit,
1072 1738 1227 1770 verberant.
1242 1742 1364 1770 Praesens
1382 1747 1473 1770 autem
1490 1751 1575 1770 canon
1594 1743 1671 1775 dicit,
1685 1743 1758 1778 quod

968 1789 1086 1824 quidam
1101 1789 1274 1820 sacerdotes.
1291 1797 1352 1824 quat
1364 1797 1397 1817 ex
1413 1797 1518 1817 canone
1536 1790 1687 1823 inducitur,
1712 1790 1758 1817 de-

975 1836 1136 1871 positioneui
1152 1835 1216 1862 hinc
1228 1841 1385 1873 verentes“
1400 1844 1448 1863 sua
1465 1836 1574 1870 quidem
1595 1844 1678 1864 manu
1702 1844 1755 1864 non

975 1883 1152 1917 percutiunt,
1167 1881 1275 1909 sed'irae
1296 1890 1353 1909 sua:
1368 1884 1520 1914 medentes,
1542 1891 1590 1918 per
1613 1885 1680 1911 alios
1701 1891 1759 1910 ver-

975 1923 1084 1960 berant;
1102 1929 1175 1962 quod
1207 1928 1311 1956 scilicet
1331 1936 1420 1955 canon
1444 1930 1610 1963 apostolicus
1635 1931 1686 1957 ho’c
1707 1939 1756 1958 ex-

974 1982 1067 2008 presse
1083 1974 1197 2002 l'orsitau
1215 1981 1269 2001 non
1284 1975 1465 2009 prohibuerit.
1477 1975 1510 2003 Et
1521 1977 1581 2002 ideo
1592 1982 1756 2011 praeceptum

974 2021 1154 2053 apostolicum
1170 2021 1415 2048 circumscribunt.
1432 2022 1481 2049 Est
1495 2023 1589 2057 itaque
1607 2023 1759 2055 lubricum,

975 2067 1015 2093 vel
1034 2067 1126 2101 potius
1153 2067 1315 2108 absurdum,
1341 2068 1434 2095 dicere
1460 2069 1494 2099 de
1517 2069 1661 2108 apostolis,
1683 2070 1755 2104 quod

974 2121 1035 2141 eum
1056 2113 1166 2148 quidem
1184 2105 1312 2147 puniunt.
1337 2114 1384 2148 qui
1402 2115 1487 2142 semel
1513 2105 1555 2141 vel
1575 2115 1618 2142 bis
1639 2115 1756 2143 fortasse

975 2159 1086 2194 propria
1107 2166 1190 2186 manu
1207 2159 1367 2192 percussit:
1386 2148 1453 2186 eum'
1466 2165 1568 2191 autem,
1587 2160 1754 2194 cujnsjussu

975 2205 1131 2239 complures
1159 2206 1251 2239 plaga:
1274 2205 1404 2232 mortales
1437 2205 1552 2232 cuilibet
1583 2205 1753 2238 inferuntur,

138 2245 244 2281 ξεσϐαι.
261 2245 307 2271 Διὸ
321 2245 368 2272 καὶ
385 2245 489 2279 ὥρισαν
507 2246 531 2271 οἱ
550 2245 671 2280 Πατέρες
697 2245 851 2278 ἀκολούθως
868 2247 923 2278 τοῖς

994 2259 1029 2278 0n
1045 2252 1146 2286 puniri.
1163 2251 1196 2279 Et
1212 2252 1272 2279 ideo
1289 2256 1444 2279 statuerunt
1456 2251 1564 2283 Patres,
1584 2259 1756 2286 consequen-

139 2292 214 2327 παρὰ
222 2291 283 2318 τῶν
305 2291 390 2325 ἁγίων
415 2292 573 2319 ἀποστόλων
589 2291 748 2327 διορισθεῖσι
763 2294 830 2327 μήτε
844 2293 925 2319 αὐτο-

139 2339 237 2374 χείρως
258 2337 322 2369 τοὺς
344 2338 509 2373 ξερωμένους
532 2338 658 2370 κολάζειν
682 2338 833 2372 οίονδήτινα
853 2340 923 2373 μήτε

138 2376 172 2412 δι’
185 2385 282 2419 ἑτέρας
307 2385 410 2420 χειρὸς,
426 2384 493 2416 ἀλλὰ
508 2385 552 2411 διὰ
565 2385 712 2411 νουθεσιῶν
726 2385 743 2420 ἢ
773 2385 820 2411 καὶ
837 2386 924 2412 ἐπιτι-

140 2431 210 2466 μίων
236 2431 375 2458 παιδεύειν
397 2432 461 2462 τοὺς
487 2431 716 2466 ἁμαρτάνοντας·
741 2433 804 2463 τοὺς
831 2433 860 2459 δὲ
885 2432 923 2470 μὴ

138 2478 352 2513 ἐπιστρέφοντας
368 2478 413 2504 διὰ.
426 2477 530 2504 τούτων
541 2477 585 2503 διὰ
597 2477 801 2512 προσελεύσεως
822 2479 922 2514 ἅρχον-

137 2525 217 2557 τικῆς
233 2524 425 2559 τιμωρεῖσθαι.
443 2524 550 2558 Ὠσπερ
569 2523 598 2550 δέ
622 2533 696 2556 τινος
723 2525 846 2557 εἰπόντος
875 2526 922 2552 καὶ

138 2571 219 2598 τοῦτο
234 2570 358 2605 ἀπρεπὲς
374 2568 445 2597 εἶναι
463 2570 508 2596 καὶ
527 2570 661 2598 ἀνοίκειον
675 2572 733 2603 τοῖς
749 2572 920 2606 ίερωμένοις,

140 2618 222 2652 φησὶν
235 2618 249 2643 ὁ
263 2617 352 2644 κανὼν
368 2617 404 2648 ὡς
420 2616 436 2651 ἡ
454 2617 484 2642 ὲν
504 2617 654 2652 Ἀντιοχείᾳ
672 2617 781 2649 σύνοδος
794 2618 824 2644 ὲν
838 2621 859 2644 ε’
872 2626 922 2644 κα-

140 2664 197 2690 νόνι
214 2664 276 2694 τοὺς
300 2661 481 2698 θορυϐοῦντας
504 2662 553 2696 τὴν
583 2662 746 2697 Ἐκκλησίαν
773 2663 921 2698 κληρικοὺς

141 2709 355 2744 σωφρονίζεσθαι
369 2708 414 2735 διὰ
428 2708 477 2743 τῆς
491 2708 589 2739 ἔξωθεν
601 2709 693 2743 χειρὸς
709 2708 768 2744 ἦτοι
784 2709 834 2743 τῆς
847 2709 922 2737 πολιφ

141 2756 220 2790 τικῆς
233 2755 386 2791 διωρίσατο.
401 2755 479 2781 Εἴποι
496 2754 523 2780 δέ
535 2755 649 2786 τις,Καὶ
662 2755 730 2787 πῶς,
745 2755 792 2782 τοῦ
807 2755 919 2788 κανόνος

140 2803 226 2830 ταῦτα
238 2802 432 2838 διοριζομένου,
451 2802 475 2828 οἰ
491 2802 544 2828 τῶν
559 2801 720 2837 ἐλευθερίων
746 2802 920 2835 σπουδασμά-

141 2858 195 2876 των
212 2848 378 2878 διδάσκαλοι.
393 2847 581 2882 γραμματικοὶ
598 2846 719 2882 δηλονότι
736 2848 782 2873 καὶ
801 2847 920 2874 τοιοῦτοι

141 2895 241 2931 ineptit,
259 2894 400 2931 ἰερωμένοι
415 2894 501 2927 ὄντες,
517 2893 778 2931 ἁπροκριμιιτίικως
787 2893 918 2923 τύπτουσι

975 2303 1018 2326 ter
1040 2299 1073 2325 iis
1089 2306 1150 2332 qua:
1168 2306 1182 2324 a
1207 2295 1312 2325 sanctis
1337 2298 1470 2333 apostolis
1498 2301 1601 2324 statuta
1624 2303 1705 2330 sunt,
1726 2302 1755 2324 ut

974 2344 1134 2371 sacerdotes
1159 2349 1249 2377 neque
1285 2344 1344 2370 suis
1372 2343 1498 2370 manibus
1532 2344 1623 2377 neque
1658 2344 1754 2371 alienis

973 2380 1319 2422 quemquaiii'verbcreiit;
1336 2387 1382 2414 sed
1407 2395 1455 2422 per
1475 2387 1688 2421 admonitiones,
1712 2390 1753 2416 vel

972 2433 1056 2460 etiam
1079 2440 1175 2467 poenas
1191 2434 1349 2466 cauouicas,
1380 2441 1427 2461 eos
1450 2435 1495 2468 qui
1513 2440 1636 2468 peccant,
1665 2435 1752 2462 corri-

972 2486 1055 2515 gam:
1075 2480 1092 2507 ii
1108 2484 1210 2512 autem,
1227 2480 1273 2513 qui
1290 2487 1336 2514 per
1354 2479 1410 2507 haec
1425 2488 1477 2507 non
1495 2481 1684 2514 corriguntur,
1706 2487 1754 2513 per

972 2527 1134 2563 citationem
1146 2526 1180 2554 ad
1197 2527 1370 2562 magistratus
1384 2527 1543 2562 puniantur.
1561 2527 1679 2554 Perinde
1704 2535 1754 2552 au-

971 2577 1026 2600 tetn
1041 2581 1072 2600 ac
1090 2573 1111 2599 si
1127 2572 1242 2607 dixisset
1257 2573 1406 2608 quispiam,
1423 2573 1474 2600 lioc
1498 2580 1607 2607 quoque
1621 2571 1753 2599 sacerdo-

958 2617 1042 2647 'tibus
1060 2627 1113 2646 non
1131 2619 1287 2652 convenire,
1303 2620 1369 2647 dicit
1382 2627 1481 2650 canon,
1492 2618 1563 2653 quod
1583 2618 1751 2645 Aiitioctiena

970 2665 1102 2699 Synodus,
1123 2665 1149 2692 in
1173 2666 1269 2700 quinto
1293 2672 1408 2697 canone,
1430 2664 1555 2694 clericos.
1581 2663 1626 2698 qui
1656 2663 1751 2691 Eccle-

971 2711 1038 2740 siam
1061 2710 1235 2743 contutbaut,
1266 2718 1313 2744 per
1340 2714 1480 2736 externam
1505 2716 1615 2735 manum
1638 2716 1687 2735 scit
1712 2709 1752 2735 ci-

970 2755 1049 2782 vilem
1080 2755 1210 2789 castigari
1236 2758 1361 2789 oportere
1393 2753 1499 2780 statuit.
1529 2752 1634 2780 Dixerit
1659 2758 1756 2785 autem

969 2801 1123 2835 quispiam:
1141 2800 1174 2827 Et
1201 2800 1359 2835 quomodo.
1397 2799 1454 2826 haec
1484 2799 1647 2826 decernente
1672 2807 1751 2827 cano-

970 2854 1016 2878 ne,
1043 2846 1195 2874 liberalium
1227 2846 1382 2880 studiorum
1408 2845 1552 2880 magistri,
1578 2846 1751 2881 grammatici

971 2893 1077 2921 scilicet
1095 2896 1122 2921 et
1138 2891 1275 2928 ejusmodi
1294 2891 1351 2925 alii,
1365 2891 1428 2921 licet
1445 2892 1499 2921 siut
1524 2892 1612 2921 sacris
1636 2893 1751 2929 initiati.
