1942 3095
231 147 294 178 tnnt

847 140 985 173 THEOD.
999 137 1199 168 BALSA'MON

1771 139 1850 172 1052

228 207 288 243 sine
310 203 469 239 praeiudicio
485 211 550 230 suos
564 203 714 238 discipulos
741 203 906 231 verberam?
924 203 1002 230 Solu-

1060 201 1114 232 τοὺς
1132 200 1254 235 μαθητὰς
1268 201 1377 233 αὒτῶν;
1392 202 1496 234 Λύσις.
1512 201 1548 228 Τὸ
1562 202 1591 235 ἐξ
1606 201 1713 236 ἀμύνης
1728 202 1775 228 καὶ
1791 201 1847 228 ei"

227 251 273 276 tio.
298 249 413 283 Propter
441 249 590 276 vindictam
624 256 650 277 et
680 251 749 277 iram
778 250 943 282 verberare,
965 254 1024 291 est.

230 304 308 329 poma
330 296 458 330 dignum;
486 304 537 323 non
557 302 646 324 autem
673 305 715 328 ea.
742 305 803 332 quae
825 297 956 325 doctrina:
981 301 1008 324 et

228 338 391 368 eruditionis
406 342 492 374 gratia
509 346 535 369 et
553 343 642 369 verbis
664 348 691 370 et
716 351 796 370 manu
813 343 850 375 lit,
867 344 1007 370 moderata

228 386 422 419 magistrorum
458 388 604 415 correctio.
628 389 778 424 Propterea
810 392 883 416 enim
917 397 1006 416 canon

228 439 340 466 quoque
365 432 431 459 dicit
453 434 552 467 puniri,
582 435 605 462 si
630 436 786 462 sacerdotes
813 436 839 463 iu
866 436 1006 463 hominum

227 485 343 510 corpora
371 479 525 507 insultent:
554 469 600 514 per
631 481 682 508 hoc
709 483 832 513 verbum,
862 482 1006 514 inSultarc,

227 523 384 553 significans
405 526 554 552 amentium
574 528 661 554 instar
675 528 779 556 ratione
801 535 939 558 carentem
958 537 1007 564 ap-

227 570 387 603 petitionem
414 579 521 604 eorum,
552 581 597 607 qui
625 581 687 600 cum
716 575 755 600 ira
783 576 949 609 percutiunt.
977 580 1006 603 δι

226 616 299 642 enim
316 618 506 651 prohiberetur
521 620 714 654 magistrorum
732 621 868 655 ejusmodi
894 630 1006 657 percus-

227 663 279 694 sio,
297 671 347 690 nec.
373 665 554 693 ecclesiastici
583 667 677 694 clerici
710 668 796 695 ferula
827 670 1007 703 castigarem,

228 710 308 743 primi
327 710 482 738 defensoris
498 720 593 744 suasu.
611 721 670 746 eos,
691 715 737 749 qui
754 720 877 749 peccant.
904 717 1007 744 liberos

230 761 258 783 et
285 764 392 788 servos.
425 758 458 784 ad
494 758 611 792 primum
637 760 807 788 defensorem
835 762 1007 790 accedentes.

230 802 282 830 Sed
299 803 349 830 hoc
374 808 462 830 tamen
480 804 509 831 tit
525 805 558 832 ab
577 805 615 832 eis
628 806 732 839 absque
756 807 811 834 ullo
836 808 1007 843 prrejudicio.

229 847 413 881 Quamobrem
430 850 451 876 si
466 850 528 883 quis
547 851 676 879 sacerdos
703 853 781 886 primi
802 853 952 881 defensoris
968 855 1007 883 le-
1023 862 1047 892 Β

230 894 288 921 rula
305 895 425 928 aliquem
445 898 613 930 percusserit
629 905 690 924 cum
709 899 748 924 ira
769 903 795 926 et
817 899 921 932 furore,
938 905 1009 928 utet

228 941 311 967 etiam
337 941 493 976 aliquando.
513 945 628 976 contigit.
654 945 680 971 iu
713 947 875 979 patriarcha
906 947 1008 975 domini

219 977 308 1013 [Lucan
324 987 493 1020 pontiﬁcatu,
509 996 562 1015 non
574 989 683 1024 elTugiet
697 977 862 1024 supplicium
881 1002 887 1019 :
905 998 931 1019 et
948 1001 1010 1019 rur-

229 1039 287 1064 sus,
303 1033 324 1059 si
341 1041 402 1060 cum
420 1034 459 1060 ira
477 1035 641 1069 discipulum
660 1043 813 1071 praeceptor
831 1026 1008 1072 percusserii,

228 1086 294 1105 usus
313 1077 411 1114 baculo
429 1088 484 1114 quo
496 1088 589 1115 posset
607 1078 695 1109 ca‘des
719 1083 788 1115 ﬁeri,
806 1083 832 1110 id
861 1092 914 1111 non
941 1085 1010 1113 feret

229 1125 349 1158 impune.

269 1171 395 1200 ZONAR.
412 1172 550 1200 Vicesimo
576 1175 692 1207 septimo
717 1180 805 1210 apost.
827 1185 930 1206 canone
954 1186 1010 1207 non

229 1216 313 1244 licere
343 1219 482 1253 episcopo,
518 1220 679 1255 presbytero
705 1227 752 1249 aut
773 1223 889 1250 diacono
915 1225 1010 1258 quein-

229 1270 311 1295 quam
326 1263 361 1290 ob
375 1265 481 1292 crimen
505 1266 656 1293 admissum
671 1267 834 1300 verberare,
856 1269 959 1304 quique
982 1269 1009 1297 id

231 1307 338 1341 fecerit,
355 1310 602 1344 depositione'eum
621 1313 806 1341 muletandum
832 1323 892 1342 esse
917 1317 1011 1343 decer-

229 1355 318 1382 nitur.
330 1356 407 1383 llunc
420 1365 485 1392 ergo
498 1365 631 1386 canonem
644 1359 678 1386 ila
691 1361 812 1387 nonnulli
827 1361 1009 1395 explicabant,

229 1403 341 1437 tttipsis
359 1404 470 1438 quidem
500 1406 570 1432 sacri
604 1407 709 1434 ordinis
734 1407 892 1435 hominibus
916 1416 1011 1442 quent-

227 1450 299 1484 piam
319 1451 486 1483 percussisse
509 1452 559 1479 hoc
575 1459 678 1479 canone
702 1453 832 1486 vetitum;
859 1453 905 1486 sed
933 1462 1010 1481 man-

230 1495 295 1522 dare
311 1495 389 1522 alteri
407 1497 543 1531 negotium
559 1499 727 1532 verberaque
743 1507 790 1532 per
805 1498 879 1526 illum
897 1499 1007 1533 inferre,

230 1540 256 1566 id
274 1548 339 1568 vero
353 1542 430 1568 nullo
446 1543 527 1569 modo
550 1543 726 1571 interdictqu
743 1552 804 1572 esse
832 1546 1008 1573 afﬁrmarent.
1023 1529 1045 1562 c

228 1587 283 1614 Sed
305 1587 374 1614 hanc
387 1588 543 1622 opinionem
567 1589 610 1615 hic
623 1597 710 1616 canon
729 1592 850 1626 corrigit,
862 1599 903 1622 ac,
916 1592 1009 1626 Neque

230 1633 412 1663 absurditate.
427 1633 527 1668 inquit,
546 1642 636 1669 neque
655 1636 779 1669 periculo
804 1638 890 1670 ca'ret.
909 1638 931 1664 si
959 1639 1010 1665 hoc

229 1687 324 1707 sacros
351 1681 489 1714 apostolos
500 1681 661 1715 praecepisse
678 1681 878 1716 existimemus,
896 1688 924 1710 ut
951 1685 1012 1718 q‘ui-

233 1734 341 1759 cunque
361 1727 476 1753 alterum
502 1732 542 1754 ter
569 1734 700 1762 quaterve
724 1729 783 1756 suis
810 1730 867 1763 ipse
883 1732 1010 1758 manibus

232 1772 425 1806 percussisset,
442 1772 518 1799 illum
543 1772 642 1806 deponi
656 1773 782 1810 vellent:
802 1775 847 1808 qui
872 1782 936 1801 vero
964 1783 1011 1809 per

231 1818 348 1845 alterum
365 1818 515 1846 crudeliter
530 1818 828 1853 vehementissimeque
856 1820 924 1847 adeo
948 1821 1011 1854 (hoc

231 1871 349 1898 uanique
367 1864 434 1891 illud
451 1864 579 1899 ﬁguilicat
595 1872 680 1897 usque
696 1865 728 1891 ad
744 1865 847 1900 necem)
871 1865 937 1893 cmdi
951 1865 1012 1898 jus-

230 1909 323 1941 sissct,
340 1910 451 1943 impune
471 1909 609 1936 hominem
629 1910 704 1937 abire
727 1914 901 1944 paterentur;
930 1911 1012 1945 idque

233 1954 361 1986 maxime,
379 1962 442 1981 cum
471 1954 713 1982 indiscriminatim
735 1956 900 1989 apostolicus
923 1959 1010 1983 canon

231 2002 371 2035 loquatur,
388 2008 419 2028 ac
439 2001 589 2028 verberanti
607 2008 714 2035 pmnam
733 2002 860 2029 universe
871 2002 1015 2037 decernatﬁ

230 2048 304 2077 Idem
318 2048 412 2082 igitur.
430 2048 557 2081 inquiunt
573 2047 668 2082 synodi
677 2047 783 2078 Patres,
799 2049 871 2083 quod
883 2050 1011 2084 apostoli,

234 2103 285 2123 nos
301 2101 411 2129 quoque
426 2094 617 2126 decernimus;
632 2101 666 2123 ne
682 2093 806 2120 videlicet
824 2095 938 2122 sacratis
962 2096 1011 2122 ho-

233 2141 354 2168 minibus
372 2148 444 2170 eum,
462 2139 508 2174 qui
525 2138 682 2173 deliquerit.
700 2145 746 2165 aut
758 2146 810 2180 ‘per
832 2147 872 2172 se,
902 2146 948 2166 aut.
964 2148 1010 2174 per

211 2202 214 2206 -
233 2187 317 2214 alium
331 2186 374 2213 cui
403 2185 455 2219 ipsi
471 2184 670 2228 mandaverint,
691 2185 805 2212 omnino
822 2185 902 2212 liceat
919 2186 1010 2213 verbe-
1025 2197 1047 2226 υ

230 2240 303 2260 rate.
318 2232 481 2259 Sacerdotes
499 2239 615 2266 namque
636 2230 682 2257 Dei
698 2230 821 2258 docendo
836 2236 860 2258 et
878 2233 1010 2258 movendo

235 2281 379 2312 peccantes
391 2277 530 2311 corrigere
546 2280 628 2310 atque
640 2277 785 2303 emendare
804 2285 852 2311 par
866 2282 927 2304 est:
944 2277 1010 2311 quin

230 2329 258 2352 et
273 2323 468 2351 ecclesiasticis
480 2322 644 2357 quandoque
662 2323 764 2356 poenis,
780 2324 889 2357 quando
904 2324 1010 2352 scilicet

233 2369 419 2396 admonitione
437 2372 482 2394 aut
508 2367 700 2394 cohortatione
724 2375 738 2394 a
763 2367 866 2403 ﬂagitio
889 2370 1010 2396 revocari

233 2415 392 2442 nullatenus
407 2419 518 2447 queant.
537 2412 630 2448 Neque
652 2413 724 2440 enim
751 2423 765 2439 a
787 2415 874 2448 poenis
898 2415 1011 2443 alterius

231 2461 392 2489 instituendi
417 2459 628 2495 corrigendique
651 2461 811 2494 primordia,
837 2461 882 2488 sed
905 2470 920 2489 a
941 2471 1010 2497 prte-

229 2508 315 2543 ceptis
333 2512 411 2534 antea
426 2513 506 2542 atque
521 2506 767 2545 admonitionibus,
784 2507 908 2535 ducenda
924 2515 1007 2542 sunt;

232 2554 351 2588 indeque
382 2554 414 2580 ad
444 2553 647 2579 vehementiOra
671 2554 869 2589 asperioraque.
889 2555 1010 2582 remedia

232 2600 444 2628 deveniendum.
461 2599 581 2626 Verbera
600 2599 681 2634 349
701 2606 766 2626 vero
789 2607 821 2627 ac
847 2601 938 2636 plagas
963 2602 1012 2627 ho-

234 2648 337 2674 minum
357 2645 519 2680 corporibus
532 2645 646 2677 inferre,
660 2645 756 2679 eisque
771 2645 829 2673 hac.
850 2647 956 2674 ratione
971 2647 1012 2674 iu-

233 2693 349 2724 sultare,
362 2687 562 2718 omniuo'vetat
575 2698 674 2718 canon.
704 2691 765 2724 Quo
790 2691 898 2726 quidem
924 2693 1012 2720 insul-

232 2739 310 2765 tan-li
346 2739 428 2765 verbo
469 2738 600 2766 furiosum
633 2738 754 2772 ipsorum
795 2738 1011 2773 iracutidumque

232 2786 362 2817 Impetum
379 2785 492 2812 iunuere
509 2792 540 2811 ac
556 2785 677 2812 indicare
700 2783 795 2811 voluiti
821 2782 848 2810 Si
868 2784 914 2818 qui
935 2792 1009 2817 vero,

220 2828 331 2861 inquit,
356 2837 444 2864 neque
473 2829 629 2864 praeceptis,
654 2837 743 2863 neque
766 2829 1009 2862 admonitionibus,

233 2881 322 2912 neque
334 2876 524 2903 canonicurum
541 2883 650 2911 quoque
666 2883 807 2910 poenarum
825 2880 898 2904 utetu
924 2877 1007 2904 corri-

1059 246 1111 278 μοῦ
1131 245 1243 273 τύπτειν
1262 246 1415 278 κολάζεται,
1431 247 1461 273 οὐ
1477 247 1530 282 μὴν
1544 248 1559 282 ἡ
1573 247 1616 274 διὰ
1632 247 1774 274 παίδευσιν
1790 249 1844 275 καὶ

1059 293 1179 328 μάθησιν
1206 293 1274 328 μετὰ
1299 293 1379 328 λόγου
1397 294 1444 321 καὶ
1469 294 1560 329 χειρὸς
1583 295 1682 328 μετρία
1699 295 1847 326 παίδευσις

1057 340 1121 367 τῶνι
1137 340 1315 368 διδασκάλων.
1340 340 1389 366 Διὰ
1404 341 1482 367 τοῦτο
1497 341 1551 376 γὰρ
1565 341 1612 367 καὶ
1634 342 1648 367 ὁ
1668 342 1758 368 κανὼν
1778 340 1846 369 εἷπε

1058 387 1221 419 κολάζεσθαι
1245 387 1276 413 τὸ
1298 387 1433 422 ὲπιπηδᾷν
1460 388 1523 418 τοὺς
1546 388 1712 422 ίερωμένους
1738 389 1779 420 εἰς
1808 389 1847 415 τὰ

1058 434 1111 460 τῶν
1130 433 1279 468 ἀνθρώπων
1295 432 1409 466 σώματα
1421 439 1430 448 '
1447 433 1588 468 παριστῶν
1608 434 1653 460 διὰ
1674 434 1720 461 τοῦ
1737 435 1846 468 ἐπιπη-

1058 478 1106 512 δᾷν
1122 478 1243 513 ῥήματος
1265 478 1315 511 τὴν
1336 478 1405 503 κατὰ
1434 479 1613 513 μαινομένους
1631 479 1727 513 ἄλογον
1749 480 1847 514 ὖρεξιν

1058 523 1112 549 τῶν
1130 524 1198 558 μετὰ
1223 523 1310 558 θυμοῦ
1322 524 1489 551 τυπτόντων.
1510 525 1586 551 Ἐπεί
1600 525 1640 551 τοί
1654 533 1697 558 γε,
1721 526 1745 552 εἰ
1768 528 1845 552 ἐκω-

1058 569 1137 596 λύετο
1163 571 1179 605 ἡ
1201 570 1312 606 τοιαύτη
1336 571 1390 602 τῷν
1412 571 1580 598 διδασκάλων
1607 571 1708 607 πληγὴ,
1731 572 1793 599 οὐδὲ
1817 573 1846 599 οἱ

1058 616 1280 650 ὲκκλησιαστικοὶ
1295 617 1424 651 κληρικοὶ
1439 617 1483 643 διὰ
1501 617 1637 652 σκυτάλης
1661 618 1694 644 ἂν
1717 618 1846 653 ἐσωφρό-

1058 661 1132 693 νιζον
1147 662 1216 689 κατὰ
1235 662 1393 697 προτροπὴν
1417 663 1638 699 πρωτεκδικικὴν
1660 664 1722 695 τοὺς
1749 664 1846 699 ἁμαρ-

1059 707 1188 738 τάνοντας
1212 708 1320 740 δούλους
1345 709 1391 734 καὶ
1415 708 1575 744 ἐλευθέρους
1597 709 1634 743 τῷ
1662 710 1844 745 πρωτεκδζκῳ

1060 755 1302 788 προσερχομένους.
1312 755 1381 781 Ἀλλ’
1398 755 1473 789 ὅμως
1485 757 1564 782 τοῦτο
1577 756 1843 790 ἀπροκριματίστως

1059 799 1173 832 γίνεται.
1190 799 1282 832 Ὥστε,
1297 801 1324 826 εί
1338 809 1379 832 τις
1399 802 1550 837 ίερωμένος
1566 802 1643 837 τύψει
1659 803 1720 829 τινὰ
1733 803 1778 829 διὰ
1791 804 1845 838 τῆς

1061 847 1280 882 πρωτεκδικικῆς
1305 847 1441 882 σκυτάλης
1468 848 1538 882 μετὰ
1553 848 1640 883 Θυμοῦ
1658 851 1704 877 καὶ
1729 851 1843 885 μανίας,

1063 892 1100 923 ὼς
1122 893 1168 918 καὶ
1190 892 1284 919 ἄλλοτέ
1307 902 1372 920 ποτε
1391 894 1490 930 συνέϐη
1513 895 1560 921 ἐπὶ
1572 896 1622 929 τῆς
1639 897 1777 931 ἱερατείας
1793 897 1843 924 τοῦ

1060 939 1211 972 ἁγιωτάτου
1234 940 1402 975 πατριάρχου
1429 940 1513 976 κυροῢ
1535 942 1638 972 Λουκᾶ,
1665 942 1715 968 οὐκ
1737 944 1844 976 ἐκφευ-

1060 985 1143 1018 ξεῖται
1166 987 1214 1020 τὴν
1230 987 1358 1013 κόλασιν·
1376 987 1423 1013 καὶ
1445 987 1533 1019 αὖθις,
1555 988 1579 1014 εί
1603 988 1649 1014 καὶ
1665 989 1734 1022 μετὰ
1752 988 1842 1024 θυμοῦ

1059 1032 1138 1066 τύψεν.
1154 1032 1200 1058 τὸν
1216 1033 1340 1068 μαθητὴν
1354 1034 1367 1059 ὁ
1380 1033 1551 1065 διδάσκαλος,
1568 1035 1739 1069 φονευτηρίῳ
1753 1034 1842 1068 ῥοπά-

1060 1079 1097 1113 λῳ
1112 1080 1293 1114 χρησάμενος,
1309 1080 1357 1106 οὐκ
1372 1080 1545 1116 ἀτιμώρητος
1557 1079 1645 1107 ἔσται.

1093 1172 1217 1200 ΖΩΝΛΡ.
1242 1172 1272 1199 Ὀ
1286 1172 1339 1198 τῶν
1355 1171 1440 1205 ἁγίων
1455 1171 1611 1198 ἀποστόλων
1624 1171 1745 1203 είκοστδς
1761 1172 1840 1199 E650-

1062 1227 1111 1254 μος
1129 1219 1219 1246 κανὼν
1243 1218 1303 1245 οὔτε
1322 1219 1469 1246 ἐπίσκοπον
1497 1219 1559 1246 οὔτε
1578 1217 1762 1254 πρεσϐύτερον
1776 1219 1841 1246 οὔτε

1059 1265 1181 1291 διάκονον
1195 1265 1225 1300 ἑᾷ
1237 1264 1349 1291 τύπτειν
1365 1265 1428 1296 τοὺς
1445 1265 1652 1300 ἁμαρτάνοντας
1662 1273 1669 1280 ·
1696 1266 1840 1300 καθαιρεῖ-

1061 1312 1122 1338 σθαι
1148 1312 1201 1347 γὰρ
1227 1312 1273 1338 τὸν
1297 1311 1375 1338 τοῦτο
1399 1311 1528 1338 ποιοῦντα
1551 1311 1665 1339 κελεύει.
1692 1312 1770 1343 Τινὲς
1792 1309 1841 1338 οὖν

1060 1358 1316 1393 παρερμηνεὺοντες
1333 1358 1378 1384 τὸν
1407 1358 1507 1384 κανόνα
1534 1358 1627 1391 ἔλεγον
1651 1358 1692 1384 ὅτι
1715 1358 1761 1384 διὰ
1783 1358 1841 1385 τῶν

1060 1404 1167 1430 οἰκείων
1190 1404 1290 1439 χειρῶν
1304 1405 1417 1430 τύπτειν
1430 1404 1492 1434 τοὺς
1510 1404 1674 1438 ίερωμένους
1702 1404 1840 1430 ἐκώλυσεν

1059 1450 1073 1476 ὁ
1102 1449 1210 1476 κανών·
1240 1450 1324 1484 ἑτέρῳ
1350 1442 1378 1475 δέ
1402 1449 1582 1483 προστάσσειν
1604 1450 1650 1475 καὶ
1674 1449 1709 1476 δι’
1732 1450 1840 1477 ἐκείνου

1060 1496 1170 1522 τύπτειν
1183 1495 1331 1522 ἀκώλυτον.
1353 1495 1437 1521 Τοῦτο
1453 1492 1500 1521 οὖν
1516 1495 1530 1521 ὁ
1547 1494 1642 1530 παρὼν
1659 1495 1749 1522 κανὼν
1766 1496 1839 1531 διορ-

1062 1541 1200 1576 θούμενος,
1221 1541 1293 1574 λέγει
1307 1541 1406 1568 ἄτοπον
1419 1538 1487 1567 εἶναι
1503 1541 1549 1567 καὶ
1561 1542 1710 1575 ἐπισφαλὲς
1731 1542 1761 1568 τὺ
1772 1548 1774 1552 '
1784 1543 1842 1569 οἴε-

1062 1587 1122 1613 σθαι
1138 1587 1201 1617 τοὺς
1219 1587 1308 1621 ἱεροὺς
1326 1586 1489 1617 ἀποστόλους
1507 1588 1657 1622 προστάξαι
1672 1587 1717 1613 τὸν
1732 1588 1782 1622 μὲν
1795 1588 1840 1615 διὰ

1059 1633 1114 1659 τῶν
1140 1631 1247 1658 οἰκείων
1276 1631 1373 1666 χειρῶν
1404 1631 1465 1666 τρὶς
1495 1631 1511 1665 ἦ
1541 1631 1670 1665 τετράκις
1701 1631 1841 1665 πλήξαντα

1061 1678 1261 1711 καθαιρεῖσθαι,
1290 1677 1336 1703 τὸν
1364 1677 1393 1703 δὲ
1423 1676 1453 1709 ἐξ
1479 1677 1667 1710 ἐπιτάγματος
1693 1677 1726 1703 δι’
1741 1677 1838 1712 ἑτέρου

1060 1725 1195 1752 τύπτοντα
1221 1716 1331 1757 ἀπηνῶς
1347 1722 1393 1748 καὶ
1408 1721 1468 1749 λίαν
1484 1722 1650 1757 σφοδρότατα
1674 1722 1760 1758 (τοῦτο
1781 1723 1839 1757 γὰρ

1061 1771 1090 1798 τὺ
1115 1771 1194 1805 μέχρι
1222 1770 1336 1796 θανάτου
1363 1768 1447 1804 δηλοῖ)
1469 1768 1640 1804 ἀτιμώρητον
1660 1769 1766 1801 ἐᾶσθαι,
1790 1769 1839 1795 καὶ

1061 1816 1146 1842 ταῦτα
1171 1815 1217 1841 τοῦ
1241 1814 1420 1841 ἀποστολικοῦ
1449 1814 1560 1846 κανόνος
1587 1815 1623 1849 μὴ
1644 1814 1839 1846 διαστίζοντος,

1061 1862 1118 1889 ἀλλ’
1132 1861 1224 1891 ἁπλῶς
1241 1862 1271 1887 το
1284 1860 1397 1887 τύπτειν
1409 1859 1580 1891 κολάζοντος.
1593 1860 1637 1886 Διό
1655 1868 1738 1893 φασιν
1752 1861 1777 1886 οἱ
1790 1860 1840 1894 τῆς

1062 1908 1169 1934 συνόδου
1188 1907 1318 1940 Πατέρες,
1333 1905 1386 1932 Καὶ
1398 1906 1478 1939 ἡμεῖς
1494 1905 1592 1939 ὁμοίως
1606 1906 1662 1935 τοῖς
1678 1905 1840 1936 ἀποστόλοις

1061 1953 1235 1989 ψηφιζόμεθα
1249 1960 1256 1967 '
1280 1952 1321 1978 ἵνα
1341 1952 1409 1985 μήτε
1431 1949 1474 1977 διὰ
1499 1950 1554 1977 τῶν
1578 1950 1685 1977 οἰκείων
1700 1950 1801 1985 χειρῶν
1816 1950 1840 1976 οι

1060 1999 1205 2035 ίερωμένοι
1225 1999 1300 2033 μήτε
1327 1998 1356 2031 ἐξ
1383 1996 1516 2030 ἐπιταγῆς
1539 1996 1573 2023 δι’
1593 1997 1686 2031 ἐτέρου
1717 1996 1840 2023 τύπτωςξ

1061 2054 1121 2072 τινα
1135 2046 1342 2079 ἁμαρτήσαντα.
1364 2044 1432 2074 Τοὺς
1447 2043 1500 2077 γὰρ
1521 2042 1568 2069 τοῦ
1587 2043 1652 2068 Θεοῦ
1668 2043 1750 2077 ἱερεῖς
1764 2042 1838 2068 διδασ

1062 2091 1183 2123 σκαλίαις
1197 2091 1245 2117 καὶ
1258 2089 1409 2120 νουθεσίαις
1422 2089 1473 2124 χρὴ
1490 2088 1626 2115 παιδεύειν
1640 2089 1688 2114 καὶ
1704 2088 1839 2122 σωφρονί-

1061 2139 1117 2170 ζειν
1131 2137 1194 2168 rei);
1208 2135 1419 2170 σφαλλομένους
1439 2134 1493 2160 ἐσθ’
1508 2134 1552 2160 ὅτε
1569 2134 1596 2159 δὲ
1610 2134 1655 2159 καὶ
1669 2134 1725 2163 τοῖς
1740 2133 1841 2167 ὲκκληρ

1063 2184 1210 2213 σιαστικοῖς
1221 2182 1378 2216 ἐπιτιμίοις,
1387 2180 1537 2212 τουτέστιν,
1546 2179 1590 2205 ὅτε
1604 2179 1640 2213 μὴ
1653 2178 1841 2213 διδασκόμενοι

1061 2230 1108 2257 καὶ
1125 2228 1329 2263 νουθετούμενοι
1346 2227 1370 2253 οἱ
1385 2226 1591 2261 ἁμαρτάνοντες
1618 2224 1840 2261 σωφρονίζονται.

1061 2277 1098 2302 Οὐ
1114 2275 1168 2309 γὰρ
1181 2275 1209 2307 ἐξ
1225 2274 1370 2308 ἐπιτιμίων
1384 2271 1516 2307 ἄρχεσθαι
1530 2271 1578 2305 τῆς
1593 2270 1717 2301 παιδείας
1732 2271 1841 2304 καὶτῆς

1060 2320 1229 2356 διορθώσεως
1247 2317 1298 2351 δεῖ,
1320 2318 1388 2345 ἀλλὰ
1419 2317 1553 2344 διδάσκειν
1579 2317 1676 2348 αὐτοὺς
1706 2317 1841 2351 πρότερον

1061 2368 1108 2394 καὶ
1131 2366 1276 2397 νουθετεῖν,
1304 2365 1351 2391 καὶ
1375 2364 1447 2390 οὕτω
1469 2363 1519 2397 τὴν
1542 2362 1764 2397 δραστικωτέραν
1792 2362 1840 2388 καὶ

1061 2410 1264 2444 ἐπιπονωτέραν
1290 2409 1410 2442 ίατρείαν
1432 2408 1556 2441 ἐπάγειν.
1584 2407 1620 2433 To
1645 2407 1673 2433 δὲ
1697 2406 1840 2441 μαστίζειν

1061 2455 1229 2491 κὰὶ⁴πληγὰς
1244 2455 1394 2482 ἐπιτιθέναι
1406 2455 1461 2485 τοῖς
1477 2453 1530 2480 τῶν
1543 2453 1694 2488 ἀνθρώπων
1716 2453 1837 2487 σώμασι,

1061 2503 1107 2530 καὶ
1131 2503 1224 2529 τοῦτον
1251 2502 1342 2532 αὐτοῖς
1362 2499 1495 2535 ὲπιπηδᾷν
1519 2499 1563 2526 τὸν
1592 2499 1700 2533 τρόπον,
1727 2499 1839 2530 τελείως

1061 2549 1237 2584 ἀπαγορεύει.
1264 2548 1314 2575 Διὰ
1341 2548 1387 2574 τοῦ
1417 2547 1551 2582 ὲπιπηδᾷν
1584 2546 1612 2573 δὲ
1639 2546 1687 2581 τὴν
1720 2546 1839 2580 μανικὴν

1061 2596 1150 2624 αὐτῶν
1165 2595 1212 2622 καὶ
1224 2595 1332 2630 ὀργίλον
1346 2594 1432 2629 φορὰν
1449 2593 1557 2629 ᾐνίξατό
1573 2601 1601 2618 τε
1618 2592 1666 2619 καὶ
1687 2592 1836 2626 ὕπέφηνεν.

1060 2643 1092 2673 Εἰ
1107 2643 1135 2668 δέ
1149 2649 1232 2673 τινες,
1250 2641 1326 2675 φησὶ,
1348 2640 1416 2675 μήτε
1443 2638 1636 2669 διδασκαλίαις,
1655 2639 1724 2671 μήτε
1742 2638 1838 2663 νουθε-

1063 2691 1144 2721 σίαις,
1163 2689 1229 2724 μήτε
1246 2688 1298 2723 μὴν
1313 2686 1461 2719 ἐπιτιμίοις
1484 2682 1636 2715 κανονικοῖς
1655 2683 1837 2718 διορθοῦνται,

1061 2737 1123 2767 τοὺς
1136 2735 1273 2765 τοιούτους
1289 2734 1333 2760 διὰ
1347 2733 1402 2758 τῶν
1417 2730 1487 2758 κατὰ
1500 2731 1598 2760 τόπους
1620 2730 1758 2764 ἀρχόντων
1783 2737 1838 2754 σωα

1062 2781 1236 2816 φρονίςεσθαι
1265 2780 1325 2811 δεῖ,
1362 2776 1643 2811 ὑπομιμνησκομένων
1675 2773 1749 2808 παρὰ
1782 2773 1836 2799 τῶν

1063 2828 1168 2862 ἱερέων,
1183 2824 1223 2858 οἷς
1237 2824 1390 2853 νουθετοῦσι
1406 2823 1451 2850 καὶ
1466 2823 1553 2858 ἠπίως
1567 2820 1763 2857 θεραπεύουσιν
1786 2820 1838 2846 οὐκ

1061 2874 1234 2909 ἐπείσθησαν.
1253 2872 1288 2899 Τὸ
1302 2871 1329 2898 δὲ
1346 2871 1389 2897 διὰ
1403 2870 1456 2897 τῶν
1471 2869 1606 2905 ἀρχόντων
1621 2866 1682 2898 τοὺς
1697 2867 1836 2897 ἀτάκτους
