1942 3095
154 155 221 187 M53
779 159 820 188 IN
841 159 922 189 CAN.
935 159 960 188 Χ
977 159 1080 191 CONC.
1094 161 1149 191 ΟΡ.
1688 158 1758 191 1054

151 213 366 247 σωφρονίζεσθαι
381 215 428 241 καὶ
441 215 653 250 ἐπιστρέφεσθαι
670 217 715 242 καὶ
729 217 812 244 πὰλαι
825 217 927 243 δεικνύ-

1017 224 1090 251 ututi,
1120 226 1167 244 eos
1198 217 1248 245 loci
1276 219 1484 254 magistratuum
1516 224 1598 251 opera
1630 218 1758 251 castigari

148 267 224 284 ουσιν
250 259 358 294 ὁρισθὲν
383 259 458 294 παρὰ
482 261 532 295 τῆς
556 261 585 288 ὲν
605 262 753 298 Ἀντιοχείᾳ
776 262 886 288 συνόδου
903 264 927 289 ὲιι

1013 264 1118 290 mrtcbit
1134 272 1141 289 :
1163 271 1230 296 quos
1245 263 1351 298 quidem
1371 267 1427 290 tota
1442 263 1474 290 de
1492 271 1520 290 re
1540 263 1577 289 illi
1601 262 1760 289 sacerdotes

151 305 268 338 πέμπτῳ
280 305 365 339 αὐτῆς
378 307 479 334 κανόνι.
686 318 690 325 ι
987 308 1244 341 cotnmonel‘acieut,
1261 309 1363 343 quibus
1389 308 1440 342 ipsi
1458 307 1678 342 przccipientibns
1694 307 1763 334 leni-

150 357 204 383 que
221 351 363 380 curatione
390 351 532 379 utentibus
552 364 554 366 -
575 359 628 379 non
655 352 889 387 obtemperarunt.
931 353 968 379 De
987 353 1169 387 immorigeris
1184 361 1266 387 porro
1282 353 1437 380 hominibus
1455 354 1663 386 magistratuum
1681 360 1762 386 opera

152 396 319 426 t'orriyentiis
346 401 374 423 et
399 397 431 425 ad
446 405 539 425 sanam
559 402 678 426 mentem
707 397 881 431 reducendis,
899 398 925 425 id
944 398 998 433 jam
1015 398 1078 425 olim
1097 400 1130 424 ab
1146 401 1315 427 Antiocheua
1332 400 1435 435 synodo
1448 399 1544 433 quinto
1578 406 1682 429 canone
1716 398 1763 425 dc—

153 442 257 468 ﬁnitum
273 449 333 469 esse
351 444 531 471 ttctnonstrat.
1223 450 1239 458 ν

153 487 264 515 ΑΡΙΣΤ,
290 497 298 512 1
329 489 360 514 Οἱ
389 489 514 524 ίερεϊς,ῆ
545 490 656 522 πιστοὺς
684 482 927 526 ἁμαρτήσανταςξ

1013 489 1096 518 RiS’l.
1114 500 1123 516 1
1143 490 1306 517 Sacerdotes
1319 490 1364 524 qui
1382 489 1421 517 νει
1439 487 1531 516 ﬁdeles
1545 490 1590 523 qui
1607 495 1763 524 peccarltnl,

188 543 198 561 1
220 534 350 566 ἀπίστους
362 536 543 572 ἀδικήσαντας
563 539 723 572 τύπτοντες,
742 539 757 575 ἢ
776 539 933 574 αὐτοχειρίᾳ

188 589 197 605 ε
221 580 237 614 ἢ
261 581 445 622 ὲπιτάγματι,
477 581 725 619 καθαιρείσθωσαν·
749 586 801 620 χρὴ
818 586 870 620 γὰρ
895 585 934 613 δι-

188 635 198 652 1
220 627 398 661 δασκαλίαις,
429 630 595 662 νουθεσίαις,
622 632 668 658 καὶ
688 625 933 666 λὲκκλησιαστικοῖς

186 682 196 698 1
222 673 369 708 ἐπιτιμίοις
382 675 445 707 τοὺς
463 677 596 709 ἀτάκτους
618 678 812 712 παιδαγωγεῖν,
829 678 859 703 οὐ
878 679 931 712 μά-

167 713 170 719 ’
186 728 196 744 1
220 719 306 757 attEtv
320 720 335 754 ἢ
351 722 469 755 πληγαῖς
480 731 487 739 ·
505 723 528 748 εί
544 723 571 749 δὲ
588 723 624 757 μὴ
638 723 808 754 ὑπακούοιεν,
825 724 867 749 διὰ
884 725 932 757 τῆς

187 774 197 790 1
208 766 290 800 ,πρὸς
303 766 367 798 τοὺς
389 766 521 802 ἄρχοντας
537 769 690 803 ὲγκλήσεως
706 768 803 799 αὐτοὺς
824 770 931 803 σωφρο-

185 820 194 836 1
217 811 308 844 νίζειν.
332 821 342 838 ›

456 859 584 887 ΚΑΝΩΝ.
606 861 633 887 l'.

152 911 161 928 1
183 903 214 929 0i
229 905 285 935 τοῖς
300 904 414 931 πάθευιν
432 905 546 937 ἑαυτοὺς
563 906 686 938 ἐκδότους
706 907 931 942 παραστήσαντες

185 958 195 975 1
217 949 247 976 οὺ
265 949 344 983 μόνον
357 950 407 985 τὴν
429 951 483 977 ἀπὸ
494 951 548 977 τῶν
567 952 647 986 ἱερῶν
662 953 781 979 κανόνων
795 952 931 988 τιμωρίαν

183 1005 193 1021 ‹
217 996 247 1022 οὐ
264 997 431 1030 φρίττουσιν,
446 998 513 1025 ἀλλὰ
533 998 579 1024 καὶ
598 999 688 1025 αὐτῶν
704 1000 818 1025 ἐκείνων
832 1008 931 1031 κατορ-

184 1049 195 1066 ι
218 1041 324 1075 χεῖσθαι
352 1042 546 1078 τετολμήκασι.
571 1044 733 1077 Στρεϐλοῦσι
753 1044 807 1080 γὰρ
822 1045 929 1076 αὐτοὺς,

147 1108 151 1119 ,
186 1095 195 1112 1
218 1087 267 1113 καὶ
285 1088 352 1122 πρὸς
377 1088 407 1114 τὸ
428 1089 551 1122 ἐμπαθὲς
574 1089 663 1116 αὐτῶν
688 1090 931 1124 ἁποκιῦδηλεὺουσι

184 1141 194 1158 1
217 1132 264 1160 τοῦ
280 1133 441 1168 θελήματος,
455 1134 498 1160 ἵνα
511 1135 541 1168 τῇ
555 1135 695 1171 φιλοτιμίᾳ
707 1135 757 1170 τῆς
769 1135 929 1171 ὲμπαθείας,

183 1187 193 1203 1
221 1178 291 1204 κατὰ
306 1178 353 1204 τὸν
374 1179 503 1213 Θεολόγον
520 1180 680 1215 Γρηγόριον,
699 1181 735 1216 μὴ
755 1183 833 1215 μόνον
850 1178 931 1208 ἀνεῦ-

184 1231 193 1248 1
216 1222 294 1249 ουνον
310 1224 401 1254 αὐτοῖς
449 1224 479 1250 τὸ
494 1225 591 1258 κακὸν,
608 1225 676 1252 ἀλλὰ
702 1226 747 1252 καὶ
763 1226 834 1252 θετον
855 1226 932 1261 νομί-

220 1268 303 1300 ζοιτο.
331 1270 382 1296 Τὸν
412 1271 465 1306 γὰρ
493 1272 670 1298 ἁποατολικὺν
697 1274 797 1299 κανόνα
817 1273 862 1299 τὸν
886 1273 929 1299 λέ‹

183 1324 193 1341 1
220 1324 318 1349 γοντα.-
338 1316 438 1348 Σκεῦος
459 1313 616 1359 χρυσοῦνθῆί
637 1319 775 1354 ἀργυροῦν
798 1307 930 1352 ἀγιασθὲν
951 1347 952 1350 η

182 1371 192 1388 1
219 1361 235 1396 ἢ
252 1362 358 1396 ὀθόνην,
377 1363 471 1398 μηδεὶς
488 1364 527 1390 ἔτι
545 1365 583 1396 εἰς
604 1365 707 1391 οἰκείαν
720 1365 815 1400 χρείαν
836 1375 931 1400 σφετε-

183 1417 192 1433 1
218 1408 343 1443 ριζέσθω·
371 1411 529 1445 παράνομον
546 1410 615 1446 γάρ·
637 1412 661 1437 εἰ
678 1411 707 1437 δέ
723 1420 764 1443 τις
777 1411 928 1447 φωραθείη,

214 1453 384 1488 ὲπιτιμὰσθω
407 1455 571 1490 ἁφορισμῷ·
597 1456 691 1483 τοῦτον
707 1457 746 1487 είς
766 1458 929 1492 συνηγορίαν

182 1508 191 1525 1
215 1499 269 1527 τῶν
280 1501 387 1539 οἰκείων
402 1502 645 1536 παρανομημάτων
658 1502 883 1537 ἐκλαμϐάνοντες,
898 1504 928 1530 οὐ

182 1555 191 1571 1
216 1539 360 1580 φασ“ι’δεῖν
383 1548 568 1583 καθαιρέσεως
590 1548 681 1593 ἀξίους
702 1549 841 1583 κρίνεσθαι
864 1550 926 1582 τοὺς
940 1559 961 1588 c

183 1602 193 1618 1
216 1593 265 1628 τὴν
281 1594 432 1629 σεϐασμίαν
451 1596 500 1628 τῆς
516 1595 596 1627 ἁγίας
611 1595 751 1630 τραπέζης
764 1595 874 1631 ὲνδυτὴν
889 1597 929 1628 είς

181 1648 191 1665 1
213 1640 312 1666 οίκεῖον
328 1648 439 1675 χιτωνα,
455 1640 471 1675 ἢ
486 1641 525 1671 εἰς
542 1640 634 1675 ἕτερόν
650 1650 675 1667 τι
690 1641 745 1667 τῶν
759 1641 869 1676 ἀμφίων
884 1651 928 1677 με-

180 1695 190 1712 1
209 1686 479 1721 τασχημιτὶςονιας·
503 1687 532 1713 οὺ
557 1687 609 1722 μὴν
623 1687 693 1714 ³ὰλλ¹
714 1687 773 1714 οὐδὲ
808 1689 872 1720 τοὺς
897 1689 927 1715 τὸ

179 1740 189 1757 1
212 1731 289 1766 ἅγιον
306 1734 451 1767 ποτήριον·
466 1732 488 1759 ὣ
501 1733 550 1767 τῆς
567 1733 711 1765 ἀσεϐείαςί
726 1734 742 1768 ἢ
767 1734 812 1760 τὸν
830 1728 927 1761 σεπτὸν

181 1785 192 1802 1
215 1777 319 1809 δίσκον,
335 1778 351 1812 ἢ
367 1778 400 1804 τὰ
422 1778 528 1810 τούτοις
550 1779 729 1814 παραπλήσια
744 1781 783 1811 εἰς
799 1780 867 1807 ίδίαν
879 1782 926 1807 ἐκ-

181 1831 192 1848 1
217 1823 396 1854 δαπανῶντας
408 1823 514 1858 χρείαν,
530 1825 545 1857 ἦ
565 1825 807 1859 καταχραίνοντας.
827 1827 856 1852 ’0
872 1827 926 1862 γὰρ

180 1877 190 1895 1
212 1868 314 1902 κανὼν,
329 1869 404 1903 φασὶ.
415 1869 476 1899 τοὺς
490 1869 529 1900 εἰς
546 1870 623 1896 τοῦτο
633 1871 844 1905 περιπίπτοντας
861 1873 925 1905 ἀφο-

180 1921 190 1938 1
213 1912 302 1948 ρισμῷ
316 1913 366 1947 μὲν
377 1913 639 1948 καθυποὸἀλλεσθαι,
654 1913 711 1941 ἀλλ’
726 1916 755 1942 οὺ
768 1917 925 1953 καθαιρέσει

181 1967 191 1985 1
213 1958 382 1986 ἐδικαίωσεν.
411 1959 490 1985 Ἀλλὰ
516 1959 558 1990 τίς
587 1960 619 1987 ἃν
645 1961 788 1997 ἀνάσχοιτο
803 1963 849 1989 τοῦ
875 1963 926 1997 τῆς

179 2013 189 2030 1
209 2003 344 2039 τοσαύτης
368 2005 579 2042 παραποιῄσεως
605 2006 651 2031 καὶ
675 2005 830 2038 δυσσεϐείας
845 2008 925 2042 μεγέ-

178 2060 190 2078 1
212 2051 290 2084 θουςς
308 2051 361 2077 Τοῦ
381 2051 435 2086 γὰρ
451 2051 563 2082 κανόνος
577 2052 634 2083 τοῖς
654 2051 684 2078 τὸ
698 2052 782 2089 μόνονὶ
795 2054 924 2088 ἁγιαοθὶν

177 2105 187 2122 1
210 2097 250 2128 εἰς
263 2097 373 2132 χρῆσιν,
389 2097 445 2123 ἀλλ’
461 2098 511 2123 οὐκ
525 2099 565 2130 είς
579 2098 684 2124 τελείαν
703 2099 840 2135 ἁρπαγὴν,
858 2109 923 2136 σφε-

178 2153 187 2168 1
210 2143 394 2178 τεριζομὲνοις
405 2143 451 2169 τὸν
467 2144 618 2178 ἀφορισμδν
632 2144 836 2180 ἐπιπέμποντος
846 2167 853 2178 ,
875 2148 923 2174 αὒ-

178 2199 188 2215 1
214 2190 255 2216 τοὶ
270 2190 317 2215 καὶ
331 2190 394 2220 τοὺς
414 2189 642 2224 καθαρπάζοντας
658 2192 703 2218 καὶ
712 2183 922 2227 ’ἱεροσυλοῦντας

177 2243 188 2260 1
209 2234 244 2261 τὰ
270 2234 324 2260 τῶν
349 2234 434 2268 ἁγίων
460 2234 542 2269 Ἀγια
561 2235 730 2271 ἐλευθεροῦσι
753 2238 801 2272 τῆς
830 2239 922 2266 καθαι-
939 2237 961 2264 D

179 2290 188 2306 1
213 2281 330 2315 ρέσεως”,
356 2281 403 2306 καὶ
429 2281 491 2312 τοὺς
514 2282 555 2313 είς
593 2281 744 2317 βρωμάτων
772 2284 922 2319 ὑπηρεσίαν

178 2336 187 2352 1
210 2327 271 2354 ὅσον
283 2335 315 2361 γε
338 2328 370 2361 τῇ
389 2326 434 2361 ὑφ’
450 2327 553 2354 ἑαυτῶν
572 2328 660 2363 κρίσει
683 2330 745 2361 τοὺς
759 2330 923 2366 σεδασμίους

182 2382 191 2398 1
213 2372 336 2403 δίσκους,
359 2371 375 2406 ἢ
400 2371 435 2398 τὰ
459 2372 519 2407 ιερά
544 2374 661 2408 ποτήρια
688 2376 922 2410 καταμολὺνοντας

179 2428 188 2445 1
210 2418 405 2453 ἀκαθαιρέτους
426 2418 583 2452 εἰσάγουσι⁹
597 2420 684 2447 καίτοι
710 2420 826 2456 φανεροῦ
853 2421 920 2448 καθ-

178 2475 188 2491 1
213 2465 357 2499 εστηκότος
388 2465 434 2491 τοῦ
461 2465 623 2499 μιάσματος,
646 2467 692 2493 καὶ
706 2468 785 2501 δῆλον
800 2467 830 2494 ὃν
842 2469 879 2500 ὡς
895 2469 920 2495 oi

180 2520 189 2536 1
213 2509 248 2536 τὰ
268 2510 381 2537 τοιαῦτα
402 2511 565 2545 πράττοντες
583 2511 613 2537 οὐ
630 2512 709 2546 μόνον
724 2514 919 2549 καθαιρέσεως,

181 2565 190 2581 1
213 2555 280 2582 ἀλλὰ
298 2555 404 2588 καὶτῆς
416 2556 534 2591 ἐσχάτης
544 2556 702 2589 δυσσιὸείας
716 2558 753 2592 τῷ
768 2559 919 2593 ἐγκλήματι

178 2610 187 2626 1
211 2601 415 2636 περιπίπτουσι,
441 2602 539 2636 Διόπερ
565 2602 663 2638 ὥρισεν
687 2604 785 2639 ήάγία
812 2605 919 2635 σύνοδος

180 2656 190 2673 1
212 2648 274 2678 τοὺς
292 2647 321 2673 ἓν
343 2655 369 2673 τι
393 2647 445 2673 τῶν
467 2648 495 2674 ἐν
509 2647 547 2683 τῷ
561 2648 746 2685 Θυσιαττηρίῳ
767 2651 846 2685 ἱερῶν
871 2652 919 2678 καὶ

178 2700 187 2717 1
211 2691 297 2724 ἁγίων
320 2691 424 2718 σκευῶν
438 2691 454 2726 ἢ
476 2693 677 2727 ἁμφιασμάτων
691 2696 731 2726 εἰς
746 2695 809 2722 ἴδιον
822 2693 917 2730 κέρδος

177 2746 188 2763 1
211 2737 438 2771 ὑφαρπάζοντας,
473 2738 489 2772 ἢ
517 2739 556 2769 εἰς
573 2739 680 2773 Δχρῆσιν
706 2741 916 2775 ἀποχρωμένους

130 2804 133 2806 .
179 2791 188 2807 1
211 2781 326 2816 ἀνίερον,
342 2781 468 2807 παντελεῖ
487 2781 641 2816 καθαιρέσει
654 2784 912 2815 καθυποΰάλλεσθαι.

179 2836 189 2854 1
210 2827 247 2853 Τὸ
271 2827 320 2861 μὲν
335 2827 388 2862 γὰρ
402 2828 459 2853 ἐστι
481 2827 643 2862 βεῦηλῶσαι,
660 2829 690 2856 τὸ
711 2830 738 2857 δὲ
755 2832 867 2866 συλῆσαι
882 2834 913 2860 τὰ

179 2880 189 2906 1_
208 2871 284 2908 ἅγια.
299 2872 367 2904 Τοὺς
379 2873 470 2907 μέντοι
494 2873 528 2905 τὰ
545 2873 641 2906 ἔξωθεν
654 2875 700 2902 τοῦ
723 2875 912 2911 θυσιαστηρίου

1003 554 1005 556 -
1024 547 1033 562 1
1055 538 1094 563 vel
1120 537 1242 564 inﬁdeles
1257 538 1301 571 qui
1324 537 1422 570 injuria
1440 536 1592 563 aﬂ‘ecrrunt
1605 556 1612 565 .
1631 536 1687 562 sive
1703 544 1765 571 pro-

1023 591 1031 608 1
1050 583 1107 615 pria
1130 590 1221 612 manu.
1239 583 1296 610 sive
1315 582 1441 609 mandato
1456 583 1609 612 verberant.
1626 583 1765 615 deponan-

1022 638 1031 655 1
1051 634 1106 656 tur.
1121 628 1232 663 Oportet
1257 630 1328 655 enim
1361 629 1503 659 doctrinis,
1532 628 1764 656 admonitionibus

1021 685 1030 701 1
1049 681 1073 703 et
1091 676 1178 710 poenis
1193 676 1387 703 ecclesiasticis
1406 676 1594 709 immurigcros
1609 675 1763 706 instituere,

1022 731 1031 746 1
1054 729 1106 747 non
1128 713 1327 754 vem'ﬁagellis
1350 724 1375 746 rt
1399 720 1578 746 verberibus:
1593 719 1616 746 si
1642 719 1762 746 nottdum

1023 777 1031 792 1
1051 772 1140 793 autem
1160 774 1261 792 morem
1288 767 1442 799 gesserint.
1458 773 1504 792 ens
1531 772 1578 799 per
1595 765 1762 799 provocatio-

1021 821 1032 837 1
1049 819 1111 839 nem
1127 811 1159 838 ad
1176 812 1350 845 magistratus
1365 811 1509 844 castigare.
1527 820 1535 836 ι

1280 857 1394 884 CANON
1417 856 1449 884 X.

948 894 967 921 Β
985 915 993 930 1
1013 905 1063 937 Qui
1080 905 1185 939 seipsos
1202 904 1314 930 tradunt
1330 904 1412 938 animi
1427 904 1687 939 perturbationibus,
1707 911 1762 934 nos;

1020 960 1029 976 1
1048 951 1155 981 solum,
1179 950 1250 984 quod
1278 957 1291 975 a
1319 949 1404 975 sacris
1431 950 1582 977 rationibus
1611 950 1762 976 intentatur

1019 1007 1028 1023 1
1048 997 1220 1031 supplicium,
1243 1004 1295 1023 non
1313 996 1424 1023 horrent
1437 1016 1444 1028 ,
1459 997 1506 1023 sed
1524 996 1564 1023 eis
1578 997 1658 1022 etiam
1675 995 1762 1022 instil-

1019 1053 1028 1068 1
1047 1047 1104 1070 tare
1120 1042 1178 1069 ausi
1192 1046 1265 1069 sunt.
1280 1042 1356 1076 Ipsos
1368 1042 1440 1068 enim
1453 1046 1589 1076 torquent,
1600 1046 1626 1067 et
1637 1040 1670 1067 ad
1684 1048 1760 1067 suam

1021 1098 1029 1114 1
1048 1088 1129 1114 animi
1149 1087 1382 1122 perturbationem
1398 1094 1492 1114 eorum
1512 1094 1620 1121 quoque
1635 1087 1761 1112 volunta-

1022 1144 1030 1160 1
1051 1139 1103 1160 tem
1129 1133 1284 1160 adulterant
1299 1141 1306 1160 :
1323 1138 1351 1159 ut
1376 1140 1487 1167 propter
1504 1133 1587 1159 animi
1605 1134 1646 1158 sui
1671 1136 1760 1158 motus

1022 1190 1031 1206 1
1051 1180 1268 1211 contentionem,
1283 1184 1311 1207 ut
1330 1180 1414 1214 inquit
1430 1179 1578 1215 Gregorius
1591 1178 1759 1211 Theologus;

1019 1236 1028 1252 1
1049 1234 1101 1254 non
1116 1226 1204 1253 solum
1227 1227 1261 1253 sit
1285 1233 1378 1253 eorum
1404 1226 1503 1252 malum
1522 1224 1686 1252 correctioni
1705 1232 1758 1250 non

1019 1272 1207 1305 1-oltnqxitlm,
1224 1272 1271 1299 sed
1295 1272 1418 1298 divinttm
1438 1279 1547 1306 quoque
1574 1271 1759 1298 existimetur.
1783 1301 1788 1305 η

1018 1329 1026 1345 1
1049 1319 1234 1353 Apostolicum
1262 1319 1335 1345 enim
1361 1325 1491 1344 canoncm
1506 1337 1513 1350 ,
1538 1317 1583 1352 qui
1607 1317 1759 1344 dicit:Vas

1017 1375 1026 1390 1
1047 1373 1159 1391 aurcutn
1172 1364 1380 1399 vclargentettm
1396 1363 1606 1394 sanctiﬁcatum,
1617 1363 1658 1389 vel
1668 1362 1756 1388 velum

1017 1419 1026 1436 1
1048 1411 1159 1442 linenm,
1176 1418 1254 1437 nemo
1267 1410 1378 1445 posthac
1395 1410 1420 1436 in
1433 1417 1511 1437 suum
1529 1416 1608 1436 nsunt
1623 1408 1756 1442 accipiat;

1018 1466 1027 1482 1
1046 1461 1087 1484 est
1104 1457 1176 1483 enim
1201 1460 1298 1491 prtuter
1324 1456 1414 1490 leges:
1431 1457 1452 1482 si
1471 1456 1532 1490 quis
1555 1460 1645 1482 autem
1661 1454 1758 1489 dcpre‘

1016 1513 1026 1529 1
1048 1504 1149 1530 hensus
1165 1502 1255 1534 fuerit,
1267 1503 1453 1537 segregatione
1467 1502 1613 1533 multetur;
1629 1509 1690 1528 enm
1723 1500 1758 1526 ad

1015 1559 1025 1575 1
1046 1557 1157 1576 suorum
1171 1549 1330 1576 delictorum
1351 1549 1538 1583 patrocinium
1569 1552 1753 1577 assumentes,

1016 1605 1025 1622 1
1043 1596 1138 1638 dicun‘t
1153 1603 1200 1623 eos
1223 1603 1277 1622 non
1298 1600 1424 1630 oportere
1448 1594 1564 1628 judicari
1587 1593 1756 1628 depositione

1015 1649 1024 1666 1
1044 1641 1151 1675 dignos,
1168 1640 1214 1675 qui
1234 1639 1418 1667 venerandum
1443 1644 1546 1666 sanctae
1565 1645 1666 1665 mensae
1681 1637 1758 1663 indu-

1015 1696 1024 1712 1
1045 1674 1169 1713 mentum
1189 1687 1215 1713 in
1239 1676 1375 1721 propriam
1393 1685 1530 1716 tunicam,
1544 1684 1584 1711 vel
1595 1685 1628 1710 in
1646 1682 1755 1717 aliquod

1015 1741 1024 1758 1
1045 1732 1117 1759 aliud
1142 1733 1333 1760 vestimentum
1366 1731 1562 1758 transformant
1579 1739 1585 1756 :
1601 1731 1648 1757 sed
1666 1737 1756 1764 neque

1013 1787 1023 1804 1
1041 1778 1150 1813 eosqui
1167 1783 1292 1806 sanctum
1320 1778 1444 1808 calicem,
1473 1785 1489 1804 ο
1514 1776 1695 1811 impietatem!
1714 1777 1756 1802 vel

1015 1832 1024 1849 1
1043 1823 1224 1850 venerabilem
1235 1824 1353 1855 discum,
1369 1822 1412 1849 vel
1426 1831 1457 1849 ea
1473 1830 1534 1857 quae
1547 1827 1612 1849 sunt
1630 1822 1664 1848 iis
1679 1821 1755 1848 simi-

1014 1878 1023 1894 1
1043 1869 1088 1901 lia,
1101 1870 1127 1895 in
1146 1869 1284 1904 proprium
1297 1876 1375 1895 usum
1388 1869 1542 1899 insumunt,
1560 1869 1602 1894 vel
1617 1868 1753 1902 polluunt.

1017 1924 1026 1940 1
1047 1914 1139 1941 Canon
1153 1915 1238 1947 enim,
1254 1915 1391 1948 inquiunt,
1420 1920 1468 1940 eos
1486 1915 1532 1947 qui
1559 1915 1584 1939 iu
1617 1914 1668 1940 hoc
1686 1913 1754 1939 inci-

1013 1971 1023 1987 1
1042 1961 1119 1992 dunt,
1133 1968 1193 1988 esse
1208 1960 1387 1995 segregatioui
1399 1981 1405 1992 ,
1423 1968 1477 1987 non
1494 1959 1671 1994 depositioni,
1687 1959 1754 1986 sub-

998 2016 1020 2038 ,α
1036 2006 1170 2042 jiciendos
1183 2002 1290 2040 aequum
1307 2006 1424 2032 censuit.
1438 2005 1490 2032 Sed
1506 2005 1568 2040 quis
1582 2009 1665 2032 tanta:
1691 2013 1752 2039 per-

1012 2063 1022 2078 1
1040 2052 1177 2080 versitatis
1198 2057 1225 2079 et
1250 2051 1399 2086 impietatis
1429 2051 1641 2086 magnitudinem
1666 2051 1754 2078 ferat?

1010 2108 1020 2125 1
1037 2098 1104 2129 Cum
1118 2099 1188 2126 enitn
1204 2106 1291 2125 canon
1307 2106 1365 2130 eos,
1380 2099 1425 2132 qui
1440 2118 1448 2129 ,
1465 2099 1536 2132 quod
1553 2099 1752 2125 sanctiﬁcatum
1799 2097 1802 2099 ’

1013 2154 1022 2170 1
1040 2150 1093 2178 est,
1107 2144 1140 2172 ad
1157 2152 1234 2171 usum
1249 2145 1348 2176 solum,
1376 2149 1402 2171 et
1424 2152 1477 2172 non
1493 2145 1525 2171 ad
1544 2143 1691 2179 perfectam
1707 2151 1752 2171 ra-

1012 2201 1021 2217 1
1040 2191 1130 2226 pinam
1146 2191 1197 2230 sibi
1217 2191 1373 2223 vindicant,
1390 2191 1569 2225 segregationi
1601 2191 1728 2224 subjiciat
1743 2198 1750 2217 :

1013 2247 1022 2262 1
1042 2237 1093 2271 ipsi
1119 2244 1176 2268 eos,
1200 2237 1246 2271 qui
1273 2236 1373 2264 Sancta
1398 2242 1554 2264 sanctorum
1577 2237 1703 2272 rapiunt,
1724 2242 1752 2264 et

1011 2292 1020 2309 1
1043 2283 1181 2317 sacrilegis
1207 2282 1333 2310 manibus
1351 2282 1495 2315 auferunt,
1523 2282 1692 2318 depositione
1729 2283 1751 2309 i-

1010 2338 1020 2355 1
1040 2329 1197 2362 berantyet
1211 2336 1277 2359 eos,
1298 2329 1342 2363 qui
1359 2329 1392 2355 ad
1410 2329 1533 2356 ciborum
1557 2330 1750 2362 ministerium,

1009 2385 1018 2402 1
1040 2383 1090 2403 suo
1104 2375 1213 2410 quidem
1227 2379 1299 2402 certe
1320 2375 1424 2410 judicio
1451 2376 1622 2403 venerabiles
1646 2377 1748 2408 discos,

1009 2433 1018 2447 1
1040 2426 1086 2448 aut
1101 2429 1196 2449 sacros
1209 2421 1306 2449 calices
1324 2422 1476 2456 inquinant,
1503 2429 1556 2449 non
1573 2422 1749 2457 deponendos

1010 2477 1018 2495 1
1041 2468 1191 2500 inducunt,
1212 2469 1336 2503 quamvis
1355 2468 1390 2494 sit
1411 2470 1534 2502 apertum
1552 2468 1706 2503 piaculum;
1722 2471 1749 2494 et

1010 2523 1020 2539 1
1042 2514 1146 2540 clarum
1161 2519 1214 2546 est,
1229 2513 1300 2548 quod
1317 2514 1363 2547 qui
1380 2514 1436 2542 haec
1461 2513 1574 2545 iaciunt,
1590 2521 1643 2540 non
1659 2513 1746 2539 solum

1009 2568 1017 2584 1
1039 2558 1066 2585 in
1084 2547 1291 2593 depositiouem,
1310 2559 1356 2586 sed
1375 2559 1401 2586 in
1413 2565 1540 2586 extremae
1553 2558 1632 2585 etiam
1649 2558 1746 2590 impie-

1006 2613 1017 2630 1
1036 2605 1099 2634 tatis
1112 2605 1215 2632 crimen
1237 2605 1373 2632 incidunt.
1398 2605 1429 2632 Et
1448 2605 1508 2631 ideo
1535 2605 1630 2631 statuit
1651 2609 1744 2630 sancta

1009 2660 1018 2677 1
1039 2652 1172 2686 synodus,
1190 2659 1249 2682 cos,
1271 2652 1316 2686 qui
1337 2659 1419 2678 unum
1437 2649 1543 2685 aliquod
1567 2653 1744 2676 sacrorumet

1007 2706 1016 2723 1
1037 2702 1192 2725 sanctorum
1217 2698 1243 2724 in
1263 2697 1341 2724 altari
1357 2703 1482 2722 vasorum
1507 2695 1548 2722 vel
1569 2695 1744 2722 vestimento-

1006 2754 1014 2770 1
1035 2751 1094 2771 rum
1112 2743 1146 2770 ad
1163 2743 1301 2778 proprium
1318 2749 1398 2769 usum
1413 2741 1531 2775 rapiunt,
1548 2740 1589 2768 vel
1603 2740 1635 2767 ad
1650 2741 1742 2775 profa-

1003 2798 1013 2815 1
1034 2796 1098 2815 num
1122 2796 1202 2815 usum
1221 2790 1403 2818 convertunt,
1427 2786 1557 2813 absolutae
1580 2787 1744 2821 depositioui

1003 2842 1013 2859 1
1032 2832 1142 2867 subjici.
1164 2831 1220 2858 Hoc
1240 2831 1311 2858 enim
1336 2835 1379 2858 est
1403 2831 1565 2866 profanare:
1586 2831 1652 2858 illud
1676 2840 1741 2860 vero
1767 2868 1773 2872 ι

1005 2888 1014 2904 1
1035 2878 1177 2910 subripere
1198 2884 1286 2904 sacra.
1303 2875 1356 2906 Eos
1373 2877 1482 2912 quidem
1508 2881 1599 2912 certe,
1616 2878 1661 2910 qui
1676 2886 1744 2912 vasa
