1942 3095
199 120 205 123 λ
238 107 307 141 ίθῖι9

274 175 283 190 1
302 171 389 199 eaque
412 163 490 197 longe
513 162 653 189 verissima
668 180 675 193 ,
692 160 798 189 duobus
817 160 937 189 dominis
954 168 1014 188 ser-
1028 166 1055 189 Λ

850 105 988 141 THEOD.
1011 105 1210 136 BALSAMON

273 221 282 236 ι
302 219 368 237 VIN}.
390 219 399 235 l

271 254 366 284 BALS.
382 256 504 282 PI‘JIESCIIS
517 262 603 282 canon
618 254 760 290 prmdictos
772 262 900 285 canones,
914 253 960 288 qni
974 262 1018 281 ca-

239 309 302 331 vent
318 310 350 329 ue
370 301 526 328 sacerdotes
540 300 748 334 magistratuum
766 306 877 326 munera
891 300 1017 328 subeant,

234 342 410 378 conlirmans‘.
429 347 534 380 adjicit.
552 351 581 373 ut
603 354 655 372 non
677 346 764 373 solum
781 345 827 380 qui
845 349 909 372 sunt
925 343 1013 371 sancti

233 393 389 423 tribunalis,
400 392 446 419 sed
465 393 547 418 etiam
566 391 658 418 clerici
682 391 727 424 qui
748 395 823 417 extra
839 395 912 420 sunt,
927 390 948 415 si
965 389 1018 415 tale

233 440 297 474 quid
319 440 429 470 faciant,
446 447 461 466 e
482 439 556 464 clero
574 437 757 471 expellantur.
774 436 908 469 Quoniam
925 440 1016 462 autent

234 487 259 513 in
295 494 398 514 canone
424 485 571 520 apostolico
585 485 601 511 6
618 490 643 510 et
657 485 683 510 in
699 483 730 509 Si
758 488 784 508 et
812 483 837 508 in
855 482 914 508 aliis
933 489 1016 508 cano-

233 533 324 563 nibus,
346 532 412 565 quin
428 531 510 558 etiam
523 532 548 556 in
563 538 622 565 cap.
639 530 672 556 15
685 531 727 556 lit.
741 528 756 556 8
773 529 913 562 praesentis
926 527 1018 560 operis

232 579 300 604 satis
315 579 347 605 de
365 585 397 604 eo
411 578 585 612 scripsimus,
612 576 669 610 lege
688 583 720 602 ca
734 595 741 606 ,
765 579 794 602 et
824 573 960 601 sufﬁcient
985 573 1018 600 ad

232 626 492 660 interpretationem.

267 755 392 783 ZONAR.
412 756 513 791 Magna:
534 756 736 784 venerabilibus
758 756 890 791 apostolis
910 763 942 783 ac
968 763 1014 791 sy-

233 804 336 830 nodieis
351 803 476 840 Patribus
494 811 568 829 curre
586 804 645 833 fuit,
663 807 692 828 ut
707 804 793 830 sacris
806 803 904 830 initiati
925 811 939 830 a
953 811 1016 838 pro-

233 849 301 875 fanis
315 848 528 882 magistratibus,
542 851 622 882 atque
638 848 670 874 ab
682 848 754 875 omni
775 848 944 882 negotiorum
960 854 1014 876 tra-

231 896 359 926 ctatione,
378 895 483 926 penitus
498 894 668 921 abstinerent
681 914 687 925 ,
708 894 838 927 multique
854 894 903 921 hac
927 894 960 920 de
985 903 1014 922 re

231 932 350 967 canones
369 941 433 967 editi
453 945 533 969 sunt:
557 947 626 974 quos
642 940 751 973 quidem
769 941 820 966 hoc
845 940 1014 974 locoPatres

231 986 311 1024 Iuijus
333 986 446 1012 canonis
465 987 574 1013 decreto
592 986 765 1018 confirmant,
788 994 819 1014 ac
848 987 955 1022 aliquid'
970 988 1008 1014 itt-

230 1041 312 1067 Snper
328 1033 361 1059 ad
386 1041 417 1060 ea
429 1053 436 1064 ,
459 1041 519 1067 qua:
543 1033 577 1059 ab
596 1033 647 1059 illis
662 1038 741 1059 antea
758 1033 867 1060 dcliuita
885 1034 1012 1066 fuerant,

229 1080 388 1113 adjuugnnt.
403 1079 540 1113 Siquidem
568 1079 605 1105 illi
629 1087 748 1106 canones
765 1081 799 1106 de
825 1070 1012 1108 sacerdotibus

228 1131 255 1150 et
270 1125 391 1151 (liat‘unis
409 1118 624 1159 promulgavere,
651 1133 767 1159 quorum
795 1126 903 1153 decreto
927 1128 1012 1159 magi-
1034 1135 1035 1138 η

228 1177 332 1198 stratus
350 1176 375 1197 et
389 1171 501 1204 profana
531 1171 637 1205 negotia
665 1170 802 1203 suseipere
829 1177 984 1204 veterentur
1003 1182 1010 1200 :

230 1217 255 1242 lii
270 1224 335 1243 vero
349 1216 412 1242 nulli
432 1217 543 1243 omnino
561 1216 660 1242 clerico
678 1216 805 1249 profanos
826 1217 1010 1252 magistratus,

229 1265 274 1288 aut
289 1269 349 1295 qua:
367 1262 392 1287 in
412 1261 619 1295 magistratuum
637 1261 765 1288 domibus
778 1266 824 1287 aut
839 1262 910 1296 agris
931 1271 1011 1290 cura-

228 1308 316 1334 tiones
340 1308 557 1341 appellabantur,
585 1307 750 1341 suscipit-udi
777 1308 932 1335 facultatem
950 1317 1010 1336 esse

228 1353 390 1379 decernunt.
405 1353 455 1385 Qui
474 1359 537 1378 vero
553 1353 650 1379 canoni
668 1360 723 1378 non
741 1350 988 1386 obtemperaver'int
1001 1373 1009 1386 ,

228 1406 275 1425 eos
290 1400 362 1425 clero
377 1400 478 1425 moveri
496 1399 602 1433 jnbcnt.
622 1397 707 1424 Nemo
726 1399 825 1424 etenim
840 1403 929 1433 potest
942 1419 949 1431 ,
966 1399 1009 1426 iu-

228 1444 336 1478 qniunt,
364 1443 469 1470 duobus
497 1443 614 1470 dominis
639 1443 751 1475 servire,
781 1444 1008 1478 quemadmodum

230 1489 314 1523 ipsius
332 1488 438 1515 Domini
456 1496 521 1515 voce
538 1492 663 1514 testatum
682 1491 734 1514 cst.

227 1533 342 1561 ARlST.
357 1543 366 1559 1
387 1534 415 1560 Si
438 1534 499 1568 quis
516 1542 622 1565 eorum,
653 1534 739 1567 quiin
763 1533 863 1560 clerum
885 1540 1014 1570 cooptan.

268 1589 277 1605 1
297 1585 350 1611 tur,
363 1579 504 1606 smcularcs
520 1580 696 1614 magistratus
706 1580 854 1614 susceperit
865 1581 976 1622 veloqua:
986 1583 1013 1610 in

263 1636 273 1651 1
295 1625 399 1652 mdibus
418 1630 464 1652 aut
478 1625 615 1652 suburliiis
630 1625 695 1652 fiunt
706 1627 872 1658 curationes,
882 1627 956 1656 clero
968 1636 1014 1656 ex-

264 1681 274 1698 1
294 1672 420 1706 pellatur.
440 1670 524 1698 Nemo
539 1671 611 1698 enim
626 1671 680 1697 Deo
691 1674 715 1697 ct
735 1679 897 1698 mammona.-
911 1675 1013 1702 servire

268 1727 276 1742 1
297 1722 397 1752 potest.
418 1726 426 1742 ι
888 1719 891 1723 ’

519 1771 632 1799 CANON
661 1771 718 1800 ΧΠ.

200 1845 201 1848 η
231 1828 241 1846 1
261 1820 326 1847 Cum
344 1822 439 1846 sancta
457 1823 483 1845 et
499 1819 664 1847 universalis
680 1825 756 1846 sexta
787 1820 918 1854 synodus.
932 1821 1013 1848 cleri-

269 1875 279 1890 1
300 1872 358 1896 cos,
377 1865 422 1899 qui
441 1865 466 1890 in
483 1865 622 1896 oratoriis,
637 1872 696 1898 qua:
715 1869 780 1892 sunt
797 1865 868 1892 intra
889 1866 1009 1899 domum,
1026 1868 1037 1877 “

265 1921 276 1938 1
297 1917 394 1945 praeter
408 1911 528 1946 episcopi
555 1911 724 1938 voluntatem
748 1911 886 1939 celebrant
902 1913 944 1939 vel
968 1913 1013 1939 ba-

268 1967 277 1983 1
297 1957 409 1992 ptizant,
421 1957 581 1991 depositioni
594 1957 737 1992 subjiciat;
753 1965 803 1985 nos
818 1965 926 1993 quoque
940 1958 1010 1986 idem

267 2013 276 2029 1
296 2003 479 2030 decernimus.
506 2002 572 2029 Cum
589 2003 660 2029 enim
679 2009 774 2030 sancta
790 2002 910 2031 Ecclesia
939 2009 1012 2032 recte

267 2059 276 2074 1
298 2043 452 2083 dispertiat,
488 2057 637 2083 veramque
665 2051 798 2076 rationem
822 2050 958 2082 defendat,
984 2055 1011 2077 et

268 2105 277 2121 1
297 2096 476 2122 venerabilem
498 2102 530 2122 ac
556 2095 697 2122 honestam
726 2096 802 2123 boum
831 2096 1010 2128 institutionis

267 2151 276 2167 1
297 2142 411 2169 formam
431 2142 528 2168 doceat
540 2147 567 2168 et
584 2147 740 2174 conservet,
759 2142 955 2169 inconcinnum
967 2147 1009 2170 est

268 2197 277 2212 1
298 2192 324 2214 et
345 2187 479 2221 ineptum,
500 2191 531 2213 ut
548 2187 592 2220 qui
608 2187 634 2213 in
652 2187 797 2221 petulantia
818 2193 844 2214 et
865 2188 1008 2215 insolentia

268 2244 276 2258 1
297 2242 329 2260 ac
359 2234 385 2260 in
410 2233 592 2259 inobedieutia
620 2233 701 2260 vitam
729 2238 823 2267 agunt,
838 2234 933 2261 domos
949 2234 1012 2260 sub-

267 2288 277 2304 1
298 2284 400 2310 euntcs,
430 2279 530 2305 bonum
566 2278 625 2311 ejus
654 2278 774 2305 ordinem
801 2279 962 2311 convellant,
984 2284 1010 2306 ct

266 2334 275 2350 1
294 2326 376 2351 multa
393 2325 596 2358 perturbatione
615 2329 642 2351 et
657 2325 853 2353 offensionibus
867 2326 1006 2360 impleant.

267 2380 275 2395 1
297 2370 329 2396 Et
347 2370 407 2396 ideo
423 2376 500 2396 sacra
525 2377 596 2395 nunc
614 2374 640 2394 et
655 2368 785 2395 divinitus
810 2375 904 2396 coacta
927 2377 1009 2404 syno-

267 2425 276 2441 1
296 2416 358 2446 dus.
374 2415 518 2442 universali
532 2420 616 2442 sexta:
632 2415 736 2450 synodo
747 2415 932 2447 consentiens,
946 2423 1009 2447 eos.

266 2471 275 2487 1
297 2463 342 2496 qui
364 2462 390 2489 in
407 2461 536 2489 oratoriis
549 2483 556 2493 ,
576 2469 636 2495 qua:
654 2465 717 2488 stitit
733 2461 804 2487 intra
820 2461 926 2493 domos,
940 2462 1011 2490 cele-

266 2518 276 2532 ο
294 2511 383 2540 brant,
401 2509 473 2535 clero
495 2512 601 2534 amotos
625 2515 685 2534 esse
705 2507 820 2541 statuit;
839 2515 853 2534 a
881 2509 952 2535 clero
968 2509 1009 2535 vi-

266 2564 276 2580 1
297 2555 395 2582 delicet
409 2554 547 2580 amotioue
561 2554 603 2580 eis
617 2553 650 2579 ab
666 2553 727 2587 ejus
745 2553 796 2580 loci
810 2554 934 2588 episcopi
951 2553 1009 2580 edi-

265 2611 274 2627 1
297 2605 352 2628 cla.
372 2600 400 2627 Si
419 2600 465 2634 qui
492 2605 579 2626 autem
601 2604 697 2632 praeter
717 2606 774 2631 eos.
805 2607 859 2626 non
885 2607 1010 2627 consen-

267 2656 275 2673 1
299 2648 383 2674 tiente
403 2646 531 2681 episeopo
544 2666 551 2676 ,
567 2644 647 2680 352
663 2646 689 2672 in
705 2645 800 2672 domos
815 2646 949 2673 irruentes
966 2653 1010 2675 ce-

265 2703 274 2717 1
296 2691 452 2719 lebrationis
480 2690 657 2718 ministerium
688 2691 821 2725 attingere
841 2690 974 2722 audeant;
992 2691 1009 2717 ii

264 2745 273 2761 1
293 2737 403 2770 quidem
421 2735 592 2770 deponantur
608 2744 616 2762 :
630 2736 675 2770 qui
695 2743 759 2762 vero
773 2743 866 2767 eorum
887 2741 1010 2761 commu-

264 2791 274 2806 1
294 2783 383 2809 nionis
397 2785 460 2809 sunt
487 2782 640 2817 participes,
653 2781 835 2816 segregationi
862 2780 994 2815 subjician

267 2835 276 2850 1
300 2831 350 2852 tur.
371 2836 380 2852 ι

1776 108 1784 136 l
1789 107 1845 138 ἃ(ὶῦ

1104 171 1113 187 1
1133 161 1200 188 Θεοῦ
1225 161 1304 196 ἡμῶν
1330 161 1458 192 ἀληθινοῦ
1487 162 1647 189 αὖτόλεκτον
1672 163 1718 193 καὶ
1736 162 1853 197 ἀψευδε-

1107 217 1116 233 1
1137 208 1237 243 πάτην
1251 208 1352 243 φωνὴν.
1365 208 1426 234 δυσὶ
1442 208 1547 243 κυρίοις
1561 208 1708 235 δουλεύειν.
1727 217 1737 234 ι

1107 253 1202 279 ΒΛΛΣ.
1238 254 1267 279 '0
1297 253 1530 288 παρὼν.κανὼν,
1565 253 1755 287 ἐπικρατύνων
1789 255 1858 286 τοὺς

1070 299 1335 334 προεκφωνηθέντας
1357 299 1472 330 κανόνας
1495 299 1576 333 χάριν
1602 299 1647 326 τοῦ
1664 300 1702 334 μὴ
1730 301 1858 335 ἐνεργεῖν

1069 345 1132 375 τοὺς
1161 345 1324 379 ἱερωμένους
1349 347 1494 379 κοσμικαῖς
1517 345 1661 376 δουλείαις.
1690 346 1857 381 προστίθησι

1070 388 1107 423 μὴ
1128 388 1208 423 μόνον
1225 389 1286 420 τοὺς
1300 389 1376 420 ἐντὸς
1392 389 1438 415 τοῦ
1457 390 1535 422 ἁγίου
1555 390 1689 424 βήματος,
1719 391 1788 418 ἀλλὰ
1806 394 1857 418 καὶ

1067 435 1131 466 τοὺς
1153 435 1230 466 ἐκτδς
1255 435 1339 461 αὐτοῦ
1362 435 1510 470 κληρικοὺς
1531 436 1653 463 τοιοῦτόν
1669 446 1694 463 τι
1708 437 1856 468 ποιοῦντας

1068 482 1100 508 ἐκ
1115 481 1161 508 τοῦ
1178 481 1278 517 κλήρου
1288 481 1443 508 διώκεσθαι.
1463 482 1541 508 Ἐπεὶ
1550 482 1578 508 δὲ
1590 483 1618 508 ὲν
1633 482 1671 516 τῷ
1684 485 1712 514 ς’
1733 483 1855 508 ἀποστο-

1067 528 1136 563 λικῷ
1151 528 1307 559 κανόνικκαὶ
1324 529 1352 554 ἐν
1368 528 1407 563 τῷ
1435 531 1481 554 πα¹
1497 529 1544 554 καὶ
1568 529 1597 554 ἐν
1610 528 1714 563 ἑτέροις
1729 529 1855 555 κανόσιν.

1067 573 1134 600 ἀλλὰ
1151 574 1204 608 μὴν
1221 574 1267 600 καὶ
1291 575 1319 601 ὲν
1336 573 1373 608 τῷ
1392 573 1426 608 ιγ’
1451 583 1515 608 κεφ.
1545 575 1592 601 τοῦ
1628 579 1652 610 η’
1691 575 1782 603 τίτλου
1805 576 1855 602 τοῦ

1067 619 1201 653 παρόντος
1219 620 1410 654 συντάγματος
1433 621 1534 651 ἱκανῶς
1560 621 1624 655 περὶ
1646 621 1741 647 τούτου
1769 622 1856 656 ἐγρά-

1066 663 1169 699 ψαμεν,
1188 664 1326 698 ἀνάγνωθι
1343 665 1442 694 ταῦτα.
1458 656 1505 692 καὶ
1529 667 1693 698 ἀρκέσουσιν
1708 667 1747 697 εἰς
1764 667 1856 701 ἑρμη-

1067 710 1151 736 νείαν.
1600 742 1603 743 ν
1831 728 1837 737 ν

1102 754 1224 782 ΖΩΝΛΡ.
1251 756 1355 791 Πολλὴν
1379 756 1470 783 ἔθεντο
1499 757 1616 792 σπουδὴν
1638 760 1684 784 καὶ
1709 759 1732 784 οἱ
1757 761 1854 784 σεπτοὶ

1066 801 1209 828 ἀπόστολοι
1225 802 1272 828 xui.
1297 803 1323 828 οί
1348 803 1403 829 τῶν
1418 803 1533 830 συνόδων
1551 804 1671 838 Πατέρες
1691 805 1754 836 τοὺς
1772 805 1853 838 ἱερω-

1067 847 1163 881 μένους
1191 848 1328 882 κοσμικὰς
1355 849 1478 883 ἁρχάςῆ
1506 849 1654 884 διοικήσεις
1678 851 1853 884 πραγμάτων

1066 891 1104 926 μὴ
1121 892 1308 927 ἀναδέχεσθαι.
1322 894 1375 920 Καὶ
1392 894 1514 929 διάφοροι
1537 895 1648 926 κανόνες
1667 897 1733 930 περὶ
1755 895 1853 922 τούτου

1064 937 1285 973 ἑξεφωνήθησαν,
1302 939 1348 970 οὓς
1361 940 1385 966 oi
1402 941 1522 975 Πατέρες
1541 939 1614 968 οὗτοι
1625 941 1669 968 διὰ
1683 941 1729 967 τοῦ
1746 943 1851 976 παρόν-

1063 993 1108 1016 τος
1139 987 1251 1017 κανόνος
1280 987 1504 1021 ἐπικρατὺνουσι,
1535 988 1729 1021 προστιθέντες
1751 989 1801 1015 καί
1824 998 1852 1015 τι

1064 1032 1145 1057 πλέον
1164 1032 1240 1066 παρὰ
1256 1032 1290 1058 τὰ
1315 1033 1429 1064 ἐκείνοις
1454 1034 1631 1068 διωρισμένα.
1663 1035 1693 1060 Οἱ
1719 1035 1769 1069 μὲν
1796 1036 1851 1070 γὰρ

1063 1077 1128 1110 περὶ
1150 1076 1245 1111 ίερέων
1269 1077 1317 1103 καὶ
1335 1078 1466 1104 διακόνων
1490 1078 1554 1109 τοὺς
1583 1079 1698 1109 κανόνας
1715 1080 1850 1112 ἐξέθεντο,

1063 1125 1216 1157 κωλύοντας
1230 1125 1328 1157 αὐτοὺς
1338 1126 1424 1162 ἀρχὰς
1439 1126 1486 1153 καὶ
1499 1128 1643 1162 φροντίδας
1669 1128 1849 1163 ἀναδέχεσθαι

1063 1172 1210 1205 κοσμικάς’
1226 1169 1298 1198 οὗτοι
1316 1172 1344 1198 δὲ
1368 1176 1456 1199 πάντα
1469 1173 1599 1208 κληρικὺν
1623 1175 1786 1210 διορίζονται
1810 1176 1850 1211 μὴ

1064 1217 1306 1252 μεταχειρίζεσθαι
1320 1219 1455 1252 κοσμικὰς
1478 1219 1611 1255 ἀρχὰς,ἥ
1633 1219 1681 1251 τὰς
1708 1221 1737 1246 ἐν
1763 1220 1850 1252 οἴκοις

1061 1265 1232 1297 ἀρχοντικοίς
1257 1264 1304 1289 καὶ
1331 1265 1425 1298 ἀγροῖς
1438 1265 1609 1299 καλουμένας
1632 1268 1850 1302 κουρατωρείας.

1062 1309 1131 1340 Τοὺς
1144 1309 1172 1335 δὲ
1193 1310 1238 1335 τὸν
1257 1310 1355 1336 κανόνα
1374 1310 1592 1345 παραϐαίνοντας
1607 1312 1787 1340 ὲκδιώκεσθαι
1801 1314 1848 1340 τοῦ

1062 1354 1164 1390 κλήρου
1180 1355 1347 1382 κελεύουσιν.
1369 1355 1463 1387 Οὐδεὶς
1477 1357 1531 1390 γὰρ
1545 1357 1667 1390 δύναται,
1696 1360 1774 1392 φασὶ,
1787 1360 1851 1386 δυσὶ

1061 1400 1166 1436 κυρίοις
1177 1401 1322 1432 δουλεύειν,
1339 1401 1409 1428 κατὰ
1420 1401 1468 1436 τὴν
1482 1402 1546 1436 παρ’
1556 1403 1638 1429 αὑτοῦ
1648 1403 1789 1438 λεχθεῖσαν
1801 1406 1849 1432 τοῦ

1061 1446 1162 1481 Κυρίου
1180 1448 1284 1482 φωνήν.

1064 1536 1174 1564 ΑΡΙΣΤ.
1204 1547 1213 1563 1
1233 1539 1267 1565 Εἴ
1282 1548 1323 1571 τις
1337 1540 1390 1566 τῶν
1404 1541 1433 1567 ὲν
1446 1541 1540 1577 κλήρῳ
1557 1535 1774 1578 κατειλεγμένων
1801 1556 1851 1573 κοο

1103 1592 1113 1608 1
1134 1585 1232 1618 σμικὰς
1265 1585 1352 1620 ἀρχὰς
1385 1588 1610 1624 μεταχειρίζοιτο,
1639 1591 1654 1624 ἦ
1677 1592 1769 1622 mea»:
1793 1595 1850 1625 τοῖς

1103 1638 1112 1654 1
1131 1629 1215 1661 οἴκοις
1240 1630 1256 1666 ἢ
1280 1633 1453 1666 προαστείοις
1480 1637 1693 1671 κουρατωρείας,
1719 1639 1851 1666 ἐκδιωκὲ-

1101 1684 1110 1700 ι
1130 1675 1185 1702 σθω
1202 1677 1248 1703 τοῦ
1267 1678 1369 1714 κλήρου
1381 1686 1388 1694 ·
1398 1680 1428 1706 οὐ
1445 1680 1500 1715 γὰρ
1511 1682 1623 1709 δύναται
1632 1684 1695 1717 ’Θεῷ
1710 1685 1851 1713 δουλεύειν

1100 1731 1109 1747 1
1129 1723 1176 1748 xui.
1189 1725 1338 1760 μαμμωνᾷ.
1363 1735 1372 1751 ›
1575 1726 1579 1729 ”

1239 1763 1247 1772 ‘
1364 1772 1483 1799 ΚΑΝΩΝ
1496 1774 1546 1800 lB’.

1066 1822 1075 1838 1
1096 1815 1151 1848 Τῆς
1165 1815 1246 1849 ἁγίας
1262 1817 1309 1843 καὶ
1321 1817 1515 1854 οίκουμενικῆς
1538 1821 1624 1856 ἕκτης
1648 1825 1759 1851 συνόδου
1784 1827 1850 1857 τοὺς

1085 1859 1109 1886 ἰ
1130 1862 1158 1887 ὲν
1173 1863 1229 1893 τοῖς
1255 1863 1409 1898 εὐκτηρίοις
1435 1865 1529 1897 οἴκοις,
1559 1866 1633 1894 ἔνδον
1664 1869 1753 1901 οίκίας
1776 1869 1848 1901 οὖσι.

1099 1917 1108 1931 1
1128 1906 1352 1942 λειτουργοῦντας
1368 1909 1384 1943 ἢ
1402 1909 1583 1944 βαπτίζοντας
1607 1901 1755 1949 κληρικοϋς
1772 1919 1849 1952 παρὰ

1098 1961 1107 1977 1
1126 1953 1238 1988 γνώμην
1257 1954 1304 1980 τοῦ
1320 1954 1470 1983 ἐπισκόπου
1493 1957 1651 1993 καθαιρέσει
1670 1961 1849 1989 καθυποσαλο

1099 2008 1108 2024 1
1130 1998 1238 2034 λούσης,
1255 2000 1302 2026 καὶ
1321 2001 1401 2034 ἡμεῖς
1415 2002 1502 2036 τούτῳ
1529 2004 1771 2040 συμῲηφιζόμεθα.
1790 2007 1848 2042 Τῆς

1098 2053 1107 2070 1
1128 2046 1181 2080 γὰρ
1193 2045 1273 2079 ἁγίας
1296 2046 1457 2082 Ἐκκλησίας
1485 2049 1697 2087 ὀρθοτομούσης,
1726 2054 1774 2080 καὶ
1800 2055 1848 2081 τὸν

1098 2099 1107 2115 1
1130 2090 1216 2125 ἀληθῆ
1237 2091 1443 2127 πρεσϐευούσης
1463 2093 1552 2127 λόγον,
1566 2096 1613 2121 καὶ
1628 2098 1658 2122 τὺ
1675 2099 1775 2134 σεμνὸν
1796 2100 1847 2134 τῆς

1101 2145 1109 2162 ι
1129 2136 1266 2167 πολιτείας
1291 2139 1476 2173 συντηρούσης
1505 2149 1533 2166 τε
1555 2143 1601 2167 καὶ
1624 2143 1846 2182 ἐνδιδασκούσης,

1099 2191 1108 2206 1
1128 2182 1233 2216 ἀπηχὲς
1252 2183 1299 2208 καὶ
1311 2183 1418 2215 ἀνόσιον
1438 2188 1613 2220 παραχωρεῖν
1628 2189 1692 2220 τοὺς
1712 2190 1847 2217 ἀπαιδευ-

1098 2236 1106 2250 1
1129 2227 1173 2262 σὶᾳ
1191 2228 1237 2254 καὶ
1255 2229 1372 2264 ἀναρχίᾳ⁵
1388 2230 1537 2263 συζῶντας,
1555 2233 1594 2264 εις
1610 2233 1658 2264 τὰς
1673 2235 1762 2267 οίκίας
1776 2237 1846 2263 ὐπο-

1099 2281 1107 2297 ι
1127 2273 1285 2307 δυομένους,
1303 2274 1351 2309 τὴν
1367 2275 1468 2310 ταύτης
1487 2277 1613 2309 εὐταξίαν
1644 2279 1774 2316 διασπᾷν,
1799 2283 1845 2309 καὶ

1099 2327 1108 2343 1
1127 2318 1227 2353 πολλῆς
1244 2319 1366 2354 ταραχῆς
1401 2321 1449 2347 καὶ
1471 2323 1626 2351 σκανδάλων
1654 2326 1845 2362 ἀποπληροῦνλ

1100 2372 1108 2388 ι
1127 2365 1224 2398 Διόπερ
1237 2365 1253 2398 ὴ
1273 2363 1320 2389 νῦν
1346 2365 1405 2399 ιερὰ
1430 2367 1477 2392 καὶ
1494 2367 1706 2404 θεοσυνέργητος
1721 2371 1844 2404 σύνοδος,

1099 2417 1108 2432 1
1128 2409 1160 2442 τῇ
1180 2409 1355 2444 οίκουμενικῇ
1369 2409 1435 2445 ἕκτῃ
1454 2412 1554 2447 συνόδῳ
1565 2415 1760 2449 συμφωνοῦσα,
1773 2417 1844 2444 ἀπο-

1100 2463 1110 2478 1
1129 2454 1358 2488 κεκληρωμένους
1387 2453 1458 2482 εἶναι
1483 2458 1547 2489 τοὺς
1567 2459 1595 2484 ἐν
1612 2461 1666 2491 τοῖς
1686 2462 1847 2496 εὐκτηρίοις

1099 2508 1108 2524 1
1128 2499 1212 2530 οἴκοις
1231 2499 1306 2526 ἔνδον
1322 2501 1410 2532 οἰκίας
1426 2500 1484 2528 οὖσι
1510 2502 1734 2539 λειτουργοῦντας
1749 2508 1845 2542 διωρί-

1099 2555 1108 2571 1
1129 2553 1205 2578 σατο,
1232 2546 1282 2580 τῆς
1301 2546 1521 2582 ἀποκληρώσεως
1545 2550 1667 2585 δηλονότι
1694 2553 1770 2588 παρὰ
1796 2554 1845 2580 τοῦ

1098 2601 1108 2616 1
1130 2592 1201 2617 κατὰ
1222 2591 1267 2617 τὸν
1279 2593 1364 2618 τόπον
1383 2594 1533 2625 ἐπισκόπου
1551 2596 1640 2628 αὐτοῖς
1663 2598 1844 2633 ἐπινεμηθέί-

1100 2648 1109 2663 1
1130 2647 1189 2672 σης.
1213 2638 1243 2663 Εἰ
1264 2638 1292 2664 δέ
1311 2647 1382 2670 τινες
1397 2640 1472 2674 παρὰ
1491 2641 1611 2674 τούτους,
1628 2643 1674 2669 τοῦ
1692 2645 1844 2672 ἐπισκόπου

1098 2693 1108 2709 1
1129 2684 1166 2719 μὴ
1189 2683 1373 2717 εὐδοκοῦντος,
1391 2686 1437 2717 είς
1463 2687 1510 2717 τὰς
1535 2689 1623 2719 οἰκὶας
1653 2689 1847 2723 εἰσπίπτοντες

1100 2739 1108 2756 1
1130 2730 1265 2757 ἅπτεσθαι
1279 2732 1329 2765 τῆς
1340 2732 1514 2768 λειτουργίας
1528 2734 1716 2769 ἁποτολμῶσι,
1729 2736 1847 2769 τούτους

1099 2787 1108 2803 1
1130 2778 1179 2811 μὲν
1191 2778 1400 2813 κιθαιρεῖσθαι·
1414 2781 1477 2812 τοὺς
1491 2780 1520 2807 δὲ
1551 2781 1602 2816 τῆς
1627 2782 1719 2808 αὐτῶν
1746 2792 1846 2810 κοινω-

1100 2834 1109 2849 1
1128 2825 1187 2855 νίας
1202 2825 1386 2860 μετασχόντας
1407 2827 1445 2860 τῷ
1470 2828 1614 2863 ἀφορισμῴ
1638 2828 1846 2857 καθυποϐαλλε-

1101 2879 1110 2896 1
1131 2870 1200 2897 σθαι,
1220 2880 1230 2896 ι
