1942 3095
113 114 175 148 1031

717 118 758 147 IN
777 117 861 147 CAN.
878 116 951 146 xm.
975 115 1080 157 rch.
1101 115 1154 146 cr.

1658 113 1723 145 1002

145 173 246 201 ΒΔΛΣ.
260 173 319 201 Καὶ
346 175 360 200 ὸ
390 174 486 209 παρὼν
510 174 611 206 κανὼν,
637 174 893 209 παρακελευόμενος

979 174 1076 202 BALS.
1086 173 1211 200 Praesens
1221 179 1329 207 quoque
1344 178 1444 202 canon,
1463 171 1509 205 qui
1524 170 1602 206 jubet
1615 169 1726 204 deponi.

111 219 302 254 καθαιρεῖσθαι
315 219 379 251 τοὺς
392 219 619 254 λειτουργοῦντας
633 220 650 256 ῆ
666 220 845 255 βαπτίζοντας
853 221 892 251 εἰς

110 264 242 300 εὖκτήρια
257 265 333 300 παρὰ
346 264 460 301 γνώμην
474 266 710 301 τοῦεὲπισκόπουγ
730 266 891 301 ἠρμηνεύθη

111 310 139 335 ἒν
156 309 195 344 τῷ
202 309 242 336 λα’
258 309 349 347 κανόνι
363 309 413 344 τῆς
429 312 459 337 ἐν
471 311 508 346 τῷ
522 311 650 346 Τρούλλῳ
665 311 786 343 συνόδου,
799 312 845 338 καὶ
863 311 892 347 ἒν

111 354 149 388 τῷ
163 355 337 390 ἀποστολικῷ
364 354 405 381 λα’
431 356 540 383 κανόνι·
561 357 608 383 καὶ
642 356 779 390 ἀνάγνωθι
805 356 840 382 τὰ
864 342 893 383 έν

112 400 226 430 ἐκείνοις
243 399 392 434 γραφέντα.
797 430 801 433 ,

146 446 266 472 ΖΩΝΛΡ.
289 447 318 473 '0
330 447 378 480 τῆς
393 446 476 480 ἕκτης
487 447 597 473 συνόδου
609 449 770 482 τριακοστὸς
785 447 893 482 πρῶτος

99 491 212 521 “κανὼν,
233 488 263 517 οὗ
282 491 421 526 μέμνηται
449 493 463 518 ὁ
491 492 581 518 κανὼν
608 491 694 524 οὗτος,
722 493 893 528 ἡρμήνευται

111 537 179 567 ἐκεῖ,
229 536 370 570 σύμψηφοι
386 537 516 570 γεγόνασι
539 537 586 564 καὶ
600 537 624 562 οἱ
641 537 734 564 τοῦτον
751 537 893 572 ἐκθέμενοι

110 581 155 606 τὸν
181 582 290 613 κανόνα,
321 581 464 616 ὁρίσαντες
498 582 782 617 ἀποκεκληρωμένους
812 580 892 616 εἶναι,

109 626 194 661 ἤγουν
225 627 396 663 ὡρισμένους
424 628 471 655 καὶ
489 624 753 663 ἑπιτετραμμένους,
777 629 894 663 ἐκκεχω-

90 711 94 714 .
111 673 259 707 ρημένοῠς,
271 673 334 704 τοὺς
352 674 381 700 ὲν
397 674 555 710 εὐκτηρίοις
575 675 649 706 ἐντὸς
664 675 748 701 οῐκων
759 674 820 701 οὖσι
835 674 892 701 λει-

108 720 235 753 τουργεῖν
265 720 411 754 μέλλοντας
436 720 486 755 τῆς
514 720 743 756 ἁποκληρώσεως,
770 722 892 747 τουτέστι

109 766 158 799 τῆς
174 767 367 802 ἐκχωρήσεως,
385 767 460 801 παρὰ
473 766 520 793 τοῦ
541 767 613 793 κατὰ
628 768 720 802 χώραν
737 765 892 793 ἐπισκόπου

109 812 267 846 γινομένης.
284 813 315 838 Εἰ
340 813 362 839 δ’
387 813 475 848 ἕτεροί
496 821 568 844 τινες
592 813 668 848 παρὰ
689 813 752 844 τοὺς
768 814 892 848 ἐκχωρη-

110 858 207 890 Θέντας
220 859 386 893 τολμήσουσι
396 859 589 895 λειτουργῆσαι
602 861 630 886 ὲν
640 860 806 898 εὐκτηρίοις,
816 859 891 886 οὖσιν

110 905 184 936 ἐντὸς
199 904 303 936 οἰκιῶν,
318 905 383 932 ἄνευ
401 904 514 940 γνώμης
528 905 577 931 τοῦ
593 906 757 938 ἐπισκόπου,
769 905 891 936 ἐκείνους

110 949 160 984 μὲν
176 950 378 986 καθαιρεῖσθαι,
390 952 454 983 τοὺς
472 952 502 978 δὲ
515 954 789 988 συγκοινωνήσαντας
799 953 892 984 αὐτοῖς

110 996 300 1031 ἀφορίζεσθαι.

111 1053 220 1081 ΑΡΙΣΤ.
241 1064 250 1080 1
271 1055 373 1090 Μηδεὶς
393 1056 421 1082 ὲν
445 1055 511 1090 ναῷ,
530 1056 603 1082 ἔνδον
620 1056 708 1087 οἰκίας
722 1058 893 1091 τυγχάνοντι,

141 1110 159 1123 »ι
177 1101 368 1136 λειτουργείτω
383 1101 399 1137 ἢ
419 1101 574 1137 βαπτιζὲτω
591 1102 721 1137 κληρικὸς
738 1103 815 1137 παρά
823 1103 894 1136 γνώ-

149 1155 158 1172 1
180 1155 233 1182 μην
244 1147 291 1174 τοῦ
307 1148 469 1174 ἐπισκόπου·
490 1148 663 1183 καθαιρεῖται
691 1148 755 1184 γὰρ.
777 1149 893 1174 Ἀποκε-

150 1202 160 1218 1
180 1193 355 1229 κληρωμένοι
371 1191 417 1220 οὖν
443 1193 519 1229 παρὰ
535 1193 581 1221 τοῦ
607 1194 757 1221 ἐπισκόπου
773 1194 896 1222 εστωσαν

150 1249 159 1264 1
181 1239 206 1266 οι
229 1240 261 1266 ὲν,
272 1240 428 1275 εὐκτηρὶοις
441 1239 515 1266 ἔνδον
531 1241 613 1267 οἴκων
630 1240 689 1267 οὖσι
704 1238 896 1276 λειτουρΐοῦν-

151 1294 160 1310 1
181 1294 236 1317 τες.
253 1287 286 1313 Οἱ
299 1287 328 1312 δὲ
352 1286 427 1322 παρᾶ
438 1286 516 1313 τοῦτο
530 1286 684 1322 τολμῶντες
697 1287 895 1321 καθαιρείσθω-

150 1341 160 1357 1
182 1340 243 1358 σαν·
258 1337 305 1359 καὶ
316 1333 340 1360 οἰ
359 1332 552 1364 κοινωνοῦντες
568 1333 801 1368 ἀφοριζέσθωσαν.
829 1342 839 1359 ι

409 1401 530 1427 ΚΔΝΩΝ
548 1400 595 1428 II".

117 1465 126 1481 1
151 1456 205 1487 Τὰς
220 1457 274 1483 τῶν
290 1457 437 1491 αἱρετικῶν
448 1458 576 1490 ζιζανίων
587 1447 740 1492 ἐπισπορόις
753 1459 781 1485 ἐν
801 1460 835 1495 τῇ
847 1459 895 1486 τοῦ

151 1511 161 1528 1
180 1503 297 1538 Χριστοῦ
318 1504 470 1539 ,Ἐκκλησία
492 1505 506 1530 ὁ
525 1504 704 1540 παμπόνηρος
721 1505 896 1538 καταϐαλὼν,

151 1560 161 1576 1
182 1551 228 1576 καὶ
243 1550 344 1581 ταύτας
372 1550 443 1585 ὁρῶν
459 1552 491 1586 τῇ
522 1550 644 1586 μαχαίρᾳ
672 1550 719 1577 τοῦ
739 1551 897 1586 Πνεύματος

156 1605 165 1622 1
183 1596 354 1632 τεμνομένας
368 1596 543 1632 προρρίζους,
560 1597 602 1631 ἐφ’
616 1597 714 1632 ἑτέραν
726 1595 792 1633 ἦλθε
816 1597 897 1632 μεθο-

151 1653 159 1670 1
179 1644 253 1674 δείας
273 1643 331 1669 ὁδὸν
356 1644 388 1678 τῇ
411 1643 466 1669 τῶν
487 1643 675 1678 σχισματικῶν
693 1645 778 1679 μανίᾳ
798 1644 829 1670 τὸ
848 1643 896 1670 τοῦ

151 1699 160 1714 1
179 1689 298 1724 Χριστοῦ
317 1690 396 1723 σῶμα
426 1689 549 1724 μερίζειν
573 1690 731 1724 ἐπιχειρῶν⁸
764 1689 831 1717 ἀλλὰ
850 1691 897 1716 καὶ

150 1730 284 1769 (ταύτην
310 1735 392 1762 αὑτοῦ
415 1734 464 1770 τὴν
489 1734 669 1770 επιῦουλὴνή
698 1735 762 1770 ἁγία
789 1735 897 1766 σύνοδος

152 1791 162 1807 1
184 1781 397 1811 ἀναστέλλουσα,
410 1780 550 1812 παντελῶς
566 1781 651 1817 ὥρισε
665 1780 713 1807 τοῦ
732 1781 828 1807 λοιποῦ
842 1781 896 1812 ἵνα,

152 1836 160 1852 1
179 1827 257 1858 εἴτις
285 1825 499 1860 πρεσϐύτεροςῆ
526 1826 660 1857 διάκονος,
683 1826 720 1856 ὡς
747 1826 826 1860 δῆθεν
854 1825 896 1852 ἐπ’

154 1882 161 1897 1
185 1871 341 1906 ἐγκλήμασί
366 1879 423 1909 τισι
446 1870 493 1897 τοῦ
513 1871 615 1898 οἰκείου
640 1871 821 1905 κατεγνωκὼς
839 1873 898 1898 ἐπι-

153 1929 162 1945 1
185 1919 299 1950 σκόπου,
318 1919 371 1954 πρὸ
389 1917 530 1952 συνοδικῆς
543 1917 728 1952 διαγνώσεως.
745 1918 791 1945 καὶ
808 1918 898 1950 ἐξετά-

154 1974 163 1990 1
185 1973 265 1995 σεως,
279 1964 381 1999 καὶτῆς
396 1963 439 1990 ἐπ’
449 1964 522 1998 αὐτῷ
532 1964 636 1995 τελείας
645 1964 832 1999 κατακρίσεως
842 1964 898 1999 (ἕῆ)

152 2021 161 2036 1
181 2010 342 2044 ἀποστῆναι·
355 2010 487 2045 τολμήσοι
512 2010 561 2044 τῆς
577 2010 658 2045 αὑτοῦ
683 2011 835 2040 κοινωνίας,
852 2010 899 2036 καὶ

154 2067 162 2082 1
182 2057 212 2082 τὸ
229 2056 314 2092 δνομα
328 2056 411 2083 αὑτοῦ
425 2057 454 2082 ἐν
470 2058 529 2087 ταῖς
547 2056 633 2091 ἱεραῖς
650 2056 705 2091 (56)
719 2056 900 2091 τώνλειτουρ-

153 2112 163 2128 ι
185 2102 253 2136 γιῶν
268 2102 449 2137 εὐχαίςικατὰ
457 2101 488 2127 τὸ
504 2101 722 2140 παραδεδομένον
733 2103 765 2136 τῇ
787 2102 900 2137 Ἐκκλη-

153 2158 161 2173 1
184 2148 230 2184 σία
245 2148 284 2183 μὴ
294 2148 435 2183 ἀναφέροι,
447 2148 541 2174 τοῦτον
556 2147 716 2174 ὑποκεῖσθαι
726 2147 898 2182 καθαιρέσει,

153 2207 162 2222 1
183 2197 229 2223 καὶ
249 2196 338 2231 πάσης
358 2196 498 2231 ἱερατικῆς
521 2195 733 2230 ἀποστερεῖσθαι
749 2194 844 2229 τιμῆς.
867 2195 897 2221 ὐ

154 2254 164 2269 1
183 2243 237 2278 γὰρ
250 2244 278 2269 ἐν
301 2243 487 2278 πρεσϐυτέρου
500 2242 576 2275 τάξει
592 2242 772 2277 τεταγμένος.
784 2243 830 2269 καὶ
842 2242 897 2269 τῶν

153 2298 162 2315 1
185 2288 391 2324 μητροπολιτῶν
415 2288 546 2323 ἁρπάζων
573 2288 623 2323 τὴν
653 2288 754 2322 κρίσιν,
777 2289 831 2315 ,καὶ
846 2288 899 2324 πρὸ

155 2347 165 2361 1
186 2335 304 2370 κρίσεως
320 2335 402 2366 αὐτὸς
428 2335 612 2371 κατακρίνων,
631 2335 693 2362 ὅσον
711 2335 741 2361 τὺ
768 2334 812 2361 ἐπ’
825 2335 899 2369 αὐτῷ

155 2391 164 2406 1
188 2381 234 2407 τὸν
251 2382 351 2407 οἰκεῖον
375 2380 482 2415 πατέρα
498 2381 546 2407 καὶ
568 2381 727 2412 ἐπίσκοπον,
743 2377 819 2411 οὗτος
839 2381 899 2407 οὐδὲ

155 2437 165 2453 1
188 2429 236 2463 τῆς
251 2427 297 2453 τοῦ
313 2416 501 2461 ⁴ιιέρεσϐυιιςέρου
522 2427 596 2453 ἐστὶν
612 2427 685 2459 ἄξιος
705 2426 790 2462 τιμῆς
806 2427 821 2461 ἢ
839 2426 900 2453 ὀνο-

156 2482 166 2498 1
186 2462 296 2507 μασίας.
310 2472 342 2498 Οἱ
357 2471 384 2497 δὲ
401 2471 507 2502 τούτοις
528 2462 716 2506 συνεπόμενοι,
730 2472 754 2498 εἰ
775 2471 825 2506 μὲν
844 2471 901 2498 τῶν

158 2529 166 2546 1
189 2517 344 2554 ἱερωμένων
370 2516 426 2544 εἶέν
441 2525 524 2549 τινες.
555 2517 602 2544 καὶ
624 2517 702 2544 αὐτοὶ
727 2517 775 2552 τῆς
797 2517 900 2547 οἰκείας

943 230 991 250 eos
1007 222 1052 256 qui
1073 211 1213 248 celebrant
1230 219 1270 246 vel
1285 218 1423 252 baptizant
1439 217 1464 244 in
1484 217 1611 245 oratoriis
1629 221 1726 251 pra-ter

943 267 1063 302 episcopi
1082 266 1249 293 voluntatem
1261 284 1270 296 ,
1289 264 1432 298 expositus
1448 267 1489 289 est
1511 262 1537 289 in
1551 270 1613 288 can.
1628 262 1658 288 5i
1681 269 1726 295 sy-

943 313 1006 341 nodi
1024 314 1049 340 in
1065 312 1169 344 'l'rullo,
1184 317 1212 338 et
1229 311 1255 337 in
1273 317 1377 337 canone
1391 308 1542 344 apostolico
1555 308 1585 335 51
1603 317 1610 334 :
1629 312 1656 335 et
1669 308 1727 341 lege
1744 318 1748 323 ·

943 368 1004 395 quae
1018 360 1044 386 in
1065 360 1118 387 illis
1134 359 1234 393 scripta
1253 362 1324 384 sunt.

979 450 1104 478 ZONAR.
1122 449 1302 483 Tiricesimum
1322 447 1437 482 primum
1454 450 1536 473 sextae
1564 444 1659 480 synodi
1681 451 1728 470 ca-

945 506 1040 526 nonem
1059 497 1136 531 cujus
1165 496 1207 523 Inc
1225 503 1314 521 canon
1335 493 1469 523 meminit,
1489 492 1589 519 ibidem
1610 491 1729 525 explica-

945 546 1044 577 vimus.
1062 545 1091 570 ln
1111 544 1233 570 eamdctn
1250 540 1413 577 sententiam
1433 539 1504 566 hunc
1520 545 1628 574 quoque
1642 544 1725 564 cano-

944 599 1006 618 ncm
1023 590 1116 617 Patres
1135 577 1257 619 edidere,
1274 595 1328 621 quo
1353 585 1461 621 quidem
1476 590 1511 623 put
1527 585 1573 619 qui
1596 585 1621 610 in
1638 578 1729 618 priva-

943 644 1033 665 torum
1047 636 1152 663 mdibus
1166 642 1245 662 sacra
1263 634 1364 660 facturi
1381 637 1455 664 sunt,
1471 639 1485 658 a
1502 632 1574 658 clero
1585 631 1730 664 segregati,

945 683 996 710 hoc
1016 687 1068 714 est,
1085 681 1182 708 delecti
1199 686 1226 707 et
1241 680 1353 706 admissi
1367 678 1553 712 deseriptique
1571 677 1624 704 sint
1637 683 1731 710 segre—

944 728 1062 763 gatione,
1079 727 1130 753 hoc
1144 730 1194 756 est,
1209 725 1400 760 designatione
1411 732 1425 750 a
1439 724 1488 751 laci
1505 723 1633 757 episcopo
1646 721 1731 750 facta.

944 773 1102 805 decernunt.
1121 771 1198 804 Quod
1220 771 1242 798 si
1259 770 1306 797 alii
1322 772 1490 804 quicunque,
1509 774 1603 802 praeter
1620 775 1667 794 eos
1681 767 1731 800 qui

944 817 1077 852 designati
1093 816 1195 843 fuerint
1220 816 1246 842 in
1270 816 1438 850 privatortttn
1462 814 1582 844 sacellis,
1605 820 1660 839 non
1678 813 1732 838 oh-

944 868 1017 891 tenta
1037 863 1072 890 ab
1089 862 1218 897 episcopo
1234 861 1374 893 facultate,
1393 868 1471 888 sacra
1487 859 1579 886 facere
1593 866 1654 886 auSt
1668 859 1729 886 fue-

944 910 1015 943 rint;
1032 909 1107 944 ipsos
1123 909 1233 944 quidem
1250 908 1348 943 deponi
1368 927 1376 940 ,
1393 908 1440 942 qui
1464 915 1527 934 vero
1550 907 1589 935 eis
1606 913 1729 934 οοιιιιιιιισ

944 949 1109 986 dicaverint.
1124 955 1257 991 segregari
1271 955 1382 989 jubent.

980 1060 1092 1088 ARIST.
1116 1070 1125 1088 1
1145 1060 1242 1088 Nullus
1268 1053 1384 1087 clericus
1408 1060 1435 1086 itt
1466 1059 1580 1098 templo,
1605 1058 1677 1092 quod
1703 1057 1733 1084 in

949 1116 958 1133 1
979 1107 1084 1134 aedibus
1107 1111 1149 1134 est
1179 1113 1259 1134 sacra
1283 1106 1420 1135 celebret.
1439 1106 1481 1132 vel
1507 1105 1636 1139 baptizet,
1663 1103 1731 1131 citra

948 1162 958 1179 1
979 1153 1101 1188 episcopi
1120 1153 1303 1185 sententiam;
1320 1159 1381 1179 nam
1401 1151 1556 1186 deponitur.
1573 1149 1624 1183 Qui
1650 1149 1732 1185 igitur

949 1207 959 1223 1
979 1198 1006 1224 in
1023 1198 1161 1229 oratoriis,
1172 1205 1232 1232 quae
1246 1202 1309 1224 sunt
1322 1197 1391 1224 intra
1402 1197 1475 1224 aedes
1488 1204 1564 1223 sacra
1580 1192 1733 1225 celebrant,

949 1253 959 1270 1
977 1244 1011 1271 ab
1030 1243 1156 1278 episcopo
1180 1244 1252 1271 clero
1270 1243 1449 1278 cxpellantur.
1475 1241 1526 1275 Qui
1547 1248 1610 1268 vero
1635 1244 1734 1275 pra'ter

949 1297 958 1314 1
980 1287 1037 1315 haec
1053 1288 1141 1315 facere
1157 1290 1215 1315 ausi
1234 1287 1348 1320 fuerint,
1366 1288 1548 1322 deponantur.
1567 1287 1600 1313 Et
1624 1285 1671 1322 qui
1696 1286 1734 1313 iis

950 1343 959 1359 1
981 1334 1195 1365 communicant,
1211 1338 1398 1369 segregentur.
1418 1343 1427 1359 ι

1227 1400 1341 1437 cauos
1374 1400 1446 1441 xm.

949 1467 960 1484 1
983 1458 1178 1486 Haereticnrum
1196 1458 1359 1486 lizauinrum
1381 1458 1488 1489 semina
1509 1459 1535 1485 in
1553 1458 1655 1486 Christi
1680 1457 1732 1486 Ec-

986 1514 995 1531 1
1015 1505 1097 1532 elcsia
1113 1504 1247 1540 malignus
1263 1505 1404 1539 dejiciens,
1419 1509 1445 1531 et
1459 1512 1505 1532 cas
1520 1504 1616 1532 videns
1641 1505 1732 1540 gladio

911 1544 947 1575 Ci
987 1559 996 1576 1
1018 1550 1136 1585 Spiritus
1153 1550 1274 1578 exscindi
1295 1550 1435 1581 radicitus.
1453 1551 1485 1577 ad
1503 1550 1582 1577 aliam
1600 1551 1672 1578 venit
1687 1551 1731 1578 in-

985 1607 993 1622 1
1013 1597 1145 1624 sidiartun
1157 1597 1240 1627 viam,
1256 1596 1490 1623 schismaticornm
1508 1596 1613 1624 insania
1628 1595 1729 1623 Christi

985 1652 994 1669 1
1017 1651 1116 1678 corpus
1136 1643 1257 1670 dividere
1275 1642 1435 1677 aggrediens
1459 1651 1465 1668 :
1491 1643 1539 1670 sed
1554 1648 1580 1669 et
1607 1643 1654 1669 has
1671 1643 1734 1677 ejus

985 1700 994 1716 1
1015 1690 1128 1717 insidias
1154 1696 1247 1717 sancta
1276 1689 1397 1724 synodus
1419 1690 1595 1724 reprimens,
1620 1690 1733 1718 omnino

986 1747 994 1762 1
1016 1737 1120 1764 deﬁniit
1137 1737 1277 1771 deinceps.
1295 1740 1324 1763 ut
1340 1736 1362 1764 si
1378 1737 1439 1771 quis
1454 1736 1595 1772 presbyter
1618 1739 1656 1763 vel
1674 1736 1734 1762 dia-

986 1793 995 1809 1
1013 1791 1099 1810 conus
1114 1802 1120 1814 ,
1137 1787 1164 1809 ut
1179 1783 1224 1818 qui
1242 1783 1335 1817 utique
1358 1781 1393 1810 ob
1415 1782 1505 1817 aliqua
1530 1782 1644 1809 erimina
1670 1791 1732 1817 pro-

986 1840 995 1856 1
1017 1830 1106 1864 prium
1131 1829 1288 1864 episcopum
1305 1829 1505 1859 condemnarit,
1529 1835 1592 1859 ante
1614 1829 1733 1861 synoda-

987 1885 996 1902 1
1014 1876 1065 1903 lem
1081 1875 1263 1910 cognitionem
1287 1879 1313 1902 et
1337 1872 1576 1907 examinationem,
1596 1879 1623 1902 et
1645 1875 1734 1909 perfe-

986 1931 994 1947 1
1015 1926 1087 1948 ctam
1105 1921 1163 1955 ejus
1182 1920 1454 1951 condemnationem,
1470 1920 1503 1946 ah
1524 1919 1595 1946 illius
1612 1927 1719 1946 conunu

986 1977 996 1994 1
1016 1968 1097 1995 nione
1110 1967 1252 1995 discedere
1268 1974 1351 1993 ausus
1365 1965 1443 1993 fuerit
1456 1971 1482 1992 et
1500 1965 1559 1998 ejus
1585 1973 1681 1992 nomen
1707 1965 1732 1991 iu

989 2023 999 2039 1
1020 2013 1107 2041 sacris
1135 2013 1346 2040 celebrationum
1376 2012 1522 2047 precibus,
1548 2016 1576 2038 ut
1608 2011 1736 2039 Ecclesia:

987 2069 996 2085 1
1020 2059 1216 2091 traditum'est,
1233 2066 1287 2085 non
1302 2049 1415 2089 referat,
1433 2057 1455 2084 is
1473 2057 1631 2092 dcpositioni
1648 2057 1733 2091 subji-

988 2115 997 2132 1
1016 2106 1105 2133 ciatur
1118 2126 1126 2137 ,
1144 2109 1170 2132 et
1188 2105 1262 2132 omni
1287 2104 1449 2132 sacerdotali
1478 2104 1580 2131 honore
1604 2104 1733 2138 privetur.

987 2161 997 2178 1
1016 2151 1067 2185 Qui
1086 2151 1158 2178 enirn
1173 2155 1215 2178 est
1235 2150 1262 2177 in
1280 2149 1443 2178 sacerdotali
1462 2149 1559 2176 ordine
1572 2149 1734 2180 collocatus,

989 2207 998 2224 1
1017 2202 1043 2225 et
1059 2197 1328 2232 metropolitanorum
1340 2196 1472 2230 judicium
1488 2195 1622 2230 pra-,ripit,
1636 2200 1662 2222 et
1673 2199 1734 2221 ante

989 2252 999 2269 1
1016 2242 1147 2278 judicium
1167 2242 1234 2277 ipse,
1257 2247 1391 2276 quantum
1413 2241 1439 2267 in
1465 2247 1494 2268 se
1521 2241 1573 2271 est,
1590 2241 1731 2274 proprium

990 2299 999 2316 1
1020 2293 1123 2324 patrem
1139 2293 1165 2315 et
1180 2286 1338 2322 episcopum
1359 2286 1545 2319 condemnat;
1563 2287 1584 2313 is
1610 2294 1658 2312 nec
1675 2294 1736 2320 pre-

990 2345 999 2361 1
1021 2334 1123 2370 sbyteri
1143 2335 1254 2365 honore,
1273 2341 1322 2361 nee
1349 2333 1458 2360 nomine
1483 2333 1580 2368 dignus
1605 2337 1655 2359 est.
1682 2332 1735 2365 Qui

990 2390 999 2405 1
1017 2386 1107 2407 autem
1122 2387 1169 2407 eos
1185 2383 1402 2412 consequuntur,
1414 2379 1435 2405 si
1454 2377 1509 2405 sint
1523 2377 1634 2412 quidem
1650 2385 1681 2404 ex
1701 2377 1736 2403 iis

989 2435 999 2452 1
1022 2427 1066 2461 qui
1083 2430 1148 2453 sunt
1170 2425 1257 2453 sacris
1271 2425 1382 2455 initiati,
1399 2424 1448 2459 ipsi
1462 2432 1572 2459 quoque
1590 2431 1605 2450 ιι
1623 2423 1738 2457 proprio

991 2481 1000 2498 1
1020 2473 1122 2498 honore
1136 2471 1284 2497 excidant:
1302 2471 1343 2498 sin
1360 2475 1452 2497 autem
1471 2469 1525 2496 sint
1544 2468 1682 2496 monachi,
1694 2467 1735 2492 \ei

993 2526 1002 2542 1
1024 2516 1095 2548 laici,
1111 2524 1142 2543 ex
1159 2515 1281 2543 Ecclesia
1308 2515 1420 2543 omnino
1437 2519 1627 2548 segrege-titur;
1648 2512 1736 2539 donec

726 2596 819 2627 Guill.
840 2596 1000 2634 Bevetegii
1023 2600 1116 2627 notaa.

159 2676 215 2710 (55)
232 2667 287 2702 Καί
313 2674 368 2708 τῆς
393 2673 440 2700 ἐπ’
461 2671 541 2710 αὺεῷ
557 2672 673 2710 τελείας
689 2672 904 2710 κατακρίσεως.

123 2707 184 2739 llaec
195 2707 276 2738 verba
293 2718 345 2736 non
362 2709 443 2736 modo
460 2709 487 2734 in
502 2707 648 2734 Parisiensi
664 2707 793 2740 editione,
807 2715 901 2734 verum

124 2749 204 2773 etiam
229 2746 254 2772 in
275 2746 369 2772 codice
383 2744 600 2770 Amerhachiano
613 2742 787 2768 omittuntur.
808 2742 859 2769 Sed
874 2743 902 2769 ιιι

124 2782 231 2809 Tiliano
247 2788 323 2814 aeque
338 2787 370 2806 ac
393 2780 418 2804 in
444 2777 590 2805 Bodleiano
619 2782 714 2803 nostro
737 2785 787 2804 nis.
808 2778 903 2813 legun-

125 2824 216 2885 ωἱῖὲῦ)
233 2849 286 2876 Καὶ
301 2849 332 2875 τὸ
345 2849 436 2883 ὄνομα
456 2847 549 2874 αὑτοῦ
568 2846 603 2874 ἐν
618 2846 681 2878 ταῖς
696 2846 797 2880 ἱεραῖς.
817 2846 901 2874 Nimi-

960 2680 1019 2699 rmn
1039 2679 1100 2699 cum
1116 2678 1193 2698 sacra
1223 2670 1353 2705 mysteria
1378 2672 1554 2705 peraguntur.
1572 2665 1648 2693 Tunc
1661 2666 1735 2693 enim

960 2707 1090 2734 sacerdos
1107 2715 1156 2741 pro
1169 2703 1370 2741 episcopdsub
1381 2703 1547 2741 nominatim
1567 2710 1646 2728 orare
1661 2707 1735 2741 tene-

959 2747 1003 2769 tur
1024 2747 1074 2768 :ut
1099 2736 1125 2768 iit
1153 2736 1272 2774 Litnrgti
1294 2737 1487 2774 Chrysostotni
1506 2738 1580 2774 inter,
1601 2736 1735 2774 orandum

959 2779 1030 2804 dicit:
1044 2778 1090 2803 καὶ
1113 2777 1185 2809 ὑπὲρ
1199 2771 1414 2808 ἀρδίιεπιςκδπου
1430 2771 1518 2807 ἡμῶν,
1535 2773 1548 2799 ό
1571 2773 1666 2804 δεῖνος,
1690 2771 1736 2799 Sic

957 2813 1058 2847 passim
1073 2813 1100 2838 ιιι
1114 2810 1288 2843 liuchologio.
1661 2815 1666 2824 ι
