1942 3095
201 127 206 130 ·
241 114 310 148 ζθῖι9

277 181 286 196 1
305 177 392 205 eaque
414 169 493 203 longe
516 168 656 196 verissima
670 187 678 199 .
694 167 800 195 duobus
819 166 939 195 dominis
956 174 1016 193 scr-
1031 171 1057 195 Λ

275 227 284 243 1
305 218 371 244 vire.
393 225 402 241 ›

274 260 369 290 BALS.
385 262 506 288 Ρτειξεοιις
520 269 606 288 canon
621 261 763 296 pnedictos
773 268 902 291 canones,
916 259 962 294 qui
977 267 1021 286 ca-

242 315 305 337 vcnt
321 317 353 336 ne
373 307 529 334 sacerdotes
543 307 750 341 magistratuum
768 312 879 332 munera
893 306 1019 334 subeant,

237 348 413 385 roniirmaus‘,
432 353 537 387 adjicit.
555 358 583 379 ut
606 360 657 379 non
679 352 766 379 solum
784 351 830 386 qui
847 356 911 378 snut
928 349 1016 377 sancti

236 400 392 430 tribunalis.
403 399 449 426 sed
468 399 550 425 etiam
569 397 660 424 clerici
684 397 730 430 qui
751 401 826 423 extra
841 401 915 426 Sunt,
930 396 951 422 si
967 395 1021 421 tale

236 447 300 481 quid
322 446 432 476 faciant.
449 453 464 472 e
485 445 558 471 clero
577 444 760 478 expellautur.
777 442 911 475 Quoniam
928 446 1019 467 autem

237 493 262 519 in
298 500 401 521 canone
427 492 574 526 apostolico
588 491 604 517 6
621 496 646 517 et
660 491 686 516 in
703 490 732 516 Si
761 495 787 514 1-t
815 489 839 514 in
857 488 917 514 aliis
936 494 1019 514 eano-

237 539 327 568 nibus.
350 539 415 571 quin
431 538 513 564 etiam
526 538 551 563 iu
566 544 625 571 cap.
643 536 675 562 15
687 537 730 562 tit.
744 534 759 562 8
776 535 916 568 przescutis
929 533 1020 566 operis

235 585 303 611 satis
318 585 350 611 de
368 592 400 611 eo
415 584 588 618 scripsimus,
615 583 672 616 lege
691 589 723 608 ea
737 601 745 612 ,
769 585 797 608 et
827 578 963 607 sufﬁcient
987 579 1021 606 ad

235 632 495 667 interpretationem.

271 761 395 789 ZONAR.
415 762 516 796 Magna:
538 762 740 789 venerabilibus
761 762 893 796 apostolis
913 769 945 789 ac
971 769 1017 797 sy-

236 810 339 836 nodicis
355 809 480 836 Patribus
498 816 571 835 cura:
589 810 649 839 fuit.
667 813 695 834 ut
710 809 797 835 sacris
809 809 908 835 initiati
928 817 942 836 a
957 817 1019 844 pro-

237 854 305 881 fanis
319 854 532 888 magistratibus,
545 858 626 888 atque
641 854 674 879 ab
686 854 757 881 omni
778 854 948 888 negotiorum
963 860 1018 881 tra-
1034 841 1055 869 Β

235 902 362 933 ctatione,
381 901 487 932 penitus
501 900 691 931 abstinerent,
711 899 842 933 multique
857 900 907 926 hac
931 900 963 926 de
989 908 1018 927 re

234 954 354 973 canones
372 946 436 972 editi
457 951 536 975 sunt:
561 953 629 980 quos
646 945 755 979 quidem
774 946 824 972 hoe
848 945 1018 980 locquatres

234 992 315 1031 lmjus
337 992 450 1018 canonis
469 993 578 1018 decreto
595 991 768 1023 confirmant,
791 1000 823 1019 ac
852 993 959 1027 aliquid
974 993 1012 1019 in-

233 1046 316 1073 super
332 1039 365 1064 ad
389 1046 421 1065 ea
433 1059 440 1069 ,
463 1046 523 1072 qua:
547 1039 581 1064 ab
600 1039 651 1064 illis
666 1043 745 1064 antea
762 1038 871 1065 definita
889 1039 1016 1072 fuerant,

233 1085 392 1119 adjougunt.
407 1085 544 1119 Siquidem
571 1085 608 1110 illi
633 1091 752 1111 canones
768 1086 802 1112 de
829 1076 1016 1113 sacerdotibus

232 1136 259 1156 et
274 1130 396 1156 diarouis
413 1123 627 1164 promulgavere,
654 1138 771 1164 quorum
799 1131 907 1158 decreto
931 1133 1016 1164 magi-

232 1183 336 1204 stratus
353 1181 379 1203 et
393 1176 505 1210 profana
535 1177 641 1210 negotia
669 1176 806 1208 suseipere
833 1182 988 1209 veterentur
1007 1187 1014 1205 :

234 1222 259 1248 Iri
275 1230 339 1248 vero
353 1222 416 1248 nulli
436 1222 548 1248 omnino
565 1222 665 1248 clerico
682 1221 809 1255 profanos
830 1222 1014 1257 magistratus,

233 1272 278 1293 aut
293 1275 353 1301 qua:
371 1267 396 1293 iu
416 1267 623 1300 magistratuum
641 1266 768 1293 domibus
782 1271 828 1293 aut
843 1267 914 1301 agris
935 1276 1014 1295 cura-

233 1314 320 1340 tiones
345 1313 561 1347 appellabantur,
589 1312 754 1346 suscipiendi
781 1312 936 1340 facultatem
955 1322 1014 1342 esse

232 1359 394 1385 decernunt.
409 1358 458 1390 Qui
479 1364 542 1384 vero
557 1358 654 1384 canoui
672 1365 727 1383 non
746 1355 1013 1392 1ibteiitperai'erint,

232 1412 280 1431 eos
294 1405 366 1430 clero
381 1405 482 1430 moveri
500 1404 606 1438 iubent.
627 1402 711 1429 Nemo
730 1403 829 1430 etenim
845 1409 934 1438 potest
946 1424 954 1435 ,
970 1404 1013 1431 in-

232 1449 340 1483 quiunt,
368 1449 474 1475 duobus
501 1449 618 1475 dmuinis
643 1447 756 1480 servire,
785 1449 1012 1483 quemadmodum

234 1495 318 1529 ipsius
337 1493 442 1521 Domini
461 1501 526 1520 voce
542 1498 668 1519 testatum
686 1496 738 1519 est.

232 1539 346 1566 MUST.
361 1548 370 1564 1
392 1539 420 1566 Si
442 1539 504 1573 quis
520 1547 626 1570 eorum,
658 1539 744 1573 quiin
767 1538 867 1566 clerum
889 1545 1019 1575 cooptan-

272 1595 281 1611 1
301 1592 354 1616 tur,
367 1585 509 1612 sazculares
524 1585 700 1619 magistratus
710 1585 859 1619 susceperit
870 1587 980 1627 vel.qu:e
990 1588 1017 1615 in

268 1641 278 1656 1
299 1631 403 1658 aedibus
422 1635 468 1658 aut
482 1631 620 1657 suburbiis
635 1630 700 1657 liuut
711 1632 876 1663 curationes,
886 1633 960 1661 clero
972 1641 1018 1661 ex-

268 1687 279 1704 1
298 1678 425 1712 pellatur.
445 1675 528 1704 Nemo
543 1677 615 1703 enim
630 1676 685 1703 Dco
696 1680 720 1703 et
739 1683 901 1704 mammonze
915 1679 1018 1707 servire

272 1733 281 1748 1
301 1728 401 1757 potest.
422 1731 430 1747 ι
523 1748 525 1751 ,
894 1724 895 1727 “

1029 1507 1050 1536 C

523 1777 636 1805 CANON
665 1777 722 1805 ΧΠ.

236 1834 246 1852 1
265 1825 331 1852 Cum
349 1828 443 1852 sancta
461 1829 488 1851 et
504 1825 669 1853 universalis
685 1831 761 1851 sexta
791 1825 923 1860 synodus.
937 1825 1017 1853 cleri-

274 1880 283 1896 (
304 1878 362 1902 eos,
381 1870 427 1904 qui
445 1870 471 1896 in
488 1870 627 1902 oratoriis,
641 1877 701 1903 qua:
720 1874 785 1897 sunt
802 1870 873 1896 intra
894 1871 1014 1903 domum,
1034 1876 1042 1881 ‘

271 1926 281 1943 1
302 1922 398 1951 praeter
413 1916 533 1951 episcopi
559 1916 728 1943 voluntatem
753 1917 891 1944 celebrant
907 1918 949 1944 vel
973 1918 1017 1944 ba-

273 1973 282 1988 1
302 1963 414 1998 ptizant,
426 1962 586 1997 depositioni
599 1962 742 1996 subjiciat;
758 1971 808 1990 nos
823 1970 931 1998 quoque
945 1963 1015 1990 idem

272 2019 281 2035 1
301 2009 484 2036 decernimus.
511 2007 577 2034 Cum
594 2008 665 2035 enim
684 2014 778 2035 sancta
795 2007 915 2036 Ecclesia
944 2013 1016 2037 recte

272 2065 281 2080 1
303 2048 457 2089 dispertiat,
493 2062 642 2089 veramque
671 2055 804 2082 rationem
826 2055 963 2088 defendat,
989 2060 1016 2081 et

273 2111 282 2127 1
302 2101 481 2128 venerabilem
503 2108 535 2127 ac
560 2101 702 2127 honestam
731 2101 807 2128 bona:
835 2101 1016 2133 institutionis

273 2157 282 2173 1
303 2148 416 2174 formam
436 2147 534 2174 doceat
545 2152 572 2174 et
589 2152 745 2179 conservet.
764 2147 960 2175 inconcinnum
973 2152 1014 2175 est

273 2203 282 2218 1
304 2198 329 2220 et
349 2193 484 2227 ineptum,
505 2196 535 2218 ut
553 2193 596 2225 qui
613 2192 639 2218 in
657 2192 802 2226 petulantia
823 2198 849 2220 et
869 2193 1013 2220 insolentia

273 2249 281 2264 1
303 2247 334 2265 ac
364 2240 390 2265 in
416 2238 597 2264 iuobedicntia
625 2239 706 2265 vitam
734 2243 829 2272 agunt,
844 2239 938 2266 domos
954 2239 1016 2266 sub-

272 2293 282 2309 1
303 2289 406 2314 euntes,
435 2284 535 2310 bonum
571 2283 630 2317 ejus
658 2284 780 2310 ordinem
806 2285 968 2316 convellant,
989 2289 1015 2312 et.

271 2339 280 2355 1
299 2331 381 2356 multa
399 2330 601 2363 perturbatione
620 2333 647 2356 et
662 2330 858 2358 olfensionibus
872 2331 1012 2366 impleant.

272 2385 281 2400 1
302 2375 335 2401 Et
352 2375 412 2401 ideo
428 2381 506 2401 sacra
530 2381 601 2400 nunc
619 2379 645 2400 et
660 2373 790 2400 divinitus
815 2380 910 2402 coacta
933 2383 1014 2410 syno-

272 2430 281 2446 1
302 2421 363 2451 dus.
379 2420 524 2447 universali
538 2425 622 2447 sexta:
637 2419 741 2455 synodo
752 2421 937 2453 consentiens.
951 2429 1014 2452 eos,

271 2477 280 2493 1
302 2468 348 2502 qui
370 2468 396 2494 in
413 2466 541 2494 oratoriis
555 2488 562 2499 ,
581 2474 641 2500 qua:
659 2470 722 2492 sunt
739 2466 809 2493 intra
825 2466 931 2498 domos,
946 2467 1016 2494 cele-

272 2524 281 2537 1
300 2516 388 2545 braut,
406 2514 478 2541 clero
501 2517 606 2540 amotos
630 2521 690 2540 esse
711 2513 825 2546 statuit;
844 2521 859 2540 a
887 2514 958 2540 clero
973 2514 1015 2540 vi-

272 2569 281 2585 1
302 2560 400 2587 delieet
415 2559 553 2585 amotione
567 2559 608 2586 eis
622 2558 656 2585 ab
671 2559 732 2593 ejus
751 2558 801 2586 loci
816 2559 939 2593 ,episcopi
956 2558 1015 2586 edi-

271 2616 280 2632 1
303 2611 357 2633 cla.
378 2605 406 2632 Si
425 2606 471 2639 qui
497 2610 585 2632 autem
607 2609 703 2637 praeter
722 2612 779 2636 eos.
811 2613 864 2632 non
890 2613 1016 2632 consen-

273 2661 281 2678 1
305 2653 389 2679 tieute
408 2652 537 2686 episcopo
550 2672 556 2683 ,
573 2650 654 2685 352
669 2651 695 2677 in
711 2651 806 2677 domos
821 2651 955 2678 irruentes
972 2658 1016 2681 ce-

271 2708 280 2722 ι
302 2696 457 2724 lebrationis
485 2696 663 2723 ministerium
694 2696 826 2730 attingere
847 2695 980 2726 audeant;
998 2695 1015 2722 ii

270 2750 278 2766 1
299 2742 409 2776 quidem
427 2741 598 2776 deponantur
614 2749 622 2767 :
636 2741 680 2775 qui
700 2748 765 2768 vero
779 2747 872 2768 eorum
893 2747 1015 2766 commu-

270 2796 280 2812 1
300 2789 389 2814 nionls
403 2790 466 2815 sunt
492 2788 646 2822 participes,
659 2785 841 2822 segregationi
868 2785 1000 2820 subjician

273 2840 282 2855 Ι
306 2837 356 2858 ιιιτ,
377 2841 386 2857 ι

851 111 990 142 THEOD.
1014 111 1212 141 BALSAMON

1031 2179 1052 2206 D

1778 111 1855 143 1060

1107 176 1115 192 1
1136 166 1203 193 Θεοῦ
1227 166 1306 202 ἡμῶν
1333 165 1460 197 ἀληθινοῦ
1490 166 1649 193 αὖτόλεκτον
1674 167 1719 197 καὶ
1738 166 1863 201 ἀψευδε-

1110 223 1118 238 1
1140 213 1240 248 στάτην
1253 213 1355 248 φωνὴν.
1367 213 1429 239 δυσὶ
1445 213 1550 248 κυρίοις
1563 212 1710 240 δουλεύειν.
1729 222 1740 239 ι

1109 258 1205 285 ΒΛΛΣ.
1240 259 1270 284 '0
1299 257 1532 293 παρὼν.κανὼν,
1568 258 1756 292 ἐπικρατύνων
1791 259 1867 290 τοὺς

1072 303 1338 339 προεκφωνηθέντας
1359 304 1475 335 κανόνας
1498 303 1578 338 χάριν
1604 304 1650 330 τοῦ
1666 304 1704 339 μὴ
1732 305 1867 339 ἐνεργεῖν

1071 350 1134 381 τοὺς
1163 350 1327 384 ίερωμένους
1351 352 1497 384 κοσμικαῖς
1520 350 1664 381 δουλείαις.
1692 351 1866 385 προστίθησι

1073 393 1110 429 μὴ
1130 393 1210 428 μόνον
1228 394 1289 424 τοὺς
1303 394 1379 425 ἐντὸς
1395 394 1441 420 τοῦ
1460 395 1538 427 ἁγίου
1559 395 1692 429 βήματος,
1722 395 1791 422 ἀλλὰ
1809 398 1866 422 καὶ

1070 441 1133 471 τοὺς
1156 441 1233 470 ἐκτὸς
1258 440 1341 466 αὐτοῦ
1365 439 1513 475 κληρικοὺς
1535 440 1656 467 ’τοιοῦτόν
1672 450 1696 468 τι
1711 441 1864 472 ποιοῦντας

1071 488 1102 514 ἐκ
1117 486 1164 513 τοῦ
1181 486 1280 522 κλήρου
1291 486 1446 514 διώκεσθαι.
1466 487 1544 513 Ἐπεὶ
1553 486 1581 512 δὲ
1593 488 1621 513 ὲν
1635 486 1674 521 τῷ
1687 489 1714 518 ς’
1735 488 1863 512 ἀποστο-

1070 533 1139 568 λικῷ
1154 533 1255 561 κανόνι,
1263 533 1310 560 καὶ
1327 534 1355 559 ἐν
1371 533 1410 568 τῷ
1438 536 1483 560 ra’
1500 533 1547 559 xui.
1571 533 1600 559 ὲν
1613 533 1716 567 ἑτέροις
1731 533 1863 560 κανόσιν.

1070 579 1137 605 ἀλλὰ
1154 579 1207 613 μὴν
1224 579 1270 606 καὶ
1295 580 1323 606 ὲν
1339 578 1376 613 τῷ
1395 578 1429 613 ιγ’
1454 588 1518 613 imp.
1548 580 1594 606 τοῦ
1631 583 1655 615 η’
1693 579 1785 607 τίτλου
1808 581 1863 607 τοῦ

1069 625 1204 658 παρόντος
1222 625 1413 660 συντάγματος
1437 626 1538 656 ίκανῶς
1564 626 1627 660 περὶ
1649 625 1744 651 τούτου
1772 627 1863 660 ἐγρά-

1069 669 1172 704 ψαμεν,
1191 670 1330 703 ἀνάγνωθι
1347 670 1445 699 ταῦτα,
1462 660 1508 696 καὶ
1532 672 1696 702 ἀρκέσουσιν
1711 672 1750 701 εἰς
1766 671 1863 705 ἑρμη-

1070 715 1154 742 νείαν.
1603 746 1606 748 γ
1837 732 1843 741 ο

1105 760 1227 787 ΖΩΝΔΡ.
1255 761 1358 796 Πολλὴν
1383 762 1474 788 ἔθεντο
1502 762 1620 797 σπουδὴν
1641 765 1688 788 καὶ
1711 763 1735 788 ei
1759 765 1861 789 σεπτοὶ

1069 807 1212 833 ἀπόστολοι
1228 808 1275 833 καὶ
1301 808 1326 834 οἱ
1351 808 1406 834 τῶν
1421 808 1537 834 συνόδων
1554 808 1674 843 Πατέρες
1694 809 1756 840 τοὺς
1775 809 1860 843 ἱερω-

1071 852 1167 887 μένους
1195 853 1332 887 κοσμικὰς
1359 854 1482 888 ἀρχὰςῆ
1509 853 1657 888 διοικήσεις
1681 855 1860 888 πραγμάτων

1070 897 1108 931 μὴ
1124 897 1312 932 ἀναδέχεσθαι.
1325 899 1379 925 Καὶ
1395 899 1518 934 διάςοροι
1541 900 1651 931 κανόνες
1670 901 1736 935 περὶ
1758 899 1860 926 τούτου

1067 942 1288 978 ἐξεφωνὴυησαν,
1305 944 1352 976 οὓς
1364 945 1389 970 of
1405 946 1526 980 Πατέρες
1545 943 1617 972 οὗτοι
1628 946 1672 972 διὰ
1686 946 1732 972 τοῦ
1749 947 1858 980 παρόν-

1067 998 1112 1021 τος
1143 992 1255 1022 κανόνος
1283 992 1508 1026 ὲπικρατύνουσι,
1539 993 1733 1026 προστιθέντες
1755 993 1804 1020 καί
1828 1003 1858 1019 τι

1068 1037 1149 1062 πλέον
1168 1037 1243 1071 παρὰ
1260 1038 1293 1064 τὰ
1319 1038 1432 1068 ἐκείνοις
1457 1039 1634 1072 διωρισμένα.
1666 1039 1696 1065 Ol
1722 1039 1772 1073 μὲν
1800 1040 1857 1074 γὰρ

1068 1082 1132 1116 περὶ
1154 1081 1248 1117 ἱερέων
1273 1082 1321 1108 καὶ
1339 1083 1470 1109 διακόνων
1494 1083 1558 1114 τοὺς
1586 1083 1702 1114 κανόνας
1718 1084 1856 1116 ἐξέθεντο,

1067 1130 1220 1162 κωλύοντας
1235 1131 1332 1162 αὐτοὺς
1342 1131 1428 1166 ἀρχὰς
1442 1131 1489 1157 καὶ
1503 1132 1646 1166 φροντίδας
1672 1133 1855 1167 ἀναδέχεσθαι

1066 1177 1214 1211 κοσμικαςο
1229 1174 1302 1203 οὗτοι
1319 1177 1348 1203 δὲ
1372 1181 1460 1203 πάντα
1473 1178 1603 1213 κληρικὸν
1626 1179 1790 1214 διορίζονται
1814 1180 1855 1216 μὴ

1068 1222 1310 1257 μεταχειρίζεσθαι
1323 1223 1459 1257 κοσμικὰς
1481 1223 1614 1260 ἀρχὰς,ἢ
1636 1224 1685 1256 τὰς
1712 1226 1741 1250 ἐν
1767 1225 1856 1256 οἴκοις

1066 1269 1236 1303 ἀρχοντικοῖς
1260 1269 1308 1294 καὶ
1335 1269 1428 1303 ἀγροῖς
1442 1269 1612 1304 καλουμένας
1636 1273 1854 1306 κουρατωρείας.

1066 1315 1135 1345 Τοὺς
1148 1314 1176 1340 δὲ
1197 1315 1242 1340 τὸν
1260 1315 1359 1341 κανόνα
1378 1315 1596 1350 παραῦαίνοντας
1611 1316 1792 1344 ἐκδιώκεσοαι
1805 1319 1852 1344 τοῦ

1066 1359 1168 1394 κλήρου
1185 1360 1351 1386 κελεύουσιν.
1373 1361 1467 1392 Οὐδεὶς
1480 1362 1535 1395 γὰρ
1549 1362 1671 1394 δύναται,
1700 1364 1778 1396 φασὶ,
1792 1365 1855 1390 δυσὶ

1066 1405 1170 1440 κυρίοις
1181 1406 1326 1438 δουλεύειν,
1343 1406 1412 1433 κατὰ
1425 1406 1472 1441 τὴν
1485 1407 1550 1441 παρ’
1560 1407 1642 1434 αὑτοῦ
1652 1408 1793 1443 λεχθεῖσαν
1805 1410 1852 1436 τοῦ

1065 1451 1167 1486 Κυρίου
1184 1453 1288 1487 φωνήν.

1069 1541 1179 1569 ΔΡΙΣΤ.
1209 1552 1218 1568 1
1237 1544 1271 1569 Εἴ
1286 1553 1327 1576 τις
1340 1545 1394 1571 τῶν
1408 1546 1437 1572 ὲν
1451 1546 1544 1582 κλήρῳ
1561 1539 1778 1583 κατειλεγμένων
1804 1560 1854 1578 κο-

1108 1597 1117 1613 1
1138 1590 1237 1623 σμικὰς
1269 1590 1356 1625 ἀρχὰς
1389 1593 1615 1628 μεταχειρίζοιτο.
1643 1596 1658 1630 ἢ
1682 1597 1729 1627 τὰς
1744 1597 1772 1622 ἐν
1797 1600 1853 1629 τοῖς

1107 1643 1117 1660 1
1136 1635 1219 1666 οἴκοις
1245 1635 1260 1670 ἦ
1285 1638 1457 1671 προαστείοις
1484 1642 1697 1676 κουρατωρείας,
1723 1644 1854 1670 ἐκδιωκέ-

1105 1689 1114 1705 1
1135 1680 1190 1707 σθω
1206 1681 1252 1708 τοῦ
1271 1682 1373 1717 κλήρου
1385 1691 1392 1698 ·
1402 1685 1433 1710 οὐ
1449 1685 1504 1720 γὰρ
1515 1687 1699 1721 δὺναταιᾙεῷ
1713 1689 1854 1718 δουλεύειν

1104 1736 1113 1751 1
1134 1728 1180 1753 καὶ
1194 1730 1342 1764 μαμμωνᾷ.
1367 1740 1376 1756 ι
1580 1731 1584 1733 ’

1244 1768 1253 1777 ‘
1369 1777 1487 1804 ΚΑΝΩΝ
1500 1778 1551 1805 ω’.

1071 1827 1080 1843 1
1101 1819 1156 1853 Τῆς
1169 1820 1251 1854 ἁγίας
1267 1821 1313 1848 καὶ
1325 1823 1519 1859 οἱκουμενικῆς
1542 1825 1628 1860 ἕκτης
1652 1829 1763 1856 συνόδου
1788 1831 1852 1862 τοὺς

1090 1865 1114 1891 ’ί
1135 1867 1164 1892 ὲν
1178 1868 1234 1898 τοῖς
1260 1868 1414 1903 εὐκτηρίοις
1439 1869 1534 1902 οἴκοις,
1563 1871 1637 1898 ἔνδον
1668 1874 1756 1906 οίκίας
1780 1873 1851 1905 οὖσι.

1104 1921 1112 1936 1
1133 1911 1357 1947 λειτουργοῦντας
1373 1914 1389 1948 ἢ
1406 1914 1587 1948 βαπτίζοντας
1611 1905 1759 1953 κληρικοὺς
1776 1923 1852 1956 παρὰ

1103 1966 1112 1982 1
1131 1957 1244 1993 γνώμην
1262 1959 1309 1985 τοῦ
1325 1959 1475 1988 ἐπισκόπου
1497 1962 1655 1997 καθαιρέσει
1674 1965 1851 1994 καθυποδαλ-

1103 2013 1113 2029 1
1135 2003 1243 2039 λούσης,
1260 2005 1306 2030 καὶ
1326 2005 1406 2039 ἡμεῖς
1419 2007 1506 2041 τούτῳ
1533 2009 1775 2044 συμψηφιζόμεθα.
1794 2012 1850 2046 Τῆς

1103 2058 1112 2075 1
1133 2051 1186 2084 γὰρ
1198 2050 1278 2084 ἁγίας
1301 2051 1462 2087 Ἑκκλησίας
1490 2053 1702 2091 όρθοτομούσης,
1731 2059 1779 2084 καὶ
1804 2059 1851 2085 τὸν

1103 2104 1112 2120 1
1135 2095 1221 2129 ἀληθῆ
1242 2095 1448 2131 πρεσϐευούσης
1468 2098 1557 2132 λόγον,
1571 2101 1663 2127 καὶτὸ
1680 2103 1779 2138 σεμνὸν
1800 2105 1850 2139 τῆς

1106 2150 1114 2167 1
1134 2141 1271 2171 πολιτείας
1296 2143 1480 2178 συντηρούσης
1510 2154 1538 2171 τε
1560 2147 1606 2172 καὶ
1629 2147 1848 2186 ἐνδιδασκούσης,

1105 2195 1113 2211 1
1133 2187 1238 2221 ἀπηχὲς
1257 2188 1304 2213 καὶ
1316 2189 1422 2215 ἀνόσιον
1443 2193 1617 2225 παραχώρεῐν
1633 2193 1697 2225 τοὺς
1717 2195 1850 2222 ἀπαιδευ-

1103 2241 1111 2255 1
1134 2231 1178 2267 σίᾳ
1196 2233 1242 2259 καὶ
1260 2234 1377 2269 ἀναρχία
1393 2235 1542 2268 συζῶντας,
1560 2238 1599 2269 είς
1615 2238 1663 2269 τὰς
1677 2239 1767 2271 οἰκίας
1781 2241 1849 2268 ὑπο-

1104 2286 1112 2302 1
1132 2278 1290 2312 δυομένους,
1308 2279 1356 2314 τὴν
1373 2280 1474 2315 ταύτης
1491 2281 1619 2314 εὐταξίαν
1649 2284 1779 2320 διασπᾷν,
1803 2288 1848 2313 καὶ

1105 2333 1114 2348 1
1133 2323 1232 2358 πολλῆς
1249 2324 1371 2358 ταραχῆς
1406 2326 1454 2352 καὶ
1476 2328 1632 2355 σκανδάλων
1659 2331 1847 2366 ἀποπληροῦν.

1106 2378 1114 2393 ι
1132 2369 1258 2404 Διόπερή
1279 2369 1325 2394 νῦν
1351 2370 1410 2404 ιερὰ
1435 2372 1482 2397 καὶ
1499 2372 1711 2409 θεοσυνέργητος
1726 2376 1846 2408 σύνοδος.

1105 2422 1113 2438 1
1134 2414 1166 2447 τῇ
1186 2414 1361 2449 οίκουμενικῇ
1374 2414 1440 2450 ἓκτῃ
1459 2417 1559 2451 συνόδῳ
1570 2419 1765 2453 συμφωνοῦσα,
1777 2422 1846 2448 ἀπο-

1106 2468 1115 2484 1
1135 2459 1362 2494 κεκληρωμένους
1392 2458 1463 2487 εἶναι
1488 2463 1552 2494 τοὺς
1572 2464 1601 2489 ἐν
1617 2466 1672 2496 τοῖς
1691 2466 1848 2501 εὐκτηρίοις

1105 2514 1114 2529 1
1133 2504 1217 2535 οἴκοις
1236 2504 1311 2530 ἔνδον
1327 2506 1415 2537 οἰκίας
1431 2505 1489 2533 οὖσι
1516 2507 1739 2544 λειτουργοῦντας
1754 2512 1847 2547 διωρί-

1104 2560 1113 2576 1
1135 2558 1210 2582 σατο,
1237 2550 1287 2584 τῆς
1306 2551 1527 2586 ἁποκληρώσεως
1550 2554 1671 2590 δηλονότι
1699 2557 1774 2593 παρὰ
1800 2559 1846 2585 τοῦ

1104 2605 1113 2622 1
1135 2596 1206 2621 κατά
1227 2595 1272 2622 τὸν
1285 2597 1370 2623 τόπον
1388 2598 1538 2630 ἐπισκόπου
1556 2601 1646 2633 αὐτοῖς
1668 2603 1845 2638 ἐπινεμηθέί-

1106 2652 1115 2668 1
1135 2651 1195 2677 σης,
1219 2642 1249 2668 Εἰ
1270 2643 1298 2669 δέ
1315 2651 1388 2675 τινες
1402 2645 1477 2679 παρὰ
1496 2647 1616 2679 τούτους,
1632 2648 1679 2674 τοῦ
1697 2650 1845 2677 ἐπισκόπου

1105 2698 1114 2714 1
1135 2688 1171 2724 μὴ
1195 2688 1378 2721 εὐδοκοῦντος,
1397 2690 1442 2721 εὶς
1468 2691 1516 2722 τὰς
1541 2693 1628 2724 οἰκίας
1657 2694 1846 2728 εἰσπίπτοντες

1105 2745 1114 2760 1
1136 2735 1271 2762 ἅπτεσθαι
1285 2737 1335 2771 τῆς
1346 2737 1519 2774 λειτουργίας
1534 2739 1721 2774 ἀποτολμὼσι,
1733 2741 1846 2773 τούτους

1105 2792 1114 2808 1
1136 2783 1185 2817 μὲν
1196 2783 1483 2818 κ-θαιρεῖσθαιοτοϋς
1496 2785 1525 2812 δὲ
1557 2786 1606 2821 τῆς
1632 2787 1724 2813 αὐτῶν
1751 2797 1846 2815 κοινω-

1106 2839 1115 2854 1
1134 2829 1192 2860 νίας
1208 2830 1392 2864 μετασχόντας
1412 2832 1451 2865 τῷ
1475 2833 1619 2868 ἀφορισμῷ
1643 2833 1846 2862 καθυποὸἀλλε-

1107 2885 1116 2901 1
1138 2875 1206 2902 σθαι.
1226 2885 1236 2902 ι
