1942 3095
121 137 184 170 1031

725 141 766 170 IN
785 140 868 170 CAN.
885 139 958 168 Xlll
983 138 1087 179 (ὪΝΟ,
1109 138 1161 168 CP.

1665 136 1731 168 106:1

155 196 254 224 ΒΑΛΣ,
269 196 327 224 Καὶ
355 198 369 223 ὁ
399 197 494 232 παρὼν
518 197 619 229 κανὼν,
646 197 900 232 παρακελευόμενος

987 196 1084 224 BALS.
1094 195 1218 223 Praesens
1229 202 1337 230 quoque
1351 201 1451 225 canon,
1471 193 1516 228 qui
1531 193 1610 229 jubet
1623 192 1734 227 deponi.

119 241 311 276 καθαιρεῖσθαι
323 242 387 274 τοὺς
401 242 628 277 λειτουργοῦντας
642 243 658 278 ἦ
675 243 853 278 βαπτίζοντας
861 244 900 274 εἰς

119 287 251 322 εὖκτήρια
266 288 341 323 παρὰ
355 287 468 323 γνώμην
482 289 719 324 τοῦρπισκὸιτου,⁵
738 288 899 324 ἡρμηνεύυη

120 333 148 358 ὲν
164 332 251 367 τῷλα¹
266 332 358 370 κανόνι
371 332 421 367 τῆς
438 334 467 360 ἐν
479 334 516 368 τῷ
530 334 657 370 Τρούλλῳ
673 334 794 366 συνόδου,
807 334 852 360 καὶ
871 334 900 370 ἒν

119 377 158 411 τῷ
172 378 345 412 ἀποστολικῷ
373 377 414 404 λα’
439 379 549 405 κανόνι·
570 380 616 406 καὶ
650 377 787 413 ἀνάγνωθι
813 379 847 405 τὰ
872 365 901 405 έν

121 423 235 453 ἐκείνοις
252 422 401 457 γραφέντα.
805 452 809 456 τ

155 469 274 494 ΖΩΝΑΡ.
298 469 326 495 '0
338 470 386 503 τῆς
401 469 485 503 ἕκτης
495 470 605 496 συνόδου
616 472 778 505 τριακοστὸς
792 470 900 505 πρῶτος

104 512 221 544 ’κανὼν,
242 510 272 539 οῦ
291 514 429 548 μέμνηται
458 515 471 540 ὁ
500 515 590 541 κανὼν
616 513 702 546 οὗτος,
730 516 901 551 ἡρμήνευται

120 559 187 590 ἐκεῖ,
238 558 378 593 σύμψηφοι
394 560 524 593 γεγόνασι
547 560 595 586 καὶ
608 560 633 586 οἱ
649 560 742 587 τοῦτον
760 560 901 595 ἑκϐἑμενοι

118 604 163 629 τὸν
190 605 299 636 κανόνα,
329 604 472 639 ὁρίσαντες
506 605 790 640 ἀποκεκληρωμένους
820 603 900 638 εἶναι,

117 649 202 684 ἡγουν
233 649 404 685 ὡρισμένους
432 651 480 678 καὶ
497 644 762 686 ἐπι-τετραμμένους,
785 652 902 686 ἐκκεχω-

99 734 102 737 ν
119 695 267 730 ρημένοίις,
279 696 342 727 τοὺς
360 697 389 723 ὲν
405 697 563 732 εὑκτηρίοις
582 698 657 729 ἐντὸς
672 697 756 724 οίκων
767 697 828 723 οὖσι
843 697 900 723 λει-

116 743 244 776 τουργεῖν
273 743 419 776 μέλλοντας
444 743 495 777 τῆς
522 743 750 778 ἀποκληρώσεως,
778 745 900 770 τουτέστι

117 789 166 822 τῆς
182 790 375 824 ἐκχωρήσεως,
393 790 468 824 παρὰ
481 789 528 815 τοῦ
550 790 621 816 κατὰ
637 790 728 825 χώραν
745 788 900 816 ἐπισκόπου

117 835 275 869 γινομένης.
292 835 323 861 Et
348 835 371 862 δ’
394 835 483 870 ἕτεροί
503 844 576 866 τινες
600 836 675 871 παρὰ
697 836 760 868 τοὺς
777 837 901 870 ἐκχωρη-

118 881 215 912 Θέντας
228 881 394 916 τολμήσουσι
404 882 596 918 λειτουργῆσαι
610 884 639 909 ἐν
648 883 814 921 εὐκτηρίοις,
824 883 899 909 οὖσιν

118 927 192 958 ὲντὺς
208 927 311 959 οἰκιῶν,
326 927 391 955 ἄνευ
409 927 521 963 γνώμης
536 928 585 954 τοῦ
601 929 764 961 ἐπισκόπου,
777 928 899 960 ἐκείνους

118 972 168 1006 μὲν
185 973 387 1008 καθαιρεῖσθαι.
398 975 462 1006 τοὺς
480 974 510 1002 δὲ
524 977 797 1011 συγκοινωνήσαντας
807 977 900 1007 αὐτοῖς

117 1019 308 1053 ἀφορίζεσθαι.

119 1076 229 1104 ΑΡΙΣΤ.
249 1087 258 1103 1
278 1078 380 1113 Μηδεὶς
401 1079 429 1105 ὲν
454 1077 519 1113 ναῷ.
538 1078 611 1105 ἔνδον
628 1079 717 1110 οἰκίας
730 1081 900 1114 τυγχάνοντι,

149 1133 167 1146 ηι
185 1123 376 1158 λειτουργείτω
391 1125 407 1160 ἦ
427 1124 582 1159 βαπτιζέτω
599 1125 729 1160 κληρικὸς
746 1125 901 1161 παραγνῶ-

157 1178 166 1194 1
188 1178 241 1204 μην
252 1170 299 1196 τοῦ
315 1170 477 1196 ἐπισκόπου·
498 1171 671 1206 καθαιρεῖται
699 1171 764 1206 γάρ.
785 1171 901 1198 Ἀποκε-

158 1224 168 1241 1
188 1216 363 1251 κληρωμένοι
379 1214 425 1243 οὖν
451 1216 527 1252 παρὰ
543 1217 589 1243 τοῦ
615 1217 765 1244 ἐπισκόπου
781 1217 904 1244 ἔστωσαν

158 1271 167 1287 1
189 1263 214 1288 οἱ
237 1263 269 1288 ἐν
280 1263 436 1298 εὐκτηρίοις
449 1262 523 1289 ἔνδον
539 1264 621 1290 οἴκων
638 1263 698 1289 οὖσι
712 1261 904 1300 λειτουρΫοῦν-

159 1317 168 1333 1
189 1317 244 1340 τες.
262 1310 294 1336 Οἱ
307 1309 336 1335 δὲ
360 1308 434 1344 παρὰ
446 1309 524 1336 τοῦτο
539 1309 692 1344 τολμῶντες
705 1309 903 1344 καθαιρείσθω-

158 1363 168 1380 1
191 1363 251 1381 σαν·
266 1359 313 1382 καὶ
324 1356 348 1382 οἱ
367 1355 560 1387 κοινωνοῦντες
576 1355 809 1391 ἀφοριζέσθωσαν.
837 1365 847 1382 ι

417 1423 538 1449 ΚᾹΝΩΝ
556 1423 603 1451 π’.

125 1487 134 1504 1
159 1479 213 1510 Τὰς
228 1479 283 1505 τῶν
298 1480 445 1514 αἱρετικῶν
456 1480 584 1512 ζιζανίων
595 1470 748 1515 ἐπισπορΙὰς
761 1482 789 1508 ἐν
809 1483 842 1517 τῇ
855 1482 902 1508 τοῦ

159 1534 169 1550 1
188 1525 305 1561 Χριστοῦ
326 1526 478 1562 ,Ἐκκλησία
500 1528 514 1553 ὁ
534 1527 712 1562 παμπόνηρος
729 1528 904 1561 καταῦαλὼν,

160 1582 169 1598 1
190 1573 236 1599 καὶ
251 1573 352 1604 ταύτας
380 1573 451 1608 ὁρῶν
467 1574 499 1608 τῇ
529 1573 652 1609 μαχαίρᾳ
680 1573 727 1599 τοῦ
747 1574 905 1609 Πνεύματος

164 1629 173 1644 1
191 1619 362 1654 τεμνομένας
376 1619 552 1655 προρρίζους,
568 1620 610 1653 ἐφ’
624 1620 722 1655 ἑτέραν
734 1618 800 1655 ἦλθε
824 1619 905 1654 μεθο-

159 1676 168 1692 1
187 1667 261 1697 δείας
281 1666 339 1692 ὁδὸν
364 1667 396 1701 τῇ
419 1666 474 1691 τῶν
495 1665 683 1701 σχισματικῶν
701 1667 786 1702 μανίᾳ
806 1667 837 1693 τὸ
856 1666 904 1693 τοῦ

159 1721 168 1737 1
187 1712 306 1747 Χριστοῦ
325 1712 404 1746 σῶμα
434 1711 557 1747 μερίζειν
581 1713 739 1747 ἐπιχειρῶν·
771 1713 839 1740 ἀλλὰ
858 1714 905 1739 καὶ

158 1752 292 1792 (ταύτην
318 1758 400 1784 αὑτοῦ
423 1757 472 1792 τὴν
497 1757 677 1792 ὲπιὸουλὴνή
706 1758 770 1792 ἁγία
798 1758 905 1789 σύνοδος

160 1814 170 1830 1
192 1803 405 1839 ἀναστέλλουσα,
418 1803 558 1834 παντελῶς
574 1803 659 1839 ὥρισε
674 1803 721 1830 τοῦ
740 1804 836 1830 λοιποῦ
850 1804 904 1834 ἵνα,

160 1859 168 1875 1
187 1849 265 1881 εἴτις
294 1848 507 1883 πρεσϐύτεροςῆ
535 1849 668 1880 διάκονος,
691 1848 728 1879 ὡς
755 1849 834 1883 δῆθεν
861 1848 904 1875 ἐπ’

161 1904 170 1920 1
193 1894 349 1929 ἐγκλήμασί
374 1902 432 1931 τισιν
454 1893 501 1919 τοῦ
521 1893 623 1921 οἰκείου
648 1894 829 1928 κατεγνωκὼς
847 1896 906 1920 ἐπι-

162 1951 171 1968 1
193 1942 307 1973 σκοποῦ,
327 1941 379 1976 πρὸ
397 1940 538 1975 συνώικῆς
551 1939 735 1974 διαγνώσεως,
752 1941 799 1967 καὶ
816 1940 906 1973 ἐξετά-

162 1997 171 2013 1
193 1996 274 2018 σεως,
287 1987 390 2021 καὶτῆς
404 1986 447 2013 ἐπ’
457 1986 530 2021 αὐτῷ
540 1986 644 2017 τελείοις
653 1987 840 2022 κατακρίσεως
850 1987 905 2022 (55)

161 2043 169 2059 1
189 2033 350 2068 ἀποστῆναι·
364 2033 495 2068 τολμήσαι
520 2032 569 2067 τῆς
586 2032 666 2059 αὑτοῦ
690 2033 843 2063 κοινωνίας,
859 2033 906 2059 καὶ

162 2090 170 2104 1
190 2080 220 2106 τὸ
237 2079 321 2114 δνομα
336 2079 419 2106 αὑτοῦ
433 2080 462 2105 ἐν
478 2081 538 2110 ταῖς
555 2079 641 2113 ἱεραῖς
658 2079 713 2114 (56)
726 2079 780 2105 τῶν
789 2080 908 2114 λειτουρ·

161 2135 170 2151 1
193 2124 261 2159 γιῶν
276 2126 457 2160 εὐχαῖς.κατὰ
465 2124 496 2150 τὸ
512 2124 730 2163 παραδεδομένον
741 2126 772 2159 τῇ
795 2125 907 2160 Ἐκκλη-

160 2181 169 2196 1
192 2171 238 2206 σίᾳ
254 2171 291 2206 μὴ
302 2171 443 2206 ἀναφέροι,
455 2171 549 2197 τοῦτον
564 2170 724 2197 ὑποκεῖσθαι
734 2171 905 2205 καθαιρέσει,

161 2229 170 2244 ι
191 2220 237 2246 καὶ
257 2219 346 2254 πάσης
366 2219 506 2254 ἱερατικῆς
529 2218 741 2253 ἁποστερεῖσῦαι
757 2217 852 2252 τιμῆς.
875 2218 905 2244 ὐ

162 2276 171 2292 1
191 2266 245 2301 γὰρ
258 2267 286 2292 ἐν
309 2266 495 2301 πρεσϐυτέρου
508 2265 584 2298 τάξει
600 2265 779 2300 τεταγμένος,
792 2266 838 2292 καὶ
849 2265 905 2291 τῶν

161 2321 170 2337 1
193 2311 398 2347 μητροπολιτῶν
423 2311 554 2346 ἁρπάξων
581 2311 631 2345 τὴν
661 2311 762 2346 κρίσιν,
781 2312 839 2339 -νκαὶ
854 2311 906 2346 πρὸ

163 2369 172 2384 1
194 2359 312 2394 κρίσεως
328 2358 409 2389 αὐτὸς
436 2358 620 2394 κατακρίνων,
639 2358 700 2384 ὅσον
719 2358 749 2384 τὸ
776 2357 820 2384 ἐπ’
833 2358 907 2392 αὐτῷ

162 2414 172 2429 1
196 2405 242 2430 τὸν
258 2405 358 2430 οἰκεῖον
383 2403 489 2438 πατέρα
506 2403 554 2430 καὶ
576 2403 735 2435 ἐπίσκοπον,
751 2400 827 2434 οὗτος
847 2404 907 2430 οὐδὲ

164 2460 173 2476 1
195 2452 244 2485 τῆς
259 2450 305 2476 τοῦ
322 2441 509 2484 πρεσϐυτέρου
530 2450 603 2476 ἐστὶν
619 2449 693 2489 ἄξιος
712 2450 798 2485 τιμῆς
813 2450 829 2485 ἦ
847 2449 908 2476 ὀνο-

164 2505 174 2521 1
194 2495 304 2530 μασίας.
318 2495 350 2521 Οἱ
364 2494 392 2520 δὲ
409 2494 515 2525 τούτοις
535 2494 723 2529 συνεπόμενοι,
738 2495 761 2520 εί
783 2494 833 2529 μὲν
851 2494 907 2520 τῶν

165 2552 174 2568 ι
196 2540 352 2577 ἱερωμένων
377 2539 434 2567 εἶέν
449 2548 532 2572 τινες,
563 2539 610 2567 καὶ
632 2540 709 2567 αὐτοὶ
735 2540 783 2575 τῆς
805 2540 908 2570 οἰκείας

919 1567 940 1596 ο
950 1586 953 1595 κ

922 2245 943 2272 D

950 253 998 272 eos
1014 244 1060 278 qui
1081 234 1221 270 celebrant
1237 241 1278 269 vel
1293 241 1430 275 baptizant
1446 240 1472 267 in
1491 240 1618 268 oratoriis
1636 243 1733 274 pra-ter

951 289 1070 324 episcopi
1090 289 1257 316 voluntatem
1269 307 1277 319 ,
1296 286 1439 320 expositus
1456 290 1496 312 est
1519 286 1544 311 in
1558 292 1620 311 can.
1636 285 1665 311 ’51
1689 292 1733 318 sy-

951 336 1014 363 nodi
1031 337 1057 362 in
1073 335 1176 366 Trullo,
1192 339 1220 360 et
1237 334 1263 359 in
1281 340 1385 360 canone
1399 331 1550 367 apostolico
1562 331 1592 358 51
1610 339 1617 357 :
1636 335 1663 357 et
1677 331 1734 364 lege
1751 341 1754 346 ι

951 391 1011 417 ηοω
1025 383 1051 408 in
1072 382 1126 409 illis
1141 382 1242 415 scripta
1260 385 1333 406 SunL

986 472 1112 501 ZONAR.
1129 471 1310 505 Triccsimum
1330 469 1444 504 primum
1462 472 1544 495 sexta;
1571 467 1666 503 synodi
1688 474 1735 493 ca-

953 529 1048 548 nonem
1067 519 1144 553 cujus
1172 519 1215 545 hic
1233 525 1322 544 canon
1343 515 1476 545 meminit.
1497 515 1596 541 ibidem
1618 514 1736 548 explica-

953 568 1052 599 vimus.
1070 567 1099 593 ln
1119 567 1241 593 eamdem
1258 563 1420 599 sententiam
1440 562 1512 588 hunc
1528 568 1635 596 quoque
1650 567 1732 587 cano-

952 622 1014 641 ncm
1031 613 1124 640 Patres
1144 599 1265 642 edidere,
1282 617 1335 643 quo
1361 608 1468 643 quidem
1483 613 1519 645 rut
1534 607 1580 642 qui
1603 608 1628 633 in
1645 607 1736 641 priva-

951 666 1041 687 torum
1055 659 1159 686 aedibus
1174 665 1252 684 sacra
1271 656 1372 682 facturi
1389 660 1463 686 sunt,
1478 662 1492 681 a
1509 654 1582 680 clero
1593 654 1737 686 segregati.

952 706 1004 732 hoc
1024 709 1076 736 est,
1093 704 1191 731 delecti
1208 708 1235 730 et
1249 702 1361 729 admissi
1375 700 1561 734 descriptique
1578 700 1632 727 sint
1644 706 1738 733 segre-

952 751 1070 786 gatione,
1087 750 1138 776 hoc
1151 753 1202 779 est.
1217 748 1408 783 designatione
1418 754 1433 773 a
1447 747 1496 773 loci
1513 746 1641 779 episcopo
1654 744 1738 773 facta.

951 797 1110 827 decernunt.
1129 794 1206 827 Quod
1228 794 1250 821 si
1267 793 1313 820 alii
1330 795 1497 826 quicunque,
1516 797 1610 825 przeier
1628 798 1675 817 eos
1689 791 1737 824 qui

952 840 1085 875 designati
1102 839 1203 866 fuerint
1228 839 1255 865 in
1278 838 1446 873 privatorum
1469 837 1589 867 sacellis,
1613 843 1668 862 non
1686 836 1739 862 ob—

952 891 1025 914 tenta
1045 887 1080 913 ab
1096 885 1226 920 episcopo
1242 884 1382 916 facultate,
1401 891 1479 911 sacra
1495 882 1587 910 facere
1601 890 1662 910 ausr
1677 882 1737 910 l'ue-

952 933 1023 966 rint;
1040 932 1115 967 ipsos
1131 932 1241 967 quidem
1258 931 1355 966 deponi
1375 950 1384 964 ,
1401 931 1448 965 qui
1471 938 1535 958 vero
1557 930 1597 957 eis
1614 937 1737 957 commu-

952 972 1117 1009 n‘icaverint.
1132 978 1266 1014 segregari
1279 978 1389 1012 jubent.

987 1083 1099 1111 ARIST.
1123 1092 1132 1111 1
1153 1083 1250 1110 Nullus
1276 1075 1392 1110 clericus
1416 1083 1443 1110 in
1474 1082 1588 1117 templo,
1613 1081 1684 1116 quod
1711 1080 1740 1107 in

957 1139 966 1156 1
987 1130 1091 1157 aedibus
1115 1134 1157 1157 est
1187 1137 1267 1157 sacra
1290 1128 1428 1158 celebret.
1447 1129 1488 1156 vel
1515 1128 1644 1161 baptizet,
1670 1126 1739 1154 citra

956 1185 966 1203 1
987 1176 1109 1211 episcopi
1128 1175 1310 1208 sentenliam;
1328 1182 1389 1201 nam
1409 1174 1564 1208 deponitur.
1581 1173 1632 1206 Qui
1657 1173 1740 1208 igitur

957 1230 967 1246 1
987 1221 1014 1248 in
1030 1221 1169 1252 oratoriis,
1179 1228 1239 1255 quae
1254 1225 1317 1247 sunt
1329 1220 1398 1246 intra
1410 1220 1482 1247 mdes
1496 1227 1572 1246 sacra
1587 1218 1740 1248 celebrant,

956 1275 967 1293 1
985 1267 1019 1294 ab
1038 1266 1164 1302 episcopo
1187 1267 1260 1294 clero
1277 1266 1457 1301 expellantur.
1483 1265 1533 1298 Qui
1555 1271 1618 1291 vero
1642 1267 1741 1298 pra'ter

957 1320 966 1337 1
988 1310 1045 1338 haec
1061 1312 1149 1338 facere
1165 1312 1223 1338 ausi
1242 1311 1355 1343 fuerint,
1374 1311 1556 1345 deponantur.
1575 1309 1608 1336 Et
1632 1309 1678 1344 qui
1703 1309 1741 1336 iis

958 1366 967 1383 1
989 1357 1202 1388 cominunicant.
1218 1361 1406 1392 segregentur.
1426 1366 1435 1382 ι

1234 1423 1349 1461 διιΝοιῖ
1382 1423 1454 1463 xm.

958 1490 967 1507 1
990 1481 1185 1509 Hmreticarum
1203 1481 1367 1508 zizaniarum
1389 1481 1496 1512 semina
1517 1482 1543 1508 in
1561 1481 1662 1509 Christi
1687 1481 1740 1509 Ec.

994 1537 1003 1553 1
1023 1528 1104 1555 clesia
1121 1527 1254 1563 malignus
1271 1528 1411 1562 dejiciens,
1427 1533 1452 1554 et
1467 1535 1513 1555 eas
1528 1527 1624 1555 videns
1649 1528 1739 1563 gladio

995 1582 1004 1599 1
1025 1573 1143 1608 Spiritus
1160 1573 1281 1601 exscindi
1302 1573 1442 1604 radicitus,
1461 1574 1493 1600 ad
1510 1573 1589 1600 aliam
1608 1575 1679 1601 venit
1695 1574 1739 1600 in-

992 1629 1001 1646 1
1020 1620 1152 1647 sidiarmn
1165 1619 1248 1651 viam,
1263 1619 1497 1646 Schismaticorum
1515 1619 1620 1647 insania
1635 1619 1737 1646 Christi

992 1675 1002 1692 1
1024 1674 1123 1701 corpus
1144 1666 1265 1693 dividere
1283 1665 1443 1700 aggrediens
1467 1673 1473 1691 :
1499 1666 1546 1693 sed
1561 1671 1588 1692 et
1614 1666 1662 1692 has
1679 1666 1741 1700 ejus

992 1723 1001 1739 1
1023 1713 1135 1740 insidias
1161 1719 1255 1740 sancta
1283 1711 1404 1748 synodus
1427 1713 1603 1747 reprimens,
1628 1713 1740 1740 omnino

993 1770 1002 1786 1
1024 1760 1128 1787 deﬁniit
1144 1759 1285 1794 deinceps.
1303 1763 1332 1786 ut
1348 1759 1371 1787 si
1386 1760 1448 1794 quis
1462 1759 1603 1794 presbyter
1625 1762 1664 1787 vel
1682 1759 1742 1786 dia-

994 1816 1003 1832 1
1021 1814 1106 1833 conus
1122 1825 1128 1837 ,
1145 1810 1172 1832 ιιι
1187 1806 1232 1841 qui
1249 1806 1342 1840 utique
1366 1805 1401 1833 ob
1423 1806 1512 1840 aliqua
1538 1805 1652 1833 crimina
1677 1814 1740 1841 pro-

994 1862 1003 1878 1
1024 1853 1113 1887 prium
1139 1852 1296 1887 episcopum
1313 1852 1514 1890 condemnarit,
1537 1857 1600 1881 ante
1622 1852 1741 1884 synoda-

994 1908 1003 1924 1
1022 1899 1072 1926 lem
1089 1898 1270 1933 cognitionem
1295 1902 1321 1924 et
1345 1891 1584 1930 examinationem,
1604 1902 1630 1925 et
1653 1898 1741 1932 perfe-

993 1954 1001 1970 1
1023 1949 1095 1971 ctam
1112 1944 1171 1978 ejus
1189 1943 1442 1970 condemnationem
1454 1963 1461 1974 ,
1478 1943 1511 1969 ab
1532 1943 1603 1969 illius
1620 1951 1727 1970 cunmm

993 2000 1004 2017 ι
1023 1990 1105 2018 nione
1117 1990 1260 2018 discedere
1275 1997 1359 2016 ausus
1374 1989 1452 2015 fuerit
1464 1994 1490 2015 et
1508 1988 1567 2022 ejus
1593 1996 1689 2016 nomen
1714 1988 1740 2014 in

997 2046 1006 2062 1
1028 2036 1115 2064 sacris
1143 2036 1354 2063 celebrationum
1384 2035 1530 2069 precibus,
1555 2039 1584 2061 ut
1615 2035 1743 2062 Ecclesia:

995 2092 1004 2108 1
1028 2081 1223 2113 lradilum’esl,
1241 2089 1294 2108 non
1310 2073 1422 2112 referat.
1440 2080 1462 2106 is
1481 2080 1639 2114 depositioni
1656 2080 1740 2114 subji-

995 2138 1004 2154 1
1020 2126 1112 2156 'ciatur
1126 2149 1133 2160 ,
1151 2132 1178 2155 et
1196 2128 1270 2154 onmi
1294 2127 1456 2155 sacerdotali
1486 2127 1588 2154 honore
1611 2127 1741 2161 privetur.

994 2183 1004 2200 1
1023 2174 1075 2207 Qui
1094 2174 1166 2201 enim
1181 2178 1223 2200 est
1243 2173 1269 2200 in
1287 2172 1451 2201 sacerdotali
1469 2172 1567 2199 ordine
1580 2172 1741 2203 collocatus,

997 2230 1006 2246 1
1025 2225 1051 2248 et
1066 2220 1336 2255 metropolitanorum
1348 2219 1480 2253 judicium
1496 2218 1629 2253 prmripil,
1644 2223 1669 2245 et
1681 2222 1742 2244 ante

997 2275 1007 2292 1
1024 2265 1155 2301 judicium
1175 2265 1241 2300 ipse,
1265 2271 1398 2299 quantum
1420 2264 1447 2290 in
1473 2271 1501 2291 se
1529 2263 1580 2294 est,
1598 2264 1739 2297 proprium

997 2322 1007 2338 1
1028 2316 1131 2347 patrem
1146 2316 1172 2338 et
1188 2308 1345 2345 episcopum
1366 2309 1553 2342 condemnat;
1570 2310 1592 2336 is
1617 2317 1665 2335 nec
1683 2317 1743 2343 prc-

997 2368 1006 2384 1
1029 2357 1131 2393 sbyteri
1151 2357 1262 2388 honore,
1280 2365 1330 2383 nec
1357 2356 1466 2383 nomine
1491 2356 1588 2391 dignus
1612 2361 1663 2382 est.
1690 2355 1743 2387 Qui

997 2413 1007 2428 1
1025 2409 1115 2430 autem
1130 2410 1177 2430 eos
1192 2406 1409 2435 consequuntur,
1421 2401 1443 2428 si
1461 2401 1516 2428 sint
1531 2400 1641 2435 quidem
1658 2408 1689 2427 ex
1709 2401 1744 2426 iis

997 2458 1007 2474 1
1029 2450 1074 2484 qui
1091 2453 1155 2476 sunt
1178 2449 1264 2475 sacris
1279 2448 1389 2478 initiati,
1406 2448 1456 2481 ipsi
1469 2455 1579 2482 quoque
1598 2455 1613 2473 a
1631 2446 1745 2480 proprio

999 2504 1008 2521 1
1027 2495 1130 2521 honore
1143 2494 1270 2520 excidant
1286 2501 1292 2519 :
1310 2494 1351 2520 sin
1368 2497 1460 2520 autem
1479 2492 1532 2519 sint
1552 2491 1689 2519 monachi.
1702 2490 1742 2515 \ei

1001 2549 1010 2565 1
1031 2539 1103 2571 laici,
1119 2547 1150 2566 ex
1167 2538 1289 2566 Ecclesia
1316 2539 1428 2565 omnino
1445 2542 1635 2572 segregentur;
1656 2535 1744 2562 donec

734 2618 826 2649 Guill.
848 2619 1008 2658 Beveiegii
1030 2622 1124 2650 noue.

167 2699 223 2732 (55)
241 2699 295 2724 Kal
321 2697 376 2731 τῆς
392 2696 447 2722 ’ἐπ’
469 2694 548 2732 αὺζῷ
565 2695 680 2732 τελείας
696 2695 911 2732 κατακρίσεως.

131 2729 193 2761 Haec
203 2729 284 2760 verba
301 2729 451 2759 nonwmodo
468 2732 495 2757 in
511 2730 656 2756 Pnristensi
671 2729 800 2762 editione,
815 2738 909 2756 verum

132 2772 212 2795 etiam
237 2769 262 2794 in
283 2768 377 2794 codice
391 2766 608 2793 Amerhachiano
621 2765 795 2791 omittuntur.
815 2764 867 2791 Sed
881 2766 909 2791 in

133 2804 239 2832 Tiliano
255 2810 331 2837 aeque
345 2810 378 2829 ac
401 2803 427 2827 in
452 2801 598 2828 Bodleiano
627 2805 721 2826 noser
745 2808 794 2827 ms.
815 2801 911 2835 legun-

134 2846 225 2908 ωῗὸὓ)
242 2872 294 2899 Καὶ
309 2871 340 2898 τὸ
353 2871 445 2906 ὄνομα
464 2869 557 2897 αὑτοῦ
576 2869 611 2896 ἐν
625 2869 689 2902 ταῖς
704 2869 804 2903 ἱεραῖς.
825 2869 909 2896 Nimi-

967 2703 1027 2722 rum
1047 2702 1107 2721 cmn
1123 2701 1201 2722 sacra
1231 2693 1361 2728 mysteria
1386 2695 1562 2728 peraguntur.
1580 2688 1656 2716 Tunc
1669 2689 1743 2716 enim

967 2729 1097 2757 sacerdos
1114 2737 1163 2764 pro
1177 2725 1555 2764 episc6p0_subnominatim
1575 2733 1653 2752 orare
1669 2729 1742 2764 tene-

967 2771 1010 2792 tnr
1032 2770 1081 2791 :ut
1107 2760 1133 2791 in
1162 2760 1279 2797 Liturgii
1301 2760 1495 2797 Chrysostomi
1514 2761 1587 2797 inlee
1608 2760 1743 2797 orandum

967 2801 1037 2827 dicit‘
1051 2801 1098 2826 καὶ
1121 2800 1192 2831 ὑπὲρ
1206 2795 1422 2831 ἀρᾷιεπισκῦπου
1438 2795 1527 2830 ἡμῶν,
1543 2797 1556 2822 ό
1578 2795 1673 2828 δεῖνος,
1698 2795 1744 2822 Si:

965 2835 1066 2870 passim
1081 2836 1107 2861 in
1122 2833 1296 2866 Euchologio.
1669 2839 1674 2848 ι
