1942 3095
107 155 175 187 1069

686 155 726 184 ΙΝ
744 154 827 185 CAN.
849 155 899 183 XV
918 154 1021 184 CONC.
1044 155 1152 185 CPOL.

1668 151 1736 184 1070

108 211 223 245 όφείλειν
236 212 297 242 τοὺς
308 211 448 241 τοιούτους
455 211 502 237 ἐπὶ
515 210 609 245 καιρόν
621 218 680 236 τινα
693 210 742 244 τῆς
755 209 892 244 ἱερατείας

946 211 1076 244 temporis
1099 210 1186 244 spatio
1209 218 1223 236 a
1249 211 1403 238 sacerdotio
1424 218 1542 242 cessare,
1570 213 1595 237 et
1615 217 1668 236 non
1688 211 1736 236 dc-

105 258 252 289 παύεσθαι,
270 259 314 285 καὶ
344 258 381 292 μὴ
400 257 601 292 καθαιρεῖσθαι.
634 255 843 291 Ἐγκληματικά
864 256 892 281 δὲ

105 303 256 338 αἱτιάματά
274 305 326 329 εἰσι
343 302 469 337 πορνεία,
480 302 627 337 ἱεροσυλία,
645 302 691 327 καὶ
705 302 759 327 τῶν
773 302 893 327 κανόνων

104 350 234 393 ἀθέτησιις
246 368 253 374 .
270 348 368 379 Καλῶς
379 347 406 373 δὲ
422 346 497 373 εἶπεν
511 348 525 373 ὁ
537 346 626 373 κανὼν
642 347 813 377 ἐπαινετέους
824 345 893 372 εἶναι

64 392 70 399 ”
106 394 169 425 τοὺς
186 392 386 429 ἀποσχίςοντας
413 393 528 423 ἑαυτοὺς
545 393 592 419 καὶ
608 392 661 427 πρὸ
677 393 826 426 καταδίκης
842 392 895 418 ἀπὸ

105 441 159 466 τῶν
177 440 295 476 δημοσίᾳ
311 439 494 466 διδασκόντων
518 440 646 475 αἱρετικὰ
666 439 830 473 διδάγματα,
847 439 895 464 καὶ

105 487 191 513 ὄντων
206 487 355 522 προφανῶς
372 487 530 521 αίρετικῶν.
561 485 593 511 Εἰ
606 486 659 520 γὰρ
675 485 825 519 ἀπόκρυφα
849 485 896 511 καὶ¹

106 533 175 568 μετὰ
197 534 348 567 ὑποστολῆς
360 532 550 569 ψιθυρίζονται
567 532 602 558 τὰ
613 532 662 567 τῆς
675 532 807 566 αἱρέσεως
820 532 905 566 παρὰί

106 582 154 608 τοῦ
176 581 287 616 πρώτου
305 581 342 613 ὡς
365 583 398 609 ἂν
419 582 647 617 ἀμφιϐάλλοντος,
664 582 715 607 οὐκ
729 581 832 615 ὀφείλει
853 589 896 609 τις

104 628 134 660 ἐξ
150 627 233 654 αὐτοῦ
251 628 304 662 πρὸ
327 626 478 663 καταδίκης
506 627 717 663 ἀποσχισθῆναιι
748 627 824 658 εξκδς
841 628 896 662 γάρ

59 684 62 685 ν
103 674 162 700 ἐστι
181 674 456 710 μεταρρυῦμισϐἧναι
487 674 582 700 τοῦτον
600 674 668 708 πρὸς
693 674 724 700 τὸ
754 673 895 708 όρθόδοξον

104 720 157 755 πρὸ
174 720 223 755 τῆς
234 720 360 752 ἐντελοῦς
385 722 562 755 ἀποφάσεως,
592 720 639 747 καὶ
675 720 827 755 ἀποστῆναι
847 720 896 752 τῆς

102 766 245 801 αἱρέσεως.
263 767 424 801 Σημείωσανι
437 767 523 793 ταῦτα
539 767 606 797 ἴσως
629 766 807 801 ὠφελήσονται.
827 767 896 791 κατὰ

103 812 160 836 τῶν
180 811 313 845 λεγόντων
341 813 378 847 μὴ
408 812 498 843 καλῶς
518 813 591 847 ἡμᾶς
611 811 812 846 ἀποσχισθῆναι
841 811 895 836 ἀπὸ

101 857 151 883 τοῦ
168 857 266 893 θρόνου
294 858 344 892 τῆς
360 858 478 889 παλαιᾶς
499 857 621 893 Ῥώμης,
637 858 690 892 πρὸ
709 857 758 883 τεῦ
778 856 893 883 καταδι-

101 905 238 940 κασθῆναι
252 905 316 936 τοὺς
331 905 397 940 περὶ
419 905 522 940 ταύτην
536 906 572 936 ὡς
594 905 781 938 κακόφρονας.
809 905 863 930 Καὶ
880 905 894 928 ὁ

103 951 154 984 μὲν
169 950 266 985 παρὼν
282 951 373 977 κανὼν
382 952 445 982 τοὺς
465 952 510 978 διὰ
523 951 694 986 δογματικὴν
711 951 801 977 αἰτίαν
826 951 893 976 ἁπο-

101 997 276 1031 τειχίζοντας
292 998 321 1024 οὐ
337 998 460 1029 κολάζει·
475 999 488 1024 ό
506 998 534 1024 δὲ
549 995 590 1023 λα’
611 997 789 1028 ὰποστολικὸς
802 997 894 1024 κανὼν

102 1044 151 1069 καὶ
165 1044 229 1075 τοὺς
242 1044 456 1077 κατεγνωκότας
471 1044 526 1070 τῶν
542 1044 652 1069 οἰκείων
677 1043 835 1069 ἐπισκόπων
856 1044 894 1074 ὡς

101 1089 245 1124 προδήλως
256 1090 422 1117 ἀδικούντων
443 1090 490 1116 καὶ
502 1089 710 1124 ἀποσχίσαντας
725 1089 755 1120 ἐξ
786 1089 887 1119 αὐτῶν,

100 1135 265 1167 ἀνευθύνους
280 1145 362 1171 συντη
368 1137 419 1171 ρεῖ.

140 1225 355 1261 ΖΩΝΛΡ.’¹Απερ
368 1226 470 1261 ὥρισαν
483 1227 506 1252 οἱ
520 1226 569 1261 τῆς
582 1225 690 1252 συνόδου
700 1225 818 1260 Πατέρες
834 1224 895 1258 περὶ

103 1261 309 1308 μητροπολίτῶν
326 1274 372 1299 καὶ
385 1273 552 1303 ἐπισκόπων,
574 1272 661 1298 ταῦτα
686 1272 793 1305 λέγουσι
817 1271 896 1298 πλέον

100 1318 234 1354 ἁρμόζειν
248 1319 297 1346 καὶ
307 1319 373 1354 περὶ
383 1319 571 1354 πατριαρχῶν.
581 1319 612 1344 Εἰ
622 1319 676 1353 γάρ
693 1327 744 1349 τις,
758 1319 833 1352 φασὶ,
846 1326 897 1352 μη-

99 1353 287 1400 τροπολίτηςῆ
300 1365 447 1397 ἐπίσκοπος
461 1364 672 1400 ἣπρεσῦύτερος
686 1365 816 1398 τολμήσει
832 1365 898 1389 ἀπο-

102 1412 198 1446 στῆναι
213 1411 260 1437 τοῦ
282 1412 474 1445 συγκοινωνεῖν
503 1411 541 1445 τῷ
559 1410 716 1445 πατριάρχῃ
743 1409 898 1440 αὐτοῦ,καὶ

99 1457 250 1490 ἀναφέρειν
260 1456 291 1482 τὸ
300 1456 386 1491 ὖνομα
400 1455 483 1482 αὐτοῦ
496 1456 587 1491 πρὶνῆ
601 1456 738 1490 ὲμφανίσῃ
748 1456 780 1489 τῇ
796 1454 898 1488 συνόδῳ

99 1502 173 1528 κατὰ
179 1503 227 1528 τοῦ
242 1503 422 1537 πατριάρχου,
432 1503 480 1528 καὶ
491 1502 543 1538 πρὸ
553 1500 599 1527 τοῦ
611 1501 786 1532 ἐξετασθῆναι
796 1500 894 1531 ταῦτα,

947 256 1021 290 poni.
1048 257 1209 284 Criminales
1240 262 1328 285 autem
1347 265 1437 284 causae
1464 262 1538 289 sunt.
1564 256 1732 288 fornicatio,

946 303 1128 338 sacrilegium,
1153 308 1181 331 et
1199 311 1332 332 canonum
1363 304 1545 339 transgressio
1564 311 1595 331 ac
1613 308 1734 331 contem-

947 353 1020 383 ptus.
1037 348 1120 377 Recte
1136 355 1226 377 autem
1246 350 1315 377 dixit
1329 357 1416 378 canon
1432 358 1480 378 eos
1492 358 1554 377 esse
1573 350 1734 380 laudandos.

946 394 992 428 qui
1009 394 1127 429 seipsos.
1153 395 1234 422 etiam
1261 399 1324 422 ante
1347 396 1615 434 condemnationem,
1632 396 1666 422 ah
1686 396 1730 427 iis,

946 439 993 474 qui
1024 440 1168 467 haereticas
1185 441 1323 467 doctrinas
1346 441 1454 475 publice
1475 442 1574 468 docent
1589 461 1595 471 ,
1619 445 1645 468 et
1669 445 1734 467 sunt

947 490 1039 521 aperte
1056 487 1175 514 haeretici
1190 488 1355 515 abscindunt
1384 488 1412 515 Si
1435 489 1508 516 enim
1533 488 1687 515 clanculum
1706 494 1734 515 ct

946 540 1007 559 cum
1023 533 1140 567 quadam
1157 534 1338 564 haesitatione.
1352 534 1451 568 praesul
1467 539 1496 561 ut
1511 534 1662 568 ambigens,
1677 536 1730 562 ha.“

947 579 1031 606 retica
1060 579 1196 614 loquatur,
1217 588 1272 608 non
1296 581 1376 608 debet
1398 581 1461 615 quis
1481 581 1514 608 ab
1529 589 1561 608 eo
1589 589 1731 616 propterea

947 630 1011 652 ante
1026 627 1282 654 condemnationem
1309 627 1440 654 abscindi.
1466 626 1511 654 Est
1534 628 1606 654 enim
1636 629 1733 654 verisi-

947 673 1023 705 mile,
1045 673 1103 700 fore
1117 677 1147 700 ut
1164 673 1197 700 ad
1220 673 1403 701 orthodoxam
1418 674 1582 701 sententiam
1599 679 1661 700 ante
1675 681 1735 708 βοι-⁴

946 719 1045 746 fcctam
1062 719 1253 753 prolatamque
1273 719 1300 746 in
1316 726 1377 746 eum
1393 720 1557 746 sententiam
1574 720 1734 750 reducatur,

946 770 974 792 et
990 765 1024 792 ab
1040 765 1136 792 haeresi
1151 765 1276 793 desistat.
1296 763 1364 791 Nota
1386 765 1452 797 haec,
1469 772 1529 799 qua:
1542 764 1659 792 fortasse
1674 773 1736 799 pro-

947 811 1045 837 Ilerunt
1060 810 1191 838 adversus
1211 818 1260 838 eos
1276 811 1322 845 qui
1349 810 1444 838 dicunt
1470 817 1519 838 nos
1542 818 1595 836 non
1621 815 1694 837 recte
1719 818 1735 837 a

947 857 1049 884 throno
1065 857 1186 891 antiqua:
1210 856 1305 884 Roma
1331 857 1471 890 sejunctas
1491 864 1565 889 esse,
1589 862 1734 891 antequam

945 905 991 939 qui
1007 912 1068 931 eum
1086 905 1245 932 obtinebant
1261 909 1291 932 ut
1313 896 1398 940 prave
1422 906 1584 936 sentientes,
1601 905 1736 932 condem-

946 952 1001 978 nati
1016 957 1119 979 essent.
1143 954 1182 978 Ac
1207 959 1328 986 praesens
1355 952 1464 986 quidem
1488 959 1577 979 canon
1602 959 1658 983 eos,
1687 952 1735 986 qui

946 1000 1057 1032 propter
1068 998 1201 1031 dogmatis
1215 1004 1326 1024 causam
1340 997 1473 1024 recedunt
1485 1002 1512 1024 et
1523 997 1733 1029 abscinduntur,
1752 1017 1755 1021 .

947 1051 1001 1069 non
1029 1043 1106 1077 punit
1127 1051 1135 1070 :
1160 1043 1317 1070 tricesimus
1331 1049 1421 1071 atttem
1443 1043 1548 1078 primus
1562 1051 1649 1070 canon
1668 1051 1735 1078 apo-

948 1090 1062 1117 stolicus
1073 1097 1122 1117 eos
1135 1092 1233 1120 etiam,
1245 1090 1291 1123 qui
1307 1090 1433 1124 proprios
1449 1090 1594 1124 episcopos
1606 1089 1737 1117 condem—

948 1140 1056 1166 narunt.
1075 1141 1105 1163 nt
1122 1136 1166 1170 qui
1184 1139 1278 1170 aperte
1302 1135 1404 1170 injuste
1424 1140 1516 1170 agant.
1533 1140 1561 1162 et
1575 1137 1635 1163 ideo
1650 1144 1679 1163 se
1699 1136 1735 1163 ab

949 1183 981 1209 iis
997 1182 1178 1215 sejunxerunt
1192 1202 1199 1214 ,
1217 1181 1250 1208 ab
1265 1182 1339 1208 omni
1356 1189 1436 1216 poma
1456 1182 1558 1208 liberos
1578 1187 1734 1209 conservat.

985 1227 1110 1255 ZONAR.
1140 1227 1206 1260 Qua:
1230 1229 1265 1254 de
1287 1228 1504 1262 melropolitanis
1543 1228 1734 1262 cpiscopisque

949 1275 1059 1302 definita
1075 1279 1151 1305 sttnt,
1166 1283 1196 1302 ea
1210 1275 1243 1301 de
1254 1275 1418 1309 patriarrhis
1430 1282 1539 1309 quoque
1551 1275 1636 1301 multo
1650 1277 1736 1310 magis

950 1320 1063 1355 intelligi
1086 1320 1186 1347 debere
1211 1320 1306 1356 synodi
1324 1320 1419 1347 Patres
1437 1320 1583 1347 afﬁrmant.
1612 1320 1640 1347 Si
1669 1321 1732 1356 quis

949 1367 1034 1399 enim,
1051 1366 1189 1401 inquiunt,
1203 1366 1442 1400 metropolitanus,
1456 1367 1600 1401 episcopus
1616 1371 1660 1393 aut
1674 1375 1737 1401 pre-

950 1414 1052 1449 sbyter,
1069 1421 1099 1441 se
1114 1421 1127 1439 ιι
1155 1413 1318 1447 patriarchae
1358 1414 1401 1439 sui
1427 1414 1623 1440 COIlelttltthIlc
1652 1421 1737 1440 remo-

949 1468 1025 1491 verc.
1039 1465 1122 1495 atque
1138 1460 1172 1486 ab
1188 1460 1261 1486 illius
1276 1460 1384 1487 nomine
1398 1460 1541 1486 referendo
1554 1467 1664 1487 cessare
1686 1467 1736 1487 att-

950 1505 1023 1537 deat,
1047 1505 1208 1539 priusquam
1224 1513 1267 1535 ea,
1279 1505 1313 1531 de
1330 1504 1430 1539 quibus
1445 1504 1639 1538 patriarchami
1653 1512 1737 1532 κους

100 1549 150 1574 καὶ
165 1549 364 1584 κατακριθῆναι
381 1549 445 1580 ἷσως
455 1548 535 1575 αὐτόν
545 1555 553 1564 ·
571 1549 585 1574 ὁ
599 1547 718 1578 τοιοῦτος
737 1548 766 1578 ός
794 1547 893 1581 σχίσμα

948 1554 1002 1579 sat,
1028 1549 1135 1584 synodo
1154 1548 1328 1580 indicaverit,
1344 1556 1376 1574 ac
1402 1548 1448 1574 ille
1472 1548 1552 1580 forte,
1568 1555 1650 1576 causa
1673 1549 1737 1575 dili-

100 1595 218 1629 ποιήσας
230 1594 320 1628 πάσης
331 1589 468 1628 ἱερατείας
481 1593 620 1627 ἀλλότριος
646 1592 722 1618 ἔσται
739 1591 888 1621 παντελῶς.
909 1608 914 1612 ι

101 1640 217 1675 Εἴρηται
236 1640 264 1666 δὲ
280 1641 310 1666 τὸ
324 1640 428 1674 πάσης
441 1641 502 1667 ἀντὶ
519 1640 579 1672 τοῦ,
591 1640 614 1666 οἱ
629 1639 677 1674 μὲν
691 1639 828 1674 ἀρχιερεῖς
841 1634 890 1671 τῆς

99 1686 308 1721 αρχιερατικῆς,
323 1687 349 1712 οἱ
360 1687 387 1712 δὲ
401 1687 483 1722 ἱερεῖς
495 1687 545 1721 τῆς
557 1685 697 1720 ἱερατικῆς
709 1693 716 1699 ·
728 1685 759 1710 τὸ
770 1684 798 1710 δὲ
813 1691 891 1709 παν-

101 1730 205 1763 τελῶς,
221 1732 263 1757 ὅτι
292 1731 342 1757 οὐκ
363 1732 409 1757 ὲτιὶ
423 1740 486 1758 τινα
507 1722 603 1766 χρόνον
624 1730 817 1765 εἰρχθήσονται
843 1729 890 1755 τοῦ

103 1778 267 1811 ἱερουργεῖν,
294 1773 354 1803 εἶτα
382 1777 655 1812 ἀποκαταστήσονται
686 1775 765 1807 αὖθις
789 1776 828 1805 εἰς
842 1775 891 1810 τὴν

101 1824 205 1850 οἰκείαν
220 1824 314 1858 τιμήψ
337 1822 404 1849 ἀλλὰ
419 1823 530 1854 τελείως
551 1821 731 1848 ἐκπεσοῦνται
750 1822 800 1856 τῆς
814 1821 892 1853 ἀξίας

102 1870 204 1901 αὐτῶν,
221 1871 268 1896 καὶ
281 1869 342 1895 οὐδὲ
358 1869 442 1903 τιμὴν
457 1868 549 1900 ἕξουσι
566 1869 652 1902 μόνην
666 1867 824 1901 ἀρχιερεῦσι
846 1867 892 1891 καὶ

104 1917 223 1952 ἱερεῦσιν
238 1916 403 1950 ἀνήκουσαν.
415 1912 484 1940 Εἶτα
495 1915 646 1947 ἐπάγουσιν
661 1914 701 1939 ὅτι
724 1913 812 1939 ταῦτα
843 1913 892 1945 μὲν

103 2018 148 2035 ται
163 2010 190 2044 (ἡ
205 2009 259 2043 γὰρ
272 2007 390 2041 σφραγὶς
405 2007 445 2038 εἱς
463 2005 606 2040 βεϐαίωσίν
630 2005 688 2029 ἐστι
705 2003 757 2028 τῶν
776 2011 892 2037 σφραγι-

106 2055 228 2091 ζομένων
243 2055 289 2080 καὶ
297 2052 444 2088 φυλακὴν),
459 2052 522 2086 περὶ
536 2051 590 2077 τῶν
608 2049 743 2084 προφάσει
757 2048 837 2074 τικών
849 2049 894 2081 ἐγ-

111 2101 259 2135 κλημάτων
275 2099 330 2125 τῶν
346 2098 455 2125 οἰκείων
469 2096 662 2131 ἀφισταμένων
676 2095 825 2130 προέδρων,
847 2095 894 2120 καὶ

102 2148 152 2182 τὴν
168 2147 264 2173 ἕνωσιν
278 2143 454 2173 διασπώντων
476 2143 525 2178 τῆς
542 2142 714 2176 Ἐκκλησίας,
725 2142 771 2166 ὅτε
794 2140 894 2175 δηλαδὴ

103 2195 232 2228 πορνείαν
241 2192 306 2222 ἴσως
315 2191 471 2224 αἰτιωμένῳ
479 2188 693 2223 προσάπτουσιν,
702 2185 865 2220 ἱεροσυλίαν,
877 2188 891 2219 ἡ

104 2222 281 2275 ἐπίχρήμασι
294 2222 699 2272 χειροθεσίαν,ῆνᾶλλαίτοιαῦτὰ
713 2223 824 2259 τιναίΕι
841 2232 863 2258 δ’
878 2235 891 2258 ὸ
905 2222 931 2251 D

104 2286 280 2319 πατριάρχης
295 2283 374 2317 τυχὸν
388 2282 405 2316 ἢ
433 2280 648 2316 μητροπολίτης,
672 2279 688 2313 ἢ
705 2280 718 2304 ὀ
741 2279 891 2309 ἐπίσκοπος

105 2332 244 2368 αἱρετικὺς
269 2331 324 2362 εἴη,
343 2331 390 2355 καὶ
405 2328 526 2359 τοιοῦτος
550 2328 588 2358 ὡς
612 2327 730 2361 δημοσίᾳ
746 2326 892 2360 κηρύττειν

105 2378 155 2412 τὴν
171 2376 288 2410 αἵρεσιν,
303 2374 350 2400 καὶ
363 2375 454 2408 γυμνῇ
462 2374 496 2408 τῇ
506 2372 624 2406 κεφαλῇ,
638 2372 698 2397 ἀντὶ
712 2371 773 2402 τοῦ,
792 2372 892 2396 ἀνυπο-

106 2423 209 2453 στόλως
224 2422 272 2447 καὶ
302 2420 371 2455 μετὰ
387 2419 556 2454 παρρησίας,
578 2419 698 2444 διδάσκει
717 2418 749 2443 τὰ
766 2418 892 2452 αἱρετικά

105 2471 238 2504 δόγματα,
256 2469 280 2494 οι
311 2466 505 2501 ἁποσχίζοντες
543 2464 635 2497 αὑτοῦ,
656 2466 743 2491 ὁποῖοι
769 2464 801 2490 ἂν
825 2463 891 2493 εἷεν,

106 2519 136 2543 οὐ
153 2518 231 2551 μόνον
243 2515 379 2544 κολάσεως
394 2513 463 2546 ἄξιοι
478 2512 527 2538 οὐκ
542 2512 649 2538 ἔσονται
661 2512 705 2537 διὰ
722 2510 812 2541 τοῦτο,
825 2510 892 2536 ἀλλὰ

107 2566 155 2589 καὶ
170 2562 264 2597 τιμῆς,
281 2561 317 2591 ὡς
334 2559 478 2593 ὀρυόδοξοι,
501 2557 710 2591 ἀξιωθήσονται,
729 2556 892 2590 χωρίζοντες

108 2608 221 2639 ἑαυτοὺς
239 2609 287 2642 τῆς
304 2605 358 2632 τῶν
380 2604 526 2640 αἱρετικῶν
553 2603 706 2634 κοινωνίας.
734 2602 820 2628 Τοῦτο
837 2603 891 2635 γάρ

107 2656 181 2688 δηλοῖ
197 2654 227 2680 τὸ
249 2652 478 2686 ἀποτειχίζοντες.
493 2650 530 2676 Τὸ
552 2651 606 2684 γάρ
632 2650 721 2684 τεῖχος
743 2648 797 2674 τῶν
816 2648 892 2677 ἐντὸς

107 2701 190 2728 αὑτοῦ
204 2702 272 2735 πρὸς
287 2699 350 2730 τοὺς
362 2698 440 2728 ἐκτὸς
454 2697 591 2732 χωρισμός
608 2696 693 2721 ἔστιν.
709 2695 746 2720 Οὐ
764 2694 817 2728 γὰρ
832 2695 892 2719 ἐπι-

110 2749 210 2774 σκόπου
227 2746 394 2777 ἀπέστησαν,
411 2743 480 2770 ἀλλὰ
495 2743 716 2776 ψευδεπισκᾶπου
733 2743 776 2767 καί
794 2741 892 2774 ψευδο-

109 2794 279 2822 διδασκάλῡυ,
298 2792 363 2818 Οὐδὲ
380 2791 481 2824 σχίσμα
497 2790 530 2814 τά
547 2789 594 2823 τῆς
615 2787 778 2821 Ἐκκλησίας
792 2787 886 2820 ἐποίη-

110 2851 170 2873 σαν,
186 2841 253 2866 ἀλλὰ
271 2839 368 2874 μᾶλλον
385 2837 543 2872 σχισμάτων
557 2835 605 2869 τὴν
625 2834 787 2868 Ἐκκλησίαν
802 2835 890 2868 ἀπήλ-

109 2890 192 2926 λαξαν
209 2889 270 2915 ὅσον
287 2887 316 2913 τὸ
329 2887 372 2913 ἐπ’
383 2887 484 2914 αὐτοῖς.

942 1599 1037 1630 genter
1047 1595 1221 1625 examinata,
1246 1594 1393 1620 damnatus
1411 1593 1512 1625 fuerit;
1535 1594 1667 1628 ejusmodi
1687 1595 1738 1621 ho-

944 1641 1067 1672 minem,
1096 1646 1225 1675 tanqttam
1257 1640 1484 1669 schistualicum.
1519 1641 1593 1666 omni
1623 1648 1736 1672 prorsus

943 1687 1104 1715 sacerdotali
1128 1687 1232 1714 honore
1249 1687 1386 1721 privatttm
1399 1694 1460 1713 esse
1475 1686 1636 1713 det-eruunt.
1656 1687 1736 1713 Omni

943 1734 1050 1768 quidem
1061 1734 1146 1764 aiunt,
1157 1738 1187 1760 ut
1197 1727 1482 1761 summossacei‘dotes
1494 1740 1599 1760 summo
1611 1735 1736 1760 sacerdo-

945 1781 991 1812 tio,
1012 1781 1168 1807 sacerdotes
1180 1787 1243 1806 vero
1258 1778 1420 1806 sacerdotali
1445 1779 1576 1813 dignitate
1589 1780 1735 1813 privandus

944 1828 1151 1857 demonstrent;
1166 1833 1275 1860 prorsus
1292 1832 1356 1852 vero
1373 1825 1532 1859 particulam
1550 1825 1688 1855 addidere.
1706 1832 1735 1852 ut

944 1880 992 1899 eos
1007 1880 1061 1898 non
1083 1872 1115 1898 ad
1133 1877 1238 1898 certum
1262 1871 1394 1905 temporis
1416 1871 1590 1898 intervallum
1614 1878 1629 1898 a
1655 1879 1735 1898 sacro

914 1950 916 1952 τ
945 1917 1100 1943 tninisterio
1117 1917 1260 1946 arcendos,
1280 1921 1308 1942 ιιι
1321 1915 1419 1942 deinde
1432 1923 1530 1942 rursus
1547 1916 1663 1949 pristino
1683 1917 1735 1942 ho-

102 1964 218 1998 ὥρισται
233 1962 278 1988 καὶ
294 1962 490 1996 ἐσφράγισται,
504 1960 626 1986 τουτέστι
645 1959 759 1993 βεϐαίως
770 1958 893 1983 τετόπω-
911 1953 921 1964 ³

946 1963 1005 1989 nori
1024 1963 1221 1994 restituantur;
1237 1963 1283 1988 sed
1300 1963 1375 1988 Olllltl
1402 1962 1510 1996 penitus
1527 1963 1658 1996 dignitate
1671 1969 1734 1996 spo-

946 2009 1052 2036 liandos
1067 2017 1155 2043 neque
1165 2009 1253 2035 ’ullum
1266 2008 1335 2042 ipsis
1349 2008 1493 2037 honorem,
1510 2008 1556 2041 qtti
1573 2008 1735 2041 praesulibus

947 2060 990 2081 aut
1011 2055 1071 2082 aliis
1087 2054 1278 2082 sacerdotibus
1293 2054 1402 2088 proprie
1426 2053 1551 2084 debetur,
1578 2053 1736 2088 relinquet:-

946 2101 1009 2127 dum
1026 2109 1087 2128 esse
1099 2100 1258 2128 ostendant.
1278 2099 1380 2126 Dehide
1395 2106 1459 2125 vero
1476 2098 1534 2125 haec
1558 2098 1668 2132 quidem
1696 2099 1734 2126 ita

947 2148 1057 2174 decreta
1075 2147 1288 2181 obsignataque.
1303 2145 1354 2172 hoc
1374 2151 1426 2177 est,
1442 2145 1478 2171 ita
1497 2146 1576 2179 plane
1588 2147 1734 2173 constituta

948 2193 1043 2224 fuisse,
1074 2192 1228 2227 subjiciunt
1254 2192 1372 2226 (signum
1396 2199 1513 2224 namque
1538 2192 1571 2218 ad
1596 2199 1627 2218 ea
1642 2212 1649 2224 ,
1673 2201 1735 2226 qua:

945 2239 1134 2274 obsignantur,
1150 2237 1334 2266 confirmanda
1354 2245 1386 2263 ac
1402 2236 1582 2264 custodienda
1594 2238 1733 2271 pertinet),

945 2294 977 2312 no
992 2293 1045 2320 qua
1062 2285 1166 2311 frattdis
1181 2285 1291 2311 occasio
1304 2283 1337 2310 iis
1351 2282 1506 2309 ltominihus
1520 2283 1734 2317 relinqueretur,

944 2333 989 2367 qui
1007 2331 1187 2366 quorumdam
1207 2330 1352 2356 criminum
1367 2329 1490 2358 obtentu,
1506 2328 1578 2362 quod
1607 2329 1630 2355 ei
1656 2330 1733 2356 vide-

945 2380 1008 2405 lii:et
1021 2386 1101 2412 qttcnt
1120 2382 1261 2406 accusant.
1276 2381 1323 2402 aut
1345 2381 1553 2409 constupratam
1571 2376 1711 2402 mulierem
1726 2395 1734 2406 ,

944 2428 990 2450 aut
1006 2424 1045 2450 rei
1063 2430 1148 2449 sacra:
1177 2421 1299 2454 furtutn,
1329 2427 1374 2448 attt
1402 2421 1529 2448 ordinum
1557 2421 1733 2448 collationem

945 2470 1031 2505 pretio
1047 2469 1228 2499 divenditatn,
1242 2472 1288 2494 aut
1300 2467 1351 2494 alia
1370 2467 1451 2502 hujus
1469 2467 1576 2502 generis
1596 2467 1729 2498 facinora,
1745 2463 1754 2471 ¹

944 2516 1082 2550 allingattt,
1099 2516 1133 2542 ab
1148 2515 1303 2541 antistitum
1320 2521 1432 2541 suorum
1453 2514 1615 2540 auctoritate
1641 2513 1730 2539 desci-

944 2567 1035 2593 scunt,
1051 2560 1076 2588 'et
1089 2561 1215 2588 Ecclesiae
1228 2561 1447 2595 conjunctionetn
1463 2565 1608 2592 propterea
1627 2559 1728 2584 distra-

946 2610 1012 2635 hunt
1032 2615 1064 2635 ac
1078 2607 1222 2634 dtvcllunt.
1239 2607 1317 2638 Quod
1333 2608 1354 2633 si
1376 2607 1444 2634 forte
1460 2606 1642 2640 patriarcha"!
1657 2623 1664 2634 ,
1681 2607 1730 2629 aut

944 2655 1183 2689 metropolitanum
1198 2674 1205 2684 ,
1231 2658 1278 2680 aut
1303 2654 1459 2687 episcopum
1488 2650 1646 2677 hmreticum
1671 2656 1733 2676 e553

944 2702 1094 2735 contingat,
1114 2707 1146 2726 ac
1163 2699 1299 2733 ejusmodi
1314 2698 1423 2732 quidem
1440 2696 1609 2728 hatrctirum,
1627 2700 1655 2721 ut
1675 2695 1733 2722 hae-

944 2746 1025 2772 resim
1047 2753 1123 2772 suam
1149 2744 1256 2779 publice
1272 2743 1453 2778 profiteatur,
1470 2745 1497 2767 et
1519 2745 1613 2774 aperto
1633 2741 1732 2774 capite,

944 2793 995 2819 ltoc
1008 2796 1060 2822 est,
1076 2790 1190 2817 fidenter
1205 2797 1319 2824 prorsus
1333 2792 1415 2822 atqtte
1432 2787 1572 2817 audacter,
1590 2787 1733 2814 luercticas

943 2839 1086 2874 opiniones
1105 2836 1229 2863 docendo
1246 2836 1271 2861 in
1290 2834 1387 2869 vulgus
1407 2833 1587 2865 disseminet;
1615 2828 1742 2869 qutcun-‘v

947 2893 999 2920 que
1013 2885 1122 2912 demum
1140 2883 1174 2909 ab
1186 2881 1231 2908 illo
1250 2889 1279 2908 se
1293 2880 1455 2908 obduxerint
1466 2901 1472 2913 ,
1488 2889 1539 2908 non
1559 2880 1638 2908 modo
1654 2880 1743 2920 nutl0\
