1942 3095
79 180 146 212 ίο97
635 179 677 209 1N
697 178 782 209 CAN.
803 178 816 208 l
836 178 944 209 CONC.
958 177 1149 208 CARTHAG.
1632 175 1699 207 1098

77 238 123 265 καὶ
156 237 214 272 μετ’
241 236 324 272 αὐτὴν
352 237 382 263 ὲν
417 235 568 271 ’Δντιοχείᾳ
591 235 644 270 τῆς
667 235 768 271 Συρίας
791 243 844 262 κατ

934 235 966 263 iit
981 235 1009 262 in
1023 231 1168 262 Antiochia
1185 233 1270 269 Syriae
1286 234 1419 262 adversus
1445 232 1558 261 Paulum
1576 231 1701 260 Samosa-

77 278 182 311 Παῦλον
195 283 241 309 τοῦ
258 283 437 318 Σαμοσατέως
450 274 497 313 hii
521 281 693 316 Αὑρηλιανοῦ
718 280 844 316 βασιλέως

934 289 1008 309 anum
1019 282 1071 309 sub
1091 281 1240 308 Aureliano
1252 281 1427 315 imperatore.
1450 279 1614 315 Congregati
1637 284 1701 307 sunt

77 330 316 366 Συνηθροίσθησαν
327 329 354 355 δὲ
368 329 408 360 είς
420 328 583 363 Καρχηδόνα
607 328 775 363 ὀγδοήκοντα
795 327 844 362 πρὲ

935 332 1006 356 utcm
1019 327 1185 362 Carthagine
1196 327 1232 354 84
1254 327 1343 354 sancti
1367 326 1464 354 Patres
1477 346 1485 359 ,
1505 329 1532 353 et
1556 325 1702 361 quaesitum

53 373 63 381 ’
79 378 134 408 τοῖς
151 377 300 411 τέσσαρσιν
321 374 396 409 ἅγιοι
412 374 546 409 Πατέρες,
561 375 607 401 καὶ
626 374 820 409 συνεζήτησαν,

936 380 968 408 st,
982 383 1016 402 an
1035 375 1174 408 baptizare
1191 377 1314 408 oporteat
1324 380 1383 406 eos,
1401 372 1448 408 qui
1477 376 1655 400 revertuntur
1669 380 1703 399 ex

77 423 130 458 χρὴ
143 421 323 458 βαπτίζεσθαι
342 421 404 452 τοὺς
429 420 460 452 ἐξ
488 420 618 455 αἱρέσεως
651 419 844 454 ἐπιστρέφοντα

937 421 1013 449 aeresi
1031 428 1126 448 eorum
1142 420 1188 455 qui
1200 419 1280 448 idolis
1301 419 1520 452 immolaverant,
1535 418 1704 446 convenien-

78 467 264 499 εἰδωλοθύτας,
293 466 364 493 κατὰ
380 466 429 501 τὴν
450 466 514 502 περὶ
535 465 631 492 τούτου
654 464 790 500 ἐρώτησιν
817 473 845 491 το

937 475 959 495 tl“
970 466 1177 502 interrogationi
1200 465 1279 493 facta:
1295 465 1330 492 de
1344 472 1377 492 ea
1397 471 1427 491 re
1450 464 1485 491 ab
1508 463 1640 498 episcopo
1655 461 1704 490 Jo-

78 513 226 540 ὲπισχόπου
261 511 402 538 Ἰοὸιανοῦ.
427 511 490 538 Ὅτι
515 511 544 537 δὲ
569 511 629 537 τότε
643 510 691 537 καὶ
710 510 724 536 δ
739 509 845 537 Noui-rc

938 513 1010 540 iano.
1037 512 1107 545 Quia
1128 516 1220 540 autem
1259 515 1327 539 tunc
1367 511 1488 539 Novatus
1517 509 1705 538 Romanorum

79 557 266 592 πρεσϐύτερος
283 555 321 583 ὣν
347 557 397 591 τῆς
428 555 575 590 Ῥωμαίων
598 553 763 590 Ἐκκλησίσς
779 554 846 590 καθῇ

938 560 1047 588 ιοοιθεὶαξ
1066 559 1212 595 presbyter
1224 558 1368 594 depositus
1383 562 1435 591 est,
1455 561 1485 585 ut
1504 557 1550 592 qui
1572 557 1605 583 ad
1619 555 1705 590 ιτωηὶ-

79 604 155 640 ρέθη,
165 603 202 635 ὡς
220 603 258 638 μὴ
271 602 417 638 δεχόμενος
428 602 469 634 είς
486 602 631 637 μετάνοιαν
654 600 718 632 τοὺς
732 601 846 628 θύσαντα

938 606 1031 634 :ntiam
1051 612 1106 633 non
1137 604 1294 632 admitteret
1309 606 1364 638 {eos
1382 603 1429 639 qui
1456 603 1536 631 idolis
1562 602 1705 630 sacriﬁca-

78 651 133 680 τοῖς
147 648 278 680 εἰδώλοις,
292 647 443 675 κάντεῦθεν
456 647 543 674 ἐποίει
564 646 668 682 σχίσμα
688 647 757 682 μετά
784 655 845 673 τινα

937 656 1034 686 erant;
1052 656 1079 679 et
1093 651 1152 678 ideo
1169 658 1231 678 cum
1246 650 1412 685 quibusdam
1439 649 1634 683 insipientibus
1662 647 1704 675 fa<

77 694 226 727 ἀσυνέτων,
233 693 546 729 ὲπολυπραγμονήθηςέξ
555 693 665 729 χρὴςκαὶ
676 693 740 724 τοὺς
749 701 844 727 σχισμο

936 698 1010 726 iebat
1022 698 1159 725 schisma:
1178 697 1311 732 agitatum
1326 700 1381 729 est,
1395 703 1431 723 an
1457 696 1541 723 etiam
1565 694 1702 722 schisma-

77 740 171 771 τικοὺς
186 739 379 775 βαπτίζεσθαι,
392 739 430 771 ὡς
449 740 496 766 καὶ
507 739 587 766 τοῦτο
601 738 791 774 ἐρωτήσαντος
803 737 844 764 τοὶ

937 751 990 771 icos
1016 743 1157 779 baptizare
1186 746 1332 777 oporteat,
1361 746 1491 776 tanquam
1519 740 1570 768 hoc
1594 747 1704 776 quoque

84 785 228 813 Ἰοῆιανοῦ.
660 790 663 793 ‘
923 788 1057 816 )ovianus
1071 787 1253 823 quaesivisset.
1737 820 1739 822 η

114 833 238 863 ΖΩΝΑΡ.
257 832 333 868 Αὕτη
361 833 380 868 ἡ
406 833 514 865 σύνοδος
544 832 640 859 πασῶν
668 831 722 858 τῶν
750 831 867 857 συνόδων

952 833 1081 862 ZONAR.
1092 834 1140 861 Est
1155 834 1214 861 haec
1225 833 1347 868 synodus
1361 832 1485 860 omnium
1501 831 1705 867 antiquissima.

75 880 279 916 προγενεστέρα
295 880 364 908 ἔστί.
389 879 554 916 Προτερεύει
571 879 621 914 μὲν
636 879 689 914 γὰρ
711 878 766 905 τῶν
779 877 842 906 ἄλλο

945 887 988 907 am
1014 880 1075 908 aliis
1095 880 1206 915 quidem
1230 879 1370 915 antiquior
1397 883 1439 907 est
1466 877 1586 913 ea,'quae
1611 877 1708 906 Antio-

75 910 143 960 ὴ-ὲν⁷
165 910 315 961 Ἀντιοχείᾳ
325 925 374 960 τῆς
392 910 494 960 Συρίας
507 910 647 959 γεγονυῖα.
658 910 767 954 σῦνοδος
796 931 842 949 κατ

940 927 989 955 biaa
1003 927 1032 954 in
1048 910 1129 963 Syria
1146 931 1243 954 contra
1257 910 1374 953 Paulum
1390 910 1600 954 Samosatenum
1618 925 1707 952 Aure-

76 971 185 997 Παύλου
211 970 261 997 τοῦ
282 971 474 1006 Σαμοσατέως,
490 971 551 1006 ἥτις
568 971 616 997 ἐπὶ
627 969 799 1006 Δὺρηλιανοῦ
818 969 843 1003 βε

941 980 993 1001 ano
1005 972 1192 1001 Romanorum
1218 973 1388 1007 imperatore
1415 970 1554 999 celebrata
1574 969 1636 1002 fuit,
1651 970 1708 997 haec

77 1016 175 1048 σιλέως
194 1016 348 1052 ἡθροίσθη·
381 1017 451 1052 αὕτη
486 1016 515 1043 δὲ
543 1017 677 1051 κάκείνης
701 1015 844 1051 ἀρχαιοτέρ

941 1026 987 1047 ero
1021 1023 1161 1046 vetustate
1185 1018 1260 1045 illam
1286 1024 1397 1053 quoque
1416 1016 1565 1045 antecedit.
1593 1015 1708 1052 Magnus

75 1061 165 1089 ἐστίν.
183 1062 213 1088 '0
227 1063 282 1097 γὰρ
300 1062 387 1097 μέγας
396 1062 554 1098 Κυπριανὺς
568 1062 614 1088 ἐπὶ
627 1061 722 1088 Δεκίου
735 1061 842 1096 βασιλέο

942 1066 1056 1101 quidem
1079 1064 1247 1101 Cyprianus,
1268 1064 1351 1091 Decio
1376 1063 1552 1098 imperatore,
1586 1062 1709 1098 martyrii

75 1107 125 1134 τὸν
150 1108 201 1143 τῆς
235 1109 391 1143 μαρτυρίας
418 1109 500 1144 ἧνυσε
531 1108 653 1144 δρόμον·
678 1107 824 1140 πολλοστὸς

943 1119 1034 1140 ursum
1060 1110 1199 1139 coniecit:
1227 1114 1255 1137 at
1284 1117 1350 1137 vero
1377 1109 1458 1144 longo
1479 1108 1624 1136 intervallo
1647 1113 1710 1142 post

79 1153 159 1180 ἐστιν
183 1154 197 1179 ὁ
226 1154 396 1189 Αὑρηλιανὸς
426 1154 495 1189 πρὸς
519 1154 566 1181 τὸν
577 1155 686 1182 Δέκιον.
701 1154 799 1181 Πολλοὶ
816 1155 846 1189 γὸ

942 1159 1037 1187 ιεοίοηι
1067 1158 1234 1186 Aurelianus
1274 1156 1336 1184 fuit.
1362 1155 1441 1183 Multi
1470 1155 1607 1190 siquidem
1627 1154 1709 1182 Decio

79 1198 152 1233 μετὰ
168 1199 214 1225 τὸν
229 1200 325 1226 Δέκιον
348 1200 505 1235 ἐκράτησαν
518 1200 731 1235 αὐτοκράτορες,
748 1201 807 1236 μεθ’
823 1201 846 1228 oi

945 1206 1065 1234 xstincto
1089 1211 1241 1240 regnavere
1265 1203 1458 1238 imperatores,
1474 1202 1575 1237 quibus
1600 1201 1709 1229 demum

74 1244 248 1290 Δύρηλιανὺς
278 1245 328 1277 τῆς
347 1245 488 1280 βασιλείας
517 1245 630 1281 ἠξίωτο.
655 1248 733 1275 Οὖτω
758 1247 808 1283 μὲν
823 1256 841 1274 οη

948 1251 1090 1279 urelianus
1105 1251 1132 1277 in
1155 1249 1272 1285 imperio
1284 1248 1416 1277 suﬂ'ectus
1438 1252 1491 1276 est.
1513 1247 1607 1282 Itaque
1631 1248 1711 1284 longe

78 1290 285 1325 προγενεστέρα
303 1290 399 1317 πασῶν
412 1292 496 1319 ἐστιν.
518 1291 717 1328 Ἦθροίσθησαν
731 1292 754 1319 δ’
770 1293 799 1320 ἐν
823 1302 845 1320 αι

942 1304 984 1324 ec
995 1294 1118 1331 synodus
1133 1294 1256 1322 omnium
1269 1293 1465 1328 antiquissima
1479 1297 1532 1320 est.
1542 1292 1572 1319 In
1584 1300 1616 1319 ea
1628 1299 1709 1327 porro

76 1337 114 1372 τῇ
131 1337 276 1363 ἐπίσκοποι
297 1337 364 1372 πρὸς
384 1338 530 1372 τέσσαρσιν
547 1338 843 1376 ὀγδοήκοντα,ζητήσει

943 1346 1042 1370 uatuor
1061 1348 1146 1376 supra
1159 1341 1300 1375 octoginta
1315 1339 1439 1375 episcopi
1455 1339 1617 1374 congregati
1633 1343 1710 1371 sunt,

79 1383 243 1419 γενομένης,
262 1384 286 1410 εἰ
300 1384 362 1415 τοὺς
381 1383 410 1417 ἐξ
430 1384 563 1418 αἱρέσεως
580 1385 796 1421 ἐπιστρέφοντας
824 1395 846 1413 κε

944 1395 956 1416 ο
973 1387 1007 1415 de
1022 1387 1068 1419 iis,
1081 1387 1128 1422 qui
1147 1386 1274 1414 abdicata
1289 1386 1386 1413 haeresi
1401 1385 1581 1420 resipiscunl,
1591 1392 1624 1412 ac
1635 1384 1711 1412 scbi-

79 1430 146 1461 τοῠς
168 1431 364 1465 σχισματικοὺς
384 1430 564 1466 βαπτίζεσθαι
582 1434 622 1459 δεῖ
634 1433 846 1469 προσερχομένω

944 1434 1058 1467 maticis,
1085 1434 1132 1470 qui
1151 1433 1186 1460 ad
1202 1432 1354 1460 Ecclesiam
1376 1434 1567 1461 revertuntur,
1598 1437 1633 1457 an
1664 1429 1711 1456 ba-

79 1477 116 1511 τῇ
133 1476 266 1513 καθολικῇ
288 1477 447 1513 Ἐκιλησίᾳη
480 1479 609 1512 Ὶοΰιανδς
628 1480 683 1516 γάρ
698 1489 741 1512 τις
759 1480 846 1507 ἑπίσκι

946 1481 1045 1508 tizandi
1062 1480 1163 1513 forent,
1182 1479 1341 1514 quaesitum.
1355 1476 1489 1504 Jovianus
1508 1476 1643 1512 siquidem
1655 1475 1713 1511 epi-

81 1530 134 1554 πος
151 1523 291 1549 ἐπέστειλε
306 1524 371 1560 περὶ
384 1524 478 1551 τούτου
495 1525 533 1560 τῷ
549 1526 614 1561 Θείῳ
629 1527 792 1562 Κυπριανῷ,
802 1528 848 1562 ὲριι

945 1535 1027 1562 copus
1049 1526 1173 1562 quidam,
1198 1533 1230 1553 ea
1249 1525 1284 1553 de
1309 1532 1351 1557 rc,
1376 1531 1411 1551 an
1438 1523 1547 1552 scilicet
1576 1518 1712 1557 ejusmodi

79 1568 148 1601 τῶν,
165 1569 189 1595 si
200 1569 241 1595 δεῖ
255 1570 318 1601 τοὺς
327 1571 463 1604 τοιούτους
475 1572 665 1607 βαπτίζεσθαι.
675 1573 743 1599 Τότε
756 1573 812 1608 γὰρ
827 1582 844 1599 κ

946 1573 1052 1600 omines
1068 1572 1202 1607 baptizari
1221 1573 1373 1605 oporteret,
1398 1569 1566 1605 Cyprianum
1581 1576 1629 1605 per
1652 1569 1711 1602 epi-

81 1616 96 1640 ὁ
112 1614 237 1647 Ναυάτος
261 1615 312 1650 τῆς
339 1616 392 1643 τῶν
404 1617 560 1652 λεγομένων
580 1619 718 1654 Καθαρῶν
739 1619 848 1654 αἱρέσεο

946 1620 1025 1648 Lolam
1048 1619 1238 1648 consuluerat.
1255 1617 1334 1645 Tunc
1354 1617 1427 1645 enim
1452 1615 1575 1644 Navatus
1603 1622 1713 1651 quoque

79 1657 161 1695 ἦρξε,
185 1661 370 1697 πρεσὸύτερος
395 1663 515 1697 γεγονὼς
540 1664 587 1700 τῆς
610 1664 774 1700 Ἐκκηλσῐας
808 1664 846 1692 Ῥι

948 1674 1020 1695 arum
1040 1670 1132 1698 secta,
1149 1665 1196 1700 qui
1210 1663 1324 1692 Cathari
1339 1662 1404 1698 (hoc
1419 1667 1462 1690 est
1480 1661 1553 1697 puri)
1582 1661 1715 1690 diceban-

84 1706 185 1740 μαίων,
203 1707 383 1742 σχισματικὺς
398 1708 436 1735 ὢν
451 1710 568 1745 κυρίως,
587 1710 646 1737 ἀλλ’
659 1711 709 1746 οὐχ
720 1711 851 1746 αἱρετικὰ

947 1721 981 1746 ir,
995 1720 1025 1740 se
1038 1712 1190 1748 principem
1210 1710 1402 1746 proﬁtebatur.
1430 1708 1563 1736 Ronianze
1586 1707 1714 1737 Ecclesiae

81 1751 121 1777 Οὐ
136 1752 201 1785 ’γὰρ
225 1753 294 1786 πρὸς
314 1753 402 1788 δόγμα
417 1763 444 1781 τι
470 1757 525 1787 τοῖς
550 1756 699 1793 ὀροὸφροσι
715 1757 848 1792 διεφέρετ(

947 1759 1081 1795 resbyter,
1097 1757 1294 1786 schismaticus
1319 1756 1443 1792 proprie,
1470 1762 1526 1783 non
1556 1754 1714 1783 haereticus.

82 1796 154 1823 ἀλλὰ
176 1798 232 1828 τοῖς
250 1798 280 1824 ὲν
303 1799 434 1834 διωγμοῖς
455 1800 614 1836 ὑποκύψασί
641 1811 670 1828 τε
696 1803 745 1830 καὶ
759 1803 845 1830 θύσασ

950 1813 981 1834 ec
995 1806 1067 1834 enim
1082 1806 1110 1832 in
1126 1805 1171 1837 iis,
1189 1811 1251 1839 qua
1270 1803 1305 1831 ad
1327 1803 1457 1839 dogmata
1481 1803 1633 1837 pertinent,
1657 1802 1714 1830 ullo

81 1843 239 1888 ἀπηγόρευε
253 1843 303 1878 τὴν
317 1847 473 1879 μετάνοιαν.
497 1847 607 1883 Ἐπειδὴ
623 1849 636 1873 ὁ
647 1848 709 1874 τότε
729 1849 778 1883 τῆς
800 1849 848 1876 Ῥιι

947 1857 1010 1880 acto
1030 1859 1047 1879 a
1058 1851 1211 1880 Catbolicis
1223 1849 1422 1879 dissentiebat:
1449 1849 1498 1878 sed
1527 1849 1575 1884 qui
1591 1848 1714 1877 adversis

83 1887 175 1922 μαίων
216 1887 381 1924 Ἐκκλησίας
416 1892 595 1927 προεστηκὼς
626 1893 776 1929 Κορνήλιος
805 1904 850 1930 μετ

947 1897 1083 1932 aipublicae
1090 1897 1254 1925 Christianae
1265 1895 1438 1930 temporibus
1451 1895 1523 1923 malo
1535 1895 1599 1923 victi
1613 1902 1714 1923 succu-

80 1934 138 1960 τῶν
169 1934 215 1960 ὑπ’
240 1934 322 1962 αὑτὸν
347 1936 517 1970 ἐπισκόπων,
541 1938 710 1974 ζητήσαντες
738 1941 804 1975 περὶ
827 1949 847 1967 τι

949 1943 1064 1974 nissent,
1073 1941 1183 1976 diisque
1196 1940 1397 1972 immolassent,
1407 1939 1441 1967 ad
1459 1939 1647 1974 pceniteutiam
1660 1946 1715 1966 non

80 1980 278 2015 εἰσαγομένου,
313 1982 484 2017 ἐψηφίσαντο
517 1983 643 2019 δέχεσθαι
663 1984 704 2017 είς
729 1986 847 2020 μετάνοιι

950 1985 1097 2014 imittebat.
1109 1984 1176 2013 Cum
1186 1992 1251 2013 vero
1258 1983 1385 2012 Ecclesia:
1399 1983 1585 2012 Romanorum
1603 1983 1717 2019 praefec-

81 2027 213 2059 καὶτοὺς
229 2027 425 2061 ἑπιθύσαντας,
455 2031 469 2056 ὁ
493 2029 522 2056 δὲ
545 2030 671 2063 Ναυάτος
695 2031 746 2066 τῆς
773 2032 848 2059 οἰκεῖς

949 2039 1010 2059 iseo
1018 2035 1141 2067 tempore
1153 2030 1309 2062 Cornelius,
1318 2037 1379 2057 cum
1392 2028 1444 2058 sibi
1455 2028 1590 2064 subjectis
1606 2027 1716 2062 episco-

81 2074 238 2107 ὶνστάσεως
260 2074 291 2101 οὐ
323 2075 452 2111 μεθίετο·
484 2076 618 2112 ἐξέκοψαν
643 2077 693 2112 τῆς
711 2077 848 2113 Ἐκκλησίς

950 2079 983 2112 is,
1000 2078 1102 2113 agitata
1121 2077 1283 2113 quaestione,
1296 2083 1344 2104 eos
1359 2082 1470 2111 quoque
1487 2075 1533 2110 qui
1557 2074 1717 2103 immolave-

83 2121 192 2148 ἐκεῖνον
216 2122 264 2148 καὶ¹
293 2122 474 2159 ἀπεκήρυξαν
510 2123 547 2155 ὡς
576 2123 752 2158 μισάδελφον.
787 2124 817 2152 '0
847 2137 850 2150 ‹

950 2129 991 2152 int
1007 2124 1041 2152 ad
1058 2123 1250 2160 penitentiam
1277 2121 1464 2151 admittendos
1493 2128 1554 2149 esse
1579 2120 1717 2148 decrevis-

84 2167 136 2193 καὶ
163 2168 260 2200 ἄλλους
271 2167 427 2203 ὁμόφρονας
437 2168 563 2204 ἐσχηκὼς
579 2170 639 2197 καθ’
650 2171 748 2198 ἑαυτὸν
759 2171 851 2198 ὲποιεῖί

950 2176 1001 2204 ειη,
1024 2179 1115 2206 nequc
1128 2175 1220 2198 tamen
1254 2168 1375 2196 Navatus
1393 2167 1497 2202 aliquid
1511 2167 1546 2194 de
1565 2165 1717 2201 pertinacia

86 2215 301 2249 παρασυνάξεις,
327 2216 374 2242 καὶ
386 2215 490 2251 σχίσμα
505 2217 582 2252 παρὰ
605 2218 638 2253 τῇ
661 2217 812 2254 Ἐκκλησία
827 2219 853 2245 ὗτ

949 2218 1094 2250 amitteret,
1121 2216 1199 2244 illum
1216 2215 1252 2244 ab
1276 2214 1409 2243 Ecclesiae
1434 2219 1551 2248 corpore
1580 2211 1716 2243 excisum,

83 2260 193 2287 ἐκείνου
212 2262 335 2290 καὶτῶν
362 2264 438 2299 αὐτῳ
468 2265 727 2297 συγκοινωνούντων
754 2264 850 2298 ἐγένετη

949 2263 1030 2298 uippe
1061 2261 1179 2289 fratrum
1213 2267 1321 2288 osorem
1357 2258 1468 2286 decreto
1498 2255 1716 2292 promulgavere.

84 2306 157 2341 Περὶ
176 2308 364 2343 σχισματικῶν
380 2310 471 2336 τοίνυν
485 2310 532 2336 καὶ
550 2310 701 2345 αἱρετικῶν
714 2310 851 2346 ἐρωτῆσαι

954 2310 1005 2338 lios
1021 2316 1088 2336 vero
1101 2308 1147 2336 ille
1163 2311 1314 2336 sectatores
1332 2309 1444 2337 nactus,
1460 2303 1578 2332 seorsim
1599 2309 1718 2329 conven-

83 2362 133 2384 τος
162 2353 304 2386 ’1ο6ιανοῦ,
328 2355 537 2383 ἀντεπέστειλεν
562 2357 636 2392 αὒτῷ
671 2365 701 2384 τε
743 2357 792 2384 καὶ
820 2366 850 2384 το

951 2365 975 2385 ιε
992 2363 1136 2392 peragere,
1164 2353 1371 2387 schismateque
1394 2351 1460 2378 hinc
1481 2350 1544 2378 inde
1568 2356 1631 2377 cum
1660 2348 1718 2376 suis

86 2400 302 2432 συνεπισκόποις
316 2401 399 2427 αὐτοῦ
413 2403 426 2427 ὁ
441 2402 529 2437 μέγας
543 2403 703 2438 Κυπριανδς
720 2403 767 2430 καὶ
781 2404 797 2439 ή
826 2403 853 2431 σί

950 2403 1089 2439 regalibus
1114 2400 1267 2429 Ecclesiam
1293 2400 1416 2427 lacerare
1445 2398 1558 2426 adortus
1571 2399 1631 2430 _est.
1648 2394 1716 2423 Cum

86 2446 164 2482 αὐτῷ
183 2447 293 2480 σύνοδος
312 2449 360 2483 τὴν
376 2449 518 2484 ἐπιστολὴν
536 2449 648 2484 ταύτην.

950 2457 999 2486 rgo
1016 2450 1051 2477 de
1066 2447 1254 2478 schismaticis
1266 2450 1292 2475 et
1304 2445 1441 2474 haereticis
1467 2447 1540 2473 esset
1555 2451 1570 2470 a
1602 2442 1717 2470 Joviano

88 2492 247 2526 quaesitum,
263 2493 297 2520 ad
313 2501 374 2521 eum
390 2494 503 2529 ejusque
518 2494 697 2530 coepiscopos
714 2501 830 2531 magnus
842 2495 994 2532 Cyprianus
1008 2502 1070 2523 cum
1082 2501 1133 2523 sua
1148 2493 1255 2530 synodo
1275 2491 1430 2520 rescribens
1450 2490 1601 2526 subiectam
1615 2487 1717 2524 episto-

87 2537 143 2564 lam
157 2537 290 2565 exaravit.

888 1583 910 1614 C

394 2581 515 2608 ΚΔΝΩΝ
532 2580 572 2609 A'.

1248 2581 1362 2610 CANON
1377 2581 1395 2610 1.

91 2635 103 2653 ‹
131 2627 180 2653 Ἐκ
202 2626 376 2661 κοινοϐουλίῳ
401 2627 488 2659 ὅντες,
500 2627 637 2662 ἀγαπητοὶ
658 2627 778 2663 ἀδελφοὶ,
813 2629 858 2656 ὰνέ

966 2631 1034 2659 Cum
1052 2631 1080 2658 in
1098 2630 1238 2658 communi
1248 2630 1366 2658 consilio
1383 2622 1521 2659 essemus,
1537 2625 1632 2653 dilecti
1658 2624 1713 2651 l'ra-

131 2682 140 2699 |
159 2681 268 2709 γνωμεν
290 2674 443 2710 γράμματα
468 2674 516 2708 ἀφ’
539 2673 617 2712 ὑμῶν
647 2675 781 2702 σταλέντα
810 2675 876 2710 περὶ

968 2686 978 2703 1
996 2681 1062 2710 tres,
1075 2676 1188 2713 legimus
1200 2676 1306 2704 litteras
1322 2682 1337 2702 a
1349 2674 1428 2703 vobis
1437 2674 1538 2701 missas
1550 2671 1584 2700 de
1598 2671 1645 2705 iis.
1666 2672 1714 2706 qui

717 2733 818 2765 Guili.
834 2734 1002 2774 Beveregii
1021 2738 1116 2766 noue.

89 2792 262 2831 Balsamonis
277 2792 446 2831 editionibus
462 2800 594 2831 canones;
610 2795 708 2829 synodi
728 2795 873 2831 Carthagi-
928 2796 956 2823 in
975 2795 1124 2824 Bodleiano
1136 2795 1229 2831 codice
1245 2802 1326 2829 quem
1341 2795 1442 2829 ubique
1458 2793 1612 2829 sequimur,
1629 2792 1676 2819 sed
1691 2795 1720 2818 et

90 2828 198 2858 nensis,
212 2833 241 2854 ut
255 2835 273 2866 Ξ
282 2828 385 2866 Graecis
412 2833 556 2866 vocantur,
585 2828 641 2866 lioc
671 2836 724 2861 eet,
749 2828 871 2866 codicém
929 2832 1162 2861 Amerbachiano.
1179 2828 1332 2866 ideni'ordo
1348 2828 1517 2866 synodorum
1540 2831 1717 2866 observatur,

89 2870 228 2901 canonum
253 2863 381 2901 Ecclesiae
412 2863 566 2901 Africanae,
585 2864 656 2901 inter
689 2865 874 2899 supradictam
930 2874 986 2901 quo
1013 2867 1058 2893 hic
1074 2866 1279 2901 imprimuntur,
1297 2863 1374 2899 juxta
1391 2872 1471 2900 quem
1499 2871 1619 2894 veterem
1643 2864 1717 2894 illam

91 2898 228 2934 synodum
245 2899 415 2932 Ancyrauam
433 2899 579 2933 interponi.
610 2899 710 2927 Verum
723 2898 778 2928 non
794 2902 874 2928 modo
932 2898 1174 2937 Carthaginiensem
1191 2900 1310 2934 synodus
1327 2898 1471 2937 Ancyram
1489 2902 1602 2938 excipit.

215 2946 350 2976 Ριτιιοι.
372 2947 430 2976 (in.
453 2946 637 2978 CXXXVII.
1492 2955 1529 2986 35
