1942 3095
240 144 312 177 10l9

876 141 1017 173 TlIEOD.
1043 139 1243 171 BALSAMON

1821 134 1899 168 Πυο

277 215 287 232 ι
307 205 342 234 ab
354 205 491 234 lnereticis
503 202 751 233 vehschismaticis
777 201 911 238 bapti'zati
927 200 978 229 visi
992 199 1027 228 ad
1043 225 1045 230 .

1149 199 1205 226 τῶν
1222 199 1299 236 παρὰ
1323 199 1381 232 τοῖς
1397 197 1547 234 αίρετικοτς
1577 198 1595 234 ἢ
1623 199 1826 234 σχισματικοῖς
1848 198 1899 225 δο-

278 262 287 279 t
307 253 471 281 catholicam
489 251 654 286 Ecclesium,
684 257 747 285 quae
778 257 832 277 una
847 253 902 282 est,
931 248 960 275 in
977 255 1033 282 qua

280 309 291 326 ι
307 298 480 332 baptizarnur
499 301 526 324 et
541 303 737 332 regeneramur
752 295 867 323 veniunt
886 303 894 321 :
914 294 949 321 de
971 293 1034 328 qui-

277 355 287 373 t
306 346 359 374 bus
389 344 555 372 conﬁdimus
575 351 625 372 vos
655 350 777 378 quoque,
798 342 845 377 qni
872 341 918 369 illa
938 339 1031 376 agitis,

280 400 291 417 ε
311 389 457 418 catholica)
469 389 604 417 Ecclesiae
615 396 736 417 canones
751 387 906 415 ﬁrmitatem
927 390 1034 414 tenere.

278 446 288 462 ι
306 436 411 464 Tamen
425 436 558 471 quoniam
571 435 717 463 nobiseum
733 434 803 462 estis
825 431 1032 462 communionis

279 491 289 509 ι
309 483 467 518 participes,
484 486 512 510 et
528 485 640 517 propter
652 487 827 509 communem
854 478 1033 507 dilectionem

275 539 285 556 ‹
301 529 336 558 de
354 537 387 557 eo
398 536 521 564 quaerere
548 528 696 562 voluistis;
721 535 778 554 non
802 533 902 554 novatn
919 528 1036 553 senten-

279 585 288 602 t
308 577 373 603 tiam
389 583 480 610 neque
495 582 571 603 nunc
587 574 727 602 fundatam
736 573 893 601 etl'erimus:
910 570 957 599 sed
973 577 1035 606 quat

280 631 290 648 ι
310 622 377 649 olim
395 621 430 649 ab
450 620 656 655 antiquioribus
679 618 892 647 accuratissime
919 621 946 644 et
971 616 1037 643 dili-

281 677 290 694 ι
311 668 471 703 gentissime
485 667 536 694 fuit
549 667 632 702 366
643 666 814 705 examinata,
836 671 925 692 eatna
955 662 1036 690 nobis

281 723 291 741 ι
308 715 483 742 observatam
502 714 578 742 vobis
593 712 846 743 communieamus.
864 716 892 739 et
916 710 1038 745 conjun-

283 769 292 785 ι
311 760 415 795 gimus,
447 759 472 786 id
487 766 596 794 quoque
607 765 680 786 nunc
692 760 858 789 statuentes,
873 756 945 792 quod
961 763 1037 782 sem-

282 815 293 832 ι
308 814 358 841 per
379 806 490 834 fortiter
517 805 707 837 stabiliterque
734 803 892 835 tenuimus;
909 807 937 829 ut
957 808 1037 828 nemo

282 860 292 877 ι
310 852 399 886 possit
419 850 554 886 baptizari
570 854 649 877 extra
684 848 851 876 catholicam
866 846 1037 878 Ecclesiam;

283 906 295 924 σ
313 905 377 925 eum
399 905 472 925 unus
488 897 654 931 baptismus,
678 899 706 922 et
730 895 759 922 in
785 894 923 921 catholica
944 892 1040 920 Eccle-

284 954 295 971 ι
316 944 358 972 sia
372 944 432 971 sola
447 943 613 970 celebretur.
627 940 767 976 Striptum
788 946 831 968 est
857 940 952 968 enim:
974 948 984 966 ι
998 939 1040 967 Me

285 1000 296 1017 ι
315 990 486 1025 reliquerunt
514 987 617 1015 fontem
646 993 726 1022 aqua:
744 987 824 1019 vivae,
849 990 883 1020 ~et
911 985 1041 1012 foderunt

286 1046 296 1064 ι
314 1037 368 1065 sibi
381 1036 517 1065 cisternas
531 1034 697 1070 perforatas,
711 1041 773 1069 qua:
786 1040 885 1069 aquam
897 1032 1042 1060 continere

285 1093 295 1110 ι
314 1088 454 1119 nequeunt
479 1083 513 1111 ⁷⁸.
530 1091 540 1108 ›
558 1081 590 1109 Et
607 1089 705 1109 rursus
718 1088 799 1108 sacra
821 1079 966 1115 Scriptura
989 1079 1043 1106 hoc

287 1139 298 1157 ι
317 1129 533 1166 ρτωείςιιὶίὶοαιιε
557 1127 642 1156 dicit:
662 1136 672 1154 ι
688 1128 728 1154 Ab
751 1134 821 1162 aqua
845 1126 935 1154 aliena
959 1125 1044 1153 absti-

289 1187 299 1204 ε
322 1182 394 1211 nete,
413 1181 441 1205 et
457 1184 491 1204 ex
513 1175 589 1204 fonte
614 1175 704 1203 alieno
726 1182 761 1202 ne
788 1174 883 1201 bibite.
905 1182 915 1199 ›
930 1172 1043 1207 Oportet

290 1234 298 1250 ι
312 1228 403 1251 autem
422 1230 520 1258 aquam
543 1221 664 1257 pritnum
693 1220 804 1256 purgari
822 1225 850 1248 et
872 1219 1043 1246 sanetiﬁcari

287 1279 296 1295 ι
316 1278 330 1297 a
361 1270 526 1302 sacerdote,
555 1273 585 1296 ut
616 1268 704 1304 possit
731 1268 843 1304 proprio
876 1267 1044 1301 baptismate

263 1340 266 1342 ν
288 1325 298 1341 t
321 1315 453 1348 hominis,
469 1314 517 1349 qui
538 1314 708 1350 baptizatur,
727 1317 841 1348 peccata
868 1312 992 1339 abluere.
1011 1310 1044 1338 Et

288 1372 296 1388 I
317 1369 364 1397 per
388 1360 568 1391 lezechielem
592 1360 755 1395 prophetam
779 1358 847 1387 dicit
881 1357 1042 1385 Dominus:

288 1419 297 1436 ι
315 1409 347 1437 Et
361 1416 504 1444 a~.pergam
522 1415 570 1435 vos
582 1415 653 1443 aqua
672 1415 751 1443 pura,
772 1411 798 1434 ct
829 1406 969 1433 mundabo
983 1412 1043 1438 vos,
1077 1401 1082 1405 ’

285 1464 295 1482 t
314 1460 342 1483 et
359 1456 431 1485 dabo
451 1455 529 1482 vobis
542 1462 590 1482 cor
616 1461 729 1486 novum,
744 1458 772 1481 et
793 1453 923 1488 spiritum
941 1458 1044 1479 novum

287 1511 297 1528 ι
316 1502 389 1530 dabo
407 1501 485 1528 vobis
500 1500 589 1527 πσθθ.»
603 1499 746 1532 Quomodo
759 1504 851 1527 autem
862 1506 962 1534 aquam
979 1505 1046 1533 pur-

289 1557 300 1574 ι
319 1551 425 1583 garcet
439 1546 617 1573 sanctiﬁeare
633 1550 734 1581 potest.
767 1546 814 1580 qui
845 1546 903 1579 ipse
929 1549 971 1572 est
991 1544 1076 1584 ἱππ-ρ

290 1603 298 1620 t
316 1593 445 1624 mundus,
464 1597 491 1619 et
502 1591 606 1627 Spiritu
624 1597 721 1620 sancto
738 1591 910 1619 destitutus?
934 1595 963 1618 et
978 1598 1041 1617 cum

289 1651 299 1668 ι
316 1641 391 1668 dicat
408 1640 540 1668 Dominus
569 1639 596 1666 in
621 1638 766 1665 Numeris:
786 1647 795 1663 ι
811 1638 843 1666 Ει
871 1637 964 1666 omnia
980 1644 1043 1672 quae

289 1696 300 1714 ε
318 1691 412 1720 tanget
436 1686 606 1717 immundus,
625 1684 767 1712 itnmunda
791 1684 924 1716 erunt";
945 1693 954 1710 ι
974 1691 1043 1718 quo-

291 1743 301 1760 ‹
322 1732 403 1760 modo
420 1735 511 1768 potest
530 1731 675 1767 baptizans
689 1730 756 1758 dare
783 1730 830 1758 alii
848 1729 1041 1758 remissionem

292 1789 301 1806 ι
318 1784 505 1815 peccatorum,
527 1777 575 1812 qui
601 1785 656 1804 non
680 1781 772 1812 potest
795 1776 908 1812 propria
931 1780 1043 1812 peccata

265 1843 268 1845 -
291 1837 301 1854 ι
315 1833 393 1855 extra
413 1826 566 1854 Ecclesiatn
583 1824 745 1852 dimittere?
767 1823 821 1852 Sed
838 1829 865 1851 et
878 1824 938 1859 ipsa
959 1823 1044 1850 inter-

291 1884 301 1902 t
317 1875 435 1909 rogatio,
450 1880 512 1908 quae
527 1871 556 1898 lit
573 1872 750 1906 baptismate,
759 1874 804 1898 est
815 1870 894 1898 testis
907 1869 1044 1897 veritatis.

291 1931 302 1948 ι
319 1920 448 1948 Dicentes
463 1918 537 1946 enim
549 1918 575 1946 ei
591 1917 639 1953 qui
666 1916 843 1944 examinator
863 1925 870 1943 :
891 1916 990 1944 Credis
1005 1915 1046 1942 vi-

262 1977 268 1982 ν
292 1977 302 1994 ι
321 1973 376 1995 tam
406 1971 540 1993 aeternam
570 1967 599 1991 et
631 1963 825 1991 remissionem
867 1967 1046 1998 peccatorum

292 2025 300 2041 ι
320 2012 466 2048 accipere?
483 2011 553 2039 nihil
569 2010 645 2038 aliud
664 2011 793 2042 dicimus,
808 2016 891 2044 quam
917 2009 991 2044 quod
1018 2009 1046 2036 in

294 2070 303 2087 ι
323 2059 462 2088 catholica
476 2058 602 2086 Ecclesia
614 2057 672 2084 haec
686 2057 745 2084 dari
761 2060 888 2092 possunt.
900 2055 1046 2092 Apudhae—

292 2117 302 2134 ‹
322 2107 423 2134 reticos
450 2111 553 2135 autent,
573 2103 618 2130 ubi
646 2102 770 2130 Ecclesia
800 2110 855 2130 non
878 2107 931 2135 est,
951 2101 1047 2130 haberi

295 2164 304 2180 ι
321 2162 373 2181 non
390 2155 480 2188 potest
501 2154 676 2185 peccatorum
695 2148 836 2176 remissio.
854 2147 888 2174 Et
915 2148 976 2175 ideo
999 2148 1048 2184 qui

293 2208 303 2224 ι
323 2198 514 2224 haereticorum
523 2194 707 2227 patrocinium
716 2193 882 2228 suscipiunt,
892 2192 934 2220 vel
949 2192 1049 2219 deban

295 2253 305 2266 ι
324 2240 569 2276 ἱιιιοιϊοείηὰιηιοιιι
588 2244 706 2272 mutare,
728 2239 770 2265 vel
788 2239 933 2266 veritatem
967 2239 1048 2266 tueri.
1066 2227 1089 2257 θ

297 2301 307 2317 ι
326 2290 445 2318 Necesse
458 2287 596 2315 estetiam
624 2294 700 2319 eum,
727 2285 775 2321 qui
805 2286 963 2321 baptizatus
996 2291 1049 2317 est.

295 2348 305 2364 ι
324 2338 433 2371 inungi,
447 2341 480 2364 ut
496 2341 610 2370 accepta
629 2335 773 2366 unctione,
795 2334 841 2361 ﬁat
867 2333 970 2361 Christi
987 2341 1051 2366 gra-

296 2393 307 2411 ι
326 2385 370 2411 tite
387 2383 538 2418 particeps.
571 2380 756 2408 Sanctiﬁcare
774 2384 865 2407 autem
888 2381 980 2407 oleum
997 2388 1051 2408 non

299 2441 309 2457 ι
327 2433 416 2466 potest
448 2429 604 2460 hzcrcticns,
623 2429 668 2463 qui
688 2434 738 2454 nec
766 2427 854 2454 altare
876 2427 969 2459 habet,
1001 2434 1051 2454 nec

299 2488 308 2504 ι
326 2477 488 2505 Ecelcsiam.
503 2475 563 2503 Non
580 2479 669 2510 potest
684 2479 777 2502 autem
791 2474 906 2501 omnino
928 2474 1049 2502 chrisma

298 2535 306 2551 ι
329 2532 393 2554 esse
409 2524 480 2559 apud
495 2523 651 2550 haereticos.
670 2521 756 2549 Nobis
774 2521 847 2548 enim
863 2521 969 2549 clarum
996 2523 1049 2553 est,

298 2582 306 2597 ι
323 2571 400 2599 nullo
413 2569 494 2598 modo
509 2570 579 2604 apud
591 2569 654 2596 ilics
670 2567 841 2595 sanetiﬁcari
859 2575 941 2602 posse
957 2567 1049 2595 oleum

302 2627 310 2642 ι
334 2616 368 2644 ad
399 2616 548 2651 gratiarum
581 2614 730 2641 actionem.
748 2612 825 2640 Scire
856 2613 928 2640 enim
948 2618 975 2641 et
998 2621 1052 2640 non

302 2673 311 2689 ι
329 2664 456 2699 ignorare
467 2663 598 2689 debemus
618 2661 691 2696 quod
707 2660 841 2695 scriptum
857 2664 917 2687 est:
934 2669 943 2685 ι
956 2660 1052 2688 Oleum

301 2718 311 2735 ι
329 2709 484 2744 peccatoris
508 2715 563 2734 non
593 2707 745 2741 impinguet
768 2710 851 2740 caput
884 2714 974 2734 meum
989 2706 1024 2732 ⁸³.
1041 2715 1050 2732 ι

302 2764 311 2780 ι
330 2754 410 2787 Quod
431 2753 542 2788 quidem
563 2754 645 2779 etiam
661 2753 726 2780 olim
757 2752 922 2788 signiﬁcavit
939 2757 1054 2780 sanctus

301 2809 312 2825 ι
330 2801 452 2834 Spiritus
471 2807 498 2826 in
525 2799 653 2832 Psalmis,
684 2807 718 2827 ne
752 2799 824 2827 forte
850 2799 987 2827 abductus
1015 2799 1053 2826 sit

295 2888 321 2906 "
332 2889 434 2917 Jercm.
455 2898 485 2924 ιι,
505 2891 546 2918 l3.
602 2891 625 2907 "
639 2892 662 2908 ⁸ο
672 2891 771 2919 Ezech.
788 2900 879 2927 xxxvt,
907 2891 953 2926 25,
967 2891 1013 2921 26.

1068 2891 1091 2931 ξι
1106 2891 1188 2921 Num.
1209 2901 1264 2927 ιιι,
1278 2892 1325 2920 22.

1125 256 1136 273 ι
1155 247 1277 274 κούντων
1311 245 1504 282 βεϐαπτίσθαι,
1545 245 1703 281 ιρχομένων
1731 245 1809 280 πρὸς
1840 246 1900 280 τὴν

1123 302 1133 320 t
1153 293 1305 330 καθολικὴν
1334 292 1512 329 Ἐκκλησίαν,
1544 292 1606 328 ἥτις
1638 291 1698 319 ἔστι
1711 291 1784 327 μία,
1813 292 1848 318 ἐν

1125 349 1136 367 ι
1155 327 1344 376 βαπτιζόμεθα
1379 327 1435 366 καί
1455 327 1668 374 ἀναγεννώμεθα
1698 347 1707 355 ·
1744 338 1816 374 περὶ
1854 327 1918 365 ὤν’

1124 395 1134 412 ι
1157 387 1205 414 καὶ
1216 385 1387 421 πεποίθαμεν
1398 385 1446 412 καὶ
1459 385 1533 420 ὑμᾶς
1557 385 1658 416 αὐτοὺς
1670 384 1763 411 ἐκεῖνα
1797 385 1894 418 πράτ-

1123 442 1133 459 ι
1155 441 1251 465 τοντας
1276 431 1326 468 τὴν
1353 432 1525 468 στερρότητα
1564 431 1615 466 τῆς
1643 431 1798 465 καθολικῆς
1823 430 1893 458 Ἐκ-

1122 488 1132 505 ι
1153 478 1270 515 κλησίας
1312 480 1448 514 κρατεῖν,
1481 479 1558 512 ὅμως
1604 478 1667 504 ἐπεὶ
1700 480 1890 512 συγκοινωνώ

1123 535 1133 553 ι
1152 527 1232 562 ἡμῶν
1251 527 1325 559 ἐστι,
1345 526 1394 553 καὶ
1412 526 1531 561 ζητῆσαι
1547 526 1612 561 περὶ
1638 527 1736 552 τούτου
1764 526 1814 553 διὰ
1840 526 1892 560 τὴν

1126 583 1136 599 t
1155 573 1251 609 κοινὴν
1264 574 1374 610 ἀγάπην
1390 573 1556 608 ἠθελήσατε,
1581 574 1611 600 οὐ
1637 574 1799 609 πρόσφατον
1817 573 1891 607 γνώ-

1125 629 1135 646 ‹
1163 628 1227 655 μην,
1243 619 1303 646 οὐδὲ
1318 619 1365 646 νῦν
1390 620 1568 654 ήδρασμὲνην
1595 620 1802 655 προσφέρομεν,
1822 619 1891 647 ἀλλὰ

1128 674 1138 692 t
1160 666 1209 701 τὴν
1225 666 1310 692 πάλαι
1327 666 1380 693 ὑπὸ
1390 665 1444 692 τῶν
1472 666 1696 701 προγενεστέρων
1716 666 1801 701 ἡμῶν
1821 668 1892 701 μετὰ

1125 720 1135 738 ι
1157 712 1249 748 πάσης
1257 711 1402 747 άκριῦείας
1413 712 1460 738 καὶ
1467 712 1628 746 ἐπιμελείας
1637 712 1890 747 δεδοκιμασμένην,

1127 767 1137 783 t
1159 758 1205 784 καὶ
1227 757 1273 792 ὑφ’
1302 757 1380 792 ἡμῶν
1399 757 1652 793 παρατηρηθείσαν,
1681 758 1892 793 κοινιιωοῡμεῧα

1129 812 1139 829 t
1160 804 1226 838 ὑμῖν
1242 805 1290 830 καὶ
1315 803 1515 838 συζεύγνυμεν,
1530 803 1611 829 τοῦτο
1626 804 1673 830 καὶ
1690 803 1738 830 νῦν
1763 798 1829 838 χειρ
1847 813 1892 830 το-

1129 858 1138 876 ι
1157 849 1278 882 νοῦντες,
1293 850 1363 886 ὅπερ
1377 850 1423 876 διὰ
1456 849 1558 882 παντὸς
1579 849 1700 885 ίσχυρῶς
1716 850 1766 876 καὶ
1796 852 1891 884 ἀσφα-

1133 906 1142 924 t
1163 898 1218 930 λῶς
1235 897 1417 933 κρατοῦντες,
1436 898 1539 934 μηδένα
1559 897 1741 932 βαπτίζεσθαι
1756 897 1892 925 δύνασθαι

1131 954 1141 968 ι
1161 944 1214 977 ἔξω
1228 944 1280 979 τῆς
1299 944 1450 980 καθολικῆς
1470 943 1651 980 Ἐκκλησίας·
1670 944 1729 975 ἑνὸς
1747 945 1829 976 Sino;
1846 945 1893 980 βα-

1133 1001 1143 1017 (
1169 991 1332 1026 πτίσματος,
1350 991 1398 1018 καὶ
1424 992 1453 1018 ὲν
1469 991 1538 1026 μόνῃ
1562 992 1596 1027 τῇ
1619 990 1753 1026 καθολικῇ
1774 991 1892 1026 Ἐκκλη-

1133 1048 1142 1064 ι
1164 1038 1210 1074 σίᾳ
1225 1038 1404 1074 ὑπάρχοντος.
1423 1038 1581 1074 Γέγραπται
1595 1038 1664 1074 γὰρ,
1682 1047 1692 1064 ι
1718 1037 1787 1073 Ἐμὲ
1810 1039 1892 1072 ἐγκα-

1133 1093 1142 1110 ι
1164 1083 1275 1110 τέλιπον
1289 1084 1382 1119 πηγὴν
1397 1083 1494 1116 ὓδατος
1507 1084 1618 1116 ζῶντος,
1636 1084 1684 1110 καὶ
1697 1083 1812 1119 ὤρυξαν
1827 1085 1888 1111 ἐαυ-

1133 1139 1143 1156 ι
1165 1131 1222 1162 τοῖς
1255 1129 1376 1162 λάκκους
1411 1130 1673 1166 συντετριμμένους,
1699 1130 1764 1161 τοὺς
1787 1130 1829 1166 μὴ
1850 1130 1891 1156 δυ-

1133 1187 1142 1204 t
1164 1177 1298 1212 ναμένονς
1326 1176 1399 1212 ὕδωρ
1422 1178 1544 1212 συσχεῖν.
1568 1186 1577 1203 ι
1612 1176 1668 1204 Καὶ
1687 1177 1801 1212 πάλινή
1829 1177 1891 1210 ἁγία

1135 1233 1144 1250 t
1164 1224 1260 1259 Γραφὴ
1288 1224 1486 1258 προμηνύουσα
1500 1223 1575 1257 λέγει
1588 1231 1594 1239 ·
1611 1232 1621 1249 t
1641 1223 1709 1250 Ἀπὸ
1732 1223 1834 1255 ὕδατος
1850 1224 1893 1249 άλ-

1134 1280 1144 1297 ι
1164 1270 1270 1306 λοτρίου
1288 1269 1435 1305 ἀπέχεσθε,
1450 1269 1498 1296 καὶ
1511 1269 1566 1296 ἀπὸ
1586 1270 1676 1305 πηγῆς
1690 1268 1842 1305 ἀλλοτρίας
1859 1270 1893 1305 μὴ

1134 1327 1144 1344 t
1162 1317 1255 1352 πίητε.
1276 1326 1286 1342 ›
1311 1317 1357 1343 Δεῖ
1385 1316 1414 1343 δὲ
1431 1315 1632 1351 καθαρίζεσθαι
1649 1316 1696 1344 καὶ
1726 1316 1893 1350 ἁγιάζεσῦαι

1135 1373 1144 1391 t
1166 1364 1197 1390 τὸ
1215 1363 1288 1398 ὕδωρ
1303 1363 1411 1398 πρῶτον
1423 1363 1476 1390 ὑπὸ
1491 1362 1538 1389 τοῦ
1553 1363 1658 1396 ἱερέως,
1674 1363 1718 1389 ἵνα
1733 1363 1841 1400 δυνηθῇ
1859 1363 1893 1399 τῷ

1136 1419 1145 1435 ε
1171 1408 1229 1444 ίδίῳ
1243 1408 1416 1444 βαπτίσματι
1430 1408 1481 1440 τὰς
1492 1409 1631 1444 ἁμαρτίας
1645 1407 1693 1434 τοῦ
1724 1408 1894 1444 βαπτιζομέ-

1135 1464 1145 1481 κ
1164 1463 1210 1482 νου
1236 1454 1381 1488 ἀνθρώπου
1414 1454 1584 1490 ἁποσμῆξαι.
1605 1465 1614 1481 ι
1628 1455 1679 1482 Διά
1702 1463 1733 1482 τε
1761 1455 1893 1492 Ἶεζεκιὴλ

1135 1511 1145 1528 t
1170 1501 1217 1528 τοῦ
1250 1502 1394 1538 προφήτου
1423 1501 1498 1536 λέγει
1524 1501 1643 1536 Κύριος·
1661 1511 1671 1527 t
1691 1501 1746 1529 Καὶ
1774 1502 1894 1537 ῥαντίσω

1132 1557 1142 1575 ί
1162 1548 1235 1584 ὁμᾱς
1267 1547 1382 1584 καθαρῷ
1401 1547 1490 1580 ὒδατι,
1511 1548 1559 1575 καὶ
1587 1548 1712 1583 καθαριῶ
1729 1548 1816 1583 ὑμᾶς,
1851 1548 1894 1575 καὶ

1132 1605 1141 1622 t
1160 1595 1239 1622 δώσω
1265 1596 1330 1630 ὑμῖν
1358 1594 1472 1630 καρδίαν
1492 1594 1598 1630 καινὴν,
1611 1594 1659 1621 καὶ
1673 1595 1784 1630 πνεῦμα
1802 1596 1895 1621 καινὸν

1133 1651 1142 1668 t
1162 1642 1241 1668 δώσω
1254 1642 1345 1676 ὑμῖν.»
1359 1642 1420 1673 Πῶς
1431 1641 1460 1668 δὲ
1470 1641 1583 1668 δύναται
1595 1641 1741 1676 καθαρίσαι
1751 1643 1800 1668 καὶ
1813 1642 1894 1676 ἁγιά-

1134 1696 1144 1714 ‹
1166 1696 1212 1714 σαι
1225 1686 1298 1722 ὕδωρ
1317 1688 1331 1714 ὁ
1359 1682 1523 1723 ἀκάθαρτος
1543 1687 1582 1714 ὢν
1595 1687 1685 1719 αὐτὸς,
1714 1687 1761 1714 καὶ
1790 1687 1861 1722 παρ’
1875 1683 1894 1721 ᾧ

1134 1743 1144 1760 ‹
1165 1733 1277 1769 Πνεῦμα
1305 1733 1383 1768 ἅγιον
1405 1734 1456 1761 οὐκ
1469 1734 1544 1767 Ean;
1566 1733 1692 1769 λέγοντος
1706 1733 1762 1761 ¹τοῦ
1786 1734 1892 1770 Κυρῖου

1134 1789 1143 1806 t
1164 1781 1194 1806 ὲν
1213 1780 1270 1812 τοῖς
1287 1780 1445 1815 Ἀριθμοῖς·
1465 1791 1474 1807 t
1492 1781 1548 1808 Καὶ
1570 1781 1681 1808 πάντων
1698 1777 1736 1808 ὧν
1753 1781 1855 1816 ἅψεται
1880 1781 1893 1807 6

1135 1836 1144 1852 ι
1164 1826 1329 1862 ἀκάθαρτος,
1350 1826 1493 1862 ἀκάθαρτα
1521 1827 1608 1854 ἔσται.
1627 1837 1637 1853 ι
1662 1827 1724 1859 Πῶς
1754 1827 1891 1862 βαπτίζων

1136 1883 1145 1900 t
1164 1873 1276 1900 δύναται
1289 1873 1362 1908 ἄλλῳ
1373 1873 1464 1900 δοῦναι
1474 1873 1571 1907 ἄφεσιν
1584 1874 1728 1909 αμαρτιῶν
1738 1874 1753 1900 ὁ
1764 1874 1803 1908 μὴ
1816 1874 1891 1909 δυνη-

1137 1927 1146 1944 t
1165 1918 1223 1949 θεὶς
1233 1919 1268 1945 τά
1291 1918 1347 1945 [δια
1374 1918 1563 1954 ἁμαρτήματα
1584 1918 1636 1951 ἔξω
1651 1920 1701 1953 τῆς
1729 1920 1890 1954 Ἐκκλησέας

1137 1972 1147 1990 ι
1168 1962 1318 1990 ἀποθέσθαι
1330 1972 1337 1996 ;
1351 1962 1433 1990 Ἀλλὰ
1450 1964 1497 1990 καὶ
1513 1963 1583 1999 αὐτὴ
1601 1965 1617 1999 ἡ
1644 1965 1794 2000 ἐρώτησις,
1822 1966 1838 2000 ὴ
1865 1967 1889 1990 ἐν

1138 2017 1147 2034 t
1166 2007 1204 2044 τῷ
1239 2007 1408 2043 βαπτίσματι
1438 2009 1592 2044 γινομένη,
1617 2009 1725 2044 μάρτυς
1757 2009 1817 2036 ἐστὶ
1842 2012 1886 2044 τῆς

1139 2064 1148 2081 ι
1167 2053 1307 2090 ἀληθείας,
1322 2055 1457 2090 Δέγοντες
1484 2055 1538 2090 γὰρ
1555 2055 1594 2090 τῷ
1614 2055 1813 2092 ἐξεταζομένῳ,
1844 2057 1889 2083 Πτ-

1139 2111 1148 2128 t
1171 2101 1277 2133 στεύεις
1319 2101 1419 2128 άώνιον
1448 2101 1522 2138 ζωὴν
1549 2103 1599 2130 καὶ
1623 2103 1724 2138 ἄφεσιν
1750 2103 1889 2139 ἁμαρτιῶν

1140 2160 1149 2176 ι
1168 2150 1340 2186 λαμϐάνειν;
1363 2149 1415 2177 οὐκ
1433 2150 1498 2178 ἄλλο
1512 2160 1538 2177 τι
1550 2151 1666 2187 λέγομεν
1697 2153 1722 2178 εί
1739 2152 1778 2189 μὴ
1800 2153 1840 2179 ὃτι
1865 2154 1890 2178 ἐν

1142 2206 1152 2223 t
1170 2199 1202 2233 τῇ
1217 2196 1350 2232 καθολικῇ
1371 2196 1521 2233 Ἐκκλησία
1538 2197 1648 2230 δοθῆναι
1661 2197 1785 2226 δύναται.
1816 2199 1890 2234 Περὶ

1144 2253 1154 2270 ί
1173 2244 1202 2270 δὲ
1215 2245 1272 2275 τοῖς
1292 2244 1453 2279 αἰρετικοϊς,
1469 2244 1538 2272 ὅπου
1571 2244 1721 2280 Ἐκκλησία
1735 2244 1787 2271 οὐκ
1810 2245 1890 2277 ἔστιν,

1142 2300 1152 2317 t
1173 2290 1304 2318 ἀδύνατον
1321 2291 1530 2326 ἁμαρτημάτων
1546 2291 1645 2326 ἄφεσιν
1668 2291 1772 2318 λαϐεῖν.
1787 2291 1840 2319 Καὶ
1853 2293 1892 2319 διὰ

1142 2346 1152 2363 t
1173 2336 1253 2364 τοῦτο
1264 2337 1289 2364 οί
1304 2337 1357 2364 τῶν
1370 2336 1516 2372 αἰρετικῶν
1529 2338 1676 2373 συνήγοροι
1691 2337 1707 2373 ἢ
1723 2338 1773 2373 τὴν
1789 2339 1892 2373 ἐπερώ-

1143 2392 1152 2409 t
1172 2391 1252 2418 τησιν
1273 2382 1419 2416 ἐναλλάξαι
1447 2383 1612 2417 ὀφείλουσιν,
1645 2383 1661 2419 ἢ
1686 2384 1737 2418 τὴν
1766 2382 1893 2420 ἀλήθειαν

1144 2439 1153 2455 t
1172 2429 1325 2465 ἐκδικῆσαι.
1348 2429 1468 2465 Ἀνάγκη
1481 2429 1509 2456 δέ
1526 2430 1586 2456 ἐστι
1613 2429 1740 2465 χρίεσθαι
1771 2431 1818 2457 τὸν
1851 2430 1894 2466 βε-

1143 2485 1152 2502 (
1172 2474 1368 2511 ϐαπτισμένον.
1394 2475 1438 2503 ἵνα
1460 2475 1551 2503 λαϐὼν
1563 2477 1666 2512 χρίσμα
1682 2477 1796 2512 μέτοχος
1814 2477 1894 2512 γένη-

1143 2532 1152 2549 (
1171 2522 1352 2558 ταιΧριστοῦ.
1371 2523 1496 2557 Ἀγιάσαι
1506 2523 1534 2550 δὲ
1547 2523 1635 2550 ἔλαιον
1650 2524 1680 2550 οὐ
1697 2523 1811 2550 δύναται
1826 2525 1840 2550 ὁ
1854 2525 1895 2550 αἱ-

1144 2578 1153 2595 t
1176 2570 1293 2604 ρετικὸς,
1305 2569 1319 2596 6
1336 2569 1403 2603 μήτε
1415 2569 1607 2604 θυσιαστήριον
1619 2567 1698 2603 ἔχων,
1716 2568 1786 2603 μήτε
1798 2569 1898 2603 ἐκκλη-

1145 2625 1154 2641 t
1175 2615 1251 2641 σίαν·
1268 2615 1298 2642 οὒ
1330 2615 1441 2642 δύναται
1456 2615 1484 2642 δὲ
1500 2616 1603 2650 χρίσμα
1621 2615 1649 2641 τὸ
1665 2615 1800 2650 παράπαν
1823 2615 1897 2650 παρὰ.

1145 2672 1154 2688 t
1173 2663 1228 2694 τοῖς
1242 2662 1391 2696 αἱρετικοῖς
1410 2660 1491 2689 εἷναι.
1512 2661 1647 2696 Πρόδηλον
1660 2661 1716 2694 γὰρ
1730 2661 1810 2687 ἐστιν
1830 2661 1896 2694 ἡμῖν

1146 2717 1155 2733 t
1178 2708 1311 2743 μηδαμῶς
1336 2707 1467 2734 δύνασθαι
1501 2707 1567 2742 παρ’
1594 2707 1710 2738 ἐκείνοις
1736 2707 1897 2741 ἁγιάζεσθαι

1146 2763 1155 2780 ι
1177 2754 1266 2781 ἔλαιον
1293 2754 1334 2785 είς
1361 2754 1550 2789 εὐχαριστίαν.
1577 2754 1682 2780 Ειδέναι
1703 2753 1760 2789 γὰρ
1784 2754 1831 2780 καὶ
1860 2754 1896 2788 μὴ

1147 2809 1156 2826 t
1176 2801 1285 2835 ἀγνοεῖν
1312 2800 1458 2836 ὀφείλομεν
1485 2801 1527 2827 ὅτι
1555 2799 1721 2836 γέγραπται,
1759 2809 1769 2826 t
1791 2800 1896 2828 Ἕλειον

1379 2891 1402 2908 ⁸¹
1414 2891 1486 2920 Psal.
1503 2899 1564 2926 CXL,
1578 2893 1606 2921 5.
