1942 3095
107 136 174 171 1101

672 133 715 164 IN
735 131 820 163 CAN.
839 131 853 161 Ι
873 130 904 161 (1(

997 129 1185 168 cAaTHAG.
1670 130 1739 165 1:02

143 204 152 219 1
173 191 338 228 ἁμαρτωλοῦ
365 191 403 227 μὴ
414 189 556 224 λιπανάτω
571 188 621 225 τὴν
651 189 773 224 κεφαλήν
801 196 865 223 μου.
887 195 895 211 ι

992 194 999 212 ι
1019 185 1131 221 aliquis,
1144 191 1171 213 et
1184 193 1198 213 a
1217 189 1292 214 recta
1311 185 1355 214 via
1371 186 1506 215 aberrans
1533 184 1606 221 apud
1631 186 1741 214 itareti‘

143 249 152 266 1
177 241 211 266 '0
227 239 259 274 δὴ
275 239 323 266 καὶ
340 238 425 265 πάλαι
440 237 561 272 ἐμήνυσε
578 236 608 263 τὺ
635 235 749 270 Πνεῦμα
764 234 795 261 τὸ
821 233 899 268 ἆγιον

146 296 155 312 1
179 287 208 313 ὲν
216 285 356 320 Ψαλμοῖς,
373 285 472 320 μήπως
487 282 644 318 ὲξιχνιασθῇ
658 290 712 314 τις,
728 282 776 307 καὶ
789 279 899 314 ὑπὸτῆς

147 342 156 358 1
177 331 286 362 εὐθείας
319 330 380 357 ὁδοῦ
395 329 543 363 πλανηθεὶς
574 328 651 364 παρά
679 328 736 358 τοῖς
751 326 899 362 αἱρετικοίς

146 388 155 403 1
178 377 234 408 τοῖς
252 375 300 403 τοῦ
333 374 453 411 Χριστοῦ
468 373 627 405 ἀντιπάλοις
645 371 758 406 χρισθῇ.
787 371 852 402 Πῶς
871 370 900 397 δὲ

147 432 156 448 ι
174 421 283 454 εὔξεται
311 420 382 456 ὑπὲρ
413 419 460 447 τοῦ
485 418 682 455 βαπτισθέντος
701 418 762 453 οὐχ).
797 416 897 451 ίερείις,

147 479 156 495 1
175 469 232 496 ἀλλ’
268 467 407 503 ἱερόσυλος
428 466 475 492 καὶ
498 464 672 501 ἁμαρτωλὸς,
700 463 835 498 λεγούσης
850 461 899 496 τῆς

148 524 157 540 1
178 514 289 548 Γραφῆς
306 513 346 540 ὃτι
374 521 384 538 1
409 511 440 538 '0
465 510 531 542 Θεὸς
544 509 715 545 ἁμαρτωλῶν
730 508 780 535 οὐκ
794 507 899 540 ἀκούει,

149 569 158 585 1
176 559 233 586 ἀλλ’
245 558 292 585 ὲάν
311 565 352 588 τις
378 555 509 591 θεοσεϐὴς
521 554 549 590 ἦ,
581 555 630 582 καὶ
640 554 671 581 τὸ
683 553 791 589 θέλημα
815 552 899 579 αὑτοῦ

150 615 159 632 1
179 606 255 641 ποιῇ,
272 603 371 631 τούτου
383 602 494 636 ἀκούεις
514 611 523 628 1
540 603 589 629 Διὰ
602 601 651 636 τῆς
682 600 763 635 ἀγίας
787 599 901 635 Ἐκκλη-

148 660 158 677 1
182 651 243 682 σίας
262 649 376 684 νοοῦμεν
390 649 488 683 ἄφεσιν
517 646 662 686 ἁμαρτιῷν
679 653 686 661 ·
712 645 754 678 τίς
774 645 802 672 δὲ
820 645 901 671 δύνα-

147 707 156 721 1
176 706 222 724 ται
236 696 331 723 δοῦναι
344 696 412 731 ὅπερ
432 694 515 726 αὐτὸς
530 695 580 721 οὐκ
595 695 669 729 exat;
685 693 702 729 ἢ
718 693 777 725 πῶς
788 691 900 718 δύναται

148 753 156 769 ι
179 742 353 778 πνευματικὰ
377 741 544 777 ἐργάζεσθαι
563 740 578 766 6
608 737 756 767 ἀποϐαλὼν
786 736 901 771 Πνεῦμα

148 799 157 815 1
176 789 274 824 ἂγιον;
302 788 353 814 Διά
381 787 460 814 τοῦτο
493 786 539 813 καὶ
569 784 748 812 ἀνανεοῦσθαι
773 783 902 817 ὀφείλειὸ

149 846 159 862 1
184 836 252 870 πρὸς
279 835 329 870 τὴν
370 832 534 869 Ἐκκλησίαν
564 831 730 867 ἐρχόμενος,
756 829 802 858 ἵνα
844 829 900 855 ἔσω

149 890 157 907 1
180 881 224 907 διὰ
253 881 308 907 τῶν
343 879 429 914 ἁγίων
470 877 602 913 ἁγιασθῇ.
647 877 806 911 Γέγραπται
832 875 899 911 γὰρ,
915 871 937 899 Β

147 936 156 952 1
179 927 220 954 δτι
238 936 248 953 1
270 926 361 960 ’Λγιοι
385 924 490 957 ἔσεσθε,
517 924 609 956 καθὼς
628 923 686 957 ἐγὼ
710 922 787 957 διγιός
799 923 868 957 εἰμι,
888 930 897 948 1

148 983 158 999 1
180 973 256 1007 λέγει
276 972 392 1007 Κύριος.
405 971 467 998 Ἰνα-
479 972 528 998 xci.
546 971 560 998 ό
571 971 662 1005 πλάνῃ
675 968 855 1005 βουκοληθεὶς
871 969 900 1004 εν

148 1029 159 1045 1
179 1020 218 1054 τῷ
233 1019 329 1055 ἀληθεί
344 1019 393 1045 καὶ
403 1017 627 1052 ἐκκλησιαστικῷ
656 1016 828 1052 βαπτίσματι
854 1015 902 1042 καὶ

151 1076 160 1092 1
183 1066 264 1098 αὐτος
285 1065 366 1092 τοῦτο
386 1064 572 1099 ἀποδύσηται,
591 1063 666 1095 ὅστις
682 1062 750 1098 πρὸς
766 1062 833 1089 Θεὸν
856 1062 902 1096 ἑρ-

150 1123 159 1138 1
180 1113 294 1147 χόμενος
318 1112 473 1147 ἄνθρωπος,
502 1111 550 1136 καὶ
579 1110 655 1145 ιερξα
684 1108 833 1143 ἐπιζητῶν,
873 1108 903 1134 ὲν

150 1169 158 1185 1
177 1159 265 1195 πλάνῃ
277 1158 400 1194 εὑρεθεὶς
411 1157 542 1193 ίεροσύλῳ
559 1156 723 1192 προσέπεσε.
739 1154 903 1189 Δοκιμάζειν

152 1216 161 1230 1
181 1205 235 1240 γάρ
255 1205 314 1230 ἐστι
326 1203 358 1230 τὸ
372 1203 427 1230 τῶν
438 1203 586 1238 αίρετικῶν
603 1202 755 1242 βάπτισμα,
766 1200 796 1227 τὸ
809 1209 905 1227 συνευ-

151 1259 161 1276 ‹
181 1250 269 1276 δοκεῖν
283 1249 338 1281 τοῖς
354 1248 401 1276 ὑπ’
415 1248 527 1275 ἐκείνων
539 1247 783 1282 βεσαπτισμένοις.
797 1246 834 1272 Οὐ
847 1245 903 1280 γὰρ

150 1306 159 1321 1
182 1296 295 1322 δύναται
309 1295 338 1322 ὲν
351 1293 429 1329 μέρει
445 1292 634 1329 ὑπερισχύειν.
650 1293 682 1319 Εἰ
712 1291 831 1327 ἠδυνήθη
858 1291 906 1327 βας

155 1349 164 1365 1
189 1339 296 1371 πτίσαι,
315 1339 409 1375 ἴσχυσε
429 1339 476 1366 καὶ
506 1339 584 1372 ἅγιον
611 1337 723 1373 Πνεῦμα
740 1336 849 1364 δοῦναι·
880 1336 905 1364 εί

155 1395 165 1413 1
188 1386 238 1413 οὐκ
247 1386 380 1421 ἠδυνήθη,
397 1385 436 1412 ὄτι
448 1384 500 1417 ἔξω
511 1384 548 1411 ὢν
563 1384 675 1419 Πνεῦμα
683 1383 759 1417 ἅγιον
776 1383 826 1409 οὐκ
836 1382 904 1418 ἔχει,

150 1442 159 1458 ι
179 1433 209 1459 οὐ
223 1431 335 1467 δύναται
350 1432 395 1458 τόν
420 1432 570 1467 ἐρχόμενον
589 1430 730 1466 βάπτισαι,
752 1429 810 1461 ἑνὸς
829 1429 905 1461 ὄντος

154 1488 162 1503 1
186 1478 232 1505 τοῦ
258 1477 457 1513 βαπτίσματος,
489 1477 537 1504 καὶ
561 1477 619 1509 ἐνὸς
643 1476 720 1507 ὄντος
751 1475 799 1502 τοῦ
826 1475 905 1510 ἁγίου

152 1535 160 1550 1
184 1524 353 1559 Πνεύματος,
368 1524 415 1550 καὶ
429 1524 495 1559 μιᾶς
519 1522 685 1558 Ἐκκλησίας
705 1521 758 1549 ὑπὸ
785 1521 903 1557 Χριστοῦ

152 1582 161 1599 1
183 1572 230 1599 τοῦ
244 1572 348 1608 Κυρίου
359 1572 438 1606 ἡμῶν
447 1571 540 1599 ἐπάνω
557 1571 662 1606 Πέτρου
677 1571 724 1597 τοῦ
739 1569 902 1602 ἀποστόλου,

151 1628 163 1654 1_
187 1617 308 1653 ἀρχῆθεν
342 1617 480 1652 λέγοντος,
498 1617 623 1652 ἑνότητος
654 1616 901 1651 τεθεμελιωμένης.

151 1673 160 1689 1
180 1663 235 1692 Καὶ
260 1663 305 1689 διὰ
325 1662 405 1689 τοῦτο
418 1662 453 1689 τὰ
475 1662 522 1688 ὑπ’
546 1661 637 1688 αὐτῶν
660 1661 793 1696 γινόμενα
815 1660 900 1696 ψευδῆ

151 1719 160 1735 1
179 1709 226 1736 καὶ
241 1710 309 1736 κενὰ
321 1709 479 1744 ὑπάρχοντα
492 1708 582 1735 πάντα
598 1708 673 1734 ἐστὶν
686 1707 814 1743 ἀδόκιμα.
834 1706 903 1734 Οὐδὲ

151 1763 160 1780 1
180 1754 234 1789 γὰρ
249 1753 364 1781 δύναται
371 1754 466 1782 δεκτὸν
485 1754 533 1781 καὶ
543 1753 652 1789 αἱρετὸν
671 1750 741 1780 εἶναι
755 1753 832 1788 παρὰ
843 1751 904 1787 Θεῷ

152 1809 162 1828 1
179 1798 233 1825 τῶν
248 1798 295 1826 ὑπ’
318 1798 432 1827 ικείνων
447 1798 614 1833 γινομίνων,
633 1798 682 1830 οὓς
700 1799 714 1824 ὸ
727 1798 830 1832 Κύριος
859 1806 904 1824 πο-

153 1854 162 1870 1
183 1844 294 1882 λσμίους
323 1845 370 1871 καὶ
393 1844 561 1876 ἀντιπάλους
579 1843 663 1871 αὐτοῦ
692 1844 766 1878 λέγει
794 1845 823 1870 ἂν
847 1845 904 1876 τοῖς

153 1899 162 1916 1
185 1889 379 1924 Εὑαγγελίοις·
399 1899 409 1917 1
421 1889 452 1916 '0
468 1889 506 1925 μὴ
528 1889 566 1916 ὢν
591 1889 651 1925 μετ’
662 1889 730 1924 ἐμοῦ
746 1889 806 1915 κατ’
834 1888 903 1923 ἐμοῦ

153 1946 163 1963 1
187 1936 258 1969 ἐστι,
269 1936 318 1963 καὶ
329 1937 343 1963 6
358 1936 396 1971 μὴ
414 1936 539 1969 συνάγων
555 1935 613 1969 μετ’
629 1935 709 1969 ἐμοῦ,
723 1935 879 1970 σκορπίζει.
890 1944 901 1961 1

155 1992 164 2008 1
187 1982 264 2008 Καὶό
290 1982 427 2016 μακάριος
446 1980 595 2012 ἀπόστολος
625 1980 764 2014 Ἰωάννης,
796 1980 905 2012 ιντολὰς

156 2038 165 2054 1
188 2028 293 2064 Κυρίου
324 2027 426 2062 τηρῶν,
446 2027 475 2053 ὲν
489 2028 523 2062 τῇ
551 2026 696 2061 Ἐπιστολῇ
716 2026 903 2061 ,προέγραψεν

152 2085 161 2101 1
193 2065 343 2101 Ἠκούσατε
358 2074 400 2100 δτι
412 2073 604 2109 ὸάντίχριστος
613 2072 733 2108 ἔρχεται,
748 2072 797 2099 καὶ
809 2072 857 2098 νῦν
878 2072 906 2098 δὲ

155 2131 163 2147 1
186 2121 353 2156 ἀντίχριστοι
382 2119 474 2146 πολλοὶ
488 2119 635 2153 γεγόνασιν
657 2118 719 2145 ὅθεν
736 2118 906 2153 γινώσκομεν

156 2177 165 2192 1
188 2167 228 2193 ὃτι
238 2167 348 2201 -ὲσχάτη
357 2165 417 2201 ὥρα
430 2165 516 2194 ἐστίν.
535 2175 545 2191 ι
568 2165 613 2197 Ἐξ
623 2164 703 2200 ἡμῶν
717 2164 836 2199 ἐξῆλθον,
849 2164 906 2191 ἀλλ’

156 2224 164 2239 1
189 2212 240 2239 οὐκ
267 2210 339 2248 ἦσαν
369 2212 431 2247 μεθ’
454 2214 546 2247 ἡμιῐιν,
582 2211 645 2238 ὅθεν
674 2212 723 2238 καὶ
743 2212 823 2246 ἡμεῖς
842 2219 905 2238 συν·
923 2227 946 2257 D

156 2268 164 2284 1
185 2258 252 2284 ιέναι
266 2258 412 2291 ὀφείλομεν
425 2258 472 2285 καὶ
492 2259 574 2291 νοεῖν,
587 2258 612 2284 εί
632 2258 657 2284 οἰ
674 2257 767 2293 ἐχθροὶ
790 2257 905 2292 Κυρίου,

156 2313 165 2328 1
191 2304 239 2330 καὶ
255 2303 280 2329 ol
300 2304 469 2339 ἀντίχριστοι
497 2304 702 2339 ὠνομασμένοι,
730 2303 840 2331 δυνατοὶ
855 2304 906 2331 οὐκ

157 2360 166 2377 1
187 2349 243 2377 εῐεν
258 2351 339 2385 χάριν
358 2350 452 2377 δοῦναι
478 2351 526 2377 τοῦ
551 2351 667 2386 Κυρίου,
682 2352 731 2378 καὶ
756 2351 800 2378 διὰ
827 2351 907 2378 τοῦτο

156 2406 164 2421 1
186 2396 268 2431 ἡμεῖς
289 2396 315 2421 οι
333 2396 381 2422 σὺν
392 2394 488 2431 Κυρίῳ
503 2396 599 2429 ἰόντες,
614 2397 662 2423 καὶ
673 2397 788 2431 ἑνότητα
802 2397 905 2432 Κυρίου

158 2452 166 2468 1
190 2442 365 2478 κρατοῦντες,
376 2442 425 2469 καὶ
436 2442 509 2469 κατὰ
520 2442 570 2478 τὴν
578 2443 657 2476 ἀξίαν
672 2443 756 2470 αὐτοῦ
770 2443 904 2479 χορηγού-

156 2499 165 2516 ‹
190 2497 277 2524 μενοι,
291 2489 340 2525 τὴν
356 2489 491 2524 ἱερατείαν
504 2489 588 2516 αὑτοῦ
601 2490 630 2516 ἔν
645 2491 679 2525 τῇ
687 2489 837 2526 Ἐκκλησία
850 2489 906 2516 λει-

156 2546 165 2562 1
185 2535 374 2571 τουργοῦντες,
386 2536 437 2563 ὅσα
448 2536 473 2563 οἱ
486 2535 670 2571 ἀντικείμενοι
681 2536 767 2572 αὐτῷ,
778 2538 904 2564 τουτέστι

157 2592 166 2609 1
188 2583 314 2618 πολέμιοι
338 2583 385 2610 καὶ¹
409 2582 577 2618 ἀντίχριστοι
604 2583 742 2615 ποιοῦσιν,
775 2583 905 2610 ἀποδοκι-

156 2637 166 2653 1
187 2629 272 2663 μᾶσαι
288 2629 336 2656 καὶ
353 2629 522 2663 ἀποωιῆσαι
542 2630 589 2655 καὶ
620 2629 786 2665 ἀπορῤίψαι,
805 2630 852 2657 καὶ
864 2630 903 2661 ὡς

157 2684 167 2700 1
188 2673 290 2710 βέὸηλα
305 2674 391 2709 ἔχειν,
416 2674 573 2711 ὀφείλομεν·
591 2676 709 2708 καὶτοῖς
721 2678 775 2704 ἀπὸ
797 2677 903 2711 πλάνης

157 2732 167 2749 1
190 2724 238 2750 καὶ
273 2723 468 2759 στρεϐλότητπ
498 2725 659 2759 ἐρχομένοις
687 2727 733 2753 ἐπὶ

988 238 1065 258 1cos
1099 230 1202 258 Christi
1244 231 1420 260 adversarios
1467 231 1628 267 inungatur.
1667 232 1740 265 Quo-

988 286 997 303 1
1015 277 1096 305 modo
1108 282 1201 305 autem
1217 285 1267 313 pro
1292 284 1326 305 eo
1351 278 1398 312 qui
1418 277 1572 310 baptizatus
1591 281 1633 305 est
1645 285 1741 312 prcca-

987 333 997 350 1
1017 323 1102 358 bitur,
1119 331 1174 351 non
1189 324 1330 355 sacerdos,
1347 324 1394 351 sed
1410 324 1574 358 sacrilegus,
1592 328 1622 350 et
1645 330 1742 358 pecca-

988 381 996 397 1
1019 371 1080 398 tor?
1113 371 1220 400 dicente
1244 371 1407 406 Scriptura,
1434 371 1507 406 quod
1529 380 1538 397 1
1553 370 1626 399 Deus
1641 378 1743 405 pecca-

987 426 997 443 1
1016 422 1088 445 tores
1105 426 1160 445 non
1175 419 1268 445 audit:
1283 417 1332 446 sed
1346 418 1368 446 si
1399 418 1461 452 quis
1487 422 1530 445 est
1546 418 1607 451 pius
1630 424 1663 444 ac
1677 417 1743 443 reli-

989 473 998 490 1
1017 464 1123 499 glosus,
1133 469 1159 492 et
1167 464 1226 499 ejus
1238 466 1409 494 voluntatem
1420 464 1496 497 facit,
1506 472 1569 492 eum
1579 464 1656 492 audit
1668 463 1693 479 ⁸³
1705 463 1716 490 ἰ
1729 472 1739 489 ι

988 519 997 535 1
1017 510 1068 537 Per
1085 514 1209 538 sanctam
1224 511 1376 539 Ecclesiam
1396 515 1573 546 peccatorum
1596 509 1742 538 remissio-

989 566 998 582 1
1015 563 1079 584 nem
1097 556 1295 592 intellegimus.
1326 557 1396 590 Quis
1413 562 1506 585 autem
1524 557 1590 584 dare
1603 560 1695 591 potest
1712 555 1744 583 id.

989 611 999 627 ι
1018 602 1092 637 quod
1120 603 1179 637 ipse
1205 610 1261 630 non
1290 602 1451 631 liabet‘lvel
1484 602 1625 638 quomodo
1651 605 1744 636 porest

989 658 998 674 1
1018 649 1128 683 operari
1141 648 1307 683 spiritualia,
1328 650 1374 684 qui
1391 648 1524 684 Spiritum
1542 651 1668 675 sanctum
1692 646 1742 674 ab-

990 693 1101 729 1jecit?
1121 694 1154 721 Et
1170 694 1233 722 ideo
1262 695 1345 722 etiam
1372 694 1500 722 renovari
1522 693 1612 727 debet,
1633 693 1679 728 qui
1707 693 1744 723 ad

991 748 1000 765 1
1018 739 1169 767 Ecclesiam
1185 740 1304 772 accedit,
1320 744 1350 767 ut
1374 740 1451 767 intus
1469 747 1517 774 per
1541 743 1653 766 sanctos
1677 745 1743 765 san-

988 796 997 811 1
1017 786 1166 814 ctilicetur.
1183 785 1323 821 Scriptum
1336 790 1378 813 est
1394 786 1468 815 enim
1482 794 1490 813 :
1507 794 1516 811 1
1537 784 1633 812 Sancti
1649 785 1741 816 eritis.

988 841 999 859 1
1020 832 1091 861 sicut
1106 836 1133 860 et
1143 839 1195 867 ego
1210 836 1324 860 sanctus
1340 839 1403 860 sum
1423 832 1458 865 ⁸⁵,
1471 841 1480 857 ι
1501 832 1569 859 dicit
1589 831 1742 858 Dominus:

989 887 997 903 1
1017 882 1047 906 ut
1064 877 1109 912 qui
1128 877 1157 904 in
1171 884 1267 905 errore
1291 882 1387 913 pastus
1406 881 1460 909 est,
1484 878 1511 905 in
1527 884 1592 905 vero
1609 881 1637 906 et
1654 877 1744 905 eccle-

991 935 1000 950 1
1019 924 1131 952 siastico
1155 925 1321 960 baptismate
1357 926 1416 960 ipse
1442 931 1553 961 quoque
1573 924 1627 952 hoc
1645 928 1742 957 exuat.

991 979 1000 997 1
1020 970 1067 1005 qui
1083 971 1166 998 homo
1182 970 1215 998 ad
1232 971 1315 998 Deum
1345 971 1493 1004 accedens,
1512 974 1540 999 et
1569 970 1744 998 sacerdotem

992 1025 1001 1041 1
1021 1024 1166 1051 quaerens,
1197 1017 1225 1044 in
1253 1024 1348 1045 errore
1371 1017 1501 1047 inventus
1529 1017 1557 1044 in
1578 1016 1744 1051 sacrilegum

992 1072 1002 1088 1
1026 1063 1133 1091 incidit.
1154 1063 1205 1090 Est
1219 1063 1292 1091 enim
1307 1063 1496 1091 haereticorum
1514 1058 1743 1093 etschismatico-l

994 1118 1004 1136 1
1025 1117 1085 1136 rum
1100 1110 1220 1137 haeresis:
1240 1110 1404 1145 approbare,
1425 1110 1476 1142 eis,
1502 1109 1550 1144 qui
1571 1109 1606 1137 ab
1626 1109 1680 1136 illis
1696 1108 1745 1136 ba-

992 1166 1002 1182 1
1020 1157 1113 1192 ptizati
1131 1160 1207 1189 sunt,
1229 1156 1397 1184 consentire.
1425 1155 1487 1183 Non
1511 1156 1584 1183 enim
1606 1160 1697 1190 potest
1716 1155 1745 1183 in

961 1224 963 1227 .
994 1212 1002 1228 1
1024 1208 1099 1237 parte
1111 1203 1212 1230 valere.
1225 1202 1254 1230 Si
1266 1203 1355 1237 potuit
1371 1203 1522 1237 baptizare,
1538 1202 1629 1238 potuit
1639 1207 1666 1230 et
1678 1210 1746 1230 τοι

994 1259 1003 1275 1
1023 1256 1098 1276 ctum
1113 1249 1248 1283 Spiritum
1265 1248 1346 1277 dare:
1366 1249 1388 1276 si
1407 1249 1458 1277 hoc
1477 1256 1533 1277 non
1546 1249 1645 1284 potuit,
1668 1249 1745 1283 quia,

995 1305 1004 1321 1
1024 1303 1084 1323 cum
1111 1302 1190 1323 extra
1204 1296 1251 1328 sit,
1272 1295 1404 1331 Spiritum
1425 1300 1550 1324 sanctum
1577 1303 1631 1323 non
1652 1295 1747 1329 habet,

995 1351 1004 1367 1
1026 1349 1076 1369 nec
1093 1344 1182 1377 potest
1196 1342 1353 1369 venientem
1370 1341 1529 1376 baptizare;
1546 1349 1609 1369 cum
1622 1341 1659 1368 sit
1672 1348 1746 1369 unus

997 1398 1005 1413 1
1024 1388 1190 1422 haptismus,
1205 1391 1232 1414 et
1258 1395 1333 1415 unus
1352 1393 1468 1415 sanctus
1492 1387 1624 1423 Spiritus,
1645 1391 1673 1415 et
1690 1395 1744 1416 uua

996 1443 1004 1458 1
1024 1433 1148 1464 Ecclesia
1166 1441 1181 1461 a
1197 1432 1307 1461 Christo
1325 1433 1441 1462 Domino
1458 1438 1567 1467 nostro,
1582 1434 1608 1461 id
1621 1434 1747 1461 abinitie

997 1488 1006 1504 1
1027 1479 1151 1512 dicente,
1188 1486 1272 1513 supra
1300 1478 1409 1506 Petrum
1441 1479 1598 1514 apostolum
1632 1479 1747 1508 fundata

996 1534 1003 1549 1
1025 1524 1140 1552 unitate.
1154 1524 1188 1551 Et
1207 1524 1269 1552 ideo
1281 1532 1343 1560 qua
1366 1525 1401 1552 ab
1433 1525 1475 1552 eis
1491 1525 1563 1553 facta
1584 1528 1660 1557 sunt,
1681 1533 1745 1553 cum

994 1579 1003 1596 1
1024 1570 1079 1597 sint
1097 1569 1164 1597 falsa
1177 1574 1204 1597 et
1216 1577 1300 1602 vana,
1315 1570 1407 1598 omnia
1423 1575 1489 1598 sunt
1516 1571 1674 1605 reprobata.
1693 1570 1742 1599 Ne-

955 1621 959 1625 '
993 1625 1002 1641 1
1018 1623 1072 1650 que
1087 1616 1160 1643 enim
1178 1616 1233 1644 Deo
1248 1619 1356 1651 gratum
1369 1620 1396 1644 ct
1410 1621 1554 1652 acceptum
1582 1624 1644 1645 esse
1655 1622 1748 1653 potest

992 1672 1000 1687 1
1022 1662 1171 1696 quidquam
1185 1669 1291 1694 eorum,
1307 1661 1390 1698 367
1403 1664 1464 1697 quae
1475 1663 1511 1690 ab
1520 1662 1575 1692 illis
1585 1663 1664 1696 ﬁunt,
1677 1671 1747 1698 quos

992 1716 1000 1733 1
1024 1707 1155 1735 Dominus
1173 1709 1265 1736 hostes
1286 1712 1315 1736 et
1333 1708 1507 1737 adversarios
1528 1709 1599 1738 dicit
1611 1711 1638 1737 in
1655 1709 1747 1738 Evan-

993 1763 1002 1780 1
1019 1754 1112 1790 geliis:
1133 1763 1144 1780 1
1157 1754 1210 1788 Qui
1228 1761 1284 1782 non
1295 1759 1338 1783 est
1355 1762 1477 1788 mecum,
1504 1760 1603 1784 contra
1619 1764 1664 1785 me
1683 1761 1746 1785 est:

993 1808 1002 1825 1
1020 1804 1048 1827 et
1066 1800 1113 1835 qui
1138 1807 1194 1828 non
1221 1800 1328 1835 colligit
1359 1807 1490 1833 mecum,
1516 1801 1652 1838 dispergit
1681 1801 1716 1829 ³⁵.
1734 1810 1744 1828 ι

993 1856 1002 1872 1
1019 1846 1090 1879 Quin
1103 1847 1186 1875 etiam
1199 1847 1297 1875 beatus
1310 1847 1452 1882 apostolus
1463 1846 1595 1881 Joannes.
1611 1852 1746 1884 praecepta

995 1901 1003 1917 1
1023 1891 1131 1920 Domini
1150 1892 1315 1924 servans,in
1331 1892 1452 1927 Epistola
1471 1893 1656 1928 prescrlpsit:
1676 1894 1748 1921 1Au-

995 1947 1003 1963 1
1023 1937 1130 1966 divistis
1147 1937 1219 1972 quod
1235 1937 1420 1966 Antichristns
1433 1939 1520 1970 venit,
1537 1943 1565 1965 et
1577 1946 1651 1967 nunc
1664 1939 1747 1966 etiam

995 1994 1005 2010 1
1024 1984 1102 2011 multi
1130 1984 1288 2012 antichristi
1319 1984 1385 2012 facti
1399 1988 1484 2016 sunt;
1503 1984 1579 2012 unde
1607 1986 1749 2021 cognosci-

996 2041 1005 2057 1
1025 2040 1085 2059 mus
1097 2031 1170 2066 quod
1183 2035 1306 2060 extrema
1332 2033 1398 2060 liora
1430 2032 1552 2060 adest“.
1572 2042 1582 2059 1
1605 2032 1645 2060 Ex
1670 2033 1749 2060 nobis

995 2087 1003 2103 1
1023 2078 1160 2110 exierunt,
1178 2078 1227 2105 sed
1241 2084 1295 2105 non
1313 2082 1393 2106 erant
1411 2085 1475 2106 cum
1500 2079 1593 2111 nobis,
1624 2079 1696 2107 unde
1722 2083 1750 2106 et

996 2134 1005 2150 1
1022 2132 1072 2152 nos
1090 2124 1243 2160 intelligere
1255 2129 1282 2151 et
1301 2124 1423 2160 cogitare
1435 2125 1580 2158 debemus,
1598 2125 1620 2152 si
1638 2124 1749 2153 Domini

997 2170 1142 2202 1_.ininiici,
1154 2174 1182 2198 et
1197 2170 1243 2205 qui
1259 2170 1414 2198 antichriSIi
1431 2176 1496 2198 sunt
1513 2172 1657 2203 nominati,
1698 2171 1749 2199 Bo-

999 2226 1007 2241 1
1030 2216 1096 2243 mini
1127 2216 1242 2252 gratiam
1274 2216 1339 2245 dare
1354 2224 1410 2244 non
1431 2221 1567 2251 possunt;
1599 2219 1659 2245 ideo
1685 2227 1747 2251 nos.

998 2272 1006 2287 1
1026 2262 1149 2296 quicum
1169 2263 1287 2290 Domino
1307 2264 1406 2295 simus,
1435 2268 1462 2290 et
1484 2263 1593 2291 Domini
1616 2264 1749 2291 unitatem

997 2319 1006 2334 1
1027 2313 1164 2341 tenemus,
1180 2313 1209 2336 ut
1222 2317 1271 2344 pro
1300 2310 1360 2344 eius
1376 2309 1510 2345 dignitate
1538 2311 1751 2338 subministran-

1001 2364 1010 2380 1
1031 2360 1082 2387 tes.
1101 2355 1288 2383 sacerdotium
1322 2356 1382 2391 ejus
1401 2357 1427 2383 in
1456 2356 1579 2384 Ecclesia
1608 2358 1749 2392 gerimus,

999 2410 1010 2428 1
1029 2409 1202 2437 quaecunque
1217 2402 1369 2430 adversarii
1389 2403 1461 2437 ejus,
1475 2403 1527 2431 hoc
1537 2408 1590 2435 est,
1606 2404 1699 2433 hostes
1723 2408 1751 2431 et

1001 2456 1010 2473 1
1031 2448 1186 2475 antichristi
1214 2448 1329 2480 faciunt,
1356 2449 1515 2484 reprobare,
1548 2457 1702 2482 removere,
1722 2455 1750 2476 et

999 2501 1010 2519 ι
1024 2492 1193 2528 abjicere,et
1208 2501 1258 2529 pro
1274 2494 1396 2529 profanis
1415 2494 1514 2522 habere
1528 2494 1676 2521 debemus:
1699 2494 1733 2521 iis
1747 2511 1749 2514 ‹

999 2548 1008 2565 1
1029 2547 1094 2575 que,
1113 2541 1158 2575 qui
1177 2541 1211 2568 ab
1222 2548 1317 2568 errore
1333 2545 1359 2567 ct
1378 2541 1557 2574 perversitate
1574 2540 1609 2567 ad
1625 2547 1695 2567 verte
1720 2545 1749 2567 et

998 2587 1219 2615 «ecclesiastica:
1249 2588 1311 2615 ﬁdei
1337 2587 1520 2621 cognitionem
1551 2586 1676 2617 veniunt,
1707 2585 1749 2612 di—

1003 2643 1012 2659 1
1031 2634 1101 2662 vium
1118 2635 1247 2670 potentiae
1262 2637 1438 2670 mysterium,
1457 2633 1571 2661 unitatis
1587 2637 1615 2660 et
1635 2631 1704 2667 .ﬂdci
1722 2637 1750 2659 et

997 2693 1008 2710 1
1029 2683 1162 2713 veritatis,
1179 2682 1294 2710 omnino
1315 2682 1391 2709 dare.

777 2729 877 2763 γνώσει
890 2732 939 2767 τῆς
977 2732 1112 2768 ἀληθινῆς
1137 2732 1185 2758 καὶ
1222 2730 1456 2764 ἑκκλησιαστικῆς
1496 2729 1615 2761 πίστεως
1657 2728 1750 2757 δοῦναι

156 2780 167 2797 1
186 2771 300 2798 καθόλου
317 2771 392 2802 θείας
411 2771 554 2807 δυνάμεως
567 2772 732 2808 μυστήριον,
748 2776 873 2813 ἑνότητός
893 2787 923 2805 τε
942 2780 988 2806 καὶ
1005 2780 1126 2808 πίστεως
1146 2777 1192 2804 καὶ
1210 2776 1351 2811 ἀληθείας.
1371 2785 1379 2801 ι

172 2861 195 2877 ⁸⁵
208 2860 288 2888 Juan.
305 2860 400 2894 Ix,5i.
457 2862 481 2878 ⁸⁸
493 2861 580 2890 Levit.
597 2869 636 2896 ιιι,
656 2863 701 2890 45.

757 2864 779 2880 ⁸³
798 2865 890 2893 Matth.
907 2874 955 2900 XII,
970 2867 1013 2894 5οι

1070 2866 1092 2882 ³⁸
1104 2864 1184 2893 Joan.
1202 2872 1234 2897 ll,
1249 2865 1294 2892 l8.
