1942 3095
227 135 300 174 1103

855 131 997 164 THEOD.
1012 129 1213 162 BALSAMON

1789 127 1874 161 1104

263 192 361 220 BALS.
389 191 525 225 Scriptum
541 193 584 218 est
595 189 622 216 in
639 188 772 224 prommio
787 195 871 224 quam
897 188 932 214 ob
947 195 1013 214 cau-

1095 185 1193 212 ΒΔΛΣ.
1221 184 1266 211 Ἐν
1285 183 1326 219 τῷ
1336 183 1476 220 προοιμίῳ
1492 183 1649 219 γέγραπται
1671 182 1747 214 τινος
1772 184 1873 218 χάριν

227 246 287 267 sam
302 245 423 274 presens
440 236 557 271 epistola
582 235 635 262 fuit
664 234 738 262 edita
754 244 760 261 :
775 239 803 262 et
815 233 874 269 ipsa
899 233 1012 268 quidem

227 284 334 314 statuit,
353 282 437 316 utqui
448 280 482 307 ad
504 279 669 308 catholicam
687 279 840 307 Eeclesiam
852 279 887 306 ab
905 279 1014 305 haereti«

227 330 269 356 cis
280 328 321 355 vel
333 327 517 356 schismaticis
529 326 679 357 accedunt,
697 325 881 360 baptizentnr,
905 323 1013 352 etiamsi

226 375 262 402 ab
287 374 341 401 illis
369 373 446 407 prius
465 372 597 407 baptizati
621 371 735 399 iuerint.
756 370 897 406 Septimus
921 375 1014 397 autent

227 426 313 446 canon
334 419 461 447 secunda:
476 419 574 454 synodi
590 418 752 445 universalis
776 424 883 450 eorum,
899 417 946 452 qui
966 416 1015 442 ba-

227 465 323 500 ptizari
348 469 375 492 et
403 465 448 500 qui
468 471 522 491 non
547 463 679 498 baptizari
696 462 807 494 debent,
834 461 1015 489 diﬂerentiam

228 512 423 542 constituens,
452 510 504 537 alia
534 510 658 543 quaedam
688 509 821 544 prxcipit.
853 507 925 542 Lege
951 513 1016 542 ergo

227 564 301 589 eum,
321 561 349 584 et
373 562 491 583 mentem
509 555 607 583 adhibe
631 555 665 582 iis
680 562 741 590 qua
759 555 786 581 in
803 554 862 588 ipso
878 557 943 581 sunt
966 560 1016 588 po-

228 604 356 631 steriora.
383 602 454 637 Lege
476 609 542 636 ergo
557 601 640 628 etiam
653 601 672 627 Ξ
687 608 819 628 canonem
835 599 932 636 synodi
956 606 1017 634 quae

229 655 270 677 est
285 650 310 676 in
320 649 424 680 Trullo,
442 653 469 676 ct
483 648 564 680 scies,
579 647 651 682 quod
664 655 724 682 qua:
737 648 787 674 hac
800 647 913 682 epistola
926 645 1016 673 conti-

229 702 339 729 nentur,
369 695 403 722 ab
424 695 553 722 omnibus
574 694 702 721 Patribus
723 693 843 720 admissa
867 700 920 719 non
940 697 1015 720 sunt.

231 742 277 771 Sic
304 743 377 770 enim
390 741 460 768 dicit
476 741 542 776 ipsis
563 739 654 767 verbis
671 748 678 766 :
696 736 832 766 Praherca
850 744 939 766 autem
956 743 983 766 et
1002 746 1017 765 a

229 788 378 824 Cypriane,
398 787 444 822 qui
462 787 588 813 Alrorum
609 785 730 820 regionis
748 784 895 819 episcopus
916 783 969 811 l'uit
991 788 1018 811 et

229 838 345 868 martyr,
374 836 401 859 et
429 840 443 858 a
472 833 597 867 synodo,
624 837 686 865 qua:
710 830 745 857 ab
773 830 819 856 illo
848 829 940 856 habita
964 833 1016 860 est,

229 877 334 906 editum
355 884 507 909 canonem,
525 876 572 911 qui
599 876 626 902 in
648 875 841 910 praedictorum
867 875 1015 910 przesulum

1072 875 1098 900 ἐν
1114 875 1174 905 τοῖς
1203 874 1257 900 τῶν
1280 873 1490 909 προειρημένων
1517 873 1658 909 προέδρων
1683 873 1778 902 τόποις

231 923 309 956 locis,
324 923 412 957 iisque
425 921 504 954 solis,
516 922 594 956 juxta
616 921 670 948 illis
694 920 824 947 traditam
838 920 1017 947 consuetudi-

229 974 304 1000 nem,
320 967 449 994 obtinuit.
466 965 536 993 Hinc
545 973 612 999 ergo
627 969 749 998 notatur,
766 964 865 999 quoda
882 964 1018 999 principio

230 1020 286 1040 non
301 1017 362 1040 erat
384 1013 411 1038 in
427 1019 478 1039 usu
495 1011 567 1046 apud
588 1017 685 1038 omnes
706 1010 751 1037 hic
768 1017 868 1037 canon.
882 1009 952 1037 Nota
969 1017 1019 1036 au-

230 1063 297 1092 tem,
314 1058 386 1094 quod
398 1057 456 1085 Afri
469 1058 600 1095 dicuntur
618 1055 860 1091 Carthaginenses.
876 1056 947 1089 Quia
969 1063 1018 1082 au-

231 1110 286 1133 tem
316 1104 344 1131 in
369 1103 510 1132 nonnullis
531 1101 733 1137 exemplaribus
759 1107 851 1136 aperte
871 1101 1019 1136 descriptae

229 1151 408 1178 inveniuntur
449 1150 484 1177 84
516 1149 708 1184 episcoporum
736 1148 896 1180 sententiae,
916 1148 964 1183 qui
990 1148 1019 1175 in

231 1197 327 1225 eadem
361 1195 474 1223 luerunt
490 1195 621 1230 opinione
648 1201 712 1221 cum
736 1198 832 1221 sancto
857 1194 1018 1228 Cypriano:

230 1250 340 1271 eramus
361 1249 409 1269 eas
431 1248 542 1276 quoque
573 1239 706 1275 seripturl
737 1244 764 1267 et
791 1240 1017 1275 interpretaturi:

231 1289 280 1317 scd
295 1289 371 1322 quia,
390 1292 420 1315 ut
435 1287 538 1314 dictum
553 1291 607 1319 est,
625 1286 760 1321 septimus
777 1287 905 1313 secunda:
920 1285 1019 1321 synodi

230 1343 320 1364 canon
343 1335 396 1363 alia
424 1334 550 1369 quaedam
577 1334 724 1361 constituit
755 1333 789 1360 ab
809 1333 854 1365 iis,
880 1341 941 1368 quae
967 1335 1019 1361 hac

232 1382 360 1419 ιιι-πετηιί
385 1381 501 1415 epistola
533 1381 728 1411 continentur,
762 1379 797 1406 de
826 1379 963 1408 haereticis
992 1385 1020 1407 et

230 1427 417 1457 schismaticis
442 1428 490 1462 qui
515 1425 550 1453 ad
568 1426 649 1453 tidem
666 1425 812 1458 accedunt,
834 1425 1019 1460 praetermissa

230 1480 274 1504 est
285 1482 381 1502 earum
391 1473 536 1510 expositio.

264 1520 395 1548 ZONAR.
414 1519 532 1554 l‘lpistolu
553 1519 611 1546 hac
626 1526 807 1554 quoscunque
824 1519 858 1546 ab
881 1519 1017 1547 hmreticis

232 1572 278 1595 attt
299 1567 486 1595 schistnaticis
502 1566 668 1600 baptizatos,
696 1567 719 1593 si
749 1566 783 1593 ad
801 1565 950 1593 Eet'lesiam
971 1574 1018 1594 ca-

232 1613 362 1641 tholicam
395 1620 426 1640 se
450 1612 607 1647 recipiant,
637 1612 736 1638 iterum
768 1612 902 1647 baptizari
927 1613 1018 1646 jubet,

232 1666 350 1693 eamque
373 1657 537 1685 sententiam
550 1657 634 1684 variis
644 1657 902 1691 cpichirematibus,
916 1660 1017 1693 enthy-

233 1703 358 1730 mematis
383 1702 586 1736 Snripturzque
619 1701 783 1729 testimoniis
803 1702 959 1730 conﬁrmat.
985 1706 1019 1730 At

233 1754 299 1775 vero
312 1747 434 1776 sectmda
450 1746 620 1774 mcutnenica
633 1746 755 1782 synodus
771 1754 877 1775 canone
892 1748 1020 1782 septimo,

233 1799 289 1821 non
307 1800 414 1825 omnes,
429 1792 477 1827 qui
497 1800 530 1819 ex
558 1793 655 1819 haeresi
683 1792 851 1827 demigrant,
883 1793 1020 1828 baptismo

233 1839 332 1867 iterum
356 1838 520 1874 expiandos,
545 1839 592 1866 sed
616 1838 687 1866 alios
709 1838 833 1873 quidem,
852 1839 875 1866 si
895 1839 968 1867 datis
990 1840 1022 1867 li-

234 1884 313 1912 bellis
326 1891 404 1911 suam
425 1889 556 1918 praeterea
575 1885 694 1918 quisque
707 1883 838 1916 heresin,
855 1890 1021 1919 omnemque

233 1938 250 1957 a
264 1930 398 1957 catholica
416 1934 443 1957 ct
460 1930 611 1964 apostolica
639 1929 686 1956 Dei
702 1928 825 1957 Ecclesia
845 1929 963 1957 alienum
978 1938 1022 1958 er-

233 1981 324 2002 rorem
353 1978 544 2006 exsecrentur,
568 1975 728 2002 charactere
752 1979 874 2007 notatos,
899 1974 952 2003 hoc
979 1978 1022 2004 est

234 2025 331 2048 sancto
355 2020 506 2047 chrismate
530 2020 660 2048 inunctos
685 2020 793 2048 admitti
816 2025 946 2056 oportere
973 2021 1023 2049 de-

234 2067 343 2100 cernit;
372 2066 440 2093 alios
462 2073 526 2094 vero
552 2073 660 2098 omnes,
685 2074 717 2094 ex
742 2067 843 2102 quibus
874 2068 1022 2095 nonnullos

231 2113 399 2140 nominatim
415 2113 561 2147 designat,
582 2112 737 2147 baptizari,
759 2117 843 2148 atque
866 2119 896 2140 ut
912 2112 1022 2141 Graecos

234 2157 353 2190 admitti,
375 2157 464 2192 jubet.
480 2158 532 2190 Qui
547 2158 658 2192 quidem
681 2159 764 2185 etiatn
785 2166 874 2185 canon
896 2166 947 2186 suo
964 2160 1023 2186 luco

1066 231 1082 265 ὴ
1103 230 1229 265 παροῦσα
1244 230 1355 265 ἐξετέθη
1371 229 1502 264 ἐπιστολή
1515 237 1522 244 ·
1543 229 1590 255 καὶ
1606 228 1677 264 αὕτη
1694 229 1744 263 μὲν
1769 229 1851 264 διορι
1865 243 1873 249 -

1067 277 1144 310 ζεται
1161 277 1225 308 τοὺς
1247 276 1488 312 προσερχομένους
1514 277 1548 311 τῇ
1571 275 1702 310 καθολικῇ
1741 275 1872 309 Ἐκκλη-

1069 323 1114 359 σίᾳ
1129 323 1183 350 ἀπὸ
1197 323 1345 359 αίρετικῶν
1358 323 1376 358 ἢ
1392 322 1582 358 σχισματικῶν
1602 322 1799 357 βαπτίζεσθαι,
1810 323 1871 348 κᾶν

1068 370 1114 396 ὑπ’
1133 370 1248 396 ἐκείνων
1263 368 1523 405 προεὸαπτίσθησαν
1541 375 1549 382 ·
1565 370 1578 395 ό
1592 368 1620 395 δὲ
1651 367 1674 400 ζ’
1694 367 1788 394 κανὼν
1813 368 1871 402 τῆς

1069 415 1262 450 οίκουμενικῆς
1319 415 1440 448 συνόδου,
1458 414 1618 450 ποιούμενος
1632 414 1768 448 διαίρεσιν
1808 413 1869 439 τῶν

1069 461 1232 496 ὀφειλόντων
1245 461 1425 496 βαπτίζεσθαι
1440 461 1487 488 καὶ
1501 461 1548 496 μὴ,
1563 461 1646 495 ἐτερά
1675 469 1737 486 τινα
1769 467 1871 494 παρα-

1070 507 1221 534 κελεύεται.
1242 507 1393 541 ’Δνάγνωθι
1402 504 1449 533 οὖν
1464 507 1571 538 τοῦτον,
1589 507 1636 532 καὶ
1652 506 1791 541 πρόσσχες
1807 506 1870 535 τοῖς

1070 555 1099 580 ὲν
1115 553 1191 589 αὺτῷ
1202 553 1445 588 μεταγενεστέροις
1459 553 1545 579 οὖσιν.
1584 551 1734 586 ’Δνάγνωθι
1752 552 1803 578 καὶ
1819 552 1869 578 τὶν

1071 600 1093 634 β’
1109 599 1212 626 κανόνα
1228 599 1277 634 τῆς
1295 600 1323 626 ἐν
1350 599 1391 634 τῷ
1404 599 1533 634 Τρούλλῳ
1562 599 1682 630 συνόδου,
1700 598 1749 624 καὶ
1771 598 1870 634 μάθῃς

1070 646 1111 672 ὅτι
1126 646 1159 672 τὰ
1169 647 1218 680 τῆς
1233 645 1375 681 παρούσης
1391 645 1535 679 ἐπιστολῆς
1549 645 1600 671 οὐκ
1615 644 1768 679 ἐδέχθησαν
1784 644 1869 678 παρὰ

1071 692 1181 718 πάντων
1195 691 1250 717 τῶν
1266 691 1406 726 Πατέρων.
1419 691 1488 726 Φησὶ
1508 691 1560 725 γὰρ
1583 690 1655 717 οὕτω
1681 691 1806 725 ῥήμασιν
1817 689 1868 715 αὖ-

1071 738 1128 768 τοῑς
1145 745 1152 752 ·
1173 737 1234 763 Ἔτι
1265 737 1319 772 μὴν
1339 737 1445 763 καὶτὸν
1464 737 1517 763 ὑπὸ
1547 736 1717 770 Κυπριανοῦ,
1744 735 1868 769 γενομέ-

1071 791 1117 809 νου
1134 783 1285 809 ἐπισκόπου
1301 784 1351 817 τῆς
1362 782 1474 817 Ἄφρων
1487 782 1579 817 χώρας
1593 783 1639 808 καὶ
1654 782 1809 816 μάρτυρος,
1819 779 1867 805 καὶ

1073 829 1122 864 τῆς
1140 828 1200 854 κατ’
1215 829 1297 855 αὑτὸν
1313 828 1424 854 συνόδου
1456 828 1607 854 ἐκτεθέντα
1626 829 1728 854 κανόνα
1757 827 1787 858 ὃς
1818 827 1868 852 καὶ

1818 880 1868 898 και

1071 919 1162 954 μόνοις
1181 920 1253 946 κατὰ
1269 919 1299 946 τὸ
1312 920 1464 955 παραδοθὲν
1493 919 1585 950 αὐτοῖς
1608 919 1670 950 ἐθος
1711 918 1865 952 ἐκράτησε.

1069 964 1213 991 Δείκνυται
1231 964 1277 991 οὖν
1302 964 1429 992 ἐντεῦθεν
1443 965 1484 991 ὅτι
1496 964 1619 1001 ἀρχῆθεν
1634 965 1665 991 οὐ
1685 964 1765 999 παρὰ
1779 964 1867 990 πᾶσιν

1068 1009 1102 1046 ἦν
1115 1011 1235 1045 ἐνεργῶν
1246 1012 1260 1037 ό
1271 1010 1371 1038 κανών.
1384 1011 1544 1046 Σημείωσαι
1569 1012 1598 1038 δὲ
1629 1012 1672 1038 ὅτι
1688 1012 1790 1046 ’Δφροι
1819 1009 1865 1036 λέ-

1069 1064 1163 1090 γονται
1175 1057 1199 1083 οί
1212 1056 1406 1092 Καρχηδόνιοι.
1438 1057 1501 1084 Ἐπὶ
1517 1057 1546 1083 δὲ
1571 1056 1600 1083 ἐν
1612 1065 1684 1083 τισιν
1721 1057 1864 1092 ἀντιγρά-

1070 1110 1130 1137 φοις
1149 1102 1239 1138 ῥητῶς
1255 1102 1432 1137 εὑρίσκονται
1471 1103 1778 1138 καταγεγραμμέναιαί
1809 1105 1866 1130 τῶν

1069 1149 1237 1183 ὁγδοήκοντα
1251 1149 1320 1184 πρὸς
1333 1150 1390 1180 τοῖς
1407 1149 1555 1184 τέσσαρσιν
1573 1149 1736 1181 ἐπισκόποις
1752 1151 1866 1185 γνῶμαι

1069 1195 1124 1222 τῶν
1140 1195 1479 1231 συνομογνωμονησάντων
1507 1196 1578 1230 μετὰ
1609 1196 1658 1222 τοῦ
1700 1197 1781 1230 ἁγίου
1811 1198 1868 1224 Κυ-

1071 1240 1198 1276 πρωνοῦ,
1213 1241 1365 1275 ἐμέλλομεν
1379 1241 1427 1268 κα)⁵
1455 1241 1559 1272 ταύτας
1578 1242 1684 1277 γράψαι
1711 1243 1761 1269 καὶ
1778 1243 1868 1279 ἑρμη-

1070 1286 1165 1314 νεῦσαι
1182 1293 1189 1300 ·
1205 1287 1246 1314 ὅτι
1260 1286 1300 1319 δὲ,
1315 1287 1353 1318 ὡς
1365 1287 1485 1322 εἴρηται,
1497 1289 1511 1314 ὁ
1528 1287 1550 1319 ζ’
1566 1288 1657 1315 κανὼν
1673 1289 1722 1324 τῆς
1741 1288 1764 1323 β’
1779 1289 1862 1316 συνό-

1070 1333 1116 1360 δου
1131 1333 1215 1369 ἐτερά
1225 1342 1288 1361 τινα
1301 1333 1430 1360 ἐθέσπισε
1460 1334 1579 1369 rupit-ra
1609 1335 1796 1369 περιεχόμενα
1832 1336 1866 1370 τῇ

1071 1378 1196 1414 παρούσῃ
1221 1379 1351 1414 ἐπιστολῇ
1368 1378 1449 1414 χάριν
1476 1379 1530 1406 τῶν
1561 1380 1792 1415 προσερχομένων
1832 1382 1866 1415 τῇ

1070 1424 1162 1451 πίστει
1195 1425 1342 1460 αίρετικῶν
1364 1426 1412 1452 καὶ
1449 1425 1649 1460 σχισματικῶν,
1685 1426 1810 1460 παρείθη
1849 1427 1866 1460 ή

1069 1470 1173 1497 τούτων
1185 1471 1327 1507 ἐξήγησις.

1108 1516 1230 1544 ΖΩΝΔΡ.
1245 1517 1319 1551 Αὕτη
1334 1517 1351 1552 η
1373 1517 1502 1553 ἐπιστολὴ
1509 1517 1638 1550 καθάπαξ
1649 1519 1713 1550 τοὺς
1726 1519 1868 1557 ὑπδαιρε-

1068 1563 1154 1589 τικῶν
1170 1562 1186 1597 ἢ
1201 1563 1391 1598 σχισματικῶν
1407 1562 1612 1603 βαπτισθέντας
1623 1567 1866 1602 προσερχομένους

1068 1611 1101 1644 τῇ
1119 1607 1251 1644 καθολικῇ
1260 1608 1407 1644 Ἐκκλησία
1430 1609 1614 1644 βαπτίζεσθαι
1621 1610 1806 1646 διατάττεται,
1816 1615 1868 1646 ,καὶ

1069 1655 1101 1682 ἐκ
1110 1655 1247 1690 διαφόρων
1257 1655 1456 1690 ἐνθυμημάτων
1465 1656 1512 1682 καὶ
1522 1657 1743 1692 ἐπιχειρημάτων
1755 1660 1803 1687 καὶ
1817 1662 1868 1695 pq-

1069 1702 1124 1729 τῶν
1138 1701 1284 1738 γραφικῶν
1293 1701 1339 1728 τὸν
1355 1702 1455 1728 οἰκεῖον
1477 1702 1557 1737 λόγον
1585 1705 1798 1737 κατασκευάζει.
1830 1706 1866 1733 Ἦ

1069 1747 1097 1774 δι
1114 1747 1229 1783 δευτέρα
1247 1748 1425 1783 οἰκουμενικὴ
1454 1748 1574 1782 σύνοδος,
1590 1749 1621 1776 ἐν
1645 1752 1738 1778 κανόνι
1774 1753 1866 1788 αὐτῆς

1071 1793 1176 1829 ἑϐδόμῳ
1209 1793 1241 1820 οὑ
1273 1794 1378 1826 πάντας
1415 1794 1446 1827 ἐξ
1477 1795 1612 1830 αἱρέσεων
1647 1796 1864 1832 ἐπιστρέφοντας

1071 1838 1175 1866 ἄνωθεν
1205 1839 1316 1874 κελεύει
1341 1839 1535 1875 βαπτίζεσθαι,
1551 1841 1612 1868 ἀλλ’
1638 1842 1795 1878 ἀπαριθμεί
1823 1853 1865 1872 τι·

1072 1893 1122 1917 νας
1150 1885 1201 1921 μὲν
1241 1885 1284 1912 δεῖ
1321 1886 1448 1922 δέχεσθαι
1479 1886 1603 1919 διδόντας
1630 1887 1788 1925 λιὸἐλλους,
1819 1893 1865 1918 καὶ

1072 1931 1326 1968 ἀναθεματίζοντας
1341 1934 1391 1968 τήν
1415 1940 1446 1959 τε
1459 1933 1564 1961 οίκείαν
1603 1935 1710 1971 αἰρεσιν
1736 1936 1863 1970 ἕκαστον,

1073 1978 1121 2005 καὶ
1142 1978 1234 2005 πᾶσαν
1258 1978 1296 2014 μὴ
1327 1979 1480 2014 φρονοῦσαν
1510 1979 1548 2012 ὡς
1574 1981 1591 2015 ἡ
1624 1981 1691 2015 άγία
1720 1982 1769 2009 τοῦ
1798 1983 1863 2010 Θεοῦ

1074 2023 1207 2059 καθολικὴ
1221 2025 1270 2051 καὶ
1289 2025 1459 2061 ἁποστολικὴ
1480 2025 1629 2062 Ἐκκλησία
1655 2029 1762 2063 φρονεῖ,
1776 2037 1862 2065 σφρα-

1073 2069 1235 2105 γιζομένους
1247 2069 1307 2105 ἦτοι
1330 2072 1492 2106 χρωμένους
1506 2071 1546 2107 τῷ
1575 2071 1646 2107 ἁγίῳ
1673 2073 1754 2109 μύρῳ
1769 2081 1777 2089 ⁸
1803 2075 1864 2106 τοὺς

1075 2115 1104 2142 δὲ
1117 2115 1228 2148 λοιποὺς
1243 2117 1357 2150 πάντας,
1374 2113 1412 2144 ὧν
1424 2125 1503 2149 τινας
1517 2121 1566 2144 καὶ
1591 2118 1726 2153 ὀνομαστὶ
1750 2121 1864 2148 καταλέ-

1078 2169 1134 2196 γει,
1146 2161 1329 2196 βαπτίζεσθαι
1347 2162 1482 2198 ὁρίζεται,
1500 2164 1663 2199 δεχομένους
1684 2165 1723 2197 ὼς
1758 2166 1860 2202 Ἐλλη-

234 2204 385 2239 explicatus
406 2209 459 2232 cst.
480 2203 557 2231 Unde
570 2205 631 2239 ejus
650 2205 766 2234 canonis
790 2206 1018 2233 constitutionem

1075 2215 1124 2238 νας
1134 2215 1141 2222 ⁸
1158 2207 1188 2239 ὃς
1204 2208 1272 2242 δῆτα
1286 2208 1377 2235 κανὼν
1394 2210 1441 2236 καὶ
1458 2211 1488 2236 ἐν
1499 2210 1537 2245 τῷ
1553 2210 1610 2246 ίδίῳ
1622 2211 1698 2246 τόπῳ
1718 2212 1861 2247 ἐξηγηταί.

231 2259 249 2276 a
271 2249 376 2278 sanctis
399 2255 491 2285 postea
515 2249 643 2278 Patribus
667 2255 805 2285 receptant
835 2251 908 2278 haud
933 2251 1020 2280 fuisse

233 2295 315 2323 facile
329 2300 452 2330 apparet.
467 2295 535 2322 Cum
549 2296 632 2330 igitur
649 2296 682 2323 de
692 2297 787 2324 eadem
804 2305 832 2324 re
851 2298 911 2324 duze
924 2298 1022 2332 synodi

234 2343 371 2369 contraria
389 2342 460 2369 inter
475 2349 505 2370 se
518 2343 629 2369 decreta
651 2343 832 2376 protulerint,
855 2344 946 2379 potior
975 2345 1024 2370 ha-

231 2389 325 2416 henda
352 2394 393 2416 cst
419 2387 547 2415 secunda:
581 2387 677 2424 synodi
704 2389 865 2416 constitutio
882 2409 891 2422 ,
923 2389 1024 2424 quippe

231 2442 297 2470 quae
333 2437 362 2462 ct
382 2435 521 2469 posterior
542 2433 607 2465 fuit,
638 2439 665 2461 et
696 2435 879 2467 cecumenica,
909 2435 937 2462 in
969 2443 1024 2470 qua

235 2488 333 2508 omnes
370 2480 476 2508 scilicet
498 2481 660 2515 quicunque
690 2481 901 2516 patriarchicam
931 2483 1022 2510 sedem

232 2527 373 2560 obtinent,
401 2532 449 2554 aut
464 2527 578 2562 ipsimct
593 2528 768 2562 patriarchae,
785 2534 832 2554 aut
845 2529 967 2562 ipsorum
986 2530 1024 2555 le-

231 2574 292 2608 gati
311 2573 467 2602 ediderunt.
487 2573 574 2600 Porro
598 2575 671 2600 hunc
695 2581 827 2601 canonem
849 2582 1023 2610 nequaquam

236 2628 252 2646 ιι
276 2621 381 2648 sanctis
396 2619 524 2648 Patribns
543 2620 681 2647 universis
699 2627 838 2655 receptum
855 2620 953 2654 fuisse,
981 2626 1023 2653 vel

237 2675 270 2693 cx
287 2666 408 2693 secundo
422 2673 527 2693 canone
551 2666 647 2701 synodi
669 2666 697 2693 iu
713 2665 806 2693 Trullo
823 2667 940 2700 habitae,
962 2675 1024 2703 qua:

232 2719 315 2740 sexta
329 2713 448 2745 dicitur,
479 2713 593 2748 intelligi
611 2714 686 2741 licet.
718 2713 758 2741 lbi
785 2722 905 2750 namque
934 2715 1022 2743 sancti

237 2759 332 2786 Patres
352 2759 385 2786 iis
401 2759 566 2792 canonibus,
581 2767 698 2794 quorum
711 2765 773 2787 rata
791 2761 941 2788 auctoritas
962 2768 1024 2788 esse

236 2803 326 2835 debet,
343 2803 481 2838 sigillatim
510 2805 688 2836 enumeratis,
705 2803 739 2831 de
754 2804 805 2831 hoc
822 2811 926 2831 canone
941 2804 1025 2839 368

234 2847 347 2874 totidem
371 2848 482 2876 omnino
502 2848 592 2876 verbis
622 2848 659 2875 ita
678 2848 868 2885 pronuntiant.
887 2848 1022 2877 Przeterea

1075 2252 1157 2280 Ὅθεν
1170 2253 1297 2288 φαίνεται
1310 2255 1409 2281 ὅτιούκ
1424 2255 1520 2291 ἐδέχθη
1537 2257 1614 2292 παρὰ
1638 2258 1693 2284 τῶν
1711 2259 1861 2293 μετέπειτα

1075 2298 1160 2333 ἁγίων
1175 2300 1334 2336 Πατέρωνή
1348 2301 1464 2336 διαταγὴ
1481 2301 1564 2338 αὕτη.
1586 2303 1712 2330 Ἐναντία
1727 2305 1820 2332 τοίνυν
1836 2307 1864 2333 ἐν

1073 2345 1162 2380 τούτῳ
1173 2345 1212 2379 τῷ
1229 2346 1371 2381 κεφαλαίῳ
1391 2347 1445 2374 τῶν
1460 2347 1507 2374 δύο
1533 2349 1654 2376 συνόδων
1680 2350 1861 2385 είσαγουσῶν,

1073 2391 1108 2418 τὰ
1125 2391 1175 2426 τῆς
1192 2391 1324 2428 δευτέρας
1336 2394 1436 2427 κρατεῖ
1455 2394 1579 2426 συνόδου,
1611 2396 1653 2422 ὅτι
1665 2404 1694 2422 τε
1714 2406 1864 2432 μεταγενε-

1075 2437 1159 2473 στέρα
1169 2438 1238 2469 ἐστὶ,
1248 2439 1296 2465 καὶ
1311 2439 1351 2466 ὅτι
1360 2440 1546 2476 οίκουμενικὴ,
1559 2441 1589 2468 ἐν
1631 2442 1739 2475 πάντως
1747 2444 1780 2470 ἐκ
1795 2445 1864 2471 πάν-

1075 2492 1129 2510 των
1146 2484 1202 2511 τῶν
1215 2485 1430 2520 πατριαρχικῶν
1445 2486 1550 2521 θρόνων
1571 2488 1691 2524 συνῆσαν
1707 2490 1723 2524 ἢ
1754 2491 1778 2516 at
1810 2498 1864 2517 ra-

1074 2530 1204 2566 τριάρχαι
1221 2531 1309 2563 αὐτοὶ,
1324 2531 1341 2560 ἢ
1357 2534 1554 2568 τοποτηρηται.
1567 2534 1627 2560 "Ott
1656 2535 1685 2561 δὲ
1701 2536 1751 2562 οὐκ
1766 2536 1861 2574 ἐδέχθη

1074 2576 1088 2603 ὁ
1103 2576 1199 2612 παρὼν
1225 2577 1317 2604 κανὼν
1337 2578 1415 2614 παρὰ
1424 2580 1534 2606 πάντων
1545 2580 1599 2607 τῶν
1613 2581 1699 2615 ἁγίων
1720 2582 1860 2618 Πατέρων,

1074 2622 1202 2657 δηλοῦται
1216 2623 1264 2650 καὶ
1277 2624 1310 2650 ἐκ
1326 2623 1374 2650 τοῦ
1390 2624 1519 2660 δευτέρου
1538 2626 1652 2658 κανόνος
1679 2626 1729 2661 τῆς
1757 2628 1786 2654 ὲν
1822 2628 1862 2664 τῷ

1076 2669 1204 2704 Τρούλλῳ
1217 2670 1368 2704 γενομένης
1379 2670 1489 2697 συνόδου
1504 2671 1652 2707 λεγομένης
1666 2673 1760 2706 ἕκτης.
1780 2673 1863 2700 Ἄπα-

1076 2714 1206 2749 ρίθμησιν
1220 2713 1275 2749 γὰρ
1298 2715 1327 2741 ἐν
1345 2715 1420 2750 αὑτῷ
1453 2716 1478 2742 οἱ
1504 2717 1617 2743 συνόδου
1655 2718 1729 2751 ἅγιοι
1743 2718 1863 2753 Πατέρες

1075 2761 1184 2796 ἐκείνης
1204 2760 1363 2797 ποιούμενοι
1378 2762 1431 2788 τῶν
1442 2762 1605 2797 ὀφειλόντων
1627 2765 1739 2798 κρατεῖν
1782 2765 1862 2790 κανό-

1076 2813 1142 2839 νων,
1158 2805 1247 2833 ταῦτα
1264 2807 1329 2842 περὶ
1345 2806 1392 2833 τοῦ
1402 2807 1517 2839 κανόνος
1549 2808 1644 2834 τούτου
1678 2809 1799 2844 ῥήμασιν
1815 2810 1862 2837 αὺ-

1075 2853 1132 2883 τοῖς
1149 2852 1279 2886 διεξίασιν
1296 2860 1302 2869 ·
1320 2853 1360 2880 ἔτι
1382 2854 1437 2889 μὴν
1450 2856 1496 2882 καὶ
1506 2853 1551 2882 τὸν
1562 2855 1613 2882 ὑπὸ
1630 2855 1795 2891 Κυπριανοῦ
1815 2855 1862 2883 τοῦ
