1942 3095
102 196 170 227 ΠἻ)

665 197 705 227 ΙΝ
725 197 810 228 CAN.
833 197 846 227 Ι
868 198 1175 230 CONC.CARTIL\G.

1656 197 1724 231 1106

101 253 247 288 γενομένου
261 253 545 289 ἀρχιεπισκόπουτῆς
574 255 688 289 Ἄφρων
711 254 804 290 χώρας
835 254 883 281 καὶ

946 263 1015 287 iero,
1030 255 1167 290 inquiunt,
1177 260 1204 283 et
1218 253 1390 290 aCypriano.
1406 255 1452 290 qui
1467 253 1595 282 Afrorum
1608 255 1727 290 regionis

103 301 254 336 μάρτυρος,
287 300 336 326 καὶ
350 300 402 334 τῆς
415 300 476 327 κατ’
487 300 568 328 αὑτὸν
581 301 712 332 ’συνόδου,
742 300 889 327 ἐκτεθέντα

102 346 215 377 κανόνα,
232 345 263 377 ὃς
276 346 304 371 ὲν
321 346 380 376 τοῖς
398 345 454 372 τῶν
466 346 608 381 προέδρων
621 347 716 378 τόποις
731 347 780 373 καὶ
797 346 888 382 μόνοις

104 391 175 418 κατά
193 391 224 418 τὸ
237 391 390 427 παραδοθὲν
405 392 497 424 αὐτοῖς
511 392 577 424 ἔθος
595 393 757 428 ἐκράτησεν.
782 392 889 419 Ἐντεῦ-

104 438 150 464 θεν
164 437 211 464 οὖν
223 438 362 464 δείκνυται
377 437 417 464 ὅτι
431 438 478 465 καὶ
497 438 618 473 ἀρχῆθεν
642 439 673 465 οὐ
706 439 783 473 παρὰ
805 440 889 466 πᾶσιν

102 480 136 518 ἦν
148 483 268 518 ἐνεργῶν
280 484 295 510 ὁ
310 483 410 511 κανών.
423 483 516 512 Ταῦτα
534 484 583 520 μὲν
597 484 643 511 οὖν
656 486 691 512 τὰ
713 485 764 520 τῆς
779 486 889 513 επιστο-

103 529 153 564 λῆς
166 537 173 544 ο
191 530 219 556 αἱ
246 529 274 556 δὲ
289 530 318 556 ἐν
336 531 369 565 τῇ
384 532 460 566 κοινῇ
473 531 615 565 διασκέῲιι
631 531 752 559 δοθεῖσαι
778 532 888 567 γνῶμαι

106 575 173 610 παρ’
192 576 308 603 ἑκάστου
323 576 378 603 τῶν
406 577 435 603 ὲν
466 578 501 612 τῇ
540 577 642 612 συνόδῳ
674 578 890 614 συνειλεγμένων

103 619 212 654 εχουσιν
225 620 298 647 οὕτω
330 622 392 648 κατ’
416 622 564 658 ἐπιτομήν.

328 712 498 745 Κυπρίων-ὸς
511 709 607 740 εἶπεν.

147 755 308 790 Ἠκούσατε,
327 756 465 792 ἀγαπητοὶ
481 759 688 793 συνεπίσκοποι,
703 759 732 786 τί
746 768 792 795 μοι
805 760 891 796 ἔγρα-

103 801 155 833 ψεν
178 801 308 834 Ἰοϐιανδς
350 803 364 829 6
391 804 593 836 συνεπίσκοπος
631 805 711 840 ἡμῶν
735 806 892 842 συμϐουλὴν

108 848 185 883 παρὰ
200 848 249 883 τῆς
267 849 444 884 μετριότητός
473 858 523 884 μου
538 849 699 885 βουλόμενος
717 850 809 878 λαϐεῖν
826 851 892 886 περὶ

102 894 150 921 τοῦ
168 895 274 922 ἀνοσίου
288 895 335 922 καὶ
346 896 448 931 ἀνόμου
463 895 652 931 βαπτίσματος
666 896 722 924 τῶν
732 897 889 933 αίρετικῶν.

103 940 151 966 καὶ
164 940 191 966 τί
207 940 263 975 ἐγὼ
278 941 353 976 αὐτῷ
368 942 539 977 ἀντέγραψα,
555 942 741 977 δογματίζων,
775 943 790 970 ὃ
816 943 892 976 ἅπαξ
907 933 929 962 Β

103 986 151 1012 καὶ
163 986 291 1022 δεύτερον
307 987 354 1015 καὶ
370 987 501 1019 πολλάκις
516 988 676 1023 ἐκρίναμεν.
708 988 773 1020 τοὺς
788 989 892 1024 αίρετι-

103 1033 169 1063 κοῦς
183 1033 247 1064 τοὺς
264 1033 502 1068 προσερχομένους
517 1035 550 1069 τῇ
559 1034 709 1070 Ἐκκλησία
721 1034 892 1069 βαπτίσματι

104 1078 288 1110 Βαπτίζεσθαι
305 1078 360 1105 δεῖν
375 1079 422 1106 καὶ
433 1079 610 1113 ἀγιάζεσθαι.
626 1080 745 1107 Ἔπειτα
770 1079 800 1106 δὲ
830 1080 893 1107 ἀνι-

104 1123 215 1159 γνώσθη
229 1124 294 1159 ὑμῖν
305 1124 354 1151 καὶ
369 1125 439 1152 ἀλλα
453 1125 608 1160 γράμματα
643 1125 785 1157 Ἰοϐιανοῦ,
802 1125 838 1152 δι’
854 1123 893 1154 ὢν

104 1170 177 1197 κατά
192 1170 222 1197 τδ
247 1169 330 1198 αὑτοῦ
342 1170 456 1202 εὐσεϐὲς
482 1170 662 1206 ἀντίγραμμα
676 1171 707 1197 οὐ
730 1171 811 1206 μόνον
826 1172 894 1206 ἡμῖν

105 1215 315 1251 συνευδόκησεν,
330 1215 399 1243 ἀλλά
415 1216 462 1244 καὶ
475 1218 509 1252 τῇ
526 1217 677 1251 ἐπιγνώσει
691 1217 741 1252 τῆς
762 1217 894 1250 ἀληθείας

103 1264 185 1301 χάριν
197 1264 383 1300 ὡμολόγησεν.
401 1264 565 1292 Ύπόλοιπον
581 1265 628 1293 οὖν
655 1265 722 1300 περὶ
748 1265 830 1292 αὐτοῦ
868 1265 894 1292 τί

104 1309 223 1341 ἕκαστος
240 1310 319 1345 ἡμῶν
337 1311 434 1345 φρονεί
455 1311 553 1343 είπεῖν,
572 1310 688 1345 μηδενὸς
701 1311 749 1344 ἀφ’
771 1310 853 1345 ἡμῶν
865 1310 894 1337 ὲν

104 1354 194 1390 τούτῳ
207 1355 476 1391 κρινομένου,μηδὲ,
502 1356 526 1382 εἰ
548 1356 660 1383 ἐναντία
698 1356 822 1392 φρονοίη,
847 1356 895 1383 καὶ

104 1401 289 1436 ἁκοινωνήτου
317 1402 474 1437 γινομένου.
501 1401 571 1429 Οὔτε
597 1402 653 1436 γάρ
678 1411 721 1434 τις
746 1403 895 1430 ἐπίσκοπον

103 1447 202 1473 ἑαυτὸν
227 1447 401 1482 καθίστησιν,
432 1449 493 1476 οὐδὲ
521 1450 672 1484 τυραννικῇ
697 1449 828 1484 αὐθαδείᾳ
854 1449 896 1481 είς

103 1493 229 1528 ἀνάγκην
253 1493 300 1520 τοῦ
329 1493 445 1520 ἔπεσθαι
479 1493 555 1529 αὐτῷ
583 1495 648 1526 τοὺς
676 1494 895 1526 συνεπισκόπους

105 1539 241 1575 βιάζεται,
256 1539 336 1566 ὁπότε
349 1537 390 1571 εἷς
398 1540 514 1571 ἕκαστος
535 1539 683 1571 ἐπίσκοπος
700 1539 825 1572 ἐξουσίαν
836 1539 895 1574 ἔχει

103 1584 237 1618 πράττειν
250 1584 412 1620 ἐλευθερίως
428 1585 446 1612 ἀ
461 1586 565 1621 φρονεῖ.
588 1585 633 1617 Ὠς
646 1585 797 1621 γὰραύτὸς
815 1586 896 1613 ἄλλον

104 1632 200 1665 κρῖναι
218 1631 248 1657 οὗ
265 1630 389 1664 δύναται,
409 1630 497 1663 οὕτως
516 1631 576 1658 οὐδὲ
610 1631 664 1657 ὑπὸ
687 1630 770 1658 ἄλλου
801 1631 896 1666 κριθῆ-

102 1686 159 1705 ναι.
176 1677 365 1712 Περιμένομεν
379 1677 434 1713 γὰρ
449 1678 549 1710 πάντες
564 1678 613 1713 τὴν
625 1678 673 1705 τοῦ
695 1678 799 1713 Κυρίου
817 1678 896 1713 ἡμῶν

110 1723 199 1757 Ἰησοῦ
226 1722 345 1758 Χριστοῦ
387 1723 490 1759 κρίσιν,
515 1723 545 1756 ὃς
575 1723 656 1759 μόνος
683 1721 810 1756 ἐξουσίαν
839 1722 896 1758 ἔχει

103 1767 255 1794 ἐπίσκοπον
275 1768 407 1803 καθιστᾷν
431 1769 460 1795 ἐν
492 1769 526 1804 τῇ
556 1767 641 1796 αὑτοῦ
677 1767 828 1803 Ἐκκλησία
849 1768 896 1794 καὶ

103 1813 165 1845 ἑνὸς
195 1813 313 1840 ἑκάστου
338 1814 388 1850 τὴν
411 1814 512 1849 πρᾶξιν
542 1814 682 1847 ἐξετάζειν
711 1814 758 1841 καὶ
779 1813 895 1848 δοκιμά-

103 1860 172 1892 ζειν.

259 1906 435 1940 Καικίλλιος
447 1906 619 1940 Διϐερὰριος
631 1904 716 1934 εἶπεν

144 1954 193 1980 ’Ἑν
214 1953 358 1988 βάπτισμα
373 1954 403 1979 ἐν
428 1954 498 1988 μόνῃ
510 1954 544 1988 τῇ
566 1954 718 1989 Ἐκκλησία
742 1951 813 1985 οἴδα.
848 1955 895 1981 καὶ

99 1994 184 2033 ’ἐκτὸς
196 2001 247 2036 τῆς
265 2001 433 2035 Ἐκκλησίας
466 2001 596 2036 οὐδαμοῦ.
613 2000 698 2027 Ἔνθα
715 2001 770 2037 γάρ
782 2002 840 2028 ἐστι
865 2001 895 2028 τὺ

102 2047 134 2074 ἓν
149 2048 303 2083 βάπτισμα,
324 2047 409 2080 ὅντως
423 2048 471 2074 καὶ
484 2048 563 2080 ἐλπὶς
584 2047 716 2083 ἀληθείας
746 2048 816 2079 ἐστὶ.
846 2048 894 2074 καὶ

102 2091 206 2122 πίστις.
241 2091 320 2118 Οὕτω
347 2091 402 2128 γὰρ
429 2091 597 2126 γέγραπται,
628 2092 689 2119 Mla
722 2093 834 2126 πίστις.
858 2092 893 2120 ἐν

99 2137 272 2173 βάπτισμα.
287 2138 326 2165 Οὐ
344 2138 399 2173 γὰρ
419 2139 477 2169 τοῖς
493 2138 655 2173 αίρετικοῖς,
687 2139 754 2173 παρ’
773 2137 815 2171 οἷς
841 2140 894 2166 οὺ-

101 2183 185 2218 δεμία
200 2184 292 2215 πίστις
307 2184 356 2211 καὶ
371 2184 462 2217 ἐλπὶς,
481 2184 548 2211 ὅπου
576 2184 666 2211 πάντα
700 2185 799 2220 ψευδῆ,
825 2185 892 2213 ὅπου

101 2230 239 2266 ἐξορκίζει
258 2229 496 2266 δαιμονιζόμενος,
533 2231 684 2266 μυστήριον
706 2232 808 2267 ἐρωτᾷ,
821 2229 852 2259 οὖ
863 2232 894 2259 τὸ

943 301 994 328 fuit
1010 302 1236 337 archiepiscopus
1254 306 1281 329 et
1301 305 1418 336 martyr;
1441 305 1469 328 et
1486 309 1500 328 a
1517 302 1641 337 synodo,
1666 310 1727 336 qme

942 348 993 375 sub
1021 355 1054 375 eo
1087 348 1150 380 fuit,
1171 348 1276 376 editum
1309 356 1457 381 canonem,
1481 349 1528 383 qui
1560 348 1589 375 in
1616 349 1727 376 illorum

942 393 1089 427 pra‘sulnin
1106 394 1174 422 locis
1192 394 1381 422 tantummodo
1394 394 1472 430 juxta
1489 393 1617 421 traditam
1640 394 1674 420 ab
1687 394 1728 421 eis

942 440 1170 467 consuetudinem
1195 445 1319 468 servatus
1341 445 1394 468 est.
1415 439 1453 467 Ex
1477 439 1528 466 hoc
1554 439 1615 466 loco
1634 439 1727 473 igitur,

943 486 1039 521 primis
1058 493 1168 521 quoque
1186 487 1357 522 temporibus
1374 493 1507 514 canonem
1530 485 1602 512 hunc
1623 492 1729 520 nequa-

942 539 1025 566 quam
1039 532 1110 568 spud
1123 540 1219 560 omnes
1232 533 1363 564 valuisse,
1376 532 1456 560 facile
1469 535 1595 566 apparet.
1615 530 1665 558 Hic
1676 530 1729 565 igi-

940 581 989 604 tur
1015 581 1165 606 estatextus
1184 578 1308 612 cpistola
1328 587 1336 605 ε
1355 585 1416 613 qua
1437 585 1507 605 vero
1531 577 1565 604 irr
1589 576 1729 604 communi

944 621 1144 656 disceptatione
1162 623 1314 651 dicta-sunt
1331 631 1348 650 av
1363 623 1490 658 singulis,
1505 623 1552 658 qui
1579 622 1607 649 in
1624 622 1730 658 synodo

944 673 1143 702 convenerant,
1155 669 1193 696 ita
1213 677 1242 697 se
1259 670 1372 696 habent.

1211 714 1361 750 Cyprianus
1377 716 1458 742 dixit.

979 758 1113 790 Audistis,
1129 758 1299 786 dilectissimi
1319 758 1474 793 coepiscopi
1486 779 1494 791 ,
1515 758 1582 793 quid
1602 759 1668 785 mihi
1683 757 1730 785 Ja-

944 804 1043 831 vianus
1075 804 1254 838 coepiscopus
1273 808 1378 836 noster,
1393 804 1426 831 de
1439 803 1535 832 illicito
1555 808 1582 831 et
1613 804 1728 838 profano

945 850 1134 878 hmreticorum
1151 850 1287 885 baptismo
1297 850 1513 878 mediocritatem
1528 854 1651 877 nostram
1663 856 1730 876 conc

945 895 1056 929 sulcus,
1084 896 1237 930 scripserit.
1267 901 1295 923 et
1313 896 1379 931 quid
1401 903 1451 931 ego
1476 896 1502 923 ei
1529 895 1730 930 rcscripscrim,

942 949 1058 969 ccnsens
1073 941 1199 973 scilicet,
1213 941 1284 976 quod
1296 942 1380 969 semel
1399 945 1483 976 atque
1497 942 1596 969 iterum
1613 945 1641 969 et
1659 949 1732 975 sche

941 988 1114 1018 censuimus.
1129 989 1274 1016 haereticos
1298 988 1333 1016 ad
1355 988 1508 1016 Ecclesiam
1529 988 1671 1015 venientes
1684 988 1733 1015 ba-

942 1032 1043 1067 ptismo
1056 1033 1206 1068 (Ecclesiae)
1223 1033 1355 1068 baptizari
1366 1039 1393 1060 et
1410 1034 1577 1061 sanctiﬁcari
1592 1038 1730 1068 oportere.

943 1078 1009 1106 Item
1024 1079 1100 1106 lecta:
1114 1083 1179 1106 sunt
1190 1078 1267 1106 vobis
1276 1083 1304 1106 et
1315 1079 1375 1106 aliae
1385 1079 1484 1107 litterae
1493 1078 1614 1112 Ioviani,
1631 1079 1733 1114 quibus

944 1133 994 1161 pro
1020 1133 1068 1154 sua
1086 1125 1193 1153 sincera
1211 1129 1238 1152 et
1262 1126 1389 1161 religiosa
1411 1125 1555 1153 devotione
1576 1126 1609 1152 ad
1631 1126 1733 1159 cpisto-

944 1172 999 1198 lam
1021 1175 1142 1198 nostram
1168 1170 1341 1202 rescribens.
1363 1178 1418 1198 non
1442 1175 1547 1197 tantum
1567 1170 1647 1197 nobis
1667 1177 1734 1197 con-

945 1217 1042 1250 sensit,
1067 1217 1115 1245 sed
1134 1218 1216 1245 etiam
1233 1217 1347 1245 veritate
1367 1218 1532 1245 instructum
1549 1225 1579 1244 se
1595 1223 1657 1244 csse
1671 1223 1736 1251 gra-

946 1263 998 1291 tias
1024 1263 1090 1298 egit.
1114 1263 1245 1298 Superest
1272 1263 1306 1290 de
1321 1263 1372 1291 hac
1394 1264 1451 1297 ipsa
1475 1270 1515 1295 re,
1537 1263 1602 1297 quid
1632 1262 1733 1297 singuii

945 1310 1107 1343 sentiamus.
1135 1310 1269 1345 proferre,
1293 1309 1432 1337 neminem
1453 1309 1619 1344 judicantcs,
1645 1313 1693 1336 aut
1717 1316 1733 1336 ι

942 1355 1005 1391 jure
1017 1355 1229 1389 communionis,
1240 1356 1263 1384 si
1271 1356 1410 1384 diversum
1420 1355 1547 1387 senserit,
1560 1359 1729 1384 amoventes.

945 1400 1040 1436 Neque
1069 1401 1143 1429 enim
1172 1401 1317 1436 quisquam
1338 1401 1497 1436 episcopum
1523 1408 1553 1428 se
1577 1400 1734 1433 constituit,

946 1451 993 1473 aut
1009 1447 1153 1482 tyrannico
1177 1452 1281 1476 terrore
1299 1448 1333 1475 ad
1352 1448 1521 1482 obsequendi
1542 1447 1733 1475 necessitatem

946 1494 1124 1529 coepiscopos
1150 1502 1216 1523 suos
1251 1495 1358 1530 adigit,
1389 1494 1607 1530 quandoquidem
1644 1494 1736 1521 omnis

946 1539 1089 1574 cpiscopus
1115 1544 1276 1575 potestatem
1303 1541 1385 1568 habet
1415 1541 1499 1568 libere
1533 1539 1649 1568 faciendi
1676 1547 1736 1575 quae

948 1585 1043 1613 sentit.
1078 1585 1114 1613 Ut
1132 1587 1190 1621 ipse
1208 1587 1280 1614 enim
1304 1587 1386 1614 alium
1401 1587 1528 1620 judicare
1553 1595 1607 1613 non
1635 1591 1735 1621 pateat,

951 1632 991 1660 sic
1011 1640 1062 1660 nec
1088 1633 1121 1661 ab
1143 1633 1196 1660 alio
1221 1633 1350 1668 iudicari.
1375 1633 1443 1660 Nam
1475 1641 1570 1661 onmes
1596 1638 1738 1667 exspecta-

947 1687 1009 1706 mus
1030 1679 1164 1714 judicium
1195 1678 1303 1706 Domini
1328 1679 1414 1706 nostri
1439 1679 1504 1707 Jcsu
1533 1679 1635 1707 Christi
1652 1700 1659 1712 ,
1688 1680 1735 1714 qui

947 1726 1023 1753 solus
1052 1729 1214 1759 potestatem
1235 1725 1357 1753 habetin
1372 1725 1492 1753 Ecclesia
1509 1732 1558 1752 sua
1574 1726 1733 1761 episcopum

947 1772 1147 1805 constituendi,
1161 1776 1188 1800 et
1201 1775 1262 1799 acta
1276 1771 1496 1807 uniuscujusque
1518 1772 1694 1800 examinandi
1708 1776 1736 1800 et

944 1818 1095 1852 judicandi.

1095 1915 1098 1919 '
1146 1909 1266 1936 Caecilius
1278 1908 1429 1935 Libsrarius
1443 1908 1522 1935 dicit.

983 1954 1039 1990 Ego
1063 1962 1147 1981 unum
1178 1955 1316 1989 baptisma
1339 1955 1365 1981 in
1388 1954 1513 1982 Ecclesia
1531 1954 1588 1982 sola
1610 1954 1688 1986 scio,
1707 1958 1736 1981 et

945 2005 1020 2026 extra
1047 1999 1197 2027 Ecclesiam
1222 1998 1328 2025 nullibi.
1348 1997 1385 2025 lbi
1406 1999 1480 2025 enim
1508 2002 1549 2025 est
1572 2005 1656 2025 unum
1681 1997 1736 2024 ba-

945 2045 1057 2080 ptisma,
1090 2044 1136 2071 ubi
1160 2051 1223 2079 spes
1249 2051 1312 2072 vera
1340 2048 1368 2071 ct
1389 2044 1456 2071 iides
1477 2048 1562 2070 certa.
1592 2043 1638 2070 Sic
1661 2042 1734 2070 enim

945 2092 1077 2126 scriptum
1086 2095 1144 2118 est:
1157 2089 1302 2126 Unaifides,
1313 2098 1395 2117 unum
1407 2090 1538 2124 baptisma
1546 2090 1581 2116 ".
1591 2088 1651 2116 Non
1662 2089 1736 2116 enim

945 2139 1018 2173 apud
1034 2138 1189 2170 lizcrcticos,
1215 2137 1260 2163 ubi
1276 2144 1340 2171 spes
1356 2137 1431 2163 nulla
1447 2141 1499 2169 est,
1517 2140 1546 2163 et
1563 2136 1630 2164 ﬁdes
1651 2136 1734 2166 falsa:

945 2185 991 2212 ubi
1016 2184 1108 2212 omnia
1132 2191 1179 2218 per
1200 2182 1372 2210 mendacium
1398 2186 1518 2216 agtlntur
1533 2202 1540 2214 ,
1563 2182 1608 2210 tibi
1628 2182 1737 2210 exorci-

946 2236 989 2260 zat
1001 2231 1197 2262 daemoniacus,
1213 2233 1415 2258 sacramentum
1432 2229 1592 2263 interrogat.
1611 2229 1690 2262 cuius
1703 2237 1735 2257 os

103 2276 193 2311 στόμα
210 2275 331 2311 λοιμώδη
347 2277 394 2302 καὶ
406 2275 471 2311 ίώδη
487 2275 636 2310 φθέγγεται
655 2285 662 2291 ·
678 2277 771 2304 πίστιν
799 2278 828 2304 δὲ
854 2277 892 2304 δί-

946 2276 1102 2312 pestilentia
1116 2280 1145 2303 et
1163 2282 1301 2303 venenosa
1325 2278 1430 2301 emetat
1447 2283 1453 2300 :
1485 2274 1564 2302 iidem
1580 2279 1673 2302 autem
1690 2274 1737 2301 dat

102 2323 185 2349 δωσιν
198 2322 323 2353 ἄπιστος,
335 2321 432 2356 ἄφεσιν
456 2322 599 2357 ἁμαρτιῶν
618 2324 734 2358 παρέχει
759 2324 893 2359 ἀμαρτω-

101 2366 160 2400 λδς,
171 2367 219 2393 καὶ
236 2368 276 2397 είς
295 2366 381 2402 ὄνομα
394 2368 514 2402 Χριστοῦ
531 2368 676 2403 βασπτίζει
706 2369 891 2405 ἀντίχριστος,

103 2414 278 2448 ὑπισχνεῖται
289 2413 362 2449 ζωὴν
373 2414 482 2450 νεκρὸς,
502 2415 614 2450 είρήνην
640 2416 751 2443 δίδωσιν
775 2417 890 2452 είρήνης

103 2458 257 2493 ἀλλότριος,
273 2459 340 2485 Θεὸν
364 2460 533 2487 ἐπικαλεῖται
560 2460 735 2497 βλάσφημος,
767 2462 891 2498 ίερατείᾳ

104 2504 240 2540 κέχρηται
253 2504 366 2540 ἀσεϐής.
380 2505 412 2532 Oi
428 2505 520 2535 αὐτοῖς
546 2507 758 2543 συνηγοροῦντες
771 2508 892 2535 εἰπάτω·

105 2560 155 2577 σαν
165 2552 253 2578 ταῦτα
273 2551 364 2579 πάντα
381 2551 468 2587 ψευδῆ
477 2550 547 2580 εἶναι
563 2554 629 2588 περὶ
662 2555 717 2581 τῶν
731 2555 889 2590 αίρετικῶν.

110 2597 178 2624 Ἰδοὺ
193 2597 265 2624 τίσιν
281 2598 466 2632 ἀναγκάζεται
480 2601 497 2635 ὴ
530 2600 680 2634 Ἐκκλησία
706 2601 888 2633 συνευδοκεῖν,

105 2643 149 2669 ἴνα
174 2644 259 2678 χωρὶς
288 2643 478 2678 βαπτίσματος
506 2646 553 2673 καὶ
589 2647 714 2680 ἀφέσεως
748 2646 893 2682 ἁμαρτιῶν

88 2689 236 2731 λτοιούτοις
251 2691 471 2726 συγκοινωνήσῃ.
499 2692 591 2724 Ὅθεν,
623 2692 746 2728 ἀδελφοὶ,
780 2692 894 2728 φεύγειν

108 2736 155 2761 καὶ
181 2735 318 2762 ἐκκλίνειν
332 2736 488 2772 ὀφείλομεν,
503 2739 550 2766 καὶ
560 2740 690 2774 χωρίζειν
701 2740 817 2771 ἑαυτοὺς
838 2739 893 2766 ἀπὸ

105 2780 236 2807 τοιούτων
265 2781 524 2818 πλημμελημάτων,
538 2785 584 2810 καὶ
598 2783 628 2810 ἓν
657 2784 800 2820 βάπτισμα
814 2784 894 2812 κατέ-

106 2834 165 2861 χειν
180 2826 211 2853 τδ
240 2827 322 2862 μόνον
334 2829 363 2855 ὲν
379 2829 413 2864 τῇ
435 2828 584 2865 Ἐκκλησία
609 2830 658 2858 τοῦ
669 2830 749 2867 ιΘεοῦ
772 2831 892 2867 δεδωρη-

108 2873 200 2908 μένον.

164 2957 187 2973 ⁸⁷
203 2958 305 3002 Epiros.
317 2960 384 3002 ιν,

947 2323 1076 2356 iuiidclis,
1097 2322 1204 2350 veniam
1217 2321 1380 2349 delictorum
1401 2321 1499 2348 tribuit
1514 2321 1675 2354 sceleratus.
1707 2327 1736 2348 et

947 2369 975 2396 in
987 2369 1100 2396 nomine
1111 2368 1214 2396 Christi
1227 2367 1349 2403 baptizat
1364 2367 1562 2399 Anticliristus,
1580 2368 1664 2396 vitam
1678 2368 1738 2402 pol.

947 2416 1046 2444 licetur
1058 2418 1192 2448 mortuus.
1204 2421 1299 2449 pacem
1309 2414 1355 2440 dat
1369 2413 1551 2448 impaciiicus,
1561 2414 1646 2442 Deum
1660 2415 1738 2441 invo-

945 2467 990 2490 cat
1004 2460 1386 2497 blasphemus,sacerdotium
1403 2460 1578 2488 administrat
1592 2461 1735 2496 profanus.

946 2509 1054 2542 Dicant.
1063 2509 1107 2544 qui
1117 2508 1171 2536 illis
1179 2507 1373 2543 astipulantur,
1389 2507 1448 2534 haec
1457 2508 1548 2535 omnia
1556 2508 1622 2535 falsa
1633 2515 1693 2534 esse
1703 2507 1737 2534 de

946 2555 1091 2583 haereticis.
1099 2555 1168 2582 Ecce
1178 2554 1278 2590 quibus
1286 2553 1405 2581 Ecclesia
1415 2554 1569 2586 consentire
1578 2553 1694 2587 cogitur.
1707 2557 1737 2580 ut

945 2603 1005 2630 sine
1015 2603 1150 2637 baptismo
1165 2609 1196 2629 ac
1203 2601 1281 2629 venia
1296 2601 1458 2628 delictorum
1471 2608 1533 2627 cum
1551 2600 1652 2626 talibus
1663 2606 1737 2625 com-

947 2650 1078 2677 rnuuicet.
1088 2649 1176 2682 Quam
1188 2655 1257 2680 rem,
1273 2646 1383 2679 fratres,
1401 2647 1493 2681 iugere
1502 2653 1534 2673 ac
1547 2645 1634 2672 vitare
1651 2644 1735 2672 debe-

947 2703 1020 2727 mus,
1032 2699 1058 2721 ct
1071 2702 1086 2721 a
1102 2699 1177 2722 tanto
1194 2693 1299 2721 scelere
1315 2699 1364 2718 nos
1377 2698 1514 2725 separare,
1542 2693 1569 2717 et
1587 2697 1671 2716 unum
1689 2690 1736 2716 ba-

945 2741 1045 2777 ptisma
1069 2745 1170 2775 tenere,
1186 2739 1260 2775 quod
1277 2737 1368 2766 solum
1393 2736 1522 2764 Ecclesia:
1546 2735 1597 2764 Dei
1621 2742 1736 2764 conces-

949 2795 1008 2816 sum
1024 2792 1076 2816 est.
