1942 3095
36 139 61 171 ΗΞ
78 135 148 169 1129

17 195 58 228 θέλ,
112 201 123 218 α
146 190 254 227 ἀνάγκῃ
285 188 480 221 ὑποπεσόντες,
513 183 686 223 προάγεσθαι
709 190 750 221 εις
776 189 864 222 τάξιν.
881 191 903 220 Α

20 251 36 273 ης
47 247 56 270 ,ί
113 246 122 263 ι
144 235 253 267 Ἐδοεεν
259 232 306 262 οὖν
315 235 361 261 καὶ
370 234 494 266 τούτους,
509 234 548 266 ὡς
560 235 642 269 μηδὲν
651 235 863 272 ἡμαρτηκότας,

17 290 51 320 ἀπ
112 291 122 308 ι
144 282 169 308 εἰ
185 281 232 307 καὶ
251 281 267 315 ἠ
287 279 461 315 προλαϐοῦσα
476 280 631 315 εὑρίσκοιτο
646 278 716 315 ὀρθὴ
730 279 778 306 τοῦ
804 279 862 314 βίου

17 346 47 364 η
112 337 122 353 ι
147 325 525 360 πολιτεία,προχειρίζεσθαι.
545 335 554 352 ι

18 385 42 408 11..
110 373 210 400 ΒΔΛΣ.
224 372 300 403 Τινὲς
317 373 444 407 γληρικοὶ
459 372 505 400 καὶ
535 372 626 400 λαῖκοὶ
649 372 798 407 φεύγοντες
813 374 864 405 τὰς

17 432 40 457 ,5
73 417 129 443 τῶν
141 417 281 450 τυράννων
300 417 407 452 χεῖρας,
435 418 483 444 καὶ
514 417 725 454 συλληφθέντες,
750 418 767 453 ἢ
789 418 865 453 παρά

73 470 157 489 τινων
173 462 359 497 προδοθέντες.
373 463 421 489 καὶ
431 463 623 497 γυμνωθέντες
636 463 692 490 τῶν
706 465 864 500 προσόντων

75 508 179 540 αὐτοῖς,
195 507 287 534 ἔστιδ’
304 508 350 534 ὅτε
375 509 422 535 καὶ
441 508 651 544 βασανισθέντες
673 511 721 537 καὶ
745 511 862 545 φυλακι-

77 553 201 584 σθέντες.
218 553 301 580 ὲὸόων
316 550 387 580 εἶναι
400 554 570 589 Χριστιανοί,
588 555 651 582 Ὀτι
668 555 696 582 δὲ
716 557 787 583 κατὰ
803 557 865 592 βίαν

77 600 211 634 ἐνεϐλήθη
240 601 317 635 παρὰ
334 600 388 627 τῶν
405 600 514 636 δημίων
527 601 586 632 MT;
604 602 684 637 χερσὶ
700 601 806 629 τούτων
821 603 864 629 λι-

76 645 198 671 ϐανωτὸν
231 645 321 680 τυχὺν,
349 646 416 681 ὅπερ
442 647 499 678 τοῖς
525 645 646 678 εἰδώλοις
671 647 776 679 θύεται,
801 648 818 683 ἢ
836 649 864 675 ὲν

77 690 119 724 τῷ
145 690 258 725 στόματι
275 691 364 717 αὐτῶν
379 691 477 726 βρῶμα
506 692 693 725 εἰδωλόθυτον,
714 693 865 721 ἐκωλύοντο

77 735 129 769 τῆς
147 736 214 770 μετὰ
227 736 280 762 τῶν
311 737 415 763 πιστῶν
443 739 596 770 κοινωνίας,
620 738 664 765 διὰ
681 739 711 765 τὸ
725 739 806 774 δῆθεν
819 749 865 774 γε·

75 781 172 808 νέσοαι
184 782 284 813 αὐτοὺς
299 782 474 815 είδωλοθύτας
488 791 496 800 ο
511 784 577 818 φασὶ
603 784 669 818 γοῦν
691 786 715 812 οἱ
730 786 864 821 Πατέρες,

77 827 109 853 τὸ
122 828 192 854 κατὰ
221 827 282 862 βίαν
297 827 445 862 γενόμενον
463 829 500 864 μὴ
533 830 750 865 παρεμποδίξειν
765 831 864 864 αὐτοὺς

77 872 279 907 ὁμολογοῦντας
307 873 396 900 διόλου
426 872 498 901 εἶναι
513 875 706 910 Χριστιανοὺς,
721 878 868 905 ἀποκλαιο-

81 918 183 953 μένους
213 919 283 954 μετὰ
313 919 487 953 κατανύξεως
502 920 532 947 τὸ
554 922 630 956 παρὰ
652 922 706 949 τῶν
727 924 868 959 τυράννων

77 963 151 990 κατὰ
166 963 226 998 βίαν
239 964 384 998 γενόμενον
395 964 550 997 είςαύτούς.
564 966 646 993 Οὐδὲν
662 967 717 1002 γὰρ
727 968 867 1004 ἥμαρτον,

77 1009 150 1037 ὥστε
167 1009 215 1036 καὶ
226 1010 290 1043 παρ’
303 1010 383 1044 ἡμῶν
399 1010 575 1042 κολάζεσθαι.
603 1012 633 1039 Et
645 1013 674 1039 δὲ
690 1014 766 1048 παρά
786 1023 869 1041 τινων

76 1054 124 1081 διὰ
137 1055 333 1090 περισσοτέραν
347 1056 491 1091 ἀκρίϐειαν
513 1056 529 1092 ἢ
544 1057 579 1083 δι’
592 1057 703 1092 ἄγνοιαν
718 1059 764 1085 τοῦ
784 1068 869 1095 προσ-

77 1099 193 1134 ήκοντος
205 1100 383 1135 ἐκωλύθησαν
395 1102 447 1136 τῆς
468 1103 621 1136 κοινωνίας,
638 1104 719 1135 εὐθὺς
739 1105 869 1140 δεχθῆναι

76 1145 193 1177 τούτους
222 1147 459 1183 ὲγνωμοδότησαν.
480 1149 527 1180 Ὠς
543 1149 572 1175 δι
585 1158 658 1182 τινος
685 1151 810 1184 είπόντος
823 1153 869 1180 ἐπὶ

78 1190 174 1224 μόνοις
202 1193 258 1223 τοῖς
287 1192 391 1225 λαῖκοῖς
415 1193 489 1228 ἔχειν
513 1194 606 1230 χώραν
635 1197 668 1222 τὰ
682 1197 729 1223 τοῦ
758 1198 869 1231 κανόνος

77 1233 116 1266 (οἱ
129 1234 183 1269 γὰρ
200 1235 325 1270 κληρικοὶ
351 1237 421 1264 κατὰ
445 1238 508 1270 τοὺς
529 1240 739 1275 προρῤηθέντας
754 1242 869 1275 κανόνας

76 1279 281 1315 δεχθήσονται),
290 1282 432 1316 ἐπήγαγον
448 1283 485 1318 μὴ
501 1285 599 1318 μόνους
610 1286 748 1318 τοιούτους
757 1288 870 1320 λαῖκοὺς

77 1328 272 1359 συγκοινωνεῖν
288 1328 364 1363 ἡμῖν,
381 1329 451 1355 ἀλλὰ
463 1331 511 1357 καὶ
524 1331 685 1367 κληρικούς.
703 1333 817 1368 Εἴρηται
840 1335 869 1362 δὲ

77 1370 169 1403 τοῦτο,
183 1372 228 1399 διὰ
253 1374 284 1400 τὺ
305 1375 428 1410 μεγάλην
444 1374 514 1403 εἶναι
528 1377 664 1413 διαφορὰν
679 1380 733 1406 τῶν
749 1380 870 1415 ἀρνησαι

35 1417 43 1433 ³
79 1417 171 1452 μένων
190 1419 320 1451 ἑκουσίως
339 1421 384 1446 τὸν
407 1421 485 1455 Θεὸν,
504 1423 536 1449 ἐκ
547 1423 594 1450 τοῦ
612 1423 650 1459 μὴ
662 1424 793 1452 δύνασθαι
819 1427 869 1458 τὰς

79 1463 207 1496 κολάσεις
230 1465 406 1500 ὑπενεγκεῖν,
430 1468 478 1495 καὶ
504 1469 559 1495 τῶν
580 1471 701 1497 τοιοῦτον
713 1480 739 1497 τι
754 1471 791 1507 μὴ
820 1481 869 1499 πε-

635 132 680 164 IN
692 132 774 164 CAN.
796 133 844 163 III
858 131 963 164 CONC.
976 132 1110 163 ANCYR.

1634 133 1708 166 1130

957 187 1149 224 «promoveri.
1175 186 1270 215 Visum
1298 191 1341 214 est
1364 193 1428 222 ergo
1456 191 1482 214 et
1507 194 1573 219 eos,
1601 191 1631 215 ut
1657 189 1704 224 qui

957 243 966 260 ι
982 235 1049 261 nihil
1075 238 1245 270 peccassent,
1271 232 1293 260 si
1318 233 1399 261 etiam
1427 233 1583 268 praecedens
1607 239 1704 262 eorum

960 289 968 305 ι
983 279 1046 307 vita
1067 278 1242 307 instituendas
1265 277 1336 305 ratio
1360 282 1433 306 recta
1458 278 1625 311 inveniatur,
1642 287 1705 313 pro-

960 334 971 350 1
987 325 1103 352 moveri.
1119 333 1129 350 ι

957 369 1054 397 BALS.
1076 369 1192 402 Quidam
1209 368 1301 396 clerici
1325 372 1351 396 et
1365 368 1439 402 laici,
1465 376 1562 397 manus
1577 372 1708 404 tyranno-

918 421 979 442 rum
996 414 1145 450 fugientes,
1170 420 1198 442 et
1220 415 1425 449 comprehensi,
1450 414 1493 442 vel
1511 415 1545 442 ab
1569 415 1707 450 aliquibus

921 461 1035 496 proditi,
1052 462 1128 489 etiis
1142 468 1202 496 quae
1222 461 1359 488 habebant
1389 461 1498 496 privati,
1525 465 1552 488 et
1581 469 1709 488 nonnun—

921 515 1003 542 quam
1019 509 1101 534 etiam
1117 508 1182 534 torti
1197 511 1224 535 et
1249 507 1277 534 in
1291 514 1429 534 carcerem
1448 507 1578 541 conjecti,
1604 515 1634 534 se
1647 514 1708 534 esse

919 553 1093 581 Christianos
1108 552 1275 580 fatebantur.
1292 553 1362 586 Quia
1382 557 1471 579 autem
1490 559 1504 578 a
1522 552 1663 579 lictoribus
1679 553 1707 579 in

921 607 1018 628 manus
1037 607 1132 627 eorum
1148 599 1212 627 thus
1229 599 1298 627 forte
1314 600 1445 634 iniectum
1462 603 1515 631 est,
1539 599 1613 634 quod
1629 599 1709 628 idolis

920 646 1102 678 sacriﬁcatur,
1124 646 1165 673 vel
1184 645 1210 673 in
1227 653 1274 673 ora
1291 653 1386 673 eorum
1404 646 1483 674 cibus
1512 645 1610 680 aliquis
1626 645 1708 674 idolis

920 691 1091 724 immolatus,
1118 698 1132 718 a
1161 691 1280 718 ﬁdelium
1310 691 1505 719 communione
1531 692 1707 724 arcebantur,

920 737 993 771 quod
1011 737 1119 764 scilicet
1157 737 1236 765 idolis
1268 737 1490 767 saeriﬂcassent:
1521 737 1616 765 dicunt
1643 743 1708 772 ergo

920 782 1024 815 Patres,
1050 783 1075 810 id
1091 783 1162 817 quod
1180 783 1234 810 illis
1250 783 1274 810 vi
1294 783 1394 810 factum
1408 789 1460 816 est,
1487 791 1541 810 non
1568 790 1629 811 esse
1655 783 1709 811 illis

919 829 1125 863 impedimento,
1158 828 1307 856 fatentibus
1336 834 1467 863 perpetuo
1489 837 1517 857 se
1544 836 1604 856 esse
1629 828 1709 856 Chri-

919 874 1036 907 stianos,
1053 879 1080 901 et
1096 881 1157 901 cum
1185 874 1399 909 compunetione
1416 874 1442 902 id
1460 874 1621 901 deﬂenlibus
1636 874 1708 910 quod

918 919 946 946 in
969 920 1043 954 ipsos
1059 927 1073 946 a
1089 920 1213 955 tyrannis
1229 919 1254 946 vi
1273 919 1374 946 factum
1401 924 1453 947 est.
1470 919 1542 946 Nihil
1559 919 1632 946 enim
1647 927 1709 954 pec-

919 969 1027 996 carunt,
1045 969 1075 991 ut
1088 965 1170 991 etiam
1188 972 1203 991 a
1220 964 1300 992 nobis
1316 965 1475 999 puniantur.
1502 965 1549 992 Sin
1566 970 1656 992 autem
1672 965 1708 992 ab

918 1011 1065 1045 aliquibus.
1083 1015 1193 1045 propter
1209 1011 1341 1044 majorem
1355 1011 1522 1042 cautionem,
1537 1011 1580 1037 vel
1597 1014 1708 1045 propter

918 1056 978 1091 ejus
1006 1056 1077 1091 quod
1098 1056 1156 1084 llcri
1173 1059 1282 1090 oportet
1302 1056 1516 1091 ignorationem,
1543 1063 1558 1083 ει
1583 1063 1708 1083 comnm-

919 1102 1001 1129 nione
1022 1106 1087 1129 sunt
1114 1101 1256 1136 prohibiti,
1284 1105 1313 1128 ut
1331 1102 1424 1129 statim
1453 1101 1622 1136 recipiantur
1646 1109 1710 1128 scn-

919 1147 1031 1174 tentiam
1049 1147 1146 1173 tulere.
1162 1146 1279 1174 Perinde
1302 1150 1393 1174 autem
1420 1154 1452 1174 ac
1479 1147 1502 1174 si
1518 1146 1633 1174 dixisset
1660 1146 1710 1174 ali-

918 1191 992 1226 quis,
1009 1199 1143 1218 canonem
1161 1191 1187 1218 in
1201 1191 1267 1219 solis
1282 1190 1358 1218 laicis
1372 1190 1462 1217 locum
1482 1190 1581 1218 habere
1597 1189 1710 1225 (clerici

919 1238 992 1265 enim
1009 1244 1040 1264 ex
1059 1237 1402 1272 prtedictorumcauonum
1418 1236 1554 1263 sententia
1571 1235 1709 1270 recipien-

919 1287 997 1318 tur),
1014 1282 1176 1312 intulerunt,
1193 1289 1246 1308 non
1271 1282 1360 1309 solum
1386 1281 1519 1316 ejusmodi
1538 1281 1635 1315 laieos,
1661 1281 1708 1309 sed

919 1330 1001 1356 etiam
1019 1329 1135 1357 clericos
1150 1329 1291 1356 nobiscum
1307 1329 1520 1356 communicare.
1546 1328 1603 1356 Hoc
1617 1333 1708 1356 autem

921 1375 1025 1403 dictum
1043 1379 1096 1408 est,
1113 1383 1145 1402 eo
1160 1374 1234 1410 quod
1251 1375 1286 1402 sit
1312 1383 1408 1410 magna
1436 1375 1590 1403 diderentia
1613 1383 1709 1404 eorum

919 1421 965 1456 qui
997 1420 1082 1448 Deum
1115 1425 1213 1454 sponte
1239 1424 1385 1455 negarunt,
1416 1421 1547 1455 quoniam
1576 1421 1709 1456 supplicia

920 1467 1043 1501 perferre
1059 1474 1112 1493 non
1130 1471 1270 1501 poterant,
1288 1470 1314 1492 et
1329 1473 1424 1493 eorum
1441 1467 1488 1500 qui
1506 1466 1561 1493 tale
1576 1466 1642 1501 quid
1655 1474 1709 1495 non

78 1508 234 1543 ποιηκότων
247 1510 292 1536 διὰ
311 1511 415 1545 φάκτου
427 1512 539 1547 οἰκείου,
555 1514 622 1541 ἀλλὰ
646 1515 783 1548 ἀκουσίως
796 1517 866 1544 κατὰ

922 1513 1045 1540 fecerunt
1061 1512 1133 1539 facto
1148 1513 1270 1548 proprio,
1287 1512 1334 1540 sed
1350 1512 1427 1539 inviti
1444 1517 1472 1539 et
1488 1519 1535 1547 per
1551 1513 1604 1539 vim
1622 1513 1709 1540 idolo-

78 1553 141 1589 βίον
160 1554 369 1591 ὑποδεξαμένων
397 1557 559 1586 εἰδωλόθυτα
582 1560 598 1595 ἢ
629 1561 787 1595 λιϐανωτὸν,
818 1565 865 1591 καὶ

77 1600 316 1628 καταπτυσάντων
338 1602 427 1631 αὐτῶν
441 1612 448 1620 ·
475 1605 500 1630 ol
519 1605 568 1639 μὲν
599 1607 655 1642 γὰρ
678 1607 813 1642 ἥμαρτον,
828 1609 866 1641 ὡς

77 1646 200 1678 ἐνδόντες
214 1655 222 1662 ·
238 1647 356 1682 ὤφειλον
373 1649 427 1684 γὰρ
441 1650 590 1678 ἀποθανεῖν
612 1652 657 1678 διὰ
673 1653 719 1680 τὸν
731 1654 848 1690 Χριστόν
859 1663 865 1671 ·

78 1692 105 1718 οἱ
128 1692 155 1718 δὲ
167 1693 237 1720 κατὰ
265 1694 325 1729 βίαν
351 1695 515 1728 ὑπεδέξαντο
541 1697 622 1732 μόνον
644 1698 675 1726 τὸ
706 1699 866 1732 λιϐανωτὸν,

79 1738 162 1772 ἔργον
176 1739 204 1766 δέ
221 1748 247 1765 τι
272 1741 320 1770 οὐκ
335 1742 492 1777 ἐνήργησαν
505 1743 613 1775 ἀτεὸἐς.
632 1745 693 1771 ’Ότι
708 1746 773 1780 γοῦν
790 1747 866 1773 οὐδὲν

79 1783 214 1818 ἥμαρτον,
245 1785 291 1813 καὶ
323 1786 694 1823 κληρωθήσονταιοίλαῐκοὶ,
723 1791 771 1818 ἐὰν
797 1792 868 1824 ἄξιοι

79 1829 271 1864 εὑρίσκωνται,
288 1831 397 1863 πάντως
407 1832 436 1862 δὲ
451 1833 498 1860 καὶ
509 1835 534 1860 οἱ
548 1834 673 1870 κληρικοὶ
687 1837 727 1867 εις
739 1838 868 1872 μείζονας

80 1875 203 1910 βαθμοὺς
230 1875 274 1903 διὰ
288 1877 332 1903 τὸν
344 1877 425 1904 αὑτὸν
440 1877 519 1912 λόγον
531 1881 864 1918 προαναϐιὸασθὴσονται.

87 1922 164 1948 Ἐπεὶ
178 1922 205 1948 δὲ
220 1922 334 1957 ᾐτιῶντό
365 1932 436 1956 τινες
464 1925 586 1959 τούτους,
601 1927 639 1959 ὡς
666 1928 697 1955 τὺ
720 1929 869 1965 μαρτύριον

80 1966 216 2000 φυγόντας
231 1968 278 1994 καὶ
293 1968 526 2004 κατασχεθέντας,
540 1969 616 1999 εἶπον
631 1972 656 1998 οἱ
671 1974 791 2009 Πατέρες
802 1976 870 2011 μηδὲ

77 2013 110 2038 ἐκ
127 2012 222 2039 τούτου
236 2014 334 2046 αὐτοὺς
365 2015 543 2049 βλάπτεσθαι.
572 2017 626 2045 Καὶ
644 2019 754 2051 πάντως
769 2021 869 2056 ἄριστα

77 2058 127 2084 καὶ
150 2058 228 2084 τοῦτο
245 2059 454 2095 ἐνομοθέτησαν.
476 2062 546 2096 Φησὶ
562 2063 617 2098 γὰρ
633 2064 647 2090 ό
665 2065 753 2099 μέγας
765 2067 795 2093 ὲν
811 2067 870 2094 θεο-

77 2103 156 2138 λογίᾳ
174 2104 324 2140 Γρηγόριος
335 2107 373 2142 μὴ
401 2106 539 2140 ἐθέλοντας
556 2109 598 2141 είς
627 2110 674 2138 τὸν
690 2111 787 2144 ἀγῶνα
813 2122 870 2148 χω-

80 2151 139 2183 ρεῖν
162 2151 247 2184 φειδοῖ
262 2151 315 2178 τῶν
329 2152 481 2181 διωκόντων
500 2154 548 2181 καὶ
570 2155 625 2182 τῶν
651 2156 867 2194 ἀσθενεστέρων.

78 2196 133 2222 Καὶ
149 2196 176 2221 ὲν
194 2195 370 2231 Εὑαγγελίοις
381 2199 396 2225 ὁ
410 2200 514 2235 Κύριος
532 2198 612 2230 εἶπεν
626 2212 633 2219 ·
648 2203 738 2231 Ὅταν
761 2189 869 2234 διέυιω-
886 2189 906 2217 D

78 2249 132 2268 σιν
146 2242 221 2276 ὑμᾶς
238 2243 272 2274 ἐκ
288 2244 341 2278 τῆς
352 2247 469 2279 πόλεως
482 2248 604 2282 ταύτης,
616 2250 741 2284 φεύγετε
753 2253 796 2284 εἰς
813 2253 869 2286 τὴν

78 2287 196 2321 ἑτέραν,
211 2290 257 2315 καὶ
283 2291 318 2316 τὰ
335 2291 386 2323 μὲν
398 2292 445 2318 τοῦ
462 2294 575 2325 κανόνος
591 2297 620 2322 ὲν
633 2296 739 2329 τούτοις
753 2306 759 2313 ·
777 2298 823 2324 τοῦ
838 2298 866 2325 δὲ

79 2335 314 2370 χρηματισθέντος
335 2337 484 2365 ἐπισκόπου
506 2339 669 2374 Ἀμυκλείου
687 2342 772 2377 κνροῦ
786 2343 866 2369 Νικο-

79 2381 145 2406 λάου
158 2379 204 2406 τοῦ
231 2381 408 2413 Μουζά).ωνο;
423 2385 492 2410 κατὰ
514 2385 574 2419 βίαν
591 2388 780 2424 πρακτορικὴν
797 2391 863 2421 ἀπο-

79 2426 221 2460 καρέντος,
236 2426 285 2453 καὶ
315 2427 401 2454 πολλὰ
424 2430 712 2465 παρακλητεύσαντος,
732 2435 764 2460 τὸ
793 2435 864 2461 κατὰ

81 2472 143 2506 βίαν
158 2473 198 2503 εἰς
223 2472 303 2500 αὑτὸν
332 2474 443 2507 γεγονὸς
471 2477 691 2512 περιαιρεθῆναι,
719 2482 766 2506 καὶ
785 2481 865 2507 πάλιν

80 2519 202 2551 ἐνεργεῖν
240 2518 274 2548 τὰ
310 2519 501 2553 ἐπισκοπικὰ,
535 2522 549 2547 ὀ
579 2523 732 2556 ἁγιώτατος
763 2527 865 2558 ἐκεῖνος

80 2565 252 2599 πατριάρχης
281 2564 363 2600 κυρδς
395 2566 512 2598 Λουκᾶς,
530 2567 636 2602 βλέπων
655 2571 749 2598 τοῦτον
765 2580 867 2607 παρου-

82 2608 208 2640 σίάζοντα
223 2611 292 2644 μετὰ
321 2612 511 2641 ὲπισκοπικῶν
529 2615 640 2648 ἁμφίων
661 2617 819 2649 συνοδικῶς,
834 2619 864 2644 οὺ

83 2654 247 2688 παρεδέξατο
261 2657 351 2687 αὑτὸν,
378 2657 463 2684 εἰπὼν
478 2659 525 2692 ὡς,
556 2661 579 2685 ει
594 2661 644 2695 μὲν
658 2662 706 2696 τὴν
722 2663 864 2698 σννοδικὴν

80 2699 219 2733 ἐκδίκησιν
234 2701 282 2726 καὶ
301 2701 446 2736 διόρθωσιν
469 2705 601 2740 ἀνέμενεν
617 2707 630 2732 ό
642 2709 800 2740 ἐπίσκοπος,
817 2706 863 2736 εὗ-

82 2753 128 2784 ρεν
144 2746 176 2773 ἂν
192 2746 334 2786 κανονικὴν
351 2748 476 2783 βοήθειαν
487 2759 493 2765 ·
521 2752 581 2777 ἐπεὶ
595 2752 624 2782 δὲ
642 2753 674 2781 τὰ
701 2755 770 2783 κατὰ
803 2755 862 2790 βίαν

133 2834 156 2856 ⁸³
170 2834 264 2862 Matth.
280 2843 307 2868 ι,
321 2836 367 2863 23.

243 2884 381 2918 Ρηιιοι.
403 2885 460 2915 (is.
484 2886 661 2921 CXXXVII.

918 1560 994 1595 tliyta
1009 1563 1201 1594 susceperunt,
1217 1558 1258 1586 vel
1275 1559 1349 1592 thus,
1366 1563 1394 1585 et
1408 1565 1440 1585 ea
1458 1557 1639 1593 despuerunt.
1665 1559 1709 1587 Illi

916 1606 990 1633 enim
1000 1610 1190 1640 peccarunt,ut
1198 1613 1241 1640 qui
1251 1605 1385 1633 cesserint
1395 1613 1402 1632 :
1414 1604 1549 1632 debebant
1557 1605 1629 1631 enim
1640 1606 1708 1632 mori

918 1657 1030 1687 propter
1043 1652 1195 1679 Christum.
1220 1651 1270 1684 Qui
1287 1657 1352 1678 vero
1369 1650 1394 1677 vi
1410 1650 1475 1678 thus
1499 1651 1587 1677 soluat
1612 1658 1708 1678 susce-

919 1702 1028 1733 perunt.
1055 1697 1162 1724 nullum
1183 1697 1295 1732 impium
1311 1703 1380 1731 opus
1408 1695 1543 1724 fecerunt.
1571 1695 1707 1729 Quoniam

919 1751 984 1778 ergo
1001 1743 1069 1770 nihil
1089 1746 1250 1778 peccarunt,
1267 1742 1327 1770 laici
1344 1749 1454 1777 quoque
1475 1742 1567 1770 clerici
1594 1741 1668 1772 ﬂent.
1685 1743 1706 1770 si

919 1789 992 1823 digni
1010 1789 1200 1822 inveniantur;
1215 1788 1327 1815 omnino
1343 1792 1434 1816 autent
1453 1789 1537 1816 etiam
1563 1788 1657 1816 clerici
1674 1788 1709 1816 ad

923 1835 1040 1870 majores
1052 1836 1153 1870 gradus
1171 1839 1282 1870 propter
1303 1834 1426 1862 eamdem
1454 1835 1587 1862 rationem
1614 1842 1710 1869 prove-

894 1904 895 1907 η
920 1882 1033 1910 bentur.
1061 1883 1197 1915 Quoniam
1218 1887 1311 1909 autem
1328 1882 1453 1910 nonnulli
1470 1890 1517 1910 eos
1533 1884 1708 1915 accusabant.

921 1933 950 1956 ut
964 1929 1010 1963 qui
1027 1928 1188 1963 martyrium
1214 1927 1349 1962 fugissent
1361 1933 1388 1955 et
1405 1929 1526 1955 cunctati
1542 1933 1644 1960 essent.
1668 1929 1706 1956 di-

921 1980 1020 2002 xerunt
1037 1974 1141 2007 Patres,
1164 1981 1213 2001 eos
1231 1981 1285 2000 non
1312 1973 1374 2001 ideo
1401 1973 1472 2001 laedi.
1499 1973 1531 2000 Et
1553 1974 1663 2001 omnino
1682 1974 1708 2002 id

921 2021 1022 2055 optime
1039 2023 1199 2048 sanxerunt.
1228 2019 1297 2046 Dicit
1321 2019 1394 2046 enim
1420 2027 1536 2054 magnus
1553 2019 1709 2055 Theologus

921 2067 1080 2102 Gregorius,
1097 2074 1151 2093 non
1170 2073 1232 2093 esse
1248 2073 1297 2092 sua
1325 2069 1422 2098 sponte
1438 2065 1471 2092 ad
1489 2070 1628 2092 certamen
1646 2073 1708 2100 pro-

921 2112 1083 2141 cedendum,
1103 2116 1132 2138 ut
1146 2114 1175 2138 et
1190 2111 1422 2145 persequentibus
1438 2115 1465 2137 et
1480 2109 1708 2139 imbecillibribus

921 2161 1062 2192 parcatur.
1080 2156 1112 2183 Et
1129 2156 1258 2184 Dominus
1273 2155 1342 2182 dixit
1359 2155 1386 2183 in
1404 2155 1558 2190 Evangeliis
1572 2164 1579 2182 :
1595 2156 1708 2189 Quando

923 2212 966 2231 vos
982 2212 1013 2230 ea;
1026 2203 1075 2230 hac
1094 2203 1199 2230 civitate
1219 2207 1416 2237 persequentur,
1435 2202 1518 2237 fugite
1534 2204 1561 2228 in
1581 2203 1661 2230 aliam
1673 2204 1706 2231 ³³,

923 2249 956 2276 Et
972 2249 998 2276 in
1017 2250 1060 2277 bis
1077 2248 1187 2283 quidem
1205 2249 1347 2282 expositus
1359 2252 1402 2285 est
1418 2254 1516 2275 canon.
1533 2247 1599 2274 Cum
1615 2252 1705 2276 autem

921 2295 1050 2323 dominus
1073 2293 1204 2321 Nicolaus
1220 2293 1357 2323 Muzalon,
1381 2293 1535 2327 Amyclaeus
1561 2294 1706 2328 episcopus

919 2341 1019 2373 dictus,
1032 2341 1058 2366 vi
1071 2348 1085 2366 a
1096 2339 1257 2374 magistratu
1267 2343 1363 2366 tonsus
1371 2343 1454 2370 esset,
1463 2338 1545 2374 376
1553 2344 1579 2366 et
1591 2341 1704 2374 supplex

918 2387 1106 2419 contenderet,
1120 2391 1150 2412 ut
1168 2385 1238 2420 quod
1265 2385 1289 2411 vi
1306 2385 1332 2411 in
1359 2392 1421 2411 eum
1439 2385 1538 2412 factum
1552 2392 1611 2413 erat
1628 2386 1706 2414 tolle-

919 2438 1004 2465 retur,
1021 2438 1047 2459 et
1064 2431 1221 2466 episcopale
1237 2437 1334 2457 rursus
1349 2438 1447 2457 munus
1464 2431 1570 2464 obiret;
1586 2433 1705 2459 sanctis-

917 2480 1005 2506 simus
1020 2478 1065 2505 ille
1080 2477 1237 2512 patriarcha
1251 2475 1379 2504 dominus
1396 2475 1495 2507 Lucas,
1513 2477 1607 2505 videns
1621 2477 1698 2504 illum

918 2524 1048 2559 synodico
1067 2529 1128 2549 cum
1158 2521 1280 2548 vestibus
1306 2522 1506 2558 episcopalibus
1531 2526 1702 2556 prata-cutem,

918 2578 979 2597 eum
1011 2576 1065 2596 non
1100 2567 1227 2600 admisit,
1253 2566 1367 2600 dicens,
1395 2569 1465 2602 quod
1492 2567 1514 2594 si
1546 2568 1703 2602 synodalem

921 2615 1030 2650 quidem
1048 2614 1211 2640 sententiam
1240 2617 1266 2640 et
1293 2614 1490 2640 correctionem
1519 2618 1706 2647 exspectasset

920 2661 1076 2696 episcopus,
1105 2659 1268 2687 canonicum
1294 2658 1425 2685 auxilium
1453 2658 1625 2685 invenisset:
1656 2660 1704 2685 setl

920 2707 983 2741 quia
1004 2711 1095 2732 vestes
1114 2704 1292 2734 Inonasticas,
1320 2701 1419 2736 quibus
1435 2701 1459 2732 vi
1477 2701 1589 2731 indutus
1606 2702 1703 2735 fuerat,

919 2752 1071 2784 inordinate
1093 2751 1188 2782 exuit.
1214 2753 1240 2775 et
1254 2747 1306 2778 sibi
1331 2747 1381 2783 ipsi
1403 2747 1449 2782 ius
1466 2748 1546 2783 dixit,
1571 2750 1703 2781 auxilium

1447 2887 1481 2918 36
