1942 3095
115 173 182 210 1133

675 173 715 204 1N
735 171 819 204 CAN.
839 172 880 203 IV
894 172 1001 204 CONC.
1021 171 1155 203 ANCYR.

1667 167 1736 200 1134

112 239 162 263 τας
173 231 208 257 τὰ
218 229 374 266 ὑπάρχοντα
390 229 493 263 αὐτοῖς,
507 229 523 265 ἢ
539 228 739 264 ὑπομείναντας
755 227 898 263 βασάνους,

963 227 993 255 rei
1012 230 1147 255 tormenta
1165 226 1300 262 perpessi,
1326 225 1368 254 vel
1385 226 1413 255 in
1441 233 1580 255 carcerem
1607 227 1737 264 coniecti,

113 278 130 314 ἢ
143 275 351 311 ἑγκλέισθέντας
365 275 576 312 δεσμωτηρίοις,
589 275 676 302 διόλου
693 274 721 301 δὲ
734 274 899 310 ὁμολογοῦν-

114 332 164 355 τας
186 324 227 350 ὅτι
242 323 402 359 Χριστιανοί
434 322 499 355 είσι,
527 323 576 348 καὶ
596 320 822 356 περισχισθὲντας
837 319 901 351 τοὺς

115 369 242 406 χιτῶνας,
267 369 315 396 καὶ
344 368 548 403 γυμνωθὲν-τας,
578 368 625 394 καὶ
641 367 657 402 ἢ
674 368 715 399 εἰς
738 365 787 397 τὰς
806 366 901 401 χεῖρας

116 415 206 444 αὐτῶν
230 416 298 448 πρὸς
325 414 384 449 βίαν
413 413 533 440 ἀκόντων
548 413 660 440 ἐκείνων
687 411 861 447 ἐμϐαλόντων
875 419 901 436 τι

115 460 170 486 τῶν
185 460 363 496 βιαζομένων,
376 459 431 487 οἷον
453 460 603 497 λιϐανωτδν
620 459 636 494 ἢ
649 457 743 493 ’ἐτερόν
757 466 782 484 τι
796 457 836 488 εἰς
853 456 900 483 θυ-

117 506 177 532 σίαν
188 508 245 538 τοῖς
262 506 471 541 εἰδωλολάτραις
482 505 708 541 προσαγομένων,
725 503 742 538 ἢ
764 503 862 539 βρῶμά
876 511 902 532 τι

115 551 169 577 τῶν
200 551 382 578 εἰδωλοθύτων
398 552 564 585 δεξαμένους
587 552 628 582 είς
648 551 679 581 τὸ
708 550 807 585 στόμα,
834 549 903 585 πρὸς

115 598 238 632 ἀνάγκης
257 597 323 624 αὐτὸ
336 597 390 624 τῶν
410 598 528 633 βιαστῶν
540 597 725 632 ὲμὸαλόντων,
739 596 803 627 τοὺς
817 595 904 622 τοιοῦ-

116 642 163 669 τόν
192 651 218 668 τι
247 642 435 680 πεπονθότας,
469 643 588 678 βοῶντας
616 642 645 668 δὲ
668 642 754 668 διόλου
778 643 819 668 ὅτι
850 641 903 667 εισι

117 689 284 724 Χριστιανοὶ,
313 690 359 716 καὶ
375 689 420 716 διὰ
446 689 524 716 τοῦτο
547 688 724 720 πενθοῦντας,
754 687 802 714 καὶ
816 688 848 723 τῇ
872 696 902 714 τε

117 735 272 770 καταστολῇ
286 735 383 769 καὶτῷ
402 735 522 770 σχήματι
553 735 582 761 τὺ
605 735 705 766 πένθος
730 733 905 768 ἐνδεικνυμὲ-

117 789 179 812 vos;
194 780 361 815 (καταστολὴ
372 781 399 808 δὲ
417 782 456 808 τοι
472 782 583 816 μέτριον
610 782 656 808 καὶ
686 780 904 814 κατεσταλμένον

116 825 166 852 τοῦ
180 827 263 861 ἤθους
290 826 416 863 ὲστὶν),ἢ
440 827 473 857 τὰ
499 827 693 863 περιὸλήματα
708 826 783 865 καὶῂ
800 825 881 861 στολή
894 835 902 842 ·

106 872 266 907 ’σχῆμαλδὲ,
281 873 298 907 ἡ
315 873 414 909 ἔξωθεν
430 873 581 908 φαινομένη
594 873 743 908 κατήφεια,
757 873 806 907 τὴν
814 871 904 908 λύπην

117 915 246 951 δηλοῦσα,
261 918 275 944 ὃ
292 918 339 944 καὶ
355 917 413 952 βίου
443 918 627 953 ταπεινότητα
654 918 798 953 ὠνόμασεν
824 918 838 944 ό
853 926 899 944 κα-

118 961 170 989 νών
185 970 193 978 ⁸
218 962 330 995 τούτους
355 961 402 990 οὖν
428 964 511 999 μηδὲν
541 964 700 999 ἁμαρτῆσαι
723 964 747 990 οἱ
781 964 903 998 Πατέρις

118 1009 201 1047 φασίν
213 1017 220 1025 ·
251 1009 315 1035 οὔτε
340 1009 394 1044 γὰρ
409 1010 440 1036 τὸ
455 1009 629 1040 εἰδωλόθυτόν
657 1018 683 1035 τι
697 1009 814 1041 ἄκοντας
830 1010 906 1042 δέξα-

119 1055 182 1081 σθαι
199 1055 238 1086 είς
255 1055 285 1081 τὸ
316 1055 414 1090 στόμα,
442 1055 504 1082 οὕτε
516 1055 546 1082 τὸ
560 1057 590 1082 ἐν
616 1056 677 1087 ταῖς
698 1055 793 1090 χερσὶν
817 1055 906 1083 αὐτῶν

119 1100 285 1136 ὲχῦληθῆναι
304 1099 452 1127 λιϐανωτὸν
469 1100 593 1136 ἁμαρτία
605 1101 691 1132 ἐστὶν,
708 1101 732 1126 εἰ
747 1101 844 1127 ἐκεῖνοι
859 1100 907 1126 καὶ

119 1145 221 1173 τούτων
231 1147 382 1181 γινομένων
399 1147 582 1175 ἐπεκαλοῦντο
597 1146 627 1173 τὸ
654 1146 740 1181 ὄνομα
768 1147 816 1172 τοῦ
838 1147 907 1181 Χρι-

122 1191 197 1225 στοῦ,
219 1193 267 1219 καὶ
289 1193 355 1219 Θεὸν
379 1192 536 1228 ὡμολόγουν
561 1184 659 1219 αὐτόν·
688 1192 735 1218 καὶ
761 1192 799 1223 ὡς
824 1192 907 1226 μηδὲν

124 1239 345 1274 ἁμαρτάνοντας,
363 1239 400 1274 μὴ
421 1238 574 1265 κωλύεσθαι
595 1238 645 1272 τῆς
663 1237 806 1270 κοινωνίας
837 1246 907 1273 παρ-

120 1285 308 1318 ςκελεύσαντο.
326 1285 386 1312 Κᾶν
409 1293 483 1316 τινες
500 1284 565 1316 ἴσως
582 1285 768 1319 ἀγνοήσαντες
779 1284 808 1310 τὸ
823 1292 909 1318 προσ-

121 1332 199 1366 ῆκον,
213 1331 229 1367 ἢ
251 1329 332 1358 πλέον
345 1331 393 1357 τοῦ
407 1326 514 1362 δέοντος
527 1330 577 1366 τῆς
599 1330 743 1366 ἀκριὸεἰας
770 1330 906 1365 ἐχόμενοι.

122 1377 262 1404 ἐκώλυσάν
293 1385 370 1408 τινας
398 1377 447 1411 τῆς
483 1376 637 1409 κοινωνίας,
673 1377 754 1408 εὐθὺς
780 1376 908 1411 δεχθῆναι

121 1423 232 1454 τούτους
262 1422 497 1457 ἔγνωμοδότησαν,
518 1421 570 1450 κᾶν
597 1431 626 1449 τε
656 1423 711 1449 τῶν
735 1421 782 1449 τοῦ
804 1422 908 1457 κλήρου

121 1466 203 1503 ἦσαν,
223 1467 274 1495 κάν
286 1477 315 1499 τε
330 1468 382 1494 τῶν
392 1468 439 1495 τοῦ
456 1468 532 1496 λαοῦ.
551 1469 685 1497 Τοσοῦτον
708 1469 747 1500 δὲ,
763 1468 859 1503 φασὶν,
874 1468 906 1494 οὺ

122 1513 312 1548 λογισθήσεται
327 1513 361 1541 τὰ
375 1513 432 1540 ἄνω
446 1508 580 1551 εἰρημένα
596 1515 637 1545 είς
653 1514 819 1550 ἁμάρτημα,
837 1514 907 1540 ὥστε

951 278 1084 309 perpetuo
1100 277 1203 307 tamen,
1221 273 1346 302 vestibus
1372 280 1483 309 quoque
1507 274 1664 303 dilaceratis
1677 283 1739 304 cor.

951 319 1069 354 porique
1084 319 1229 353 detractis.
1256 327 1317 348 sese
1334 318 1510 347 Christianos
1533 328 1595 348 esse
1620 321 1738 356 professi

951 367 1035 397 sunt;
1061 365 1169 393 etiamsi
1188 365 1230 393 vel
1245 365 1349 401 aliquid
1369 372 1418 400 per
1446 365 1501 393 vim
1526 368 1738 401 repugnantium

952 412 1078 440 manibus
1090 412 1127 441 sit
1141 412 1283 448 injectum,
1297 413 1361 441 thus
1374 412 1500 441 videlicet
1515 417 1561 440 aut
1575 412 1649 440 aliud
1662 414 1739 448 quid-

952 458 1026 494 piam
1047 466 1155 492 eorum,
1181 466 1242 494 quae
1255 459 1281 485 in
1297 459 1432 487 idolorum
1451 458 1596 486 sacriﬁciis
1612 458 1739 489 adhiberi

953 503 1034 531 solita
1049 509 1124 536 sunt,
1144 504 1186 531 vel
1201 504 1255 532 cibi
1280 503 1384 539 aliquid
1400 512 1434 532 ex
1451 503 1601 532 immolatis
1618 512 1667 540 per
1684 505 1739 532 vim

953 556 968 577 a
986 550 1160 578 coactoribus
1180 551 1333 578 immissum
1347 558 1395 578 ore
1410 557 1552 585 excepere,
1569 550 1616 586 qui
1634 551 1740 586 aliquid

953 597 1088 633 ejusmodi
1117 598 1243 633 perpessi
1269 598 1385 631 inierint,
1414 597 1586 627 Christianos
1621 607 1651 626 se
1679 607 1741 628 esse

954 642 1135 671 nihilominus
1155 644 1260 672 interea
1276 644 1463 678 clamitantes,
1482 649 1566 680 atque
1580 646 1614 673 oh
1629 645 1656 674 id
1667 646 1740 680 quod

956 688 1058 715 factum
1075 689 1127 716 l'uit
1145 689 1282 722 dolentes,
1299 696 1332 716 ac
1348 690 1471 717 dolorem
1494 690 1661 720 demissione
1691 692 1742 718 ha—

955 734 1068 770 bituque
1082 742 1137 770 prae
1151 742 1181 762 se
1195 735 1315 764 ferentes
1328 736 1381 771 (est
1396 740 1485 766 autem
1504 737 1628 765 remissio
1647 736 1743 765 Graece

955 779 1119 817 καταστολὴ,
1151 780 1292 815 aequabilis
1308 788 1340 808 ac
1363 781 1504 810 moderata
1531 789 1637 809 morum
1666 789 1743 809 com-

955 825 1076 861 positio;
1103 825 1230 860 quamvis
1255 826 1353 854 eodem
1380 826 1463 854 verbo
1490 827 1609 855 amictus
1633 835 1743 862 quoque

955 875 1125 906 ornatusque
1152 871 1278 906 corporis
1302 871 1453 906 signiﬁcari
1490 876 1574 907 queat
1600 881 1606 900 :
1632 873 1743 901 habitus

955 925 1032 950 vero,
1047 917 1141 947 Graece
1157 917 1261 952 σχῆμα,
1276 917 1387 945 tristitia
1405 918 1578 945 extrinsecus
1596 926 1743 954 apparens.

955 964 1067 993 condite
1082 970 1152 998 nque
1181 963 1274 990 animo
1303 970 1450 991 mmrorem
1483 964 1630 996 indicans,
1660 970 1744 1000 quam

955 1010 1037 1037 etiam
1057 1009 1122 1038 vitae
1148 1009 1330 1036 humilitatem
1355 1016 1444 1037 canon
1465 1010 1641 1044 appellavit);
1659 1011 1693 1038 ab
1710 1011 1744 1038 iis

957 1062 1023 1089 ergo
1040 1054 1108 1082 nihil
1125 1058 1270 1088 peceatum
1287 1061 1349 1081 esse
1365 1054 1462 1081 Patres
1489 1060 1630 1084 asserunt.
1653 1055 1745 1090 Neque

956 1101 1042 1132 enim,
1058 1100 1131 1134 quod
1149 1100 1190 1126 vel
1207 1099 1389 1135 idolotltytum
1404 1108 1453 1127 ore
1467 1101 1510 1128 vel
1530 1101 1603 1136 quod
1620 1103 1682 1129 thus
1697 1105 1746 1131 aut

957 1146 1060 1180 aliquid
1090 1145 1179 1172 simile
1206 1145 1346 1176 manibus,
1371 1147 1499 1175 nolentes
1525 1147 1693 1181 exceperint,
1718 1147 1745 1175 id

958 1190 1082 1219 criminis
1117 1190 1175 1218 loco
1200 1190 1265 1226 poni
1285 1191 1385 1224 debet;
1410 1191 1433 1218 si
1460 1195 1550 1218 tamen
1576 1192 1615 1220 illi
1641 1192 1746 1220 interea

956 1244 1077 1272 quoque.
1096 1236 1160 1263 dum
1179 1236 1237 1263 hac
1256 1236 1365 1267 ﬁerent,
1393 1236 1534 1265 Christum
1559 1238 1744 1272 appellabant,

957 1283 1038 1320 377
1056 1282 1195 1317 Deumque
1209 1281 1300 1317 ipsum
1318 1289 1380 1310 esse
1393 1282 1613 1316 proﬁtebantur:
1631 1291 1663 1312 ac
1683 1289 1747 1315 tan-

959 1336 1040 1362 quam
1058 1327 1125 1355 nulli
1140 1329 1228 1363 culpae
1244 1327 1350 1361 amnes,
1376 1328 1451 1356 nullo
1474 1329 1556 1357 modo
1581 1337 1596 1356 a
1621 1337 1744 1358 commu-

959 1375 1043 1402 nione
1054 1374 1190 1401 arcendos
1207 1381 1269 1402 esse
1285 1374 1446 1402 deliuivere.
1464 1375 1543 1408 Quod
1560 1377 1582 1404 si
1598 1377 1747 1405 nonnullos

959 1420 1052 1452 etiam,
1068 1419 1207 1456 :equitatis
1222 1419 1293 1447 furte
1315 1421 1500 1455 ignoratione.
1525 1423 1649 1457 autplus
1670 1422 1747 1458 justo

960 1466 1148 1500 diligentiores
1165 1466 1248 1500 aliqui
1265 1467 1457 1494 communione
1474 1467 1675 1502 prohibuerint,
1688 1470 1747 1497 sivo

960 1520 974 1539 e
990 1514 1064 1541 clero
1078 1512 1118 1540 illi
1136 1512 1194 1540 sive
1208 1520 1223 1540 e
1239 1512 1342 1547 populo
1356 1512 1468 1545 fuerint,
1491 1513 1673 1542 admittendos
1686 1522 1747 1553 esse

123 1559 174 1586 κᾶν
187 1559 281 1591 λαῖκός
294 1558 366 1601 τιςῇ
385 1562 399 1587 ὁ
426 1560 511 1589 ταῦτα
534 1560 695 1595 ὑπομείνας,
722 1560 908 1595 κωλυθήσεται

963 1558 1034 1586 illico
1063 1559 1220 1586 decrevere.
1246 1559 1363 1590 Tantum
1397 1566 1479 1594 porro
1508 1560 1596 1593 abest,
1627 1565 1659 1589 ut
1686 1568 1747 1596 qua

123 1606 166 1632 διὰ
178 1606 264 1633 ταῦτα
290 1608 329 1637 είς
343 1606 495 1641 ἱερωσύνην
517 1606 746 1642 πῳὸιόασθῆνῖι,
779 1606 802 1631 εί
823 1606 837 1631 ὀ
853 1605 909 1639 βίος

125 1649 209 1684 αὐτοῦ
224 1651 238 1677 ὁ
252 1651 305 1688 πρὸ
320 1651 415 1680 τούτου
431 1651 616 1688 ἀνεπίληπτος
629 1649 663 1687 ἦν
677 1652 726 1681 καὶ
746 1651 839 1688 ὀρθῶς
859 1658 908 1683 πε-

125 1696 276 1727 πολίτευτο.

125 1829 236 1857 ΛΡΙΣΤ.
263 1837 272 1854 ‹
290 1828 320 1855 0i.
337 1826 548 1862 βασανισθέντες
563 1826 610 1853 καὶ
632 1826 789 1861 βιασθέντες
801 1826 910 1860 ἀληθῶς

166 1885 175 1901 ι
195 1876 244 1902 καὶ
270 1874 340 1908 μετὰ
354 1873 511 1910 τυραννίδος
531 1873 665 1909 βρώματα
687 1872 816 1904 λαϐόντες
832 1872 910 1903 εἰδώ-

169 1931 180 1949 ‹
198 1922 256 1953 λου,
282 1921 333 1955 τῆς
362 1919 504 1951 κοινωνίας
538 1919 575 1954 μὴ
606 1919 815 1948 κωλυέσθωσαν.
857 1918 911 1944 Καὶ

167 1978 177 1994 ‹
195 1967 286 1995 λαῖκοὶ
305 1967 332 1993 δὲ
346 1965 426 1992 τοῦτο
446 1965 588 1997 παθόντες,
611 1966 649 1997 ὡς
662 1964 738 1994 οὐδὲν
755 1964 913 2000 ἡμαρτηκό-

171 2024 182 2043 t
202 2023 258 2047 τες,
277 2014 301 2040 εἰ
337 2012 475 2048 βούλοιντο
491 2011 660 2047 χειροτονίας
678 2012 779 2046 τυχεῖν,
809 2019 912 2048 τυγχα-

171 2070 182 2088 ‹
199 2060 334 2089 νέτωσαν.
356 2057 443 2089 ἄλλως
459 2057 637 2092 ἀνεπίληπτοι
652 2056 738 2088 οντες.
760 2066 770 2082 ι

162 2107 193 2133 0i.
212 2105 281 2141 μετὰ
308 2104 433 2140 βασάνων
458 2102 634 2130 εἰδωλόθυτον
656 2101 754 2138 βρῶμα
784 2102 912 2135 δέξασθαι

129 2153 282 2190 βιασθέντες
300 2153 355 2180 τῶν
382 2150 530 2186 βιαζόντων
544 2149 582 2185 τῷ
598 2149 712 2184 στόματι
728 2149 817 2175 αὐτῶν
834 2148 913 2179 τοῦτο

128 2199 302 2235 ὶμδαλόντων
334 2197 404 2232 μετὰ
425 2197 559 2231 ἀνάγκης,
594 2195 725 2227 ὡσαύτως
751 2195 780 2221 δὲ
809 2195 857 2221 καὶ
886 2194 911 2220 οἱ

129 2243 341 2280 τοιουτοτρόποις
355 2243 505 2272 λιϐανωτὸν
520 2243 561 2273 εἰς
583 2242 632 2272 τὰς
648 2242 742 2278 χεῖρας
764 2241 853 2268 αὐτῶν
871 2240 913 2267 δε-

129 2291 252 2326 ξάμενοι,
269 2289 398 2323 καὶπρὸς
420 2289 480 2323 βίαν
496 2289 536 2321 είς
555 2288 602 2314 τὸν
625 2287 740 2322 τρίποδα
771 2286 913 2322 ἐπιρῤίψαι

129 2336 210 2362 τοῦτο
231 2334 520 2368 καταναγκασθέντες’
551 2333 747 2369 ὁμολογοῦντες
766 2333 795 2359 δὲ
825 2333 914 2363 διόλου

131 2382 173 2408 ὅτι
194 2381 248 2407 εἰσὶ
263 2380 431 2416 Χριστιανοὶ,
447 2380 494 2407 καὶ
522 2379 620 2407 τούτου
636 2379 791 2414 συμσὰντος
817 2378 915 2409 πένθος

131 2428 175 2454 ἀεὶ
186 2425 404 2460 ἐπιδεικνύμενοι
423 2426 455 2460 τῇ
479 2425 553 2460 πάσῃ
568 2425 722 2460 καταστολῇ
739 2423 837 2458 καὶτῷ
851 2423 917 2458 σχή-

133 2481 210 2508 ματι,
225 2472 272 2498 καὶ
290 2472 324 2505 τῇ
339 2470 385 2497 τοῦ
412 2470 469 2505 βίον
484 2471 671 2504 ταπεινότητι,
702 2467 776 2496 οὗτοι
802 2469 840 2500 ὡς
864 2469 916 2505 ἔξω

132 2517 331 2552 ἁμαρτήματος
342 2515 433 2546 ὀντες,
455 2515 506 2550 τῆς
525 2515 669 2547 κοινωνίας
695 2515 733 2550 μὴ
756 2514 917 2541 κωλυέσθωρ

133 2571 196 2594 σαν,
211 2560 270 2588 ἀλλ’
281 2561 310 2587 ὲν
325 2560 358 2596 τῇ
373 2560 463 2595 οἰκείᾳ
472 2561 541 2595 τιμῇ
558 2560 723 2594 μενέτωσαν.
738 2560 769 2587 Ei
783 2560 810 2587 δὲ
827 2559 916 2590 λαῖκοί

132 2608 201 2634 εἰσιν
216 2607 241 2633 οἱ
256 2605 383 2638 τοιοῦτοι,
399 2606 447 2632 καὶ
464 2605 603 2640 βούλοιντο
623 2605 791 2640 χειροτονίας
815 2605 915 2639 τυχεῖν,

132 2648 348 2684 τυγχανέτωσαν,
366 2649 440 2676 ἑὰνό
463 2648 609 2683 προλαϐὼν
636 2649 694 2683 βίος
719 2649 813 2675 αὐτῶν
841 2650 915 2675 ἐστιν

132 2695 334 2730 ἀνεπίληπτοςδ
362 2694 395 2720 ὲκ
418 2693 513 2720 τούτου
539 2695 620 2728 μόνου
649 2695 680 2721 οὗ
710 2695 916 2731 κωλνθὴσονται

132 2740 182 2774 τῆς
206 2739 332 2776 τοιαύτης
347 2741 486 2774 ιπιτυχεῖν
513 2739 606 2774 τιμῆς.

437 2785 554 2812 ΚΔΝΩΝ
569 2785 606 2812 Δ’.

136 2840 147 2858 t
165 2832 233 2866 Περὶ
250 2831 305 2858 τῶν
323 2831 392 2867 πρὸς
411 2831 472 2866 βίαν
487 2831 638 2864 θυσᾶντων,
653 2832 700 2858 ἐπὶ
710 2832 738 2858 δὲ
755 2832 860 2865 τούτοις
869 2833 917 2859 καὶ

171 2885 181 2904 ι
201 2875 462 2911 τῶνδιιπνησάντων
472 2879 512 2910 εἰς
525 2878 559 2905 τὰ
573 2877 670 2905 εἴδωλα
683 2878 740 2907 ὅσοι
753 2878 801 2916 μὲν
812 2879 917 2912 ἀπαγό-

960 1611 1042 1639 supra
1060 1604 1350 1637 commemoravimus,
1363 1604 1473 1632 crimini
1498 1605 1554 1632 sint
1569 1606 1703 1640 ducenda,
1717 1612 1746 1634 ut

959 1649 1067 1678 etiamsi
1095 1649 1166 1679 laico
1192 1649 1295 1679 homini
1315 1649 1431 1684 cuipiam
1447 1650 1608 1684 perferenda
1632 1651 1746 1686 iuerint,

960 1695 1028 1722 nihil
1041 1701 1141 1728 tamen,
1155 1694 1235 1723 modo
1247 1695 1332 1722 vitam
1346 1695 1446 1730 alioqui
1463 1697 1621 1731 suspicione
1633 1705 1746 1726 vacuam

960 1748 992 1770 ac
1006 1740 1149 1776 probatam
1165 1741 1329 1773 traduxerit,
1349 1741 1499 1775 quominus
1514 1743 1547 1769 ad
1563 1750 1658 1772 sacros
1671 1744 1747 1772 ordi-

962 1795 1010 1814 ues
1028 1787 1107 1814 evehi
1124 1787 1215 1818 liceat,
1231 1787 1341 1814 obstare
1352 1787 1448 1817 velint,

961 1831 1075 1861 ARIST.
1096 1841 1105 1858 ι
1124 1832 1175 1865 Qui
1193 1832 1336 1861 tormentis
1350 1832 1465 1867 subjecti
1479 1837 1506 1860 et
1530 1833 1583 1865 vim
1596 1843 1659 1862 vere
1674 1837 1747 1870 passi

1000 1886 1010 1903 ι
1032 1882 1107 1910 sunt,
1122 1882 1149 1904 et
1166 1881 1227 1912 post
1240 1878 1412 1912 tyrannidem
1427 1872 1517 1905 cibum
1534 1879 1613 1907 idolis
1624 1880 1746 1909 oblatum

1001 1932 1011 1950 ι
1034 1928 1157 1953 sumunt.
1183 1930 1198 1949 a
1218 1924 1410 1954 communione
1426 1931 1460 1951 ne
1481 1925 1686 1959 prohibeantur.
1714 1927 1748 1953 Et

1002 1977 1012 1993 ι
1034 1967 1094 1994 laici
1111 1967 1161 1994 hoc
1176 1967 1260 2001 passi,
1278 1972 1306 1994 ut
1323 1967 1390 1994 nihil
1405 1970 1579 2003 transgressi,
1602 1970 1625 1997 si
1641 1971 1750 2003 ord’nae

1002 2023 1012 2039 ‹
1034 2014 1133 2043 tionem
1158 2013 1242 2041 velint
1263 2013 1405 2048 consequi,
1431 2020 1645 2050 cmlsequantur,
1669 2018 1749 2046 modo

969 2053 971 2055 ’
1002 2069 1010 2086 ι
1035 2059 1112 2088 alter
1129 2059 1257 2094 inculpati
1272 2059 1336 2087 sint.
1347 2069 1357 2087 ι

999 2104 1050 2138 Qui
1078 2112 1140 2132 eum
1169 2106 1314 2134 tormentis
1350 2106 1441 2133 cibum
1473 2105 1554 2135 idolis
1579 2107 1748 2136 immolatum

964 2151 1086 2185 recipere
1102 2150 1188 2178 coacti
1204 2156 1277 2182 sunt,
1295 2151 1368 2182 istis,
1391 2151 1437 2186 qui
1455 2159 1503 2179 eos
1527 2157 1637 2187 cogunt,
1663 2153 1691 2181 in
1717 2162 1748 2183 os

965 2203 1060 2223 eorum
1088 2195 1153 2223 illud
1182 2195 1314 2223 violenter
1339 2196 1535 2231 injicientibus;
1566 2198 1692 2229 similiter
1721 2205 1749 2228 et

963 2242 986 2268 si
1013 2241 1077 2268 thus
1100 2240 1195 2268 eodem
1223 2241 1303 2270 modo
1322 2241 1349 2268 in
1370 2248 1468 2270 manus
1484 2249 1548 2270 suas
1564 2243 1705 2278 recipiant,
1722 2250 1750 2277 et

966 2286 1031 2317 illud
1053 2294 1100 2320 per
1113 2287 1166 2316 vim
1182 2286 1208 2313 iu
1224 2287 1359 2322 tripodem
1382 2287 1493 2322 injicere
1514 2290 1647 2323 compulsi
1673 2291 1751 2326 sint;

966 2331 1013 2359 sed
1029 2331 1194 2360 conﬁtentur
1208 2332 1321 2359 omnino
1332 2340 1363 2360 se
1378 2340 1439 2361 esse
1450 2333 1632 2367 Christianos,
1647 2340 1674 2363 et
1688 2343 1751 2364 cum

966 2377 1019 2407 hoc
1047 2377 1200 2411 contigerit.
1229 2377 1329 2406 luctum
1358 2380 1431 2407 omni
1457 2380 1589 2410 modestia
1606 2385 1632 2409 et
1655 2382 1751 2413 habitu

965 2427 993 2449 et
1009 2422 1070 2449 vita:
1086 2423 1237 2450 humilitate
1254 2424 1412 2457 ostendunt,
1438 2425 1476 2457 hi,
1490 2429 1520 2453 ut
1534 2427 1580 2461 qui
1597 2431 1659 2454 sunt
1674 2435 1750 2455 extra

967 2472 1119 2502 peccaturo,
1149 2475 1164 2495 a
1189 2469 1379 2499 camruunione
1404 2478 1439 2499 ne
1463 2477 1618 2505 arceantur,
1649 2473 1696 2501 sed
1721 2473 1750 2504 in

967 2513 1078 2547 proprio
1104 2513 1207 2541 honore
1239 2519 1377 2545 maneant.
1427 2515 1454 2543 Si
1484 2522 1574 2544 autem
1602 2517 1670 2544 tales
1695 2517 1752 2548 sint

967 2559 1028 2586 laici
1043 2564 1070 2586 et
1084 2559 1263 2588 ordinationis
1278 2566 1418 2596 compotes
1432 2569 1494 2589 esse
1508 2562 1632 2596 cupiunt,
1654 2568 1752 2589 conse-

967 2608 1097 2640 quantur,
1111 2605 1135 2634 si
1152 2606 1308 2640 praecedens
1320 2614 1414 2635 eorum
1427 2608 1482 2635 vita
1498 2608 1635 2642 inculpata
1651 2607 1749 2636 fuerit:

966 2658 999 2677 ex
1020 2657 1052 2677 eo
1072 2650 1207 2686 ejusmodi
1224 2651 1336 2682 honoris
1364 2652 1507 2688 participes
1524 2647 1586 2680 esse
1607 2659 1642 2679 ne
1655 2652 1750 2686 probi-2

969 2695 1094 2725 beautur.

1265 2782 1381 2811 CANON
1406 2783 1451 2810 IV.

971 2842 980 2859 ι
999 2832 1036 2860 De
1051 2832 1096 2864 iis,
1111 2832 1157 2867 qui
1175 2831 1199 2857 vi
1218 2830 1419 2863 sacriﬁcarunt,
1443 2833 1471 2858 et
1487 2833 1616 2864 praeterea
1630 2829 1664 2858 ad
1681 2829 1753 2860 idola

1007 2888 1016 2904 ι
1040 2878 1134 2913 pransi
1157 2881 1233 2910 sunt,
1258 2876 1415 2912 quicunque
1438 2876 1548 2905 abducti
1571 2875 1701 2912 quidem.
1725 2880 1754 2909 et
