1942 3095
121 195 188 228 H37

695 197 735 227 IN
749 197 833 228 CAN.
853 196 892 228 IV
904 195 1008 226 CONC.
1026 196 1160 228 ANCYR.

1668 196 1695 228 Η
1701 198 1736 229 38

116 254 326 290 ὑποδεξαμένων
347 255 380 282 τὰ
397 255 498 291 βέϐηλα
518 255 603 289 δῶρα,
624 257 672 284 καὶ
697 255 780 290 μηδὲν
802 255 832 287 ἐξ
860 256 891 282 ot-

952 255 1135 290 deliquerunt,
1154 258 1181 282 et
1195 262 1301 285 eorum,
1321 254 1367 289 qui
1383 253 1485 288 aliquid
1495 252 1608 288 impium
1623 253 1648 282 vi
1665 254 1737 283 fece-

115 303 191 328 κείου
206 300 310 335 φάκτου
337 302 518 335 ἐπταικότων,
535 301 582 329 καὶ
596 302 649 328 τῶν
670 302 723 328 ἀπὸ
738 302 798 336 βίας
815 302 899 336 ἔργα.

116 347 241 381 σαμένων
258 347 355 378 ἀσεϐές
368 357 404 378 τι,
420 348 488 382 ὅπερ
505 347 564 373 ἐστὶ
583 346 613 373 τὸ
639 347 786 373 ἀναπεσεῖν
800 348 840 377 εἰς
853 347 898 373 τὸν

113 392 232 420 δεῖπνον.
247 393 401 420 Κάντεῦθεν
415 393 513 419 ἐκεῖνοι
535 393 596 428 μὲν,
623 393 660 424 ὡς
682 392 719 427 μὴ
749 392 899 426 διαπραξά-

116 441 191 472 μενοι
204 447 232 464 τι
245 438 330 464 κακὸν
346 438 433 473 (παρὰ
449 439 535 466 ἄλλων
552 439 606 473 γὰρ
618 439 659 469 εἰς
670 437 701 464 τὸ
716 437 803 472 στόμα
822 438 838 473 ἢ
857 438 897 468 εἷς

113 483 162 514 τὰς
180 484 273 519 χεῖρας
286 483 375 510 αὐτῶν
403 484 534 518 ὲνεὸλήθη
568 484 599 510 τι
621 483 818 518 είδωλόθυτον),
846 483 897 510 οὐκ

113 530 296 564 ἐπιτιμῶνται
306 538 313 546 ·
333 526 405 556 οὗτοι
420 530 447 556 δὲ
461 550 468 562 ,
479 530 517 561 ὡς
532 529 661 557 ἀσέϐειαν
678 529 897 565 πλημμελήσαν-

111 582 157 605 τες
175 574 245 608 μετὰ
275 574 376 601 οικεξου
408 574 524 608 φάκτον,
552 574 673 609 δηλονότι
700 575 894 607 ἁναπεσόντες,

111 619 306 654 ἐπιτιμῶνται.
321 619 416 647 Ταῦτα
434 620 461 647 δὲ
480 621 629 647 ὲθὲσπισαν
657 620 811 651 ἀκολούθως
840 621 897 651 τοῖς

111 664 164 690 ὑπὸ
175 665 257 698 νόμον
273 665 446 700 διορισοείσι.
461 667 530 700 Φησὶ
552 666 606 701 γὰρ
623 667 651 692 ὲν
668 665 764 701 βιϐλίῳ
791 666 896 700 δεκάτῳ

110 710 165 736 τῶν
183 711 331 737 Βισιλικῶν
347 711 429 746 τίτλῳ
446 712 537 745 nihil);
548 712 578 738 τὸ
594 712 643 746 μὲν
655 712 726 739 κατὰ
738 713 798 747 βίαν
815 713 896 746 ἀφαιι-

112 755 191 789 ρεθὲν
211 756 265 782 ἀπό
280 765 352 787 τινος
367 757 441 791 μένει
462 757 542 783 πάλιν
557 756 772 791 τῆςδεπποτείας
780 758 893 796 [τούτου.

110 801 159 826 καὶ
171 801 300 827 οὐδέποτε
321 802 386 836 παρ’
403 802 566 836 οίουδήτινος
582 802 746 834 δεσπόζεται
763 803 832 829 κατὰ
849 803 895 829 τὸν

109 847 193 879 νόμον
205 846 251 871 τὶν
266 845 378 879 λέγοντα
390 853 396 860 ·
412 847 451 872 Τὰ
469 846 603 881 φούρτιὸα
630 847 678 873 καὶ
702 846 737 873 τὰ
762 837 895 881 βιπόσεσα

109 891 237 918 οὐδέποτε
249 892 614 928 οὺσουκαπιτεύονται,ήτοι
645 893 676 919 οὗ
706 893 892 925 δεσπόζονται.

110 937 147 964 Τὸ
161 937 189 964 δὲ
207 938 277 964 κατὰ
291 938 373 973 φόϐον
391 938 468 965 δοθὲν
480 939 548 974 πρός
567 947 627 965 τινα
659 939 735 974 παρά
749 948 832 972 τινος,
850 940 896 966 οὐ·

111 983 338 1010 σουκαπιτεύεται
352 984 427 1018 παρὰ
439 983 484 1010 τοῦ
514 984 582 1020 καλῇ
600 984 690 1010 πίστει
713 984 828 1018 νομέως,
843 984 894 1011 κᾶν

109 1028 210 1056 ﬁmo/rt
224 1030 262 1064 τῷ
277 1030 350 1066 (post?
367 1031 413 1056 καὶ
429 1030 491 1065 βίᾳο
514 1030 646 1065 μετετέθη
666 1030 720 1065 γὰρ
741 1030 819 1057 τοῦτο
849 1031 894 1058 διὰ

108 1075 210 1101 οἰκείου
240 1076 344 1109 φάχτου
372 1076 419 1102 τοῦ
450 1076 566 1111 ἀληθοῦς
590 1076 732 1103 δεσπότου.
765 1076 892 1109 Εὑλόγως

108 1120 223 1147 τείν)νὸ
240 1121 322 1155 μηδὲν
344 1122 496 1157 ἐνεργήσας
516 1121 613 1152 ἀσεϐὲς
643 1121 694 1148 οὐκ
721 1121 892 1156 ἐπιτιμᾶται,

108 1165 204 1200 ὥσπερ
223 1167 441 1201 συγγινώσκεται
457 1167 503 1195 καὶ
522 1169 536 1194 ὁ
556 1168 627 1195 κατὰ
646 1168 707 1203 βίαν
732 1168 893 1202 ἀφαιρεθεὶς

107 1211 138 1237 τὸ
159 1213 269 1244 οἰκεῖον,
300 1213 346 1239 καὶ
376 1213 551 1240 ἀνακαλεῖται
581 1213 648 1240 αὐτὸ
664 1214 744 1249 μέχρι
767 1222 895 1248 τριακον-

107 1259 236 1290 ταετίας·
257 1259 271 1285 ό
288 1259 315 1285 δὲ
348 1259 536 1294 ἐργασάμενός
554 1267 581 1285 τι
605 1259 715 1292 ἀσεϐὲς,
733 1259 771 1289 ὡς
793 1260 807 1286 ὁ
825 1260 893 1286 ἀνα-

108 1303 199 1330 πεσὼν
216 1305 287 1331 κατὰ
303 1304 364 1340 βίαν
378 1305 425 1332 ἐπ).
434 1305 480 1332 τὸν
497 1305 611 1340 βέϐηλον
629 1305 748 1337 δεῖπνον,
763 1305 893 1340 ἐπιτιμᾶ-

951 305 1032 333 ι-ιιιιι;
1048 300 1202 334 cuiusmodi
1219 300 1344 328 videlicet
1359 304 1399 328 εει
1414 299 1448 326 ad
1465 299 1607 334 prandium
1624 307 1735 328 accum-

949 345 1023 372 bere.
1065 345 1140 373 Unde
1158 346 1194 373 illi
1212 346 1332 381 quidem,
1350 350 1379 373 ut
1393 345 1438 381 qui
1457 345 1521 372 mali
1539 345 1604 373 nihil
1622 345 1735 376 fecerint

949 391 994 426 (ah
1008 391 1067 418 aliis
1082 392 1153 418 enim
1167 392 1193 418 in
1212 399 1242 419 os
1258 392 1300 419 vel
1318 391 1343 418 in
1362 399 1460 419 manus
1471 391 1593 426 ipsorum
1603 391 1734 426 injectum

948 440 989 464 est
1005 437 1209 473 idolothytum),
1219 445 1272 465 non
1291 437 1460 472 puniuntur;
1479 437 1506 464 hi
1520 441 1624 470 autent,
1641 443 1670 465 ut
1686 438 1732 473 qui

948 482 1059 517 proprio
1073 482 1144 510 facto
1160 490 1299 518 peccatum
1315 483 1494 515 admiserunt,
1522 483 1650 510 nimirum
1666 483 1735 518 lapsi

949 533 1024 558 sunt.
1052 528 1213 562 puniuntur.
1257 527 1320 555 Haec
1344 531 1433 555 autem
1463 532 1665 562 consequenter
1691 529 1734 559 iis.

949 580 1010 607 qum
1037 581 1052 600 a
1078 573 1184 609 legibus
1203 577 1302 601 statuta
1329 578 1393 601 sunt
1417 573 1592 602 deﬁnierunt.
1632 574 1736 602 Dicitur

947 620 1020 647 enim
1044 620 1071 646 in
1094 619 1141 646 lib.
1168 627 1181 646 κ
1211 619 1294 647 Basil.
1319 623 1362 646 ιιι.
1381 619 1414 651 l,
1441 619 1514 654 quod
1539 619 1582 652 id,
1608 620 1681 654 quod
1701 621 1735 647 ab

946 665 1039 700 aliquo
1055 665 1165 700 quidem
1182 664 1205 691 vi
1222 665 1341 692 ablatum
1368 669 1418 696 est,
1445 672 1542 692 rursus
1563 670 1653 692 manet
1675 665 1734 700 ejus

947 711 1071 744 dominii,
1099 718 1148 738 nec
1176 710 1257 737 ullius
1276 717 1396 744 unquam
1425 710 1546 737 dominio
1562 714 1680 743 tenetur,
1704 715 1734 738 ut

946 757 1003 784 vult
1019 760 1061 784 lex
1079 765 1138 792 qua:
1151 756 1233 784 dicit:
1251 756 1361 783 Furtiva
1374 761 1400 783 et
1415 756 1438 782 vi
1456 763 1581 791 possessa
1595 763 1731 790 nunquam

947 811 997 829 usu
1009 803 1166 837 capiuntur,
1181 803 1238 830 sive
1248 801 1370 830 dominio
1385 805 1530 830 tenentur:
1547 801 1621 836 quod
1641 806 1731 828 autem

946 848 1027 876 alicui
1051 848 1087 876 ab
1113 848 1205 883 aliquo
1229 852 1303 875 metu
1329 847 1421 875 datum
1446 852 1499 881 est,
1528 855 1542 875 a
1569 847 1647 875 bonas
1671 847 1732 874 ﬁdei

946 900 1106 928 possessore
1123 901 1174 921 usu
1190 893 1307 926 capitur,
1332 892 1440 920 etiamsi
1459 893 1541 920 metui
1567 899 1675 927 quoque
1690 894 1732 921 vis

945 939 1025 967 insit:
1043 938 1099 966 veri
1114 939 1186 966 enim
1201 939 1303 966 domini
1318 939 1430 974 proprio
1444 939 1517 967 facto
1534 939 1664 967 translata
1678 944 1731 967 est.

944 984 1009 1012 Jure
1027 992 1101 1019 ergo,
1128 984 1175 1018 qui
1194 984 1261 1011 nihil
1286 984 1398 1018 impium
1424 984 1498 1016 fecit,
1526 992 1581 1012 non
1599 985 1731 1019 punitur;

944 1029 1172 1065 quemadmodum
1185 1030 1245 1056 etei
1258 1029 1419 1064 ignoscitur,
1433 1028 1475 1056 cui
1487 1029 1513 1056 vi
1524 1036 1602 1057 sumn
1613 1029 1732 1056 ablatum

944 1080 996 1107 est.
1024 1076 1046 1103 si
1069 1075 1096 1103 id
1119 1075 1153 1102 ad
1170 1076 1281 1110 triginta
1298 1082 1386 1103 annos
1405 1082 1490 1110 usque
1516 1079 1636 1102 revocat.
1680 1074 1732 1109 Qui

944 1125 1035 1148 autem
1045 1121 1145 1155 aliquid
1154 1121 1265 1154 impium
1278 1120 1351 1153 fecit,
1364 1124 1393 1147 ut
1402 1121 1446 1155 qni
1456 1121 1483 1147 in
1496 1120 1611 1155 profano
1618 1120 1732 1155 prandio

944 1167 969 1194 vi
985 1166 1124 1199 accubuit,
1140 1167 1269 1202 punitur;
1297 1165 1527 1200 quemadmodum
1545 1166 1569 1194 ei
1587 1173 1641 1193 non
1656 1166 1731 1200 igno-
1758 1174 1762 1176 ·

943 1214 1040 1245 scitur,
1068 1213 1114 1247 qul
1134 1212 1241 1247 propria
1258 1220 1351 1242 manu,
1379 1212 1452 1247 quod
1478 1219 1557 1239 suum
1574 1217 1626 1244 est,
1648 1212 1731 1243 alicui

944 1262 1017 1286 metu
1035 1257 1157 1286 tradidit.
1190 1257 1255 1287 Post
1271 1257 1431 1286 decennium
1447 1258 1520 1285 enim
1538 1257 1657 1292 perdidit
1671 1257 1732 1292 eius

942 1304 1107 1332 dominium.

107 1357 162 1379 ται.
184 1350 275 1382 καθὼς
299 1351 329 1377 οὐ
362 1351 578 1384 συγγινώσκεται
592 1351 639 1377 καὶ
667 1351 681 1377 ό
707 1350 780 1378 κατὰ
806 1350 887 1385 φόδον
897 1349 1083 1386 οίκειοχείρως
1106 1350 1244 1390 παραδοὺς
1279 1349 1348 1385 πρός
1368 1355 1428 1376 τινα
1454 1348 1484 1374 τδ
1509 1348 1618 1376 οἰκεῖον.
1651 1348 1730 1377 Μετὰ

107 1397 161 1431 γὰρ
177 1396 318 1423 δεκαετίαν
332 1397 463 1424 ἀπόλλυσι
487 1397 536 1433 τὴν
551 1397 711 1426 δεσποτείαν
737 1397 832 1426 αὑτοῦ.

143 1443 266 1470 ΖΩΝΑΡ.
286 1443 374 1477 Ὅσοι,
391 1445 474 1479 φησιν
490 1446 503 1470 ὁ
519 1444 621 1477 κανὼν,
653 1445 809 1479 βιασθέντες
829 1446 889 1473 ἐθυ-

108 1497 168 1518 σαν.
182 1489 198 1523 ἢ
213 1490 258 1515 καὶ
274 1491 303 1516 ὲν
323 1491 380 1521 τοῖς
397 1490 516 1521 εἰδώλοις
535 1491 696 1526 ἐδείπνησαν
708 1493 889 1527 μετασχόντες

107 1534 162 1559 τῶν
174 1534 373 1568 εἰδωλοθύτων,
383 1535 486 1562 τούτων
496 1536 546 1570 τὴν
563 1536 682 1562 διάθεσιν
698 1536 751 1572 χρὴ
765 1538 889 1571 σκοπεῖν,

107 1580 155 1605 καὶ
175 1580 360 1615 πρὸςέκείνην
379 1581 482 1607 τυποῦν
505 1582 598 1612 αὐτοῖς
620 1581 666 1608 καὶ
688 1582 724 1608 τὰ
752 1582 888 1617 ἐπιτίμια,

976 1443 1102 1472 ZONAR.
1146 1443 1310 1478 Quicunque
1337 1441 1425 1470 coacti
1463 1441 1742 1475 immolaverepvcl.

940 1490 1024 1518 etiam
1043 1490 1070 1517 in
1087 1489 1167 1518 idolis
1185 1490 1380 1517 accumbentes
1405 1489 1554 1524 idolothyta
1571 1492 1728 1524 gustarunt.

939 1543 1045 1569 eorum,
1074 1535 1162 1571 inquit
1181 1543 1280 1569 canon,
1308 1535 1392 1562 animi
1422 1534 1592 1562 ali'cctionem
1617 1534 1727 1565 intueri.

942 1589 1045 1617 proque
1079 1581 1151 1609 illius
1182 1582 1290 1609 ratione
1325 1581 1460 1617 supplicia
1497 1581 1595 1609 iisdem
1631 1581 1739 1611 luenda~

109 1624 140 1650 Et
160 1625 209 1658 μὲν
219 1625 273 1660 γὰρ
285 1625 454 1661 ἀπαγόμενοι
471 1625 539 1660 πρὸς
554 1625 584 1653 τὸ
607 1625 686 1654 θῦσαι
703 1626 888 1663 ἢτδειπνῆσαι,

109 1670 152 1683 .,_,
177 1670 266 1683 _,,:,._
281 1671 392 1683 .-__._.__
412 1671 596 1683 1--._,_....____
642 1672 685 1683 νη.
713 1674 790 1683 μιαί
819 1673 828 1683 ς

943 1628 1077 1658 moderari
1088 1632 1206 1666 oportet.
1230 1627 1347 1661 Etenim,
1360 1628 1382 1657 si
1394 1628 1458 1657 dum
1470 1628 1503 1656 ad
1516 1626 1726 1656 sacriﬁcandum

107 1670 155 1695 καὶ
176 1670 268 1704 σχῆμα
280 1671 392 1705 φαιδρὸν
411 1671 611 1704 ἐπεδείκνυντο,
640 1672 689 1699 καὶ
711 1674 803 1708 ἐσθῆτι
819 1673 888 1710 λαμ-

107 1717 164 1750 πιᾷ
183 1717 340 1752 ἐκόσμησαν
356 1718 480 1749 ἑαυτοὺς,
493 1719 539 1745 καὶ
559 1718 614 1745 τῶν
625 1718 808 1746 εἰδωλοθύτων
823 1729 889 1755 μετ-

108 1761 188 1795 έσχον
209 1762 380 1796 ἀδιαφόρως,
407 1764 530 1790 τουτέστι
554 1764 593 1798 μὴ
622 1764 816 1800 διαφερόμενοι
841 1766 889 1793 καὶ

105 1808 265 1842 δακνόμενοι
278 1808 315 1840 ὡς
331 1809 525 1844 μιμιασμένων
549 1810 704 1844 γευόμενοι,
716 1811 775 1837 ἀλλ’
802 1811 890 1846 ἐμφο-

108 1852 236 1887 ρούμενοι
254 1853 368 1886 τούτων,
395 1855 433 1885 ὡς
463 1855 488 1880 εί
517 1853 588 1890 ἦσαν
614 1855 750 1890 ἀμίαντα”
777 1856 890 1889 τούτους

107 1897 232 1924 ἐνιαυτὸν
256 1897 307 1933 μὲν
331 1899 484 1934 ἀκροᾶσθαι
506 1900 624 1933 κελεύει,
652 1902 682 1927 ὲν
711 1900 750 1936 τῷ
773 1901 891 1937 νάρθηκι

108 1945 281 1979 ἱσταμένους,
304 1946 351 1971 καὶ
371 1945 519 1978 ἀκούοντας
541 1946 595 1973 τῶν
616 1947 743 1982 ΓραφιῖΝ,
771 1947 835 1982 τρία
863 1948 891 1975 δὲ

105 1989 154 2025 ἔτη
170 1990 333 2017 ὑποπίπτειν
347 1991 406 2026 ἦτοι
418 1991 530 2018 δπισθεν
543 1991 590 2018 τοῦ
607 1991 732 2027 ἄμϐωνος
750 1992 890 2025 ἵστασθαι,

107 2036 155 2062 καὶ
171 2037 239 2071 μετὰ.
251 2036 304 2062 τῶν
325 2038 537 2071 κατηχουμένων
551 2037 661 2069 ἐξιέναι,
677 2037 760 2073 εὐχῆς
783 2038 812 2065 δὲ
840 2039 890 2073 μό-

104 2089 155 2115 νης
177 2081 341 2116 κοινωνῆσαι
357 2082 404 2116 ἐτη
419 2081 476 2114 δύο,
492 2083 561 2117 ὅπερ
577 2083 635 2109 ἐστὶ
647 2083 680 2109 τὸ
690 2083 771 2118 μέχρι
796 2083 890 2116 τέλους

107 2127 282 2154 συνίστασθαι
312 2129 359 2154 καὶ
390 2128 569 2163 συνεύχεσθαι
597 2131 653 2161 τοῖς
697 2130 816 2162 πιστοῖς.
842 2131 889 2157 καὶ

108 2174 177 2208 μετὰ
187 2174 272 2201 ταῦτα
288 2174 376 2201 ἐλθεῖν
390 2175 436 2202 ἐπὶ
449 2175 480 2202 τὸ
490 2175 604 2208 τέλειον,
623 2176 692 2209 ὅπερ
710 2175 785 2202 ἐστὶν
801 2176 817 2211 ή
833 2175 888 2203 τῶν

105 2219 284 2252 ἅγιασμάτων
303 2220 462 2255 μετάληψις.

939 1676 1139 1712 epulandumve
1153 1676 1365 1707 abducerentur,
1381 1680 1408 1703 et
1424 1675 1516 1702 habitu
1530 1674 1608 1701 hilari
1634 1674 1725 1708 splen-

939 1723 1098 1759 didioreque
1117 1724 1232 1752 vestium
1249 1727 1346 1750 ornatu
1358 1722 1446 1750 induti
1464 1722 1619 1753 incessere;
1632 1724 1660 1748 et
1674 1719 1726 1747 im-

939 1769 1101 1798 molator-um
1117 1769 1220 1805 absque
1239 1769 1395 1798 discrlmine
1408 1767 1553 1804 participes
1571 1766 1657 1798 fuere,
1674 1765 1726 1793 hoc

939 1819 981 1843 est
995 1815 1106 1850 perinde
1123 1816 1201 1850 quasi
1224 1815 1293 1843 nihil
1308 1815 1343 1843 ab
1358 1814 1419 1844 aliis
1441 1814 1564 1842 ciborum
1579 1812 1735 1848 generibus.

940 1860 1091 1893 diﬁ'errent,
1110 1861 1146 1888 ita
1162 1866 1193 1888 ut
1207 1861 1286 1892 nihil,
1313 1860 1387 1896 quod
1415 1860 1525 1895 pollutis
1538 1861 1733 1888 vescerentur,

941 1905 1082 1938 dolerent;
1095 1913 1189 1933 verum
1199 1906 1234 1934 iis
1244 1912 1316 1936 sese,
1333 1905 1409 1940 quasi
1424 1911 1478 1932 non
1492 1903 1613 1938 pollutis,
1623 1902 1725 1931 aitatim

941 1951 1161 1987 ingurgitarent:
1193 1958 1241 1979 eos
1265 1950 1348 1979 unius
1370 1950 1434 1978 anni
1462 1949 1551 1984 spatio
1575 1949 1671 1975 audire
1698 1947 1730 1975 in.

941 1998 1073 2025 narthece
1086 2002 1201 2029 stantes,
1225 2003 1421 2031 sacrarumque
1435 1995 1639 2030 Scripturarum
1657 1993 1727 2022 reci-

942 2043 1039 2071 tationi
1056 2048 1192 2077 attentos,
1219 2043 1340 2071 triennio
1356 2049 1420 2070 vero
1438 2040 1589 2073 substerni,
1616 2039 1668 2066 hoc
1683 2042 1726 2065 est

941 2093 1003 2122 post
1026 2088 1169 2116 ambonem
1193 2088 1357 2120 consistere,
1383 2092 1410 2115 et
1433 2094 1494 2114 cum
1522 2083 1725 2112 cateclmmeris

938 2134 1048 2168 egredi,
1074 2133 1183 2162 biennio
1200 2141 1264 2161 vero
1281 2132 1428 2169 precationi
1444 2130 1632 2159 tantummodo
1649 2135 1724 2157 com-

939 2179 1088 2212 municare,
1118 2180 1169 2207 hoc
1191 2185 1246 2211 esl,
1270 2179 1304 2207 ad
1321 2179 1401 2206 ﬁnem
1419 2185 1506 2213 usque
1519 2183 1582 2205 cum
1597 2175 1722 2203 ﬁdelibus

937 2225 1081 2258 interesse,
1109 2230 1137 2254 et
1151 2233 1213 2254 cum
1236 2226 1270 2254 iis
1286 2233 1340 2253 una
1357 2223 1505 2260 precationi
1520 2230 1615 2250 vacare
1628 2222 1722 2257 jubet;

105 2269 186 2298 atque
203 2265 237 2292 ita
255 2265 362 2291 demum
380 2272 471 2300 postea
486 2267 518 2294 ad
535 2267 562 2295 id
578 2268 649 2303 quod
663 2268 813 2303 perfectum
835 2274 890 2304 est,
919 2277 1076 2301 sanctorum
1105 2273 1231 2300 videlicet
1269 2272 1461 2308 mysteriorum
1507 2270 1723 2306 perceptionem.

104 2309 249 2336 accedendi
266 2314 424 2342 potestatem
441 2312 515 2340 facit.

104 2356 214 2384 ΔΡΙΣΤ.
234 2357 328 2383 (Ὅσοι
346 2358 515 2392 ἀπαγόμενοι
534 2361 602 2393 μετὰ
619 2361 752 2397 θυμηδία;
770 2362 885 2397 ἀνῆλθον

943 2364 1050 2392 AltlST.
1068 2374 1077 2390 ι
1089 2364 1226 2399 Quotquot
1241 2363 1350 2392 abducti
1363 2363 1524 2391 cumlzetitia
1539 2361 1722 2391 ascenderunt

143 2412 154 2428 ‹
174 2403 221 2428 καὶ
237 2403 349 2436 ἔφαγον,
363 2403 409 2428 ἐπὶ
423 2403 545 2436 ἑξαετίαν
558 2405 793 2433 ὑποπιπτέτωσαν.
803 2416 812 2433 ι

144 2448 222 2474 Ὅσοι
240 2447 319 2474 θῦσαι
333 2448 511 2484 ὲδιάσθησαν,
529 2450 545 2484 ἢ
571 2451 618 2477 καὶ
630 2450 774 2486 δειπνῆσαι
799 2453 828 2479 ὲν
846 2453 885 2488 τῷ

103 2493 244 2528 είδωλείῳ,
257 2493 305 2520 ἐὰν
320 2494 392 2528 μετὰ
404 2495 483 2521 τοῦτο
503 2495 663 2528 ὑπείξαντες
679 2497 749 2532 μετὰ
779 2499 886 2534 σχήμα-

103 2547 149 2570 τος
166 2538 346 2574 φαιδροτέρου
362 2540 490 2574 ἀνῆλθον,
506 2542 553 2568 καὶ
567 2542 660 2576 ἐσθῆτι
673 2544 826 2578 ἐχρήσαντο
838 2553 885 2571 πο-

102 2585 292 2620 λυτελεστέρα,
309 2585 356 2612 καὶ
376 2586 424 2612 τοῦ
442 2586 551 2614 δείπνου
566 2589 707 2623 μετέσχον,
731 2590 747 2625 ἦ
771 2590 818 2616 καὶ
833 2590 885 2626 τὴν

101 2628 199 2655 θυσίαν
225 2631 409 2665 προσέφερον·
430 2629 502 2659 οὗτοι
527 2633 574 2659 ἐπὶ
598 2635 721 2661 ἐνιαυτὸν
743 2637 813 2670 μετὰ
829 2636 884 2663 τῶν

101 2673 284 2709 ἀκροωμένων
300 2676 492 2711 ταχθήσονται,
523 2678 568 2704 ἐπὶ
587 2678 616 2705 δὲ
629 2679 690 2713 τρία
706 2679 752 2714 ἔτη
783 2681 885 2707 ὑποπε-

102 2718 221 2751 σοῦνται,
235 2721 280 2746 καὶ
293 2721 334 2755 ἐφ’
349 2721 431 2756 ἕτερα
448 2722 494 2748 δύο
508 2722 555 2757 ἐτη
569 2724 638 2758 μετὰ
653 2725 707 2751 τῶν
720 2725 823 2752 πιστῶν
834 2725 884 2761 τὴν

102 2763 234 2791 σύστασιν
252 2765 383 2800 δέξονται,
400 2768 448 2794 καὶ
464 2768 551 2802 μόνων
564 2769 618 2795 τῶν
641 2769 729 2805 εὐχῶν
756 2772 885 2805 κοινωνή-

100 2818 193 2836 σουσι·
217 2812 286 2845 μετὰ
308 2812 336 2838 δὲ
352 2812 406 2848 σὴν
428 2813 554 2846 ἑξαετίαν
578 2815 679 2850 ταύτην
701 2816 752 2850 τῆς
782 2816 883 2843 τελειό-

99 2864 181 2890 τητος
201 2855 315 2891 τύχωσι,
339 2859 385 2885 καὶ
413 2859 467 2886 τῶν
492 2859 573 2887 θείων
598 2861 780 2896 ἁγιασμάτων
800 2861 881 2895 μετά-

99 2909 198 2937 quasi.

977 2421 986 2437 ι
1009 2416 1035 2438 et
1050 2411 1238 2444 comederunt,
1254 2418 1302 2438 sex
1317 2418 1403 2438 annos
1418 2418 1447 2439 se
1459 2411 1631 2438 submittant.
1647 2419 1658 2436 ι

973 2456 1134 2491 Quicunque
1159 2456 1315 2484 sacriﬁcare
1334 2456 1376 2484 vel
1399 2457 1425 2484 in
1441 2456 1503 2483 idoli
1521 2456 1621 2491 templo
1639 2463 1722 2488 pram

938 2501 1002 2529 dere
1017 2502 1103 2528 coacti
1121 2505 1202 2534 sunt,
1228 2502 1250 2529 si
1269 2505 1364 2535 postea
1379 2503 1506 2530 cedentes
1521 2501 1613 2528 habitu
1628 2499 1722 2534 splen-

937 2546 1037 2573 didiori
1051 2546 1221 2579 incedebant,
1238 2551 1285 2574 aut
1296 2548 1399 2574 amictu
1416 2547 1562 2574 utebantur
1576 2549 1719 2578 smnptuo-

936 2593 1012 2624 siori,
1030 2598 1056 2620 et
1071 2592 1178 2627 prandii
1198 2597 1301 2628 partem
1316 2592 1496 2627 accipiebant,
1511 2594 1537 2618 et
1554 2588 1718 2616 sacriﬁcium

937 2639 1095 2671 oﬂcrebant.
1112 2640 1138 2667 hi
1153 2647 1208 2667 uno
1222 2647 1295 2667 anno
1309 2639 1379 2667 inter
1395 2639 1538 2666 audientes
1550 2635 1720 2664 constituen-

936 2689 988 2716 tur.
1005 2689 1060 2713 tres
1075 2689 1164 2712 autem
1181 2692 1267 2713 annos
1283 2685 1501 2715 substernentur,
1523 2687 1551 2709 et
1564 2682 1634 2709 duos
1648 2681 1718 2709 alios

935 2738 1023 2758 annos
1039 2738 1091 2758 una
1105 2738 1167 2758 cum
1179 2730 1304 2757 ﬁdelibus
1319 2728 1444 2756 collocati
1459 2732 1550 2760 erunt,
1563 2731 1590 2755 et
1605 2734 1717 2761 precum

931 2777 1055 2804 mlarum
1083 2780 1163 2804 erunt
1179 2775 1343 2810 participes:
1369 2777 1431 2809 post
1454 2780 1502 2801 sex
1530 2776 1621 2800 autem
1646 2773 1716 2800 istos

935 2828 1021 2849 annos
1045 2820 1218 2856 perfectionis
1241 2823 1381 2853 compotes
1406 2818 1480 2853 ﬁent,
1508 2822 1535 2847 et
1560 2818 1716 2847 divinorum

934 2871 1166 2894 sacramentorum
1182 2865 1340 2900 participes.
