1942 3095
130 140 199 175 1145

165 255 173 271 ι
192 246 325 278 πεσόντας
336 248 462 282 δεχθῆναι
475 257 482 264 ·
491 248 522 275 τὸ
530 250 568 281 δὲ,
581 251 605 276 εί
623 250 677 286 χρὴ
692 251 761 285 μετὰ
774 252 823 285 τῆς
835 260 916 285 προσ-

163 300 172 316 t
193 293 288 326 φορᾶς,
301 292 417 320 ἕκαστον
436 294 490 320 τῶν
504 295 660 322 ἐπισκόπων
675 297 733 323 ἐστὶ
754 297 784 322 τὺ
802 297 916 332 δοκιμά-

161 344 170 360 ι
190 345 245 369 σαι,
261 338 364 365 καὶτὸν
379 339 458 366 ἄλλον
474 340 531 375 βίον
557 342 600 375 ἐφ’
620 342 735 369 ἑκάστου
751 342 884 375 ἐξετάσαι.
902 353 911 370 ι

159 422 257 450 ΒΔΛΣ.
274 425 353 456 Τινὲς
379 427 470 453 πιστοὶ
485 428 643 463 εὖρεθέντες
673 430 702 456 ὲν
719 428 822 465 χώραις
834 430 913 457 ἀλλο-

129 469 214 495 εθνῶν
227 471 297 497 κατά
311 480 371 498 τινα
387 472 481 506 καιρὸν
509 473 606 508 ἑορτῆς
621 473 731 509 ὲθνικῆς
761 475 913 509 συνέφαγον

128 515 233 547 τούτοις
248 517 277 543 ὲν
294 518 370 552 τόπῳ
386 519 438 544 τινὶ
456 519 640 554 ἀφωρισμένῳ
657 521 697 551 εἰς
730 520 809 546 τοῦτο
837 521 912 548 αὐτὸ.

129 557 191 586 Ὀτι
205 561 232 586 δὲ
246 561 297 587 οὐκ
313 559 383 596 ἦσαν
398 561 432 588 τὰ
456 561 589 598 βρώματα
618 564 672 591 ἀπὺ
705 564 832 596 ἐθνικῶν,
856 566 912 592 ἀλλ’

127 605 226 638 eluta,
256 605 352 640 ἤθελον
381 607 583 643 συντηρηθῆναι
619 609 818 637 ἁκαταιτίατοι.
845 611 912 637 Φασὶ

126 651 192 683 γοῦν
204 652 228 676 οἱ
244 651 366 686 Πατέρες
393 652 480 684 timet
507 654 554 680 καὶ
591 655 629 690 μὴ
653 655 840 690 ἐμολύνθησαν
868 656 913 682 διὰ

128 696 282 730 βρωμάτων
301 699 443 731 μυσαρῶν.
468 699 526 726 ἀλλ’
543 700 605 726 ἐπεὶ
633 701 815 728 συνανέπεσον
842 702 912 736 μετὰ

127 743 261 776 ἀπ’στων,
279 743 327 770 καὶ
344 744 386 771 διὰ
407 745 502 779 κοινῆς
520 745 660 780 τραπέζης
677 747 911 782 συνεκοινώνησαν

127 788 222 823 ὥσπερ
263 789 358 820 αὐτοῖς
386 790 575 825 ἑορτάζουσιν,
612 791 911 827 ὲπιτιμηθήσονταιείς

129 834 288 861 ὑπόπτωσιν
304 834 349 861 ἐπὶ
365 834 484 863 διετίαν·
498 835 546 862 καλ¹
557 836 626 870 μετὰ
640 836 719 863 τοῦτο
731 838 909 872 δεχθήσονται

710 149 751 179 ΙΝ
771 147 853 180 CAN.
875 150 932 181 VIl
947 149 1053 181 CONC.
1069 146 1204 180 ANCYR.

168 210 176 226 ι
197 202 388 236 κομισαμένων
403 203 418 238 ἢ
433 203 477 230 καὶ
489 205 631 238 φαγόντων
644 203 715 238 51525:
728 206 829 233 διετίαν
846 205 913 233 ὕπο-
927 214 949 237 Α

1685 138 1756 173 1146

1001 215 1010 234 ι
1029 207 1180 234 attulerunt
1191 204 1232 232 vel
1241 202 1428 234 comederunt,
1444 199 1554 236 plaCult,
1566 206 1628 227 cum
1642 199 1755 227 biennio

1006 262 1016 280 ‹
1036 251 1169 280 ἑιιῐιδῑηηί
1198 249 1309 281 fuerint,
1331 255 1393 276 esse
1411 246 1611 282 recipiendos:
1635 252 1669 272 an
1686 250 1752 271 cum

1006 309 1016 326 ι
1033 299 1171 327 oblatiOne
1197 296 1318 330 recipere
1338 296 1473 329 oporteat,
1496 296 1538 319 est
1555 291 1749 326 episcoporum

1004 354 1014 371 ι
1034 344 1199 374 examinare,
1212 346 1239 369 ct
1248 341 1327 368 aliam
1339 340 1423 367 vitam
1439 339 1466 366 in
1478 344 1643 372 unoquoque
1658 336 1735 370 inqui

1005 401 1014 417 ι
1031 398 1103 418 rere.
1125 399 1134 416 ι

1000 434 1097 464 BALS.
1111 435 1226 469 Quidam
1243 433 1345 464 ﬁdeles,
1359 432 1385 459 in
1400 431 1550 458 alienarum
1570 429 1691 464 gentium
1709 435 1747 454 re'

964 480 1091 516 gionibus
1118 479 1238 510 inventi,
1265 476 1381 512 quodam
1404 480 1527 508 tempore
1553 472 1614 500 festi
1652 470 1754 498 ethnici

964 533 1025 554 cum
1042 526 1081 553 eis
1102 526 1130 552 in
1151 525 1211 551 loco
1233 523 1324 557 aliquo
1341 521 1374 548 ad
1392 520 1444 547 hoc
1459 520 1547 554 ipsum
1563 518 1692 551 deputato
1708 523 1754 543 ro-

964 572 1116 599 mederuut.
1142 569 1211 602 Quia
1234 572 1324 595 autem
1349 574 1401 594 non
1424 569 1503 593 erant
1520 563 1662 597 gentilium
1682 561 1747 590 eihi.

963 619 1010 646 sed
1028 618 1080 648 sui.
1100 624 1129 644 se
1148 615 1181 642 ab
1197 614 1270 642 omni
1287 611 1501 647 reprehensione
1515 609 1621 636 alienos
1638 614 1752 634 conscr-

963 664 1018 692 vari
1040 663 1177 691 volebant.
1196 651 1294 687 Dicunt
1311 666 1375 692 ergo
1388 657 1493 687 Patres.
1506 655 1589 690 quod,
1606 655 1656 681 etsi
1672 660 1752 679 exse—

961 708 1110 736 crabilibus
1120 707 1188 734 cibis
1204 713 1257 732 nou
1268 707 1332 731 sunt
1347 701 1495 737 inquinati,
1512 701 1575 735 quia
1588 704 1752 726 tamencum

963 753 1116 782 inﬁdelibus
1128 751 1327 780 accubuerunt,
1342 752 1370 775 et
1383 755 1430 782 per
1442 752 1616 773 communem
1630 751 1751 770 mensam

960 806 1021 826 cum
1032 798 1084 825 illis
1093 797 1190 824 festum
1204 794 1347 830 agentibus
1357 792 1606 822 cntnmuuicarunt,
1620 797 1665 824 per
1677 789 1756 816 bien-

962 844 1037 872 nium
1066 842 1253 871 substratioue
1274 841 1422 875 punientur
1446 848 1453 866 :
1481 842 1508 865 et
1532 841 1627 872 postea
1652 843 1752 863 secun-

128 880 198 906 κατὰ
211 881 372 915 δοκιμασίαν
395 882 442 908 τοῦ
474 882 637 916 ἐπισκόπου,
663 883 719 909 εἴτε
770 885 809 915 είς
829 884 913 919 μόνην

972 890 1029 916 lum
1040 889 1161 924 episcopi
1174 888 1417 919 examinationem,
1427 885 1468 913 vel
1483 885 1515 911 ad
1531 884 1616 911 solam
1631 889 1754 910 commu-

128 926 284 958 κοινωνίαν,
312 928 367 954 εἴτε
387 928 439 955 καὶ
450 929 491 959 εἰς
517 929 599 962 ἁγίαν
626 929 790 964 μετάληψιν.
814 930 846 956 Τί
872 931 912 962 δὲ,

128 972 176 998 ἐὰν
197 972 317 1007 μὴκατὰ
337 973 383 999 τὸν
399 974 565 1008 ᾆορτάσιμον
592 976 700 1010 καιρὸν,
721 975 821 1002 ἀλλ’ὲν
833 975 915 1011 ἑτέρᾳ

126 1018 220 1054 ἡμέρᾳ
238 1019 285 1045 καὶ
302 1020 329 1045 ὲν
345 1017 431 1054 ἑτέρῳ
444 1019 519 1054 τόπῳ
535 1020 685 1054 συνέφαγον
699 1021 769 1055 μετὰ
780 1021 835 1047 τῶν
851 1023 915 1048 ἀπι-

128 1070 210 1095 στων,
228 1064 421 1097 ὰνεπιτίμητοι
436 1064 558 1098 ἐσονται;
580 1066 684 1098 Λύσις.
699 1067 842 1101 Οὐδαμῶς.
859 1068 915 1094 Καὶ

127 1109 199 1135 υῦτω
212 1109 267 1144 γὰρ
279 1110 535 1145 ὲπιτιμηθήσονται.
550 1111 582 1137 Et
602 1111 652 1145 μὲν
666 1112 719 1146 γὰρ
739 1112 769 1144 ἐξ
792 1113 915 1147 ἀνάγκης

128 1155 280 1188 συνέφαγον
292 1154 361 1189 μετὰ
371 1154 423 1181 τῶν
440 1156 576 1188 ἀπίστων,
589 1156 626 1187 ὡς
643 1157 812 1191 πρεσϐευταὶ
825 1159 909 1192 τυχὶν

127 1200 488 1235 δντεςῆαίχμάλωτοι,διὰ
514 1201 626 1236 μετρίου
657 1203 804 1237 φαρμάκου
835 1203 914 1238 θερα-

127 1247 313 1281 πευοήσονται
325 1254 332 1262 ’
346 1247 370 1273 εἰ
386 1247 413 1273 δὲ
429 1247 482 1274 ἀπο
497 1248 733 1283 καταφρονήσεως
767 1249 814 1276 καὶ
840 1250 915 1276 ἀδια-

128 1294 238 1328 φορῖας,
252 1293 384 1325 πλειόνως
407 1294 654 1328 ἐπιτιμηθήσονται
674 1303 681 1310 ·
708 1295 778 1330 πλὴν
803 1295 833 1323 οὐ
854 1297 913 1323 κατ’

128 1338 248 1370 ἐκείνους
259 1339 321 1370 τοὺς
332 1339 463 1371 δόξαντας
474 1339 664 1374 συνεορτάζειν
675 1342 744 1374 μετὰ
773 1341 829 1368 τῶν
851 1341 916 1368 ἀπί-

129 1393 209 1411 στων.
227 1385 333 1419 Ὠσπερ
349 1385 429 1411 πάλιν
440 1385 573 1412 ἐπέκεινα
589 1387 636 1413 καὶ
659 1387 762 1413 τούτων
791 1396 915 1423 τιμωρη-

128 1430 304 1464 θήσονται,οῐ
332 1431 369 1465 μὴ
398 1431 531 1464 φαγόντες
560 1432 648 1458 οἰκεῖα
675 1432 819 1468 βρώματα,
846 1434 914 1461 ἀλλὰ

127 1476 160 1502 τὰ
174 1477 222 1510 τῆς
235 1476 346 1511 ἐθνικῆς
366 1477 473 1512 ἑορτῆς.
487 1477 581 1505 Ταῦτα
596 1478 624 1504 δὲ
637 1480 725 1505 πάντα
741 1481 780 1511 εἰς
800 1480 850 1515 τὴν
866 1480 914 1507 τοῦ

127 1523 278 1549 ἐπισκόπου
331 1523 469 1557 διάκρισιν
508 1524 713 1560 ἀνηρτήθησαν.
757 1526 914 1561 Σημείωσαι

131 1568 230 1600 ταῦτα,
245 1568 330 1595 πολλὰ
347 1569 532 1603 χρησιμεῦσαί
554 1578 594 1596 σοι
611 1570 754 1604 ὀφείλοντα
785 1573 827 1603 εἰς
846 1573 909 1604 τοὺς

129 1614 199 1647 μετά
229 1613 284 1640 τῶν
317 1614 477 1649 ’Λγαρηνῶν
489 1616 696 1649 συμφαγὸντας,
713 1616 730 1651 ἢ
746 1616 834 1645 ἄλλων
843 1617 914 1645 ἐθνι-

128 1658 192 1685 κῶν.
219 1658 249 1685 Ol
283 1659 392 1694 Ἴϐηρες
407 1658 434 1685 δὲ
450 1659 596 1695 ἀδιάφορον
630 1658 758 1693 λέγουσιν
787 1659 858 1688 εἶναι
884 1661 915 1687 τὺ

128 1705 198 1739 μετὰ
219 1705 273 1732 τῶν
298 1705 447 1739 ὸρθοδόξων
487 1706 535 1732 καὶ
565 1706 713 1742 αίρετικῶν
736 1707 849 1734 ἐσθίειν·
868 1706 916 1735 καὶ

127 1753 186 1783 πῶς
202 1751 281 1778 τοῦτο
305 1751 410 1785 γίνεται
433 1752 533 1786 ἀγνοῶ.

160 1844 282 1871 ΖΩΝᾹΡ.
296 1844 328 1870 Et
338 1843 367 1869 δέ
380 1851 450 1875 τινες
463 1844 491 1870 ἐν
501 1843 580 1878 ἑορτῇ
591 1843 686 1879 ἐθνικῇ
700 1844 916 1879 συνεστιάοησαν

130 1890 258 1921 ἑθνικοῖς,
272 1890 301 1916 ἐν
313 1889 437 1920 ἀπίστοις
448 1889 476 1915 ὲν
492 1890 566 1924 τόπῳ
577 1889 762 1924 ἀφωρισμένῳ
772 1892 829 1921 τοῖς
847 1891 917 1916 EGV:-

129 1936 198 1968 κοῖς,
214 1936 243 1962 ὲν
254 1935 380 1970 είδωλείῳ
394 1934 504 1969 τυχδνῆ
532 1934 604 1970 ἄλλῳ
639 1934 714 1969 τόπῳ
743 1935 783 1967 είς
805 1936 916 1967 τελετὰς

130 1980 222 2013 αὐτοῖς
249 1980 416 2015 τελουμένας
450 1980 597 2015 ἀνειμένῳ,
629 1980 681 2006 κᾶν
707 1980 760 2006 ἴδια
785 1979 916 2016 βρώματα

130 2024 265 2061 ἐκόμισαν
279 2026 326 2053 καὶ
337 2025 439 2059 ἔφαγον
472 2026 496 2052 οἱ
525 2025 674 2058 πιστοὶ,δι’
686 2025 751 2052 αὐτὸ
772 2026 864 2061 μέντοι
886 2026 917 2053 τὸ

131 2072 341 2106 συνεστιαθῆναι
353 2072 409 2101 τοῖς
425 2069 554 2102 ἐθνικαῖς,
567 2069 614 2096 καὶ
633 2069 704 2096 οὕτω
716 2069 791 2103 δόξαι
806 2078 916 2104 συνεορ-

130 2119 213 2145 τάσαι
236 2118 339 2148 αὐτοῖς.
363 2116 436 2147 ἔδοξε
459 2117 492 2151 τῇ
517 2115 618 2150 συνόδῳ
639 2115 742 2142 διετίαν
770 2116 918 2143 ὑποπεσεῖν

131 2164 239 2195 αὐτοὺς,
254 2163 388 2194 τουτέστι,
407 2162 476 2197 μετὰ
487 2162 541 2189 τῶν
557 2161 771 2196 κατηχουμένων
791 2162 918 2189 ἵστασθαι

965 935 1073 962 nionem
1090 934 1130 961 vel
1148 933 1179 960 ad
1197 936 1319 961 sanetam
1338 932 1420 959 etiam
1440 929 1674 965 participationem
1684 927 1754 954 reci-

966 981 1083 1016 plentur.
1101 979 1171 1013 Quid
1190 984 1292 1010 autem,
1314 978 1336 1005 si
1367 985 1421 1004 non
1434 977 1460 1003 in
1479 980 1601 1010 tempore
1618 974 1691 1006 festi,
1706 972 1753 1001 Sed

965 1026 993 1053 in
1020 1026 1074 1053 alio
1104 1026 1146 1052 die
1169 1029 1197 1052 et
1222 1024 1249 1050 in
1267 1024 1320 1051 alio
1342 1024 1415 1055 loco,
1439 1029 1501 1049 cum
1526 1021 1681 1048 inﬁdelibus
1708 1027 1753 1046 co-

965 1072 1126 1103 mederunt,
1159 1070 1281 1104 nunquid
1310 1076 1396 1104 paenae,
1429 1075 1484 1095 non
1514 1072 1596 1094 erunt
1620 1064 1753 1093 obnoxii?

966 1116 1081 1145 Solatia.
1111 1115 1300 1150 Nequaquam.
1330 1112 1397 1140 Nam
1427 1113 1466 1140 sic
1495 1118 1605 1146 quoque
1637 1110 1753 1144 punien-

965 1168 1020 1190 tur.
1036 1162 1064 1190 Si
1079 1163 1150 1189 enim
1166 1169 1198 1188 ex
1219 1160 1382 1187 necessitate
1394 1166 1454 1186 eum
1480 1156 1636 1184 inﬁdelibus
1661 1163 1754 1182 come—

965 1209 1073 1239 derunt.
1088 1214 1116 1235 ut
1137 1207 1182 1240 qui
1210 1210 1264 1233 snit
1288 1205 1403 1232 fortasse
1418 1204 1498 1239 legati
1512 1203 1553 1230 vel
1573 1202 1682 1235 captivi,
1699 1207 1754 1227 tue-

965 1253 1049 1281 diecri
1075 1254 1273 1279 medicamento
1299 1250 1470 1278 curabuntur
1494 1257 1501 1275 :
1534 1249 1576 1275 sin
1604 1253 1694 1273 autem
1720 1253 1754 1272 ex

966 1304 1123 1333 contemptu
1150 1298 1190 1325 vel
1206 1296 1402 1327 iudiﬁ‘ereutia,
1420 1295 1505 1329 magis
1527 1294 1689 1328 punientur;
1707 1291 1754 1318 sed

966 1353 1020 1372 nou
1036 1350 1064 1372 ut
1078 1345 1129 1375 illi,
1145 1343 1191 1378 qui
1208 1350 1269 1370 cum
1286 1343 1326 1369 eis
1340 1341 1438 1369 festum
1452 1340 1590 1367 celebrare
1608 1338 1656 1364 visi
1674 1340 1752 1364 sunt.

966 1389 1200 1423 Quemadmodum
1217 1393 1243 1415 et
1256 1388 1344 1422 magis
1362 1393 1441 1421 quam
1461 1385 1499 1412 illi
1515 1384 1664 1420 punientur
1684 1389 1754 1416 quo-

938 1456 944 1467 ,-
966 1444 1019 1472 que
1035 1436 1053 1463 ii
1068 1436 1119 1476 ιιιιί
1138 1443 1191 1462 non
1215 1442 1290 1467 suos,
1306 1434 1353 1461 sed
1374 1432 1434 1460 festi
1450 1431 1552 1459 ethnici
1569 1430 1647 1457 cibos
1662 1435 1755 1455 come-

966 1483 1074 1510 derunt.
1092 1481 1153 1509 llzec
1170 1486 1260 1509 autem
1281 1480 1371 1507 omnia
1390 1476 1622 1513 episcopijudicio
1634 1480 1698 1502 sunt
1711 1481 1756 1501 rc-

966 1528 1124 1564 liuquenda.
1147 1527 1216 1554 Nota
1237 1527 1304 1558 haec,
1321 1533 1382 1561 quae
1401 1524 1450 1551 tibi
1473 1523 1551 1550 valde
1567 1522 1642 1548 utilia
1661 1520 1753 1547 futura

965 1579 1029 1602 sunt
1056 1572 1188 1600 adversus
1205 1579 1252 1599 eos
1266 1571 1313 1606 qui
1335 1578 1388 1597 una
1407 1578 1469 1596 cum
1495 1567 1647 1595 Saracenis
1666 1573 1759 1592 come--

966 1620 1046 1652 dunt,
1065 1619 1105 1646 vel
1123 1626 1186 1645 cum
1203 1618 1265 1644 aliis
1281 1616 1440 1652 gentilibus.
1457 1615 1552 1642 lberes
1580 1617 1670 1639 autem
1685 1611 1752 1638 nihil

967 1666 1071 1694 referre
1082 1666 1186 1697 dicunt,
1205 1673 1238 1691 an
1252 1671 1314 1691 cum
1329 1663 1501 1694 orthodosis,
1520 1669 1554 1687 an
1569 1668 1630 1688 cum
1647 1657 1754 1686 ltutrcti-

969 1713 1008 1741 cis
1022 1712 1180 1740 comedatur
1193 1720 1199 1738 :
1217 1715 1244 1738 et
1257 1709 1395 1745 quomodo
1415 1709 1468 1736 hoc
1485 1708 1532 1735 ﬁat
1547 1707 1650 1734 nescio.

1002 1841 1129 1870 ZONAR.
1154 1841 1182 1870 Si
1200 1842 1246 1877 qui
1273 1848 1337 1869 vero
1359 1840 1450 1875 aliquo
1466 1847 1499 1867 ex
1524 1839 1557 1866 iis
1577 1838 1684 1869 diebus,
1706 1835 1752 1871 qui

966 1890 1141 1916 ethnicorum
1167 1887 1368 1915 consuetudine
1388 1887 1514 1914 solennes
1535 1884 1682 1914 habentur,
1706 1883 1756 1909 de.

969 1936 1044 1962 ﬁnito
1071 1933 1143 1969 apud
1171 1934 1245 1967 ipsos
1270 1933 1342 1965 loco,
1363 1936 1456 1966 utpote
1475 1931 1501 1957 in
1522 1929 1606 1956 idolio
1620 1928 1692 1955 forte
1709 1931 1757 1954 aut

966 1981 1019 2008 alio
1034 1981 1059 2007 iu
1070 1980 1120 2007 hos
1132 1979 1323 2007 celebritatum
1335 1985 1402 2005 usus
1411 1975 1532 2008 addicto,
1550 1973 1675 2002 convivia
1691 1980 1754 2000 cum

967 2024 1085 2052 ethnicis
1101 2023 1238 2056 obierint;
1255 2022 1382 2057 quamvis
1403 2019 1530 2056 proprios
1546 2017 1634 2049 cibos,
1653 2016 1754 2049 quibus

969 2070 1021 2105 ipsi
1045 2074 1221 2097 vescerentur
1240 2068 1325 2100 domi,
1348 2067 1443 2094 lideles
1466 2064 1618 2096 attulerint,
1642 2063 1677 2090 ob
1703 2062 1757 2089 hoc

970 2117 1072 2151 ipsum.
1087 2115 1159 2151 quod
1175 2123 1238 2143 cum
1254 2114 1371 2142 ethnicis
1387 2112 1487 2148 epulati
1507 2111 1573 2142 sint,
1586 2106 1760 2145 speciemque

973 2162 1086 2197 proinde
1096 2169 1157 2189 cum
1173 2161 1214 2189 eis
1225 2160 1323 2188 festum
1337 2160 1407 2187 diem
1423 2157 1622 2186 celebrantium
1634 2155 1759 2190 praebue-

131 2211 179 2237 καὶ
194 2213 241 2236 σὺν
258 2210 350 2240 αὐτοῖς
378 2209 492 2241 ἐξιέναι,
529 2209 576 2235 καὶ
593 2208 663 2242 μετὰ
686 2208 737 2243 τὴν
756 2207 857 2234 διετίαν
877 2207 915 2234 δε-

973 2211 1038 2241 rint,
1051 2209 1160 2236 biennio
1177 2208 1324 2239 substerni,
1336 2207 1388 2234 hoc
1399 2211 1452 2238 est,
1469 2209 1544 2233 stare
1557 2211 1619 2231 cum
1632 2202 1761 2229 catechu.

132 2255 242 2290 χθῆναι.
255 2253 350 2286 Ὅπως
370 2254 397 2280 δὲ
418 2255 471 2289 χρὴ
492 2254 607 2281 ἕκαστον
623 2253 711 2280 αὐτῶν
726 2253 854 2288 δεχθῆναι
867 2254 922 2280 εἴτε

132 2301 178 2327 καὶ
186 2301 225 2332 εἰς
239 2300 390 2335 μετάληψιν
403 2301 455 2327 τῶν
467 2300 656 2334 ἁγιασμάτων,
667 2299 721 2326 εἴτε
729 2300 769 2331 εἰς
779 2299 863 2334 μόνην
872 2299 921 2335 τὴν

132 2346 202 2380 μετὰ
227 2345 279 2371 τῶν
303 2345 406 2371 πιστῶν
433 2345 574 2378 σύστασιν,
601 2344 656 2371 τῶν
671 2344 830 2371 ἐπισκόπων
848 2345 917 2376 ἐστὶ,

131 2391 208 2425 φασὶ,
218 2391 377 2426 δοκιμάσαι,
385 2391 432 2417 καὶ
443 2391 487 2416 τὺν
498 2391 576 2419 ἀλλον
584 2391 640 2425 βίον
649 2390 764 2417 ἑκάστου
778 2390 916 2423 ἐξετάσαι.

977 2255 1065 2283 menis
1088 2258 1116 2282 et
1142 2262 1204 2282 cum
1227 2253 1323 2281 iisdem
1347 2252 1453 2287 egredi,
1479 2251 1637 2283 bieunoque
1661 2252 1760 2274 exacto

977 2308 1086 2329 rursum
1107 2300 1225 2333 admitti,
1247 2299 1380 2336 synodica
1402 2297 1600 2325 constitutione
1618 2296 1759 2322 decretum

971 2351 1024 2374 est.
1050 2346 1087 2374 Do
1114 2346 1231 2381 singulis
1253 2353 1333 2381 porro
1348 2345 1414 2380 quid
1427 2343 1602 2371 statuendum
1626 2361 1633 2373 ,
1659 2349 1694 2367 an
1721 2339 1754 2365 ad

972 2394 1203 2422 sanctiﬁcatorum
1216 2392 1470 2427 perceptionetn,an
1482 2397 1545 2416 vero
1556 2389 1588 2415 ad
1602 2388 1686 2416 solam
1699 2392 1760 2413 cum

118 2438 256 2477 ‘lidelihus
275 2437 491 2464 communionem
515 2437 620 2464 admitti
643 2440 776 2472 oporteat,
800 2437 990 2472 episcoporum
1020 2439 1137 2474 judicio,
1166 2447 1182 2467 a
1203 2438 1301 2474 quibus
1319 2438 1423 2472 reliqua
1437 2436 1520 2464 etiam
1548 2433 1762 2467 uniuscujuqu

132 2488 185 2514 vita
202 2485 382 2517 (-xatniuetur,
400 2485 506 2512 deliniri
525 2485 624 2519 placet.

131 2531 240 2560 ΑΡΙΣΤ.
257 2543 265 2558 ι
285 2532 347 2558 Ἐάν
363 2538 414 2562 τις,
431 2530 486 2557 trita.
499 2529 632 2565 βρώματα
648 2529 728 2566 ἔχων,
739 2530 914 2565 συνειστιάθη

165 2589 174 2605 ι
194 2580 250 2610 τοῖς
281 2577 386 2604 ἔθνεσιν
406 2578 434 2604 ὲν
461 2576 521 2607 ταῖς
542 2577 650 2612 ἑορταῖς
683 2577 784 2610 αὐτῶν,
813 2577 915 2604 διετίαν

173 2633 182 2650 ι
205 2623 393 2650 ὑποπιπτέτω.
413 2630 422 2647 ›
711 2625 714 2628 ’

164 2669 198 2696 El'
208 2678 250 2700 τις
262 2671 290 2694 ἐν
312 2668 372 2699 ταῖς
388 2668 496 2703 ἑορταῖς
513 2666 568 2693 τῶν
599 2666 683 2694 ἐθνῶν
708 2667 769 2698 ταῖς
794 2667 822 2693 ὲν
840 2667 917 2701 ἀφωσ

134 2716 255 2752 ρισμένῳ
270 2715 324 2741 τινὶ
347 2714 420 2747 τόπῳ
449 2713 607 2748 γινομέναις
635 2712 760 2747 συνῆλθε,
789 2713 836 2739 καὶ
863 2713 918 2739 ῐδια

135 2760 269 2796 βρώματα
282 2761 362 2795 ἔχων,
378 2759 514 2793 συνέφαγε
539 2758 599 2793 μετ’
612 2759 713 2789 αὐτῶν,
741 2758 844 2785 διετίαν
871 2759 919 2794 μό-

134 2813 182 2841 νην
198 2806 374 2833 ὑποπιπτέτω
386 2813 393 2820 ·
411 2806 435 2831 εἰ
450 2805 478 2831 δὲ
494 2803 548 2840 χρὴ
563 2804 643 2830 αὑτὸν
660 2803 754 2830 ἔκτοτε
790 2805 846 2831 εἴτε
861 2804 917 2833 τῶν

134 2849 222 2888 έῦχῶν
238 2852 327 2889 μύλων
338 2851 407 2888 μετὰ
421 2851 476 2882 τῶν
489 2849 594 2878 πιστῶν
608 2849 789 2886 κοινωνεῖν,ῆ
804 2850 916 2878 καὶτῶν

968 2530 1081 2559 ARIST.
1106 2539 1115 2557 ι
1132 2529 1159 2558 Si
1177 2529 1238 2565 quis
1255 2529 1380 2564 proprios
1395 2526 1499 2554 habens
1521 2523 1608 2553 cibos,
1623 2529 1684 2549 cum
1698 2521 1758 2548 eth-

998 2587 1009 2604 ‹
1029 2578 1099 2605 uicis
1110 2577 1258 2604 comederit
1271 2577 1297 2603 in
1308 2581 1402 2603 eorum
1422 2571 1508 2601 festis,
1522 2568 1629 2596 biennio
1640 2567 1762 2594 subster-

1001 2633 1010 2650 ι
1034 2628 1126 2651 natur.
1144 2632 1153 2649 ι

1007 2669 1036 2696 Si
1057 2669 1119 2704 quis
1135 2668 1167 2696 ad
1184 2667 1358 2695 ethnicorum
1380 2665 1448 2692 festa
1463 2662 1565 2690 ‘selecto
1581 2661 1673 2695 aliquo
1690 2666 1760 2694 prat-

974 2721 1067 2751 pnrata
1093 2715 1152 2742 loco
1176 2713 1347 2743 convenerit,
1366 2714 1393 2737 et
1413 2708 1539 2743 proprios
1557 2707 1634 2734 cibos
1654 2706 1760 2732 habens

972 2771 1034 2791 cum
1048 2763 1088 2790 cis
1103 2760 1265 2790 comederit,
1276 2759 1468 2786 substernetur
1483 2754 1625 2781 biennium
1641 2756 1760 2779 tantum.

971 2812 1011 2836 Λιι
1025 2812 1115 2836 autem
1129 2814 1191 2834 eum
1203 2812 1236 2831 ex
1256 2811 1288 2830 (‘0
1303 2807 1424 2836 tempore
1439 2806 1550 2832 precum
1566 2799 1686 2827 solarum
1697 2803 1762 2823 cum

973 2852 1100 2881 ﬁdelibus
1127 2847 1346 2878 communionem
1379 2843 1490 2874 habere,
1525 2846 1573 2871 aut
1603 2841 1760 2870 divinorum
