1942 3095
223 108 298 141 “BL

844 108 983 140 THEOD.
1006 109 1050 139 ΠΛ
1059 107 1206 140 [Μιιοὶι

1782 103 1873 136 1352

216 170 317 198 ratoris
333 170 433 197 domini
460 169 558 197 Leonis
581 168 731 205 Sapicnlis,
748 178 808 205 qua:
833 171 899 198 dicit
914 171 997 205 quod,

1061 168 1118 200 .éto;
1135 168 1217 202 κυροῦ
1232 168 1345 199 Λέοντος
1359 166 1406 194 τοῦ
1418 164 1516 200 Σοφοὶ
1529 164 1663 198 λέγουσιν
1678 162 1728 194 ὥς,
1745 163 1777 188 εί
1808 163 1868 189 καὶ

216 217 322 244 etiamsi
351 223 383 243 ex
400 217 597 244 consuetudine
627 224 680 243 non
709 216 810 250 scripta
841 221 998 250 potestatem

216 262 334 288 habeam
349 260 366 288 ιί
393 260 439 295 qui
461 262 649 293 suntsacrati,
677 262 747 288 intra
776 262 916 289 biennium
940 266 1001 296 post

216 305 414 332 ordinationem
442 306 616 340 prmﬁnitum,
641 307 760 334 ducendi
788 315 886 334 uxores
912 307 1001 342 legiti-

217 359 275 378 mas
292 359 299 377 :
316 351 367 378 hoc
382 356 484 384 tamen,
502 357 530 380 ut
552 360 566 379 a
585 353 735 381 cauonibus
756 354 934 388 prohibitum,
952 355 1001 381 ob-

217 397 320 423 servari
340 405 394 424 non
411 398 502 426 debet.

254 441 379 470 ZONAR.
396 443 568 478 Quicunque,
592 445 655 472 dum
674 445 780 472 diaconi
799 445 1002 472 constitueren-

215 491 272 520 tur,
299 489 352 515 hoc
377 494 430 521 est,
459 498 514 524 quo
547 495 670 526 tempore
697 491 843 518 diacorratu
875 491 1000 518 initiandi

217 534 336 565 I'ucrant,
361 543 473 562 uxorem
490 536 542 563 sibi
571 538 725 564 necessario
752 537 904 564 ducendam
928 544 1000 568 esse,

217 584 267 603 nec
284 578 467 612 virginitatem
483 587 497 606 a
512 587 542 607 se
558 581 611 607 coli
628 589 719 616 posse,
743 582 846 613 testati,
874 582 924 609 hoc
950 587 1002 614 est,

217 628 324 656 aperte,
348 625 424 658 ψιτιεί
456 626 586 655 adhibitis
623 629 704 655 etiam
729 628 857 662 testibus,
884 628 1001 664 professi

217 672 291 701 sunt,
309 669 330 697 si
349 678 429 704 quam
447 671 499 698 sibi
517 673 659 700 mulierem
691 678 752 708 post
778 679 935 708 susceptum
956 681 1001 701 or-

216 716 309 743 dinem
331 717 495 745 matrimonii
507 719 570 752 jure
587 720 785 754 copulaverint,
799 728 814 748 a
833 722 999 754 ministerio,

217 761 270 787 hoc
283 765 326 788 est
352 769 367 788 a
400 763 557 796 diaconatu,
584 773 757 799 nequaquam
783 767 916 795 arcendos
942 775 1001 795 esse

218 813 305 833 canon
322 807 455 836 decernit.
476 809 589 836 Videtur
605 811 638 837 iis
650 811 783 845 siquidem
800 812 916 839 obeundi
941 817 1002 847 post

220 850 345 878 ordinem
371 858 530 887 susceptum
557 855 722 882 matrimonii
746 856 781 883 ab
804 857 933 892 episcopo
960 858 1001 884 fa-
1018 842 1038 869 Β

218 895 308 923 cultas
324 897 468 931 permissa.
484 899 511 926 Si
528 900 573 934 qui
592 907 667 933 vero,
683 900 746 928 dum
761 901 886 929 initiandi
900 902 1000 936 forent,

218 941 330 973 siluere,
345 949 433 977 eoque
449 945 562 978 proinde
585 945 693 972 silentio
717 948 907 974 castimoniam
935 956 1001 976 con-

220 986 316 1014 dixere
335 988 409 1021 (nam
436 989 480 1015 hic
493 998 601 1025 quoque
616 998 758 1019 assensum
772 993 944 1021 taciturnitas
962 994 1002 1021 iu-

220 1033 314 1068 dicat),
326 1042 382 1067 eos,
399 1036 421 1062 si
438 1043 549 1062 uxorem
566 1043 657 1071 postea
668 1038 805 1069 duxerint,
823 1047 836 1064 a
849 1040 1002 1068 ministerio

220 1085 327 1106 ct'ssare
349 1079 435 1113 jubet.
464 1080 553 1115 Atque
575 1082 632 1109 haec
647 1082 756 1116 quidem
782 1083 863 1118 hujus
890 1086 1002 1111 canonis

220 1123 332 1151 decreto
346 1125 461 1153 sancita.
480 1126 641 1154 Sanctorum
660 1135 722 1155 vero
733 1129 917 1162 apostolorum
931 1131 1002 1157 vit-e-

220 1169 291 1197 simo
307 1175 384 1197 sexto
398 1178 515 1205 canone,
535 1172 684 1200 lectoribus
699 1173 766 1201 solis
794 1180 819 1201 et
831 1175 1002 1206 cantoribus,

220 1219 365 1250 postquam
384 1217 410 1243 in
424 1217 528 1244 clerum
550 1218 611 1245 lecti
627 1218 737 1250 fuerint,
761 1220 935 1246 matrimonia
962 1221 1002 1248 in—

221 1261 262 1287 ire
278 1262 452 1296 permissum.
471 1262 503 1290 Et
516 1263 590 1290 httnc
605 1264 785 1298 apostolicum
809 1273 941 1293 canonetn
960 1275 1004 1293 se-

220 1310 284 1333 cuta
295 1311 369 1333 sexta
386 1308 517 1342 synodus,
528 1317 633 1337 canone
645 1315 732 1344 sexto,
749 1312 813 1339 nulli
835 1314 1004 1349 presbyter-0,

222 1350 339 1377 diacono
355 1357 402 1378 aut
423 1353 612 1388 hypodlacono
629 1359 689 1389 post
708 1362 866 1391 susreptum
881 1359 1002 1385 ordinem

221 1404 334 1424 uxorem
351 1397 467 1426 ducendi
483 1399 639 1428 facultatem
655 1409 715 1430 esse
727 1404 865 1437 decernit;
883 1412 914 1432 ac
939 1406 1003 1440 qui-

221 1450 331 1476 cunque
353 1445 450 1470 eanoui
482 1453 536 1472 non
560 1446 808 1483 obtemperaverint
834 1450 1004 1485 depositione

1052 216 1106 242 ἀπὸ
1125 215 1269 250 συνηθείας
1281 214 1407 249 ἀγράφου
1421 210 1492 247 εἶχον
1525 212 1617 239 ἄδειαν
1641 211 1666 236 οἱ
1692 209 1865 243 ίερωμένοι

1051 261 1126 293 ἐντος
1146 261 1247 293 διετίας
1274 260 1463 295 ψηφιζομένης
1501 257 1570 293 μετὰ
1594 256 1643 292 τὴν
1671 253 1865 306 χειροτονίαν

1051 306 1205 340 λαμόάνειν
1221 306 1354 340 νομίμους
1367 304 1511 338 γυναῖκας,
1528 301 1596 327 ἀλλὰ
1611 301 1658 327 καὶ
1689 299 1778 326 τοῦτο
1813 299 1862 328 ὡς

1052 352 1104 378 ὑπὸ
1118 352 1173 379 τῶν
1187 352 1308 378 κανόνων
1317 350 1518 384 κεκωλυμένον,
1534 349 1586 374 οὐκ
1602 346 1706 382 ὀφείλει
1717 345 1861 381 κρατεῖν.

1087 440 1210 468 ΖΩΝΑΡ.
1224 439 1310 473 Φησὶν
1330 439 1343 465 ὀ
1363 437 1454 464 κανὼν
1469 433 1556 468 οὗτος,
1579 435 1620 462 ὅτι
1654 435 1714 461 ὅσοι
1741 435 1780 460 ἐν
1814 434 1860 468 τῷ

1052 485 1236 514 καθίστασθαι
1250 487 1290 515 si;
1309 482 1458 515 διακονίαν,
1488 482 1572 517 ἡγουν
1598 481 1627 507 ὲν
1656 480 1696 514 τῷ
1732 479 1860 514 μὲκλεεν

1052 530 1512 567 χειροτονεῖσθαιδιεμαρτύραντο,
1530 527 1592 553 ἀντὶ
1620 526 1669 552 τοῦ
1701 525 1859 559 φανερῶς,

1053 574 1129 604 εἷπον
1145 576 1183 607 ὡς
1193 576 1241 602 ἐπὶ
1260 576 1396 610 μάρτυσιν
1416 573 1454 604 ὡς
1476 571 1625 605 ἀναγκαῖόν
1644 571 1720 597 ἔστιν
1751 571 1857 601 αὐτοῖς

1052 623 1093 654 εἰς
1109 622 1200 656 γάμον
1214 621 1312 651 ἐλθεῖν,
1333 619 1370 655 μή
1388 618 1552 652 δυναμένοις
1562 616 1757 651 παρθενεύειν,
1773 613 1855 642 οὗτοι

1054 668 1124 702 μετὰ
1146 668 1194 702 τὴν
1209 666 1380 702 χειροτονίαν
1396 665 1436 695 είς
1449 664 1538 697 γάμον
1551 662 1675 693 ἐλθόντες
1683 662 1855 696 μενέτωσαν

1052 714 1080 740 ὲν
1097 715 1129 749 τῇ
1148 713 1296 748 ὑπηρεσίᾳ,
1321 712 1381 746 ἦτοι
1406 712 1439 746 τῇ
1481 710 1615 743 διακονίᾳ.
1642 707 1760 734 Δοκοῦσι
1792 707 1854 740 γὰρ

1053 760 1239 795 ἐπιτραπῆναι
1255 758 1285 785 τὸ
1317 757 1385 793 μετὰ
1417 756 1467 792 τὴν
1489 754 1657 791 χειροτονίαν
1686 753 1781 780 ἐλθεῖν
1808 753 1854 784 είς

1053 806 1143 840 γάμον
1160 805 1212 832 ὑπὸ
1227 805 1275 832 τοῦ
1293 804 1497 831 ὲπισκόπου.Εί
1516 802 1544 829 δέ
1577 809 1650 831 τινες
1680 801 1852 834 σιωπήσαν-

1053 860 1099 884 τες
1110 853 1138 878 ἐν
1153 852 1193 887 τῷ
1211 851 1320 886 μέλλειν
1335 848 1561 884 χειροτονεῖσθαι,
1581 847 1628 872 καὶ
1651 845 1851 878 καταδεξάμε-

1053 908 1094 925 νοι
1120 898 1165 925 διὰ
1183 898 1232 933 τῆς
1255 897 1359 930 σιωπῆς
1383 897 1486 931 ἄγαμοι
1504 896 1595 930 μένειν
1610 903 1616 909 ·
1634 893 1779 921 κάνταῦθα
1791 892 1851 926 γὰρ

1053 946 1070 980 ἡ
1093 944 1181 980 σιωπὴ
1199 942 1398 978 συγκατάθεσιν
1416 941 1491 976 δηλοῖ
1506 949 1514 957 ⁸
1536 941 1604 974 μετᾶ
1636 940 1685 974 τὴν
1717 947 1850 974 χειροτο-

1054 991 1113 1018 νίαν
1127 991 1244 1024 ἔγημαν,
1263 988 1419 1015 πεπαῦσθαι
1431 989 1479 1022 τῆς
1490 986 1627 1016 διακονίας
1639 985 1736 1020 ὁρίζει.
1746 984 1849 1011 Ταῦτα

1056 1037 1105 1072 μὲν
1121 1036 1168 1062 τοῦ
1184 1036 1319 1070 παρόντος
1335 1034 1449 1065 κανόνος
1465 1041 1472 1048 ·
1487 1033 1501 1059 ὁ
1516 1033 1544 1059 δὲ
1561 1031 1684 1062 είκοστδς
1695 1030 1779 1061 ἕκτος
1789 1031 1848 1056 τιῖν

1055 1084 1140 1117 ἁγίων
1160 1082 1315 1109 ἀποστόλων
1333 1080 1422 1108 κανὼν
1453 1080 1543 1115 μόνοις
1575 1078 1765 1111 ἁναγνώσταις
1797 1078 1850 1104 καὶ

1055 1130 1174 1166 ψάλταις
1194 1129 1325 1158 ἐνδίδωσι,
1346 1128 1414 1162 μετά
1429 1127 1458 1153 τὸ
1472 1127 1512 1156 είς
1529 1125 1627 1158 κλῆρον
1653 1123 1848 1173 καταταγῆναι

1055 1177 1165 1210 γαμεῖν.
1181 1175 1236 1202 Καὶ
1253 1175 1267 1200 ὁ
1285 1173 1363 1205 ἕκτος
1379 1173 1427 1205 τῆς
1444 1172 1527 1204 ἕκτης
1541 1171 1649 1197 συνόδου
1681 1166 1784 1198 κανὼν,
1806 1168 1848 1204 τῷ

1056 1219 1228 1255 ἀποστολικῷ
1247 1219 1342 1247 κανόνι
1393 1217 1537 1253 ἑπόμενος,
1563 1217 1732 1252 ἀπαγορεύει
1760 1217 1847 1243 παντὶ

1056 1267 1236 1302 πρεσϐυτέρῳ
1262 1267 1308 1293 καὶ
1337 1265 1454 1298 διακόνῳ
1480 1265 1529 1290 καὶ
1564 1264 1735 1297 ὑποδιακόνῳ
1773 1263 1847 1296 μετὰ

1054 1313 1105 1347 τὴν
1121 1311 1289 1347 χειροτονίαν
1307 1311 1347 1342 είς
1360 1309 1584 1345 γάμονξρχεσθαι
1603 1317 1610 1325 ·
1640 1309 1687 1336 καὶ
1723 1309 1788 1339 τοὺς
1807 1308 1846 1342 μῆ

1054 1358 1101 1385 τὸν
1117 1358 1217 1384 κανόνα
1232 1357 1417 1390 φυλάττοντας
1433 1355 1628 1390 καθαιρεῖσθαι
1644 1353 1761 1381 κελεύει.
1786 1353 1845 1388 Πρὸ

1056 1403 1084 1431 δὲ
1104 1404 1153 1439 τῆς
1170 1401 1338 1438 χειροτονίας
1352 1402 1416 1432 τοὺς
1431 1400 1594 1435 εἰρημένους
1623 1397 1750 1429 θεσπίζει
1780 1407 1845 1424 συν-

1057 1449 1198 1476 αλλάττειν
1215 1448 1316 1482 γάμον,
1332 1447 1356 1473 εἰ
1374 1446 1521 1482 βούλοιντο.
1541 1444 1686 1471 Ἐναντίων
1706 1443 1754 1471 οὖν
1777 1453 1845 1479 προ-

223 1487 332 1514 tnultari
345 1488 431 1522 jubet.
443 1488 558 1524 Nuptias
575 1499 666 1526 p0rro,
683 1492 765 1529 38E.
778 1495 800 1522 si
820 1495 912 1525 velint,
929 1501 1004 1523 σηιελ-

1061 1495 1144 1531 tam;
1157 1493 1211 1521 τῶν
1232 1493 1354 1520 κανόνων
1385 1492 1489 1523 τούτων
1514 1491 1608 1523 ὄντων,
1637 1491 1651 1515 ὁ
1672 1490 1721 1525 τῆς
1757 1490 1844 1522 ἕκτης

222 1541 303 1567 quam
322 1534 472 1568 initientur,
491 1537 644 1565 celebrandi
659 1544 832 1572 postcstatem
849 1541 921 1568 facit.
937 1541 1004 1569 Cum

223 1579 307 1612 igitur
322 1580 372 1607 sibi
401 1581 518 1609 invicem
538 1582 565 1609 lti
591 1591 712 1611 canones
734 1585 878 1614 manifesto
907 1587 1005 1615 adver-

222 1629 329 1656 sentur,
345 1630 428 1654 sexta:
443 1628 538 1663 synodi
553 1636 639 1656 canon
668 1630 715 1664 qui
737 1635 763 1657 et
793 1633 929 1666 posterior
957 1633 1006 1660 fuit

222 1677 251 1698 et
269 1673 353 1707 magis
371 1681 432 1700 cum
449 1675 598 1708 apostolico
614 1683 720 1703 canone
738 1678 884 1710 consentit,
902 1679 1006 1706 servari

222 1717 316 1744 debet.
333 1718 386 1745 Nec
405 1720 476 1746 enim
501 1728 619 1756 unquam
646 1723 780 1750 sacerdoti
805 1728 852 1750 aut
877 1723 1005 1757 diacono,

1058 1540 1167 1566 συνόδου
1183 1540 1294 1573 κρατεῖν
1309 1537 1423 1571 ὀφείλει,
1441 1536 1478 1567 ὡς
1501 1536 1730 1571 μεταγενέστερος
1742 1535 1791 1561 καὶ
1805 1534 1844 1567 τῷ

1059 1584 1232 1619 ἀποστολικῷ
1249 1583 1403 1618 συμφωνῶν
1417 1582 1522 1609 κανόνι.
1550 1581 1588 1608 οὐ
1604 1582 1659 1616 γάρ
1674 1589 1742 1607 ποτε
1776 1588 1844 1614 πρε-

1059 1633 1218 1668 σϐύτεροςῆ
1238 1633 1370 1662 διάκονος,
1391 1630 1461 1665 μετά
1475 1630 1524 1663 τὴν
1540 1628 1707 1664 χειροτονίαν
1724 1629 1843 1661 γυναῖκα

1059 1677 1350 1714 λα6ὼν,ἒντῇοίκεὶᾳ
1375 1677 1452 1703 ἔσται
1481 1675 1619 1710 ἐπιτιμία,
1649 1675 1665 1710 ἢ
1690 1674 1843 1709 ἱερουργεῖν

1056 1724 1336 1759 παραχωρηθήσεται.

223 1764 270 1797 ηιιί
287 1771 397 1791 “mrem
420 1769 482 1799 post
501 1771 644 1801 susceptus
672 1769 783 1797 ordines
825 1769 947 1802 duxerit,
977 1774 1024 1797 aut
1054 1770 1213 1805 dignitatem
1240 1775 1317 1797 suam
1342 1766 1476 1795 retinendi
1505 1770 1551 1793 aut
1577 1773 1655 1794 sacra
1691 1765 1840 1792 ministeria

222 1811 344 1838 obeundi
361 1811 476 1839 facultas
492 1814 554 1841 erit.

224 1855 337 1883 ARIST.
353 1866 362 1882 ι
377 1857 569 1890 Quidiaconus
581 1865 622 1888 est
639 1862 817 1895 ordinandus,
835 1863 857 1891 si
873 1868 1008 1904 protesta-

262 1912 273 1927 ι
296 1907 337 1929 tus
346 1902 427 1929 fuerit
440 1905 568 1940 episcopo
578 1914 607 1933 se
620 1914 671 1934 non
690 1916 769 1942 posse
778 1902 904 1937 ctelibeui
914 1919 1004 1946 perse-

263 1956 273 1973 l
298 1956 401 1981 vorare,
420 1958 503 1977 uxore
515 1951 595 1978 ducla
611 1954 646 1979 sit
662 1954 812 1988 diaconus;
829 1956 852 1982 si
867 1964 930 1984 vero
947 1964 1006 1984 cum

267 2003 276 2019 ι
301 1995 426 2028 tacuerit,
445 2004 557 2023 ttxurent
577 2004 669 2032 postea
686 2000 804 2032 duxerit,
819 2000 954 2035 ejiciatur.
977 2012 988 2030 t

263 2039 312 2067 liic
329 2048 416 2068 canon
449 2042 544 2069 statuit
565 2051 625 2070 eum
648 2045 693 2078 qui
720 2050 784 2073 ante
804 2047 1007 2075 ordinationem

223 2085 355 2121 episeopo
373 2092 538 2120 protestatus
564 2089 624 2122 fuit,
640 2097 669 2117 se
699 2099 752 2118 non
780 2100 860 2126 posse
882 2095 1006 2121 emlibem

227 2138 318 2164 agere,
337 2132 383 2158 sed
401 2132 468 2160 vello
492 2135 660 2162 matrimonii
678 2138 897 2165 communionem
926 2139 1006 2171 inire,

228 2184 282 2203 non
299 2177 435 2210 prohiberi
450 2178 531 2205 etiam
558 2185 618 2214 post
646 2181 845 2210 ordinationem
871 2185 1009 2211 matrimo-

227 2223 302 2249 nium
320 2223 401 2255 inire,
422 2228 448 2251 el
465 2224 491 2251 in
513 2226 607 2252 eodem
625 2227 707 2254 etiam
734 2229 887 2256 ministerio
909 2234 936 2256 et.
957 2229 1007 2256 ho—

227 2275 294 2294 nore
309 2268 399 2296 adhuc
413 2277 583 2303 permanere.
610 2270 675 2298 Eum
702 2277 791 2300 autern
807 2273 853 2307 qui
880 2273 957 2300 siluit
982 2278 1009 2301 et

229 2315 255 2340 in
272 2314 445 2342 ordinatione
459 2320 488 2342 ut
505 2316 607 2344 caelebs
635 2322 767 2350 maneret,
796 2322 940 2352 susceptus
955 2323 1008 2351 est,

228 2359 402 2387 adiaconatu
432 2368 552 2394 cessare,
576 2362 598 2389 si
630 2367 722 2396 postea
751 2363 915 2390 matrimonii
950 2364 1009 2398 lege

228 2405 334 2432 mulieri
352 2405 516 2440 conjunctus
545 2407 635 2435 fuerit.
663 2408 716 2435 Sed
751 2409 814 2436 huic
837 2410 935 2436 canoni
961 2417 1010 2444 op-

227 2451 340 2485 ponitur
355 2457 448 2480 sextus
463 2458 545 2480 sexue
559 2454 656 2489 synodi
674 2461 773 2486 canon,
789 2463 840 2481 non
859 2455 971 2482 omnino
983 2455 1008 2482 ei

227 2497 274 2530 qui
291 2497 392 2525 caelebs
417 2499 450 2525 ad
466 2499 645 2534 hypodiaconi
670 2505 717 2527 aut
745 2501 852 2528 diae0ui
881 2505 927 2527 aut
951 2509 1009 2535 prc-

228 2543 330 2578 δίψιοι-ἰ
346 2544 459 2579 gradum
479 2546 563 2578 venit,
579 2546 731 2573 concedens
764 2546 939 2574 matrimonio
955 2547 1007 2574 sibi

230 2589 358 2616 feminam
369 2590 546 2625 conjungere,
557 2592 604 2619 sed
616 2599 677 2618 eum
692 2591 737 2626 qui
755 2592 806 2619 hoc
821 2599 903 2620 ausus
916 2593 1008 2625 fuerit,

229 2632 328 2668 dt‘poni
343 2636 452 2669 jubcns.
466 2635 498 2662 Et
515 2637 568 2664 vim
583 2638 680 2665 retinet
693 2638 738 2665 ille
748 2645 846 2671 canon,
861 2639 908 2666 sed
925 2639 968 2666 hic
981 2639 1009 2665 in

228 2678 435 2708 desuetudinem
452 2681 530 2711 abiit.

528 2771 642 2798 CANON
663 2771 708 2798 XI.

235 2822 244 2840 I
266 2814 421 2850 Desponsas
431 2817 491 2845 aliis
505 2817 619 2853 puellas,
635 2822 662 2846 ct
673 2818 707 2846 ab
718 2817 779 2846 aliis
797 2823 891 2854 postea
907 2821 1010 2854 raptas,

1061 1860 1174 1890 ΑΡιΣτ.
1205 1868 1215 1886 ε
1239 1861 1268 1887 ’0
1283 1859 1389 1895 μέλλων
1411 1858 1535 1889 διάκονος
1570 1857 1794 1892 χειροτονεῖσθαι,
1818 1854 1840 1880 el

1102 1916 1111 1933 ι
1131 1905 1360 1941 προεμαρτύρατο
1376 1905 1417 1940 τῷ
1427 1903 1569 1938 ὲπισκόπῳ
1585 1904 1622 1937 μὴ
1630 1902 1762 1928 δύνασθαι
1774 1911 1838 1936 καρ-

1097 1962 1107 1979 ‹
1131 1953 1219 1987 τερείν
1235 1951 1353 1986 ἄγαμον,
1375 1951 1503 1985 γαμήσας
1522 1949 1592 1975 ἔστω
1619 1947 1760 1979 διάκονος·
1775 1948 1801 1974 εἰ
1813 1948 1839 1973 δὲ

1098 2008 1108 2025 ι
1129 1998 1273 2032 σιωπήσας
1290 1997 1392 2031 ἔγημεν
1410 1996 1533 2031 ὕστερον,
1553 1993 1759 2022 ἀποσαλλέσθω.
1777 2002 1786 2019 ι

1099 2041 1184 2075 Οὗτος
1198 2044 1212 2069 ὁ
1226 2041 1316 2069 κανὼν
1335 2041 1493 2076 διαγορεύει
1507 2041 1552 2067 τὸν
1566 2040 1619 2074 πρὸ
1638 2040 1687 2073 τῆς
1721 2047 1838 2073 χειροτο-

1061 2088 1122 2119 νίας
1150 2087 1416 2122 προμαρτυράμενον
1439 2085 1477 2119 τῷ
1501 2085 1644 2117 ὲπισκόπῳ
1665 2085 1702 2119 μὴ
1713 2083 1836 2110 δύνασθαι

1062 2133 1251 2168 παρθενεύειν,
1261 2132 1318 2158 ἀλλ’
1334 2132 1375 2163 εἰς
1393 2131 1482 2165 γάμου
1514 2129 1658 2165 βούλεσθαι
1699 2129 1836 2156 κοινωνίαν

1025 2167 1046 2195 D
1062 2179 1160 2210 ἐλθεῖν,
1178 2178 1215 2213 μὴ
1235 2177 1402 2209 κωλύεσθαι,
1419 2177 1466 2202 καὶ
1479 2175 1548 2211 μετὰ
1564 2175 1615 2211 τὴν
1628 2175 1837 2210 χειροτονίανείς

1059 2226 1151 2260 γάμον
1168 2226 1310 2260 ἔρχεσθαι,
1328 2225 1374 2251 καὶ
1404 2224 1495 2259 μένειν
1511 2223 1558 2250 ἐπὶ
1586 2222 1636 2257 τῆς
1665 2222 1749 2256 αὐτῆς
1765 2220 1836 2252 αὖθις

1061 2271 1216 2307 ὑπηρεσίας
1233 2280 1262 2298 τε
1274 2271 1322 2297 καὶ
1338 2270 1434 2305 τιμῆς.
1460 2269 1513 2296 Τὸν
1527 2269 1556 2296 δὲ
1569 2268 1756 2302 σιωπήσαντα,
1793 2269 1836 2294 καὶ

1060 2316 1279 2352 καταδεξάμενον
1294 2318 1323 2343 ἰν
1338 2318 1370 2352 τῇ
1385 2315 1538 2351 χειροτονίᾳ
1550 2315 1657 2349 ἄγαμον
1682 2315 1782 2349 μένειν,
1792 2315 1836 2348 τῆς

1059 2362 1201 2394 διακονίας
1228 2362 1398 2394 πεπαῦσθαι,
1427 2361 1507 2396 εἰπερ
1534 2359 1607 2396 μετὰ
1644 2357 1729 2386 τοῦτο’
1752 2359 1834 2393 γάμου

1061 2407 1136 2443 νόμῳ
1151 2409 1261 2442 γυναικὶ
1273 2408 1409 2443 συναφθῇ.
1436 2407 1508 2442 Πλὴν
1527 2406 1566 2440 τῷ
1600 2405 1716 2440 παρόντι
1749 2405 1834 2431 κανόνι

1061 2453 1210 2480 ἀντίκειται
1228 2456 1241 2481 ὁ
1253 2453 1332 2486 ἕκτος
1348 2453 1439 2480 κανὼν
1452 2453 1515 2487 -τῆς
1548 2451 1633 2486 ἕκτης
1656 2450 1774 2480 συνόδου.
1801 2450 1833 2484 μὴ

1062 2500 1238 2534 παραχωρῶν
1257 2500 1324 2531 δῖως
1336 2500 1374 2533 τῷ
1403 2498 1561 2535 προελθόντι
1588 2498 1688 2531 ἀγάμῳ
1715 2497 1753 2527 εἰς
1773 2496 1833 2521 ὑπο-

1060 2546 1350 2581 διακόνουῆδιακόνου
1374 2545 1390 2581 ἣ
1429 2544 1617 2579 πρεσὸυτέρου
1644 2542 1747 2577 βαθμὸν
1773 2542 1833 2576 μετά

1061 2592 1112 2627 τὴν
1127 2592 1296 2627 χειροτονίαν
1312 2592 1431 2626 γαμικὸν
1454 2589 1544 2623 ἑαυτῷ
1570 2589 1697 2622 αυνιστᾷν
1720 2587 1833 2613 συνοικέ-

1065 2645 1137 2669 σιον,
1153 2637 1221 2663 ἀλλὰ
1234 2637 1279 2662 τὸν
1289 2636 1369 2662 τοῦτο
1383 2635 1557 2669 τολμήσαντα
1578 2634 1688 2667 ποιῆσαι
1703 2631 1833 2659 διαταττό-

1063 2690 1144 2717 μενος
1161 2681 1361 2716 καθαιρεῖσθαι.
1385 2681 1439 2707 Καὶ
1464 2680 1562 2715 κρατεῐ
1585 2679 1600 2705 ό
1622 2677 1712 2705 κανὼν
1727 2677 1833 2710 ἐκεῖνος,

1061 2728 1110 2754 καὶ
1133 2726 1210 2758 οὗτος
1226 2728 1344 2762 ἤργησε.

1361 2769 1480 2798 ΚΑΝΩΝ
1497 2768 1548 2796 IA’.

1067 2827 1076 2844 ι
1095 2818 1149 2849 Τὰς
1163 2817 1377 2854 μνησιευθείσας
1394 2819 1490 2854 κόρας,
1503 2817 1550 2845 καὶ
1579 2815 1648 2853 μετὰ
1669 2813 1759 2842 ταῦτα
1786 2813 1833 2842 ὑπὸ
