1942 3095
111 225 120 242 ι
142 214 229 243 ἀλλων
253 214 443 250 ἀρπαγεῐσας,
482 214 572 248 ἔδοξεν
601 216 776 243 ἀποδίδοσθαι
807 217 864 248 τοῖς
879 222 903 249 Α

107 270 117 288 ι
136 261 456 298 προμνηστευσαμένοις,
471 262 496 289 ει
527 262 575 290 καὶ
616 263 676 298 βίαν
707 263 754 290 ὑπ’
771 263 863 291 αὐτῶν

111 318 120 335 ι
139 308 264 336 πάθοιεν.
291 318 301 337 ι

110 355 206 382 ΒΑΛΣ.
223 356 292 391 Περὶ
308 356 361 383 τῶν
375 355 555 391 ἁρπαζόντων
568 357 653 391 κόρας
684 355 862 392 οιασδήτινας

74 401 106 428 τὰ
120 402 213 430 εἰκότα
224 403 357 438 διελήφοη
376 403 404 428 ὲν
417 402 455 438 τῷ
472 401 494 428 λ’
525 411 588 437 κεφ.
605 403 654 430 τοῦ
671 401 694 429 θ’
714 402 805 429 τίτλον
813 403 860 430 τοῦ

74 447 205 482 παρόντος
223 448 426 482 συντάγματος,
449 448 497 475 καὶ
510 449 649 483 ἀνάγνωθι
660 449 740 475 τοῦτο
753 456 758 464 ’
770 448 862 476 ὡσαύ-

72 501 124 524 τως
136 493 271 528 ἀνάγνωθι
285 494 332 520 καὶ
344 494 392 520 τὸν
406 494 449 529 ιιβι
462 495 561 521 κανόνα
572 495 621 530 τῆς
637 494 666 521 ἐν
680 496 719 529 τῷ
732 495 861 531 Τρούλλῳ

74 539 189 571 συνόδου,
234 539 283 566 καὶ
311 539 357 566 τὸν
372 539 414 575 νη’
426 541 486 567 ὅλον
517 540 606 567 τίτλον
627 540 675 567 τοῦ
702 539 722 572 ξ’
746 540 860 576 βιϐλίον.

32 594 34 598 λ
80 585 198 612 ’Δκούων
229 585 257 612 δὲ
288 586 336 612 τοῦ
355 587 469 619 κανόνος
481 587 609 621 λέγοντος
622 587 799 615 ἀποδίδοσθαι
812 589 862 620 τὰς

72 631 245 666 ἁρπαγεισας
261 631 318 663 τοῖς
335 633 601 668 μνηστευσαμένοιςο
619 633 657 669 μὴ
674 633 755 670 εἴπῃς
770 634 859 669 ἀναγ-

70 677 200 709 κάζεσθαι
234 678 347 710 τούτους
361 678 464 711 ταύτας
486 679 590 711 λαϐεῖν,
609 679 677 706 ἀλλὰ
701 679 789 706 θέλειν
814 680 863 706 καὶ

73 719 163 758 ζητεῖν
173 723 274 754 αὐτοὺς
290 723 387 755 αὐτάς.
399 724 489 751 Τοῦτο
501 725 558 758 γὰρ
574 724 621 750 καὶ
634 725 682 750 ἐπὶ
695 724 862 759 μοιχαλίδων

69 769 205 802 γυναικῶν
222 771 330 806 εἴρηται
343 770 372 796 ὲν
385 770 489 805 βιὸλίον
505 774 549 806 κη’
560 770 650 797 τίτλον
669 770 692 803 ζ’
709 771 807 805 κεφαλ.
823 770 860 804 α’,

68 814 138 850 ὅπερ
153 815 214 842 ἐστὶ
230 816 326 851 Νιαρὰ
345 816 561 848 Ἰονστινιάνειος
581 817 641 852 ριζ’.
668 817 700 843 Εἰ
726 817 755 843 δὲ
772 817 861 848 θέλεις

69 862 155 888 εἰπεῖν
169 862 217 889 καὶ
227 863 343 894 ἄκοντας
361 862 510 897 λαμϐάνειν
523 862 611 894 αὐτὰς
637 862 702 894 τοὺς
738 862 860 898 μνηστῆ-

70 908 313 943 ρας,ὲρμήνευσον
325 909 372 935 τὸν
394 909 498 936 κανόνα
535 909 606 935 κατά
629 909 680 944 τὴν
711 909 860 943 ἐπιστολὴν

67 953 202 987 τοῦἁγίου
230 953 386 989 Γρηγορίου
410 954 459 983 τοῦ
485 953 700 989 Θαυματουργοῦ
715 962 723 970 ο
755 954 788 989 ἣν
811 954 860 981 καὶ

67 999 204 1034 ἀνάγνωθι
213 1000 279 1035 περὶ
288 1001 338 1032 τὰς
350 1001 450 1036 ἀρχάς·
464 1001 534 1035 πρὸς
550 1001 578 1027 δὲ
593 1001 642 1027 καὶ
676 1001 711 1027 τὰ
736 1001 777 1032 εἰς
811 1001 859 1035 ἐρ-

69 1047 185 1082 μηνείαν
200 1046 251 1080 τῆς
268 1047 354 1081 αὐτῆς
371 1046 519 1082 ἐπιστολῆς
542 1047 697 1081 γραφέντα,
720 1046 788 1073 ἀλλὰ
812 1047 861 1073 καὶ

67 1093 114 1119 τὸν
128 1091 169 1127 κβ¹
183 1093 284 1119 κανόνα
298 1092 346 1119 τοῦ
375 1092 454 1127 ἁγίου
483 1092 625 1119 Βασιλείον
652 1092 740 1124 οὕτως
771 1093 861 1128 Eppi-

67 1147 170 1166 νευσον.

104 1184 226 1211 ΖΩΝΑΡ.
260 1184 316 1211 Καὶ
341 1185 355 1211 ό
387 1184 474 1218 μέγας
503 1184 646 1215 Βασίλειος
677 1185 706 1211 ὲν
743 1184 861 1220 εἰκοστῷ

67 1231 187 1266 δευτέρῳ
210 1231 305 1258 κανόνι
331 1230 414 1258 αὐτοῦ
438 1230 484 1257 τὸν
497 1231 525 1262 ἑξ
540 1231 671 1266 ἁρπαγῆς
695 1232 792 1266 ἔχοντα
810 1241 860 1266 γυ-

68 1279 151 1304 nixa
169 1278 206 1313 μὴ
231 1277 366 1312 πρότερον
391 1277 598 1312 παραδέχεσθαι
642 1278 682 1309 εἰς
713 1278 861 1312 μετάνοιαν

70 1323 207 1358 βούλεται,
223 1325 247 1350 εἰ
262 1323 300 1359 μὴ
316 1324 454 1358 ἀφαιρεθῇ
472 1324 501 1355 ἐξ
526 1323 610 1350 αὑτοῦ
642 1325 658 1359 ὴ
690 1324 860 1358 ἁρπαγεῖσα,

68 1371 116 1397 καὶ
133 1369 172 1405 τῷ
187 1371 422 1406 μνηστευσαμένῳ
437 1370 523 1405 αὐτὴν
539 1370 616 1404 δοθῇ,
644 1371 668 1396 εἰ
698 1371 768 1401 τέως
800 1371 862 1406 βού-

67 1417 143 1444 λοιτο
162 1417 256 1443 λαεεῖν
275 1417 372 1452 αὑτήν.
400 1416 479 1443 Οὕτω
514 1416 620 1442 καὶτὸν
642 1416 742 1443 κανόνα.
765 1417 860 1444 τοῦτον

65 1465 178 1498 νοητὲον
190 1464 282 1498 λέγειν
315 1464 346 1490 τὸ
379 1462 555 1490 ἀποδίδοσθαι
593 1462 643 1494 τὰς
688 1463 860 1497 ἁρπαγείσας

65 1511 123 1544 τοῖς
166 1511 418 1545 μνηστευσαμένοις
452 1509 548 1541 αὑτὰς,
577 1509 602 1535 ει
625 1509 745 1544 αἱροῖντο
763 1510 859 1545 δηλον-

63 1556 106 1582 ότι
127 1556 221 1583 λαὸεῖν
246 1555 342 1587 αὑτάς.
360 1556 490 1587 ’Δκοντες
515 1555 570 1590 γὰρ
599 1554 649 1581 οὐκ
682 1555 894 1595 ἀναγκασθή-ο

64 1611 168 1635 σονται,

61 1649 174 1677 ΑΡΙΣΤ.
193 1658 206 1675 ηι
230 1648 261 1677 El
282 1648 455 1684 ἐμνηστεύθη
471 1648 550 1685 κόρη,
567 1649 679 1684 ἡρπάγη
696 1648 723 1675 δὲ
735 1648 799 1684 παρ’
812 1648 859 1676 ἄλ-

105 1705 114 1720 ι
137 1696 195 1727 λον,
213 1695 252 1729 τῷ
270 1695 398 1730 προτέρῳ
413 1695 645 1724 ἀποκαθίσταται.
670 1705 680 1721 ›

104 1741 134 1768 '0
151 1741 201 1776 μὲν
220 1740 312 1767 κανὼν
347 1737 426 1772 οὗτος
467 1740 517 1775 τὴν
558 1741 775 1775 μνηστευθεῖσάν
805 1749 859 1767 τινι

61 1788 161 1822 κόρην,
184 1788 230 1813 καὶ
255 1787 325 1821 μετὰ
349 1786 436 1813 ταῦτα
475 1787 521 1821 ὑφ’
540 1787 637 1822 ἐτέρου
673 1788 857 1822 ἁρπαγεῖσαν,

64 1832 235 1869 προστάττει
247 1832 488 1859 ἀποκαθίστασθαι
501 1833 541 1867 τῷ
557 1834 684 1868 προτέρῳ
709 1834 859 1869 μνηστῆρι,

61 1880 116 1909 κᾶν
133 1879 187 1906 ὑπὸ
206 1878 253 1905 τοῦ
273 1878 447 1912 ἁρπάσαντος
458 1878 571 1913 αὑτὴνὴ
587 1878 722 1911 παρθένος
737 1879 858 1914 ἐφθάρη.

67 1926 98 1953 '0
114 1925 144 1952 δὲ
156 1924 343 1959 πεντηκοστὸς
359 1924 452 1958 ὕγδοος
467 1924 556 1955 τίτλος
586 1924 634 1950 τοῦ
649 1925 669 1956 ξ’
686 1924 790 1958 βιὸλίου
806 1925 859 1951 Βα-

60 1970 177 2000 σιλικῶν
194 1970 326 2006 μεγάλαις
346 1970 452 2001 ποιναῖς
479 1969 628 1997 ὑποϐάλῢει
655 1970 701 1996 τὸν
720 1970 857 2004 ἁρπαγὴν

59 2017 255 2053 ποιησάμενον
270 2016 414 2051 γυναικὸς.
439 2015 489 2042 καὶ
512 2015 558 2043 τὸν
586 2014 759 2051 βοηθήσαντα
785 2016 858 2051 αὐτῷ

59 2066 90 2092 ὲν
109 2066 144 2100 τῇ
160 2064 284 2099 ἁρπαγῇ,
312 2062 361 2088 καὶ
392 2062 456 2092 τοὺς
479 2060 578 2092 ἄλλους
607 2062 671 2092 τοὺς
696 2062 858 2096 οἱανδήποτε

61 2110 186 2146 σπονδὴν
200 2110 289 2142 τούτῳ
310 2107 528 2142 εἰσενεγκόντας.
548 2107 602 2134 Καὶ.
629 2107 691 2134 οὐδὲ
707 2110 855 2144 συγχωρεῖ,

57 2157 114 2184 κᾶν
139 2156 326 2192 ἡὰρπαγεῖσα
355 2154 420 2189 θέλῃ
455 2152 535 2188 γυνὴ.
560 2153 612 2180 κᾶν
640 2153 665 2180 oi
691 2155 780 2188 γονεῖς
808 2155 858 2182 αὺ-

55 2203 121 2237 τῆς,
143 2202 182 2235 τῷ
203 2201 358 2237 ἁρπάσαντι
387 2199 558 2234 συναφθῆναι
581 2199 649 2234 πρὸς
667 2199 765 2234 γάμον.
775 2200 856 2227 Ἀλλά

55 2250 106 2277 καὶ
131 2249 156 2276 ει
178 2246 382 2274 σνναινέσουσιν
414 2246 438 2272 οἱ
468 2246 559 2279 γονεῖς
582 2244 621 2280 τῷ
633 2245 748 2280 τοιούτῳ
759 2254 850 2273 σννοι-
868 2240 890 2267 Ῑ)

55 2296 157 2329 κεσιῳ,
169 2293 382 2330 περιορίζονται.
486 2321 496 2327 χ

373 2337 491 2366 ΚΑΝΩΝ
511 2336 561 2365 ΙΒ’.

57 2395 68 2412 ι
93 2386 166 2417 Τοὺς
185 2384 239 2420 πρὸ
254 2384 301 2412 τοῦ
323 2383 511 2418 βαπτίσματος
527 2383 705 2418 τεθνηκότας,
716 2383 764 2411 καὶ
786 2384 855 2418 μετὰ

98 2441 108 2457 ι
131 2430 218 2457 ταῦτα
239 2428 453 2464 βαπτισθέντας,
472 2427 560 2459 ἔδοξεν
581 2429 621 2457 εἰς
641 2426 718 2459 τάξιν
736 2427 855 2463 προάγε-

879 893 897 919 Β

95 2486 105 2502 ι
131 2476 205 2508 σθαι,
219 2475 257 2506 ὡς
272 2473 521 2508 ἀπολουσαμένους.
546 2481 555 2498 ι

93 2523 194 2550 ΒΛΛΣ.
216 2522 294 2552 Τινὲς
314 2522 425 2549 ἄπιστοι
445 2520 475 2546 τὸ
497 2519 546 2553 μὲν
565 2519 698 2555 κήρυγμα
717 2519 849 2554 ἐδέχοντο,

53 2571 104 2598 καὶ
120 2570 265 2596 ἐπίστευον
281 2568 319 2603 τῷ
336 2565 447 2602 Χριστῷ
458 2574 466 2582 ·
483 2565 662 2601 βαπτίζεσθαι
677 2566 706 2593 δὲ
725 2565 853 2600 ὑπερετί-

54 2616 147 2644 θεντο.
162 2617 238 2642 Ἐπεὶ
245 2614 292 2642 οὖν
298 2612 373 2642 οὗτοι
383 2615 452 2641 κατὰ
462 2614 525 2644 τοὺς
534 2613 643 2644 λοιποὺς
650 2613 783 2644 ἀπίστους
795 2611 850 2647 (77)

54 2662 192 2692 οὑσαντες
209 2661 315 2696 ἠξίουν,
335 2660 404 2694 μετὰ
418 2660 449 2686 τὺ
467 2658 667 2694 βαπτισθῆναι,
685 2658 849 2694 ἱερωθῆναι,

52 2708 104 2735 καὶ
121 2708 154 2734 οὐ
173 2706 398 2742 παρεχωροῦντο,
418 2705 456 2736 ὥς
472 2713 553 2732 τινων
570 2705 702 2739 λεγόντων
720 2703 757 2739 μὴ
775 2702 850 2737 ὀφεί-

647 162 686 192 iN
701 162 784 193 CAN.
805 162 864 193 ΧῐΙ
879 162 983 194 CONC.
1005 164 1139 196 ANCYR.

1633 167 1703 201 ΠΜ

958 227 967 244 ι
991 219 1103 254 placuit,
1131 220 1176 252 iis,
1204 220 1307 256 quibus
1325 221 1470 257 desponsae
1496 227 1584 257 erant,
1613 225 1702 261 reddi,

951 272 962 288 ο
986 264 1067 291 etiam
1082 264 1106 292 si
1122 265 1173 291 tim
1188 273 1276 300 passae
1287 266 1353 294 sint.
1374 275 1384 293 ι

949 353 1047 382 BA-LS.
1064 355 1100 382 De
1112 354 1156 387 iis,
1174 356 1220 391 qui
1237 356 1372 391 quaslibet
1395 358 1500 393 puellas
1524 359 1646 394 rapiunt,
1671 367 1702 388 ea

912 407 973 434 qua:
989 406 1052 428 sunt
1071 407 1256 429 c0nsenlanea
1273 407 1391 430 tractata
1407 408 1473 431 sunt
1492 404 1518 431 in
1534 413 1595 439 cap.
1608 405 1643 433 50
1659 407 1702 434 tit.

912 445 929 473 9
947 447 1091 480 praesentis
1108 448 1209 482 operis,
1235 453 1262 475 et
1281 449 1340 483 lege
1364 450 1453 484 ipsum
1488 450 1620 478 Similiter
1645 451 1705 487 lege

911 497 938 519 ot
954 492 990 521 92
1015 501 1146 522 canonem
1171 495 1267 530 synodi
1284 497 1310 522 in
1329 495 1431 527 Trullo,
1453 501 1481 523 et
1507 496 1549 524 tit.
1565 497 1599 525 58
1615 501 1703 525 totum

912 538 960 566 lib.
971 546 1018 566 ιχ.
1034 539 1101 567 Cum
1114 546 1205 568 autem
1214 541 1293 569 audis
1304 549 1437 569 canonem
1448 542 1594 575 dicentem,
1611 548 1705 578 raptas

912 582 1065 610 reddendas
1080 584 1114 612 iis
1130 584 1232 619 quibus
1248 586 1393 621 desponsae
1419 586 1546 619 fuerant,
1565 595 1599 614 ne
1626 587 1704 614 diuis

913 636 961 656 eos
976 629 1036 664 cogi
1060 629 1122 657 illas
1140 631 1285 666 accipere,
1318 631 1367 659 sed
1397 631 1473 666 ipsos
1502 640 1613 667 quoque
1635 634 1705 662 velle

912 681 959 701 eas
973 682 1108 710 quaerere.
1125 675 1181 703 Hoc
1193 678 1265 704 enim
1283 678 1365 704 etiam
1388 678 1415 705 in
1441 678 1604 706 mulieribus
1627 680 1705 707 adtri-

912 720 978 747 teris
1002 721 1104 749 dictum
1133 727 1186 754 est,
1216 722 1242 749 iu
1272 722 1319 750 lib.
1346 731 1442 756 xxvnt,
1471 724 1514 751 tit.
1545 725 1571 757 7,
1589 732 1650 759 cap.
1676 725 1704 756 1,

912 766 986 800 quod
1001 767 1113 802 quidem
1126 773 1169 795 est
1183 767 1329 795 Justiniani
1343 767 1455 796 Novella
1471 769 1533 796 H7.
1547 769 1594 796 Sin
1612 775 1704 797 autem

913 812 980 840 velis
1007 813 1112 847 dicere,
1140 821 1189 842 eas
1215 821 1335 848 sponsos
1358 815 1398 841 vel
1425 815 1528 843 invitos
1557 816 1702 850 accipere;

912 865 1047 887 canonem
1067 860 1250 895 interpretare
1266 861 1461 889 convenienter
1474 862 1599 896 epistola
1615 862 1704 889 sancti

912 904 1037 939 Gregorii
1054 905 1269 941 Thaumalurgi;
1288 914 1371 941 quam
1395 907 1477 934 etiam
1495 908 1553 942 lege
1574 908 1600 934 in
1626 908 1688 942 prin

911 950 983 985 cipio
1006 960 1013 979 :
1033 949 1153 988 itemque
1177 960 1219 988 ea,
1248 960 1309 990 quae
1331 953 1365 980 ad
1394 954 1596 989 expositionem
1624 954 1706 987 istms

911 997 1035 1031 epistolae
1048 1000 1148 1034 scripta
1162 1005 1237 1034 sunt,
1254 1003 1301 1029 sed
1324 1006 1351 1029 et
1365 1003 1528 1031 vicesimum
1552 1006 1704 1032 secundum

912 1050 1045 1072 eanonem
1062 1046 1148 1073 sancti
1163 1047 1256 1074 Busilii
1269 1048 1308 1076 sic
1322 1055 1439 1084 expone.

952 1178 1080 1207 ZONAR.
1095 1183 1209 1216 Magnus
1232 1189 1342 1217 quoque
1364 1182 1482 1211 Basilius
1507 1192 1614 1213 canone
1635 1187 1706 1214 vice-

914 1226 985 1253 simo
1010 1227 1142 1259 secundo,
1168 1228 1214 1262 qui
1237 1229 1379 1256 mulierem
1407 1236 1513 1266 raptam
1540 1232 1632 1265 habet,
1650 1242 1704 1261 non

914 1272 990 1306 prius
1003 1272 1036 1299 ad
1053 1273 1242 1307 ptenitentiam
1266 1275 1373 1302 admitti
1399 1277 1475 1309 sinit,
1496 1285 1578 1312 quant
1606 1279 1705 1307 mulier

914 1318 948 1345 ab
965 1326 997 1346 eo
1012 1319 1126 1346 abducta
1143 1321 1228 1354 priori
1242 1328 1356 1355 sponso,
1372 1323 1394 1349 si
1411 1328 1502 1351 tamen
1519 1332 1578 1351 eam
1603 1325 1704 1354 ducere

913 1363 1004 1392 adhuc
1023 1364 1069 1392 ille
1086 1365 1113 1391 in
1132 1365 1226 1393 animo
1241 1367 1349 1399 habent,
1378 1369 1505 1396 restituta
1528 1372 1574 1397 sit.
1602 1371 1702 1398 Eodem

914 1409 994 1436 modo
1010 1409 1055 1436 ltie
1073 1411 1156 1438 etiam
1177 1419 1265 1439 canon
1282 1413 1494 1450 intelligendus;
1514 1421 1606 1450 raptas
1627 1418 1704 1443 vide-

913 1455 976 1483 lieet
992 1457 1122 1485 mulieres
1142 1458 1186 1491 iis,
1201 1459 1301 1492 quibus
1324 1465 1386 1488 ante
1412 1461 1558 1494 desponsa:
1583 1462 1703 1496 fuerant,

913 1501 934 1528 si
951 1502 1081 1535 nimirum
1095 1503 1133 1530 illi
1146 1505 1248 1532 ducere
1260 1506 1355 1539 velint,
1369 1514 1431 1534 esse
1446 1508 1609 1537 reddendas.
1622 1509 1703 1538 Inviti

913 1548 986 1576 enim
1006 1557 1059 1577 non
1076 1556 1220 1586 cogentur.

911 1636 1027 1673 ARIST.
1050 1647 1058 1663 ε
1077 1638 1105 1665 Si
1123 1639 1289 1674 desponsata
1318 1642 1354 1669 sit
1380 1643 1482 1677 puella,
1507 1644 1541 1672 ab
1564 1645 1619 1672 alio
1635 1653 1702 1673 vero

1039 1694 1048 1711 ι
1068 1691 1145 1720 rapta
1163 1687 1256 1720 fuerit,
1273 1688 1358 1722 priori
1375 1690 1539 1719 restituitur.
1563 1700 1573 1717 ι

946 1731 996 1759 Hic
1011 1732 1121 1767 quidem
1141 1740 1229 1759 canon
1250 1734 1414 1768 desponsam
1442 1736 1561 1771 cuipiam
1581 1738 1701 1772 puellam

910 1782 938 1806 ct
961 1783 1057 1814 postea
1077 1781 1111 1806 ab
1132 1779 1185 1807 alio
1210 1785 1326 1814 raptam.
1354 1782 1437 1815 priori
1460 1790 1561 1817 sponso
1592 1785 1700 1812 restitui

908 1825 997 1860 jubet,
1013 1825 1120 1852 etiamsi
1137 1826 1171 1853 ab
1188 1834 1221 1853 eo
1244 1827 1290 1861 qtti
1316 1827 1403 1861 ipsam
1425 1829 1523 1862 rapuit,
1539 1830 1614 1864 virgo
1639 1839 1702 1857 cor--

911 1876 990 1906 rupta
1004 1871 1049 1898 sit.
1068 1871 1103 1898 At
1126 1872 1372 1907 quinquagesimus
1395 1878 1510 1902 octavus
1533 1875 1574 1902 tit.
1594 1876 1640 1902 lib.
1667 1884 1700 1903 ιι

909 1916 1021 1944 Busilic.
1040 1917 1144 1952 magnis
1161 1917 1252 1951 pomis
1266 1925 1327 1944 eum
1347 1919 1470 1954 subjicit,
1484 1919 1531 1954 qui
1556 1920 1700 1948 mulierem

911 1964 1013 1997 rapuit,
1029 1970 1145 1997 eutnque
1165 1963 1212 1997 qui
1229 1970 1307 1997 opem
1321 1964 1365 1991 isti
1380 1965 1406 1991 in
1418 1969 1497 1999 raptu
1511 1965 1583 1998 tulit,
1599 1973 1702 2001 eosque

909 2009 956 2043 qui
987 2008 1156 2043 diligentiam
1181 2004 1377 2044 quaxttettnque
1398 2009 1423 2037 ei
1451 2010 1639 2038 contulerunt.
1668 2011 1702 2039 Et

910 2062 962 2081 non
976 2055 1121 2089 permittit,
1133 2055 1260 2090 quamvis
1269 2055 1327 2087 ipsa
1340 2056 1438 2083 mulier
1447 2061 1521 2090 rapta
1534 2061 1561 2084 et
1573 2058 1701 2091 quamvis

909 2100 996 2134 ipsius
1022 2104 1151 2134 parentes
1175 2099 1325 2133 voluerint,
1352 2100 1411 2132 isti,
1432 2100 1478 2135 qui
1509 2107 1568 2127 eam
1598 2101 1698 2134 rapuit.

910 2146 1085 2174 matrimonio
1107 2147 1248 2182 conjungi.
1268 2147 1321 2173 Sed
1355 2151 1382 2174 et
1408 2147 1430 2174 si
1451 2152 1579 2182 parentes
1606 2147 1700 2175 istius-

910 2193 982 2223 modi
1006 2193 1196 2223 asseutiautur
1211 2193 1351 2229 cuujugio,
1374 2194 1607 2226 exterminaptur,

1148 2327 1230 2363 335
1253 2327 1367 2355 CANON
1394 2328 1453 2355 xu.

911 2386 920 2402 ι
940 2376 994 2403 Eas
1011 2375 1058 2408 qui
1074 2378 1138 2401 ante
1161 2374 1324 2409 baptismum
1341 2375 1543 2408 sacriﬁcarunt,
1560 2381 1586 2404 et
1601 2382 1696 2412 postea

944 2431 953 2447 ι
972 2419 1100 2454 baptizati
1118 2425 1199 2451 sunt,
1219 2419 1304 2446 visunt
1330 2425 1371 2446 est
1393 2421 1425 2447 ad
1449 2421 1572 2450 ordinem
1589 2430 1698 2456 pramo-

944 2476 954 2493 ι
974 2467 1042 2498 veri,
1055 2471 1083 2493 ut
1100 2465 1146 2500 qui
1161 2466 1245 2493 abluti
1259 2470 1333 2494 sunt.
1355 2476 1364 2492 ι

941 2513 1040 2540 BALS.
1070 2512 1199 2540 lnlideles
1225 2512 1309 2547 aliqui
1339 2513 1561 2548 przedicationem
1586 2513 1695 2548 quidem

905 2563 1097 2594 susceperunt,
1112 2565 1138 2585 et
1151 2558 1262 2586 Christo
1276 2559 1418 2586 credebant
1431 2580 1438 2592 ,
1455 2559 1586 2594 baptizari
1605 2563 1694 2585 autem

905 2606 1077 2634 dilTet'ebant.
1102 2604 1236 2638 Quoniam
1256 2612 1321 2640 ergo
1346 2605 1375 2636 ii,
1395 2610 1423 2632 ut
1449 2604 1544 2639 reliqui
1562 2603 1695 2636 inﬁdeles,

905 2652 1101 2684 sacriﬁcantes,
1118 2651 1163 2679 ubi
1181 2651 1310 2687 bnptizati
1325 2651 1443 2682 fuerant,
1465 2650 1591 2678 volebant
1609 2651 1695 2677 sacris

904 2700 1017 2732 initiari,
1035 2705 1061 2727 et
1080 2707 1136 2727 non
1159 2700 1331 2731 sinebautur,
1346 2705 1378 2725 eo
1393 2699 1463 2732 quod
1481 2696 1606 2724 nonnulli
1623 2696 1696 2723 dice-

676 2760 771 2791 Guill.
791 2758 953 2798 Beveregii
970 2761 1065 2788 notae.

91 2815 152 2850 ('17)
174 2814 254 2851 Ἐπεὶ
270 2812 327 2851 οὖν
341 2810 423 2840 οὗτοι
435 2811 511 2851 ἕαςξι
521 2809 597 2851 ⁸τοὺς
610 2810 747 2851 ⁸,ίιπινιρὺς
761 2845 767 2851 _
777 2809 846 2837 ἀπί-

52 2845 165 2883 στουζη
184 2849 220 2875 Ita
236 2849 344 2885 quidem
359 2855 423 2885 cum
435 2846 583 2885 Bodleiano
604 2845 842 2885 Arne‘rbaeltianus

53 2879 170 2922 quoque
181 2879 266 2912 σοι]ςί
288 2883 424 2918 |egit;sed
440 2883 466 2908 in
487 2880 634 2907 Puisiensi
669 2879 840 2908 Bulsarnouis

901 2809 1021 2837 editione
1034 2814 1084 2842 pro
1097 2807 1158 2842 istis
1178 2805 1269 2834 verbis
1287 2803 1388 2839 legitur
1411 2807 1528 2838 tantum,
1545 2800 1690 2832 tmteiism

900 2844 970 2871 κατὰ
986 2841 1051 2874 τοὺς
1063 2841 1186 2873 λοιπούς.
