1942 3095
78 167 144 201 1157

73 226 120 253 τοῦ
139 224 308 259 Εὖαγγελῐου
327 224 367 261 τῷ
384 224 514 261 τραχήλῳ
530 225 631 256 αὐτῶν,
649 225 698 252 καὶ.
707 224 743 252 δι’
754 223 870 258 ἑπικλή-
885 225 907 253 Α

74 280 143 303 ese);
152 271 200 298 τοῦ
211 271 292 305 ἁγίου
304 271 464 306 Πνεύματος
478 271 614 307 σφραγῖδα
623 270 670 298 τοῦ
685 269 869 306 χειροτονοῦν-

73 327 129 350 τος.
148 318 197 349 Et:
217 317 348 345 σύστασιν
366 317 395 344 δὲ
415 317 519 344 τούτων
540 318 650 344 πάντων
669 317 869 352 ἀναντίρρητον

74 364 193 400 χρῶνται
212 364 259 391 καὶ
274 364 314 400 τῷ
330 364 378 391 τοῦ
398 364 518 398 μεγάλου
537 364 688 400 Γρηγορίου
705 364 753 390 τοῦ
771 363 869 390 Θεολό-

74 419 122 444 γου
144 410 226 445 λόγῳ,
249 408 280 437 οὗ
303 411 319 446 ἡ
345 409 426 446 ἀρχὴ,
453 410 537 437 Πάλιν
560 410 605 438 ἐπ’
620 410 671 445 ἐμὲ
696 409 802 445 χρίσμα
823 409 870 436 καὶ

76 457 194 492 πνεῦμα.
214 456 273 491 Ἀφ’
284 454 315 483 οὗ
332 456 422 492 μάθῃς
438 457 478 483 ὅτι
494 457 569 483 οὐδὲν
583 454 665 492 ἧττον
680 456 802 488 ἀξιοῦται
818 455 870 489 τῆς

75 500 121 528 τοῦ
139 501 272 535 παναγῐου
289 501 447 536 Πνεύματος
465 503 574 537 χάριτος
589 502 603 528 ὁ
620 500 737 533 ἀναξίως
753 509 872 536 χειροτο-

75 547 184 582 νηθεὶς,
202 548 248 573 καὶ
264 548 294 573 ὲν
309 547 478 582 καθαρότητι
493 548 539 574 τὸν
555 547 624 582 μετὰ
639 548 688 582 τὴν
704 547 871 582 χειροτονίαν

76 593 133 627 βίον
151 592 268 624 ἀνύσας,
288 592 335 618 τοῦ
357 593 440 624 ἀξίως
460 593 712 628 χειροτονηθέντος,
732 594 779 620 καὶ
802 592 872 628 μετὰ

74 641 123 674 τῆς
143 639 227 673 αὐτῆς
247 639 435 674 καθαρότητος
452 641 499 666 τὸν
516 640 545 666 ἐν
563 640 627 674 ἡμῖν
646 639 704 673 βίον
721 639 871 666 ἀπολιπόν-

74 692 130 713 τος.
150 684 245 710 Ταῦτα
265 685 330 719 περὶ
354 685 522 720 ἀρχιερέων
542 685 607 720 περὶ
628 685 682 721 γὰρ
705 685 802 721 ἱερέων
824 685 871 712 καὶ

74 729 175 765 ἑτέρων
192 730 331 765 κληρικῶν
349 731 425 766 ζήτει
444 731 555 758 συνόδου
571 731 690 762 Νικαίας
708 731 809 758 κανόνα
827 731 870 763 tO’,

75 775 184 803 συνόδου
201 776 418 812 Νεοκαισαρείας
437 777 538 804 κανόνα
549 776 583 810 θ’,
602 780 646 810 ια’,
663 777 803 804 Βασιλείου
821 786 873 803 κα-

75 821 138 846 νόνα
155 820 208 853 κζ’,
223 821 271 847 καὶ
288 821 420 856 Θεοφίλου
433 822 466 848 ὲκ
480 821 528 848 τοῦ
547 822 752 857 ὑπομνηστικοῧ
770 823 873 849 κανόνα

74 865 107 899 δ’.
121 869 152 899 ε’,
168 865 203 901 η’.
218 867 275 894 Καὶ
292 867 446 902 σημείωσαι
463 868 496 894 ὲκ
509 867 613 894 τούτων
627 869 667 894 ὃτι
684 868 700 903 ἡ
719 867 872 903 χειροτονία

74 911 129 938 τῶν
148 912 299 947 ἀρχιερέων
321 913 369 939 καὶ
387 912 418 939 τὸ
437 911 542 948 χρίσμα
561 912 615 939 τῶν
646 913 780 949 βασιλέων
802 914 873 940 ἀπα-

75 957 197 992 λειφουσι
214 958 248 984 τά
265 957 319 993 πρὸ
334 958 384 993 τῆς
401 958 570 993 χειροτονίας
589 959 637 984 καὶ
653 958 700 985 τοῦ
719 959 872 994 χρίσματος

76 1004 280 1040 ἁμαρτήματα,
297 1002 340 1031 οἷα
359 1005 392 1031 ἂν
406 1001 477 1031 ὦσι*
495 1003 541 1029 διὰ
559 1003 613 1041 γάρ
627 1004 706 1030 τοῦτο
724 1004 833 1039 ἔχουσιν
848 1004 872 1030 οὶ

76 1049 222 1076 ἐπίσκοποι
239 1049 366 1082 ἐξουσίαν
382 1051 492 1084 ἀφιέναι
511 1050 699 1085 ἁμαρτήματα
711 1069 719 1082 ,
735 1051 773 1081 ὡς
791 1049 873 1082 ἀκού-

82 1103 178 1127 σαντες
190 1095 248 1130 ἀμα
257 1095 295 1130 τῷ
305 1095 544 1131 χειροτονηθῆναι,
551 1096 631 1122 Ὅσα
640 1095 751 1129 δήσετε
759 1094 809 1120 ἐπὶ
818 1093 874 1128 τῆς

76 1140 144 1175 τῆς,
161 1141 247 1168 ἔσται
264 1141 410 1176 δεδεμένα
426 1142 461 1168 ἐν
475 1141 514 1174 τῷ
530 1141 658 1176 οὐρανῷ,
675 1141 724 1167 καὶ
743 1140 802 1167 ὅσα
818 1141 873 1167 λύ-

76 1194 148 1214 σετε
161 1187 210 1214 ἐπὶ
223 1185 277 1221 τῆς
297 1186 364 1223 γῆς,
379 1186 465 1215 ἔσται
477 1187 632 1222 λελυμένα
645 1188 680 1214 ἐν
692 1186 732 1219 τῷ
745 1186 872 1221 οὐρανῷ.

83 1233 118 1260 Ἦ
136 1234 164 1261 δὲ
180 1234 235 1260 τῶν
253 1234 349 1269 ῑερέων
364 1234 411 1261 καὶ
427 1234 480 1260 τῶν
495 1233 596 1260 λοιπῶν
613 1234 767 1269 χειροτονία
787 1233 875 1268 μικρὰ

78 1280 267 1316 ἁμαρτήματα
285 1280 449 1314 ἀπαλείφει,
467 1277 524 1306 οἷον
541 1280 757 1314 συγκατάθεσιν,
777 1279 874 1313 ψεῦδος

79 1327 128 1353 καὶ
144 1326 272 1361 τοιαῦτα,
293 1327 330 1362 μὴ
347 1327 487 1360 ἐπάγοντα
506 1326 682 1361 καθαίρεσιν,
701 1326 830 1361 πορνείαν
846 1326 874 1353 δὲ

886 893 911 923 Β

78 1372 151 1408 οὐχι.
163 1371 245 1398 Ὅθεν
262 1372 324 1398 οὐδὲ
343 1372 454 1407 ἀφιέναι
477 1373 615 1408 ἁμαρτιας
633 1374 659 1399 οι
680 1374 764 1408 ἱερεῖς
781 1372 875 1399 δύναν-

79 1426 137 1445 ται.
159 1419 213 1445 Καὶ
235 1418 391 1452 ἀνάγνωσον
415 1419 464 1452 τῆς
487 1420 517 1446 ὲν
539 1419 740 1455 Νεοκαισαρείᾳ
763 1419 874 1445 συνόδου

81 1464 184 1491 κανόνα
200 1464 234 1498 θ’,
251 1464 286 1491 τὰ
305 1465 375 1491 αὐτὰ
395 1466 460 1501 περὶ
479 1465 576 1500 ἱερέων
595 1466 717 1500 λέγοντα.
737 1465 783 1501 Μὴ
800 1466 877 1492 ἐναν-

81 1510 168 1546 τιωθῇ
191 1510 219 1537 δέ
245 1519 286 1537 σοι
309 1511 324 1537 ό
349 1509 382 1543 ιζ’
397 1512 486 1537 κανὼν
508 1511 563 1538 τῶν
588 1511 675 1546 ἁγίων
700 1511 875 1544 ἀποστόλων,

83 1557 171 1590 λέγων
183 1564 190 1571 '
212 1557 241 1583 Ὀ
259 1557 320 1584 δυσὶ
338 1557 438 1592 γάμοις
457 1557 628 1593 συμπλακεὶς
643 1559 713 1592 μετὰ
729 1557 760 1584 τὸ
779 1557 877 1593 βάπτι-

84 1614 156 1640 σμα,
172 1604 189 1640 ἢ
205 1604 347 1640 παλλακὴν
360 1605 547 1640 κτησάμενος,
561 1606 592 1633 ού
607 1606 718 1633 δύναται
734 1604 805 1633 εῐναι
819 1605 878 1632 ὲπὶ-

83 1659 195 1684 σκοπος,
207 1651 393 1686 πρεσϐύτερος
403 1652 419 1687 ἢ
431 1651 565 1683 διάκονος,
575 1652 592 1687 ἢ
602 1651 670 1684 ὅλως
680 1652 727 1679 τοῦ
738 1651 877 1687 ἱερατικοῦ

81 1696 251 1730 καταλόγου,
270 1697 338 1732 μηδὲ
353 1697 367 1724 ὁ
385 1696 419 1732 ιη’
433 1697 467 1723 τὰ
484 1697 554 1724 αὐτὰ
572 1697 664 1733 σχεδὸν
680 1697 875 1734 διοριζόμενος.

89 1743 160 1770 Ἀλλ’
170 1743 286 1770 ἑκλαϐοὖ
299 1743 329 1769 τὺ
344 1740 415 1770 εἶναι
431 1743 471 1775 εις
482 1743 512 1770 τὸ
527 1743 661 1776 γίνεσθαι,
677 1744 724 1770 καὶ
738 1743 811 1776 εἰπὲ,
823 1743 878 1775 ,Οὑ-

81 1790 139 1821 δεῖς
153 1789 240 1821 οὕτως
253 1789 401 1825 ὀλισθήσας
413 1790 597 1825 ἀξιωθήσεται
610 1789 793 1819 ἐπισκοπικοῦ
806 1790 823 1825 ἦ
840 1790 877 1816 ἱε-

84 1835 198 1871 ρατικοῦ
210 1835 375 1870 ἀξιώματος.
389 1835 529 1868 ’Δξιωθεὶς
541 1836 570 1863 δὲ
583 1836 657 1871 παρὰ
671 1836 704 1862 τὰ
715 1836 875 1870 δεδογμένα,

84 1884 110 1908 εἱ
129 1881 180 1917 μέν
196 1882 271 1908 ἐστιν
288 1881 448 1913 ἐπίσκοπος,
465 1882 515 1908 οὐκ
534 1873 750 1916 ἀνακριοήσεται
767 1881 812 1908 διὰ
829 1881 878 1913 τὰς

85 1928 217 1964 ῥηθείσας
231 1928 332 1961 αἰτίας,
346 1927 394 1954 καὶ
410 1927 434 1954 οε
449 1928 588 1963 ἀρχιερεῖς
604 1927 662 1962 ἅμα
674 1927 713 1963 τῷ
726 1935 878 1962 χειροτονη-

85 1975 164 2009 θῆναι
184 1974 214 2001 οὗ
235 1974 316 2009 μόνον
333 1972 514 2000 ἀποοτολικοῦ
534 1973 702 2008 χαρίσματος
722 1971 876 2006 ἀξιοῦνται,

85 2021 155 2047 ἀλλά
170 2020 217 2047 καὶ
235 2019 416 2056 προφητικοῦ.
435 2018 513 2046 Οὕτω
529 2020 584 2054 γὰρ
600 2019 646 2045 καὶ
663 2018 748 2045 Σαοὺλ
766 2019 794 2044 ἐν
812 2026 879 2053 προ-

86 2067 200 2102 φήταις,
221 2066 270 2093 καὶ
289 2065 418 2100 Καϊάφας
433 2065 508 2092 ἀκων
522 2065 725 2100 προεφήτευσεν
736 2071 743 2079 ⁸
761 2062 796 2100 ἦν
813 2065 878 2100 γὰρ,

86 2113 170 2148 φησὶν
180 2133 187 2146 ,
203 2113 348 2148 ἀρχιερεὺς
361 2112 408 2139 τοῦ
424 2111 548 2139 ἐνιαυτοῦ
565 2112 669 2138 ἐκείνου
682 2118 689 2126 ³
705 2110 728 2136 ει
744 2110 772 2136 δὲ
789 2110 879 2145 ἱερεύς

87 2161 164 2187 ἐστιν
176 2159 193 2194 ἢ
206 2159 298 2194 ἔτερος
313 2158 470 2195 ἱερωμένος,
486 2157 730 2193 καθαιρεθήσεται.
745 2156 879 2191 ’Λνάγνω-

88 2216 135 2234 σον
152 2207 198 2234 καὶ
213 2207 244 2233 τὸ
261 2208 301 2233 κδ’
314 2214 377 2240 κεφ.
392 2205 439 2232 τοῦ
457 2205 479 2232 0’
491 2205 580 2231 τίτλου
596 2204 644 2231 τοῦ
662 2204 796 2240 παρόντος
812 2212 876 2230 συν‹

86 2254 239 2288 τάγματος,
257 2252 304 2278 καὶ
325 2251 453 2287 εὑρήσεις
474 2251 503 2278 ὲν
522 2250 596 2285 αὐτῷ
617 2249 717 2284 νόμους
736 2249 879 2284 διαφόρους
895 2253 919 2281 ι)

87 2299 175 2326 πολλὰ
190 2298 254 2334 περὶ
270 2298 364 2333 ἱερέων
379 2297 427 2324 καὶ
441 2298 541 2332 ὲτερων
557 2296 715 2332 ἱερωμένων
729 2294 880 2330 διαλαμὸἀ-

87 2353 185 2376 νοντας
196 2364 203 2378 ,
219 2344 377 2371 ἐπισκόπων
391 2343 420 2369 δὲ
435 2343 504 2375 ὅλως
522 2343 618 2378 μνείαν
636 2342 673 2378 μὴ
689 2342 878 2376 ποιουμένους.

125 2391 246 2420 ΖΩΝΔΡ.
265 2391 302 2418 Τὸ
318 2390 431 2417 παλαιὴν
447 2389 478 2416 τὺ
497 2389 546 2425 μὲν
562 2391 693 2424 κήρυγμα
710 2387 834 2423 ἐδέχοντο
853 2387 880 2414 οὶ

89 2438 210 2470 πλείους,
226 2437 272 2463 καὶ
290 2435 432 2463 ἐπίστευον
460 2436 499 2470 τῷ
516 2435 636 2470 Χριστῷ,
653 2433 832 2469 βαπτίζεσθαι
849 2433 878 2461 δὲ

89 2483 293 2519 ὑπερετίθεντο.
312 2483 358 2510 Διὸ
376 2483 424 2510 καὶ
443 2484 457 2510 ὸ
477 2482 605 2516 Θεολόγος
627 2481 778 2516 Γρηγόριος
798 2479 845 2507 καὶ
864 2480 879 2507 ὁ

91 2531 177 2566 μέγας
194 2530 332 2561 Βασίλιιος
343 2531 406 2560 τοὺς
421 2530 460 2560 εὶς
473 2528 503 2555 τὸ
517 2527 593 2563 ἅγιον
608 2527 750 2562 βάπτισμα
764 2535 880 2562 προτρε-

90 2577 206 2608 πτικοὺς
220 2576 422 2611 συνεγράψαντο
437 2576 544 2610 λόγους.
552 2572 640 2600 Ἦσαν
652 2573 698 2601 οὖν
710 2575 738 2600 ὲν
749 2574 807 2605 τοῖς
820 2581 881 2599 και-

92 2625 150 2660 ροῖς
169 2623 224 2650 τῶν
242 2623 369 2657 διωγμῶν
388 2620 504 2647 τοιοῦτοι
525 2619 628 2651 πολλοὶ,
649 2619 808 2652 Χριστιανοὶ
830 2618 880 2654 μὲν

91 2671 169 2702 ὄντες
180 2691 186 2703 ,
207 2670 291 2705 μήπω
306 2670 335 2696 δὲ
352 2667 557 2704 βαπτισθέντες.
573 2668 658 2702 Φησὶν
675 2665 721 2694 οὖν
739 2665 805 2702 περὶ
822 2665 882 2692 τού-

92 2726 148 2743 των
160 2718 174 2743 ὁ
189 2715 277 2742 κανὼν
290 2715 342 2747 ὃτι,
358 2715 404 2742 ἐὰν
417 2723 487 2746 τινες
502 2713 603 2740 ἔθυσαν
617 2712 829 2748 κατασχεθέντες
844 2711 882 2743 ὡς

93 2761 272 2798 Χριστιανοὶ,
287 2761 435 2795 ἀφώτιστοι
449 2760 477 2786 δὲ
492 2759 568 2792 ὄντες
585 2759 654 2794 μετὰ
667 2758 754 2786 ταῦτα
769 2757 883 2784 ὲὸαπτί-

93 2810 210 2844 σθησαν,
224 2806 301 2833 οὐδὲν
313 2807 411 2838 αὐτοὺς
427 2806 526 2834 κωλύει
539 2805 569 2832 τὸ
584 2805 666 2832 οὖσαι
681 2805 720 2836 εἰς
735 2804 764 2831 τὸ
782 2812 884 2840 προαρ-

131 2902 153 2917 ὐ
172 2898 267 2926 Matth.
286 2904 341 2929 xvi,
365 2896 408 2924 l9.

621 170 661 201 ΙΝ
679 168 762 200 CAN.
780 167 840 199 Χῐῐ
859 166 966 199 CONC.
978 168 1114 200 ANCYR.

922 223 968 258 qui
985 224 1095 252 ordinat
1112 224 1312 257 characterem,
1328 232 1388 253 cum
1404 225 1490 253 sancti
1503 226 1620 260 Spiritus
1636 227 1716 254 invo-

920 271 1038 297 catione.
1063 271 1103 298 Ad
1131 270 1330 299 irrefutabilem
1355 276 1445 298 autem
1473 272 1570 298 horum
1593 274 1716 299 omnium

920 317 1176 349 comprobationem
1189 337 1197 347 .
1214 318 1305 352 magni
1321 324 1432 352 quoque
1445 316 1569 352 Gregorii
1586 317 1716 354 Theolugi

921 370 1049 391 sermone
1061 368 1188 396 utuntur,
1203 363 1283 398 cujus
1299 364 1422 397 initium,
1451 363 1556 392 Rursus
1573 371 1656 399 super
1670 373 1714 392 me

894 428 902 436 .
924 409 1018 436 unctio
1033 413 1060 436 et.
1077 410 1202 444 spiritus.
1224 409 1301 437 Unde
1318 410 1420 441 discas,
1440 406 1518 445 quod
1536 410 1719 439 nihilominus

921 455 1010 482 sancti
1031 454 1152 489 Spiritus
1169 456 1258 491 gratia
1283 456 1386 491 dignus
1404 461 1534 484 censetur
1553 456 1587 488 is,
1612 457 1656 490 qui
1678 457 1720 483 in-

922 501 1004 535 digne
1024 501 1129 529 electus
1150 502 1177 529 in
1197 502 1317 537 puritate
1335 506 1396 537 post
1413 503 1613 530 ordinationem
1635 504 1718 529 vitam

922 545 1061 580 transigit,
1075 553 1156 581 quam
1172 546 1195 573 is
1212 547 1257 581 qui
1280 547 1361 583 digne
1375 547 1490 580 eiectus,
1513 552 1540 575 et.
1562 552 1623 583 post
1638 549 1718 576 istum

924 591 1070 624 puritatem
1093 593 1174 619 vitam
1189 599 1314 621 nostram
1332 594 1454 629 reliquit.
1472 594 1536 621 lbet:
1551 594 1584 622 de
1602 595 1718 621 antisti--

925 637 1012 665 tibus.
1028 637 1065 665 De
1080 638 1268 666 sacerdotibus
1284 639 1357 667 enim
1378 645 1406 667 ct
1427 640 1489 668 aliis
1504 639 1612 667 clericis
1628 644 1719 674 quaere

923 684 1020 720 synodi
1040 684 1157 712 Niemnat
1173 693 1305 713 canonem
1324 686 1460 713 decimum
1481 694 1582 713 nonum
1594 707 1601 717 .
1620 687 1721 722 synodi

923 730 1155 758 Neocmsariensis
1176 738 1309 758 canonem
1339 731 1355 758 9
1383 735 1409 759 et
1437 732 1489 762 Η,
1519 731 1612 759 Basilii
1635 732 1723 767 386

923 784 1058 805 canonem
1074 777 1111 804 27
1125 783 1151 805 et
1169 778 1310 812 Theophili
1326 785 1358 806 ex
1375 780 1576 806 commentario
1597 786 1721 806 canones

927 824 954 855 4,
973 824 990 851 5
1009 827 1036 850 et
1058 823 1085 851 8.
1109 824 1142 850 Et
1160 827 1224 850 nota
1240 831 1272 851 ex
1290 824 1334 855 iis,
1353 824 1426 859 quod
1441 824 1593 852 antistitum
1608 824 1719 859 quidem

925 869 1062 900 ordinatio
1075 873 1102 896 et
1120 876 1214 903 regum
1237 870 1340 901 unctio,
1358 877 1418 904 qum
1435 874 1498 897 autc
1516 870 1718 897 ordinat'ouem

928 920 955 942 et
972 915 1126 943 unctionem
1149 916 1271 948 fuerunt,
1293 915 1397 943 delent.
1416 915 1564 950 Propterea
1578 917 1651 942 enim
1669 915 1719 942 ha-

927 963 992 989 bent
1014 965 1176 996 potestatem
1200 962 1322 997 episcopi
1348 961 1503 989 remittendi
1532 966 1664 996 peccata;
1688 965 1720 987 ut

927 1009 1046 1044 quicum
1059 1007 1178 1043 primum
1198 1008 1317 1035 ordinati
1330 1012 1396 1036 sunt
1405 1008 1558 1035 audiverint
1569 1017 1575 1035 :
1588 1008 1721 1040 th'cuno

927 1063 976 1089 que
996 1055 1140 1089 ligaveritis
1163 1062 1242 1089 super
1265 1058 1363 1082 terram
1386 1060 1462 1081 erunt
1487 1054 1571 1089 ligata
1588 1055 1614 1080 iu
1635 1054 1721 1087 aelii:n

927 1106 952 1128 et
968 1109 1128 1136 quotcunque
1142 1101 1272 1128 solveritis
1286 1109 1363 1135 super
1381 1105 1478 1128 terram
1494 1105 1571 1127 erunt
1586 1101 1675 1127 saluta
1692 1101 1722 1127 in.

928 1147 999 1174 uelis
1017 1147 1051 1174 ".
1074 1146 1255 1175 Sacerdotum
1280 1151 1383 1178 autem,
1407 1151 1433 1174 ct
1451 1146 1567 1174 aliorum
1592 1148 1638 1181 qui
1656 1150 1721 1174 sunt

929 1193 955 1220 in
980 1193 1077 1233 sacris,
1097 1192 1247 1226 ordinatio,
1274 1200 1356 1228 parva
1375 1193 1484 1228 quidem
1510 1197 1620 1228 peccatu
1637 1193 1723 1225 delet,

929 1247 1095 1267 consensum
1115 1239 1177 1267 dico
1192 1244 1219 1267 ct
1234 1239 1421 1270 mendacium,
1438 1243 1465 1267 et
1479 1239 1580 1267 similia
1597 1248 1657 1275 qua:
1674 1239 1721 1266 de-

930 1286 1095 1322 positionem
1122 1293 1176 1312 non
1197 1285 1351 1318 inducunt;
1374 1292 1428 1312 non
1451 1289 1541 1312 autem
1558 1286 1719 1313 fornicatio-

930 1339 1003 1359 nem.
1024 1331 1100 1359 Unde
1117 1338 1166 1357 nec
1188 1331 1348 1358 Sacerdotes
1363 1336 1479 1366 pOSsunt
1493 1336 1604 1366 peccata
1624 1332 1720 1358 remit-

931 1382 999 1403 tere.
1024 1375 1058 1402 Et
1074 1375 1133 1410 lege
1151 1374 1384 1402 Neocmsariensis
1405 1383 1464 1411 syn.
1480 1383 1612 1403 cunoncm
1628 1376 1655 1408 9,
1671 1376 1723 1410 qui

930 1422 1024 1450 cadent
1039 1421 1106 1449 dicit
1121 1421 1154 1449 dc
1170 1421 1370 1449 sacerdotibus.
1395 1421 1423 1448 ln
1446 1422 1491 1448 his
1508 1427 1598 1449 autem
1624 1430 1657 1449 ne
1673 1421 1721 1449 tibi

930 1467 1084 1495 contrarius
1106 1467 1230 1494 videatur
1260 1474 1347 1494 canon
1381 1467 1411 1494 Π
1429 1473 1585 1495 sanctorum
1612 1472 1722 1501 aposto-

931 1512 1030 1544 lorum,
1049 1512 1157 1543 dieeus,
1172 1512 1224 1545 Qui
1237 1511 1344 1539 duobus
1362 1512 1543 1539 matrimoniis
1559 1516 1620 1546 post
1633 1511 1722 1546 bapti-

889 1572 912 1602 c
930 1565 1020 1586 smum
1040 1557 1091 1585 fuit
1104 1558 1259 1593 colligatus,
1278 1557 1318 1584 vel
1342 1557 1437 1585 habuit
1454 1557 1648 1589 concubinum,
1667 1565 1722 1585 non

928 1608 1017 1640 potest
1031 1612 1093 1632 esse
1108 1605 1265 1639 episcopus,
1283 1607 1331 1631 aut
1345 1604 1500 1639 presbyter,
1517 1608 1564 1630 aut
1575 1604 1721 1637 diaconus,

927 1651 968 1679 vel
979 1651 1092 1678 omnino
1107 1651 1134 1677 in
1152 1651 1278 1685 catalogo
1292 1650 1475 1682 sacerdotali;
1491 1657 1579 1685 neque
1598 1650 1724 1679 decimus

927 1701 1041 1724 octavus
1063 1697 1160 1724 eadem
1193 1696 1250 1723 fere
1277 1700 1413 1724 statuens.
1444 1696 1498 1723 Sed
1521 1695 1616 1731 accipe
1640 1696 1720 1728 illud,

927 1751 998 1776 esse,
1019 1751 1078 1777 pro,
1094 1742 1174 1777 ﬁeri;
1192 1747 1219 1770 et
1231 1743 1286 1775 dic,
1303 1742 1377 1778 quod
1399 1750 1496 1776 nemo,
1511 1742 1557 1778 qui
1573 1742 1613 1770 sic
1628 1742 1722 1778 lapsus

927 1792 979 1821 est,
995 1788 1142 1824 episcopali
1162 1789 1203 1816 vel
1221 1788 1388 1817 sacerdotali
1404 1788 1506 1816 honori
1523 1789 1623 1823 dignus
1635 1788 1722 1817 habe-

927 1835 1011 1862 bitur.
1031 1834 1081 1867 Qui
1105 1839 1195 1861 autem
1219 1839 1320 1868 praeter
1339 1833 1449 1862 decreta
1470 1833 1570 1869 dignus
1592 1833 1723 1866 habetur,

928 1878 1063 1914 siquidem
1088 1882 1130 1906 est
1146 1878 1306 1914 episcopus,
1329 1886 1383 1906 non
1403 1878 1588 1914 pestulabitur
1610 1883 1723 1914 propter

928 1925 1016 1952 dictas
1033 1931 1144 1958 causas,
1160 1924 1273 1959 etquod
1291 1924 1429 1951 antistites
1447 1931 1509 1951 cum
1524 1924 1642 1958 primum
1659 1928 1723 1951 sunt

929 1970 1059 2001 ordinati,
1077 1976 1132 1996 non
1153 1969 1241 1996 solum
1268 1969 1422 2004 apostolica
1442 1970 1530 2004 gratia
1552 1969 1627 2005 digiti
1643 1975 1723 2004 sunt,

929 2015 978 2043 sed
995 2014 1078 2041 etiam
1096 2013 1268 2049 prophetica.
1292 2013 1338 2040 Sic
1359 2013 1432 2041 enim
1449 2018 1476 2041 et
1491 2013 1556 2040 Saul
1572 2014 1643 2041 inter
1658 2022 1724 2049 pro.

930 2063 1038 2097 phetas,
1068 2066 1097 2088 et
1130 2061 1251 2095 Cuiphas
1283 2060 1387 2087 invitus
1417 2060 1630 2095 prophetizavit.
1659 2061 1724 2089 Erat

929 2108 1013 2139 enim,
1029 2108 1131 2143 inquit,
1145 2106 1266 2141 pontifex
1281 2106 1346 2133 anni
1363 2105 1448 2133 illius.
1468 2104 1516 2132 Sin
1534 2106 1664 2134 sacerdos
1676 2106 1724 2139 sit,

929 2158 976 2181 aut
992 2154 1063 2182 alius
1083 2153 1172 2181 sacris
1191 2152 1332 2184 initiatus,
1347 2151 1513 2186 deponetur.
1532 2150 1603 2187 Lege
1618 2156 1645 2179 et
1661 2159 1722 2187 cap.

929 2200 964 2227 ‘29
981 2200 1022 2227 tit.
1040 2199 1056 2227 9
1077 2198 1223 2234 praesentis
1245 2198 1349 2233 operis,
1366 2202 1393 2225 et
1413 2197 1540 2225 invenies
1555 2197 1582 2224 in
1601 2205 1633 2225 eo
1649 2197 1725 2232 leges

933 2248 1067 2278 diversas,
1089 2253 1150 2281 quae
1170 2245 1256 2272 multa
1277 2244 1311 2271 de
1333 2243 1527 2271 sacerdotibus
1547 2249 1576 2270 et
1599 2243 1661 2271 aliis
1676 2243 1724 2278 qui

930 2297 996 2321 sunt
1020 2292 1047 2320 in
1071 2291 1159 2320 sacris
1184 2294 1323 2323 tractent;
1343 2289 1535 2325 episcoporum
1553 2295 1645 2320 autem
1663 2297 1724 2318 ouk

930 2340 997 2368 nino
1015 2337 1178 2365 mentionem
1194 2343 1247 2364 non
1263 2335 1379 2364 iaciunt.

968 2383 1094 2414 ZONAR.
1114 2382 1242 2418 Mysteria
1257 2382 1370 2417 quidem
1382 2381 1446 2410 olim
1461 2386 1563 2410 nostra:
1579 2383 1723 2419 religionis

931 2431 1023 2459 audita
1040 2429 1132 2465 plures
1145 2427 1335 2460 admittebant,
1351 2435 1384 2455 ac
1399 2427 1472 2461 lidei,
1489 2435 1550 2463 quae
1564 2428 1597 2456 de
1612 2429 1724 2457 Christo

932 2473 985 2509 est,
1004 2476 1084 2511 plane
1100 2473 1344 2506 assentiebantur;
1362 2472 1410 2501 sed
1429 2473 1557 2508 baptismi
1573 2474 1645 2502 diem
1665 2475 1725 2502 lon-

934 2524 995 2558 gius
1017 2520 1197 2549 nihilominus
1212 2518 1406 2547 extrahebant.
1421 2518 1471 2551 ,Ει
1487 2527 1542 2554 quo
1559 2524 1586 2546 et
1600 2518 1724 2553 Gregorii

934 2568 1064 2603 Theologi
1081 2571 1107 2595 et
1120 2565 1211 2601 magni
1227 2565 1321 2593 Basilii
1341 2565 1493 2597 orationes,
1509 2564 1608 2599 quibus
1624 2564 1658 2590 ad
1676 2565 1725 2592 ba-

935 2616 1064 2651 ptismum
1081 2612 1274 2643 hortabantur.
1292 2611 1435 2639 exstitere.
1453 2610 1539 2637 Erant
1565 2611 1655 2643 itaque
1678 2617 1725 2644 per

935 2671 966 2690 ea
987 2666 1121 2697 tempora,
1139 2659 1239 2693 quibus
1263 2665 1320 2686 rem
1344 2657 1529 2684 Christianam
1555 2655 1665 2690 tyranni
1680 2656 1721 2683 di-

935 2708 1082 2740 vexabant,
1098 2705 1234 2741 ejusmodi
1252 2704 1378 2731 homines
1399 2703 1469 2728 haud
1485 2702 1578 2736 pauci,
1593 2701 1641 2736 qui
1662 2710 1724 2730 cum

936 2754 1092 2783 Christiana
1119 2751 1290 2787 professione
1314 2751 1505 2780 censerentur,
1531 2747 1665 2782 baptismo
1683 2753 1725 2774 ta-

937 2809 997 2830 men
1025 2805 1199 2835 nequaquam
1221 2795 1310 2822 adhuc
1336 2793 1436 2828 expiati
1465 2792 1594 2822 fuissent.
1621 2791 1659 2822 De
1683 2793 1726 2822 his
