1935 3081
98 125 169 160 1193

619 127 659 157 IN
676 127 759 159 CAN.
781 128 875 160 XXIV
894 127 1000 160 CONC.
1019 129 1150 163 ANCYB.

1649 135 1717 168 119i

134 193 143 209 ι
165 182 327 218 ἀπήγξατο·
347 183 372 209 οἱ
388 182 539 214 συνειδότες
562 182 764 219 ἐκελεύσθησαν
787 185 816 211 ἐν
837 184 877 210 δε-

970 194 979 210 ι
1001 190 1125 222 stuprum
1143 192 1202 215 erat
1214 187 1319 215 illatum
1337 196 1367 216 se
1381 189 1534 218 suﬂ‘ocavit.
1547 190 1599 225 Qui
1615 194 1716 221 conscii

130 239 140 255 ι
161 229 256 264 καετίᾳ
267 229 393 264 δεχθῆναι
409 230 448 260 είς
464 229 528 260 τοὺς
544 229 716 262 συνεστῶτας
731 231 803 258 κατὰ
818 231 881 262 τοὺς

133 284 142 300 ι
164 275 334 310 ὡρισμένους
352 275 483 311 βαθμούς.
497 285 507 302 ι

137 321 236 348 ΒΛΛΣ.
257 321 323 348 Ἀπὸ
336 322 440 356 φάκτου
458 322 531 353 τινὸς
547 322 573 349 ol
592 322 713 358 Πατέρες
727 322 881 358 παρεκινή-

95 368 183 402 θησαν
196 368 241 394 τὸν
255 368 379 404 παρόντα
403 369 504 395 κανόνα
519 368 660 396 ἐκθέσθαι.
681 369 880 405 Προσηγγέλθη

96 414 150 448 γὰρ
165 415 258 446 αὐτοῖς
269 415 312 441 ὅτι
330 414 474 450 ἅνθρωπός
499 423 553 446 τις.
581 416 821 451 μνηστευσάμενος
836 415 881 442 κό-

95 469 158 496 ρην,
178 460 336 497 συνεφθάρη
358 461 428 496 μετά
454 461 505 496 τῆς
524 462 642 496 ἀδελφῆς
660 461 757 495 αὐτῆς,
777 461 815 493 ὼς
834 462 881 489 καὶ

94 506 166 533 κατὰ
187 507 307 542 γαστέρα
331 508 435 542 ταύτην
455 509 488 534 ὲκ
503 507 599 534 τούτου
621 508 764 535 συλλαϐεῖν
790 508 880 543 (τοῦτο

93 554 149 588 γάρ
163 554 222 580 ἐστι
238 554 268 580 τὸ
280 553 469 589 ἐπιφορῆσαι),
484 555 531 580 καὶ
553 555 621 588 μετά
644 553 723 580 τοῦτο
740 553 812 580 κατὰ
828 554 879 587 γά-

94 608 147 634 μου
162 601 306 626 κοινωνίαν
322 599 498 634 συνηρμόσθη
509 600 542 634 τῇ
559 599 649 634 οἰκείᾳ
666 600 783 634 μνηστῇ.
801 598 834 624 Ἦ
852 598 880 625 δὲ

92 646 248 680 αὐταδέλφη
273 645 376 680 ταύτης
393 646 443 672 σὺν
468 645 507 679 τῷ
531 645 712 680 ἁμαρτήματι
727 645 777 679 τῆς
799 645 880 679 αίμο-

94 691 186 725 μιξίας
200 691 345 726 ἐφόνευσεν
358 691 470 725 ἑαυτήν.
489 690 604 726 Ὢρισαν
619 690 666 717 οὖν
681 690 744 722 τοὺς
760 691 880 717 συνειδὸ-

92 745 143 769 τας
155 736 241 763 ταῦτα
262 738 297 763 τὰ
311 737 395 768 κακὰ,
411 736 479 772 μετά
493 736 636 763 δεκαετίαν
656 735 816 770 ὀφείλουσαν
836 736 881 763 διὰ

92 783 149 809 τῶν
165 783 290 818 συνήθων
315 782 430 818 βαθμῶν
455 781 612 818 παρελθεῖν,
629 782 757 817 δεχθῆναι
774 783 813 813 είς
829 781 880 817 τὴν

93 829 165 865 μετά
179 829 233 855 τῶν
248 829 353 855 πιστῶν
368 829 462 864 εὐχήν.
481 828 527 863 Μὴ
543 828 693 863 ἐναντιωθῇ
708 828 738 855 δέ
753 837 796 855 σοι
808 829 877 863 προς

91 877 178 903 ταῦτα
191 877 204 903 ὁ
216 875 257 913 οη¹
269 875 358 903 κανὼν
371 876 418 902 τοῦ
433 875 512 910 ἁγίου
523 876 675 908 Βασιλείου,
691 875 876 911 διοριζόμενος

93 923 164 959 μετὰ
175 923 245 950 ἑπτὰ
263 923 375 959 χρόνους
397 922 539 955 ἀξιοῦσθαι
563 923 618 949 τῶν
636 922 716 949 θείων
738 922 876 956 ἀγιασμὰ-

89 978 144 995 των
168 969 214 995 τὸν
239 966 464 1004 συναρμοσθέντα
485 967 557 994 κατά
581 967 664 1002 νόμον
687 967 777 1002 γάμου
799 967 877 993 δυσὶν

88 1014 220 1048 ἀδελφαῖς
233 1022 240 1029 ·
260 1013 378 1041 ἐνταῦθα
398 1014 453 1049 γὰρ
467 1014 553 1040 πολλὰ
566 1013 757 1048 ὲτολμήθησαν
773 1013 875 1046 ἄτοπα,

89 1060 215 1095 πορνεία,
229 1056 433 1095 ἀθεμιτογαμία
454 1059 501 1086 καὶ
523 1059 604 1093 φόνος
619 1067 625 1075 ·
643 1060 734 1085 ἐκεῖσε
755 1059 783 1085 δὲ
808 1059 876 1094 μόνη

90 1106 307 1141 ἀθεμιτογαμία.
338 1106 393 1132 Καὶ
419 1105 462 1132 διὰ
493 1105 573 1132 τοῦτο
594 1104 743 1139 βαρύτερον
769 1104 875 1140 ὡρίσθη

89 1149 144 1179 ὦδε
161 1151 191 1178 τὺ
209 1151 358 1187 ἐπιτίμιον.
379 1151 529 1187 Ἐρωτήσει
547 1150 575 1177 δέ
587 1159 639 1182 τις,
651 1149 701 1176 Διά
726 1150 752 1176 τί
777 1150 877 1185 ὁμοίως

89 1198 272 1234 ἔπιτιμῶνται
295 1198 353 1229 τοῖς
377 1198 540 1231 αὐτουργοῖς
563 1197 610 1223 καὶ
636 1197 660 1224 οἱ
699 1196 874 1229 συνειδότεςς

89 1245 198 1278 Λύσις.
219 1244 281 1271 Ἐπὶ
303 1244 358 1270 τῶν
377 1243 514 1279 ἀθεμίτων
536 1242 644 1278 γόιμων⁴
660 1241 741 1269 πλέον
763 1241 878 1277 ὤφειλον

89 1289 269 1325 ὲπιτιμᾶσθαι
286 1290 310 1316 οι
325 1289 478 1320 συνειδότες
501 1287 577 1323 παρά
601 1287 667 1319 τοὺς
692 1287 874 1323 αὐτουργούς.

88 1337 209 1368 Τούτους
226 1336 281 1372 γὰρ
306 1335 437 1367 πολλάκις
461 1334 596 1362 ἀκολασία
621 1333 752 1370 ἐρωτικὴ,
768 1335 814 1360 καὶ
838 1334 876 1369 μὴ

90 1383 282 1420 βουλομένους,
298 1382 415 1416 κατάγει
429 1381 498 1417 πρὸς
510 1381 540 1407 τὺ
556 1380 686 1415 ἀθέμιτον
700 1389 707 1396 ·
731 1381 831 1406 ἐκεῖνοι
848 1379 877 1406 δὲ

90 1429 276 1464 συγγνωστέοι
291 1429 341 1455 οὐκ
365 1428 449 1460 εἰσὶν,
470 1427 509 1459 ὡς
524 1427 570 1454 ἐπὶ
584 1426 623 1461 τῷ
643 1426 722 1461 κακῷ
747 1425 877 1462 συμπρά-

90 1477 186 1509 ξαντες
196 1475 281 1512 χωρὶς
296 1475 420 1510 ἀνάγκης
440 1474 524 1506 τινὸς,
540 1474 588 1500 καὶ
613 1473 873 1508 εὐχαριστείτωσαν,

972 241 981 257 ι
1003 231 1122 265 fuerant,
1146 234 1216 268 jussi
1246 239 1311 262 sunt
1330 235 1463 264 deccnnio
1490 237 1560 265 inter
1582 245 1642 271 eos,
1670 240 1716 274 qui

972 286 982 302 ι
1003 279 1170 312 consistunt,
1187 279 1282 315 recipi,
1297 287 1346 315 per
1360 281 1461 316 gradus
1475 281 1610 310 deﬁnitos.
1633 294 1642 310 ι

970 322 1065 352 BALS.
1087 324 1125 351 Et
1151 325 1223 353 facto
1237 327 1355 361 quodam
1382 327 1450 354 moti
1477 333 1541 356 sunt
1563 328 1668 362 Patres,
1687 335 1718 358 ut

933 375 1095 404 pun-sentem
1109 379 1242 399 canonem
1257 372 1380 400 ederent.
1395 372 1442 401 Eis
1462 374 1535 401 enim
1560 376 1714 404 nuntiatum

930 421 973 443 est
988 417 1133 451 quemdam
1149 418 1300 452 hominem,
1314 419 1357 447 cui
1375 419 1463 454 puella
1484 424 1543 448 erat
1567 421 1716 456 desponsa,

931 469 1053 490 sororem
1066 463 1127 498 ejus
1145 468 1351 499 constuprasse,
1374 471 1404 493 ut
1418 466 1463 494 illa
1490 468 1573 494 etiam
1587 475 1620 496 ex
1642 476 1676 496 eo
1690 469 1717 495 in

932 511 1011 534 utero
1051 510 1209 544 conciperet
1246 511 1334 545 (illud
1374 512 1448 540 enim
1489 513 1624 548 signiﬁcat
1666 522 1716 541 vox

931 553 1124 589 ὲπιφορῆσαι),
1136 559 1163 582 el
1178 561 1272 590 postea
1285 557 1451 586 matrimonii
1464 560 1596 588 societate
1607 568 1716 596 sponsae

931 607 989 627 sua:
1005 601 1169 636 conj-uictus
1182 607 1233 629 est.
1251 602 1316 637 Ejus
1334 608 1425 632 autem
1451 613 1540 638 soror,
1557 614 1618 634 cum
1644 608 1717 636 inco-

930 650 989 673 stus
1001 647 1125 681 crimine,
1138 648 1190 675 sibi
1202 648 1252 683 ipsi
1264 653 1378 677 mortem
1393 651 1536 678 conscivit.
1548 652 1718 682 Detinieruut

930 700 1008 728 ergo,
1038 697 1067 721 ut
1096 694 1142 728 qui
1168 695 1265 722 borum
1298 696 1431 723 malorum
1462 697 1570 726 fuerant
1597 700 1716 732 conscii,

929 743 992 773 post
1004 739 1166 767 decennium
1178 741 1250 775 quod
1264 741 1379 769 debebat
1395 750 1443 777 per
1452 743 1555 778 gradus
1569 751 1717 774 consuetos

930 785 1089 817 procedere.
1108 786 1142 814 ad
1160 787 1312 814 orationem
1330 796 1383 814 una
1401 796 1463 816 cum
1478 789 1603 818 ﬁdelibus
1619 791 1717 819 admit-

930 833 1063 857 terentur.
1093 829 1134 858 Ne
1156 831 1205 857 tibi
1231 835 1321 858 autem
1350 831 1394 859 bis
1419 834 1574 861 contrarius
1593 835 1717 862 videatur

929 882 1017 903 canon
1038 875 1072 903 78
1096 876 1184 904 sancti
1208 876 1313 910 Basilii,
1338 877 1499 911 decernens,
1524 885 1586 914 post
1612 885 1715 915 septem

929 928 1018 949 annos
1036 921 1191 949 divinorum
1215 928 1448 951 sacramentorum
1473 926 1647 960 perceptione
1673 927 1715 954 di-

929 976 1012 1003 gnum
1027 968 1119 996 haberi
1135 976 1208 1002 eum,
1227 969 1272 1004 qui
1288 969 1411 1005 legitimo
1426 970 1600 999 matrimonio
1611 973 1716 1000 duabus

929 1013 1070 1041 sororibus
1089 1013 1256 1049 conjunetus
1273 1018 1326 1041 est.
1344 1013 1396 1041 Hic
1409 1015 1482 1042 enim
1499 1015 1584 1043 multa
1609 1016 1714 1043 nefaria

928 1061 1076 1087 commissa
1090 1065 1174 1088 sunt:
1190 1060 1348 1093 fornicatio,
1367 1061 1492 1088 illicitum
1507 1063 1713 1090 matrimonium

928 1110 955 1134 et
969 1106 1057 1134 caedes
1072 1115 1079 1139 ;
1105 1106 1163 1134 illic
1176 1111 1277 1139 autem,
1294 1111 1399 1134 tantum
1420 1107 1556 1135 nefarium
1574 1109 1716 1137 matrimo-

928 1152 1015 1179 nium.
1031 1151 1063 1179 Et
1079 1157 1222 1187 propterea
1236 1153 1345 1188 gravior
1358 1153 1403 1181 hic
1428 1160 1509 1188 pmna
1535 1154 1645 1182 decreta
1660 1159 1712 1183 est.

911 1198 914 1199 ⁷
928 1198 1140 1233 lnterrogaverit
1155 1202 1246 1225 autem
1263 1198 1400 1234 quispiam
1413 1207 1420 1226 :
1434 1198 1491 1227 Cur
1502 1199 1531 1232 ii,
1546 1200 1593 1234 qui
1609 1201 1713 1229 conscii

928 1248 1003 1277 sunt,
1018 1251 1094 1275 aeque
1110 1244 1272 1279 puniuntur,
1286 1251 1318 1271 ac
1330 1244 1380 1279 ipsi
1399 1245 1526 1273 Actores?
1553 1246 1671 1274 Salutio.
1685 1247 1713 1273 In

928 1289 1031 1317 illicitis
1047 1297 1078 1317 ac
1093 1289 1206 1318 nefariis
1225 1289 1331 1322 nuptiis
1354 1290 1439 1326 magis
1456 1291 1548 1325 puniri
1569 1291 1669 1319 debent
1684 1292 1714 1324 ii,

927 1335 973 1371 qui
989 1339 1054 1363 sunt
1067 1336 1183 1370 conscii,
1199 1343 1280 1371 quam
1295 1336 1340 1370 qui
1353 1341 1448 1370 agunt.
1461 1337 1517 1363 Hos
1526 1337 1598 1364 enim
1610 1338 1713 1365 amoris

929 1381 1099 1416 impotentia,
1117 1388 1189 1416 saepe
1208 1382 1289 1409 etiam
1309 1381 1444 1414 nolentes,
1468 1382 1502 1409 ad
1519 1382 1546 1410 id
1572 1384 1646 1418 quod
1673 1388 1716 1410 est

928 1427 1053 1454 illicitum
1080 1427 1270 1462 nefariumque
1293 1427 1403 1454 deducit
1429 1435 1437 1454 :
1464 1427 1518 1454 illis
1542 1433 1633 1455 autem
1659 1435 1712 1455 non

927 1477 970 1501 est
983 1472 1073 1500 danda
1090 1473 1179 1505 venia,
1196 1473 1242 1507 qui
1257 1472 1360 1507 absque
1376 1472 1429 1499 ulla
1445 1471 1525 1508 401
1551 1473 1715 1500 necessitate

88 1524 132 1551 ὅτι
148 1523 249 1558 ὁμοίως
268 1523 325 1554 τοῖς
346 1521 508 1558 αὑτουργοῖ;
530 1521 701 1553 κολάζονται.
720 1520 875 1553 Συνειδότες

931 1518 1000 1552 malo
1018 1518 1149 1545 auxilium
1166 1518 1269 1551 tulere;
1284 1521 1310 1545 et
1326 1518 1395 1545 bene
1417 1524 1510 1545 secum
1534 1521 1626 1544 actum
1654 1524 1715 1545 esse

89 1570 119 1597 δέ
133 1570 204 1597 είσιν
217 1569 242 1596 οἱ
261 1568 483 1604 συμπράξαντες,
497 1567 527 1594 οὑ
547 1566 599 1603 μὴν
613 1567 638 1594 οι
653 1567 761 1602 ἔχοντες
783 1566 876 1598 ἁπλῶς

89 1616 205 1653 εἴδησιν,
220 1616 267 1643 καὶ
280 1614 403 1643 κωλῦσαι
418 1614 456 1651 μή
471 1614 626 1650 δυνάμενοι.

128 1752 250 1780 ΖΩΝᾹΡ.
280 1752 438 1787 Μνηστείαν
467 1759 509 1782 τις
538 1751 722 1785 συνεστήσατο
749 1750 796 1776 ἐπί
822 1758 874 1776 τινι

90 1799 164 1835 κόρῃ
177 1806 184 1815 ·
202 1798 286 1833 μήπω
300 1797 329 1823 δὲ
341 1797 395 1823 τῶν
407 1797 550 1831 γαμηλίων
565 1796 610 1822 ἐπ’
625 1796 718 1827 αὐτοῖς
733 1795 876 1822 τελεσθέν-

90 1854 155 1876 των,
171 1845 185 1871 ὁ
199 1843 323 1879 μνηστήρ
339 1842 494 1876 συνεφθάρη
508 1843 541 1876 τῇ
556 1841 657 1876 ἀδελφῇ
671 1841 723 1875 τῆς
737 1841 873 1876 μνηστῆς,

90 1891 128 1922 ὡς
153 1889 251 1923 ἔγκυον
268 1887 376 1922 ἐκείνην
405 1886 544 1921 γενέσθαι.
570 1886 656 1913 Τοῦτο
681 1886 736 1921 γάρ
765 1887 823 1912 ἐστι
845 1885 876 1912 τὸ

91 1936 260 1969 ἑπιφορῆσαι
289 1933 384 1967 αὑτήν.
411 1929 479 1958 Εἶτα
502 1932 516 1958 ό
541 1930 612 1966 ἀνὴρ
630 1932 719 1966 ἔγημε
741 1929 790 1966 τήν
808 1939 877 1966 μνη-

92 1981 170 2016 στὴν,
183 1980 200 2014 ή
216 1979 352 2013 φθαρεῖσα
366 1977 395 2004 δὲ
409 1976 563 2012 ἀπήγξατο.
583 1977 661 2003 Κατὰ
684 1975 739 2002 τῶν
761 1975 878 2002 συνειδό-

89 2035 145 2054 των
161 2025 208 2052 οὖν
227 2024 275 2060 τὴν
293 2025 393 2052 ἄτοπον
414 2023 518 2058 ταύτην
537 2022 637 2057 πρᾶξιν
663 2022 793 2049 δεκαετία
810 2020 878 2057 ὡρί-

91 2073 142 2108 σθη
169 2072 240 2100 ὥστε
253 2070 352 2101 αὐτοὺς
366 2069 468 2104 ταύτης
486 2067 675 2104 παρελθούσης
694 2068 822 2103 δεχθῆναι
836 2068 876 2098 είς

88 2119 154 2150 τοὺς
189 2115 372 2147 συνεστῶτας.
400 2115 430 2141 '0
455 2115 483 2141 δὲ
509 2114 555 2141 τοῦ
589 2113 708 2149 μεγάλου
733 2113 875 2140 Βασιλείου

90 2163 292 2198 ἑϐδομηκοστὸς
313 2162 409 2196 ὄγδοος
431 2159 533 2192 κανὼν,
559 2159 604 2186 τὸν
632 2159 679 2186 δύο
693 2159 812 2194 ἀδελφὰς
835 2159 875 2190 είς

91 2210 259 2237 συνοικέσιον
278 2208 449 2243 ἀγαγόμενον
463 2208 533 2233 κατὰ
545 2206 625 2233 ἄλλον
639 2206 687 2232 καὶ
710 2205 791 2232 ἄλλον
812 2206 875 2240 χρό-

89 2265 146 2288 νον,
158 2256 284 2282 ἐνιαυτὸν
306 2253 484 2288 προσκλαίειν
498 2251 596 2286 ὁρίζει,
612 2251 658 2277 δύο
684 2250 706 2277 δ’
737 2251 875 2286 ἐπακροᾶ-

91 2302 166 2334 σθαι,
182 2301 258 2336 τρεῖς
274 2299 450 2330 ὑποπίπτειν,
466 2296 505 2332 τῷ
520 2297 627 2332 ὲόδόμῳ
642 2296 804 2323 συνίσταθαι
820 2297 876 2327 τοῖς

91 2348 209 2379 πιστοῖς,
223 2346 269 2373 καὶ
285 2344 356 2372 οὕτω
372 2345 420 2379 τῆς
435 2344 591 2379 προσφορᾶς
605 2341 812 2375 καταξιοῦσθαι,
828 2343 876 2369 ἐὰν

94 2393 164 2430 μετά
175 2391 302 2428 δακρύων
332 2391 498 2425 μττανοήσῃ.
516 2388 594 2415 Εἴποι
620 2388 667 2414 οὖν
690 2387 723 2414 ἄν
746 2396 798 2420 τις,
816 2388 876 2419 Πῶς

91 2437 211 2466 ἐνταῦθα
226 2436 377 2472 βαρύτερον
402 2434 465 2465 τοὺς
487 2433 641 2464 συνειδάτας
655 2434 680 2459 οἱ
693 2434 743 2468 τῆς
764 2434 875 2460 συνόδου

92 2485 244 2515 ἑκόλασαν;
260 2480 345 2517 Οἶμαι
364 2480 453 2507 τοίνυν
473 2480 515 2506 ὅτι
534 2479 598 2505 ἔνθα
610 2479 657 2505 δύο
670 2479 787 2514 ἀδελφὰς
803 2480 816 2505 ό
829 2479 877 2506 αύ-

92 2532 139 2564 τὸς
162 2531 200 2562 εἰς
219 2529 308 2564 γάμον
321 2528 428 2561 ἄγεται,
445 2524 648 2561 ἀθεμιτογαμίᾳ
663 2525 732 2560 μόνῃ
750 2525 877 2560 πλημμε-

92 2578 181 2604 λεῖται
194 2583 201 2590 ·
223 2575 269 2600 ἐπὶ
289 2573 317 2599 δὲ
337 2572 385 2606 τῆς
403 2571 545 2606 παρούσης
565 2570 719 2602 ὑποθέσεως
740 2570 826 2598 πολλά
842 2573 877 2597 τὰ

93 2619 264 2655 τολμηθέντα
280 2615 362 2652 ἦσαν,
374 2616 461 2651 φθορὰ
474 2615 524 2651 τῆς
545 2615 693 2650 παρθένου,
710 2614 877 2650 ἀθεμιτογαυ

95 2669 157 2704 μία,
170 2667 206 2698 ὡς
218 2666 265 2692 δύο
275 2664 401 2698 ἀδελφαῖς
416 2663 462 2689 τοῦ
476 2661 558 2688 αὐτοῦ
571 2662 726 2697 μιχθέντος,
736 2663 782 2688 καὶ
797 2662 877 2696 φόνος

94 2716 128 2742 ὲκ
145 2714 194 2748 τῆς
209 2712 298 2742 αἰτίας
312 2710 416 2744 ταύτης
431 2708 589 2743 γενόμενος,
607 2709 655 2735 καὶ
673 2708 719 2735 διὰ
733 2707 813 2736 τοῦτο
828 2708 878 2745 βα-

98 2760 211 2796 ρύτερον
224 2757 327 2793 ὡρίσθη
345 2756 373 2782 τὸ
389 2754 537 2788 ἐπιτίμιον.

94 2805 206 2836 ΔΡΙΣΤ.
235 2813 244 2829 ι
266 2802 356 2837 Κόρην
371 2801 410 2832 τίς
440 2808 509 2831 τινος
533 2800 769 2836 μνηστευσάμενος
793 2810 878 2838 προσ-

136 2862 145 2878 .
167 2851 270 2886 quam
284 2851 316 2884 τῇ
328 2848 428 2882 ἀδελφῇ
446 2846 541 2881 αὐτῆς,
555 2845 613 2873 εἶτα
626 2847 675 2882 τὴν
687 2847 808 2883 μνηστὴν
818 2847 878 2876 ἐλα-

240 2898 377 2929 Puaot,
393 2900 452 2929 (in.
464 2894 644 2929 CXXXVII.

927 1563 1095 1595 existiment,
1111 1563 1183 1597 qttcd
1198 1570 1251 1591 non
1269 1557 1362 1597 magis.
1376 1569 1458 1597 quam
1485 1562 1503 1589 ii
1519 1562 1564 1597 qui
1592 1562 1715 1590 fecerunt

927 1610 1087 1645 puniantur.
1104 1609 1174 1637 Sunt
1190 1614 1281 1637 autem
1296 1608 1399 1636 conscii
1415 1608 1445 1640 ii.
1468 1609 1515 1644 qui
1532 1616 1614 1644 opera
1636 1608 1715 1644 juve-

927 1660 1008 1690 runt;
1024 1664 1079 1684 non
1091 1661 1180 1684 autem
1194 1656 1225 1688 ii,
1238 1655 1284 1691 qui
1296 1655 1381 1683 solam
1392 1655 1493 1683 habent
1503 1655 1713 1689 conscientiam,

926 1708 954 1732 et
974 1703 1120 1738 prohibere
1134 1707 1283 1738 nequeunt.

962 1749 1090 1778 ΖΟΝΑΒ..
1108 1749 1249 1785 Desponsa
1268 1749 1357 1778 fuerat
1382 1750 1491 1778 cuidam
1519 1749 1619 1785 puella,
1633 1749 1714 1784 cujus

927 1804 1049 1825 sororem
1065 1796 1168 1831 nuptiis
1182 1796 1302 1824 nondum
1319 1798 1438 1832 peractis
1450 1804 1568 1830 sponsus
1594 1796 1712 1827 vitiavit.

927 1851 988 1878 quae
1000 1843 1083 1870 etiam
1098 1850 1130 1870 ex
1147 1842 1194 1870 illo
1210 1843 1357 1870 concubitu
1383 1842 1494 1877 gravida
1517 1842 1586 1869 facta
1608 1846 1659 1870 est.
1674 1843 1713 1877 (ΙιΙ

926 1888 998 1916 ειιίιιι
1013 1887 1149 1922 significat
1163 1887 1276 1914 verbum
1299 1887 1490 1922 ὲπιφορῆσαι.)
1509 1887 1643 1921 Sponsum
1665 1887 1713 1913 de-

927 1932 990 1959 inde
1005 1935 1046 1959 vir
1062 1932 1122 1966 ejus
1138 1931 1275 1964 traduxit;
1292 1940 1354 1967 qnze
1368 1939 1432 1977 ζετο
1449 1933 1539 1959 fuerat
1562 1932 1654 1958 vitiata
1681 1939 1711 1958 se

927 1978 1083 2006 sudocavit.
1098 1977 1199 2004 Contra
1217 1977 1300 2012 igitur
1313 1976 1415 2012 indigni
1441 1976 1572 2004 facinoris
1587 1976 1714 2003 conscios

926 2023 1054 2052 decennii
1075 2030 1154 2058 ptena
1168 2023 1334 2054 constituta;
1356 2028 1411 2056 qtto
1436 2021 1546 2048 demum
1566 2021 1659 2054 elapso
1686 2020 1713 2046 in

927 2070 1048 2098 ﬁdelium
1064 2072 1230 2096 conventum
1246 2067 1442 2102 reciperentur.
1465 2066 1554 2101 Magni
1570 2074 1634 2093 vero
1660 2065 1712 2092 Ba-

927 2116 981 2144 silii
997 2115 1216 2150 scptuagesimus
1225 2118 1339 2141 octavus
1351 2121 1452 2146 canon,
1464 2113 1512 2148 qui
1523 2112 1592 2140 duas
1603 2119 1713 2140 sorores

928 2163 1037 2191 diverso
1052 2167 1174 2196 tempore
1188 2160 1309 2194 duxerit,
1327 2168 1381 2187 uno
1399 2167 1471 2187 anno
1493 2160 1520 2186 in
1544 2159 1618 2187 luctu
1632 2166 1711 2192 esse,

927 2208 1035 2237 duobus
1061 2208 1132 2236 ittter
1160 2206 1320 2238 audientes,
1350 2206 1439 2233 tribus
1472 2205 1499 2232 in
1529 2205 1713 2232 substratione

927 2256 1039 2292 degere,
1069 2254 1186 2290 septimo
1202 2254 1229 2281 in
1244 2253 1413 2281 consortium
1447 2252 1567 2280 lideliutu
1589 2251 1711 2285 admitti,

926 2308 953 2331 et
969 2304 1021 2335 sic,
1037 2303 1059 2329 si
1077 2309 1139 2329 cum
1155 2300 1285 2336 lacrymis
1308 2299 1497 2334 pwnitentiain
1522 2298 1619 2334 egerit,
1634 2298 1712 2326 obla-

927 2348 1002 2375 tione
1030 2347 1140 2381 dignum
1169 2345 1263 2372 haberi
1293 2344 1381 2379 jubet.
1397 2343 1507 2376 Quaeret
1528 2343 1610 2379 igitur
1635 2344 1712 2379 quis-

927 2394 1025 2429 piam:
1045 2392 1101 2419 Cur
1123 2391 1150 2418 in
1175 2398 1234 2421 eos,
1256 2391 1301 2425 qui
1326 2389 1429 2417 conscii
1457 2388 1574 2420 fuerant,
1601 2389 1713 2424 gravius

928 2438 980 2464 boc
997 2437 1056 2463 loco
1074 2435 1172 2470 synodi
1189 2434 1284 2462 Patres
1298 2433 1563 2461 animadverterint?
1579 2434 1634 2469 Ego
1647 2441 1712 2461 vero

927 2487 1071 2518 propterea
1085 2481 1109 2508 id
1127 2480 1227 2508 factum
1240 2481 1377 2512 existimo,
1391 2479 1462 2514 quod
1475 2479 1521 2514 qui
1540 2478 1712 2506 matrimonio

929 2528 997 2555 duas
1013 2527 1064 2554 sibi
1080 2534 1191 2554 sorores
1204 2526 1304 2561 jungit,
1320 2526 1346 2552 iit
1362 2533 1396 2553 eo
1419 2530 1536 2556 tantum,
1563 2524 1636 2558 quod
1657 2531 1713 2550 ve-

929 2574 986 2601 titis
1016 2580 1046 2600 se
1075 2572 1179 2607 nuptiis
1204 2571 1364 2606 alligaverit,
1392 2575 1487 2605 peccat
1510 2577 1518 2597 :
1543 2569 1569 2596 in
1582 2568 1712 2603 praesenti

929 2625 1019 2647 autem
1038 2618 1112 2647 facto
1127 2618 1213 2646 multa
1227 2618 1331 2646 scelera
1346 2617 1474 2649 inerant;
1489 2615 1563 2650 virgo
1575 2618 1711 2649 stnprata,

929 2666 1031 2702 nuptize
1057 2665 1179 2698 nefariae,
1214 2672 1278 2692 cum
1304 2663 1411 2691 duabus
1439 2662 1545 2690 scilicet
1568 2661 1712 2688 sororibus

929 2713 1028 2744 coitus,
1049 2716 1106 2739 tum
1120 2711 1218 2739 exinde
1240 2716 1350 2744 quoque
1370 2713 1464 2735 secuta
1479 2710 1586 2740 caedes;
1607 2706 1711 2734 idcirco

928 2757 1100 2794 gwioribus
1113 2758 1201 2792 ptnnis
1212 2756 1276 2788 jure
1291 2755 1411 2781 damnati
1429 2757 1505 2781 sunt.

928 2799 1043 2831 ARIST.
1060 2812 1069 2829 ι
1090 2802 1206 2835 Quidam
1222 2808 1284 2827 cum
1302 2799 1418 2834 puellam
1431 2800 1637 2834 desponsasset,
1664 2808 1711 2828 so—

973 2858 982 2874 ι
999 2855 1088 2876 rorem
1106 2847 1166 2882 ejus
1185 2845 1306 2881 violavit,
1320 2845 1418 2873 deinde
1439 2853 1568 2881 sponsatn
1594 2847 1708 2882 accepit.
