1935 3081
136 140 204 174 1197

648 140 689 170 ΙΝ
711 140 795 170 CAN.
817 139 848 170 Il
862 140 967 170 CONC.
989 139 1206 170 NEOCIESAR.

1687 133 1754 166 “98

168 198 267 226 ΒΑΛΣ.
287 197 319 225 '0
332 197 510 230 ἀποστολικδς
533 197 579 231 κς¹
605 198 695 226 κανὼν
714 199 777 230 τοὺς
800 198 847 225 τοῦ
877 199 923 235 βή-

1013 198 1110 227 BALS.
1128 198 1301 234 Apostolicus
1315 204 1403 225 canon
1425 196 1460 224 26
1475 201 1533 230 cos,
1557 195 1603 231 qui
1627 200 1693 224 sunt
1710 203 1757 223 ec-

136 252 231 280 ματος,
256 244 476 279 συναπτομένους
509 244 578 280 μετὰ
599 245 649 280 τὴν
675 245 844 279 χειροτονίαν
871 253 921 278 γυ-

135 290 207 323 ναιξὶ
222 290 293 317 κατὰ
308 290 389 324 νόμον
409 289 510 325 γάμου,
526 289 717 324 καθαιρεῖσθαι
735 290 920 318 διατάττεται.

135 335 190 363 Καὶ
216 336 230 361 ὁ
252 334 347 370 παρὼν
370 335 461 362 κανὼν
477 335 636 370 παρομοίως
666 334 739 369 αὐτῷ
763 334 920 370 διορίζεται.

142 381 256 413 Ἐπάγει
278 381 307 408 δὲ
327 381 381 414 ὅτι,
400 381 447 407 ὲάν
460 389 500 413 τις
519 381 548 413 ἐξ
569 381 659 408 αὐτῶν
673 381 812 417 πορνεύσῃ
827 381 843 416 ἢ
861 390 921 416 μοι-

136 427 231 462 χεύσῃ,
246 427 277 453 οὐ
292 427 372 462 μόνον
385 427 626 462 καθαιρεθήσεται,
644 427 712 454 ἀλλὰ
728 427 836 462 καὶτῆς
853 427 922 462 μετὰ

135 473 189 498 τῶν
202 473 307 498 πιστῶν
333 473 477 504 κοινωνίας
499 473 710 508 ἐκϐληθήσεται,
728 474 775 500 καὶ
799 473 923 506 ἀναγκα-

136 518 268 552 σθήσεται
282 519 344 550 τοὺς
357 519 495 554 τέσσαρας
509 519 609 550 τόπους
628 519 678 553 τῆς
695 518 839 554 μετανοίας
854 518 924 544 διελ-

137 564 204 596 θεῖν,
218 564 264 590 καὶ
281 563 352 590 οὕτω
372 566 518 599 μετασχεῖν
546 564 601 590 τῶν
626 564 706 591 θείων
731 565 923 599 ἁγιασμάτων.

135 610 175 636 Τὰ
191 609 256 645 περὶ
273 609 376 636 τούτων
399 610 428 636 δὲ
446 610 620 646 ἀνῃρέθησαν
635 610 689 637 ἀπὸ
699 609 746 636 τοῦ
759 609 801 642 κζ’
814 611 924 642 κανόνος

134 655 183 690 τῆς
194 655 223 681 ἐν
242 656 403 691 Καρθαγένῃ
419 656 540 689 συνόδου,
553 656 600 682 καὶ
612 657 666 683 ἀπὸ
688 656 736 683 τοῦ
754 656 793 691 λβ¹
812 657 924 689 κανόνος

135 701 182 727 τοῦ
200 702 318 736 μεγάλου
341 701 498 735 Βασιλείου⁹
512 701 651 736 λέγοντος”
668 702 699 728 Οί
714 702 764 737 τὴν
789 702 860 737 πρὸς
876 703 925 730 θά-

136 755 216 774 νατον
236 747 372 782 ἁμαρτίαν
388 747 594 783 ἁμαρτάνοντες
606 747 734 783 κληρικοὶ
750 747 798 774 τοῦ
817 747 924 782 βαθμοῦ

137 794 321 828 κατάγονται·
349 794 398 828 τῆς
432 793 575 824 κοινωνίας
603 793 631 820 δὲ
661 792 716 819 τῶν
749 792 852 821 λαῖκῶν
875 793 924 820 οὐκ

136 839 315 874 ὲξείργονται.
333 839 371 865 Οὐ
385 839 439 874 γὰρ
455 838 610 873 ὲκδικήσεις
623 838 665 870 δὶς
677 839 724 865 ἐπὶ
737 838 768 864 τὸ
781 838 857 866 αὑτό.

972 244 1119 272 clesiastici
1142 243 1258 276 ordinis,
1283 243 1306 270 si
1340 241 1462 277 legitimo
1496 240 1672 268 matritnonio
1696 245 1757 275 post

972 290 1173 318 ordinationem
1184 289 1396 324 coniungantur,
1410 287 1508 322 deponi
1526 287 1612 322 jubet.
1632 286 1757 315 Praesens

972 344 1081 372 quoque
1089 343 1176 363 canon
1184 336 1208 362 ei
1217 335 1342 363 similiter
1349 334 1482 361 decernit,
1493 333 1642 368 Subjungit
1649 338 1757 361 autem:

973 382 1051 416 Quod
1068 382 1091 410 si
1107 382 1169 417 quis
1183 389 1215 409 ex
1233 381 1274 409 eis
1294 380 1448 408 fornicatus
1470 379 1561 412 fuerit,
1585 380 1628 407 vel
1653 379 1759 407 adulte-

973 427 1043 454 rium
1060 426 1239 459 commiserit,
1256 433 1311 453 non
1323 425 1411 453 solum
1427 425 1590 459 deponetur,
1613 424 1661 452 sed
1677 425 1758 452 etiam

974 482 988 501 a
1008 474 1127 502 ﬁdelium
1146 473 1339 502 communione
1352 473 1487 508 cjicietur,
1512 477 1538 500 et
1560 476 1678 507 quatuor
1699 479 1760 506 poe-

973 521 1094 549 nitentiae
1109 520 1167 548 loca
1183 520 1332 555 pervadere
1353 524 1474 554 cogetur;
1499 523 1526 546 et
1548 518 1589 546 sic
1612 525 1674 546 esse
1689 518 1760 545 divi-

974 575 1071 595 norum
1091 570 1326 594 sacramentorum
1347 565 1496 600 particeps.
1514 564 1581 597 Quae
1599 569 1689 591 autem
1708 563 1761 590 huc

974 619 1079 640 canone
1108 612 1305 643 continentur,
1331 611 1438 638 sublata
1451 614 1516 638 sunt
1545 617 1561 637 τι
1592 617 1698 637 canone
1725 609 1759 636 ‘27

974 657 1200 693 Carthaginensis
1230 656 1328 692 synodi
1369 661 1397 683 et
1427 663 1441 683 a
1472 663 1577 684 canone
1606 656 1641 683 52
1668 656 1760 691 magni

974 703 1079 735 Basilii,
1095 703 1211 730 dicentis
1227 711 1234 729 :
1250 701 1360 734 Clerici,
1381 701 1427 736 qui
1455 705 1597 736 peccatum
1623 701 1696 736 quod
1719 706 1762 728 est

975 751 1008 778 ad
1026 754 1141 777 mortem
1168 754 1290 785 peccant,
1316 758 1331 777 e
1358 750 1444 785 gradu
1471 749 1655 783 dejieitmtur:
1673 748 1720 777 sed
1745 756 1761 776 a

975 795 1106 822 laieorum
1132 795 1327 822 communione
1351 803 1405 822 non
1432 797 1571 823 arcentur.
1599 793 1659 821 Non
1686 793 1760 821 enim

973 840 1127 868 vindicabis
1140 840 1182 868 bis
1199 840 1226 867 in
1243 840 1374 875 idipsum.

173 886 296 913 ZQNAP.
320 885 385 913 Ἐὰν
407 884 497 919 γάμον
519 884 635 919 νομιμόν
655 883 726 920 τάχα
739 884 829 920 ἑαυτῷ
853 892 920 920 πρε-

1008 885 1135 914 ZONAR.
1152 886 1181 914 Si
1199 874 1339 915 mulierem
1358 886 1428 914 forte
1446 887 1574 922 legitimis
1588 887 1691 922 nuptiis
1707 886 1760 915 sibi

137 932 267 968 σῦὑτερος
281 931 446 968 συναλλάξῃ,
461 930 637 965 μετατίθεται
648 931 698 965 τῆς
710 930 814 963 τάξεως
827 930 921 963 αὐτοῦ,

135 977 198 1004 ἀντὶ
221 977 280 1008 τοῦ,
303 976 463 1004 ἐκϐάλλεται
481 975 531 1010 τῆς
557 975 727 1011 ἱερωσύνης·
749 975 924 1010 καθαιρείται

137 1024 203 1058 γάρ.
222 1023 285 1048 Ἐὰν
301 1022 330 1049 δὲ
346 1021 485 1057 πορνεύσῃ
496 1021 513 1056 ἢ
529 1021 672 1057 μοιχεύσῃ,
687 1021 799 1053 τελείως
814 1022 923 1055 ἐξωθεῖ-

136 1077 182 1095 ται
193 1069 241 1102 τῆς
258 1068 433 1103 Ἐκκλησίας,
458 1067 505 1093 καὶ
528 1068 568 1099 είς
596 1067 801 1102 μετανοούντων
824 1067 922 1101 ἄγεται

137 1114 230 1145 τόπον,
253 1113 324 1139 ὥστε
346 1112 533 1147 προσκλαίειν,
557 1112 606 1139 καὶ
629 1112 793 1147 ἀκροᾶσθαι,
815 1112 862 1139 καὶ
889 1113 925 1139 τὰ

138 1159 221 1186 λοιπὰ
237 1159 424 1193 ἀναπληροῦν.
434 1158 464 1186 '0
478 1158 506 1185 δὲ
527 1159 612 1193 μέγας
628 1157 765 1190 Βασίλειος
779 1158 808 1185 ὲν
819 1156 859 1193 λβ⁹
876 1167 925 1185 κα-

138 1206 196 1232 νόνι
223 1205 309 1240 ταῦτα
340 1204 415 1238 λέγει
445 1204 553 1239 ῥητῶς·
583 1205 615 1231 Οἱ
641 1204 689 1240 τὴν
717 1205 785 1239 πρὸς
809 1205 925 1232 θάνατον

138 1252 277 1287 ἁμαρτίαν
292 1236 496 1286 ἆμαρτάνοντες
511 1249 638 1285 κληρικοὶ
651 1236 699 1277 τοῦ
718 1236 824 1286 βαθμοῦ
840 1251 925 1279 κατά.

137 1307 233 1333 γονται
246 1306 253 1313 ·
268 1298 318 1332 τῆς
335 1296 478 1327 κοινωνίας
488 1296 517 1324 δὲ
532 1296 587 1323 τῶν
605 1295 706 1325 λαῖκῶν
720 1297 772 1323 οὐκ
788 1297 925 1332 ἐξείργον-

138 1353 193 1372 ται.
210 1345 247 1370 Οὐ
263 1344 317 1379 γὰρ
332 1343 485 1378 ὲκδικήσεις
496 1342 536 1374 δὶς
554 1343 600 1368 ἐπὶ
615 1342 646 1369 τὸ
660 1341 736 1369 αὑτό.
750 1342 789 1370 Τὰ
813 1343 882 1370 αὐτὰ
896 1342 925 1370 δὲ

139 1391 179 1424 τῷ
195 1390 307 1426 μεγάλῳ
331 1389 464 1424 Βασιλεὶῳ
485 1390 531 1416 καὶ
551 1389 568 1424 ή
591 1389 621 1415 έν
636 1389 801 1426 Καρθαγένῃ
817 1389 925 1422 σύνοδος

139 1436 310 1463 διατάττεται
327 1438 355 1462 έν
380 1436 422 1468 κζ’
440 1435 535 1462 κανόνι
555 1435 651 1470 αὐτῆς.
670 1435 805 1470 Ζητητέον
822 1433 868 1463 οὖν
889 1437 925 1462 τὰ

139 1483 199 1509 ἐκεῖ
208 1481 352 1517 εἰρημένα.
370 1480 455 1516 οἶμαι
469 1480 499 1507 δὲ
513 1480 560 1507 τὸν
575 1480 623 1507 τοῦ
641 1481 762 1515 μεγάλου
779 1481 923 1509 Βασιλείου

140 1529 188 1555 καὶ
199 1527 246 1554 τὸν
258 1528 306 1562 τῆς
321 1528 349 1553 ιν
361 1527 525 1565 Καρθαγένῃ
542 1527 653 1554 συνόδου
677 1528 925 1563 ἐπικρατεστέρους
938 1546 960 1577 c

140 1571 222 1604 εἶναι,
237 1572 275 1604 ὡς
292 1573 551 1608 μεταγενεστέρους,
565 1573 612 1600 καὶ
636 1573 675 1603 ὡς
698 1573 738 1608 τῷ
752 1574 925 1610 ἀποστολικῷ

141 1615 357 1654 συμφωνοῦντας
372 1619 480 1651 κανόνι,
493 1618 523 1650 ὃς
536 1619 599 1650 τοὺς
615 1618 663 1646 ἐπὶ
678 1619 795 1654 πορνείᾳ
810 1619 925 1651 ἁλόντας

141 1665 308 1700 ίερωμένους
346 1664 549 1700 καθαιρεῖσθαι,
588 1665 634 1692 καὶ

674 1663 713 1700 μὴ
746 1665 925 1700 ἀφορίζεσθαι

141 1709 226 1744 λέγει.
658 1726 663 1730 .

142 1850 253 1879 ΔΡΙΣΤ.
291 1859 300 1877 t
326 1851 421 1886 Γήμας
446 1851 630 1886 πρεσὸύτερος
667 1852 854 1887 μετατιθέσθω
876 1854 927 1889 τῆς

182 1907 193 1924 tt
212 1898 314 1930 τάξεως
325 1905 333 1912 ο
350 1897 503 1930 ἐξωθείσθω
518 1897 546 1924 δὲ
558 1897 746 1933 μοιχεύσας,ἢ
764 1898 926 1934 πορνεύσας,

180 1954 191 1971 ι
214 1946 261 1972 καὶ
276 1943 385 1980 ἀγέσθω
402 1944 443 1975 είς
460 1943 616 1979 μετάνοιαν.
637 1953 647 1970 ι

186 2036 217 2062 '0
230 2036 349 2070 γυναῖκα
362 2034 451 2061 λαὸὼν
466 2034 654 2070 πρεσϐύτερος
669 2035 719 2069 τῆς
734 2035 785 2070 μὲν
810 2035 927 2070 ιερωσύ‹

143 2091 193 2118 νης
219 2082 417 2118 μιτακινεῖται,
433 2081 483 2116 τῆς
506 2081 536 2108 δὲ
551 2081 634 2116 τιμῆς
657 2083 703 2107 καὶ
727 2082 777 2116 τῆς
793 2081 928 2115 καθέδρας

145 2129 265 2167 μετέχει.
296 2127 326 2155 '0
352 2128 381 2154 δὲ
404 2127 569 2163 πορνεύσας,
595 2127 612 2162 ἢ
641 2127 800 2163 μοιχεύσας.
824 2127 928 2154 τέλειον

143 2175 294 2209 ἐξωθεῖται,
308 2174 356 2201 καὶ
369 2175 409 2206 εἰς
424 2174 569 2209 μετάνοιαν
583 2174 690 2207 ἄγεται.

442 2219 566 2247 ΚΛΝΩΝ
589 2220 627 2247 Β¹.

148 2275 159 2292 «
180 2266 262 2301 Γυνὴ,
289 2265 337 2293 ἐὰν
363 2266 487 2301 γήμηται
509 2265 556 2293 δύο
593 2265 729 2300 ἀδελφοῖς,
773 2265 927 2298 ἐξωθείσθω

179 2321 188 2337 ι
211 2312 293 2346 μέχρι
307 2311 423 2338 θανάτου
442 2311 479 2346 μὴ
498 2311 646 2345 πειθομένη
662 2309 742 2336 λῦσαι
757 2309 803 2336 τὸν
817 2311 906 2345 γάμον
919 2317 926 2326 ·

182 2367 192 2384 ι
214 2359 284 2394 πλὴν
309 2359 339 2385 ὲν
363 2358 401 2393 τῷ
428 2358 534 2393 θανάτῳ
558 2358 603 2385 διὰ
629 2358 680 2393 τὴν
710 2357 925 2393 φιλανθρωπίαν,

181 2413 193 2429 ι
216 2403 332 2430 εἰποῦσα
343 2403 379 2434 ὡς
396 2403 530 2437 ὑγιάνασα
542 2403 619 2433 λύσει
634 2403 679 2429 τὸν
694 2403 792 2437 γάμον,
810 2402 865 2434 ἔξει
877 2401 927 2438 τὴν

183 2459 192 2475 ι
215 2449 373 2484 μετάνοιαν.
383 2448 447 2476 Ἐὰν
458 2448 486 2475 δὲ
498 2449 649 2484 τελευτήσῃ
662 2449 678 2484 ὴ
690 2448 759 2484 γυνὴ
772 2449 801 2474 ἐν
815 2448 926 2483 τοιούτῳ

183 2506 192 2521 ι
214 2497 295 2530 γάμῳ
310 2495 387 2526 οὖσα,
402 2495 462 2530 ήτοι
478 2496 492 2522 ὁ
506 2494 586 2530 ἀνὴρ,
601 2494 734 2530 δυσχερὴς
750 2491 788 2528 τῷ
802 2495 925 2529 μείναντι

180 2550 188 2566 ι
211 2541 228 2575 ἡ
248 2539 389 2575 μετάνοια.
413 2548 422 2565 ι

180 2630 278 2656 ΒΑΛΣ.
296 2630 328 2656 Οἱ
345 2628 395 2664 τῆς
417 2628 560 2664 παρούσης
585 2629 693 2657 συνόδου
715 2629 787 2662 ἅγιοι
804 2628 925 2663 Πατέρες

142 2674 287 2703 διώκουσιν
300 2674 354 2700 ἀπὸ
366 2675 413 2709 τῆς
426 2673 589 2709 Ἐκκλησίας
608 2673 689 2708 μέχρι
704 2673 829 2704 θανάτου,
841 2672 925 2706 ήγουν

144 2720 240 2756 μέχρις
255 2720 287 2746 ἂν
299 2720 338 2754 τῷ
351 2719 401 2754 βίῳ
416 2718 550 2753 περίεστι,
565 2718 612 2754 τὴν
628 2717 764 2745 λαϐοῦσαν
789 2717 860 2744 κατὰ
880 2718 925 2744 νὸς

145 2774 195 2801 μον
217 2766 306 2800 γάμου
330 2765 376 2792 δύο
399 2765 541 2799 ἀδελφοὺς,
558 2765 604 2791 καὶ
632 2764 669 2799 μὴ
692 2764 850 2791 ἀποστᾶσαν
874 2764 925 2800 τῆς

142 2811 371 2845 ἁθεμιτογαμίας.
393 2807 436 2842 Ὧς
451 2810 479 2836 δέ
495 2818 567 2841 τινος
590 2810 726 2841 εἰπόντος,
740 2809 771 2836 Εί
783 2810 811 2836 δὲ
824 2818 925 2836 καταν-

140 2856 219 2890 τήσει
231 2856 269 2888 είς
282 2855 406 2890 θάνατον,
423 2856 483 2883 οὐδὲ
497 2855 558 2883 τότε
574 2855 628 2883 τῶν
644 2855 725 2883 θείων
742 2855 924 2891 ἁγιασμάτων

973 932 1118 968 presbyter
1129 932 1276 967 copularit.
1292 933 1395 960 moveri
1411 933 1516 965 ordine,
1533 933 1583 960 hoc
1600 937 1652 966 est,
1669 940 1761 960 sacer—

974 977 1041 1005 dotii
1071 978 1204 1012 dignitate
1231 978 1332 1014 privari
1369 978 1543 1014 (tlepositioni
1586 978 1610 1006 is
1643 986 1761 1013 namque

974 1022 1108 1050 obnoxius
1118 1023 1175 1057 est)
1193 1030 1200 1050 :
1215 1024 1257 1050 sin
1271 1027 1362 1051 autem
1379 1027 1475 1059 stupro
1502 1031 1531 1052 se
1555 1029 1603 1051 aut
1627 1024 1761 1052 adulterio
1795 1036 1798 1039 η

975 1068 1112 1103 polluerit,
1129 1068 1163 1095 ab
1186 1068 1302 1096 ecclesia
1321 1076 1434 1104 prorsus
1449 1069 1557 1104 expelli,
1574 1076 1607 1096 ac
1619 1069 1646 1096 in
1671 1069 1761 1105 poeni-

975 1113 1090 1141 tentium
1107 1114 1254 1142 stationem
1272 1114 1398 1150 relegari,
1415 1115 1506 1150 ibique
1522 1115 1626 1151 lugere.
1653 1115 1759 1148 audire,

976 1159 1083 1194 aliaque
1105 1167 1248 1195 pinnarum
1279 1160 1445 1195 persolvere.
1479 1160 1522 1188 hic
1550 1167 1640 1188 canon
1668 1161 1759 1196 jubet.

976 1205 1086 1241 Magnus
1102 1209 1192 1234 autem
1206 1205 1322 1233 Basilius
1347 1206 1486 1234 tricesimo
1511 1207 1630 1234 secundo
1656 1214 1762 1235 canone

975 1251 1086 1278 totidem
1103 1251 1195 1279 verbis
1211 1258 1243 1279 ea
1258 1259 1319 1287 quae
1332 1255 1486 1287 sequuntur
1498 1253 1658 1287 pronuntiat
1682 1262 1690 1281 :
1707 1252 1759 1286 Qui

976 1301 1128 1333 peccatum,
1153 1297 1252 1333 inquit,
1278 1297 1310 1324 ad
1330 1303 1446 1326 mortem
1470 1298 1562 1326 clerici
1586 1304 1710 1334 peccant,
1727 1299 1761 1326 de

976 1342 1059 1378 gradu
1076 1349 1127 1370 suo
1144 1343 1331 1378 dejiciuntur;
1358 1351 1373 1370 a
1400 1343 1531 1371 laicorum
1552 1351 1616 1372 vero
1637 1352 1761 1372 commit-

975 1387 1057 1415 nione
1071 1395 1243 1424 nequaquam
1257 1393 1398 1416 arcentur.
1425 1388 1485 1416 Non
1511 1389 1584 1417 enim
1609 1389 1761 1418 vindicabis

975 1434 1018 1462 bis
1034 1434 1062 1462 in
1074 1434 1202 1470 idipsum.
1217 1434 1317 1463 Eadem
1331 1443 1406 1470 vero,
1428 1443 1490 1471 quae
1502 1443 1616 1471 magnus
1632 1436 1759 1469 Basilius,

975 1480 1198 1516 Carthaginensis
1213 1488 1324 1517 quoque
1341 1481 1465 1517 synodus
1486 1482 1617 1510 vicesimo
1643 1483 1760 1517 septimo

975 1534 1078 1555 canone
1094 1529 1202 1561 statuit;
1227 1536 1287 1563 quat
1311 1529 1347 1556 ibi
1359 1529 1478 1557 diximus
1495 1529 1651 1564 quaerenda.
1670 1528 1760 1565 Magni

976 1581 1057 1609 porro
1067 1573 1159 1602 Basilii
1169 1578 1194 1602 ct
1204 1574 1430 1610 Carthagincnsis
1438 1575 1535 1611 synodi
1547 1582 1666 1603 canones
1675 1575 1761 1610 magis

976 1622 1042 1654 puto
1068 1620 1226 1653 servandos,
1244 1620 1344 1655 quippe
1365 1619 1411 1655 qui
1437 1620 1605 1656 posteriores
1637 1620 1759 1653 fuerunt,

977 1665 1119 1701 magisque
1130 1672 1192 1693 cum
1206 1666 1357 1701 apostolico
1372 1673 1478 1694 canone
1504 1666 1696 1699 consentiunt;
1713 1668 1759 1701 qui

977 1715 1101 1740 sacratos
1126 1711 1250 1740 homines
1280 1711 1470 1740 fornicationis
1495 1719 1567 1744 reos.
1590 1712 1761 1747 depositione

979 1759 1095 1790 tantum,
1124 1764 1179 1784 non
1191 1756 1274 1784 etiam
1304 1757 1494 1792 segregatione
1522 1757 1677 1785 multandos
1699 1765 1761 1786 esse

977 1801 1109 1829 decernit.

976 1847 1090 1875 ARIST.
1120 1857 1131 1874 ι
1156 1848 1299 1883 Presbyter
1322 1848 1368 1883 qui
1390 1855 1503 1876 uxorem
1526 1848 1644 1882 duxerit,
1667 1849 1762 1877 ordino

1016 1902 1026 1919 ί
1045 1893 1215 1928 deponatur;
1241 1894 1263 1920 si
1283 1901 1347 1921 vero
1377 1894 1529 1922 moechatus
1558 1899 1605 1922 aut
1624 1899 1761 1923 scortatus

1015 1948 1025 1965 ι
1048 1939 1138 1971 fuerit,
1163 1940 1324 1974 expellatur,
1352 1943 1380 1967 et
1411 1939 1445 1966 ad
1470 1941 1659 1974 pwnitcntiam
1688 1942 1763 1968 redi-

1015 1993 1025 2010 l
1047 1989 1135 2020 gatur.
1156 1994 1166 2010 ι

1012 2029 1158 2065 Presbyter
1177 2037 1290 2058 uxorem
1316 2031 1420 2059 ducens
1444 2031 1600 2060 sacerdotio
1627 2037 1760 2065 movetur,

979 2076 1031 2103 sed
1047 2075 1178 2103 honorem
1194 2080 1222 2103 et
1236 2076 1392 2104 cathedram
1412 2078 1520 2105 retinet.
1537 2077 1589 2111 Qui
1611 2078 1763 2107 fornicatus

978 2125 1067 2148 autem
1085 2121 1147 2153 fuit.
1165 2125 1213 2148 aut
1228 2122 1394 2149 adulterium
1408 2120 1556 2156 commisit,
1572 2124 1693 2159 perfecte
1712 2132 1764 2153 ex-

978 2167 1097 2203 pellitur,
1114 2172 1141 2196 et
1152 2168 1185 2196 ad
1201 2169 1391 2203 ptenitentiam
1406 2159 1547 2205 redigitur.

1286 2214 1400 2243 CANON
1419 2215 1449 2243 ll.

981 2267 992 2285 ι
1015 2257 1138 2294 Femina,
1153 2260 1176 2287 si
1195 2260 1304 2288 duobus
1320 2260 1451 2289 fratribus
1474 2262 1609 2297 nupserit,
1632 2263 1762 2291 extruda-

1018 2314 1027 2331 ι
1050 2308 1095 2332 tur
1107 2313 1194 2340 usque
1209 2306 1242 2333 ad
1260 2311 1385 2340 mortem,
1401 2307 1424 2334 si
1437 2308 1640 2336 matrimonium
1656 2309 1763 2338 solvere

1016 2359 1028 2376 ι
1052 2357 1106 2378 non
1123 2351 1321 2386 persuadeatur
1339 2361 1346 2380 :
1363 2356 1391 2379 at
1406 2352 1432 2380 in
1448 2356 1546 2386 morte,
1573 2358 1683 2389 propter
1711 2355 1763 2383 hu-

1018 2405 1028 2422 l
1053 2396 1222 2430 manitatem,
1255 2398 1279 2425 si
1305 2398 1415 2433 dixerit,
1441 2400 1513 2434 quod
1541 2400 1563 2428 si
1581 2402 1760 2435 convaluerit.

1017 2451 1026 2467 ί
1048 2442 1134 2470 solvet
1160 2444 1384 2476 matrimonium,
1423 2445 1535 2473 habebit
1561 2447 1760 2481 pmniteutiam.

1018 2497 1027 2513 ι
1051 2488 1102 2516 Sed
1119 2488 1141 2516 si
1160 2494 1267 2517 mortua
1291 2489 1372 2518 fuerit.
1389 2492 1489 2519 mulier
1519 2492 1546 2519 in
1563 2492 1609 2519 tali
1635 2493 1762 2527 conjugio

1017 2543 1025 2558 ι
1046 2535 1191 2564 assistens.
1211 2535 1252 2562 vel
1267 2535 1327 2571 ejus
1340 2537 1463 2570 maritus,
1477 2537 1594 2565 diﬂicilis
1605 2542 1652 2565 est
1664 2546 1763 2572 super—

1016 2589 1025 2604 (
1048 2581 1103 2607 stiti
1122 2581 1290 2614 paenitentia.
1311 2591 1321 2607 ι

1014 2624 1111 2653 BALS.
1130 2627 1275 2655 Praesentis
1307 2628 1403 2663 synodi
1426 2628 1513 2656 sancti
1539 2627 1634 2656 Patres
1657 2628 1691 2655 ab
1717 2636 1763 2658 ec-

978 2670 1058 2698 clesia
1074 2671 1108 2698 ad
1133 2676 1246 2700 mortem
1271 2679 1357 2707 usque
1377 2673 1527 2707 expellunt,
1544 2673 1651 2701 scilicet
1675 2675 1763 2702 donec

978 2716 1003 2744 ei
1029 2718 1082 2745 vita
1110 2724 1244 2753 superest,
1262 2726 1322 2745 eam
1347 2726 1408 2752 quae
1437 2718 1560 2752 legitimo
1587 2720 1763 2752 matrimonio

977 2763 1047 2791 duos
1061 2763 1158 2792 fratres
1173 2764 1320 2798 acceperit,
1348 2767 1376 2791 et
1401 2771 1415 2790 a
1449 2764 1555 2792 nefario
1585 2765 1762 2794 matrimonio

977 2816 1032 2837 non
1049 2809 1197 2838 destiterit.
1213 2809 1355 2844 Tanquam
1371 2813 1461 2838 autem
1474 2810 1592 2839 dixisset
1606 2811 1761 2847 quispiam;

978 2854 1026 2883 Sin
1046 2860 1137 2884 autetn
1152 2855 1186 2882 ad
1206 2858 1320 2883 mortem
1337 2855 1502 2890 pervenerit,
1517 2863 1551 2885 ne
1569 2861 1636 2885 tunc
1652 2856 1762 2893 quidem
