1935 3081
156 148 157 151 π
187 127 256 162 119)

810 113 948 145 THEOD.
969 112 1172 144 BALSAMON

1740 108 1824 142 1200‘

184 184 278 212 divina
293 180 463 209 sacramenta
486 173 634 211 percipiet?
650 171 732 209 m3
758 170 968 205 subiunxerunt,

1033 168 1224 204 iEthﬁge-rat;
1237 167 1396 212 Ἐτεήγαγον
1420 165 1468 199 ὡς,
1487 165 1568 201 εῐπερ
1584 165 1614 193 ὲν
1629 164 1669 201 τῷ
1682 164 1818 200 τελευτᾷν

181 227 260 262 Quod
276 226 298 254 si
314 223 424 260 quidem
439 223 510 248 inter
522 215 851 251 moriendum,ejusmodi
872 215 970 242 mulier

182 260 223 307 se,
239 276 384 308 postquam
402 265 587 297 convaluerit,
610 264 790 299 separantlam
812 269 875 290 esse
899 260 971 288 adir-

183 307 249 351 met,
277 322 344 344 tunc
373 313 483 350 quidem
508 309 714 339 communionis
744 316 806 336 esse
835 307 972 343 particeps

185 367 301 394 sinetur.
318 361 371 389 S-d
385 363 529 395 postquam
545 365 559 384 a
573 357 670 384 morbo
689 356 805 383 liberata
823 353 916 385 fuerit,
944 356 971 380 et

186 421 201 440 ιι
217 410 322 438 nefario
334 407 462 442 conjugio
486 408 622 440 separata,
651 402 685 429 ad
710 401 897 438 paenitentiam
924 398 973 426 ad-

186 457 321 484 mittetur.
339 454 372 481 Et
385 454 436 480 hoc
450 451 559 486 quidem
576 448 717 484 procedet,
740 446 850 482 quando
873 445 901 472 in
915 445 971 472 vita

183 510 278 530 eorum
298 500 379 528 iuuerit
396 497 557 526 divortium.
574 496 603 523 Si
619 499 708 522 autem
726 501 778 520 una
792 501 823 520 ex
846 490 971 527 personis

183 549 212 576 in
229 547 334 575 unciario
349 544 525 572 matrimonio
545 540 709 571 decesserit,
737 539 761 566 ei
787 538 833 573 qui
860 537 973 564 relictus

184 598 237 627 est,
254 598 296 620 est
312 590 458 619 admodum
486 588 605 616 diilicilis
631 584 802 621 pwuitcntia.
819 583 870 617 Qui
898 582 972 610 enim

185 639 242 674 agit
259 636 448 672 paenitentiam
463 641 477 660 a
491 636 603 668 peccato
618 631 768 662 desistcns,
796 629 820 656 is
847 627 973 656 creditur

186 671 347 720 poenitentia
364 680 440 708 duci.
457 679 506 713 Qui
524 683 614 705 autem
640 677 673 704 ad
697 679 812 702 mortem
835 680 923 708 usque
939 671 973 699 ab

186 718 220 757 eo
237 736 291 756 non
314 725 431 758 desistit,
459 722 579 751 ostendit
605 721 676 756 quod
695 721 776 747 etiam
803 719 825 747 si
843 718 888 746 illa
911 724 974 752 pars

186 775 277 802 adhue
290 774 448 807 superesset
463 776 523 804 quae
546 771 589 794 est
616 770 736 794 mortua.
752 771 767 790 a
782 767 894 798 peccato
919 769 972 788 non

188 819 346 848 destitisset.
360 817 429 850 Quia
443 823 509 849 ergo
523 814 569 848 qui
592 813 668 844 vivit,
695 812 804 838 videtur
828 809 918 836 adhuc
945 807 973 834 in

1021 214 1039 248 ή
1063 213 1176 248 τοιαύτη
1212 211 1282 247 γυνὴ
1319 211 1472 247 κατάθηται
1509 210 1702 246 διαζευχθῆναι
1743 211 1819 245 μετὰ

1022 258 1127 293 ὑγείαν,
1155 258 1216 285 τότε
1241 259 1290 293 μὲν
1325 257 1489 292 μεταλαϐεῖν
1519 256 1815 293 παραχωρηθήσεται·

1024 305 1094 340 μετά
1106 304 1134 331 δὲ
1148 305 1179 331 τὸ
1199 303 1396 338 ἀπαλλαγῆναι
1409 303 1460 338 τῆς
1475 303 1566 334 νόσου.
1581 302 1630 329 καὶ
1656 301 1817 335 ἀποστῆναι

1021 352 1071 386 τῆς
1095 350 1327 386 ἀθεμιτογαμίας,
1342 349 1578 385 προσδεχθήσεται
1594 350 1634 380 εἰς
1651 348 1814 383 μετάνοιαν.

1022 397 1077 424 Καὶ
1091 396 1170 423 τοῦτο
1189 397 1238 431 μὲν
1255 396 1401 431 γενήσεται
1419 396 1484 422 ὅταν
1502 395 1592 430 προϐῇ
1606 395 1635 421 ὲν
1648 394 1705 429 ζωῇ
1718 394 1815 421 αὐτῶν

1022 443 1168 478 διαζύγιον.
1183 442 1247 469 Ἐὰν
1261 442 1289 469 δὲ
1305 442 1336 468 τὸ
1358 441 1386 468 ἐν
1408 442 1463 469 τῶν
1486 441 1639 476 πρσσώπων
1658 436 1736 476 ἔν’τῷ
1747 440 1819 467 ἀθε-

1025 488 1096 523 μίτῳ
1125 487 1207 522 γάμῳ
1239 487 1400 522 τελευτήσῃ.
1420 486 1554 522 δυσχερὴς
1581 487 1598 521 ή
1625 486 1756 521 μετάνοια
1777 485 1821 520 τῷ

1022 533 1236 570 περιλειφθέντι.
1272 532 1301 559 '0
1317 533 1370 568 γὰρ
1395 532 1547 567 μετανοῶν,
1565 532 1750 566 ἀφιστάμενος
1765 532 1819 566 τῆς

1023 578 1170 614 ἁμαρτίας,
1190 578 1349 605 πιστεύεται
1364 579 1503 612 μετανοεῖν
1513 584 1521 593 ο
1536 578 1550 603 ὁ
1562 577 1590 603 δὲ
1603 577 1684 612 μέχρι
1700 577 1820 604 θανάτου

1025 625 1063 660 μὴ
1075 623 1197 655 ἀποστὰς
1209 623 1296 658 αὐτῆς
1311 623 1446 650 δείκνυσιν
1463 624 1515 657 ὅτι,
1529 623 1555 650 εί
1569 623 1616 649 καὶ
1629 622 1669 648 ἐτι
1681 622 1780 657 περιῆν
1789 623 1821 648 rb

1022 670 1188 705 τελευτῆσαν
1204 670 1297 705 μέρος,
1313 669 1362 696 οὐκ
1376 669 1408 696 ἃν
1425 669 1530 703 ἀπέστη
1539 669 1588 702 τῆς
1606 667 1821 703 άμαριιίιις.ὀτι

1023 714 1072 743 οὖν
1090 717 1104 742 ὁ
1121 716 1175 748 ζῶν
1189 715 1368 750 ἀναφαίνεται
1393 715 1455 742 ὅσον
1470 715 1501 741 τὸ
1525 714 1568 741 ἐπ’
1582 713 1678 749 ἐκείνῳ
1691 713 1731 747 τῷ
1738 713 1822 747 κακῷ

1024 762 1173 797 ἐπιμένων,
1185 761 1346 797 δυσχέρειαν
1363 761 1419 794 ἔξει
1442 761 1510 796 πρὸς
1533 760 1689 794 μετάνοιαν.
1706 759 1820 785 Τούτων

1025 807 1112 838 οὕτως
1132 807 1250 842 ἑχόντων
1277 806 1314 842 μὴ
1339 806 1420 841 εἴπῃς
1438 804 1627 831 ὶναντιοῦσθαι
1642 803 1681 838 τῷ
1702 803 1822 838 παρόντι

188 874 221 894 eo
235 866 306 893 man
319 867 451 898 quantum
466 861 494 888 in
515 868 544 887 se
556 863 599 887 est
629 864 814 894 perseverare,
841 854 974 882 diﬂicilem

1033 853 1122 880 κανόνι
1149 853 1195 880 τὸν
1216 852 1262 879 τοῦ
1290 852 1410 887 μεγάλου
1427 851 1572 877 Βασιλείου
1597 853 1637 885 οη¹
1658 850 1760 877 κανόνα
1775 849 1822 875 λέ-

188 912 302 940 habebit
318 908 518 945 paenitentiam.
533 906 599 939 Qua:
613 913 674 932 cum
690 905 725 931 ita
741 911 771 930 se
799 901 926 932 habeant,
943 907 977 926 ne

188 957 290 986 dixeris
317 955 445 991 praesenti
473 953 572 979 canoni
596 949 737 977 adversari
763 947 854 991 magni
884 944 977 972 Basilii

189 986 326 1032 canoneui
335 1001 370 1028 ’18
382 1000 533 1030 dicentem,
552 1005 613 1025 eum
632 997 678 1032 qui
692 995 762 1023 duas
779 986 878 1020 uxores
900 990 978 1018 duxit

188 1051 216 1079 in
245 1045 430 1078 matrimonio,
454 1050 516 1079 post
545 1043 719 1079 septennium
742 1041 854 1074 (lignum
883 1037 977 1064 haberi

189 1096 236 1131 qui
264 1094 357 1122 divina
387 1095 560 1120 sacramenta
588 1087 732 1124 percipiat.
753 1087 878 1112 Prmsens
905 1084 978 1111 enim

189 1129 278 1170 canon
295 1139 416 1168 decernit
443 1138 477 1166 de
502 1136 616 1164 muliere
629 1142 690 1168 qua:
717 1131 853 1160 nefarium
882 1129 979 1157 matri-

189 1187 312 1216 monium
327 1185 474 1216 contraxit,
500 1187 527 1210 et
553 1182 587 1209 ab
603 1188 636 1208 eo
652 1183 707 1206 tota
727 1178 780 1205 vita
804 1184 857 1204 non
873 1180 915 1202 est
932 1182 978 1202 sc-

189 1236 295 1270 juncra,
308 1237 335 1260 et
354 1235 499 1267 propterea
515 1236 570 1256 non
592 1231 634 1255 est
659 1225 693 1253 ad
722 1224 910 1260 paenitentiam
932 1221 979 1248 ad-

191 1266 334 1308 inittenda.
355 1266 460 1304 iliictus
490 1277 581 1301 autem
611 1278 698 1298 canon
733 1269 808 1305 ponit
836 1275 909 1300 eum,
934 1266 979 1302 qui

191 1328 329 1356 nefarium
343 1323 549 1354 matrimonium
565 1319 713 1350 contraxit,
728 1326 743 1345 a
768 1321 882 1353 peccato
897 1315 982 1343 desti-

191 1376 268 1407 tisse,
283 1378 310 1402 et
322 1379 384 1401 eum
410 1374 552 1406 propterea
569 1368 602 1394 ad
633 1364 823 1402 paenitentiam
851 1361 980 1390 admittit.

190 1421 263 1456 Lege
279 1420 361 1447 etiam
376 1423 509 1444 canonem
536 1414 570 1442 39
591 1412 679 1441 sancti
711 1410 816 1442 Basilii,
848 1409 895 1445 qui
921 1415 981 1436 eam

191 1453 271 1493 vocat
294 1464 456 1494 adulteram,
472 1467 533 1495 qua:
548 1466 610 1486 cum
634 1456 758 1485 adultero
781 1455 872 1482 adhuc
898 1453 981 1482 coha-

1027 908 1110 935 γοντα
1128 899 1173 925 τὸν
1192 898 1239 925 δύο
1261 898 1379 932 ἀδελφὰς
1395 898 1436 929 είς
1459 897 1629 924 συνοικέσιον
1643 896 1821 930 ἀγαγόμενον

1030 946 1099 982 μετὰ
1114 945 1260 973 ἑπταετίαν
1283 943 1426 978 ἀξιοῦσθαι
1448 944 1502 970 τῶν
1529 943 1610 970 θείων
1627 943 1820 978 ἀγιασμάτων.

1034 992 1064 1018 '0
1081 992 1130 1026 μὲν
1157 991 1211 1026 γὰρ
1227 990 1323 1026 παρὼν
1338 990 1428 1017 κανὼν
1446 989 1590 1025 νομοθετεῖ
1604 991 1670 1024 περὶ
1687 989 1822 1024 γυναικὸς

1028 1039 1158 1075 ἀθέμιτον
1181 1039 1269 1074 γάμον
1297 1039 1464 1073 ποιησάσης,
1483 1038 1532 1065 καὶ
1557 1037 1596 1073 μὴ
1613 1037 1822 1072 διαζευχθείσης

1029 1086 1058 1118 EE
1071 1084 1153 1112 αὑτοῦ
1180 1084 1214 1111 δι’
1236 1085 1301 1119 ὅλης
1314 1085 1364 1120 τῆς
1393 1084 1468 1119 ζωῆς
1491 1083 1588 1118 αὐτῆς,
1611 1084 1660 1110 καὶ
1679 1083 1724 1109 διὰ
1739 1082 1823 1109 τοῦτο

1029 1130 1113 1166 οΰσης
1136 1129 1328 1165 ἀπαραδέκτου
1353 1130 1392 1160 είς
1411 1129 1557 1163 μετάνοιαν
1568 1138 1575 1145 ·
1595 1128 1610 1154 ὸ
1624 1129 1653 1156 δὲ
1668 1129 1764 1164 ῥηθεὶς
1776 1128 1824 1155 0s-

1033 1175 1140 1212 ματίζει
1151 1176 1197 1202 τὸν
1208 1171 1489 1210 ἀθεμιτογαμήσαντα
1502 1174 1656 1209 ἀποστῆναι
1666 1174 1716 1209 τῆς
1727 1174 1822 1209 ἀμαρ-

1031 1224 1102 1258 τίας,
1123 1225 1171 1251 καὶ
1201 1223 1245 1250 διὰ
1270 1223 1352 1250 τοῦτο
1375 1223 1554 1259 προσδέχεται
1578 1222 1661 1249 αὑτὸν
1676 1223 1716 1254 είς
1735 1223 1824 1257 μετά-

1031 1279 1116 1297 νοιαν.
1135 1269 1286 1304 Ἀνάγνωθι
1302 1269 1350 1296 καὶ
1368 1269 1414 1295 τδν
1431 1269 1471 1295 λθ¹
1485 1269 1586 1295 κανόνα
1601 1268 1650 1294 τοῦ
1666 1268 1745 1302 ἁγίου
1769 1267 1824 1295 Βα-

1032 1314 1325 1349 σιλείου,όνομάζοντα
1353 1314 1498 1349 μοιχαλίδα
1530 1313 1581 1350 τὴν
1598 1313 1638 1340 ἔτι
1662 1313 1702 1349 τῷ
1733 1313 1823 1349 μοιχῷ

1032 1361 1173 1393 συζῶσαν·
1190 1360 1260 1387 ὥστε
1276 1359 1429 1395 σημείωσαι
1444 1360 1485 1386 ὅτι
1506 1359 1545 1394 τῷ
1563 1359 1750 1394 ἁμαρτάνοντι
1773 1359 1824 1386 καὶ

1031 1407 1209 1442 ἀφισταμένῳ
1231 1406 1278 1433 τοῦ
1304 1405 1392 1433 κακοῦ
1413 1405 1540 1441 ἐπιτίμια
1560 1405 1689 1438 δίδονται,
1714 1405 1745 1432 οὺ
1769 1404 1825 1440 μὴν

1032 1453 1070 1488 τῷ
1086 1453 1242 1488 ὲπιμένοντι
1255 1460 1261 1469 ·
1278 1449 1356 1483 οὗτος
1371 1453 1426 1487 γὰρ
1448 1452 1538 1487 πάντη
1564 1450 1719 1485 ἀπόϐλητός
1734 1451 1824 1477 ἐστιν.

191 1514 271 1542 bitat.
285 1511 354 1538 Nota
371 1517 447 1544 ergo,
465 1506 536 1543 quod
554 1506 578 1533 ei
595 1505 641 1540 qui
668 1507 772 1540 peccat,
799 1506 826 1530 et
851 1510 866 1529 α
893 1501 981 1536 ι)ωηὶ-

1038 1499 1188 1535 Ἐρωτήσει
1202 1498 1231 1525 δέ
1242 1507 1295 1531 τις,
1311 1498 1342 1525 Εί
1355 1497 1385 1524 δὲ
1410 1498 1440 1524 οὺ
1455 1497 1566 1532 θελήσει
1583 1497 1599 1532 ἡ
1616 1496 1730 1532 ρηθεῖσα
1747 1496 1821 1530 γυνὴ

193 1560 278 1586 tentia
290 1556 408 1586 desistit,
424 1554 525 1581 dantur
550 1557 649 1586 pennae,
676 1556 731 1576 non
759 1552 850 1575 autem
877 1546 902 1574 ci
933 1546 981 1581 qui

193 1607 350 1640 perseverat
366 1611 373 1629 :
391 1601 450 1636 ipse
466 1598 539 1626 enim
557 1602 603 1624 est
624 1595 739 1623 omnino
756 1592 921 1628 ejiciendus.
940 1591 983 1619 ln-

194 1637 344 1684 terrogavit
369 1650 460 1674 autem
482 1643 620 1680 quispiam
638 1641 688 1670 :Si
711 1644 804 1667 autem
822 1639 891 1666 nolit
910 1637 984 1665 dicta

197 1697 294 1725 mulier
310 1693 455 1724 aillrmare,
469 1699 509 1723 se,
529 1693 676 1725 postquam
694 1685 878 1717 convaluerit,
904 1691 919 1711 a
934 1691 983 1711 ne-

197 1742 268 1770 fario
283 1741 336 1768 isto
352 1738 482 1773 coniugio
495 1734 690 1770 separandam,
703 1740 737 1760 an
749 1739 803 1759 non
817 1731 870 1759 erit
882 1735 984 1758 sancta:

197 1785 399 1816 communionis
417 1781 572 1819 particeps?
589 1779 705 1808 Salutio.
727 1778 851 1805 Pricaeus
874 1775 984 1811 quidem

196 1838 284 1862 cahou
303 1833 337 1860 de
352 1839 386 1859 eo
401 1829 470 1858 nihil
483 1829 557 1856 dicit.
581 1825 713 1853 Existimo
729 1828 820 1851 autem
849 1823 900 1850 hoc
923 1829 985 1849 esse

199 1880 312 1908 nimium
327 1885 343 1904 a
359 1874 548 1904 misericordia
578 1875 727 1902 remotum,
748 1869 770 1896 si
800 1875 842 1901 ea,
869 1875 931 1895 cum
949 1867 986 1893 sit

199 1925 362 1956 orthodoxa,
390 1930 422 1949 ne
451 1921 478 1948 in
502 1923 625 1947 extremo
650 1916 760 1951 quidem
785 1914 896 1949 spiritu,
914 1913 985 1940 bono

197 1972 297 1999 viatico
313 1970 395 2005 digna
407 1966 574 1995 censebitur.
593 1964 683 1997 Quare
700 1963 722 1990 si
738 1969 789 1989 nec
803 1961 856 1988 hoc
868 1959 980 1994 quidem

199 2014 387 2047 altirmaverit,
413 2012 498 2040 nihilo
530 2010 621 2038 secius
649 2011 752 2036 sancta:
778 2006 831 2034 erit
856 2012 982 2033 commu-

1031 1545 1199 1572 καταθέσθαι
1224 1545 1273 1580 τὴν
1291 1545 1361 1579 μετά
1388 1544 1437 1579 τὴν
1469 1544 1565 1578 ὑγείαν
1592 1543 1745 1570 ἀπόστασιν
1773 1542 1824 1569 τοῦ

1033 1591 1157 1619 τοιούτου
1184 1591 1315 1626 ἀθεμίτου
1341 1590 1443 1625 γάμου,
1457 1590 1488 1616 οὐ
1516 1589 1640 1625 μετάσχῃ
1665 1586 1825 1616 τελευτῶσα

1032 1638 1082 1673 τῆς
1094 1638 1174 1672 ἁγίας
1188 1636 1385 1673 μεταλήψεωςς
1399 1637 1507 1669 Λύσις.
1526 1635 1556 1662 Ὀ
1581 1636 1630 1671 μὲν
1654 1635 1752 1670 παρὼν
1775 1643 1826 1662 και

1033 1684 1087 1712 νὼν
1105 1684 1183 1711 οὐδέν
1196 1692 1223 1710 τι
1242 1684 1308 1718 περὶ
1327 1683 1423 1709 τούτου
1438 1681 1521 1718 φησίν
1532 1689 1539 1696 ·
1554 1680 1633 1717 οἶμαι
1646 1681 1674 1708 δὲ
1688 1683 1823 1716 ἀσυμπαε

1036 1731 1081 1763 θὲς
1093 1729 1164 1758 εἶναι
1178 1731 1208 1757 τὸ
1226 1730 1265 1765 μὴ
1279 1729 1428 1765 ἀξιωθῆναι
1453 1728 1560 1763 ταύτην
1577 1727 1624 1754 τοῦ
1648 1727 1731 1754 καλοῦ
1759 1728 1826 1761 ἐφο-

1035 1777 1090 1804 δίου
1125 1778 1155 1803 ὲν
1193 1778 1253 1807 ταῖς
1286 1775 1460 1806 τελευταίαις
1492 1775 1653 1807 ἀναπνοαῖς,
1680 1773 1825 1808 όρθόδοξον

1035 1822 1129 1849 οὖσαν.
1143 1823 1188 1848 Διὸ
1203 1822 1255 1848 κᾶν
1272 1822 1310 1857 μὴ
1335 1822 1438 1857 ποιήσῃ
1455 1820 1588 1856 τοιαύτην
1604 1819 1764 1850 κατάθεσιν,
1781 1818 1827 1845 διὰ

1038 1867 1088 1902 τῆς
1104 1866 1178 1898 θείας
1195 1866 1372 1901 μεταλήψεως
1386 1865 1616 1901 ὲςροδιασθήσεται
1627 1873 1634 1880 ·
1653 1866 1702 1891 καὶ
1726 1866 1751 1891 εί
1776 1865 1826 1899 μὲν

1040 1913 1173 1946 ὑγιάνασα
1184 1911 1252 1948 λύσῃ
1268 1912 1397 1947 ἀθέμιτον
1413 1913 1513 1947 γάμον,
1529 1910 1769 1946 παραδεχθήσεται
1785 1911 1826 1942 είς

1041 1957 1202 1992 μετάνοιαν·
1220 1957 1244 1982 εὶ
1266 1956 1294 1982 δὲ
1317 1957 1367 1991 μὴ,
1392 1957 1440 1992 τῆς
1459 1956 1622 1990 Ἐκκλησίας
1648 1956 1827 1983 παντάπασιν

1038 2003 1324 2040 ὲξοστρακισθήσεται,
1340 2003 1376 2034 ὼ,
1392 2003 1431 2038 τῷ
1445 2003 1522 2038 κακῷ
1538 2002 1718 2037 ἐπιμένουσα.

200 2062 292 2090 uionis
315 2061 452 2096 particeps
478 2062 531 2086 :et
561 2057 595 2088 si,
628 2059 773 2090 postquam
803 2052 988 2097 convaluerit,
1008 2051 1096 2078 solvat
1130 2050 1266 2078 nefarium
1300 2050 1469 2085 conjugium,
1497 2050 1531 2077 ad
1560 2050 1748 2084 pmnitentiam
1779 2049 1827 2077 ad-

199 2109 324 2135 mittetur
341 2115 348 2134 :
363 2106 406 2133 sin
420 2104 524 2137 minus,
540 2103 574 2130 ab
593 2101 711 2130 ecclesia
729 2101 841 2128 omnino
855 2097 1094 2130 exterminabitur.
1109 2103 1139 2124 ut
1154 2105 1214 2133 quae
1226 2098 1253 2125 in
1270 2098 1342 2125 malo
1358 2102 1524 2133 perseveret.

235 2153 362 2184 ZONAR.
394 2152 422 2181 Si
445 2160 499 2188 qua
525 2151 623 2179 mulier
651 2150 759 2185 nuptias
785 2155 848 2175 cum
878 2147 987 2175 duobus

1077 2146 1200 2173 ΖΩΝΑΡ.
1225 2146 1290 2173 Ἐὰν
1314 2146 1384 2180 γυνὴ
1411 2145 1483 2172 κατά
1509 2145 1599 2179 γάμον
1625 2143 1672 2170 δύο
1704 2144 1828 2178 ἀδελφοῖς

202 2203 335 2231 fratribus
349 2199 531 2232 contraxerit,
559 2205 609 2225 nec
626 2202 656 2225 ut
671 2204 719 2224 eas
735 2194 867 2223 dissolvat
889 2194 979 2221 adduc

1042 2194 1201 2228 συνοικήσῃ,
1219 2192 1371 2224 ἐξωθείσθω
1389 2193 1438 2227 τῆς
1449 2191 1597 2226 ἐκκλησίας
1609 2191 1691 2226 μέχρι
1710 2191 1828 2218 θανάτου

201 2250 301 2286 possit,
316 2253 392 2276 extra
408 2245 566 2277 ecclesiam,
582 2243 683 2278 inquit,
702 2241 792 2277 quoad
807 2240 916 2271 vixerit,
940 2245 988 2266 ex-

204 2283 341 2322 trudatur.
358 2291 436 2324 Quod
453 2291 475 2318 si
493 2290 566 2317 inter
577 2288 750 2316 moriendum
765 2286 799 2314 de
815 2283 990 2313 dissoli'endo

203 2339 332 2376 conjugio
358 2339 381 2366 si
408 2335 579 2364 convaluerit
601 2335 774 2370 polliceatur,
790 2336 893 2360 sancta:
913 2338 991 2359 com-

203 2383 346 2413 munionis
366 2387 432 2409 tunc
450 2381 563 2416 quidem
582 2379 720 2415 particeps
737 2378 802 2405 liet:
824 2383 918 2404 verum
941 2376 990 2403 de-

205 2431 286 2467 pulso
310 2428 407 2456 morbo
433 2427 623 2464 paenitentiam
652 2425 773 2457 habebit,
801 2423 852 2451 hoc
881 2426 933 2455 est,
957 2422 990 2450 ad

208 2476 398 2514 pmnitentiam
413 2475 583 2503 admittetur.
602 2471 679 2505 Quod
698 2471 720 2499 si
745 2479 798 2498 una
815 2478 849 2498 ex
866 2469 907 2497 his
929 2477 992 2504 per—

205 2523 285 2550 sonis
299 2521 446 2548 interdicto
464 2518 593 2554 coniugio
607 2517 711 2552 illigata
734 2515 898 2548 decesserit,
922 2514 991 2542 ditii-

205 2569 267 2597 cilis
290 2567 459 2603 pmnilentia:
484 2565 555 2593 ratio
572 2564 715 2600 superstiti
733 2564 914 2598 relinquetur.
939 2561 991 2594 Qui

206 2616 280 2643 enim
298 2614 492 2649 pmnitentiam
517 2612 584 2646 agit,
610 2612 633 2638 is
656 2611 678 2638 si
703 2618 718 2637 a
739 2614 853 2645 peccato
876 2609 992 2636 desistat

208 2661 370 2696 pcenitentia
384 2660 447 2686 duci
470 2658 656 2686 existimatur.
681 2657 716 2684 At
737 2656 760 2684 si
779 2656 807 2683 in
832 2655 904 2682 malo
929 2662 993 2690 per-

205 2706 291 2738 sistit,
307 2705 370 2740 quis
387 2712 450 2732 eum
464 2704 624 2740 pmnitentia
639 2702 751 2730 admissi
766 2702 900 2729 facinoris
916 2699 990 2735 tangi

206 2751 312 2783 credat,
330 2755 378 2778 aut
395 2758 451 2786 quo
466 2756 545 2785 pacto
559 2750 603 2777 ille
618 2749 652 2777 ad
669 2748 857 2784 pmnitentiam
868 2750 873 2753 '
883 2746 991 2774 admitti

206 2796 300 2830 queat?
311 2796 362 2829 Qui
375 2803 439 2824 vero
452 2803 540 2830 usque
550 2795 583 2822 ad
594 2795 718 2822 mulieris
732 2794 836 2821 obitum
851 2799 991 2827 nunquam

206 2849 237 2869 se
261 2842 294 2868 ab
311 2841 459 2877 “legitimis
484 2842 588 2877 nuptiis
616 2841 754 2876 abjunxit,
779 2840 803 2868 is
822 2847 852 2868 se
876 2838 992 2867 muliere

1043 2240 1082 2276 μὴ
1098 2239 1247 2274 πειθομένη
1276 2238 1356 2266 λῦσαι
1369 2238 1416 2265 τὸν
1442 2237 1548 2272 γάμον·
1575 2238 1599 2263 εί
1616 2237 1645 2263 δὲ
1673 2237 1830 2271 Θνήσκουσα

1042 2285 1245 2321 ἐπαγγέλληται
1258 2285 1300 2312 ὅτι
1319 2285 1453 2319 ὐγιάνασα
1473 2283 1550 2310 λύσει
1564 2284 1610 2309 τὸν
1622 2282 1722 2317 γάμον,
1737 2281 1830 2313 τεύξε-

1042 2339 1087 2358 ται
1101 2333 1149 2367 τῆς
1163 2331 1245 2365 ἁγίας
1260 2330 1437 2366 μεταλήψεως
1453 2329 1525 2362 τότε,
1541 2328 1591 2355 καὶ
1606 2327 1829 2364 ἀναρρωσθείσα,

1041 2377 1097 2410 ἕξει
1112 2377 1268 2412 μετάνοιαν,
1278 2376 1337 2402 ἀντὶ
1355 2375 1413 2408 τοῦ,
1428 2375 1591 2410 δεχθήσεται
1611 2375 1654 2405 είς
1670 2373 1830 2409 μετάνοιαν.

1049 2423 1114 2450 Ἐὰν
1125 2423 1153 2449 δὲ
1169 2422 1199 2448 τὸ
1216 2422 1245 2449 ἐν
1263 2422 1318 2448 τῶν
1338 2421 1492 2456 προσώπων
1506 2420 1610 2446 τούτων
1629 2420 1659 2446 ὲν
1672 2420 1710 2454 τῷ
1731 2419 1830 2454 ἀθεμί-

1042 2479 1080 2504 τῳ
1091 2470 1173 2504 γάμῳ
1189 2468 1352 2504 τελευτήσῃ,
1369 2467 1506 2503 δυσχερὴς
1520 2467 1536 2502 ἡ
1557 2467 1688 2502 μετάνοια
1701 2466 1740 2501 τῷ
1751 2474 1832 2502 περι-

1042 2516 1190 2551 λειφθέντι.
1235 2515 1264 2541 ’0
1301 2515 1356 2550 γὰρ
1397 2513 1538 2549 μετανοῶν
1567 2513 1757 2549 ἀφιστάμενος
1778 2513 1830 2546 τῆς

1043 2563 1180 2598 ἁμαρτίας
1196 2562 1354 2588 πιστεύεται
1375 2562 1528 2596 μετανοεῖν,
1548 2559 1578 2586 El.
1595 2559 1617 2586 δ’
1636 2560 1675 2586 ἔτι
1691 2559 1722 2586 τὸ
1745 2559 1830 2586 κακὸν

1043 2610 1169 2645 πράττει,
1190 2608 1249 2639 πῶς
1271 2607 1463 2642 λογισθήσεται
1496 2605 1709 2641 μεταμέλεσθαι,
1735 2605 1752 2640 ἢ
1770 2604 1830 2636 πῶς

1042 2655 1204 2691 δεχθήσεται
1221 2655 1260 2685 εἰς
1279 2653 1442 2688 μετάνοιαν;
1466 2652 1495 2679 '0
1508 2653 1536 2678 δὲ
1552 2652 1634 2687 μέχρι
1650 2652 1768 2678 θανάτου
1780 2651 1831 2686 τῆς

1042 2702 1171 2737 γυναικὸς
1187 2701 1224 2736 μὴ
1243 2700 1365 2731 ἀποστὰς
1390 2699 1440 2734 τῆς
1456 2698 1677 2733 ἀθεμιτογαμίας
1692 2698 1832 2724 δείκνυσιν

1041 2749 1093 2781 ὃτι,
1112 2748 1137 2773 εί
1149 2747 1197 2773 καὶ
1210 2746 1250 2772 ἔτι
1263 2747 1372 2781 περιῆν.
1386 2745 1435 2772 οὐκ
1447 2745 1480 2771 ἂν
1497 2744 1603 2778 ἀπέστη
1617 2743 1667 2779 τῆς
1680 2743 1832 2778 ἁμαρτίας,

1042 2793 1079 2824 ὡς
1095 2791 1160 2826 γοῦν
1183 2791 1245 2817 ὅσον
1274 2790 1304 2816 τὸ
1326 2790 1371 2816 ὑπ’
1392 2790 1489 2824 ἐκείνῳ
1512 2789 1550 2824 τῷ
1573 2788 1651 2824 κακῷ
1679 2788 1830 2822 ἐπιμένων,

1042 2837 1202 2873 δυσχέρειαν
1218 2836 1274 2870 ἕξει
1290 2836 1358 2871 πρὸς
1372 2836 1421 2871 τὴν
1445 2835 1588 2870 μετάνοιαν
1600 2842 1607 2850 ·
1635 2833 1684 2861 καὶ
1707 2833 1832 2868 ὡσπερό
