1935 3081
70 143 141 178 1209

598 151 641 183 IN
660 153 743 184 CAN.
765 153 804 184 VI
824 152 928 185 CONC.
947 154 1172 188 NEOCESAR.

1631 155 1701 190 1210

66 205 98 233 ἐν
117 208 151 242 τῇ
167 207 233 242 εὐχῇ
261 208 347 241 ἔστιν,
375 208 533 244 ἀκροάσθω.
562 211 692 238 τουτέστι
705 210 775 246 μετὰ
805 212 850 238 τῶι

911 213 971 240 dem
987 221 1019 241 ex
1032 214 1228 249 perfectiorum
1236 221 1351 242 numero
1369 213 1459 247 fuerit,
1475 220 1570 242 corium
1582 215 1699 249 scilicet,

72 253 173 288 μέχρις
194 253 354 288 ἀκροάσεως
377 255 533 290 ἱσταμένων
556 257 659 291 στήτω,
693 258 718 283 εί
737 257 860 292 ἀπόσχη-

68 307 115 325 ται
129 299 177 325 τοῦ
190 300 371 335 ἁμαρτάνειν·
397 303 422 328 εί
443 302 471 328 δὲ
492 303 547 329 τῶν
560 303 743 338 ἀκροωμένων
773 304 857 337 ἐστὶν,

69 344 112 372 ἔτι
128 346 177 373 καὶ
193 347 357 382 ἁμαρτάνει,
384 348 548 382 ἐξωθείσθω,
569 349 631 376 ἀντὶ
660 350 708 376 τοῦ
737 349 789 383 ἔξω
810 350 860 385 τῆς

69 392 222 428 ἐκκλησίας
239 395 329 430 στήτω
346 395 417 430 μετά
430 395 485 422 τῶν
499 395 735 432 προσκλαιόντων.

71 528 188 555 ΔΡΙΣΤ.
221 537 231 554 ι
255 528 287 556 '0
304 530 333 556 ὲν
350 528 388 564 τῷ
400 530 580 564 κατηχεῖσθαι
610 530 785 564 ἁμαρτάνων,
811 531 859 559 ἐὰν

112 584 122 600 ε
145 575 210 608 γόνυ
229 575 328 602 κλίνων
347 577 446 611 μηκέτι
462 577 627 612 ἁμαρτάνοι,
649 578 806 614 ἀκροάσθω·
832 580 857 606 εί

112 630 121 646 ι
143 621 172 648 δὲ
195 622 242 649 καὶ
257 623 435 659 ἀκροώμενος
448 624 614 660 ἁμαρτάνοι,
631 624 724 652 τέλεον
738 625 859 652 ἀπωθει-
878 662 881 663 ν

106 677 116 692 σ
141 668 208 696 σθω.
237 679 246 695 t

103 714 156 741 Δύο
180 715 238 750 εἴδη
255 716 310 743 τῶν
336 718 552 754 κατηχουμένων
580 719 660 746 εἰσιν·
681 720 707 746 οί
733 719 783 754 μὲν
803 719 858 754 γὰρ

68 761 135 795 ἄρτι
153 762 365 798 προσέρχονται·
390 764 431 791 διὸ
448 765 496 791 καὶ
525 765 563 797 ὡς
586 765 759 799 ἀτελέστεροι
788 766 858 800 μετὰ

67 807 120 840 τὴν
133 807 267 841 ἀκρόασιν
280 809 335 835 τῶν
351 809 479 844 Γραφῶν,
493 810 541 836 καὶ
561 810 617 837 τῶν
630 810 712 837 θείων
732 811 858 844 Εὑαγγεο

65 851 135 878 λίων
155 853 238 885 εὐθὺς
250 854 370 888 ἐξίασινι
387 856 411 882 oi
425 856 454 882 δὲ
484 856 538 891 πρὸ
559 856 658 891 καιροῦ
689 856 854 891 προσῆλθον,

67 899 117 926 καὶ
131 901 261 934 γεγόνασι
275 900 435 935 τελεώτεροι
449 909 456 916 ·
470 902 533 928 ὄθεν
546 902 593 928 καὶ
606 902 675 937 μετὰ
690 903 720 929 τδ
732 902 856 936 Εὐαγγέ-

66 948 125 975 λιον
140 948 190 983 τὴν
203 948 249 974 ἐπὶ
262 948 318 979 τοῖς
339 949 556 983 κατηχουμένοις
576 948 660 984 εὐχὴν
676 949 854 984 ἀναμένουσι·

66 994 116 1021 καὶ
130 995 159 1021 ἐν
172 994 211 1030 τῷ
228 995 450 1029 προσφωνεῖσθαι
468 995 510 1027 τὴ,
524 996 556 1022 Οί
568 995 780 1031 κατηχούμενοι,
803 997 855 1028 τὰς

66 1041 190 1075 κεφαλὰς
206 1041 284 1076 ὑμῶν
297 1041 335 1076 τῷ
350 1042 575 1077 Κυρίῳκλίνατε,
585 1044 613 1069 τδ
625 1044 689 1077 γόνυ
704 1043 852 1071 κλινουσιν.

66 1089 100 1114 0t
119 1087 184 1120 γοῦν
203 1086 374 1121 τελεώτεροι,
390 1086 429 1118 ὡς
454 1087 600 1121 γευόμενοι
617 1088 700 1115 καλοῦ
717 1088 785 1115 Θεοῦ
804 1089 853 1125 ῥή-

65 1142 152 1168 ματα,
171 1133 219 1160 καὶ
236 1132 455 1168 παραπεσόντες,
481 1133 696 1167 μετακινοῦνται
720 1134 771 1169 τῆς
785 1135 851 1162 στά-

64 1188 148 1210 σεως,
171 1180 218 1205 καὶ.
234 1179 290 1210 τοῖς
308 1178 495 1212 ἀκροωμένοις
510 1179 717 1205 συντάττονται·
734 1179 796 1206 εἰδὲ
806 1181 852 1207 καὶ

61 1226 237 1260 ἀκροώμενοι
263 1224 463 1260 ἁμαρτάνουσι,
480 1226 532 1260 τῆς
568 1224 732 1261 Ἐκκλησίας
759 1225 852 1253 τέλεον

59 1271 241 1304 ὶξωθοῦνται,

364 1320 484 1347 ΚΑΝΩΝ
503 1319 549 1353 ς’.

64 1375 76 1391 ε
96 1366 165 1402 Περὶ
198 1366 399 1402 κυοφορούσης,
427 1366 468 1394 ὃτι
496 1366 537 1393 δεῖ
567 1366 745 1401 φωτίζεσθαι,
769 1368 851 1395 ὁπότε

99 1421 110 1438 ι
131 1411 266 1446 βούλεται.
303 1412 386 1439 Οὐδὲν
421 1412 476 1447 γὰρ
501 1413 530 1438 ἐν
561 1411 648 1447 τούτῳ
678 1415 804 1440 κοινωνεῖ
832 1415 849 1449 ἡ

101 1465 112 1482 ε
130 1456 261 1483 ⁸τίκτουσα
277 1456 314 1490 τῷ
327 1458 494 1492 τικτομένῳ·
519 1456 563 1483 διὰ
579 1457 610 1484 τὸ
634 1458 749 1485 ἑκάστου
782 1458 851 1486 ῑδίαν

102 1512 113 1529 ε
131 1502 180 1538 τὴν
204 1502 368 1538 προαίρεσιν
391 1502 441 1539 τὴν
469 1503 516 1530 ὲπὶ
541 1505 575 1540 τῇ
591 1504 723 1541 ὁμολογίᾳ
741 1505 850 1532 δείκνυ-

99 1558 109 1576 t
130 1549 204 1577 σθαι.
228 1559 238 1576 ι

99 1641 198 1669 ΒΑᾹΣ.
213 1640 294 1672 Τινὲς
305 1640 400 1675 ἔλεγον
413 1640 451 1676 μὴ
467 1642 587 1675 ὀφείλειν
607 1641 787 1677 βαπτίζεσθαι
800 1642 851 1676 τὰς

58 1687 92 1720 ἔξ
107 1687 230 1714 ἀπίστων
249 1688 282 1722 τῇ
316 1687 470 1723 Ἐκκλησία
495 1688 721 1724 προσερχομένας
749 1697 851 1723 κυοφο-

60 1734 175 1771 ρούσας,
194 1734 251 1760 ἀλλ’
263 1734 410 1769 ἀναμένειν
427 1734 476 1767 τὴν
491 1733 532 1766 eli
544 1735 575 1761 τδ
591 1735 650 1769 φῶς
670 1734 718 1762 τοῦ
736 1736 848 1763 τοκετοῦ

57 1781 211 1814 ἔξέλευσιν,
225 1781 268 1806 ἵνα
282 1780 331 1815 μὴ,
348 1780 451 1815 ταύτης
467 1781 681 1817 βαπτιζομένης,
700 1782 764 1818 δόξῃ
781 1791 850 1818 συμ-

57 1826 243 1859 ϐαπτίζεσθαι
259 1827 308 1853 καὶ
331 1826 362 1852 τδ
384 1826 634 1862 έγκυμονοὺμενον,
650 1828 688 1859 ὡς
706 1829 848 1863 ἡνωμένον

55 1871 148 1899 διόλου
164 1872 243 1906 αὐτῇ·
256 1870 404 1897 κάντεῦθεν
421 1871 490 1905 μετὰ
505 1871 535 1897 τδ
551 1871 730 1908 γεννηθῆναι,
744 1872 760 1907 ἢ
774 1873 850 1906 ἀφώ-

57 1925 156 1944 τιστον
179 1915 360 1950 καταλειφθῇ,
387 1915 403 1950 ἢ
433 1914 633 1950 βαπτιζόμενον
665 1915 776 1952 λογισθῇ
800 1917 849 1944 καὶ

56 1961 138 1993 αὖθις
157 1957 355 1997 βαπτίζεσθαι.“
371 1961 402 1986 Oi
417 1959 483 1994 γοῦν
501 1960 634 1995 Πατέρες,
647 1960 697 1996 τὴν
710 1960 848 1989 ἀντίθεσιν

56 2008 164 2042 ταύτην
186 2007 223 2042 μὴ
233 2005 466 2040 παραδεξάμενοι,
481 2005 589 2040 ὥρισαν
600 2007 848 2042 ἀποκριματίστως

58 2053 244 2091 βαπτίζεσθαι
266 2052 317 2084 τὰς
341 2051 543 2087 κυοφορούσας,
556 2052 603 2079 ὅτε
632 2052 784 2087 βούλοιντο,
804 2054 849 2082 διὰ

56 2100 89 2127 τδ
107 2099 244 2135 μηδεμίαν
260 2098 407 2125 κοινωνίαν
431 2098 542 2124 ὑπεῖναι
565 2099 599 2133 τῇ
629 2098 761 2135 τικτούσῃ
780 2099 849 2134 μετὰ

58 2144 109 2173 τοῦ
123 2144 298 2179 τικτομένου,
311 2143 373 2170 ὅσον
386 2144 428 2175 είς
443 2143 489 2170 τὸν
504 2143 584 2177 λόγον
596 2143 644 2170 τοῦ
662 2145 847 2180 φωτίσματος.

63 2191 170 2224 Ἀλλως
186 2199 227 2223 τε,
248 2190 342 2225 φασὶν,
358 2190 498 2224 ἀναγκαία
526 2190 600 2216 ἐστὶν
616 2191 632 2226 ἠ
647 2190 763 2218 ἑκάστου
780 2193 846 2227 ὁμο-

60 2238 142 2272 λογία
158 2237 187 2263 ἐν
202 2237 241 2271 τῷ
266 2236 458 2271 βαπτίζεσθαι·
476 2235 508 2267 τδ
529 2235 559 2263 δὲ
577 2235 698 2271 ἔμϐρυον
731 2238 846 2273 ἐστερη-

57 2285 142 2320 μένον
151 2282 300 2312 διαθέσεως
312 2282 341 2308 of:
353 2281 466 2308 δύναται
480 2281 531 2312 τὰς
546 2281 593 2307 ἐπὶ
617 2281 656 2316 τῷ
671 2281 846 2318 βαπτίσματι

55 2328 205 2365 ὁμολογίας
224 2327 348 2362 ποιῆσαι.
375 2326 535 2362 Προσετέθη
562 2327 591 2354 δὲ
617 2326 656 2362 τῷ
683 2327 777 2355 κανόνι
803 2328 844 2361 τὸ,

56 2376 102 2402 ὅτε
119 2374 269 2410 βούλοιντο,
284 2372 329 2399 διὰ
347 2372 410 2404 τοὺς
421 2372 554 2407 λιγοντας
569 2373 625 2408 πρὸ
642 2373 693 2409 μὲν
710 2374 758 2401 τοῦ
774 2375 845 2402 5180-

58 2420 206 2456 ποιηθῆναι
239 2419 271 2446 τδ
303 2418 425 2454 ἔμϐρυον
455 2419 495 2450 είς
519 2418 663 2455 ἄνθρωπον
694 2420 846 2453 ἀκινδύνως

60 2464 242 2502 βαπτίζεσθαι
267 2465 317 2500 τὴν
345 2464 452 2500 μητέρα
474 2465 692 2498 ἔγκυμονοῦσαν,
716 2466 787 2502 μετὰ
816 2466 845 2493 δὲ

58 2513 139 2540 τοῦτο
153 2511 190 2546 μὴ
212 2510 304 2542 καλῶς
326 2510 413 2545 αὐτὴν
442 2509 631 2544 βαπτίζεσθαι·
649 2512 694 2540 διὰ
717 2513 747 2540 τὸ
773 2512 845 2540 εἶναι

59 2557 189 2592 τοιαύτης
215 2555 364 2587 διαθέσεως
380 2555 411 2581 τὸ
436 2556 686 2592 ὲγκυμονοὺμενον,
702 2559 761 2590 οῐας
789 2560 844 2586 εἰσὶ

59 2603 107 2629 καὶ
123 2601 305 2637 ἀρτιγέννητα
322 2600 418 2635 νήπια,
436 2600 470 2627 τὰ
484 2601 521 2636 μὴ
535 2600 674 2636 δυνάμενα
687 2603 842 2640 ὁμολογεῖν.

58 2647 105 2674 Διό
114 2655 159 2674 τοι
177 2646 225 2673 καὶ
241 2645 319 2673 εἷπον
335 2647 361 2672 οἱ
375 2646 496 2680 Πατέρες
511 2646 555 2673 ἐπ’
570 2647 662 2680 ἀδείας
691 2647 765 2684 ἔχειν
794 2650 844 2684 τὴν

57 2692 274 2728 ὲγκυμονοῦσαν,
285 2693 330 2720 ὅτε
346 2693 418 2720 θέλει
436 2694 630 2728 βαπτίζεσθαι.
659 2695 700 2722 Τὰ
720 2696 770 2732 μὲν
785 2696 841 2731 γὰρ

60 2739 180 2775 ἔμϐρυα,
197 2739 271 2770 ὅπως
284 2739 379 2774 ἔχουσι
399 2739 557 2772 διαθέσεως,
588 2739 676 2772 οὐδεὶς
695 2743 844 2777 περιεργά.

58 2785 158 2812 σασθαι
174 2785 314 2820 δύναταιῆ
330 2785 524 2817 ἀναδέξασθαι·
539 2785 573 2812 τὰ
585 2785 614 2812 δὲ
630 2786 717 2822 νήπια
733 2787 778 2815 διὰ
787 2788 842 2815 τῶν

57 2831 262 2866 ἀναδεχομένων
277 2830 347 2858 αὐτὰ
358 2831 560 2865 κατατίθενται,
577 2832 625 2858 καὶ
637 2834 841 2868 πραγματικῶς

59 2876 231 2912 φωτιζόμενα
244 2876 322 2910 θείας
337 2876 529 2910 καταξιοῦνται
548 2876 720 2914 enm/cog.
756 2879 837 2907 Ἀνά-

911 260 956 294 qui
971 260 997 287 in
1014 261 1171 296 precatione
1194 268 1264 296 genu
1293 261 1419 293 ﬂectunt,
1443 261 1546 294 audiat,
1578 262 1631 290 hoc
1645 267 1700 296 eat,

910 314 973 334 cum
991 308 1024 336 iis
1042 308 1088 343 qui
1105 308 1253 336 auscultari
1275 308 1466 336 tantummodo
1493 309 1699 343 permittuntur,

911 353 934 380 si
951 353 1034 380 modo
1047 353 1126 380 linem
1142 354 1274 388 peccandi
1287 353 1393 387 fecerit,
1412 354 1566 387 consistat;
1583 355 1625 382 sin
1634 362 1700 382 vero

910 398 983 426 inter
997 399 1141 427 audientes
1156 407 1240 435 agens
1252 400 1343 426 adhuc
1362 404 1453 427 tamen
1478 400 1633 428 oﬂ'euderit.
1651 409 1700 428 ex-

910 444 986 479 pelli,
1001 445 1052 472 hoc
1064 450 1116 476 est,
1129 451 1206 473 extra
1217 445 1362 473 ecclesiam
1374 453 1436 473 cum
1450 445 1606 481 lugentibus
1615 451 1700 479 stare,

910 489 956 516 hic
971 497 1060 518 canon
1071 491 1160 525 jubet.

910 535 1026 563 ARIST.
1051 545 1060 562 ι
1081 536 1302 565 Catechnmenus
1324 537 1463 572 ipeccans,
1484 538 1518 570 si,
1536 538 1602 566 dum
1628 545 1698 574 genu

949 593 960 610 ι
981 583 1077 616 ﬂectit,
1090 585 1208 619 amplius
1221 585 1388 620 peccaverit,
1405 585 1476 612 inter
1489 585 1633 613 audientes
1645 585 1699 618 sit;

948 639 958 656 ‹
982 631 1036 664 sin,
1054 631 1117 658 dum
1134 633 1206 659 inter
1221 631 1367 659 audientes
1390 635 1441 664 est,
1465 635 1571 666 peccet,
1590 632 1700 667 penitus

950 685 960 702 ι
984 677 1122 710 ejiciatur.
1139 686 1149 704 ι

945 722 1011 750 Duae
1034 727 1100 750 sunt
1129 724 1235 758 species
1265 723 1527 751 catecliumcnornm
1549 724 1699 751 :nonnulli

908 768 979 794 enim
994 768 1075 794 modo
1089 768 1244 798 accedunt:
1263 768 1394 802 quocirca
1412 773 1439 795 et
1457 773 1487 795 ut
1509 769 1700 803 imperfectio-

907 820 951 840 res
964 817 1026 847 post
1042 813 1245 848 Scripturarutn
1257 818 1285 841 et
1300 814 1508 849 Evangeliorum
1529 814 1699 842 auditionem

907 858 998 886 statim
1012 859 1186 886 emittuntur.
1202 858 1254 886 Alii
1273 864 1363 886 autem
1376 862 1438 885 ante
1454 862 1562 893 tempus
1579 858 1693 893 aliquod

908 904 1088 936 advenerunt,
1109 909 1137 931 et
1166 903 1346 938 perfectiores
1374 908 1531 932 evaserunt.
1556 904 1648 937 Quare
1671 907 1699 932 et

907 954 969 983 post
987 948 1163 983 Evangelium
1192 956 1287 983 preces
1311 956 1360 984 pro
1387 949 1594 977 catechumenis
1612 950 1699 978 factas

907 998 1087 1028 exspectant;
1115 999 1143 1021 ct
1176 1001 1239 1022 cum
1269 994 1334 1022 illud
1356 995 1467 1026 dicitur,
1491 995 1698 1030 Catechumeni,

907 1039 996 1073 capita
1014 1043 1104 1066 vestra
1122 1039 1237 1066 Domino
1253 1039 1365 1073 ﬂectite,
1387 1047 1457 1075 genu
1468 1040 1589 1068 ﬂectunt.
1605 1041 1699 1069 Perfe-

907 1085 1008 1113 ctiores
1019 1085 1111 1120 itaque
1129 1090 1158 1112 ut
1173 1086 1218 1121 qui
1234 1086 1305 1113 bona
1322 1085 1369 1113 Dei
1385 1087 1468 1114 verba
1487 1091 1697 1122 pergnstarunt,

907 1131 929 1158 si
942 1129 1012 1164 lapsi
1044 1130 1158 1161 fuerint.
1187 1131 1306 1158 statione
1335 1138 1385 1159 sua
1414 1136 1570 1165 moventur,
1589 1137 1616 1160 et
1633 1140 1697 1160 cum

906 1176 1080 1204 audientibus
1106 1176 1299 1210 collocantur;
1330 1177 1352 1204 si
1382 1181 1486 1210 autem,
1512 1182 1540 1206 et
1560 1185 1624 1206 cum
1648 1186 1699 1205 au-

905 1223 1015 1250 dientes
1033 1223 1099 1256 sint,
1116 1226 1243 1258 peccant,
1267 1223 1301 1251 ab
1315 1224 1432 1252 ecclesia
1463 1224 1583 1259 perfecte
1601 1225 1698 1260 expel-

904 1268 1009 1297 luntur.

1198 1316 1313 1345 CANON
1340 1317 1387 1346 Vl.

907 1370 917 1387 ι
937 1361 978 1389 De
992 1370 1024 1390 ea
1053 1370 1114 1398 quae
1139 1367 1247 1391 uterum
1264 1364 1344 1399 gerit,
1374 1364 1447 1399 quod
1475 1369 1602 1400 oporteat
1634 1372 1695 1394 eam

942 1419 952 1436 ι
974 1410 1120 1444 baptizari,
1148 1410 1258 1444 quando
1284 1411 1364 1438 velit.
1393 1410 1552 1438 Niliilenim
1570 1418 1615 1442 ea.
1635 1419 1697 1446 qua:

943 1467 953 1484 ι
977 1458 1057 1492 parit,
1074 1465 1137 1484 cum
1158 1457 1226 1489 fetu,
1239 1457 1285 1492 qni
1309 1457 1426 1491 paritur,
1448 1457 1499 1485 hac
1529 1457 1557 1485 in
1574 1465 1603 1486 re
1618 1466 1692 1486 com-

942 1513 952 1530 ‹
973 1496 1060 1531 ’πηιησ
1077 1503 1183 1535 habet;
1214 1503 1287 1538 quod
1309 1503 1450 1538 proprium
1474 1503 1697 1539 uniuscujusque

864 1544 888 1574 α
941 1559 952 1576 ‹
974 1549 1130 1577 institutum
1143 1556 1176 1576 ac
1189 1549 1360 1584 propositum
1373 1548 1401 1576 in
1417 1548 1592 1578 confessione
1603 1556 1697 1579 osten-

941 1604 951 1621 ι
975 1595 1065 1622 datur.

937 1640 1037 1670 BALS.
1055 1640 1170 1674 Quidam
1191 1640 1330 1671 dicebant.
1356 1648 1411 1669 non
1436 1641 1537 1669 debere
1561 1641 1695 1677 baptizari

900 1686 1037 1722 gravidas,
1055 1694 1116 1722 qute
1144 1694 1177 1714 ex
1201 1687 1357 1715 infidelibus
1380 1687 1414 1715 ad
1443 1687 1592 1715 Ecclesiam
1616 1694 1696 1715 acce-

900 1733 980 1766 dunt,
994 1732 1042 1761 sed
1054 1738 1215 1768 exspectare
1245 1733 1318 1761 fetus
1336 1733 1363 1760 in
1393 1733 1481 1761 luccm
1505 1733 1633 1768 exitum;
1659 1740 1695 1760 ne

899 1778 965 1806 dum
979 1786 1010 1806 ea
1028 1778 1194 1813 baptizatur,
1214 1778 1341 1806 videatur
1356 1786 1467 1814 quoque
1484 1787 1538 1807 una
1560 1779 1695 1813 baptizari

901 1824 987 1855 fetus,
1008 1831 1090 1859 quem
1116 1824 1144 1851 in
1172 1828 1252 1852 utero
1275 1825 1358 1859 gerit,
1371 1829 1401 1852 ut
1418 1825 1464 1860 qui
1480 1826 1518 1852 sit
1540 1825 1565 1852 ei
1582 1824 1695 1852 omnino

899 1869 1015 1897 unitus:
1031 1877 1088 1904 quo
1102 1869 1131 1896 iit
1148 1873 1178 1896 ut
1193 1874 1339 1905 postquam
1365 1874 1449 1897 natus
1465 1870 1558 1902 fuerit,
1574 1870 1616 1897 vel
1637 1878 1694 1898 non

900 1914 1057 1950 baptizatus
1080 1914 1262 1949 relinquetur,
1287 1915 1330 1942 vel
1355 1915 1378 1942 si
1411 1915 1579 1950 baptizetur,
1599 1923 1695 1944 rursus

900 1961 1036 1995 baptizari
1052 1965 1205 1995 repuletur.
1227 1960 1323 1988 Patres
1351 1960 1456 1996 itaque.
1474 1962 1524 1988 hac
1548 1961 1694 1989 contradi-

901 2008 992 2034 ctione
1005 2014 1060 2034 non
1074 2006 1205 2039 admissa,
1235 2009 1403 2039 statuerunt,
1421 2010 1449 2034 ut
1468 2007 1528 2034 sine
1552 2006 1607 2033 ullo
1623 2014 1694 2041 prae-

898 2054 1003 2090 judicio
1016 2053 1191 2088 baptizentur
1209 2056 1383 2087 prmgnantes
1415 2052 1556 2085 mulieres,
1582 2052 1694 2086 quando

901 2099 1054 2132 voluerint;
1070 2105 1102 2126 eo
1114 2098 1188 2132 quod
1202 2097 1272 2125 nihil
1287 2098 1385 2125 habeat
1398 2104 1545 2125 commune
1559 2105 1694 2132 puerpera

902 2151 965 2171 cum
983 2143 1039 2170 fetu
1060 2144 1108 2177 qui
1125 2143 1242 2177 paritur,
1261 2142 1334 2178 quod
1348 2142 1379 2170 ad
1394 2142 1562 2176 baptismum
1580 2142 1692 2170 attinet.

901 2189 1030 2223 Maxime,
1047 2189 1192 2224 inquiunt,
1207 2197 1270 2217 cum
1289 2189 1325 2216 sit
1350 2188 1502 2223 unicuique
1519 2195 1570 2216 sua
1591 2188 1619 2216 in
1647 2189 1694 2216 ba-

903 2236 1031 2271 ptismate
1040 2235 1199 2263 necessario
1213 2234 1360 2270 promissio
1382 2243 1389 2261 :
1417 2234 1489 2262 fetus
1512 2239 1616 2269 autem,
1644 2236 1692 2271 qui

899 2287 942 2311 est
961 2283 988 2309 in
1003 2286 1093 2313 utero,
1110 2289 1172 2309 cum
1203 2281 1239 2309 sit
1264 2281 1411 2308 atIcctione
1445 2281 1610 2314 destitutus,
1636 2291 1692 2310 non

897 2330 987 2362 potest
1002 2334 1063 2362 qua;
1077 2326 1104 2353 in
1119 2325 1283 2361 baptismate
1295 2320 1481 2360 'requiruntur
1502 2327 1691 2361 professiones

897 2377 925 2400 et
940 2376 1002 2400 vota
1018 2372 1121 2400 facere.
1136 2371 1217 2408 m7
1235 2371 1377 2406 Adjectum
1403 2375 1445 2399 est
1470 2376 1562 2399 autem
1589 2373 1691 2401 canoni

897 2418 975 2450 illud,
991 2417 1107 2451 Quando
1118 2417 1216 2451 velint,
1235 2421 1347 2452 propter
1362 2424 1409 2445 eos
1425 2418 1471 2452 qui
1491 2417 1598 2451 dicunt,
1614 2424 1691 2447 ante-

896 2473 978 2501 quam
992 2465 1064 2493 fetus
1075 2465 1210 2492 formelur
1231 2465 1258 2492 in
1271 2464 1410 2492 hominem
1433 2472 1515 2500 posse
1543 2465 1689 2493 mulierem

897 2516 1084 2548 praegnantem
1108 2511 1168 2539 sine
1198 2511 1320 2546 periculo
1352 2511 1498 2546 baptizari,
1529 2518 1584 2538 non
1612 2514 1690 2537 recte

895 2563 986 2586 autem
1004 2557 1139 2592 baptizari
1156 2560 1252 2592 postea
1274 2566 1282 2584 :
1299 2557 1430 2592 quoniam
1448 2556 1486 2589 id,
1510 2555 1584 2591 quod
1606 2554 1690 2582 liabe-

895 2609 940 2632 tur
961 2604 987 2631 in
1000 2609 1087 2636 utero,
1105 2603 1132 2631 in
1148 2611 1179 2631 ea
1192 2607 1233 2632 est
1245 2603 1455 2635 constitutione,
1476 2603 1502 2629 in
1521 2609 1577 2637 qua
1592 2601 1688 2628 infan-

894 2655 936 2679 tes
947 2651 1029 2678 modo
1048 2651 1104 2678 nati
1120 2650 1166 2686 qui
1187 2650 1311 2685 polliceri
1347 2657 1400 2677 nan
1426 2654 1562 2683 possunt;
1576 2652 1605 2676 et
1627 2648 1690 2677 ideo

897 2695 1026 2724 dixerunt
1043 2694 1149 2727 Patres,
1159 2703 1222 2723 esse
1236 2695 1263 2721 in
1276 2694 1401 2721 mulieris
1418 2693 1537 2725 gravida
1550 2697 1689 2729 potestate

896 2741 1029 2777 baptizari
1043 2741 1153 2777 quando
1164 2741 1241 2769 velit.
1256 2739 1399 2773 Quomodo
1410 2739 1483 2767 cnim
1508 2747 1539 2768 se
1565 2740 1687 2768 habeant

894 2787 978 2822 fetus,
995 2795 1076 2815 nemo
1089 2791 1179 2823 potest
1197 2786 1368 2821 perquirere,
1394 2786 1436 2813 vel
1454 2792 1502 2814 eos
1527 2786 1682 2822 suscipere.

894 2834 1018 2862 Infantes
1034 2838 1124 2861 autem
1140 2839 1189 2867 per
1202 2835 1383 2866 susceptores
1397 2839 1463 2859 suos
1493 2832 1639 2864 aﬂirmant,
1654 2837 1682 2860 et

896 2883 957 2909 actu
975 2879 1104 2916 baptizati
1117 2878 1208 2906 divina
1226 2877 1427 2906 illuminationc
1438 2877 1684 2915 dignicenseutur,
