1935 3081
16 121 86 156 1213

15 184 63 207 καὶ
80 181 110 208 οὺ
125 181 270 216 δυνήσεται
281 180 445 215 ἐπιτιμῆσαι
461 180 507 208 τδν
532 182 737 216 διγτμήσαντα.
752 181 807 208 και
820 179 844 209 Α

14 226 71 259 ὶιῖις
86 227 113 253 δὲ
124 226 286 262 διωρίσαντο
320 228 512 254 συνεστιᾶσθαι
543 228 631 262 τούτῳ
659 228 706 254 τὸν
731 227 806 262 ίερέα

16 273 88 308 μετὰ
103 272 148 299 τὸν
169 273 265 307 καιρὸν
280 272 327 300 τοῦ
339 274 440 308 γάμου.
456 273 533 300 Μετὰ
547 274 602 308 γὰρ
611 273 657 300 τὸν
673 273 762 308 γάμον
776 273 806 300 οὐ

15 319 208 353 κωλυθήσεται
227 318 539 353 συνανακεῐσθαιαῦτῷ,
568 319 605 350 ὡς
633 319 701 354 μηδὲ
732 320 808 346 ἀκοι-

19 364 135 397 νωνήτῳ
149 363 219 390 ὄντι.
238 364 331 390 Εἰπὼν
342 364 370 390 δέ
389 365 430 391 τίς
447 372 512 390 ποτε
535 363 654 396 ὀφείλειν
668 363 714 390 τὸν
733 364 807 397 διγα-

19 409 150 442 μήσαντα
168 409 238 443 μετὰ
248 410 298 444 τὴν
313 410 465 436 ἀπόστασιν
475 410 524 444 τῆς
540 410 671 444 διγαμίας
679 409 807 443 δέχεσθαι

16 454 58 484 είς
77 454 236 487 μετὼιοιαν,
255 455 302 481 καὶ
320 455 502 489 ἐπιτιμᾶσθαι
535 455 587 489 (ἔτι
617 455 671 490 γὰρ
699 454 745 481 τοῦ
760 454 810 488 γά-

18 507 72 533 μου
89 499 299 534 συνισταμένου,
313 500 399 527 ταῦτα
419 500 512 536 χώραν
528 501 580 527 οὐκ
609 500 713 535 έχουσι,
735 499 807 526 κατὰ

15 546 64 572 τὸν
77 545 194 573 καθόλου
211 547 334 579 κανόνα),
348 547 449 582 ἤκουσε
468 547 506 581 μὴ
527 545 598 573 εἶναι
634 546 723 580 γάμον
747 545 811 572 ἀθέ-

19 599 112 626 μιτον,
129 591 200 618 ὥστε
219 592 398 620 διασπᾶσθαι.
430 593 486 620 Καὶ
513 593 556 619 διὰ
576 593 656 619 τοῦτο
690 592 810 628 ἔρρωται

20 636 83 672 μὲν,
99 637 262 672 ἐπιτιμᾶται
277 637 306 664 δὲ
321 638 455 673 μετρίως,
474 638 513 671 ὡς
529 640 650 674 εἴρηται.

254 768 357 803 ἐτέρίι
372 768 511 802 ἑρμηνεία
531 767 598 803 (99).

56 815 87 842 '0
115 814 212 850 παρὼν
248 814 339 842 κανὼν
371 814 471 841 κωλύει
506 815 570 846 τοὺς
608 813 810 849 πρεσσυτέρους

21 861 167 888 ἑστιᾶσθαι
195 861 262 895 μετὰ
289 861 425 895 διγάμων,
448 860 496 887 καὶ
519 861 639 895 παριστᾷ
656 860 699 887 διὰ
712 861 808 887 τούτου
825 858 847 886 Β

17 908 254 942 ὲπιτετιμημένον
268 905 339 933 εἶναι
351 906 396 933 τὸν
414 906 542 941 δεύτερον
573 907 673 941 γάμον.
686 907 722 933 Τὸ
743 907 810 933 αὐτὸ

17 951 48 978 δὲ
58 953 183 986 φαίνεται
198 953 246 980 καὶ
262 953 315 979 ἀπὸ
325 952 372 979 τοῦ
384 950 407 986 γ’
423 961 486 979 καν.
501 953 550 986 τῆς
561 953 590 979 ἐν
603 951 809 987 Νετκοιισαρείᾳ

19 997 136 1024 συνόδου
153 998 201 1024 καὶ
216 998 270 1024 ἀπδ
285 997 306 1024 δ’
319 1007 380 1024 καν.
395 997 441 1024 τοῦ
460 998 539 1031 ἁγίου
556 997 711 1025 Βασιλείου.
733 997 810 1024 Ἐπεὶ

18 1043 50 1070 δὲ
68 1044 206 1079 βλέπομέν
222 1053 300 1076 τινας
311 1043 571 1078 σχανδαὶιζομένους
600 1045 631 1070 ὲκ
664 1044 711 1070 τοῦ
744 1043 810 1079 μηδὲ

16 1098 82 1117 τινα
95 1090 374 1126 δευτερογαμήσαντα
394 1090 598 1125 ιπιτιμηθῆναί
636 1099 713 1122 ποτε,
741 1091 810 1125 μήτε

18 1137 73 1171 τὴν
86 1136 216 1171 τοιαύτην
233 1136 385 1172 ίερολογίαν
407 1136 615 1172 ἐμποδίζεσθαι,
637 1136 739 1171 μᾶλλον
761 1136 811 1170 μὲν

16 1181 68 1210 οὖν
81 1183 156 1210 ἐστιν
171 1184 215 1210 ὅτε
231 1183 409 1219 ἐπιτρέπεται
424 1182 468 1210 διὰ
496 1183 639 1209 πιττακίου
673 1182 809 1217 χαρτοφύ-

17 1229 106 1261 λακος
126 1237 134 1245 ·
152 1230 260 1264 είδομεν
278 1230 306 1257 δὲ
330 1230 507 1265 πατριάρχας
522 1229 569 1256 καὶ
586 1229 728 1264 ἀρχιερεῖς
744 1229 809 1256 πολ-

17 1275 86 1306 λοὺς
98 1275 291 1307 συνεσθίοντας
308 1275 377 1310 μετὰ
396 1275 530 1310 βασιλέων
546 1274 749 1310 ὃιγαμοὺντων,
763 1273 812 1300 καὶ

27 1321 117 1349 ἀῗὶων
127 1322 310 1356 μεγιστάνων,
325 1322 416 1357 φαμὲν
427 1323 468 1349 δτι
482 1321 533 1349 κᾶν
542 1321 673 1356 ἐπιτιμίῳ
681 1320 811 1356 καιρικῆς

17 1367 226 1403 ἀκοινωνησίας
245 1368 277 1395 ὲκ
292 1368 339 1395 τοῦ
358 1368 489 1404 ῥηθέντος
507 1368 620 1398 κανόνος
642 1368 667 1394 oi
682 1367 811 1402 δευτεροο

18 1413 183 1448 γαμοῦντες
198 1413 354 1447 ὑπέκειντο,
367 1413 425 1441 ἀλλ’
437 1414 452 1440 6
482 1414 531 1448 τῆς
556 1413 681 1445 ἐνώσεως
715 1413 809 1448 τόμος,

16 1460 230 1495 καταστρωθεὶς
245 1461 311 1496 παρ’
342 1461 422 1496 ἡμῶν
441 1461 481 1491 είς
516 1460 563 1486 τὸν
590 1459 612 1486 δ’
644 1459 744 1486 κανόνα
762 1458 810 1485 τοῦ

18 1507 102 1543 ἁγίου
118 1506 271 1539 Βασιλιίου,
288 1505 413 1539 ἐξισώσει
426 1505 465 1541 τῷ
493 1505 595 1541 πρώτῳ
614 1505 695 1541 γάμῳ
720 1505 809 1532 διόλου

17 1539 67 1581 τον
80 1552 209 1588 δεύτερον
222 1559 230 1566 ⁸
244 1551 291 1578 καὶ
312 1550 399 1578 εἰπὼν
414 1539 480 1578 πότε
497 1539 547 1578 καὶ
578 1539 658 1577 οὗτοι
679 1539 811 1585 ἱπιτιμᾶ-
824 1539 846 1568 c

19 1598 87 1625 σθαι
102 1597 272 1632 ὀφείλουσιν,
288 1597 368 1623 ἔλυσε
382 1596 413 1623 τὺ
433 1596 584 1632 ἐπιτίμιον.
611 1597 681 1631 Φησὶ
698 1596 753 1632 γὰρ
782 1598 811 1631 εν

21 1644 105 1678 μέρει
119 1642 207 1670 ταῦτα
226 1642 275 1679 μὲν
293 1643 358 1678 περὶ
369 1642 417 1669 τοῦ
430 1642 524 1677 τρίτου
554 1642 645 1678 γάμου
665 1649 672 1657 ·
697 1642 727 1669 οὐ
759 1642 812 1678 μὴν

21 1690 86 1717 οὐδὲ
99 1689 146 1716 τὸν
167 1689 293 1725 δεύτερον
310 1689 372 1717 οὐδὲ
387 1688 432 1715 τὸν
448 1688 473 1715 α’
488 1688 568 1721 ἐκτὸς
592 1688 744 1722 ἀσφαλείας
759 1688 812 1715 ὲῶ-

22 1745 75 1770 μεν
88 1744 96 1752 ο
114 1735 183 1762 ἀλλὰ
203 1734 350 1764 κάκείνους
361 1733 490 1770 ὁρίζομεν
521 1733 594 1761 οὕτω
622 1733 812 1768 συνίστασθαι,

21 1782 98 1809 ὥστε
132 1780 269 1816 μηδεμίαν
298 1780 372 1815 ἔχειν
392 1781 515 1815 πονηρὰν
531 1780 622 1807 αἰτίαν
638 1780 655 1815 ἢ
675 1781 705 1812 ἐξ
725 1781 814 1816 ἁρπα-

22 1829 78 1864 γῆς
90 1826 107 1862 ἢ
120 1825 356 1862 προηγησαμένης
376 1825 510 1860 λαθραίας
539 1825 655 1860 φθορᾶς,
671 1826 741 1853 ἀλλὰ
770 1835 814 1854 νο-

22 1875 128 1909 μίμους
169 1872 218 1899 καὶ
255 1870 461 1907 καθαρεύοντας
489 1870 544 1896 τῶν
577 1869 709 1898 τοιούτων
732 1871 817 1906 μολυ-

24 1919 140 1954 σμάτων
167 1918 216 1945 καὶ
251 1917 375 1952 πονηρᾶς
405 1915 602 1951 ἀκαθαρσίας·
639 1916 688 1943 καὶ
717 1917 817 1952 ἐφεξῆς

23 1963 199 1999 ἐπιτιμῶμεν
213 1962 326 1992 τούτους
343 1962 459 1997 μόνους·
489 1961 553 1993 τοὺς
575 1959 604 1987 δι
638 1960 749 1994 λοιποὺς
768 1962 816 1989 ἁν-

24 2020 37 2038 ε
45 2010 211 2045 πιτιμήτους
226 2009 364 2044 συντηρεί
557 2033 560 2035 .

54 2056 176 2084 ΖΩΝΔΡ.
200 2055 233 2082 Ἦ
249 2055 368 2090 διγαμία
383 2054 436 2082 ὑπὸ
451 2054 590 2089 ἐπιτίμιόν
603 2054 690 2081 ἔστιν.
713 2054 820 2082 Ἐνιαυ-

25 2104 74 2130 τὸν
91 2102 145 2138 γὰρ
161 2102 211 2136 τῆς
238 2101 319 2136 ἁγίας
351 2100 530 2136 μεταλήψεως
558 2100 693 2137 εἴργεται.
730 2101 767 2128 Τὸ
791 2101 821 2129 δὲ

26 2149 168 2183 ἐπιτίμιον
182 2149 207 2175 oi
225 2149 307 2183 ἱερεῖς
324 2147 488 2182 ἐπάγουσιν,
507 2147 547 2178 είς
570 2147 715 2181 μετάνοιαν
743 2147 822 2182 ἐρχο-

537 123 578 154 IN
590 124 673 154 CAN.
695 123 751 153 VII
771 120 876 155 CONC.
893 123 1114 156 NEOCESAR.

1582 121 1650 154 1214

859 189 910 209 nec
935 183 1034 217 poterit
1057 191 1135 218 eum,
1157 183 1203 218 qui
1219 182 1288 212 duas
1309 189 1408 210 uxores
1429 181 1516 214 duxit,
1539 181 1648 216 punire.

861 228 944 256 Recte
959 233 1050 258 autem
1065 229 1246 262 deﬁnierunt,
1267 236 1302 256 ne
1319 228 1446 256 sacerdos
1463 235 1524 255 cum
1537 234 1570 254 eo
1581 234 1650 253 con-

861 275 967 302 vivelur
981 279 1103 310 tempore
1116 275 1287 310 nuptiarum.
1303 273 1368 302 Post
1384 273 1493 308 nuptias
1506 272 1578 300 enim
1593 280 1649 300 non

861 318 1052 353 prohibebitur
1076 327 1137 346 cum
1159 327 1192 347 eo
1216 319 1395 350 accumbere,
1417 323 1448 345 ut
1466 318 1513 352 qui
1538 313 1592 344 non
1614 316 1650 344 sit

860 365 975 391 omnino
992 365 1261 392 excommunicatus.
1277 365 1345 391 Cum
1363 368 1454 391 autem
1470 363 1584 390 dixisset
1599 362 1650 389 ali-

862 410 973 444 quando
988 410 1125 446 quispiam
1138 431 1145 443 ,
1162 411 1263 438 dobere
1277 418 1338 437 eum
1355 410 1401 445 qui
1417 409 1566 438 secundam
1583 416 1651 435 uxo-

863 464 920 484 rem
935 457 1024 489 duxit,
1040 461 1185 492 postquam
1203 464 1217 483 a
1233 456 1355 483 secundo
1370 454 1545 482 matrimonio
1557 455 1651 481 diver-

862 502 936 535 terit,
950 502 983 528 ad
996 502 1185 537 ptrnitentiam
1200 502 1284 536 recipi
1309 506 1336 528 et
1349 501 1439 536 puniri
1462 500 1563 535 (adhuc
1575 499 1648 527 enim

865 553 1007 575 constante
1023 548 1209 581 matrimonio,
1225 549 1282 575 hinc
1298 548 1388 575 locum
1407 555 1462 574 non
1478 546 1590 577 habent.
1606 554 1652 574 so-

862 595 981 622 cnndum
993 595 1174 622 universalem
1190 593 1336 629 regulam),
1349 593 1453 620 audivit
1462 600 1517 619 non
1526 599 1586 620 esse
1597 591 1651 618 illi-

863 641 946 668 citum
961 641 1178 672 matrimonium,
1190 645 1220 668 ut
1233 639 1353 675 separari
1367 639 1474 666 debeat.
1486 638 1518 665 Et
1526 641 1652 672 propter-

863 693 893 713 ea
911 691 954 714 est
985 685 1094 721 quidem
1112 685 1315 718 confirmatum,
1341 684 1448 713 modice
1465 687 1556 711 autent
1571 683 1652 719 puni-

863 736 918 764 tur,
936 735 968 759 ut
979 731 1085 759 dictum
1099 736 1151 760 est.

1102 777 1195 805 Altera
1212 776 1409 811 interpretatio.

899 823 1024 851 Praesens
1041 831 1129 850 canon
1150 823 1277 858 prohibet
1301 823 1476 858 presbyteros
1492 830 1553 850 cum
1577 821 1654 857 diga-

862 872 915 899 mis
931 871 1088 902 convivari.
1104 876 1131 899 et
1147 878 1194 906 per
1209 871 1261 898 hoc
1281 871 1431 898 secundum
1446 869 1651 896 matrimonium

861 917 952 952 puniri
977 917 1105 945 ostendit.
1129 916 1203 944 Idem
1222 920 1313 944 autem
1337 920 1449 951 apparet
1472 919 1499 943 ct
1521 922 1553 942 ex
1571 915 1652 941 tertio

861 971 966 991 eanone
985 971 1045 997 syn.
1068 961 1299 994 Neoctesarianm,
1314 966 1341 988 et
1361 969 1393 988 ex
1415 968 1521 987 canone
1534 960 1550 986 4
1564 959 1652 986 sam-ti

862 1009 966 1036 Basilii.
981 1007 1116 1042 Quoniam
1131 1013 1223 1035 autem
1241 1007 1365 1035 videmus
1379 1006 1524 1034 nonnullos
1538 1005 1652 1037 oﬂ‘cndi.

860 1062 894 1081 eo
905 1054 976 1088 quod
989 1053 1081 1080 nullus
1093 1060 1200 1083 eorum.
1217 1051 1263 1087 qui
1277 1051 1427 1079 secundum
1444 1052 1651 1079 matrimonium

861 1099 1007 1128 contraxit.
1021 1106 1141 1132 unquam
1156 1098 1296 1133 puniatur,
1309 1104 1359 1124 nec
1374 1097 1407 1124 iis
1419 1102 1654 1125 sacramentorum

861 1145 1036 1180 participatio
1049 1145 1228 1179 impediatur,
1244 1144 1290 1171 sed
1305 1143 1397 1178 potius
1410 1143 1492 1171 etiam
1509 1151 1556 1178 per
1572 1144 1654 1171 char-

860 1190 1013 1225 tophylacis
1026 1189 1165 1224 pittacium
1179 1189 1370 1224 permittatur;
1388 1188 1509 1216 vidimus
1521 1191 1654 1216 autemet

861 1237 1032 1272 patriarchas
1042 1242 1068 1264 ct
1077 1239 1178 1264 multos
1188 1235 1255 1262 alios
1264 1235 1402 1262 antistites
1410 1241 1472 1261 cum
1485 1234 1655 1268 imperatori-

861 1284 923 1316 bus,
946 1283 992 1318 qui
1009 1281 1145 1310 secundas
1161 1281 1272 1316 nuptias
1288 1280 1437 1311 celebrant,
1453 1283 1479 1307 et
1493 1279 1577 1315 408
1591 1287 1654 1307 cum

860 1330 922 1357 aliis
934 1329 1105 1364 magnatibus
1116 1326 1305 1359 comedentes;
1320 1325 1447 1356 dicimus.
1460 1325 1531 1359 quod
1544 1324 1654 1353 etiamsi

861 1375 1021 1410 temporalis
1042 1371 1337 1402 excommunicationis
1358 1378 1444 1405 poena:
1464 1378 1497 1398 ex
1523 1370 1656 1405 praedicto

860 1429 925 1450 can.
940 1421 1040 1456 digami
1064 1419 1179 1454 subjecti
1200 1418 1274 1451 sint,
1298 1417 1409 1445 unionis
1428 1422 1518 1444 tamen
1540 1416 1653 1449 decisio,

861 1474 922 1502 quae
935 1473 949 1493 a
967 1465 1046 1493 nobis
1059 1465 1111 1492 sita
1124 1467 1165 1491 est
1179 1464 1206 1490 in
1226 1469 1287 1490 can.
1306 1463 1321 1489 ι
1339 1461 1425 1489 sancti
1441 1461 1548 1491 Basilii.
1564 1460 1656 1495 primo

862 1511 1038 1540 matrimonio
1059 1509 1209 1537 secundum
1234 1507 1348 1535 omnino
1369 1507 1503 1542 aequavit;
1526 1510 1552 1533 et
1570 1506 1653 1537 dixit.

863 1556 973 1592 quando
988 1556 1006 1583 ii
1020 1555 1132 1583 omnino
1147 1553 1307 1589 punientur,
1322 1559 1430 1586 umnam
1445 1551 1580 1579 dissolvit.
1594 1550 1658 1578 Haec

863 1603 945 1631 etiam
965 1602 992 1629 in
1007 1601 1168 1637 particulari
1184 1600 1251 1627 dicit
1268 1599 1302 1627 de
1317 1599 1397 1626 tertio
1412 1597 1588 1626 matrimonio
1602 1605 1608 1623 :
1626 1599 1658 1624 at

863 1657 916 1677 nec
930 1648 1082 1676 secundum
1106 1654 1156 1674 nec
1178 1646 1298 1681 primum
1320 1645 1380 1673 sine
1398 1644 1547 1672 securitate
1569 1643 1656 1670 relin-

864 1695 975 1730 quimus
988 1703 996 1722 ι
1008 1694 1056 1722 sed
1068 1697 1096 1721 et
1109 1693 1156 1720 illa
1170 1692 1210 1720 sic
1223 1691 1418 1719 constituenda
1429 1690 1613 1721 decernimus,
1625 1693 1657 1716 ut

864 1741 966 1768 nullam
989 1740 1140 1772 improbam
1163 1745 1275 1765 causam
1295 1736 1429 1769 habeant,
1447 1735 1489 1763 vel
1506 1743 1541 1763 ex
1560 1738 1655 1769 raptu,

864 1789 907 1816 vel
923 1795 956 1816 ex
973 1787 1144 1815 clandestino
1161 1785 1335 1820 praecedente
1349 1783 1440 1816 coitu;
1457 1782 1505 1810 sed
1520 1782 1576 1810 sint
1592 1781 1660 1815 legi-

867 1834 932 1863 tima
945 1838 972 1861 et
984 1834 1019 1861 ab
1031 1832 1166 1868 ejusmodi
1176 1830 1393 1866 inquinamentis
1405 1828 1588 1861 sordibusque
1601 1834 1659 1853 ma-

867 1879 900 1907 lis
916 1879 1020 1912 aliena;
1037 1882 1065 1907 et
1083 1878 1212 1912 deinceps
1231 1882 1292 1912 quae
1312 1879 1376 1902 sunt
1391 1873 1549 1908 huiusmodi
1568 1873 1657 1900 solum

867 1924 1014 1960 ponimus;
1038 1924 1143 1959 reliqua
1167 1929 1234 1950 vero
1255 1921 1345 1958 poenis
1369 1928 1426 1949 non
1448 1919 1566 1947 obnoxia
1590 1925 1659 1946 con-

868 1975 971 1999 servat.

905 2059 1032 2089 ZONAR.
1052 2059 1136 2087 Suam
1158 2056 1283 2093 digamie
1307 2055 1422 2083 multam
1445 2061 1507 2082 can.
1527 2056 1661 2080 statuere.

870 2107 933 2136 Uno
952 2106 1086 2142 siquidem
1104 2111 1176 2132 anno
1198 2104 1321 2138 digamos
1336 2109 1351 2128 a
1369 2100 1546 2136 perceptione
1568 2105 1661 2126 sacro-

871 2161 933 2182 rum
948 2159 1093 2180 munerum
1109 2150 1196 2178 arceri
1209 2149 1317 2184 iubent.
1334 2148 1400 2175 Eam
1417 2154 1482 2174 vero
1494 2152 1601 2181 poenam
1616 2145 1661 2172 di-

29 2195 115 2231 μένου
129 2193 175 2220 τοῦ
190 2194 404 2229 διγαμήσαντος.
432 2193 462 2221 ’0
479 2193 544 2227 γοῦν
563 2192 607 2220 διὰ
636 2192 687 2228 τῆς
718 2201 813 2228 παρου

873 2199 976 2235 gamis,
999 2197 1051 2225 sibi
1073 2205 1087 2224 a
1109 2195 1271 2231 poenitentia
1288 2193 1439 2222 remedium
1463 2191 1661 2227 quaerentibus,

29 2243 93 2273 σίας
108 2240 190 2268 αὑτοῦ
206 2241 340 2267 συναινεϊν
355 2240 446 2267 δοκῶν
462 2239 502 2275 τῷ
531 2239 650 2275 δευτέρῳ
678 2239 760 2274 γάμῳ
786 2239 823 2266 ιε-

29 2288 96 2324 ρεὺς
110 2287 152 2318 τίς
166 2286 254 2319 ἔσται,
286 2287 368 2320 φησιν
381 2287 395 2313 ὸ
405 2286 505 2318 κανὼν,
519 2285 653 2319 τουτέστι,
682 2285 742 2317 πῶς
775 2285 825 2314 οὐκ

29 2333 224 2368 αἰδεσθήσεται
267 2333 404 2367 ἐπιτιμῶν
443 2330 766 2367 τῷιδευτερογαμοῦντι
810 2331 825 2357 ὀ

32 2380 79 2407 διὰ
94 2380 144 2414 τῆς
162 2379 315 2414 παρουσίας
333 2378 417 2405 αὐτοῦ
441 2378 609 2405 συνευδοκῶν
637 2379 669 2412 τῇ
699 2377 825 2412 δευτερο-

30 2425 122 2460 γαμίᾳ
139 2433 146 2457 ;
164 2423 245 2451 Ἀλλὰ
259 2424 345 2450 ταῦτα
371 2425 401 2450 ὲν
411 2423 585 2458 γράμμασιν,
612 2421 693 2458 Ἠμίν
724 2422 753 2449 δὲ
778 2422 825 2449 καὶ

32 2470 208 2506 πατριάρχης
243 2469 331 2504 ὤφθη,
367 2470 415 2496 καὶ
465 2469 666 2504 μητροπολῖται
700 2468 824 2504 διάφοροι

33 2515 245 2551 συνεστιώμενοι
260 2515 531 2550 δευτερογαμήσαντι
549 2514 664 2550 βασιλεῖ.

872 2244 1034 2273 sacerdotes
1062 2242 1219 2277 injungunt.
1240 2239 1309 2274 Quis
1325 2246 1390 2275 ergo
1407 2237 1537 2265 sacerdos
1548 2255 1555 2268 .
1572 2236 1662 2270 inquit

873 2297 973 2321 canon,
990 2287 1121 2317 secundis
1141 2286 1255 2321 nuptiis,
1273 2289 1303 2312 ut
1315 2291 1363 2312 eas
1377 2283 1419 2310 vel
1437 2283 1487 2310 hoc
1504 2282 1576 2317 ipso,
1590 2280 1663 2315 quod

874 2337 962 2367 adest.
982 2335 1098 2370 probare
1112 2333 1247 2363 videatur,
1264 2330 1390 2358 intersit?
1407 2330 1458 2356 hoc
1474 2333 1528 2362 est,
1546 2327 1591 2362 qui
1606 2327 1664 2354 ﬁeri

875 2385 968 2417 potest
984 2386 1013 2408 ut
1028 2387 1138 2414 poenam
1159 2386 1174 2405 a
1190 2378 1297 2412 digamo
1317 2376 1426 2410 exigere
1449 2382 1503 2402 non
1525 2373 1612 2408 pudor
1629 2372 1665 2399 sit

876 2427 913 2459 ci,
938 2425 984 2461 qui
1009 2424 1110 2460 digami
1133 2423 1235 2451 factum
1260 2430 1274 2449 a
1297 2429 1327 2450 se
1347 2429 1400 2449 non
1419 2419 1579 2455 improbari,
1601 2426 1663 2445 cum

879 2471 981 2507 nuptiis
1005 2470 1135 2498 secundis
1152 2470 1212 2504 ipse
1232 2468 1414 2500 interfuerit.
1428 2466 1497 2494 satis
1519 2463 1667 2492 ostendit?

879 2516 982 2544 Verum
1001 2516 1058 2543 haec
1072 2516 1099 2543 in
1115 2515 1191 2543 libris
1207 2514 1308 2548 scripta
1326 2512 1509 2547 reperiuntur.
1529 2509 1586 2536 Nos
1616 2515 1666 2548 au-

34 2570 90 2592 tem
113 2567 140 2590 et
163 2564 346 2598 patriarcbam
368 2567 396 2591 et
419 2562 645 2598 uietropolitanos
665 2563 821 2599 complures
840 2564 866 2592 in
879 2563 1005 2592 convivio
1016 2562 1188 2600 imperatoris
1199 2560 1334 2591 secundas
1363 2559 1474 2594 nuptias
1495 2555 1665 2585 celebrantes

32 2613 202 2647 aspeximus.

643 2665 743 2697 Guill.
760 2665 927 2706 Beveregii
939 2668 1033 2696 nota.

73 2718 128 2752 (99)
146 2718 249 2751 Ἑτέρα
262 2718 414 2753 ἑρμηνεία.
441 2717 516 2753 lianc
533 2717 647 2753 alteram
670 2717 752 2751 hujus
766 2725 812 2744 ca-

36 2756 118 2783 nouis
138 2752 387 2787 interpretationem
403 2754 489 2780 codici
507 2752 654 2779 Bodleiano
670 2757 811 2787 acceptam

36 2791 162 2817 ferituus.
195 2789 288 2823 Neque
303 2789 377 2816 enim
402 2788 496 2823 (ἱνα-σο
519 2792 609 2823 exstat
626 2796 632 2814 :
651 2788 698 2814 sed
715 2786 812 2823 Latina

33 2825 98 2860 ejus
113 2825 202 2853 versio
218 2821 250 2852 in
261 2825 451 2860 supplemento
466 2822 499 2850 ad
517 2822 701 2850 Parisiensem
721 2821 816 2849 Balsa-

866 2705 955 2745 nionis
978 2716 1126 2745 editionem
1153 2713 1282 2742 habetur,
1306 2717 1323 2738 e
1347 2705 1574 2747 codice'ﬂ'iliano
1603 2709 1658 2747 per

865 2739 1218 2780 E'Jﬁ'tdniiﬁ'"iiéiiteiim’
1239 2739 1328 2775 eruta.
1355 2743 1382 2771 In
1409 2741 1506 2770 codice
1519 2739 1658 2768 Amerin-

865 2789 965 2817 chiano
978 2785 1161 2815 desideratur.
