1935 3081
25 119 81 150 217

548 117 589 148 IN
605 115 687 147 CAN.
708 116 750 147 I-X
771 116 876 148 CONC.
897 111 1115 150 NEOCIESAR.

1578 117 1650 151 1218

27 175 185 208 ικάζεσθαι,
218 184 267 211 την
287 174 465 210 ἒλεγχθεῖςαν
506 175 552 202 διὰ
583 175 711 211 φανερῶν
742 175 810 201 ἀπο-

873 182 914 202 uls
929 175 1068 208 convicta,
1086 179 1115 202 ut
1132 174 1237 202 dictum
1255 178 1314 208 est;
1331 181 1386 202 non
1401 177 1491 202 autem
1505 181 1577 208 eam,
1592 183 1652 210 quae

26 222 137 254 είξεων,
153 222 191 253 ὼς
205 221 327 257 εἴρηται,
339 222 371 248 οὐ
386 221 442 257 μὴν
464 221 514 256 τὴν
528 220 751 248 ὑποπτευθεῖσαν
758 219 812 247 ἀπὸ

27 268 127 303 μιλίας
142 268 159 303 ἢ
174 269 370 304 συνοικήσεως,
404 268 421 304 ἢ
439 268 522 304 ἄλλης
552 267 625 299 τινὸς
642 267 744 298 αἰτίας.
778 266 811 292 Τί

27 315 53 347 ὲ,
72 315 121 342 ἐὰν
137 316 152 342 ὁ
164 315 269 347 λαῖκδς,
286 315 355 350 μετὰ
370 315 400 341 τδ
430 313 611 350 μοιχευθῆναι
628 313 676 350 τὴν
694 314 812 348 γυναῖκα

28 362 124 394 ούτου,
153 362 277 397 ἀπολύσῃ
309 361 405 396 αὐτὴν,
434 360 741 396 προανασιῦασθήσεται
771 360 810 391 είς

25 407 136 442 ιαθμὺν,
155 407 291 442 ὦσπεροὺ
316 405 491 441 χαθαιρεῖται
507 405 521 431 ό
536 404 695 439 ἱερωμένης,
713 404 727 430 ὁ
741 403 812 429 ἀπο.

25 453 102 485 ,ύσας
131 455 181 488 τὴν
213 451 404 488 μοιχευθεῖσαν
431 451 550 485 γυναῖκα
574 449 675 482 αὐτοῦ;
706 449 810 481 Λύσις.

25 499 94 526 Ἀπὸ
110 498 158 525 τοῦ
187 497 222 533 ιη’
242 497 424 525 ἀποστολικοῦ
447 497 560 529 κανόνος
578 496 712 523 κωλύεται
745 503 813 530 προ-

25 544 236 579 ινασιὸασθῆναι
249 546 290 576 είς
312 543 416 579 βαθμὸν
430 545 444 570 6
457 543 576 578 γυναῖκα
592 542 695 578 πόρνην
708 542 812 576 ἀγόμε-

25 598 62 621 νος
81 598 88 605 ·
107 588 199 624 πολλῷ
209 588 275 623 γοῦν
291 588 375 615 πλέον
404 589 436 615 οὐ
478 586 785 622 πμαναῦιὸασθήσεται
798 587 812 612 ὁ

25 635 90 662 ιετὰ
104 635 260 670 μοιχαλίδος
276 634 463 670 συμφθαρεὶς,
488 634 541 661 κᾶν
558 635 587 660 ὲν
614 634 723 669 ἀγνοίᾳ.
763 633 813 660 Διὰ

25 682 74 716 γὰρ
85 681 166 708 τοῦτο
184 681 233 708 καὶ
248 682 273 708 οί
288 681 409 717 Πατέρες
424 682 472 708 ἐπὶ
486 681 535 716 μὲν
549 680 598 708 τοῦ
629 680 726 707 λαῖκοῦ
743 681 813 707 διαί-

25 734 100 753 )εσιν
115 727 146 754 οὗ
179 729 359 762 πεποιήκασι,
385 728 465 762 χάριν
491 727 539 754 τοῦ
566 726 734 761 ἀπολυθῆναι
762 726 812 761 τὴν

25 773 177 808 ιοιχαλιδα,
189 774 236 800 καὶ
247 773 285 809 μὴ
301 773 481 808 ἀπολυθῆναι,
499 772 567 799 ἀλλὰ.
577 772 758 803 ἀδιαστικτως
773 771 813 798 δια

25 821 160 854 υρίσαντο
176 819 213 855 μὴ
232 819 362 846 δύνασθαι
384 820 430 846 τὸν
448 819 532 854 ἄνδρα
561 818 646 854 αὐτῆς
671 819 712 850 εἱς
741 818 811 853 ὑπη-

25 866 116 893 νεσίαν
133 866 219 893 ἐλθεῖν
235 874 243 882 ο
260 866 307 892 ἐπὶ
332 865 414 892 δὲτοῦ
452 866 549 900 ἱερέως
582 865 731 900 εἰσήγαγον
759 864 810 899 τὴν

25 913 163 947 ἰιαίρεσιν.
190 913 268 940 Ἐστι
297 911 327 938 δὲ
364 912 412 939 καὶ
438 911 556 947 διαφορὰ
579 911 628 938 τοῦ
660 911 744 946 μήπω
777 910 814 936 Ξε-

25 959 156 991 πωθέντος
194 959 241 985 καὶ
284 958 332 985 τοῦ
376 957 549 992 ίερωθέντος,
592 957 639 984 καὶ
691 957 737 984 διά
785 965 814 983 τι

25 1006 148 1040 πταῖσμα
164 1003 363 1039 καθαιρεθῆναι
381 1003 538 1038 μέλλοντος.
576 1002 605 1029 '0
637 1002 687 1037 μὲν
703 1001 758 1038 γὰρ
777 1002 815 1037 μὴ

25 1050 161 1086 ιπιτυχὼν
176 1049 303 1081 πλείονός
321 1053 394 1081 τινος
415 1049 444 1075 οὐ
459 1048 588 1075 τοσοῦτον
605 1047 813 1083 βαρυθυμήσει,

25 1097 80 1124 ὶλλ¹
94 1096 290 1132 εὐχαριστήσει
309 1095 420 1130 μᾶλλον,
442 1095 479 1126 ὼς
495 1094 534 1130 τῷ
554 1094 648 1121 κανόνι
675 1093 713 1129 μὴ
730 1102 814 1130 προσ-

25 1142 143 1180 ιρούσας
156 1152 163 1159 ·
178 1144 192 1169 ὸ
207 1143 236 1170 δὲ
261 1142 305 1170 διά
318 1151 345 1169 τι
362 1143 486 1177 πταῖσμα
512 1142 608 1176 ἐτέρου
637 1142 811 1177 ἀφαιρούμε-

25 1199 66 1222 νος
82 1189 113 1216 τὸ
139 1189 241 1225 προσὸν
261 1189 335 1224 αὑτῷ
349 1188 457 1224 ἀξίωμα
467 1189 592 1224 μεγάλως
609 1189 811 1225 δεινοπαθήσει.

25 1236 60 1263 Γδ
84 1235 140 1272 γὰρ
155 1237 194 1268 εἰς
212 1237 310 1271 πεῖραν
323 1244 392 1272 ηκον
407 1235 519 1270 ἀνιαρὸν
546 1235 587 1267 είς
601 1235 758 1269 ἀφαίρεσιν.

59 1282 183 1310 ΖΩΝΑΡ.
209 1281 319 1317 Ἀνδρος
331 1280 428 1308 λαῖκοῧ
451 1280 520 1316 γυνὴ
557 1279 743 1315 μοιχευθεῖσα,
767 1281 815 1308 καὶ

25 1327 152 1363 ρανερῶς
167 1326 341 1361 ἐλεγχθεῖσα,
374 1324 474 1351 κωλύει
485 1324 532 1351 τὸν
548 1324 633 1359 ἄνδρα
662 1324 746 1359 αὐτῆς
775 1325 816 1355 εἰς

25 1373 179 1409 ἔπηρεσιαν
198 1372 298 1405 ἐλθεῖν,
315 1371 458 1398 τουτέστιν
477 1370 517 1402 είς
549 1370 655 1405 βαθμὸν
678 1370 815 1404 ίερατικόν

25 1429 86 1448 τινα
96 1428 103 1435 ·
122 1419 191 1454 πλὴν
205 1419 221 1454 ἡ
239 1418 364 1452 φανερῶς
378 1416 551 1452 ἐλεγχθεῖσα,
569 1417 619 1452 οὐχ
632 1417 648 1452 ἡ
669 1418 698 1444 ἐν
710 1415 815 1451 ὑποψίᾳ

25 1465 162 1502 γενομένη
185 1464 202 1499 ἢ
219 1465 267 1490 καὶ
290 1462 514 1498 κατηγορηθεῖσα
558 1461 636 1496 παρά
663 1468 736 1492 τινος
761 1461 816 1487 τῶν

864 221 914 248 fuit
927 227 1053 258 suspecta
1071 227 1182 258 propter
1197 221 1409 250 eollocutionem
1419 242 1426 254 ,
1440 222 1482 249 vel
1498 224 1653 250 consuetu-

862 269 953 296 dinem
969 275 1001 295 ac
1015 268 1240 300 ian-iliaritatem,
1256 268 1298 295 vel
1314 268 1431 303 aliquam
1443 267 1523 294 aliam
1537 268 1571 296 ob
1586 277 1653 295 can-

862 322 932 343 sam.
947 313 1018 347 Quid
1031 318 1135 346 autem,
1149 321 1182 340 an
1195 314 1292 346 laicus,
1307 314 1329 341 si
1345 318 1488 349 postquam
1501 313 1653 350 ήθθρίιιε

863 369 932 390 uxor
944 361 996 388 {uit
1009 361 1173 394 adulteram,
1189 361 1323 389 dimiserit
1333 369 1404 394 eam,
1419 361 1453 389 ad
1466 362 1581 398 gradum
1592 371 1654 398 pro-

862 408 1036 441 movebitur;
1053 408 1126 435 sicut
1140 415 1193 435 non
1208 407 1355 442 deponitur
1367 407 1390 435 is
1406 408 1451 442 qui
1466 413 1652 442 estsacratus,

863 454 976 481 dimissa
991 461 1076 481 uxore
1093 461 1154 486 sua,
1167 461 1228 489 quae
1243 453 1380 480 commisit
1399 453 1564 480 adulterium
1579 454 1590 481 ?
1604 454 1655 481 So-

864 500 940 527 lutio.
958 499 979 526 A
1002 507 1109 528 canone
1131 499 1282 534 apostolico
1306 499 1339 526 18
1360 499 1521 533 prohibetur
1537 500 1569 526 ad
1591 507 1654 534 gra-

863 546 927 573 dum
945 545 1113 580 promoveri,
1135 545 1182 580 qui
1200 545 1277 572 duxit
1295 551 1410 572 uxorem
1430 544 1653 572 fornicatrieem:

863 592 950 618 multo
960 599 1025 627 ergo
1039 592 1125 627 magis
1140 598 1194 618 non
1209 591 1424 626 promovebitur,
1435 592 1480 626 qui
1497 599 1559 618 cum
1576 591 1655 618 adul-

865 644 922 665 tera
944 639 985 665 vel
1007 638 1126 666 insciens
1143 645 1199 665 rem
1218 637 1324 665 habuit.
1343 637 1490 672 Propterea
1507 638 1580 664 enim
1602 637 1654 664 Pa-

865 689 920 712 tres
943 685 1046 712 uullam
1065 685 1091 711 in
1110 684 1180 712 laico
1200 683 1363 711 divisionem
1381 683 1485 714 fecere,
1506 684 1541 710 de
1561 683 1656 710 ditauit"-

864 731 944 758 teuda
960 731 1095 762 adultera,
1111 730 1153 758 vel
1168 738 1222 757 non
1235 730 1396 757 dimittenda
1411 737 1418 756 :
1432 729 1478 756 sed
1492 730 1654 756 indistincte

862 776 1040 809 deﬁnierunt,
1057 784 1109 803 non
1126 784 1208 811 posse
1225 776 1285 810 ejus
1301 776 1429 803 maritum
1445 775 1536 802 venire
1549 775 1583 802 ad
1601 776 1654 801 mi—

863 823 1021 850 nisterium.
1043 822 1072 850 lu
1099 823 1248 850 sacerdote
1270 826 1362 849 autem
1385 821 1544 849 divisionem
1567 821 1654 848 intres

865 869 978 897 duxere.
996 868 1043 896 Est
1059 875 1148 896 autem
1166 868 1320 896 differentia
1338 868 1398 903 ejus
1412 868 1458 903 qui
1475 867 1595 894 nondum
1613 871 1656 894 est

864 919 1000 945 sacratus.
1019 919 1045 942 ct
1058 914 1117 950 ejus
1136 915 1181 949 qui
1198 919 1240 942 est
1257 918 1398 947 sacratus;
1416 914 1463 941 sed
1479 917 1591 948 propter
1607 914 1655 940 dc-

863 961 959 988 lictum
980 961 1090 996 aliquod
1108 966 1149 988 est
1166 960 1356 996 deponendus.
1375 959 1426 993 Qui
1444 960 1517 987 enim
1537 967 1591 986 non
1613 963 1655 986 est

864 1009 954 1041 majus
971 1007 1079 1042 aliquod
1101 1010 1255 1039 assecutus,
1273 1014 1326 1033 non
1344 1011 1398 1032 tam
1416 1014 1487 1041 εῖδει-ο
1503 1005 1588 1032 feret:
1607 1005 1654 1032 sed

864 1062 942 1088 aequo
956 1054 1047 1088 potius
1067 1053 1159 1079 animo
1177 1051 1297 1087 patietur
1312 1057 1339 1080 et
1355 1053 1503 1083 lwtabitur,
1520 1051 1592 1087 quod
1608 1060 1655 1078 ca-

868 1107 967 1126 nonem
984 1106 1040 1125 non
1063 1097 1218 1125 oﬂenderit.
1241 1097 1267 1125 ls
1280 1102 1381 1129 autem,
1398 1098 1442 1125 cui
1460 1102 1571 1132 propter
1586 1097 1656 1123 alte-

867 1145 926 1172 rius
940 1145 1070 1172 deliclum
1085 1143 1209 1171 aufertur
1223 1151 1254 1171 ea
1270 1151 1351 1178 quam
1365 1144 1447 1171 habet
1459 1144 1591 1178 dignitas,
1607 1143 1657 1169 ad-

868 1193 978 1218 modum
992 1198 1063 1226 a-gre
1078 1190 1158 1217 feret.
1177 1189 1204 1217 ld
1220 1189 1292 1217 enim
1305 1189 1377 1224 quod
1391 1190 1447 1225 jam
1462 1194 1591 1224 expertus
1604 1194 1658 1221 est,

867 1237 1011 1274 molestum
1028 1241 1071 1263 est
1091 1236 1113 1263 si
1133 1235 1287 1264 auferatur.

900 1281 1027 1311 ZONAll.
1046 1281 1074 1309 Si
1094 1282 1155 1309 laici
1174 1289 1245 1308 uxor
1273 1281 1400 1308 adulterii
1425 1281 1572 1309 manifesto
1590 1289 1658 1308 cou-

863 1327 935 1354 victa
949 1328 994 1360 sit,
1011 1328 1073 1362 ejus
1087 1328 1176 1355 virum
1193 1335 1207 1354 a
1226 1326 1389 1360 miuiSterio,
1408 1333 1422 1353 a
1440 1333 1582 1354 sacrorum
1603 1325 1659 1353 sei-

865 1374 931 1401 licet
951 1374 1079 1401 ordinum
1103 1374 1301 1407 susceptione,
1325 1372 1413 1400 arceri
1438 1371 1550 1408 [canon]
1570 1371 1659 1407 jubet;

865 1419 947 1448 modo
972 1424 1062 1447 tamen
1089 1419 1243 1446 manifestis
1269 1419 1378 1446 iudieiis
1401 1418 1526 1446 convicta
1551 1418 1659 1451 mulier.

865 1475 921 1494 non
939 1471 1031 1494 autem
1044 1465 1086 1493 vel
1099 1465 1259 1501 suspicione
1276 1469 1379 1492 tantmu
1394 1469 1498 1498 notata,
1512 1465 1554 1492 vel
1568 1465 1602 1491 ab
1614 1465 1659 1497 iis,

25 1512 201 1547 κατηγορεῖν,
230 1509 298 1537 ἀλλὰ
323 1510 415 1546 ῥητοῖς
439 1506 605 1544 προσώπων.
625 1508 662 1535 Οὐ
699 1508 754 1542 γὰρ
777 1505 814 1541 τῷ

873 1513 970 1548 quibus
995 1519 1094 1539 nomen
1118 1511 1191 1538 illius
1215 1510 1353 1538 deferendi
1379 1514 1502 1545 potestas
1528 1517 1584 1537 non
1606 1515 1660 1542 est,

25 1558 183 1593 Βουλομένῳ
212 1557 319 1590 ἐφεῖται
349 1555 414 1590 περὶ
434 1553 558 1590 μοιχείας
589 1554 752 1588 κατηγορεῖν
784 1553 814 1580 οὑ

26 1604 184 1640 Ξυναμένων
198 1603 282 1638 αὐτῆς
297 1601 461 1637 προσώπων.
476 1601 514 1628 υὺ
528 1601 582 1637 γὰρ
594 1601 633 1637 τῷ
661 1601 819 1636 βουλομένῳ

26 1651 132 1683 ιφεῖται
170 1649 234 1684 περὶ
273 1647 395 1684 μοιχείας
433 1648 596 1683 κατηγορεῖν
625 1647 693 1674 ἀλλὰ
732 1656 817 1684 προσ-

26 1698 123 1728 boote.
148 1695 211 1722 Ἐὰν
237 1695 266 1722 δὲ
296 1694 344 1722 καὶ
382 1694 531 1729 ιερωμένου
576 1694 646 1730 γυνὴ
674 1695 819 1731 μοιχευθῇ,

26 1741 162 1769 ἰπολὸσαι
175 1741 261 1776 αὐτὴν
271 1740 386 1775 ὀφείλει,
399 1740 521 1766 τουτέστι
531 1740 695 1776 διαζυγῆναι
709 1741 796 1776 αὐτῆς
811 1760 820 1768 .

26 1789 52 1815 il
67 1787 96 1814 δὲ
114 1786 199 1822 συζῇν
214 1786 283 1822 αὐτῇ
308 1786 446 1821 βούλεται,
473 1785 607 1812 κωλύεται
622 1787 673 1819 τῆς
701 1787 821 1821 ἐγχειρι-

26 1833 142 1867 σθείσης
156 1832 231 1867 αύτῷ
250 1832 398 1864 διακονίας,
417 1832 476 1866 ἦτοι
511 1832 558 1858 τοῦ
584 1831 690 1866 βαθμοῦ
721 1832 762 1863 είς
792 1831 822 1858 ὃν

26 1880 197 1915 κατετάχθη.
239 1879 273 1905 Ἢ
286 1879 341 1912 γὰρ
378 1878 555 1913 μοιχευθεῖσα
577 1878 726 1912 μεμίανται
744 1886 752 1893 ο
765 1878 780 1903 ό
793 1877 821 1904 δὲ

26 1927 117 1963 ταύτῃ
127 1925 294 1961 μιγνύμενος
310 1924 340 1950 ἓν
351 1925 431 1959 σῶμα
445 1924 561 1958 γίνεται,
578 1923 624 1950 καὶ
637 1923 731 1949 λοιπὸν
755 1931 821 1958 μετ-

27 1973 227 2009 έχεικάκεῖνος
245 1971 292 1998 τοῦ
321 1971 487 2005 μιάσματος.
518 1969 549 1996 '0
574 1969 602 1996 δὲ
630 1970 818 2005 μεμιασμένος

26 2020 89 2051 πῶς
102 2019 265 2054 δεχθήσεται
277 2017 318 2048 εἷς
329 2025 355 2043 τι
372 2017 446 2043 θεῖον
457 2015 659 2050 λειτούργημας

870 1563 998 1586 accusata
1018 1557 1110 1586 fuerit.
1131 1556 1186 1584 Nec
1203 1557 1275 1584 enim
1294 1557 1452 1591 cuicunque
1471 1556 1571 1583 volenti
1586 1576 1593 1588 ,
1613 1556 1661 1583 sed

870 1604 954 1632 certis
981 1607 1090 1631 tantum
1116 1603 1282 1638 quibusdam
1311 1602 1488 1633 hominibus,
1516 1602 1660 1628 mulierem

870 1650 997 1678 adulterii
1019 1657 1093 1677 ream
1107 1657 1187 1685 agere
1202 1656 1364 1677 concessqu
1383 1654 1434 1676 est.
1449 1647 1528 1681 Quod
1545 1649 1568 1675 si
1585 1647 1663 1674 adul-

871 1697 968 1724 terium
987 1702 1067 1723 sacro
1083 1695 1179 1722 ordine
1197 1693 1296 1721 initiati
1314 1693 1434 1721 hominis
1451 1693 1552 1727 conjux
1570 1697 1662 1727 patrac

870 1742 952 1773 verit,
969 1749 1028 1768 eam
1049 1740 1090 1767 vir
1107 1739 1245 1772 dimittat,
1266 1739 1319 1766 hoc
1339 1743 1392 1772 est,
1413 1738 1448 1765 ab
1463 1738 1536 1764 illius
1554 1745 1583 1765 se
1597 1745 1664 1765 con-

870 1785 1017 1813 suetudine
1032 1785 1263 1819 {commercioque
1291 1784 1440 1819 srjungat:
1461 1784 1484 1811 si
1507 1790 1573 1811 vero
1600 1791 1663 1809 eum

870 1830 917 1857 illa
933 1830 995 1856 vitae
1014 1829 1174 1856 societatem
1190 1829 1291 1855 habere
1307 1829 1433 1860 voluerit,
1450 1829 1539 1863 ipsum
1557 1835 1571 1854 a
1587 1835 1663 1855 com~

871 1876 959 1904 misso
969 1875 1141 1906 ministerio,
1159 1874 1211 1901 hoc
1229 1878 1282 1906 est,
1298 1882 1313 1900 a
1331 1874 1373 1901 sui
1388 1874 1494 1901 ordinis
1511 1875 1608 1909 gradu,
1622 1874 1665 1901 di-

873 1921 978 1949 moveri
1003 1921 1144 1947 decretura
1170 1923 1224 1947 est.
1250 1918 1361 1945 Patran
1388 1926 1506 1953 namque
1528 1919 1665 1946 adulterio

874 1966 974 1995 mulier
995 1966 1100 2001 polluta
1115 1970 1176 1999 est;
1193 1964 1240 1999 qui
1257 1972 1322 1991 vero
1335 1964 1445 1999 polluta:
1461 1964 1664 1996 eommiscetur,

871 2021 957 2042 unum
980 2020 1080 2047 corpus
1110 2011 1238 2044 eﬂicitur,
1261 2011 1411 2046 eademque
1440 2011 1553 2047 proinde
1572 2015 1667 2038 conta-

26 2068 111 2104 gioue
145 2067 234 2102 ipsum
272 2064 404 2093 maculari
447 2070 562 2092 necesse
585 2067 639 2091 est.
674 2061 817 2090 Hominem
850 2068 917 2090 vero
943 2060 1078 2096 pollutum
1106 2059 1134 2087 in
1163 2066 1245 2087 sacro
1281 2059 1375 2094 aliquo
1423 2059 1578 2087 ministerio
1605 2060 1668 2094 quis

165 2167 174 2184 (
201 2157 230 2185 '0
246 2156 352 2188 λαῖκδς,
370 2151 401 2182 οὗ
422 2155 439 2190 ἡ
457 2153 527 2189 γυνὴ
558 2153 748 2189 μεμοίχευται,
790 2156 821 2183 οὐ

878 2157 996 2186 ARIST.
1012 2166 1022 2183 ι
1041 2156 1142 2184 Laicus
1157 2155 1237 2191 cujus
1255 2158 1325 2182 uror
1342 2153 1495 2182 adulterata
1510 2157 1553 2181 est
1570 2161 1622 2180 nou
1640 2153 1666 2180 ﬁt

65 2216 74 2232 ι
91 2205 256 2241 κληροῦται·
274 2203 322 2230 καὶ
335 2203 350 2229 ὁ
369 2202 398 2229 ὲν
428 2201 524 2236 κλήρῳ
541 2199 566 2226 ει
578 2199 690 2235 κατέχει
710 2209 814 2237 μοιχευ·

918 2213 927 2230 ι
947 2203 1077 2234 clericus,
1095 2205 1122 2230 et
1135 2201 1253 2228 clericus
1267 2200 1314 2235 qui
1330 2207 1390 2228 eam
1406 2199 1506 2227 retinet
1522 2204 1667 2234 postquam

72 2262 82 2280 ι
106 2252 199 2279 θεῖσαν
209 2249 305 2285 αὐτὴν,
327 2248 519 2274 έκδιὼκεται.»

68 2299 100 2326 Ei.
117 2299 131 2325 ὁ
149 2294 372 2331 κεκληρωμένος,
380 2295 428 2328 τὴν
439 2294 559 2327 γυναῖκα
597 2293 680 2320 αὐτοῦ
709 2302 821 2329 μοιχευ-

30 2349 126 2375 θεῖσαν
143 2345 181 2380 μὴ
192 2343 332 2374 ἀπολύων,
347 2343 397 2376 τῆς
412 2341 493 2374 ἀξίας
525 2341 714 2376 μετακινεῖται
729 2349 737 2357 υ
763 2340 822 2372 πῶς

29 2396 44 2421 ὁ
61 2391 164 2422 λαῖκὺς,
179 2386 209 2416 οὗ
223 2389 240 2424 ἡ
255 2387 326 2422 γυνὴ
341 2385 531 2422 μεμοιχευται,
548 2385 589 2417 εἰς
615 2385 716 2421 κλῆρον
734 2394 823 2423 παρα-

28 2436 211 2472 δεχθήσεται;
499 2428 507 2432 ’

343 2479 463 2507 ΚΑΝΩΝ
481 2478 520 2506 Θ¹.

34 2540 44 2558 ι
66 2527 266 2565 Πρεσϐύτερος,
288 2526 336 2554 ἐὰν
355 2524 580 2561 προημαρτηκὼς
607 2524 727 2560 σώματι,
750 2534 819 2562 προο

59 2585 68 2602 ι
85 2575 166 2610 αχθῇ.
177 2574 225 2602 καὶ
235 2573 390 2609 ὁμολογήσῃ
403 2573 445 2598 ὅτι
455 2572 563 2607 ἥμαρτε
573 2571 625 2606 πρὸ
636 2572 816 2607 χειροτονίας,

66 2631 77 2648 ι
98 2622 135 2657 μὴ
147 2620 329 2657 προσφερέτω
345 2627 352 2634 '
373 2619 463 2654 μένων
476 2619 505 2645 ὲν
521 2619 578 2650 τοῖς
593 2618 698 2650 λοιποῖς
712 2618 756 2645 διὰ
769 2618 819 2654 τὴν

65 2678 75 2696 ι
91 2668 174 2703 ἀλλην
188 2667 318 2702 σπουδήν.
334 2665 375 2692 Τὰ
391 2665 445 2700 γὰρ
453 2664 535 2692 λοιπὰ
547 2664 735 2700 ἁμαρτήματα
749 2664 817 2699 ἔφα-

69 2724 80 2742 (
99 2723 148 2742 σαν
159 2714 185 2741 οἱ
201 2714 293 2740 πολλοὶ
313 2713 360 2739 καὶ
374 2713 423 2747 τὴν
437 2711 608 2749 χειροθεσίαν
624 2711 743 2745 ἀφιέναι.
753 2711 817 2737 Ἐὰν

71 2770 81 2787 ι
95 2760 123 2788 δὲ
134 2760 212 2791 αὐτὸς
225 2760 262 2794 μὴ
273 2758 404 2794 ὁμολογῇ.
420 2756 582 2792 ἐλεγχθῆναι
596 2756 625 2783 δὲ
639 2756 764 2792 φανερῶς
777 2756 816 2793 μὴ

64 2815 76 2834 ε
91 2804 252 2842 δυνηθῇ,ὲπ’
264 2804 338 2839 αὐτῷ
346 2803 444 2838 ἐκείνῳ
454 2802 592 2830 ποιεῖσθαι
603 2801 811 2838 τὴνὲξουσῑαν.»

68 2853 165 2880 ΒΔΔΣ.
192 2851 304 2888 Ἰερείδς,
322 2849 475 2886 πορνεύσας
490 2848 545 2884 πρὸ
559 2849 609 2884 τῆς
632 2848 813 2885 χειροτονίας,

915 2259 924 2276 ι
947 2249 1113 2277 adulterium
1133 2247 1284 2279 commisit.
1303 2247 1460 2282 expellitur.
1481 2255 1491 2272 ι

871 2293 874 2296 ’
912 2295 941 2323 Si
958 2296 1004 2323 ille
1016 2295 1063 2330 qui
1077 2295 1104 2322 in
1118 2294 1220 2322 clerum
1235 2297 1380 2328 cooptatus
1394 2299 1447 2326 est,
1464 2300 1575 2321 uxorem
1588 2300 1666 2321 suam

874 2341 1055 2369 adulteratam
1084 2347 1140 2368 non
1169 2338 1333 2371 dimittens,
1362 2339 1495 2375 dignitate
1520 2344 1667 2368 movetur:

873 2387 1015 2421 quomodo
1031 2386 1119 2413 laicus
1140 2385 1219 2420 cujus
1242 2392 1313 2413 uxor
1335 2385 1489 2414 adulterata
1503 2391 1544 2414 est
1563 2387 1591 2414 in
1611 2387 1667 2415 cle-

872 2439 934 2459 rum
953 2430 1136 2459 admittatur?

1174 2476 1290 2506 CANON
1316 2477 1365 2505 1X.

873 2535 884 2552 ι
904 2525 933 2553 Si
943 2524 1098 2560 presbyter,
1107 2524 1153 2560 qui
1164 2532 1280 2559 corpore
1287 2524 1365 2559 prius
1375 2527 1545 2559 peccaverat,
1555 2531 1666 2559 promo-

909 2579 918 2596 I
940 2574 983 2597 tus
993 2570 1085 2602 fuerit,
1101 2575 1128 2597 et
1142 2569 1164 2596 si
1175 2574 1238 2597 ante
1246 2569 1447 2597 ordinationem
1463 2576 1591 2604 peccasse
1600 2576 1667 2596 con-

907 2626 916 2642 ι
939 2615 1029 2644 fessus
1046 2616 1187 2648 l'ucrit,ne
1204 2615 1302 2643 offerat
1317 2625 1324 2643 :
1343 2622 1459 2643 manens
1469 2615 1496 2641 in
1508 2615 1581 2646 aliis,
1594 2622 1662 2649 pro-

908 2671 918 2688 ι
931 2667 990 2698 pter
999 2661 1074 2690 aliud
1084 2662 1142 2697 ejus
1156 2662 1235 2690 bona:
1248 2661 1310 2688 vita:
1319 2661 1452 2688 studium.
1465 2659 1580 2694 Reliqua
1589 2660 1662 2687 enim

907 2719 917 2736 ι
937 2713 1050 2744 peccata
1062 2708 1243 2736 dicuntmulti
1258 2714 1387 2734 manuum
1402 2705 1577 2740 impOsitione
1593 2706 1663 2734 tolli.

906 2765 916 2782 ι
932 2755 1008 2789 Quod
1019 2756 1041 2784 si
1050 2755 1108 2790 ipse
1116 2763 1169 2782 non
1176 2753 1348 2784 conﬁteatur,
1357 2757 1450 2786 aperte
1458 2755 1548 2778 autem
1556 2751 1665 2779 convin.

906 2811 916 2828 ι
936 2802 959 2833 ci
980 2809 1034 2829 non
1051 2800 1182 2836 potuerit,
1205 2799 1279 2826 illius
1300 2805 1411 2833 quoque
1426 2798 1450 2824 ei
1465 2797 1511 2824 liat
1527 2801 1663 2832 potestas.

903 2847 1004 2876 BALS.
1023 2846 1169 2877 Sacerdos,
1182 2843 1229 2879 qui
1244 2847 1308 2872 ante
1325 2842 1528 2871 ordinationem
1543 2841 1664 2870 fornica-
