1935 3081
304 109 371 143 1219

929 105 1067 135 TIIECD.
1086 103 1287 135 BALSAMON

1887 103 1928 135 12]

309 164 354 182 ωε
373 156 450 186 erat,
470 158 615 188 peccatum
630 159 679 179 sua
699 156 796 185 sponte
819 156 878 184 post
896 151 1096 178 ordinationem

1150 151 1326 186 ὡμολόγησεν
1342 149 1414 177 ἑκὼν
1428 149 1497 185 μετὰ
1521 150 1569 184 τὴν
1591 150 1771 186 χειροτονίαν
1787 149 1848 184 τὴν
1864 150 1928 183 ita;

304 200 397 230 fassus
420 203 474 227 est.
494 198 591 225 Dicunt
612 205 676 233 ergo
700 197 805 228 Patres,
829 204 890 224 eum
903 216 911 229 ,
934 200 963 223 ut
978 196 1025 231 qui
1042 203 1091 223 sua

305 250 404 281 sponte
423 245 515 272 fassus
532 244 582 276 sit,
600 250 614 269 a
633 243 761 270 sacriﬁcii
780 242 889 276 quidem
908 241 1093 268 celebratione

305 298 427 322 cessare,
445 290 548 317 habere
567 294 659 316 autem
676 289 728 315 alia
745 289 917 316 sacerdotum
937 287 1092 323 privilegia,

305 337 412 365 scilicet
427 344 488 364 cum
510 335 703 363 sacerdotibus
722 335 894 366 cathedram,
910 340 1095 361 sacramento-

305 391 365 410 rum
384 383 410 410 in
426 382 506 409 altari
525 382 777 416 participationem,
792 385 819 408 et
834 381 886 407 alia
902 380 1027 414 qutcdam
1045 387 1052 406 :
1069 383 1096 406 et

307 429 425 455 maxime
441 428 463 455 si
482 429 518 455 sit
534 428 647 454 virtutis
662 426 815 453 studiosus.
828 426 943 454 Perinde
957 430 1048 452 autem
1064 432 1097 452 ac

306 473 328 499 si
344 472 458 499 dixisset
471 471 620 506 quispiam,
633 471 685 497 alia
700 478 813 504 quoque
828 473 937 504 peccata
952 469 1028 503 sequi
1045 468 1098 495 for-

307 518 454 546 nicationis
473 518 581 548 vitium,
597 523 776 547 consensum,
792 523 890 543 manus
904 514 1098 543 contrectatio-

307 571 382 594 nem,
401 563 508 594 oscula,
525 567 552 590 et
569 562 725 596 bujusmodi
742 562 812 593 alia;
828 565 855 589 et
869 561 903 589 ab
922 561 957 589 iis
972 560 1097 595 impediri

307 617 370 637 eum
385 609 431 644 qui
451 609 542 636 fassus
556 613 610 640 cst,
625 615 658 634 ne
673 607 772 634 habeat
787 607 939 634 sacerdotis
954 607 1096 634 honorem:

307 655 508 689 subiunxerunt
524 653 631 686 Patres,
649 653 726 688 quod
743 652 872 686 quoniam
889 652 923 680 ab
939 652 1098 687 hujusmodi

308 700 417 727 delictis
437 707 489 725 non
509 699 659 733 impeditur
673 698 822 733 quispiam,
841 698 988 732 quominus
1005 698 1038 725 ad
1054 705 1099 725 sa-

309 742 463 769 cerdotium
491 744 672 777 provehatur,
691 743 756 776 quia
783 742 841 769 haec
863 741 897 769 ab
925 743 1099 770 ordinatione

310 787 455 814 solvuntur
466 809 474 820 ,
499 795 553 814 non
576 787 740 822 impedietur
759 788 794 814 ab
809 787 842 814 iis
853 807 861 821 ,
881 787 1031 822 quominus
1046 789 1098 816 alia

311 833 411 860 habeat
423 832 575 868 privilegia.
592 831 624 859 Et
636 832 694 860 haec
708 832 830 867 quidem,
845 833 954 868 quando
969 833 1099 862 sacerdos

311 885 391 905 suum
418 882 559 912 peccatum
583 878 730 905 confessus
749 877 842 905 fuerit.
866 877 913 905 Sin
934 883 1024 906 autem
1047 886 1098 906 nec

310 923 454 950 confessus
470 930 521 950 nec
541 928 634 958 aperte
651 924 796 951 convictus
813 923 907 956 fuerit,
926 924 1001 951 nullo
1018 924 1100 952 modo

308 968 540 1001 label‘actahitur,
557 968 604 995 sed
619 969 646 995 in
664 968 724 1003 ejus
742 973 876 1002 potestate
891 969 944 996 erit
958 977 1039 997 sacra
1055 977 1101 997 ce-

310 1014 419 1042 lebrare
434 1015 475 1042 vel
490 1022 610 1047 cessare,
630 1019 712 1050 prout
728 1015 753 1042 ei
769 1022 819 1042 sua
833 1015 945 1042 dictarit
958 1016 1101 1043 conscien-

310 1061 370 1094 tia;
397 1061 627 1095 quemadmodum
654 1061 678 1089 si
707 1062 852 1090 convictus
879 1061 978 1096 fuerit,
1003 1062 1102 1090 exinde

309 1107 473 1141 deponclur,
489 1111 516 1134 et
531 1115 581 1134 nec
594 1108 698 1135 honore
712 1115 763 1135 nec
777 1108 831 1135 alio
848 1109 992 1144 privilegio
1003 1109 1101 1145 dignus

311 1152 468 1179 habebitur.
483 1152 566 1188 410
579 1153 746 1187 Adjecerunt
762 1159 852 1182 autent
869 1154 964 1182 Patres
979 1160 1100 1189 apertam

310 1197 522 1231 probationem,
541 1205 574 1224 eo
594 1197 667 1232 quod
689 1205 771 1225 nemo
791 1199 962 1233 deponatur,
983 1200 1034 1227 nisi
1053 1207 1103 1235 per

310 1247 418 1277 apertas
427 1243 612 1278 probationes,
624 1244 731 1271 scilicet
743 1252 793 1279 per
803 1244 1010 1273 aﬂirmationem
1024 1246 1104 1281 quin-

310 1295 363 1322 que
382 1288 494 1315 testium
506 1288 671 1323 jurantium.
687 1289 758 1316 Dicit
774 1294 864 1317 autem
881 1291 964 1317 etiam
979 1291 1020 1318 lex
1037 1292 1104 1318 civi-

311 1334 362 1366 lis;
386 1333 483 1361 Melius
507 1338 549 1362 est
572 1340 683 1370 peccata
705 1335 824 1370 relinqui
842 1336 992 1371 impunita,
1020 1345 1102 1372 quam

311 1378 421 1413 aliquos
437 1379 497 1406 sine
512 1386 597 1406 causa
614 1379 717 1414 puniri.
736 1379 808 1416 Lege
825 1386 852 1408 et
867 1389 1000 1408 canoncm
1016 1383 1103 1410 sancti

311 1423 418 1457 Basilii,
436 1425 470 1451 Ξῖ
487 1429 515 1453 et
532 1427 668 1454 novellam
684 1426 719 1455 29
740 1427 843 1454 domini
861 1426 961 1455 Leonis
979 1427 1104 1455 Philoso-

312 1470 371 1505 phi,
387 1475 414 1498 et
430 1479 462 1498 ex
481 1471 744 1511 interrogationibus
761 1472 842 1502 lactis
858 1475 884 1501 in
903 1475 1009 1510 synodo
1027 1475 1101 1502 Con-

310 1518 552 1551 stantinopolitana
564 1518 815 1554 interpretationem
839 1523 975 1555 responsi,
985 1521 1100 1549 dicentis

310 1562 443 1590 lateor-um
464 1564 524 1592 loco
539 1565 645 1592 censeri
660 1573 724 1598 eos,
739 1566 785 1601 qui
801 1567 918 1600 depositi
935 1567 1058 1594 fuerint:
1075 1571 1102 1595 et

310 1609 356 1636 dic
379 1610 491 1644 paucis,
516 1610 586 1644 quod
604 1615 646 1638 est
665 1611 817 1638 diﬂcrentia
834 1613 893 1646 ejus
910 1613 956 1647 qui
979 1613 1102 1647 peccavit

312 1659 375 1681 ante
387 1654 587 1683 ordinationem
602 1660 628 1683 et
643 1658 788 1685 confessus
803 1663 845 1685 est
859 1662 887 1685 et
903 1657 962 1691 ejus
977 1659 1021 1694 qui
1037 1667 1101 1694 pro-

312 1703 372 1733 pter
396 1700 501 1727 crimen
519 1700 719 1729 condemnatus
741 1707 782 1728 est
805 1707 867 1737 post
888 1704 1100 1731 ordinationem.

312 1743 445 1772 Similiter
464 1749 491 1772 et
509 1747 570 1781 ejus
589 1747 633 1782 qui
653 1747 704 1774 fuit
728 1747 854 1783 digamus
873 1753 935 1783 post
950 1749 1100 1777 ordinatio-

311 1797 385 1824 nem,
407 1795 434 1818 et
461 1792 522 1826 ejus
546 1793 590 1820 cui
616 1794 800 1820 sacerdotiqu
823 1794 945 1821 ablatum
971 1801 1023 1822 est.
1049 1795 1101 1828 Qui

311 1836 402 1869 cnim,
422 1839 494 1872 quod
512 1843 574 1865 ante
595 1839 794 1866 ordinationem
829 1840 985 1874 commisit,
1004 1848 1100 1875 pecca-

314 1886 371 1909 tum
388 1884 533 1912 conicssus
546 1888 600 1917 est,
619 1885 653 1911 ab
673 1885 812 1913 oﬂercndo
829 1890 934 1913 tantum
950 1887 1102 1914 removebi-

314 1932 371 1961 tur,
388 1930 435 1957 sed
453 1929 620 1958 sacerdotali
636 1931 767 1959 cathedra
785 1932 884 1966 dignus
901 1932 1057 1967 habebitur,
1073 1937 1101 1961 et

311 1975 427 2010 reliquis
441 1976 588 2011 ejusmodi,
617 1982 647 2004 ut
663 1977 724 2005 vult
737 1985 824 2005 canon
842 1978 876 2006 89
893 1979 979 2006 sancti
996 1978 1098 2006 Basilii.

311 2021 364 2054 Qui
379 2026 469 2049 autem
485 2023 633 2050 secundam
649 2030 763 2051 uxorem
784 2023 872 2057 duxit,
888 2029 914 2051 et
928 2031 957 2052 se
971 2031 1004 2052 eo
1019 2024 1100 2052 modo

312 2068 467 2094 sacerdotio
482 2069 568 2095 movit
582 2088 590 2101 ,
609 2068 781 2102 ministeriis,
804 2077 864 2104 qua:
879 2074 943 2098 sunt
963 2074 1040 2097 extra
1055 2077 1099 2097 sa-

1154 2079 1185 2107 Ὅ
1205 2081 1234 2107 δὲ
1272 2068 1440 2117 διγαμήσας,
1465 2085 1513 2111 καὶ
1544 2084 1640 2111 ἑαυτὸν
1671 2068 1923 2120 τοιουτοτρόπωςὲκ

313 2119 391 2140 crum
409 2113 540 2149 tribunal,
555 2113 653 2149 dignus
668 2114 825 2142 habebitur.
839 2115 892 2142 Sed
907 2115 953 2150 qui
969 2119 1012 2143 est
1032 2123 1100 2143 con-
1118 2119 1121 2127 '

1145 197 1218 225 τίαν.
1234 196 1320 224 Φασὶν
1337 196 1418 223 οὖνοἱ
1432 195 1555 230 Πατέρες
1572 196 1619 222 τὸν
1638 195 1767 222 τοιοῦτον
1800 195 1847 225 ὥς
1877 195 1928 220 αὐτη

1145 243 1229 273 θελῶς
1254 243 1529 278 ἐξομολογησάμενον
1544 241 1595 276 τῆς
1610 241 1661 276 μέν
1693 241 1871 277 ἱερουργίας
1888 250 1928 267 πυ

1146 289 1238 324 θῆναι,
1253 289 1325 324 ἔχειν
1338 289 1367 315 δὲ
1378 288 1462 316 τᾶλλα
1470 287 1609 322 προνόμια
1625 287 1679 314 τῶν
1694 287 1817 322 ἱερέων,
1831 286 1928 321 δηλονζι

1145 336 1195 371 τὴν
1211 336 1281 371 μετὰ
1303 335 1359 361 τῶν
1374 335 1472 370 ἱερέων
1489 333 1640 369 καθέδραν,
1666 333 1719 368 τὴν
1745 334 1784 360 ἑν
1805 333 1849 368 τῷ
1861 333 1928 359 om

1148 383 1252 418 στηρίῳ
1278 382 1333 409 τῶν
1367 381 1549 416 ἁγιασμάτων
1583 380 1749 416 μετάληψιν,
1791 379 1847 406 καὶ
1873 379 1928 413 ἔτερ

1146 438 1220 461 τινα,
1237 429 1285 456 καὶ
1320 428 1440 463 μάλιστα
1466 428 1514 454 ἐὰν
1557 426 1627 462 πρὸς
1650 426 1756 462 ἀρετὴν
1806 426 1928 457 σπουδαΞᾲ

1148 476 1232 502 ἐστιν.
1249 475 1297 507 Ὠς
1322 483 1395 506 τινος
1410 474 1438 500 δὲ
1462 473 1585 505 εἰπόντος
1617 472 1828 499 ἐπακολουθεῖν
1846 471 1883 506 τῷ
1897 473 1928 497 πάι

1150 522 1191 548 οει
1205 521 1258 555 τῆς
1276 521 1405 556 πορνείας
1419 521 1466 546 καὶ
1491 519 1559 547 ἄλλα
1572 521 1634 546 τινὰ
1653 519 1868 554 ἁμαρτήματα,
1884 527 1928 551 σιγ-

1148 567 1308 598 κατάθεσιν,
1334 567 1407 601 ἁφὴν
1434 565 1538 601 χειρὸς,
1556 564 1711 599 φιλήματα.
1741 563 1798 590 καὶ
1824 563 1928 595 toni-2:,

1150 614 1198 640 καὶ
1211 614 1266 640 ἀπὸ
1277 613 1378 640 τούτων
1390 611 1587 647 ἐμποδίζεσθαι
1603 613 1651 638 τὸν
1674 609 1928 646 ἐξομολογούμενοι,

1148 659 1219 686 ὥστε
1240 659 1312 694 ἔχειν
1323 659 1406 694 τιμὴν
1420 659 1525 694 ἱερέως,
1542 658 1684 691 ἐπήγαγον
1696 658 1722 684 al.
1761 657 1928 691 Πατέρεςέκ,

1149 705 1211 732 ἐπεὶ
1222 706 1276 732 ἀπὸ
1288 705 1420 731 τοιούτων
1449 703 1661 739 ἁμαρτημάτων
1685 703 1738 729 οὐκ
1765 702 1928 737 gemeam;

1150 760 1191 782 τις
1207 752 1247 783 είς
1259 751 1409 786 ίερωσύνην
1428 748 1711 785 προανασιὸασθῆναι,
1727 749 1774 776 διὰ
1793 749 1827 776 τὸ
1839 749 1928 775 λύεσθαι

1150 797 1238 824 ταῦτα
1258 797 1311 823 ὑπὸ
1323 796 1374 831 τῆς
1390 796 1569 831 χειροτονίας,
1583 796 1614 822 οὐ
1642 795 1842 830 κωλυθήσεται
1859 795 1886 829 ἐξ
1899 798 1928 821 ειὺι

1150 843 1205 870 τῶν
1217 843 1290 878 ἔχειν
1302 845 1337 869 τὰ
1351 842 1418 870 ἄλλα
1436 843 1588 876 προνόμια.
1601 841 1657 868 Καὶ
1669 841 1762 869 ταῦτα
1801 843 1865 877 μὲν,
1884 842 1928 868 ὅτις

1152 889 1270 923 όίερεὺς
1312 889 1545 924 ἐξομολογήσηται
1584 888 1614 914 τὸ
1634 888 1812 925 ἁμάρτημα·
1846 888 1893 914 ἐὰν
1913 888 1928 913 δὲ

1152 935 1223 970 μήτε
1235 934 1394 971 ὁμολογήσῃ
1407 936 1476 970 μήτε
1487 935 1603 972 ἐλεγχθῇ
1619 935 1756 972 φανερῶς.
1769 934 1928 961 οὖδεπωεοὶι

1152 981 1431 1016 παρασαλευθήσεται
1445 990 1452 997 σ
1464 982 1533 1009 ἀλλὰ
1549 982 1617 1014 παρ’
1636 981 1712 1017 αὐτῷ
1728 981 1860 1008 κείσεται
1875 979 1928 1012 ἐξῆν·

1152 1027 1197 1053 σία
1215 1027 1263 1054 τοῦ
1276 1028 1463 1064 ίερουργεϊνῆ
1487 1028 1645 1057 παύσασθαι
1679 1027 1749 1063 πρὸς
1776 1027 1809 1054 τὸ
1848 1027 1928 1053 οἰκεῖαι

1152 1074 1273 1106 συνειδὸς
1286 1082 1293 1089 ·
1311 1074 1407 1109 ὥσπερ
1424 1075 1471 1101 ἐὰν
1487 1075 1617 1110 ἐλεγχθῇ,
1639 1074 1817 1102 ἁπεντεῦθεν
1849 1073 1928 1100 καθαι-

1151 1119 1309 1156 ρεθήσεται,
1321 1121 1370 1146 καὶ
1381 1120 1441 1147 οὐδὲ
1450 1121 1556 1157 τιμῆςῆ
1579 1121 1660 1148 ἄλλου
1686 1121 1847 1156 προνομίου
1867 1119 1928 1151 ἄξω·

1153 1165 1278 1200 θήσεται.
1301 1166 1468 1201 Προσέθεντο
1494 1165 1522 1192 δὲ
1539 1166 1570 1193 οἱ
1592 1165 1714 1200 Πατέρες
1739 1165 1788 1191 τὸν
1830 1164 1928 1198 φανερὶι

1153 1211 1276 1246 ἔλεγχον,
1292 1211 1337 1238 διὰ
1350 1212 1381 1238 τὸ
1398 1212 1503 1248 μηδένα
1515 1212 1711 1246 καθαιρεῖσθαι
1726 1211 1752 1238 εἰ
1777 1210 1819 1247 μὴ
1838 1211 1882 1238 διὰ
1893 1219 1928 1244 ςαη

1153 1258 1240 1292 νερῶν
1254 1258 1432 1290 ἀποδείξεων,
1466 1259 1527 1294 ἢτοι
1553 1258 1598 1286 διὰ
1624 1259 1806 1290 καταθέσεως
1843 1258 1928 1294 pulp?)-

1155 1311 1210 1338 ρων
1243 1303 1325 1330 πέντε
1356 1304 1525 1339 όμνυόντων.
1564 1305 1633 1340 Φησὶ
1664 1305 1693 1332 δὲ
1719 1306 1769 1332 καὶ
1800 1305 1814 1332 6
1843 1304 1928 1338 νόμας·

1156 1350 1292 1383 Κρεῖττόν
1306 1351 1365 1377 ἐστι
1381 1351 1416 1377 τὰ
1428 1351 1794 1388 ἀμαξιτήματαάνεκδίκητα
1809 1351 1928 1383 καταλιμ-

1155 1396 1301 1428 πάνεσθαι,
1318 1396 1426 1432 ἧτινας
1437 1397 1576 1429 ἀναιτίους
1595 1398 1770 1431 κολάζεσθαι,
1793 1396 1928 1431 ’Δνάγνωθι

1155 1442 1261 1469 καὶτὸν
1289 1443 1330 1475 κζ’
1345 1443 1446 1470 κανόνα
1461 1444 1509 1470 τοῦ
1529 1444 1609 1478 ἁγίου
1649 1444 1796 1472 Βασιλείου
1820 1444 1868 1470 καὶ
1890 1443 1928 1477 τήν

1115 1496 1136 1525 α
1154 1486 1190 1514 οϐ’
1201 1488 1300 1523 νεαρὰν
1313 1487 1361 1515 τοῦ
1379 1489 1510 1524 βασιλέως
1523 1489 1621 1525 κυρίου
1645 1490 1760 1521 Λέοντος
1793 1489 1843 1516 τοῦ
1868 1489 1928 1516 Φιλο-

1157 1533 1250 1567 σόφου,
1263 1533 1312 1560 καὶ
1328 1534 1382 1560 ἀπὸ
1404 1534 1457 1561 τῶν
1478 1535 1630 1569 γεγονυιῶν
1665 1536 1832 1571 ἐρωτήσεων
1842 1536 1880 1566 εἰς
1891 1534 1928 1567 τὴ]

1153 1578 1303 1613 ἑρμηνείαν
1316 1579 1364 1614 τῆς
1384 1580 1572 1615 ἀποκρίσεως,
1587 1581 1637 1616 τῆς
1661 1581 1799 1616 λεγούσης
1827 1582 1867 1612 είς
1892 1582 1928 1606 τὶν

1152 1626 1235 1651 τόπον
1246 1626 1392 1652 τάττεσθαι
1417 1626 1471 1653 τῶν
1494 1626 1597 1653 λαῖκῶν
1621 1626 1685 1658 τοὺς
1701 1627 1928 1663 καθαιρεθέντας·

1154 1671 1203 1697 καὶ
1223 1671 1388 1706 συναγαγὼν
1408 1673 1469 1699 εἰπέ
1482 1672 1522 1698 ὃτι
1539 1673 1658 1708 διαφορά
1674 1674 1734 1699 ἐστι
1758 1673 1807 1700 τοῦ
1825 1674 1877 1709 πρὸ
1891 1673 1928 1706 τῆς

1155 1716 1325 1750 χειροτονίας
1360 1717 1553 1752 ἡμαρτηκότος
1584 1718 1632 1744 καὶ
1654 1717 1928 1754 ἐξομολογησαμὲπυ.

1115 820 1136 849 Β

1152 1762 1199 1788 καὶ
1218 1761 1264 1788 τοῦ
1278 1763 1527 1795 καταδικασθέντος
1567 1763 1612 1791 διὰ
1637 1764 1766 1799 ἔγκλημα
1797 1766 1868 1801 μετὰ
1888 1766 1927 1796 τήν

1151 1807 1320 1842 χειροτονίαν
1334 1814 1342 1822 ⁸
1368 1808 1497 1840 ὡσαύτως
1513 1809 1560 1835 καὶ
1580 1809 1628 1836 τοῦ
1645 1810 1849 1845 διγαμήσαντος
1871 1810 1925 1843 μετὰ

1151 1852 1203 1887 τὴν
1220 1853 1402 1888 χειροτονίαν,
1419 1855 1466 1881 καὶ
1481 1856 1678 1890 ἀφαιρεθέντος
1692 1857 1743 1891 τὴν
1778 1857 1921 1892 ἱερωσύνην.

1156 1898 1251 1933 ’0,μέν
1267 1899 1322 1935 γὰρ
1338 1900 1608 1936 ἐξομολογησάμενος
1626 1902 1675 1937 τὴν
1698 1903 1752 1937 πρὸ
1766 1903 1821 1938 τῆς
1849 1911 1923 1938 χειρο-

1149 1945 1242 1976 τονίας
1255 1945 1394 1980 ἁμαρτίαν
1417 1947 1501 1981 μόνου
1516 1947 1568 1974 τοῦ
1583 1948 1751 1983 προσφέρειν
1774 1948 1924 1983 στερηθήπν

1149 1998 1195 2016 ται
1210 1998 1217 2006 ·
1230 1990 1368 2027 καθέδρας
1376 1991 1405 2018 δὲ
1426 1993 1569 2028 ἱερατικῆς
1577 1993 1764 2028 ἀξιωθήσεται
1776 1994 1826 2021 καὶ
1835 1993 1924 2020 λοιπῶν

1149 2035 1291 2070 τοιούτων,
1313 2038 1383 2064 κατᾶ
1397 2038 1442 2064 τὸν
1457 2037 1502 2065 πθ¹
1511 2038 1611 2065 κανόνα
1622 2039 1670 2066 τοῦ
1686 2039 1767 2074 ἁγίου
1786 2040 1922 2066 Βασιλείον.

1150 2126 1202 2161 τῆς
1217 2127 1369 2163 ἱερωσύνης
1386 2130 1588 2165 μετακινήσας,
1606 2131 1660 2157 τῶν
1679 2131 1733 2164 ἔξω
1751 2132 1800 2159 τοῦ
1817 2132 1923 2168 βήματος

311 2158 470 2192 demnatus,
491 2167 525 2186 ne
540 2160 598 2186 haec
613 2159 723 2194 quidem
740 2160 886 2194 exercebit,
903 2160 950 2187 sed
968 2161 995 2188 in
1015 2161 1099 2188 laico-

1150 2158 1292 2200 διακονιῶν
1305 2158 1499 2210 ἀξιωθήσεται.
1517 2158 1617 2204 ΙὉΠδέ
1635 2158 1861 2210 ιιαιτιιίδικσ,σοέλ.ξε
1875 2158 1923 2204 οὐδέ

312 2211 372 2230 rum
390 2204 479 2231 locutn
503 2203 650 2239 rejicietur.
669 2204 741 2239 Lege
761 2213 823 2241 syn.
848 2205 875 2232 in
899 2205 996 2233 Trullo
1014 2213 1099 2234 cano-

313 2257 375 2276 ncm
389 2249 421 2275 21
438 2254 466 2277 et
477 2249 523 2282 26,
540 2255 566 2277 et
581 2258 641 2285 qua:
656 2255 719 2277 sunt
735 2251 761 2278 in
779 2252 856 2286 ipsis.
872 2252 907 2279 79
925 2256 1014 2280 autem
1031 2253 1097 2288 imp.

313 2295 417 2322 domini
433 2294 534 2323 Leonis
554 2295 693 2330 Sapientis
710 2297 833 2329 novella,
857 2297 898 2324 sic
920 2305 948 2325 se
964 2298 1047 2326 habet
1064 2298 1099 2326 ad

313 2339 446 2366 verbum:
462 2339 528 2372 Quae
544 2339 598 2368 Dco
612 2341 696 2368 semel
717 2345 781 2369 sunt
795 2346 971 2376 consecrata,
993 2350 1024 2370 ea
1044 2351 1099 2371 non

265 2409 268 2411 .
311 2390 374 2410 esse
387 2384 535 2412 auferenda
552 2385 684 2412 constitui
699 2389 823 2421 oportet;
841 2386 923 2420 idque
940 2394 993 2414 non
1009 2387 1097 2414 solum

313 2428 342 2456 in
365 2428 448 2455 rebus
473 2429 601 2463 pretiosis
625 2431 809 2463 consecratis,
833 2431 882 2458 sed
909 2431 994 2458 multo
1016 2433 1098 2459 etiam

314 2473 401 2508 magis
424 2475 452 2501 in
478 2474 656 2508 hominibus,
680 2476 777 2510 quibus
792 2483 840 2510 per
862 2476 1023 2503 clericatum
1044 2476 1098 2504 Deo

313 2518 451 2546 dedicatio
469 2520 601 2554 accessit;
617 2521 737 2554 etiamsi,
761 2522 914 2557 cujusurodi
936 2523 1020 2550 multa
1036 2528 1099 2550 sunt

314 2563 434 2592 humana
444 2565 554 2599 delicta,
567 2567 602 2594 ab
614 2573 646 2594 eo
659 2567 765 2600 ordine,
781 2567 807 2594 in
823 2576 887 2603 quo,
903 2574 931 2596 ut
943 2577 972 2597 se
984 2569 1099 2598 honeste

312 2611 497 2647 prmclareque
508 2618 644 2648 gererent,
657 2612 736 2641 electi
749 2618 824 2646 sunt,
837 2616 1007 2649 tyrannidem
1021 2624 1099 2644 exer-

313 2663 380 2685 cens
403 2665 450 2685 eos
476 2663 618 2693 peccatum
640 2659 801 2688 detruserit.
818 2659 925 2688 Veteris
945 2662 1038 2697 itaque
1061 2662 1099 2689 le-

311 2704 450 2739 gislatoris
464 2705 617 2733 institutum
635 2714 690 2734 non
705 2707 888 2740 admittimus,
905 2707 952 2742 qui
967 2707 1025 2735 vult
1037 2717 1099 2744 pre-

313 2751 450 2785 sbyterum
463 2752 504 2780 vel
520 2752 665 2780 diaconum
681 2754 721 2780 vel
735 2754 945 2786 subdiaconum,
958 2755 1004 2789 qui
1021 2760 1098 2789 post~

313 2803 395 2829 quam
409 2798 434 2825 ei
449 2805 548 2827 manus
561 2804 601 2828 est
613 2799 748 2835 imposita,
759 2807 821 2828 cum
832 2800 944 2828 muliere
957 2800 1099 2836 conjungi-

1149 2217 1235 2244 ταῦτα
1247 2218 1401 2253 ἐνεργήσει,
1417 2220 1477 2246 ἀλλ’
1501 2221 1542 2253 εἰς
1572 2221 1617 2248 τὸν
1640 2222 1723 2249 τόπον
1745 2223 1801 2249 τῶν
1835 2222 1922 2249 λαῖχιῖιν

1151 2263 1311 2298 ριφήσεται.
1331 2265 1484 2299 ’Λνάγιωθι
1498 2270 1544 2293 καὶ
1561 2267 1611 2302 τῆς
1624 2268 1653 2294 ἐν
1664 2267 1702 2303 τῷ
1714 2268 1847 2305 Τρούλλῳ
1874 2278 1923 2295 σν»-

1154 2307 1216 2334 όδου
1232 2309 1332 2336 κανόνα
1347 2309 1389 2336 κα¹
1400 2312 1447 2337 καὶ
1466 2311 1501 2337 τὰ
1515 2312 1543 2338 ἐν
1557 2313 1659 2344 αὐτοῖς.
1694 2313 1724 2339 Ἠ
1739 2313 1767 2340 δὲ
1793 2315 1831 2341 οϐ’
1855 2314 1924 2348 νεαρὰ

1150 2353 1198 2379 τοῦ
1213 2353 1346 2389 βασιλέως
1359 2358 1445 2391 κυροῦ
1462 2357 1577 2390 Λέοντος
1596 2358 1643 2384 τοῦ
1657 2359 1745 2393 Σοφοῦ
1774 2360 1833 2395 ἔχει
1867 2360 1925 2386 κατὰ

1151 2396 1228 2433 ῥῆμα
1246 2397 1331 2430 οὕτως
1349 2408 1356 2415 ·
1375 2400 1416 2427 Τὰ
1432 2400 1507 2434 ἅπαξ
1519 2402 1720 2438 ἁνατεθειμένα
1731 2404 1770 2439 τῷ
1785 2404 1849 2440 Θεῷ
1871 2406 1927 2432 ἀνι-

1152 2444 1269 2478 φαὶρετα
1285 2444 1339 2471 δεῖν
1355 2444 1428 2473 εἶναι
1442 2447 1637 2480 καθίστασθαι,
1652 2449 1790 2477 καὶτοῦτο
1809 2452 1838 2477 οὐ
1857 2451 1928 2486 μόναν

1149 2488 1196 2515 ἐπὶ
1208 2486 1359 2525 κειμηλίων
1372 2493 1577 2528 ἁνιερωμένων,
1590 2494 1658 2521 ἀλλὰ
1673 2495 1742 2522 πολὺ
1763 2496 1867 2531 μᾶλλον
1890 2496 1926 2522 ἐπ’

1150 2536 1315 2572 ἀνθρώπων,
1329 2535 1369 2570 οἷς
1383 2539 1427 2566 διὰ
1439 2540 1487 2566 τοῦ
1505 2540 1607 2576 κλήρου
1635 2542 1822 2578 προσγένηται
1837 2544 1854 2578 ἡ
1870 2544 1926 2578 πρὶς

1149 2581 1180 2608 τὸ
1215 2582 1287 2609 θεῖον
1304 2584 1443 2617 ἀνάθεσις,
1464 2585 1581 2620 κᾶν,οἷα
1609 2588 1693 2614 πολλὰ
1715 2588 1750 2615 τὰ
1779 2588 1928 2624 ἀνθρώπια.

1149 2629 1320 2664 πταίσματα,
1335 2630 1385 2664 τῆς
1401 2631 1505 2664 τάξεως
1519 2634 1548 2659 ἐν
1569 2631 1585 2669 ᾖ
1610 2633 1776 2668 διαπρέπειν
1803 2635 1928 2667 κατεκλη-

1150 2674 1290 2710 ρώθησαν,
1309 2676 1325 2711 ὴ
1342 2676 1475 2711 τύραννος
1502 2679 1602 2709 αὐτοὺς
1619 2679 1786 2715 ἐξωθήσειεν
1802 2680 1928 2716 ἁμαρτία.

1151 2720 1208 2747 Οὐκ
1222 2721 1418 2757 ἀποδεχόμενοι
1430 2722 1477 2749 οὖν
1490 2724 1540 2758 τῆς
1555 2724 1746 2759 προαιρέσεως
1755 2725 1803 2752 τὸν
1821 2726 1928 2752 παλαιὸν

1149 2766 1345 2802 νομοθέτην,δς
1370 2767 1496 2802 βούλεται
1519 2770 1705 2804 πρεσϐύτερον
1738 2770 1755 2806 ἢ
1785 2770 1925 2803 διάκονονῆ

1150 2812 1338 2846 ὑποδιάκονον,
1359 2814 1428 2848 μετὰ
1445 2815 1494 2849 τὴν
1511 2814 1554 2841 ἐπ’
1574 2815 1648 2851 αὐτῷ
1667 2817 1846 2852 χειροθεσίαν
1860 2825 1924 2844 συνι-
