1935 3081
66 129 129 162 1221

595 131 634 160 ΙΝ
656 131 737 161 CAN.
755 131 781 160 Χ
799 129 906 161 CONC.
925 130 1143 162 NEOCIESAR.

1623 130 1693 164 12⁸22

61 190 197 224 πεόμενον
219 189 340 224 γαμετῇ,
353 188 495 220 παντελῶς
507 189 629 215 τοιούτου
656 189 842 222 ὑπεξίστασθαι

906 194 961 222 tur,
979 190 1014 218 ah
1037 198 1068 218 eo
1094 190 1188 217 habitu
1211 188 1480 221 omnino'excidrre,
1502 192 1528 216 ct
1549 188 1582 216 ad
1608 190 1690 217 vitam

62 235 213 270 σχήματος,
227 235 272 261 καῖ
295 234 365 270 πρὸς
380 235 425 262 τὸν
445 235 541 261 λαῖκδν
573 234 631 270 βίον
676 235 848 270 ἐπαναστρέ-

62 281 174 313 φεσθαι,
192 281 353 316 ἀκυροῦμεν
377 283 406 308 τ),
418 282 518 316 δόγμα.
536 281 712 317 Θεσπῐζομεν
732 282 761 308 δὲ
772 282 852 316 μόνον

60 328 93 361 τῇ
111 326 284 361 ὑποχωρήσει
302 327 351 361 τῆς
367 326 469 359 τάξεως
486 325 528 360 ἐφ’
604 326 656 361 πρὸ
684 326 731 352 τοῦ
760 327 851 361 γάμου

61 372 251 406 ὲγνωρίζοντο,
270 373 414 408 ἀρκεῖσθαι
429 373 478 408 τὴν
492 373 570 407 δίκην
601 373 694 403 αὐτοῖς
715 380 721 387 ·
747 372 794 398 τοῦ
823 371 851 399 δὲ

61 418 193 454 κληρικοῦ
210 419 355 453 σχήματος
380 419 426 445 καὶ
450 419 502 453 τῆς
519 419 602 454 ἄλλης
618 421 646 446 ἐν
659 420 719 450 ταῖς
752 419 852 454 ἐκκλη-

61 465 133 496 σίαις
150 465 314 500 ὑπηρεσίας,
331 462 362 499 ἦς
381 465 553 499 ἐφάπτεσθαι
570 467 619 492 οὐκ
651 466 790 500 ἀθέμιτον,
812 466 850 501 μὴ

61 511 221 536 παντάπασι
240 510 289 544 τὴν
305 510 484 546 ἀλλοτρίωσιν
503 511 745 544 καταδικάζειςθαι.

93 556 216 583 ΖΩΝΛΡ.
242 557 307 584 Ἐάν
325 565 366 588 τις
381 557 435 592 πρδ
449 558 498 592 τῆς
513 558 554 589 είς
581 559 734 594 ἱερωσύνην
758 567 849 595 χειρο-

61 603 152 634 τονίας
166 603 277 638 ἁμάρτῃ
291 603 411 638 σώματι,
425 604 512 640 ἤγουν
526 605 608 640 μέχρι
626 605 726 640 μίξεως
756 613 864 641 mpm--

59 649 111 683 κῆς
126 648 202 685 ἔλθῃ,
231 647 290 676 εἶτα
315 651 451 686 προαχθῇ,
486 651 551 678 ἀντὶ⁸
577 651 635 685 τοῦ,
666 653 852 688 πρεσϐύτερος

59 694 252 730 χειροτονηθῇ,
267 695 315 722 καὶ
331 696 403 731 μετὰ
424 696 474 732 τὴν
501 698 672 732 χειροτονίαν
694 698 850 734 ὁμολογήσῃ

58 739 109 774 τὴν
125 740 281 775 ἁμαρτίαν,
298 741 468 778 προσφέρειν
506 743 555 778 μὲν
587 743 617 769 οὐ
654 745 848 779 συγχωρεῖται,

59 786 200 813 τουτέστιν
231 787 387 823 ἱερουργεῖν
406 795 412 803 ·
447 790 524 823 μενεῖ
538 789 565 815 δὲ
584 790 614 815 ὲν
650 791 707 822 τοῖς
748 790 848 823 ἄλλοις,

56 833 203 882 τουτέστιν
220 835 249 882 ἐᾼν
261 835 294 868 τῇ
311 835 377 869 τιμῇ
391 834 448 861 τῶν
467 834 573 870 ἱερέων,
595 836 626 862 ἐν
649 836 684 871 τῇ
714 836 849 871 καθέδρᾳ,
867 855 888 882 Β

57 879 106 906 καὶ
127 879 156 906 ὲν
168 879 208 914 τῷ
225 879 415 916 θυσιαστηρίῳ
445 881 500 907 τῶν
524 881 706 916 ἁγιασμάτων
732 883 851 918 μεταλή-

56 925 150 960 ψεται,
165 925 214 952 καὶ
229 926 296 953 ἄλλα
315 925 372 960 ἕξει
385 926 521 962 προνόμια
543 926 587 954 διὰ
603 927 652 964 τὴν
667 927 751 964 ἄλλην
765 937 850 956 amu-

57 972 106 1007 δὴν
119 972 277 1004 σπουδαῖος.
302 972 505 1008 ’Δμαρτήματα
523 973 577 1009 γὰρ
604 974 639 1000 τὰ
678 974 792 1008 ἐλάττω,
816 975 850 1003 τὰ

57 1018 128 1053 πρὸς
157 1018 207 1052 τῆς
223 1019 322 1053 μίξεως
345 1019 456 1054 δηλαδὴ,
473 1018 530 1046 οἷον
541 1019 591 1055 τὴν
634 1020 848 1054 συγκατάθεσιν,

56 1065 87 1090 τὸ
104 1064 225 1098 ἅψασθαι
241 1065 314 1099 χειρὶ
338 1065 482 1098 γυναικὸς,
515 1065 546 1091 τὸ
575 1064 658 1101 μέχρι
695 1066 850 1100 φιλήματος

58 1108 215 1143 προελθεῖν,
231 1110 247 1144 ἡ
262 1109 421 1147 χειροθεσία
437 1108 506 1142 λύει,
520 1109 600 1144 φησί.
617 1110 673 1136 Καὶ
695 1109 756 1136 οὐδὲ
771 1110 850 1136 τοῦτο

57 1154 96 1186 ὡς
109 1154 325 1190 ὁμολογούμενον
334 1153 408 1186 εἷπε,
421 1155 490 1181 ἀλλὰ
502 1154 725 1189 κεκολασμένως,
734 1155 848 1189 ἔφασαν,

55 1199 152 1231 είπὼν,
168 1201 192 1226 oi
208 1200 312 1231 πολλοὶ,
326 1200 386 1227 ἀντὶ
403 1200 462 1232 τοῦ,
475 1200 513 1232 ὡς
527 1201 602 1235 πιρά
621 1208 701 1226 τινων
725 1199 848 1234 λέγεται.

56 1245 90 1272 Et
109 1246 160 1280 μὲν
171 1245 218 1272 οὖν
246 1246 328 1278 αὐτὸς
353 1246 480 1280 ὁμολογεί
497 1247 527 1273 τὸ
540 1247 703 1281 ἁμάρτημα,
717 1247 751 1272 τὰ
769 1247 848 1281 εἰρη-

56 1291 126 1326 μένα
140 1292 286 1328 γενήσεται
305 1300 312 1307 ·
323 1292 348 1318 εί
363 1292 391 1318 δὲ
406 1292 456 1327 οὑχ
474 1292 602 1328 ὁμολογεῖ
616 1292 678 1318 οὒτε
701 1291 849 1327 προφανῶς

55 1338 208 1374 ἐλέγχοιτο,
249 1339 310 1366 τότε
327 1338 381 1374 χρὴ
396 1338 446 1374 τὴν
463 1339 589 1372 ἐξουσίαν
600 1339 646 1365 τοῦ
664 1339 817 1372 ἱερουργεῖν
833 1337 849 1372 ἢ

56 1385 218 1413 παύσασθαι
247 1386 352 1412 ἐκεῖνον
367 1385 450 1421 ἔχειν,
463 1385 520 1416 ἵνα,
537 1386 561 1411 εί
577 1384 698 1411 σύνοιδεν
713 1384 803 1419 ἑαυτῷ
818 1384 849 1411 τὸ

54 1432 221 1467 ἁμάρτημα,
238 1432 378 1466 παύσηται
412 1431 461 1465 τῆς
487 1431 660 1466 λειτουργίας
681 1440 689 1446 ·
720 1432 848 1466 κρεῖσσον

53 1477 120 1511 γὰρ,
145 1477 212 1511 φησί
229 1485 281 1503 που
297 1477 414 1512 ὁνόμος,
443 1477 475 1503 τὰ
500 1477 688 1512 ἁμαρτήματα
712 1476 847 1512 καταλιμ-

53 1523 190 1551 πάνεσοαι
204 1523 376 1558 ἁνεκδίκητα,
394 1523 411 1558 ἦ
429 1531 505 1554 τινας
530 1522 657 1553 ἀναιτίως
675 1522 852 1554 καλάζεσθαι.

903 237 1001 264 laicam
1024 237 1114 264 redire
1133 244 1140 263 :
1163 240 1189 263 ct
1206 236 1346 263 decretum
1365 236 1546 263 inhumanius.
1565 236 1694 264 Decerni-

904 292 965 311 mus
983 288 1074 310 autem
1092 283 1181 311 solum
1199 288 1225 310 ut
1241 283 1347 311 ordinis
1363 283 1500 315 ccssione,
1518 282 1545 309 in
1559 290 1613 317 quo
1628 287 1693 311 ante

903 329 1108 356 matrimonitnn
1133 329 1369 364 cognoscebatur,
1395 329 1520 363 supplicii
1547 329 1614 355 satis
1635 329 1690 357 sit:

902 375 996 403 clerici
1013 379 1104 401 autem
1129 374 1256 407 habitus,
1282 380 1308 402 et
1327 375 1399 401 alius
1422 376 1447 401 in
1468 375 1593 402 ecclesiis
1612 375 1692 402 mini-

902 422 994 453 sm'ii,
1019 421 1090 455 quod
1116 421 1192 447 nefas
1215 429 1268 448 non
1294 426 1336 447 est
1356 421 1506 456 attingere,
1528 421 1693 450 alienatione

902 475 956 494 ιιυιι
970 466 1082 493 omnino
1097 467 1305 494 condemnetur.

938 558 1067 587 ZONAR.
1081 559 1120 590 Si,
1138 567 1300 595 priusquam
1315 560 1402 586 sacris
1415 559 1558 586 ordinibus
1571 559 1694 586 initiare-

903 610 957 639 tur,
974 613 1092 640 corpore
1108 606 1244 640 quispiam
1263 606 1427 640 peccaverit,
1445 606 1494 632 hoc
1510 609 1562 637 Bal,
1578 605 1612 632 ad
1631 605 1692 632 libi-

901 652 1028 679 dinosam
1045 659 1131 686 usque
1154 659 1298 686 corporum
1319 652 1537 679 commistioncm
1564 659 1692 687 progres-

902 706 950 726 sus
972 698 1075 730 fuerit,
1092 697 1192 725 deinde
1212 705 1276 725 vero
1295 698 1446 725 admissum
1461 697 1565 724 crimen
1582 705 1692 732 promo-

903 751 958 777 lus,
976 745 1028 772 hoc
1045 749 1096 776 est,
1113 744 1158 771 ubi
1179 744 1309 772 sacerdos
1321 749 1429 771 creatus
1445 743 1544 775 fuerit,
1560 742 1691 770 conﬁtea-

902 796 964 824 tur,
994 790 1112 822 on‘crre,
1144 791 1196 818 hoc
1225 794 1282 822 est,
1308 797 1386 818 sacra
1417 789 1557 817 celebrare
1587 789 1688 816 homini

904 843 1076 872 nequaquam
1098 835 1190 864 licebit
1205 845 1212 864 :
1235 841 1364 863 caeterum
1381 835 1452 868 alia,
1472 834 1578 862 sciliCcl
1596 841 1690 861 sacer-

902 883 996 910 dotum
1015 882 1146 910 honorem
1161 901 1168 914 ,
1193 881 1331 910 cathedrae
1350 882 1574 917 praerogativam,
1590 881 1691 916 jusque

901 932 1032 963 praeterea
1057 928 1083 954 in
1105 927 1185 954 altari
1208 926 1440 958 communicandi,
1456 926 1594 957 retinebit,
1615 925 1691 952 aliis-

901 981 954 1008 que
980 973 1016 1001 ob
1039 972 1107 1000 alias
1130 973 1263 1006 virtutes,
1279 972 1300 1000 si
1317 972 1446 999 nimirum
1460 972 1522 998 vitm
1538 971 1643 1007 integer
1657 977 1690 998 ac

900 1019 1010 1047 virtutis
1030 1018 1190 1046 exercendae
1213 1018 1351 1046 studiosus
1368 1018 1418 1050 sit,
1436 1017 1583 1053 privilegiis
1605 1017 1691 1045 coho-

901 1066 1068 1092 ncslabitur.
1099 1064 1167 1092 Nam
1197 1065 1302 1100 reliqua
1332 1065 1439 1092 minora
1466 1064 1603 1096 crimina,
1629 1071 1692 1098 qtue

900 1110 1026 1137 videlicet
1037 1109 1261 1145 conjunctiouem
1272 1117 1416 1145 corporum
1427 1109 1603 1140 comitantur,
1611 1108 1691 1143 quala

900 1161 942 1184 est
959 1156 1075 1184 facinori
1093 1155 1238 1189 assentiri,
1256 1160 1427 1183 contrectare
1447 1163 1528 1183 manu
1548 1155 1689 1188 feminam,

900 1202 1025 1230 osoulum
1054 1209 1164 1236 quoque
1193 1201 1280 1228 eidem
1310 1200 1458 1236 impertiri.
1493 1201 1564 1232 hate,
1590 1200 1690 1236 inquit,

901 1255 1032 1275 manuum
1056 1247 1230 1282 impositioue
1252 1247 1396 1274 tolluntur.
1413 1246 1513 1274 Verum
1531 1255 1566 1274 ne
1582 1246 1608 1274 id
1629 1248 1692 1282 qui-

901 1292 961 1319 dem
977 1296 1106 1326 tauquam
1120 1292 1233 1318 omnino
1250 1296 1366 1323 certum,
1383 1291 1429 1318 sed
1447 1299 1507 1318 eum
1522 1299 1552 1318 ea
1566 1291 1691 1318 modera-

901 1339 976 1365 tione
989 1338 1086 1366 dixere
1106 1337 1202 1370 multi,
1222 1337 1272 1365 hoc
1285 1341 1345 1370 est,
1363 1342 1391 1364 ut
1409 1345 1423 1364 a
1438 1337 1603 1372 quibusdam
1621 1337 1690 1364 dici-

900 1389 956 1416 tur,
972 1385 1152 1412 asseverant.
1167 1385 1256 1418 Atque
1273 1384 1329 1411 haec
1344 1384 1464 1419 quidem,
1479 1391 1513 1412 eo
1528 1385 1618 1412 scelus
1634 1391 1690 1411 non

900 1430 1057 1463 inliciente,
1081 1430 1196 1457 tenenda
1214 1434 1289 1458 sunt.
1312 1429 1389 1463 Quod
1408 1430 1429 1458 si
1454 1438 1504 1458 nec
1525 1430 1571 1458 ille
1584 1430 1690 1458 crimen

900 1477 980 1504 fateri
995 1477 1071 1509 velit,
1089 1484 1179 1511 neque
1194 1476 1341 1504 manifesto
1356 1478 1482 1504 convinci
1501 1481 1608 1512 potest;
1626 1481 1690 1503 tunc

909 1531 987 1550 sacra
1016 1523 1169 1554 ministeria
1199 1523 1336 1555 obeundi,
1365 1523 1409 1550 vel
1438 1524 1471 1551 ab
1497 1523 1537 1551 eis
1563 1522 1689 1551 cessandi

53 1575 180 1606 potestas
193 1572 267 1599 illius
282 1571 396 1599 arbitrio
411 1571 532 1607 permitti
546 1570 640 1604 debet;
654 1574 685 1598 ut
715 1570 738 1598 si
770 1571 878 1606 quidem
891 1571 1060 1599 conscientia
1072 1570 1166 1603 ﬂagitii
1179 1572 1322 1605 premitur,
1334 1578 1385 1598 sua
1397 1575 1496 1606 sponte
1517 1577 1531 1597 a
1546 1577 1689 1598 sacrorum

56 1626 203 1647 nmnerum
248 1618 388 1646 functione
422 1617 547 1645 desistat.
576 1617 707 1645 Maleﬁcia
747 1625 876 1653 namque,
909 1618 1011 1646 alicubi
1040 1618 1083 1645 lex
1112 1619 1166 1651 ita,
1194 1619 1284 1654 potius
1308 1618 1442 1653 impunita
1467 1617 1587 1648 dimitti,
1608 1623 1690 1651 quant

54 1664 252 1693 innocentibus
265 1665 476 1699 quihuscuuque
492 1671 600 1698 pt'enam
616 1663 742 1698 irrogari,
756 1664 844 1690 decet.

53 1710 169 1737 ΑΡΙΣΤ.
177 1719 186 1736 t
212 1710 275 1736 Ἐὰν
284 1709 439 1745 ὁμολογήσῃ
452 1708 638 1744 πρεσϐύτερος
649 1709 689 1735 ὅτι
700 1709 845 1744 προήμαρ-

904 1706 1014 1734 ARIST.
1034 1716 1044 1733 ‹
1065 1705 1092 1733 Si
1110 1707 1256 1742 presbyter
1268 1706 1413 1734 confessus
1428 1705 1510 1733 fuerit
1523 1712 1552 1733 se
1565 1711 1689 1740 pecasse,

94 1765 103 1782 ι
127 1765 168 1788 τε,
198 1755 235 1790 μὴ
262 1755 452 1790 προσφερέτω,
483 1755 529 1781 καὶ
545 1754 778 1790 μόνον.Τινὰγὰρ
793 1755 848 1781 τῶν

97 1810 106 1827 ι
127 1801 333 1836 ἁμαρτημάτων
359 1801 387 1826 αι
423 1800 590 1834 χειροτονίαν
618 1799 740 1833 ἀφιᾶσιν.
764 1799 795 1826 ΕΞ
820 1799 848 1826 δὲ

94 1855 104 1873 ι
127 1846 192 1882 μήθ’
212 1847 368 1881 ὁμολογοίη,
389 1845 452 1881 μήτ’
472 1845 635 1880 ἐλέγχοιτο,
657 1844 737 1876 αὐτὸς
762 1845 847 1880 ἐχέτω

93 1902 102 1918 ι
127 1892 176 1927 τὴν
186 1892 321 1925 ἐξουσίαν.
336 1901 345 1918 ι

92 1939 134 1966 Τὰ
151 1938 203 1973 μὲν
231 1938 298 1966 ἄλλα
320 1938 409 1965 πάντα
444 1937 627 1972 ἁμαρτήματα
652 1937 668 1972 ἡ
691 1935 847 1973 χειροθεσία

52 1984 134 2012 λύει²
149 1985 234 2020 μόνης
248 1985 276 2011 δὲ
296 1984 346 2019 τῆς
363 1984 526 2019 σωματικῆς
548 1982 688 2018 ἁμαρτίας
715 1983 842 2018 ἡττᾶται.

59 2029 125 2057 Ἐὰν
140 2027 187 2056 οὖν
201 2038 254 2062 τις,
267 2029 395 2063 πορνείαν
411 2027 647 2063 προημαρτηκὼς,
665 2028 704 2058 si;
719 2029 784 2062 ίερω
796 2027 845 2053 σύ-

50 2084 104 2111 νην
123 2075 294 2111 παραδεχοῆ,
327 2075 374 2102 καὶ
388 2075 457 2110 μετὰ
470 2074 520 2109 τὴν
553 2073 720 2108 χειροτονίαν
736 2073 843 2109 ὡμολό-

51 2129 122 2156 γησε
145 2121 178 2147 τὰ
193 2121 380 2156 ἁμαρτήματα
396 2127 404 2135 ⁸
419 2119 468 2154 τῆς
485 2118 535 2154 μὲν
549 2118 683 2154 καθέδρας
698 2119 745 2145 καὶ
760 2119 844 2154 τιμῆς

50 2167 109 2193 τῶν
123 2167 317 2202 πρεσϐυτέρων
349 2165 458 2202 μεθέξει
479 2172 487 2180 ⁸
522 2165 660 2201 ίερατικὺν
687 2165 716 2192 δέ
746 2173 772 2192 τι
792 2165 843 2192 οὐκ

51 2213 207 2248 ἐνεργήσει.
221 2213 253 2238 Et
265 2212 293 2238 δὲ
305 2213 374 2248 μήτε
389 2212 471 2243 αὑτὸς
499 2211 658 2246 ὁμολογοίη,
688 2213 757 2246 μήτε
776 2211 842 2245 παρ’

51 2259 134 2285 ἄλλου
148 2258 287 2293 ἐλέγχοιτο
303 2258 440 2293 φανερῶς,
459 2258 537 2293 παρὰ
550 2259 584 2294 τῇ
616 2257 699 2284 αὐτοῦ
728 2256 840 2292 ἐξουσίᾳ

24 2296 27 2299 ’
51 2303 179 2330 κείσεται
190 2303 241 2338 τῆς
257 2303 409 2338 ἱερωσύνης
426 2303 574 2337 παυθῆναι,
601 2302 658 2329 εἴτε
676 2302 723 2329 καὶ
752 2302 803 2337 μή.

366 2348 486 2376 ΚᾹΝΩΝ
515 2349 544 2375 l'.

55 2406 65 2423 ι
93 2395 214 2431 Ὅμοίωξ
237 2395 284 2422 καὶ
294 2395 429 2426 διάκονος,
452 2394 500 2420 ἐὰν
516 2395 545 2420 ἐν
560 2394 598 2429 τῷ
613 2393 688 2429 αὐτῷ
708 2392 838 2428 ἁμαρτή-
854 2386 877 2414 Ῐ)

91 2449 100 2466 ι
113 2449 178 2476 ματι
193 2441 339 2477 περιπέσῃ,
354 2441 404 2475 τὴν
416 2439 464 2466 τοῦ
479 2440 616 2475 ὑπηρέτου
629 2439 705 2472 τάξιν
721 2438 834 2473 ἐχέτω.»

88 2487 188 2516 ΒΑΛΣ.
213 2488 258 2514 ‘Ev
273 2487 312 2522 τῷ
338 2486 361 2512 θ’
378 2486 471 2512 κανόνι
501 2486 533 2512 τὰ
549 2486 614 2521 περὶ
643 2485 838 2521 πρεσὸυτέρων

52 2534 257 2571 ἡμαρτηκότων
271 2533 461 2568 διελέχθησαν·
483 2533 512 2558 ὲν
536 2532 564 2559 δὲ
578 2532 616 2567 τῷ
631 2532 746 2566 παρόντι
775 2531 842 2567 περὶ

50 2581 196 2608 διακόνων.
217 2580 272 2606 Καὶ
287 2577 359 2606 οὗτοι
378 2580 442 2615 γὰρ,
461 2579 716 2614 ἐξομολογούμενοι,
733 2579 779 2606 τοῦ
791 2579 841 2614 μὲν

53 2626 213 2654 διακονικιλῦ
232 2626 390 2661 ἀξιώματος
406 2625 599 2657 ἐκπεσοῦνται,
613 2627 652 2657 εὶς
665 2625 803 2660 ὑπηρέτου
813 2625 841 2651 δὲ

51 2673 131 2707 τάξιν
146 2673 444 2707 καταῦιϐασθήσονται,
467 2673 527 2708 ἢτοι
544 2673 755 2708 ἀχειροτονήτου
776 2672 842 2698 ὑπο-

49 2719 178 2747 διακόνου
195 2719 211 2753 ἢ
228 2719 414 2752 ἀναγνώστου.

90 2766 213 2793 ΖΩΝΛΡ.
239 2766 411 2792 Ἐκπεσείται
427 2766 481 2800 γὰρ
494 2766 544 2801 τῆς
561 2766 712 2800 διακονίας,
732 2765 780 2792 καὶ
795 2766 835 2797 εἰς

52 2813 193 2847 ὑπηρέτου
206 2811 287 2838 τόπον
296 2811 574 2848 καταϐιϐασθήσεται.
589 2812 621 2838 Οί
635 2811 689 2847 γὰρ
702 2811 838 2848 ὑπηρέται

55 2860 83 2885 aL
99 2859 310 2893 προιφέρουσιν.
768 2849 772 2852 ”

939 1761 948 1778 ι
968 1753 1002 1779 ab
1019 1751 1160 1780 oblatione
1175 1752 1322 1785 abstineat,
1337 1757 1365 1780 et
1380 1752 1414 1779 ab
1428 1758 1460 1778 ea
1477 1755 1595 1778 tantum.
1610 1751 1691 1784 Quae-

939 1807 948 1823 ι
970 1798 1031 1824 dam
1048 1798 1121 1825 enim
1141 1803 1253 1833 peccata
1273 1799 1386 1826 ordines
1402 1798 1556 1825 remittunt.
1578 1798 1606 1824 Si
1626 1804 1689 1825 vero

938 1853 948 1870 ι
968 1851 1018 1870 nec
1042 1844 1205 1871 confiteatur
1220 1852 1270 1872 nec
1291 1845 1481 1877 convincatur,
1503 1844 1561 1878 ipse
1583 1844 1625 1871 sui
1642 1851 1690 1878 po-

937 1899 946 1915 ι
965 1893 1091 1917 testatem
1110 1889 1220 1918 habeat.
1241 1900 1251 1916 ι

932 1936 1030 1963 Omnia
1054 1937 1164 1971 quidem
1186 1937 1239 1963 alia
1264 1940 1377 1971 peccata
1399 1944 1531 1964 manuum
1548 1936 1688 1971 impositio

897 1982 978 2016 tollit,
994 1982 1055 2010 solo
1070 1985 1161 2010 autem
1175 1983 1310 2017 corporli
1325 1986 1438 2017 peccato
1455 1983 1570 2010 inferior
1585 1986 1639 2009 est.
1658 1982 1688 2010 Si

879 2033 881 2036 ‘
895 2029 956 2063 quis
967 2028 1058 2062 itaque
1069 2027 1149 2064 41],
1163 2028 1209 2062 qui
1221 2027 1429 2056 fornicationem
1446 2033 1526 2056 antea
1537 2028 1686 2062 commisit,

895 2075 922 2103 in
938 2074 1123 2103 sacerdotium
1141 2075 1282 2110 recipitur,
1297 2079 1325 2102 et
1341 2079 1402 2110 post
1414 2075 1614 2102 ordinationem
1622 2082 1688 2109 pec-

894 2127 956 2149 cata
973 2128 1022 2148 sua
1031 2120 1173 2150 confeSSus
1183 2126 1225 2148 est
1235 2142 1242 2155 ,
1254 2121 1391 2148 cathedra:
1409 2121 1519 2156 quidem
1531 2125 1558 2148 et
1574 2121 1687 2148 honoris

894 2170 1118 2205 presbyterorum
1135 2168 1272 2203 particeps
1287 2167 1358 2200 erit;
1374 2170 1401 2193 at
1428 2167 1600 2195 sacerdotale
1630 2167 1683 2194 ali~

892 2215 963 2249 quod
976 2223 1075 2242 munus
1092 2222 1145 2242 non
1159 2213 1248 2241 obeat.
1263 2213 1291 2240 Si
1305 2218 1396 2240 autem
1407 2221 1457 2240 nec
1472 2213 1531 2248 ipse
1539 2213 1683 2240 confessus

893 2261 985 2292 fuerit.
1000 2269 1049 2288 nec
1057 2261 1091 2288 ab
1099 2260 1153 2287 alio
1170 2259 1314 2286 manifeste
1329 2260 1520 2292 convincatur,
1536 2259 1562 2286 in
1575 2266 1623 2286 sua
1637 2267 1682 2286 re-

891 2307 1028 2342 linquitur
1039 2311 1173 2342 potestate
1201 2313 1234 2332 au
1251 2313 1265 2332 a
1283 2304 1443 2333 sacerdotio
1452 2305 1572 2334 cessabit
1588 2312 1684 2334 ntcne.

1203 2351 1316 2379 CANON
1333 2350 1367 2379 X.

902 2407 911 2424 ι
933 2397 1067 2426 Similiter
1079 2402 1107 2426 et
1121 2398 1265 2430 diaconus,
1283 2398 1305 2425 si
1330 2398 1358 2425 in
1385 2398 1457 2425 idem
1483 2402 1624 2433 peccatum
1642 2398 1685 2425 in-

999 2454 1008 2470 ι
1032 2444 1143 2477 ciderit,
1159 2443 1280 2471 ministri
1295 2444 1419 2472 ordinem
1437 2444 1546 2471 habeat.
1569 2453 1579 2470 ι

931 2489 1030 2516 BALS.
1053 2489 1081 2516 In
1110 2496 1216 2517 canone
1232 2489 1248 2516 9
1267 2490 1301 2517 de
1322 2489 1490 2525 presbyteris
1509 2490 1554 2524 qui
1580 2495 1677 2525 pecea-

892 2540 957 2562 runt
982 2539 1129 2563 tractatum
1156 2539 1198 2563 est
1215 2542 1222 2562 :
1241 2535 1268 2562 in
1287 2535 1414 2570 praesenti
1428 2540 1517 2562 autem
1537 2535 1571 2562 de
1590 2535 1684 2562 diaco-

893 2581 936 2609 nis
952 2589 958 2607 :
975 2589 1037 2609 nam
1058 2586 1086 2608 et
1108 2581 1125 2608 ii
1150 2581 1272 2610 confessi
1294 2589 1309 2609 a
1330 2582 1438 2609 diaconi
1456 2581 1590 2616 dignitate
1608 2581 1683 2608 exci-

892 2627 983 2655 dent:
1010 2627 1037 2654 in
1071 2627 1190 2655 ministri
1206 2632 1296 2654 autem
1330 2627 1452 2654 ordinem
1483 2625 1681 2660 deprimentur,

893 2673 1077 2709 hypodiaconi
1103 2673 1218 2706 scilicet,
1252 2673 1299 2708 qui
1322 2680 1377 2700 non
1402 2676 1442 2699 est
1458 2671 1616 2704 ordinatus,
1638 2671 1681 2699 vel

892 2719 1015 2746 lectoris;

928 2764 1055 2792 ZONAR.
1088 2763 1200 2792 Excidet
1217 2763 1290 2791 enim
1311 2769 1326 2789 a
1340 2762 1500 2794 diaconatu,
1521 2765 1549 2790 et
1569 2761 1597 2789 in
1627 2762 1680 2790 nti-

890 2811 971 2838 nistri
1001 2811 1092 2839 locum
1131 2810 1285 2846 dejicietur.
1326 2808 1445 2836 Ministri
1480 2814 1600 2843 namque
1623 2815 1679 2838 non

890 2857 1018 2885 oﬂ‘eruut.
