1935 3081
291 95 363 130 1223

920 93 943 122 Τ
950 92 1060 123 [ΙΕΟΒ.
1082 90 1287 122 BALSAMON

1866 89 1920 120 1‘32

290 152 409 181 ARIS‘I‘.
430 161 439 179 ι
465 151 601 179 Diaeonus
622 151 704 179 etiam
718 150 813 179 eodem
843 150 959 178 crimine
976 149 1074 177 obstri-

1137 147 1243 175 H’lET.
1278 156 1288 173 ι
1310 147 1388 174 Καὶό
1402 146 1538 179 διάκονος,
1565 146 1605 182 τῷ
1632 146 1707 182 αὒτῳ
1737 147 1920 182 ἁμαρτήμεπ

479 208 488 225 ι
513 203 585 230 ctus.
603 199 727 225 minister
739 202 857 225 maneat.
880 206 890 222 ι

324 247 357 275 Et
369 247 503 275 diaconus
521 246 543 273 si
561 245 588 272 in
614 245 684 272 idem
704 244 834 271 inciderit
863 247 1004 278 peccatum
1029 248 1077 276 pa-

289 301 351 322 nem
366 297 393 320 et
413 292 541 327 poculum
555 290 665 322 ali'crre,
678 293 726 317 aut
754 289 885 324 populum
903 288 1012 318 (locere,
1029 289 1077 312 aut

288 339 401 366 omnino
414 337 519 371 aliquid
541 337 709 364 sacerdotale
731 342 862 370 peragere
878 333 1009 362 cessabit.
1023 331 1076 359 Sed

287 388 393 412 tantum
413 382 534 411 ecclesia:
554 382 680 409 minister
692 382 756 409 erit.

589 469 705 497 CANON
729 469 775 496 XI.

289 527 300 545 ι
325 518 470 554 Presbyter
494 521 558 545 ante
578 517 690 551 triginta
718 523 805 543 annos
838 522 891 542 non
920 514 1077 547 ordinetur,

327 574 336 591 ι
359 564 467 592 etiamsi
487 563 569 590 fuerit
588 565 670 590 homo
685 562 765 590 valde
779 562 898 595 dignus;
915 561 968 589 sed
992 569 1078 588 reser-

327 619 336 636 ι
360 614 450 637 vctnr.
463 609 594 636 Dominus
609 609 682 636 enim
698 608 778 636 Jesus
790 607 920 635 Christus
947 608 974 634 in
998 607 1078 635 trice-

325 665 334 682 ι
357 655 428 682 simu
442 662 517 682 anno
540 654 696 690 baptizatus
709 659 750 682 est
767 659 794 681 et
805 653 888 688 coepit
901 653 1011 681 docere.
1035 663 1045 680 ι

323 741 419 769 BALS.
439 741 563 768 Praesens
589 749 678 769 canon
705 743 766 769 sine
794 742 848 769 ulla
878 742 1032 769 mutatione
1049 742 1076 769 in

290 795 397 814 canone
425 787 457 813 M
480 787 575 822 synodi
603 787 630 814 in
656 787 751 814 Trullo
763 787 835 815 situs
847 792 898 820 est,
911 792 938 814 et
959 787 1015 815 illic
1035 792 1077 815 est

287 834 440 867 expositus.

323 879 450 907 ZONAR.
479 879 524 907 Est
547 879 591 908 hic
607 887 695 907 canon
728 884 810 907 sextae
833 879 932 915 synodi
956 879 1079 907 decimus

286 930 415 960 quartus,
432 926 525 961 ibique
540 926 601 960 ejus
614 926 764 960 explicatio
779 926 873 953 allata.

285 1012 399 1040 ARIST.
422 1022 431 1038 ι
458 1013 516 1041 Nisi
534 1014 646 1048 triginta
657 1021 743 1042 annos
759 1019 840 1042 natus
855 1022 889 1042 ne
906 1015 951 1042 tiat
966 1015 1081 1051 presby-

326 1067 335 1084 ‹
359 1063 411 1092 ter,
429 1059 539 1087 etiamsi
562 1060 660 1093 dignus
689 1060 835 1093 habeatur,
858 1061 1015 1096 exemplum
1031 1061 1080 1089 ha-

326 1113 334 1128 ι
359 1105 425 1131 hens
437 1104 593 1132 Servatoris
609 1105 754 1140 baptisma.
778 1115 788 1131 ι

323 1149 360 1176 De
379 1151 495 1184 ecquod
517 1158 608 1182 nemo.
636 1152 684 1186 qui
706 1159 761 1179 non
784 1156 828 1180 est
851 1151 962 1188 triginta
989 1160 1079 1180 annos

287 1201 379 1228 nutus,
395 1197 442 1223 llat
467 1198 625 1232 presbyter,
654 1197 762 1225 etiamsi
781 1198 856 1224 omni
877 1198 959 1225 modo
979 1198 1079 1233 dignus

287 1243 322 1269 sit
348 1242 441 1275 homo,
467 1249 496 1270 et
524 1250 646 1277 praesens
676 1250 766 1270 canon
793 1243 873 1276 dicit,
896 1248 924 1271 et
951 1243 1078 1272 decimus

286 1295 402 1322 quartus
417 1293 502 1316 sextae
517 1289 545 1316 in
565 1288 660 1316 Trullo
670 1289 779 1324 synodi.

584 1333 698 1363 CANON
719 1334 777 1363 XII.

290 1399 300 1415 ι
324 1389 352 1417 Si
366 1390 429 1426 quis
446 1396 582 1426 aegrotans
604 1392 686 1420 fuerit
715 1391 882 1426 baptizatus.
913 1400 967 1420 non
989 1395 1078 1428 potest

326 1445 336 1462 ‹
359 1437 386 1463 in
403 1437 592 1472 presbyterum
605 1437 683 1464 evehi
699 1444 709 1463 :
730 1437 797 1464 ﬁdes
805 1437 879 1464 enim
893 1437 953 1472 ejus
970 1444 1023 1464 non
1036 1440 1078 1464 est

325 1491 334 1509 ι
358 1490 392 1510 ex
419 1482 554 1516 instituto,
577 1482 626 1511 sed
651 1490 684 1510 ex
711 1484 876 1511 necessitate
898 1483 974 1511 :uisi
1004 1483 1076 1511 forte

325 1537 335 1554 α
359 1532 471 1563 propter
500 1536 678 1563 consequens
710 1529 772 1563 ejus
799 1529 922 1557 studium
946 1534 974 1557 et
996 1530 1076 1557 ﬁdem

323 1581 333 1597 ι
357 1572 552 1606 hominumque
569 1571 719 1598 raritatem.
743 1581 752 1597 ι

321 1617 423 1645 BALS.
440 1618 560 1646 lntidelis
579 1618 702 1653 quidam,
729 1625 792 1645 cum
821 1623 894 1646 esset
914 1626 1010 1652 sanus,
1028 1620 1076 1647 ba-

287 1665 421 1701 ptismum
444 1672 499 1692 non
523 1664 680 1699 postulabat
697 1671 704 1690 :
721 1671 785 1692 cum
810 1670 901 1692 autem
919 1670 1075 1700 aegrotaret,

289 1712 445 1746 baptizatus
470 1715 523 1739 est.
551 1710 652 1739 Dicunt
677 1718 743 1746 ergo
761 1713 848 1739 sancti
872 1712 980 1745 Patres,
1005 1714 1075 1748 quod

286 1759 416 1792 quoniam
432 1759 484 1785 iste
500 1765 557 1785 non
571 1765 604 1785 ex
619 1757 692 1784 bono
705 1758 832 1786 instituto
850 1759 1008 1794 baptizatus
1022 1764 1075 1794 est,

287 1804 337 1832 sed
357 1805 438 1839 quasi
450 1812 464 1831 a
475 1804 564 1832 morbi
589 1804 758 1832 necessitate
775 1804 948 1837 stimulatus,
964 1809 994 1832 ut
1007 1805 1075 1833 lide-

287 1849 322 1876 lis
349 1849 476 1884 quidem,
515 1854 661 1884 postquam
697 1850 880 1883 convaluerit,
905 1851 1074 1885 recipietur,

285 1895 334 1922 sed
348 1895 380 1922 ad
394 1895 537 1922 sacerdotii
555 1896 669 1930 gradum
693 1903 748 1923 non
768 1897 976 1931 promonbitur
992 1917 1000 1930 ,
1022 1897 1074 1924 uisi

286 1941 357 1968 forte
387 1945 414 1968 et
440 1941 552 1969 virtutis
576 1942 717 1970 studiosus
751 1947 778 1970 et
804 1942 851 1970 Dei
878 1943 1074 1970 mandaturum

286 1986 411 2021 egregius
430 1987 593 2014 observator
611 1987 705 2020 fuerit,
729 1993 756 2015 et
775 1988 918 2015 hominum
947 1994 1074 2024 aptorum

287 2031 444 2059 sacerdotio
488 2040 586 2067 magna
622 2033 707 2060 fuerit
744 2035 877 2068 penuria;
907 2038 975 2062 tunc
999 2036 1074 2062 cuitu

286 2077 415 2105 sacerdos
441 2077 584 2105 elﬁcietur.
610 2078 679 2106 Nota
707 2087 772 2114 ergo
789 2098 797 2111 ,
820 2080 892 2115 quod
928 2085 1075 2115 utrumque

286 2123 367 2151 debet
389 2131 565 2157 concurrere,
601 2125 711 2153 virtutis
743 2126 851 2154 scilicet
879 2127 1013 2159 studium,
1046 2131 1073 2154 et

1288 192 1441 229 συσχεθεὶς,
1457 193 1597 228 ὑπηρέτης
1614 193 1729 228 μενέτω.
1749 202 1759 218 ι

1167 240 1222 267 Καὶ
1233 239 1371 271 διάκονος,
1390 239 1431 274 τῷ
1445 239 1521 274 αὑτῷ
1545 239 1704 274 περιπεσὼν
1727 240 1917 274 ἁμαρτήμιτ

1131 287 1306 321 παυθήσεται
1329 285 1377 313 τοῦ
1402 286 1486 320 ἄρτον
1514 285 1530 321 ἢ
1560 287 1692 321 ποτήριον
1719 285 1895 321 ἀναφέρειν,

1130 334 1177 360 τὸν
1206 332 1271 359 λαὸν
1303 332 1453 364 διδάσκειν,
1482 331 1498 366 ἦ
1529 332 1597 363 ὅλως
1628 340 1654 358 τι
1685 332 1742 358 τῶν
1774 332 1920 367 ἱερατικιὲ

1130 379 1311 414 λειτουργεῖν.
1340 377 1498 414 Ὑπηρέτης
1509 378 1539 404 δὲ
1564 379 1645 412 μόνον
1659 377 1736 404 ἔσται
1754 377 1807 412 τῆς
1823 377 1918 411 tacan

1131 424 1203 457 σίας.

1429 470 1550 497 ΚΑΝΩΝ
1565 469 1617 498 IA'.

1134 525 1143 541 ι
1164 516 1356 552 Πρεσϐύτερος
1367 516 1421 551 πρὸ
1436 516 1489 542 τῶν
1504 517 1655 551 τριάκοντα
1667 516 1739 542 ὲτῶν
1770 514 1810 550 μὴ
1832 523 1920 550 χειρί)

1171 572 1181 588 ι
1197 563 1338 595 τονείσθω,
1358 564 1406 590 ἐὰν
1435 564 1482 590 καὶ
1501 561 1603 600 πάνυῇ
1626 564 1639 590 ὁ
1665 563 1813 598 ἄνθρωπος
1834 563 1915 594 ἄξιος

1170 618 1180 635 t
1199 608 1270 635 ἀλλὰ.
1282 609 1485 645 ἀποτηρείσθω,
1501 609 1530 635 '0
1542 610 1596 644 γὰρ
1614 609 1715 644 Κύριος
1737 608 1848 643 Ἰησοῦς
1863 609 1919 642 Χρι

1169 664 1179 681 ι
1199 655 1261 682 ore:
1273 657 1301 682 ὲν
1311 655 1350 690 τῷ
1359 655 1513 690 τριακοστῷ
1519 656 1574 682 ἔτει
1584 655 1745 691 ἐϐαπτίσθη,
1761 657 1811 682 καὶ
1822 654 1920 690 ῆρξςιῖη

1169 710 1178 727 ι
1195 702 1344 730 διδάσκειν.
1367 712 1377 728 ι
1802 738 1810 741 _

1167 747 1265 774 ΒᾹΛΣ.
1286 749 1315 775 '0
1331 749 1428 784 παρὼν
1441 750 1532 775 κανὼν
1543 750 1774 783 ,ἀπαραλλάκτως
1786 755 1888 780 κεῖται
1904 756 1920 780 ἐπ

1131 794 1169 829 τῷ
1193 794 1223 821 ιδ’
1237 795 1329 822 κανόνι
1344 796 1393 831 τῆς
1406 797 1435 822 ὲν
1450 795 1489 831 τῷ
1505 796 1632 832 Τρούλλῳ
1653 798 1777 832 συνόδου,
1794 800 1849 826 καὶ
1867 802 1920 835 agr,

1095 833 1116 861 Β
1131 840 1203 875 γήοη
1216 841 1317 869 ἐκεῖσε.

1168 887 1291 914 ΖΩΝΛΡ.
1319 887 1420 914 Τοῦτον
1453 888 1500 916 τὸν
1531 889 1633 916 κανόνα
1662 890 1678 925 ἡ
1708 890 1776 926 ἕκτη
1816 892 1920 923 athletis,

1129 931 1202 959 οὕτω
1227 932 1330 967 τίθησι,
1356 934 1403 960 καὶ
1427 934 1549 970 ἑξήγήθη
1574 936 1632 962 ἐκεῖ
1653 939 1920 972 τεσσαρεσκαιίἐκαα

1128 989 1174 1012 τος
1190 979 1240 1007 ὢν.

1132 1026 1246 1054 ΑΡΙΣΤ.
1278 1036 1287 1052 ι
1308 1027 1339 1053 El
1359 1026 1396 1062 μὴ
1409 1028 1636 1064 τριακονταέτης,
1656 1029 1693 1064 μὴ
1713 1030 1841 1064 γινέσθω
1859 1040 1918 1065 πρε-

1169 1082 1178 1099 ι
1197 1073 1343 1108 σϐύτερος,
1358 1073 1411 1100 κᾶν
1469 1073 1621 1109 ἀξιόλογος,
1645 1075 1716 1110 ἔχων
1740 1077 1916 1112 παράδειγμπ

1166 1127 1176 1145 ε
1195 1118 1243 1145 τοῦ
1260 1119 1388 1154 Σωτῆρος
1402 1119 1573 1155 βάπτισμα.»
1701 1120 1708 1126 ⁸

1166 1165 1236 1200 Περὶ
1247 1164 1294 1191 τοῦ
1315 1164 1354 1200 μὴ
1372 1165 1498 1199 γίνεσθαι
1513 1165 1560 1192 τὸν
1575 1167 1677 1201 ἥττονα
1691 1167 1747 1194 τῶν
1768 1168 1914 1202 τριάκοτιτε

1128 1210 1231 1245 χρόνων
1258 1210 1454 1246 πρεσϐύτερον,
1484 1211 1539 1238 κᾶν
1557 1213 1629 1238 πάνυ
1652 1212 1728 1245 ἄξιος
1749 1211 1797 1249 ᾖὸ
1816 1214 1913 1249 ἆνθρριο

1129 1265 1190 1289 πος,
1219 1257 1266 1283 καὶ
1282 1257 1296 1283 ὁ
1309 1257 1405 1293 παρὼν
1420 1257 1576 1292 διαγορεύει
1587 1258 1677 1285 κανὼν
1689 1260 1736 1286 καὶ
1750 1261 1764 1286 ό
1781 1268 1912 1296 causam.

1129 1302 1288 1334 καιδέκατος
1313 1303 1365 1338 τῆς
1381 1303 1410 1330 ὲν
1425 1303 1465 1338 τῷ
1480 1303 1608 1339 Τρούλλῳ
1624 1303 1706 1340 ἕκτης
1719 1306 1853 1333 συνόδου.

1427 1349 1547 1375 ΚΔΝΩΝ
1563 1349 1614 1376 IB’.

1131 1401 1141 1419 ι
1170 1393 1234 1420 Ἐὰν
1244 1394 1331 1420 νοσῶν
1340 1402 1385 1426 τις
1396 1395 1531 1430 φωτισθῇ,
1548 1396 1589 1427 εἰς
1609 1396 1799 1433 πρεσϐύτερον
1807 1398 1909 1433 ἆγεςθκ

1167 1448 1176 1465 ι
1195 1439 1226 1465 οὐ
1243 1439 1364 1467 δύναται.
1381 1441 1438 1467 Οὐκ
1464 1443 1497 1468 ὲκ
1520 1443 1708 1478 προαιρέσεως
1724 1443 1782 1479 γὰρ
1803 1445 1909 1479 ﬁniat;

1168 1494 1177 1511 ι
1198 1486 1282 1512 αὑτοῦ
1297 1487 1355 1513 ἀλλ’
1365 1487 1394 1520 ἐξ
1405 1487 1529 1523 ἀνάγκης
1540 1496 1546 1503 ·
1559 1490 1584 1515 εί
1600 1488 1638 1524 μὴ
1649 1489 1720 1524 τάχα
1734 1489 1782 1520 διὰ
1791 1491 1845 1524 τὴν
1855 1492 1909 1525 μετὰ

1167 1540 1176 1557 ι
1194 1533 1281 1559 ταῦτα
1297 1532 1381 1559 αὑτοῦ
1396 1533 1515 1569 σπουδήν
1531 1535 1579 1561 καὶ
1593 1535 1696 1569 πίστιν,
1706 1536 1755 1562 καὶ
1766 1536 1815 1563 διὰ
1823 1538 1909 1564 azdm

1167 1587 1176 1604 ι
1196 1578 1357 1613 ἀνθρώπων.
1381 1589 1391 1606 »

1164 1625 1264 1651 ΒΑΛΣ.
1278 1626 1410 1658 ΙἈπιστός
1423 1635 1474 1660 τις,
1483 1627 1613 1661 ὑγιαίνων
1625 1628 1686 1663 μὲν,
1699 1629 1751 1656 οὐκ
1765 1630 1909 1656 ἐπέσπεπε

1127 1669 1158 1696 τὸ
1174 1669 1330 1705 βάπτισμα,
1357 1673 1476 1707 νοσήσας
1494 1673 1522 1700 δὲ
1550 1674 1698 1709 ἐφωτίσθη.
1719 1676 1808 1703 Φασὶν
1824 1674 1871 1703 οὖν
1892 1677 1909 1702 εἰ

1128 1713 1338 1752 ἇγιοιΠατέρες
1366 1717 1414 1751 ὡς,
1436 1718 1496 1745 ἐπεὶ
1515 1719 1565 1746 οὐκ
1589 1719 1695 1756 ἀγαθῆς
1724 1723 1910 1758 προαιρξσεως

1127 1757 1206 1792 οὗτος
1221 1761 1384 1798 ἐϐαπτίσθη,
1401 1763 1459 1790 ἀλλ’
1485 1761 1542 1791 οἷον
1562 1766 1615 1792 ὑπὸ
1630 1766 1681 1801 τῆς
1709 1757 1844 1803 ἀνάγκης
1871 1769 1909 1802 τῆς

1126 1806 1205 1833 νόσου
1225 1808 1396 1843 νυττόμενος,
1411 1810 1453 1842 ὡς
1482 1811 1532 1845 μὲν
1548 1812 1645 1845 πιστὸς
1662 1813 1734 1848 μετὰ
1752 1815 1806 1849 τὴν
1824 1816 1907 1850 ὑγείαν

1126 1853 1299 1888 δεχθήσεται·
1314 1855 1354 1886 είς
1369 1856 1520 1892 ἱερωσύνης
1534 1857 1563 1884 δὲ
1589 1858 1692 1893 βαθμὸν
1713 1860 1744 1886 οὐ
1764 1862 1907 1895 aptant}:-

1127 1898 1306 1934 ϐασθήσεταιο
1318 1901 1343 1927 εί
1357 1902 1441 1937 μήπω
1450 1904 1594 1934 σπουδαῖός
1603 1905 1662 1931 ἐστι
1674 1905 1740 1940 περὶ
1755 1905 1806 1942 τὴν
1815 1907 1906 1943 ἀρετὴν

1127 1945 1175 1972 καὶ
1193 1946 1244 1980 τὴν
1258 1947 1384 1983 φυλακὴν
1401 1948 1455 1975 τῶν
1467 1950 1583 1976 ἐντολῶν
1598 1950 1646 1977 τοῦ
1655 1951 1736 1985 Θεοῦ,
1757 1953 1808 1979 καὶ
1819 1954 1905 1983 σπάνις

1127 1991 1171 2026 εἰη
1202 1993 1355 2028 ἀνθρώπων
1386 1995 1454 2029 πρὸς
1476 1996 1626 2032 ἱερωσύνην
1654 1998 1832 2034 ἐπιτηδείων
1855 2001 1904 2026 τότε

1126 2038 1182 2074 γὰρ
1200 2039 1393 2075 ίερωθήσεται.
1413 2041 1571 2076 Σημείωσαι
1589 2043 1636 2070 οὖν
1647 2045 1688 2071 ὅτι
1704 2045 1755 2071 καὶ
1769 2046 1903 2081 ἀμφότερα

1127 2083 1266 2117 ὀφείλουσι
1283 2085 1458 2121 συνδραμεῖν,
1481 2088 1496 2122 ή
1512 2089 1580 2123 περὶ
1599 2089 1649 2123 τὴν
1675 2090 1781 2125 ἀρετὴν
1795 2092 1902 2126 σπουδῇ.

1127 2130 1175 2156 καὶ
1194 2129 1211 2165 ἠ
1232 2131 1330 2163 σπάνις
1346 2131 1400 2158 τῶν
1419 2133 1583 2167 ἀνθρώπων.
1607 2135 1683 2167 Ἑνδς
1699 2137 1756 2171 γὰρ
1774 2138 1903 2168 λείποντες

286 2169 385 2196 raritas
414 2170 568 2196 hominum.
595 2169 623 2197 Si
648 2171 722 2198 enim
753 2179 838 2199 unum
861 2174 965 2200 ‘eorum
991 2172 1073 2206 desit,

1137 2174 1156 2207 ,ε
1171 2175 1271 2208 αὐτῶν,
1287 2177 1316 2202 οὐ
1329 2177 1558 2214 παραϐαθήσεται
1573 2181 1698 2210 ὁκανὼν.
1715 2183 1778 2210 Ἔτι
1795 2185 1904 2220 σημείω-

286 2222 375 2241 eanon
393 2215 596 2243 observabitur.
617 2216 754 2244 Praeterea
787 2223 850 2246 nota
877 2226 908 2246 ex
931 2219 983 2246 hoc
999 2227 1072 2254 pra:-

285 2259 354 2286 senti
367 2266 482 2292 canone,
500 2261 584 2296 quod,
600 2263 671 2289 sicut
686 2263 714 2290 iu
730 2263 906 2298 baptismate,
926 2264 963 2292 ita
985 2265 1068 2292 etiam

287 2305 316 2331 in
341 2309 468 2338 tonsura,
486 2307 531 2341 qui
543 2307 571 2334 in
587 2313 712 2336 extremo
737 2310 835 2344 spiritu
854 2314 952 2338 tonsus
970 2315 1024 2342 est,
1045 2311 1072 2337 in

287 2350 380 2386 aliquo
391 2351 500 2386 quidem
515 2357 545 2379 ut
561 2353 711 2381 monachus
727 2356 898 2389 reputabitur
917 2364 924 2383 :
941 2356 970 2383 in
981 2356 1073 2392 aliquo

286 2402 379 2425 autem
410 2403 539 2434 tanquam
573 2401 725 2428 monachus
739 2410 808 2433 ,nou
842 2403 1020 2436 admittetur;
1039 2410 1073 2431 eo

286 2444 358 2478 quod
376 2447 488 2472 tonsura
504 2447 643 2474 secundus
660 2446 819 2482 baptismus
839 2448 1023 2476 existimatur.
1042 2449 1073 2477 Si

285 2490 359 2518 cnim
371 2491 552 2526 supervixerit
563 2492 596 2523 is,
609 2492 691 2526 quiin
705 2493 779 2520 hunc
790 2501 897 2520 morem
911 2499 1009 2522 tonsus
1018 2499 1071 2527 est.

286 2540 315 2563 et
331 2541 445 2563 tonsura
465 2537 575 2571 dignam
594 2538 783 2572 pmnitentiam
797 2538 880 2574 412
899 2541 1073 2569 servitutem-

286 2588 340 2616 que
372 2581 538 2614 ostenderit,
559 2590 608 2617 pro
636 2590 689 2610 nou
725 2590 825 2618 sponte
855 2590 936 2613 tonso
961 2587 1073 2615 minime

287 2627 468 2661 reputabitur.
483 2627 512 2655 Si
524 2633 615 2656 autem
630 2636 692 2656 cum
714 2631 833 2664 primum
860 2636 958 2660 tunsus
977 2634 1071 2667 luerit,

286 2680 433 2701 commune
449 2674 544 2701 mortis
569 2675 696 2710 poculum
729 2676 864 2710 hauserit,
886 2679 956 2712 apud
987 2680 1072 2707 Deum

286 2719 395 2753 quidem
405 2724 490 2751 certe.
499 2725 528 2747 ut
537 2728 587 2755 ego
598 2722 738 2752 existimo,
751 2728 779 2748 ut
792 2723 838 2757 qui
849 2723 875 2750 in
887 2726 1004 2752 sanitate
1015 2734 1073 2752 mo-

285 2764 391 2792 nachus
400 2765 489 2792 factus
499 2771 541 2793 est
552 2766 707 2800 recipietur.
717 2767 810 2795 Sancti
822 2769 894 2795 enim
902 2770 996 2804 etiam,
1010 2780 1071 2806 quae

285 2814 353 2836 Casu
367 2809 410 2837 vel
424 2817 457 2837 ex
472 2810 564 2846 aliqua
584 2813 792 2840 circumstantia
810 2813 920 2848 dantur,
941 2819 1070 2844 tonsuras

1126 2228 1171 2246 σαι
1188 2220 1242 2247 ἀπὺ
1259 2221 1305 2248 τοῦ
1331 2223 1464 2258 παρόντος
1491 2226 1614 2259 κανόνος,
1635 2227 1675 2254 ὅτι
1691 2228 1768 2256 ὥσπε
1773 2238 1791 2265 ρ
1806 2231 1854 2257 ἐπὶ
1867 2231 1902 2257 to)

1125 2266 1328 2302 βαπτίσματος,
1342 2269 1413 2296 οὕτω
1428 2270 1476 2297 καὶ
1498 2272 1546 2298 ἐπὶ
1569 2274 1619 2308 τῆς
1642 2275 1839 2311 ἁποκάρσεως,
1855 2279 1868 2304 ὁ
1882 2278 1902 2303 ἐν

1124 2313 1185 2343 ταῖς
1207 2312 1379 2346 τελευταίαις
1403 2315 1552 2349 ἀναπνοαῖς
1568 2319 1731 2354 ἁποκαρεὶς,
1752 2321 1797 2354 εἷς
1819 2332 1847 2350 τι
1863 2324 1903 2358 μὲν

1124 2357 1162 2390 ὡς
1179 2359 1294 2394 μοναχὸς
1309 2359 1512 2398 λογισθήσεται,
1526 2364 1566 2395 εἷς
1589 2373 1617 2391 τι
1634 2365 1662 2391 δὲ
1683 2366 1713 2392 ού
1728 2357 1903 2405 παραδεχθή-

1126 2412 1203 2430 σεται
1220 2405 1292 2432 κατὰ
1310 2407 1494 2440 μονάσαντας·
1508 2410 1548 2436 ὅτι
1565 2410 1610 2436 καὶ
1627 2411 1641 2446 ἡ
1669 2412 1826 2449 ἁπόκαρσις
1854 2416 1905 2442 δεύ-

1124 2457 1203 2495 τερον
1215 2448 1352 2483 λογίζεται
1367 2451 1518 2488 βάπτισμα,
1534 2455 1565 2481 Εἰ
1594 2455 1645 2490 μὲν
1661 2456 1715 2491 γὰρ
1740 2448 1870 2495 ἐπιζήσει
1894 2462 1904 2487 ὁ

1125 2493 1212 2526 οὕτως
1230 2495 1395 2531 ἁποκαρεὶς,
1416 2498 1464 2525 καὶ
1485 2499 1566 2532 ἀξίαν
1581 2500 1745 2534 ἐπιδείξεται
1763 2493 1905 2539 μετανοιιν

1125 2541 1173 2566 καὶ
1190 2541 1315 2568 δουλείαν
1330 2543 1380 2577 τῆς
1395 2544 1588 2579 ἀποκάρσεως,
1613 2546 1643 2573 οὐ
1663 2547 1861 2585 λογισθήσεται
1873 2551 1906 2582 ὡς

1125 2586 1262 2619 ἀκουσίως
1295 2589 1456 2624 ἁποκαρείς.
1473 2591 1504 2616 Εἰ
1532 2591 1554 2617 δ’
1570 2591 1629 2627 ἅμα
1647 2595 1679 2629 τῇ
1708 2595 1863 2631 ἁποκὰρσει
1881 2599 1906 2624 τῆ

1124 2633 1216 2660 κοινὸν
1244 2633 1292 2661 τοῦ
1321 2634 1436 2662 θανάτου
1462 2637 1512 2672 πίῃ
1536 2639 1676 2673 ποτήριον,
1700 2641 1777 2675 παρὰ
1796 2642 1847 2677 μὲν
1872 2644 1906 2678 τῷ

1123 2680 1195 2715 Θεῷ,
1209 2680 1246 2711 ὡς
1261 2679 1318 2715 ὲγὼ
1335 2681 1405 2712 τέως
1422 2683 1536 2717 νομίζω,
1549 2683 1586 2715 ὡς
1603 2685 1618 2711 ὀ
1636 2685 1666 2711 ὲν
1678 2685 1771 2722 ὑγιείᾳ
1788 2690 1903 2724 μονάσσς

1121 2725 1295 2760 δεχοήσεται.
1334 2727 1518 2760 Ἀσπάζονται
1543 2730 1597 2764 γὰρ
1626 2731 1651 2757 oi
1676 2731 1751 2766 ἅγιοι
1787 2737 1833 2762 καὶ
1863 2738 1903 2767 τὰς

1123 2773 1322 2807 περιστατικὰς
1337 2774 1516 2809 ἀποκάρσεις·
1534 2777 1580 2802 καὶ
1598 2777 1635 2808 ὡς
1650 2778 1682 2804 ἐκ
1708 2779 1786 2812 θείας
1807 2783 1903 2816 φωνῆς,

1123 2818 1219 2851 φασὶν,
1240 2819 1283 2844 Ἑν
1301 2816 1323 2854 ᾧ
1340 2827 1369 2846 σε
1395 2820 1478 2856 εὕρω,
1492 2822 1578 2856 κρινῶ
1593 2831 1623 2850 σε
1635 2830 1643 2839 ”
1656 2825 1736 2859 παρὰ
1757 2826 1787 2853 δὲ
1804 2827 1903 2864 ἀνθρώ-
