1935 3081
278 110 350 146 1Ξ23

907 103 930 133 ἰ’
937 101 1047 133 ΗΕΟΙ).
1069 97 1274 130 BALSAMON

1852 91 1929 123 19-271

277 167 397 197 ABIS'I‘.
417 176 427 194 ι
452 166 588 194 Diaconns
609 164 691 192 etiam
706 162 800 191 eodem
831 161 946 189 crimluo
963 158 1066 187 obstri-

1142 155 1230 182 ΡΙΣΤ.
1266 163 1276 180 ι
1297 153 1375 181 Καὶὸ
1389 152 1526 184 διάκονος,
1552 151 1593 187 τῷ
1620 150 1695 186 αὑτῳ
1724 150 1929 185 ἁμαρτήματι

467 223 476 239 ι
500 217 573 244 ctus,
591 212 714 239 minister
726 213 845 237 maneat.
867 217 877 233 ι

311 263 345 290 Ει
357 262 491 290 diaconus
509 259 532 286 si
549 259 576 286 in
602 258 672 285 idem
692 255 822 283 inciderit
851 257 992 288 peccatutn
1018 257 1065 285 pa-

1276 199 1429 235 συσχεθεὶς.
1445 197 1585 233 ὑπηρέτης
1601 197 1717 232 μενέτω.
1736 205 1746 221 ι

1155 248 1210 275 Καὶ
1222 247 1360 278 διάκονος,
1379 245 1418 280 τῷ
1433 244 1509 278 αὐτῷ
1533 242 1693 278 περιπεσὼν
1716 242 1929 277 ἁμαρτήματι

278 317 340 337 nem
355 313 382 334 et
402 306 530 342 poculum
544 303 654 334 all‘erre,
667 306 714 329 aut
742 300 874 336 populum
891 299 1000 328 docere,
1018 298 1066 342 aut

1139 295 1295 330 :auﬁheesat
1317 292 1365 319 τοῦ
1391 292 1474 326 ἄρτον
1502 291 1519 326 ἦ
1549 291 1680 324 ποτήριον
1708 288 1888 324 ἀναφέρειν,
1918 287 1929 311 ’ἲ

277 354 390 382 omnino
402 334 507 385 aliquid
529 349 698 378 sacerdotale
719 353 850 382 peragere
867 343 998 372 cessabit.
1012 340 1065 368 Sed

1139 343 1166 368 ὺν
1195 341 1260 367 λαὸν
1292 339 1442 369 διδάσκειν,
1471 336 1487 372 ἢ
1518 336 1586 367 ὅλως
1617 344 1643 362 τι
1675 336 1730 362 τῶν
1763 334 1929 370 ίερατικῶη

277 404 383 427 tantum
402 396 524 425 ecclesia:
544 395 669 422 minister
681 394 745 421 erit.

580 481 695 510 CANON
719 480 765 508 ΧΙ.

280 543 292 560 ι
316 533 461 568 Presbyter
485 535 549 558 ante
569 530 680 564 triginta
709 535 796 555 annos
829 533 882 553 non
911 524 1068 556 ordinetur,

318 589 327 606 ι
350 578 458 606 etiamsi
478 577 561 604 fuerit
579 577 661 603 homo
677 574 757 601 valde
770 573 890 606 dignus;
907 571 959 599 sed
983 578 1068 598 reser-

319 635 328 651 ι
351 629 442 652 vetnr.
454 623 586 650 Dominus
601 621 674 648 enim
690 620 770 648 .Icsus
782 619 912 646 Christus
939 618 965 644 in
989 617 1070 644 trice-

317 680 326 697 ι
350 670 420 698 simo
434 676 509 696 anno
532 667 688 703 baptizatus
701 671 742 694 est
759 670 786 693 et
797 664 880 700 erepit
893 663 1003 691 dooere.
1026 671 1037 689 ›

315 756 412 784 BALS.
431 755 556 782 Prmsens
582 761 670 782 canon
698 755 759 781 sine
786 753 841 780 ulla
870 752 1024 780 mutatione
1041 751 1068 778 in

283 810 389 830 canone
418 801 451 828 H
474 800 568 836 synodi
596 801 623 827 in
649 799 744 827 Trullo
757 799 828 826 situs
840 803 891 830 est,
904 803 931 825 et
952 797 1008 824 illic
1027 801 1070 824 est

281 849 433 882 expositus.

317 895 444 922 ZONAIL
473 893 518 921 Est
540 893 584 921 hic
601 900 689 920 canon
721 896 804 919 Sexta:
827 889 925 926 synodi
950 889 1073 917 decimus

281 945 409 976 quartus,
427 940 519 975 ibique
534 939 595 974 ejus
608 938 758 973 explicatio
774 937 867 964 allata.

280 1027 395 1055 ARIST.
417 1036 426 1053 ι
453 1027 510 1055 Nisi
529 1027 641 1062 triginta
652 1033 738 1054 annos
754 1030 835 1053 natus
850 1033 884 1053 ne
901 1025 946 1052 ﬁat
961 1024 1075 1060 presby-

321 1083 330 1099 ι
355 1079 406 1107 ter,
425 1073 534 1100 etiamsi
557 1073 656 1106 dignus
684 1072 830 1105 habeatur,
853 1071 1010 1106 exetnplum
1026 1071 1075 1098 ha-

322 1128 330 1144 ι
354 1120 420 1146 heus
433 1118 589 1146 Set‘vatoris
605 1117 750 1152 baptisma.
774 1126 784 1142 ι

320 1165 357 1192 De
375 1173 408 1191 eo
420 1165 491 1199 quod
514 1172 605 1194 nemo.
633 1164 680 1198 qui
702 1171 757 1190 uon
780 1167 824 1191 est
847 1161 958 1198 triginta
985 1169 1075 1189 anuos

284 1216 376 1244 natus,
392 1211 438 1238 llat
463 1211 622 1246 presbyter,
651 1210 759 1237 etiamsi
778 1208 852 1236 omni
874 1208 955 1235 modo
976 1207 1075 1242 dignus

1120 386 1300 422 λειτουργεῖν.
1329 383 1487 420 Ὑπηρέτης
1499 383 1528 409 δὲ
1553 383 1635 417 μόνον
1649 381 1726 408 ἔσται
1743 380 1796 415 τῆς
1811 379 1929 413 ἔκκλη-

1121 433 1193 465 σίας.

1419 475 1540 503 ΚᾹΝΩΝ
1555 474 1607 502 IA'.

1125 534 1134 550 ε
1155 524 1346 560 Πρεσϐύτερος
1357 522 1411 558 πρὸ
1426 522 1480 548 τῶν
1495 521 1646 556 τριάκοντα
1658 520 1729 546 ἐτῶν
1761 517 1801 553 μὴ
1827 526 1929 552 χειρο-

1162 580 1171 597 ι
1188 571 1329 602 τονείσοω,
1349 570 1397 596 ἑὰν
1426 569 1473 596 καὶ
1492 566 1594 604 πάνυῇ
1617 568 1631 594 ὁ
1656 567 1802 601 ἄνθρωπος
1825 565 1929 597 ᾶξιος·

1161 626 1171 643 ι
1191 616 1261 643 ἀλλὰ
1273 615 1476 651 ἀποτηρείσθω,
1492 615 1522 640 'O
1534 615 1588 648 γὰρ
1605 613 1707 648 Κύριος
1729 611 1840 646 Ἰησοῦς
1855 611 1928 645 Χρι-

1161 672 1170 689 ι
1191 663 1252 689 ne:
1264 663 1292 689 ὲν
1303 661 1341 697 τῷ
1351 660 1504 697 τριακοστῷ
1512 660 1565 687 ἔτει
1576 659 1738 694 ἐϐαπτίσθη,
1752 659 1801 685 καὶ
1812 657 1926 693 ἤρξατο

1161 719 1170 735 ι
1188 709 1336 736 διδάσκειν.
1359 718 1369 734 ι
1792 740 1799 744 _

1159 755 1257 782 ΒΑΛΣ.
1278 756 1308 781 '0
1323 755 1421 791 παρὼν
1433 755 1524 781 κανὼν
1535 754 1767 788 ἀπαραλλάκτως
1780 758 1878 783 κεῖται
1896 757 1924 782 ἐν

1123 802 1162 837 τῷ
1186 801 1216 828 ιδ’
1229 802 1322 829 κανόνι
1336 802 1386 837 τῆς
1399 803 1428 828 ὲν
1443 801 1481 837 τῷ
1497 800 1626 836 Τρούλλῳ
1647 801 1771 835 συνόδου,
1787 803 1839 829 καὶ
1857 804 1924 838 ὲΞη-

1088 842 1109 870 Β
1124 848 1196 882 γήοη
1209 849 1310 875 ἐκεῖσε.

1161 894 1285 922 ΖΩΝΔΡ,
1313 893 1414 920 Τοῦτον
1447 893 1494 921 τὸν
1525 893 1627 921 κανόνα
1656 894 1673 929 ή
1703 894 1770 929 ἕκτη
1806 894 1922 926 σύνοδον

1123 939 1196 967 οὕτω
1221 940 1325 974 τίθησι,
1350 940 1398 967 καὶ
1421 940 1543 975 ὲξηγήθη
1568 940 1626 967 ἐκεῖ
1647 940 1921 976 τεσσαρεσκαιδέκαη

1122 997 1169 1020 τος
1185 987 1234 1015 ῶν.

1127 1034 1241 1062 ΑΡΙΣΤ.
1273 1043 1281 1059 ι
1303 1033 1334 1060 El
1354 1032 1392 1068 μὴ
1405 1033 1632 1068 τριακονταέτης,
1652 1033 1689 1068 μὴ
1710 1033 1832 1067 γινέσθω
1851 1042 1919 1067 πρε-

1164 1091 1174 1107 (
1192 1080 1338 1115 σϐύτερος,
1353 1079 1407 1106 κᾶν
1465 1079 1616 1114 ἀξιόλογος,
1641 1079 1712 1114 ἔχων
1736 1079 1917 1115 παράδειγμα

1162 1135 1172 1153 ι
1191 1125 1239 1153 τοῦ
1255 1125 1383 1161 Σωτῆρος
1398 1125 1569 1161 βάπτισμα.»
1697 1124 1705 1130 ’

1163 1172 1232 1208 Περὶ
1243 1171 1291 1198 τοῦ
1311 1171 1350 1207 μὴ
1368 1171 1494 1205 γίνεσθαι
1510 1170 1557 1197 τὴν
1572 1171 1674 1206 ἥττονα
1688 1170 1743 1198 τῶν
1764 1170 1915 1205 τριάκοντα

1124 1218 1227 1254 χρόνων
1254 1217 1451 1252 πρεσῦύτερον,
1481 1217 1536 1243 κᾶν
1554 1217 1626 1243 πάνυ
1649 1215 1725 1249 ἄξιος
1745 1213 1792 1252 ᾖὸ
1809 1216 1914 1251 ἄνθρω-

284 1260 320 1285 sit
346 1258 438 1289 homo,
464 1263 493 1284 et
521 1264 649 1292 praesens,
673 1262 762 1282 canon
790 1254 870 1287 dicit,
893 1258 921 1282 et
948 1253 1076 1281 decimus

1139 1273 1187 1297 ιος,
1216 1264 1263 1291 καὶ
1279 1265 1292 1290 ὁ
1305 1263 1402 1299 παρὼν
1417 1263 1574 1298 διαγορεύει
1585 1262 1675 1289 κανὼν
1686 1263 1733 1290 καὶ
1746 1264 1761 1289 ό
1778 1271 1915 1298 τεσσαρα-

284 1310 400 1338 ῳιςιιιιιε
414 1307 499 1331 sextae
514 1303 543 1330 iu
563 1301 657 1329 Trullo
667 1301 777 1337 synodi.

581 1347 696 1376 CANON
717 1347 774 1375 Xll.

288 1415 298 1431 ι
323 1405 350 1432 Si
364 1405 427 1441 quis
443 1410 581 1440 aegrotans
602 1404 685 1432 fuerit
713 1403 880 1438 baptizatus.
911 1410 965 1430 non
987 1404 1077 1438 potest

325 1460 334 1477 ι
358 1452 385 1478 in
402 1451 590 1486 presbyterum
603 1449 682 1477 evehi
698 1456 708 1475 .'
728 1448 877 1475 ﬁdesenim
892 1448 952 1482 ejus
969 1454 1022 1474 non
1034 1449 1076 1473 est

323 1507 334 1524 ι
358 1505 392 1525 ex
418 1497 553 1529 instituto,
576 1495 625 1524 sed
650 1503 683 1522 ex
709 1495 875 1522 necessitate
897 1494 973 1522 :uisi
1003 1492 1075 1520 forte
1088 1514 1111 1543 Ο

325 1553 335 1569 ι
359 1547 471 1578 propter
499 1548 678 1576 consequens
710 1541 771 1575 ejus
797 1540 922 1568 studimn
945 1544 974 1567 et
995 1539 1075 1566 tidem

323 1595 333 1613 ι
357 1587 552 1620 hominumque
569 1584 719 1611 raritatem.
743 1592 752 1608 ι

322 1632 424 1660 BALS.
440 1632 560 1659 lnﬁdelis
579 1630 703 1666 quidam,
729 1637 792 1657 cum
821 1634 895 1657 esset
915 1637 1010 1661 sanus,
1028 1629 1077 1656 ba-

288 1680 422 1717 ptismum
445 1686 499 1706 non
524 1677 680 1713 postulabat
698 1684 705 1702 :
722 1684 785 1703 cum
811 1681 902 1703 autem
919 1679 1076 1711 aegrotaret,

290 1728 447 1761 baptizatus
472 1729 524 1752 est.
552 1724 653 1752 Dicunt
678 1731 744 1757 ergo
762 1724 849 1750 sancti
874 1722 981 1755 Patres,
1006 1723 1076 1758 quod

288 1774 419 1808 quoniam
434 1773 486 1799 iste
502 1779 558 1799 non
572 1778 606 1798 ex
620 1770 694 1797 bono
706 1770 833 1797 instituto
851 1770 1009 1804 baptizatus
1023 1773 1076 1802 est,

289 1819 339 1848 sed
360 1819 440 1854 quasi
452 1826 467 1845 a
478 1817 566 1846 morbi
590 1817 760 1845 necessitate
777 1816 950 1848 stimulatus,
966 1819 996 1842 ut
1009 1815 1076 1842 tide-

290 1865 324 1892 lis
352 1863 479 1899 quidem,
518 1867 663 1898 postquam
699 1861 882 1894 convaluerit,
907 1861 1076 1896 recipietur,

288 1910 337 1938 sed
351 1909 384 1937 ad
396 1909 540 1937 sacerdotii
558 1909 671 1943 gradum
697 1915 751 1935 non
771 1907 979 1942 proniorebitur
994 1927 1002 1940 ,
1024 1906 1076 1933 nisi

290 1958 361 1984 torte
391 1960 418 1983 et
443 1955 556 1983 virtutis
579 1955 720 1982 studiosus
754 1959 781 1981 et
807 1954 854 1981 Dei
882 1953 1077 1980 mandatorum

289 2001 415 2036 egregius
434 2001 596 2028 observator
615 2000 709 2032 fuerit,
733 2005 760 2027 et
779 2000 921 2027 hominum
950 2003 1077 2034 aptorum

291 2046 448 2074 sacerdotio
492 2053 590 2080 magna
626 2046 711 2073 l’uerit
749 2046 881 2080 penuria;
911 2048 979 2072 tunc
1003 2045 1078 2071 enim

291 2092 419 2120 sacerdos
446 2092 589 2119 elﬁcietur.
615 2091 683 2118 Nota
712 2099 776 2126 ergo
794 2110 801 2123 ,
825 2091 897 2126 quod
931 2096 1079 2124 utrumque

290 2139 373 2166 debet
394 2145 571 2170 concurrere,
606 2138 716 2165 virtutis
748 2138 856 2165 scilicet
883 2137 1018 2169 studium,
1050 2140 1078 2164 et

1126 1309 1286 1341 καιδέκατος
1310 1309 1362 1344 τῆς
1378 1309 1407 1337 ὲν
1422 1309 1462 1344 τῷ
1478 1308 1606 1344 Τρούλλῳ
1622 1307 1704 1344 ἕκτης
1717 1309 1848 1336 συνόδου,

1425 1354 1545 1381 ΚΔΝΩΝ
1562 1353 1612 1381 ων.

1129 1410 1139 1427 ι
1168 1401 1232 1428 Ἐὰν
1243 1401 1329 1428 νοσῶν
1338 1409 1383 1432 τις
1394 1401 1529 1436 φωτισθῇ,
1546 1401 1588 1432 είς
1608 1400 1910 1437 πρεσϐύτερονᾶγεςθπι

1165 1456 1175 1473 ι
1193 1447 1225 1473 οὐ
1241 1446 1363 1474 δύναται.
1379 1447 1437 1474 Οὐκ
1464 1448 1496 1473 ὲκ
1518 1447 1707 1482 προαιρέσεως
1723 1447 1780 1482 γὰρ
1800 1448 1910 1482 ἡπίπες

1167 1502 1176 1519 ι
1197 1493 1281 1520 αὑτοῦ
1296 1493 1354 1520 ἀλλ’
1363 1493 1393 1526 te
1404 1493 1528 1528 ἀνάγκης
1539 1501 1546 1508 ³
1559 1494 1583 1519 εί
1599 1493 1637 1528 μὴ
1648 1493 1720 1528 τάχα
1734 1493 1779 1523 διὰ
1788 1493 1841 1527 τὴν
1850 1493 1909 1527 μετὰ

1166 1549 1175 1565 ι
1193 1540 1281 1566 ταῦτα
1296 1539 1380 1566 αὐτοῦ
1395 1539 1514 1575 σπουδὴν
1531 1540 1579 1566 καὶ
1593 1539 1696 1572 πίστιν,
1706 1539 1754 1566 καὶ
1764 1539 1811 1566 διὰ
1819 1540 1909 1567 σπάνιν

1166 1596 1176 1612 ι
1195 1586 1358 1621 ἀνθρώπων.
1381 1595 1390 1613 ι

1164 1633 1264 1659 ΒΛΛΣ.
1277 1633 1411 1664 "Amo-rd;
1423 1641 1474 1665 τις,
1483 1632 1613 1666 ὑγιαίνων
1626 1632 1688 1667 μὲν,
1699 1633 1751 1659 οὐκ
1764 1631 1909 1659 ἐπέσπευόε

1127 1677 1159 1704 τὸ
1174 1677 1331 1713 βάπτισμα,
1358 1679 1476 1713 νοσήσας
1495 1679 1523 1705 δὲ
1550 1678 1700 1713 ἐφωτίσοη.
1720 1679 1806 1705 Φασιν
1821 1675 1867 1704 οὖν
1889 1678 1909 1704 οἱ

1129 1722 1338 1759 ἃγιοιΠατέρες
1367 1723 1416 1757 ὡς,
1437 1724 1498 1750 ἐπεὶ
1516 1724 1566 1751 οὐκ
1591 1724 1696 1760 ἀγαθῆς
1725 1725 1909 1760 προαιρέσεως

1128 1765 1207 1800 οὗτος
1223 1769 1386 1804 ἐϐαπτίσθη,
1402 1769 1461 1796 ἀλλ’
1486 1767 1544 1796 οἷον
1564 1770 1616 1797 ὑπὸ
1632 1770 1682 1805 τῆς
1710 1770 1840 1805 ἀνάγκης
1866 1770 1908 1804 τῆς

1127 1815 1207 1841 νόσου
1227 1815 1398 1850 νυττόμενος,
1413 1815 1455 1848 ὼς
1483 1816 1534 1850 μὲν
1549 1817 1647 1849 πιστὸς
1665 1817 1735 1852 μετὰ
1753 1817 1806 1852 τὴν
1821 1817 1907 1851 ὑγείαν

1128 1861 1301 1896 δειχθήσεται·
1316 1862 1357 1893 είς
1371 1862 1522 1898 ἱερωσύνης
1536 1863 1565 1889 δὲ
1591 1862 1694 1898 βαθμὸν
1716 1863 1746 1889 οὐ
1765 1863 1906 1898 προαναει-

1129 1906 1309 1942 ὅασθήσεται·
1320 1908 1345 1934 εί
1360 1907 1443 1943 μήπω
1452 1908 1596 1940 σπουδαῖός
1606 1909 1666 1935 ἐστι
1677 1908 1742 1944 περὶ
1757 1909 1806 1944 τὴν
1815 1909 1905 1944 ἀρετὴν

1129 1953 1178 1980 καὶ
1196 1954 1246 1988 τὴν
1262 1954 1386 1989 φυλακὴν
1404 1954 1458 1981 τῶν
1470 1955 1586 1982 ἐντολῶν
1601 1954 1649 1981 τοῦ
1658 1954 1739 1988 Θεοῦ,
1759 1956 1808 1982 καὶ
1818 1956 1904 1986 σπάνις

1131 2000 1174 2034 εἴη
1206 2000 1358 2036 ἀνθρώπων
1389 2001 1457 2035 πρὸς
1479 2001 1630 2036 ἱερωσύνην
1658 2001 1830 2037 ἱπιτηδείων·
1853 2002 1903 2028 τότε

1130 2047 1186 2082 γὰρ
1204 2047 1396 2082 ἱερωθὴσεται.
1416 2047 1576 2082 Σημείωσαι
1593 2048 1640 2075 οὖν
1650 2048 1692 2075 ὅτι
1708 2048 1759 2074 καὶ
1772 2048 1904 2083 ἀμφότερα

1131 2091 1271 2125 ὀφείλουσι
1288 2092 1462 2127 συνδραμεῖν,
1485 2093 1500 2127 ἡ
1516 2094 1585 2128 περὶ
1603 2093 1653 2127 τὴν
1679 2093 1783 2129 ἀρετὴν
1796 2094 1902 2128 σπονδὴ.

1131 2138 1179 2165 καὶ
1199 2137 1216 2173 ή
1236 2138 1335 2170 σπάνις
1351 2138 1405 2164 τῶν
1423 2138 1588 2173 ἀνθρώπων.
1612 2139 1688 2171 Ἑνδς
1704 2140 1761 2174 γὰρ
1777 2140 1905 2170 λείποντος

291 2184 390 2211 raritas
420 2184 574 2211 hominum.
600 2182 629 2210 Si
653 2183 727 2210 enim
759 2191 844 2210 unum
866 2186 970 2210 'eorum
996 2182 1077 2215 desit,

1139 2183 1162 2215 εξ
1176 2183 1276 2215 αὐτῶν,
1291 2184 1321 2210 οὺ
1334 2183 1563 2220 παραεαθήσεται
1578 2185 1704 2214 ὸκανών.
1721 2186 1781 2213 Ἔτι
1796 2186 1905 2222 σημείω-

292 2238 381 2258 canon
398 2230 602 2257 observabitur.
624 2228 761 2256 Praeterea
793 2234 856 2257 nota
882 2236 914 2257 ex
936 2229 989 2256 hoc
1005 2236 1077 2264 pra:-

291 2274 360 2302 senti
373 2282 488 2306 canone,
507 2274 590 2309 quod,
607 2275 677 2302 sicut
693 2276 720 2302 ιιι
737 2275 912 2310 baptismate,
931 2274 969 2301 ita
991 2274 1073 2301 etiam

294 2321 322 2348 in
348 2324 475 2352 tonsura,
492 2320 578 2355 quiin
593 2325 719 2348 extremo
744 2321 842 2356 spiritu
860 2325 958 2348 tonsus
977 2324 1030 2351 est,
1051 2320 1078 2346 in

294 2366 387 2401 aliquo
398 2366 507 2401 quidem
522 2371 552 2393 nt
569 2366 718 2394 monachus
734 2367 904 2401 reputabitur
924 2374 932 2392 :
949 2366 976 2393 in
987 2366 1080 2401 aliquo

294 2418 387 2441 autem
417 2418 546 2448 tanquam
580 2414 732 2441 monachus
746 2421 815 2445 ,nou
850 2413 1026 2446 admittetur;
1046 2419 1080 2440 eo

294 2460 366 2494 quod
383 2464 496 2487 tonsura
512 2461 651 2488 secundus
668 2459 827 2494 baptistnus
846 2459 1031 2486 existimatur.
1050 2458 1080 2486 Si

294 2506 367 2534 enim
380 2506 560 2541 supervixerit
571 2506 605 2536 is,
618 2505 699 2540 quiin
713 2505 787 2531 hunc
798 2511 904 2531 morem
919 2509 1017 2531 tonsus
1026 2508 1078 2536 est,

294 2556 323 2579 et
340 2557 453 2579 tonsura
473 2552 583 2586 dignam
603 2550 792 2585 pmnitentiam
805 2549 888 2585 412
907 2550 1081 2578 servitutem-

295 2604 350 2632 (μισ
381 2596 547 2628 ostenderit,
568 2602 617 2630 pro
645 2602 698 2622 non
734 2600 833 2629 sponte
863 2600 944 2623 tonso
969 2597 1082 2624 minime

296 2642 477 2677 reputabitur.
492 2641 625 2668 Siautem
639 2648 701 2668 cum
722 2641 842 2676 primunt
869 2646 966 2670 tonsus
986 2643 1080 2676 luerit,

295 2695 442 2716 commune
459 2688 554 2715 mortis
579 2687 705 2722 poculum
739 2687 873 2720 hauserit,
895 2689 965 2722 apud
996 2689 1081 2716 Deum

296 2734 406 2769 quidem
415 2738 500 2765 certe,
509 2738 538 2760 ut
547 2741 598 2768 ego
608 2734 748 2764 existimo,
761 2738 789 2759 ut
801 2734 848 2768 qui
858 2734 885 2760 iu
897 2735 1014 2761 sanitate
1024 2743 1082 2761 tuo-

295 2780 401 2807 nachus
411 2779 499 2806 factus
509 2784 552 2806 est
562 2779 717 2813 recipietur.
727 2779 820 2806 Sancti
832 2780 904 2806 cnim
912 2780 1005 2812 ctiam,
1020 2788 1081 2814 qtne

295 2830 364 2852 Casu
378 2825 420 2852 vel
435 2832 468 2852 ex
483 2825 575 2860 aliqua
595 2825 803 2852 circumstantia
820 2824 931 2858 dantur,
951 2830 1081 2853 tonsuras

1132 2237 1177 2255 σαι
1193 2228 1248 2255 ἀπὸ
1264 2228 1310 2255 τοῦ
1336 2229 1469 2264 παρόντος
1496 2231 1620 2264 κανόνος,
1640 2231 1681 2258 ὃτι
1697 2232 1793 2267 ὥσπερ
1808 2233 1852 2258 ἐπὶ
1865 2233 1903 2258 τοῦ

1131 2274 1333 2310 βαπτίσματος,
1347 2276 1419 2302 οὕτω
1434 2276 1483 2303 καὶ
1504 2277 1551 2303 ἐπὶ
1575 2278 1625 2312 τῆς
1648 2278 1839 2314 ἁποκάρσεως,
1853 2280 1866 2306 ὁ
1879 2279 1903 2305 ἐν

1130 2321 1191 2351 ταῖς
1213 2319 1385 2352 τελευταίαις
1409 2322 1558 2354 ἀναπνοαῖς
1575 2323 1737 2358 ἀποκαρεὶς,
1758 2324 1800 2356 εῐς
1822 2333 1847 2352 τι
1861 2325 1903 2360 μὲν

1130 2365 1169 2398 ὥς
1185 2367 1300 2401 μοναχὸς
1315 2366 1518 2404 λογισθήσεται,
1533 2368 1573 2400 εἷς
1596 2377 1625 2395 τι
1641 2369 1670 2396 δὲ
1690 2370 1720 2396 οὐ
1735 2370 1903 2406 παραδεχθή-

1133 2420 1211 2438 σεται
1227 2413 1299 2439 κατὰ
1317 2414 1501 2448 μονάσαντας’
1515 2415 1555 2441 ὅτι
1572 2414 1618 2441 καὶ
1634 2416 1649 2450 ὴ
1676 2415 1829 2452 ἀπόκαρσις
1853 2416 1904 2444 δεύ-

1131 2465 1211 2491 τερον
1223 2456 1360 2490 λογίζεται
1374 2458 1526 2493 βάπτισμα.
1541 2459 1572 2486 El
1602 2459 1653 2494 μὲν
1669 2460 1723 2494 γὰρ
1747 2461 1868 2497 ἐπιζήτει
1892 2463 1904 2488 ὁ

1132 2501 1220 2533 οὕτως
1238 2502 1402 2538 ἀποκαρεὶς,
1424 2504 1472 2531 καὶ
1493 2504 1573 2537 ἀξίαν
1589 2505 1752 2537 ἐπιδείξεται
1772 2507 1903 2541 μετάνοιαν

1133 2549 1181 2575 καὶ
1198 2548 1323 2575 δουλείαν
1338 2549 1388 2584 τῆς
1404 2549 1596 2584 ἀποκάρσεως,
1621 2551 1652 2577 οὺ
1672 2551 1861 2588 λογισθήσεται
1873 2553 1904 2584 ὠς

1133 2594 1271 2626 ἀκουσίως
1303 2595 1465 2630 ἁποκαρείς.
1482 2595 1512 2622 Εἰ
1541 2595 1562 2622 δ’
1579 2596 1638 2631 ἅμα
1655 2598 1688 2633 τῇ
1716 2598 1864 2633 ἁποκὰρσει
1880 2600 1904 2625 τί)

1133 2640 1225 2668 κοινδν
1253 2641 1301 2668 τοῦ
1330 2641 1445 2668 θανάτσυ
1472 2642 1521 2677 πίῃ
1545 2644 1686 2677 ποτήριον,
1709 2645 1786 2678 παρὰ
1803 2644 1850 2680 μὲν
1872 2645 1904 2680 τῷ

1132 2688 1204 2722 Θεῷ,
1219 2688 1255 2718 ὡς
1271 2686 1327 2721 ἐγὼ
1344 2688 1415 2718 τέως
1432 2689 1545 2723 νομίζω,
1558 2688 1596 2719 ὠς
1613 2689 1627 2715 ὁ
1646 2689 1675 2714 ὲν
1688 2689 1780 2726 ὑγιείᾳ
1796 2693 1901 2727 μονάσας

1131 2733 1304 2768 δεχοήσεται.
1343 2733 1528 2765 ’Λσπάζονται
1552 2734 1607 2769 γὰρ
1636 2735 1662 2761 οἱ
1686 2734 1761 2770 ἅγιοι
1795 2739 1838 2764 καὶ
1865 2738 1901 2768 τὰς

1133 2780 1332 2815 περιστατικὰς
1346 2780 1526 2815 ἁποκάρσεις·
1545 2781 1591 2807 καὶ
1608 2782 1646 2812 ὡς
1661 2782 1692 2808 ὲκ
1718 2783 1794 2814 θείας
1815 2785 1900 2818 φωνῆς,

1134 2826 1230 2860 φασιν,
1250 2826 1293 2852 Ἐν
1312 2823 1333 2860 ᾧ
1351 2834 1380 2852 σε
1405 2825 1489 2861 εὕρω,
1502 2827 1589 2862 κρινῶ
1604 2835 1634 2854 σε
1646 2834 1654 2843 ⁶
1667 2828 1746 2863 παρὰ
1767 2829 1797 2856 δὲ
1812 2829 1901 2865 ἀνθρώ-
