1935 3081
109 139 178 172 ιεςδ

419 199 537 227 ΚΑΝΩΝ
553 198 606 227 IH'.

110 253 121 270 ι
143 245 177 271 Et
188 253 230 276 τις
248 245 292 272 διὰ
310 246 493 281 νομιζομένην
505 246 624 282 ἄσκησιν
652 248 682 275 ὲν
708 249 741 283 τῇ
768 248 895 285 κυριακῇ

286 303 296 320 ι
311 294 458 330 νηστεύσῃ,
472 295 598 330 ἀνάθεμα
611 296 692 323 ἔστω.
714 305 723 322 ι

146 337 245 366 ΒΑΛΣ.
262 339 399 374 Πολλαγοῦ
416 340 609 367 κεκανόνισται
628 341 666 376 μὴ
695 341 835 377 νηστεύειν
852 340 899 368 καὶ

112 385 326 421 σκυθρωπάζειν
340 386 413 421 ἡμᾶς
431 386 503 414 κατὰ
521 387 571 422 τὴν
588 387 760 423 χαρμόσυνον
792 388 899 424 ἡμέραν

110 431 160 466 τῆς
174 431 319 466 Κυριακῆς
334 431 378 459 διὰ
391 434 440 467 τὴν
465 432 576 468 ἔγερσιν
598 433 646 460 τοῦ
677 433 792 469 Κυρίου,
831 434 899 461 ἀλλὰ

111 478 310 513 πανηγυρίζειν
322 479 369 505 καὶ
389 478 561 514 εὐχαριστεῖν
575 478 614 514 τῷ
628 479 697 514 Θεῷ,
709 479 748 512 ὡς
762 480 900 508 ἀναστάν-

112 532 161 554 τας
175 524 208 550 ἐκ
224 523 270 550 τοῦ
285 523 433 558 πτώματος
443 525 491 559 τῆς
509 525 657 560 ἁμαρτίας.
684 526 753 556 Τοὺς
778 525 843 560 γοῦν
855 526 901 552 τὸν

113 569 266 597 Εὐστάθιον
277 570 455 602 διδάσκοντας
478 571 622 606 νηστεύειν
650 572 679 599 ὲν
704 572 765 604 ταῐς
797 573 902 608 Κυρια-

112 616 175 647 sui;
189 616 363 651 διὰιᾶσκησιν
375 617 469 651 δῆθεν,
489 617 685 652 ἀναθεματίζει
717 619 731 645 ό
750 617 851 645 κανών.
871 617 901 644 '0

113 662 142 688 δὲ
156 661 191 693 ξδ’
204 662 385 694 ἁποστολιχὺς
397 662 489 690 κανὼν
504 664 631 699 ἀφορίζει
661 664 724 696 τοὺς
753 663 825 691 οὕτω
851 672 902 698 νη-

113 708 258 739 στεύοντας
273 707 395 740 λαῑκοὺς,
409 709 502 743 ὥσπερ
523 710 569 735 καὶ
583 709 646 738 τοὺς
660 710 811 745 κληρικοὺς
833 709 902 735 καθ-

112 754 195 788 αιρεῖ.
225 753 305 789 Ζήτει
317 755 363 780 καὶ
377 754 424 780 τὸν
439 753 475 780 νε¹
495 754 596 782 κανόνα
609 755 660 790 τῆς
682 755 711 782 ὲν
724 756 762 790 τῷ
773 754 902 790 Τρούλλῳ

115 798 240 826 συνόδου.

150 843 270 871 ΖΩΝΑΡ.
293 843 347 870 Καὶ
357 844 387 870 ὲν
403 845 463 876 ταῖς
480 845 636 880 Κυριακατς
647 846 775 881 νηστείαν
787 846 904 881 ἐκήρυτ-

115 897 161 915 τεν
174 890 188 916 ὁ
204 889 362 921 Εὐστάθιος,
379 890 423 916 ὅτε
439 889 484 916 διὰ
505 890 555 926 τὴν
576 891 686 927 ἔγερσιν
712 892 761 918 τοῦ
787 893 902 927 Κυρίου,

115 934 164 960 καὶ
179 933 230 969 τὴν
247 935 296 968 τῆς
314 935 438 971 βροτείας
453 936 562 970 φύσεως
576 937 608 963 ἐκ
623 936 670 963 τοῦ
687 937 834 973 πτώματος
853 939 902 974 τῆς

116 981 254 1017 ἁμαρτίας
266 982 426 1015 ἀνάστασιν,
451 984 623 1020 εὐχαριστεῖν
638 985 711 1019 ἡμᾶς
721 985 762 1011 δεῖ
776 984 815 1021 τῷ
843 985 903 1021 Θεῷ

117 1029 166 1055 καὶ
179 1028 295 1064 χαίρειν.
318 1029 350 1055 Ἣ
362 1029 390 1056 δὲ
419 1030 532 1065 νηστεία
561 1031 709 1066 συντριὸῆς
738 1031 786 1058 καὶ
815 1031 905 1068 λύπης

118 1073 177 1100 ἐστὶ
197 1073 344 1108 σύμϐολον.
367 1075 412 1101 διὸ
426 1076 474 1102 καὶ
488 1077 545 1108 τοῖς
562 1077 742 1112 νηστεύουσιν
754 1078 784 1105 ὲν
795 1078 903 1113 Κυρια-

118 1121 181 1152 atati;
206 1121 306 1158 ἐτάχθη
324 1122 460 1158 ἀνάθεμα.

117 1215 228 1243 ΔΡΙΣΤ.
245 1225 254 1242 ι
275 1215 304 1242 '0
320 1216 370 1252 τὴν
386 1217 532 1252 Κυριακὴν
560 1217 576 1253 ἦ
597 1217 626 1243 τὸ
640 1217 777 1245 Σάϐϐατόν
792 1217 905 1252 ἀσιτῶν,

414 1273 424 1289 ι
442 1264 575 1298 ἀνάθεμα.
591 1273 600 1289 ι

412 1309 532 1336 ΚΑΝΩΝ
547 1309 595 1337 ΙΘ’.

124 1361 133 1379 ι
155 1353 188 1380 EI
200 1361 241 1384 τις
251 1353 306 1380 τῶν
321 1355 499 1389 ἀσκουμένων
518 1356 606 1390 χωρὶς
630 1355 791 1390 σωματικῆς
822 1355 908 1391 ἀνάγ-

163 1409 172 1426 ι
192 1408 242 1435 κης
258 1400 506 1435 ὑπερηφανεύοιτο,
543 1401 591 1428 καὶ
612 1401 660 1432 τὰς
685 1401 908 1437 παραδεδομένας

162 1455 172 1472 ε
190 1446 318 1479 νηστείας
330 1447 371 1478 είς
381 1447 412 1472 τὸ
423 1447 522 1480 κοινλιν,
538 1447 584 1474 καὶ
611 1447 820 1483 φυλασσομένας
855 1448 908 1474 ὑπὸ

164 1491 238 1524 «τῆς
270 1490 445 1526 Ἐκκλησίας,
475 1492 622 1527 παραλύοι,
653 1491 856 1527 ἀποκυροῦντος
879 1493 908 1518 ὲν

160 1547 171 1563 σ
192 1536 267 1572 αύτῷ
278 1537 380 1567 τελείου
391 1537 533 1573 λογισμοῦ,
554 1538 678 1573 ἀνάθεμα
691 1538 788 1566 Eorum
842 1552 845 1556 ι

640 145 680 175 ΙΝ
696 144 779 176 CAN.
805 145 876 176 XIX
892 147 998 179 CONC.
1014 149 1159 182 GANGR.

1659 150 1729 183 I266

1229 206 1344 234 CANON
1361 206 1455 236 XVIII.
1691 228 1694 231 «

952 260 962 277 ι
980 250 1007 278 Si
1024 251 1085 286 quis
1104 256 1213 286 propter
1226 259 1296 285 eam,
1318 260 1380 287 quze
1397 253 1580 286 existimatur,
1602 258 1733 281 exerctta.

986 306 997 323 ι
1017 298 1115 325 tionem
1131 298 1158 325 in
1175 298 1316 326 Dominico
1328 299 1445 334 jejnnet,
1463 300 1498 328 sit
1514 300 1670 328 anathema.
1688 310 1697 323 ι

985 343 1083 372 BALS.
1109 344 1200 374 illultis
1220 345 1373 373 canonibus
1390 350 1501 374 cautum
1515 350 1568 378 est.
1585 353 1619 374 ne
1631 345 1737 380 jejuna-

951 395 1024 422 mus,
1042 395 1069 418 et
1083 391 1226 420 tristitiam
1246 400 1302 428 pra:
1316 392 1397 420 nobis
1419 391 1550 423 feramus.
1568 391 1595 419 in
1618 391 1739 425 festoae

952 436 1011 464 ltl‘li)
1045 437 1088 465 die
1109 437 1261 470 Dominico,
1291 442 1402 474 propter
1432 437 1539 465 Domini
1554 436 1738 465 resurrectio-

952 490 1033 516 nem;
1053 483 1100 511 sed
1123 483 1305 516 celebremus,
1333 488 1359 512 et
1375 484 1430 512 Deo
1444 483 1547 518 gratias
1568 489 1693 519 agamus,
1708 486 1738 509 ut

952 528 1002 562 qui
1023 536 1056 556 ex
1084 530 1187 564 peccati
1200 529 1277 564 lapsu
1299 529 1516 558 surrexerimus.
1541 529 1743 556 Eustathianos

952 578 1027 607 ergo,
1051 571 1181 601 docentes
1204 580 1266 601 esse
1287 574 1314 601 in
1327 573 1424 602 diebus
1447 573 1598 601 Dominicis
1612 572 1740 608 jejunan-

952 617 1028 650 dum,
1052 623 1165 653 propter
1187 619 1410 647 exercitationem
1426 618 1543 652 scilicet,
1564 626 1654 646 canon
1673 626 1740 646 ana-

953 664 1072 691 themate
1083 665 1210 700 percutit.
1221 665 1414 701 Sexagesimus
1426 669 1540 701 quartus
1553 671 1643 693 autetn
1652 672 1740 693 canon

954 710 1121 745 apostolicus
1130 715 1255 747 segregat
1268 711 1365 745 laicos,
1377 713 1423 747 qui
1438 713 1478 739 sic
1491 711 1631 746 jejunant,
1647 718 1740 746 quem-

954 756 1099 784 admodum
1122 760 1149 784 et
1171 757 1287 785 clericos
1311 757 1434 793 deponit.
1461 757 1559 791 Quaere
1578 762 1605 785 et
1631 757 1667 785 εδ
1694 765 1740 784 ca-

955 809 1054 829 nonem
1070 803 1167 838 synodi
1185 803 1212 830 in
1228 802 1335 831 Trullo.

992 847 1118 874 ZONAR.
1142 847 1278 883 Jejunium
1302 848 1442 877 Dominice
1457 856 1567 884 quoque
1582 848 1627 876 die
1648 847 1742 876 Eusta-

922 890 943 916 Β
960 893 1032 922 thius
1046 893 1159 927 indixit;
1173 902 1255 930 quam
1272 898 1377 928 tamen,
1391 895 1464 931 quod
1478 903 1526 930 per
1540 903 1600 923 eam
1615 895 1742 923 Christus

957 939 990 966 ab
1011 939 1105 967 inferis
1120 940 1259 968 redivivus
1275 941 1425 974 exstiterit,
1441 946 1622 975 naturamque
1646 940 1742 967 huma-

957 993 1019 1012 nam
1045 993 1060 1013 a
1085 986 1189 1020 peccati
1212 985 1290 1020 lapsu
1303 986 1662 1020 exscitarit,exsultabundi
1686 985 1743 1013 Deo

958 1031 1059 1066 gratias
1085 1036 1196 1066 agentes
1221 1032 1372 1068 transigere
1393 1032 1536 1061 debemus.
1557 1032 1591 1059 At
1604 1031 1742 1067 jejunium

958 1077 1061 1106 doloris
1071 1078 1245 1113 tristitircque
1252 1078 1335 1106 habet
1345 1083 1548 1114 argumentum.
1559 1078 1743 1112 Quamobrem

958 1131 983 1151 et
998 1123 1025 1150 in
1041 1131 1099 1157 eos,
1113 1124 1159 1159 qui
1168 1123 1309 1153 Dominiea
1325 1124 1370 1152 die
1383 1124 1559 1160 jejunarent,
1576 1130 1658 1159 pmna
1680 1130 1744 1151 ana.

960 1169 1090 1197 thematis
1106 1170 1256 1198 constituta
1276 1170 1338 1197 fuit.

961 1215 1121 1244 ARIST.°«
1147 1215 1199 1249 Qui
1224 1215 1297 1244 diem
1323 1216 1494 1244 Dominicam
1520 1216 1563 1244 vel
1593 1215 1744 1245 Sabbatum

1123 1272 1133 1289 ι
1152 1263 1263 1299 jejunus
1273 1264 1388 1300 peragit,
1405 1263 1559 1292 anathema.
1572 1271 1582 1289 ι

1240 1308 1356 1337 CANON
1377 1308 1450 1336 XIX.

965 1363 974 1380 ι
995 1353 1024 1382 Si
1050 1354 1113 1389 quis
1136 1362 1242 1387 eorum.
1258 1356 1304 1390 qui
1320 1360 1495 1389 exercentur,
1513 1356 1620 1392 absque
1643 1363 1744 1391 corpo—

1000 1408 1009 1426 I
1031 1400 1080 1427 rali
1106 1401 1270 1428 necessitate
1286 1409 1316 1430 se
1332 1401 1481 1429 insolenter
1496 1407 1583 1436 gerat,
1601 1405 1628 1429 et
1648 1402 1747 1430 tradita

1000 1455 1010 1472 ι
1028 1446 1147 1482 jejunia,
1162 1455 1224 1482 quat
1239 1447 1422 1475 communiter
1439 1451 1587 1475 servantur
1606 1448 1640 1476 ab
1656 1447 1743 1476 Eccle-

1002 1502 1011 1519 ι
1028 1493 1079 1525 sia,
1096 1493 1238 1526 dissolvat,
1257 1493 1376 1529 perlecta
1391 1495 1417 1521 in
1432 1501 1465 1521 eo
1479 1494 1616 1522 residente
1631 1495 1747 1526 ratione.

1001 1547 1010 1564 ι
1031 1539 1066 1565 sit
1080 1539 1237 1566 anathema.
1256 1549 1267 1564 ι

158 1568 258 1611 3AM}.-
275 1585 386 1620 Αἵρεσις
399 1568 564 1621 Βο,γομιλι’κή
578 1568 652 1612 ἐστιν
664 1586 710 1612 ὲπί
742 1594 818 1618 τινας
842 1585 907 1621 χρό-

998 1584 1094 1612 BALS.
1113 1584 1282 1620 Bogomelica
1298 1590 1339 1614 est
1356 1585 1479 1618 haeresis,
1496 1585 1530 1612 ad
1552 1585 1662 1620 aliquod
1680 1589 1746 1612 tent-

123 1639 186 1662 γους
200 1631 272 1658 κατά
303 1633 395 1666 πᾶσαν
411 1633 516 1668 ἡμέραν
533 1632 674 1667 νηστεύειν
692 1633 739 1658 καὶ
766 1633 901 1667 μηδέποτε

123 1676 280 1711 καταλύειν,
294 1677 332 1709 ὡς
348 1679 418 1713 μετὰ
433 1679 479 1704 τὸν
495 1678 625 1705 τοσοῦτον
645 1678 741 1714 καιρὸν
767 1678 858 1712 λέγειν
879 1679 907 1704 ὲν

121 1723 271 1757 τελείοτητι
283 1725 410 1758 γενέσθαι
422 1726 485 1755 τοὺς
496 1724 688 1760 νηστεύοντας,
703 1725 750 1751 καὶ
763 1724 908 1752 καταλύειν

123 1769 172 1795 καὶ
192 1769 362 1805 ἁμαρτάνειν
373 1770 598 1805 ἀδιαφόρο›ς,καὶ
615 1771 704 1797 πᾶσαν
734 1770 834 1796 κακίαν
864 1769 908 1796 διὰ

124 1816 175 1850 τῆς
211 1815 379 1850 τελειότητος
407 1816 443 1848 ὡς
468 1816 520 1842 ὑπὸ
569 1816 655 1851 πυρὸς
698 1815 907 1842 κατακαὶεσθαι.

125 1860 246 1888 Τοιαῦτα
258 1860 322 1894 γοῦν
337 1861 487 1891 ἐδίδασκον,
503 1862 540 1893 ὡς
558 1861 644 1894 ἔοικε,
679 1860 726 1887 καὶ
746 1861 770 1887 οἱ
789 1861 854 1894 περὶ
863 1861 909 1886 τὸν

124 1907 293 1935 Εὒστάθιον·
310 1907 350 1935 διὸ
372 1910 419 1934 καὶ
453 1906 716 1942 ἀνεθεματίσθησαν.
750 1906 910 1939 Ὀφείλομεν

128 1954 180 1989 γὰρ
195 1955 219 1980 ol
231 1954 323 1980 πιστοὶ
345 1953 487 1989 νηστεύειν
513 1953 581 1979 κατὰ
610 1953 659 1983 τὰς
690 1951 910 1987 παραδεδομένας

123 2001 260 2035 νηστείας.
278 2001 337 2036 ἦτοι
349 1999 484 2034 Τετράδα,
501 1999 549 2025 καὶ
564 1999 613 2034 τὴν
642 1999 834 2033 Παρασκευὴν,
861 1997 910 2032 τὴν

126 2048 249 2082 μεγάλην
270 2044 500 2081 ’τεσσαρακοστὴν
513 2045 625 2075 καὶτὰς
644 2044 743 2075 λοιπὰς
772 2043 909 2078 νηστείας,

125 2093 174 2121 καὶ
186 2093 265 2125 αὖθις
280 2091 479 2127 πανηγυρίζειν
495 2090 566 2117 κατὰ
583 2090 633 2122 τὰς
647 2089 827 2124 ἑορτασίμους
842 2087 912 2123 ἡμέ-

128 2149 188 2176 ρας,
203 2141 227 2165 εζ
246 2140 329 2174 μήπω
343 2138 388 2164 διὰ
398 2137 476 2164 νόσον
501 2136 655 2163 καταλῦσαι
681 2134 909 2169 ἀναγκασθῶμεν.

125 2187 188 2213 Ὀτι
201 2185 270 2220 φησὶ
281 2186 328 2212 καὶ
346 2185 360 2211 ὁ
375 2183 412 2217 ξθ¹
426 2183 605 2214 άτιοστολικὺς
621 2182 722 2214 κανὼν.
738 2181 808 2208 κατὰ
821 2182 910 2208 πᾶσαν

125 2231 249 2267 Τετρὰδα
271 2231 318 2257 καὶ
333 2229 514 2264 Παρασκευὴν
528 2229 574 2256 καὶ
599 2229 649 2263 τὴν
689 2227 911 2261 τεσσαρακοστὴν
930 2247 950 2275 D

125 2277 173 2303 τοῦ
191 2278 287 2312 Πάσχα
308 2277 345 2311 μὴ
358 2275 504 2303 καταλύειν
520 2276 605 2311 ἡμᾶς,
621 2275 646 2301 εἰ
664 2274 701 2310 μὴ
721 2274 754 2301 δι1
769 2274 911 2301 ἀσθένειαν

126 2323 296 2358 σωματικήν.

162 2369 284 2396 ΖΩΝΛΡ.
306 2368 336 2395 Ὀ
351 2367 528 2398 ἀποστολικὸς
539 2368 687 2402 ἐξηκοστὸς
713 2368 844 2404 τέταρτος
861 2379 914 2396 κα-

128 2414 182 2440 νὼν
196 2413 275 2440 τοῦτο
295 2413 385 2448 ῥητῶς
406 2421 488 2447 φησιν
503 2421 510 2429 ·
528 2412 561 2439 El
575 2421 617 2444 τις
637 2413 767 2448 κληρικὸς
789 2414 914 2450 εὖρεθεῖη

128 2461 178 2495 τὴν
188 2460 331 2495 Κυριακὴν
349 2460 456 2494 ἡμέραν
489 2458 639 2494 νηστεύων,
662 2459 678 2494 ἢ
703 2459 734 2485 τὸ
760 2460 913 2494 Σάεόατον,

128 2507 200 2542 πλὴν
211 2506 258 2533 τοῦ
276 2507 334 2538 ἐνὸς
365 2507 457 2540 μόνου,
480 2505 686 2540 καθαιρείσθω·
712 2506 736 2532 el
762 2506 790 2532 δὲ
809 2506 913 2539 λαῑκὶς,

126 2553 309 2588 άφοριζέσθω.
329 2551 383 2578 Καὶ
411 2551 425 2577 6
451 2551 489 2583 ξθ¹
531 2551 581 2586 τὴν
620 2552 843 2588 τεσσαρακοστὴν
867 2552 913 2579 τοῦ

127 2599 225 2632 Πάσχα
236 2597 378 2632 νηστεύειν
393 2597 548 2632 παρεγγυᾷ,
558 2596 606 2624 καὶ
617 2597 740 2631 Τετράδα
759 2598 805 2624 καὶ
820 2598 915 2632 Παρα-

129 2644 249 2677 σκευήν·
276 2643 299 2669 εί
322 2643 358 2678 μὴ
374 2643 407 2669 δι’
424 2642 566 2668 ἀσθένειάν
577 2651 620 2673 τις
644 2641 826 2676 ἐμποδίζοιτο.
854 2644 915 2670 Τῶν

127 2687 156 2714 δὲ
181 2689 246 2722 περὶ
266 2688 312 2714 τὸν
326 2687 473 2714 Εύστάθιον
490 2686 539 2718 τὰς
549 2687 768 2721 παραδεδομένας
789 2689 915 2722 νηστείας

128 2733 258 2766 λυόντων,
273 2733 310 2764 ὡς
325 2733 397 2768 τάχα
411 2733 574 2767 φθασάντων
588 2733 656 2768 πρδς
667 2733 838 2769 τελειότητα,
868 2735 915 2762 καὶ

129 2779 224 2807 οὐκέτι
239 2779 374 2813 δεομένων
402 2780 539 2813 νηστείας,
567 2779 613 2805 τὸν
638 2780 738 2806 κανόνα
769 2780 863 2807 τοῦτον
897 2781 914 2817 ἡ

130 2825 238 2857 συνόδος
249 2824 430 2860 ἐξεφώνησεν,
439 2825 565 2860 ἀνάθεμα
588 2825 847 2862 καταψηφιζόμενον
860 2827 914 2854 τῶν

130 2871 248 2899 λυόντων
258 2871 306 2904 τὰς
325 2872 544 2908 παραδεδομένας
561 2871 700 2908 νηστείας,
723 2873 770 2900 καὶ
795 2873 846 2901 ὑπὸ
864 2873 914 2910 τῆς

964 1641 1014 1667 pus
1043 1634 1117 1661 omni
1147 1633 1191 1661 die
1207 1633 1343 1668 jejunarc,
1375 1641 1426 1661 nec
1460 1641 1579 1668 unquam
1612 1632 1748 1668 jejuniqu

963 1679 1081 1711 solvere,
1099 1682 1127 1705 ut
1143 1687 1201 1712 eos,
1219 1679 1266 1714 qui
1283 1682 1347 1714 post
1367 1682 1472 1707 tantum
1491 1683 1598 1714 tempus
1611 1678 1748 1714 jejunant.

963 1724 1057 1752 dicant
1073 1732 1136 1753 esse
1153 1724 1180 1752 in
1203 1725 1381 1760 perfectione,
1400 1729 1427 1753 et
1446 1724 1582 1760 jejunium
1601 1724 1707 1752 solvere
1723 1727 1749 1750 ct

963 1777 1079 1803 peccare
1107 1769 1348 1798 indiscriminatim
1375 1777 1466 1805 posse,
1498 1773 1525 1797 et
1552 1776 1634 1796 omne
1653 1768 1748 1795 vitium

964 1818 1093 1850 tanquam
1120 1822 1134 1842 a
1160 1815 1326 1850 perfectione
1350 1816 1384 1842 ab
1400 1815 1462 1850 igne
1479 1814 1569 1842 exuri.
1587 1812 1748 1849 Iiujusmodi

964 1868 1039 1896 ergo,
1056 1865 1086 1887 ut
1114 1861 1232 1894 videtur,
1248 1861 1383 1889 docebant
1399 1866 1426 1888 et
1441 1861 1613 1888 Eustathiani
1625 1869 1632 1894 ;
1645 1864 1673 1887 et
1688 1861 1749 1887 ideo

965 1907 1077 1935 fuerunt
1098 1909 1268 1936 anathemate
1290 1909 1423 1943 percussi.
1442 1909 1578 1936 Debemus
1595 1908 1667 1935 enim
1685 1908 1750 1935 lide-

964 1954 1005 1981 les
1030 1954 1058 1981 in
1082 1953 1190 1982 traditis
1204 1954 1328 1988 jejnniis,
1353 1954 1480 1980 nimirum
1505 1957 1601 1988 quarta
1623 1953 1700 1985 feria,
1722 1957 1750 1980 et

964 2000 1124 2033 Parasceve,
1155 2004 1183 2027 et
1208 2007 1304 2035 magna
1330 1999 1556 2033 Quadrageslma,
1585 2003 1612 2026 et
1638 1999 1750 2034 reliquis

962 2046 1074 2081 jejuniis
1097 2046 1233 2081 jejunare,
1252 2051 1278 2073 et
1299 2053 1394 2072 rursus
1416 2045 1503 2072 festos
1521 2045 1579 2073 dies
1597 2045 1748 2077 celebrare.

965 2093 1018 2120 nisi
1033 2092 1101 2120 forte
1115 2098 1225 2128 propter
1240 2092 1363 2120 morbum
1383 2091 1518 2127 jejunium
1535 2092 1642 2129 solvere
1657 2091 1746 2118 coacti

966 2139 1063 2167 simus.
1089 2138 1159 2166 Dicit
1180 2138 1251 2166 enim
1269 2138 1303 2166 69
1315 2146 1403 2166 canon
1418 2137 1587 2173 apostolicus
1599 2158 1606 2169 ,
1632 2137 1658 2164 in
1675 2137 1750 2164 omni

965 2190 1062 2221 quarta
1080 2185 1146 2213 feria
1162 2189 1188 2213 et
1205 2185 1354 2212 Parasccve
1369 2189 1397 2211 et
1421 2184 1448 2211 in
1463 2183 1576 2211 Paschze
1594 2183 1749 2219 quadrage-

966 2231 1033 2259 sima
1059 2239 1109 2259 nos
1129 2231 1262 2266 jejunium
1279 2238 1334 2257 non
1356 2230 1463 2258 solvere
1485 2229 1537 2257 nisi
1559 2235 1668 2265 propter
1686 2237 1750 2257 eor-

966 2277 1086 2312 poralem
1108 2277 1332 2305 imbecillitatem.

1001 2366 1126 2395 ZONAR.
1144 2366 1336 2402 Sexagesimus
1350 2371 1465 2402 quartus
1480 2375 1568 2395 canon
1583 2368 1752 2402 apostolicus

966 2413 1022 2442 lucc
1033 2414 1143 2441 totidem
1155 2414 1245 2441 verbis
1260 2414 1361 2443 habet:
1379 2413 1407 2441 Si
1421 2415 1495 2449 quis.
1512 2415 1611 2450 inquit,
1634 2415 1751 2442 clericus

965 2459 1092 2487 inventus
1118 2458 1201 2487 fuerit
1225 2459 1270 2487 die
1290 2459 1432 2488 Dominico
1454 2460 1597 2496 jcjunare,
1613 2461 1654 2487 vel
1680 2460 1750 2488 Sab-
1783 2477 1785 2479 ι

965 2505 1038 2538 bato,
1054 2511 1234 2541 pmtcrquam
1256 2514 1311 2533 uno
1325 2507 1393 2538 solo,
1411 2507 1565 2542 deponatur
1580 2516 1586 2533 :
1602 2508 1643 2533 sin
1658 2511 1749 2534 autem

966 2551 1068 2586 laicus,
1091 2557 1259 2588 segregetur.
1275 2552 1469 2588 Sexagesinms
1486 2559 1550 2579 vero
1569 2559 1657 2579 nonus
1679 2560 1751 2586 qua-
1782 2573 1785 2578 .

966 2598 1146 2633 dragesimam
1174 2598 1295 2631 Pasclue,
1318 2604 1345 2627 et
1367 2603 1494 2633 quartum
1518 2598 1600 2630 diem,
1623 2601 1650 2624 et
1667 2598 1750 2624 l’ara-

966 2650 1074 2674 sceven,
1101 2643 1155 2671 nisi
1180 2643 1305 2678 corporis
1321 2643 1412 2677 aliqua
1430 2642 1576 2670 inlirmitas
1598 2642 1748 2673 obstiterit,

963 2687 1067 2722 jejunio
1081 2689 1283 2724 transigendam
1300 2696 1361 2716 esse
1372 2688 1505 2718 decernit.
1527 2687 1596 2714 Cum
1614 2695 1678 2714 vero
1694 2687 1748 2714 Eu—

965 2735 1106 2768 stathiani,
1123 2735 1200 2770 quasi
1214 2741 1350 2762 summum
1373 2733 1500 2768 perfecta:
1517 2733 1627 2761 virtutis
1644 2733 1749 2768 apicem

965 2783 1134 2818 attigissent.
1165 2789 1216 2809 nec
1243 2781 1317 2815 ipsos
1342 2779 1449 2815 jejunio
1477 2779 1606 2814 castigari
1633 2780 1751 2814 amplius

964 2831 1114 2864 oporteret,
1133 2827 1231 2853 tradita
1246 2825 1350 2860 jejunia
1367 2826 1510 2858 violarent,
1527 2826 1600 2853 hunc
1617 2833 1750 2853 canouem

966 2873 1085 2911 synodus
1101 2871 1291 2908 promulgavit,
1308 2878 1420 2907 eosque,
1437 2871 1482 2908 qui
1503 2871 1608 2909 jejunio
1631 2879 1646 2899 a
1661 2870 1747 2907 majo-
