1935 3081
242 156 308 190 ιετι

874 157 924 186 ΤΗ
930 156 1013 188 E01).
1031 156 1233 187 BALSAMON

1799 155 1876 187 12ῗὲ

240 221 288 243 eos
303 219 379 242 extra
406 213 555 241 Ecclesism
583 220 643 241 esse
666 213 772 241 statuit.
796 213 824 241 Si
849 213 911 248 quis
930 213 1022 248 itaque

1083 212 1190 244 ιανόνας
1206 210 1353 247 ὲκθεμένη,
1372 211 1450 243 ἔκτδς
1467 211 1566 243 αὐτοὺς
1583 207 1652 238 εἶναι
1676 211 1725 246 τῆς
1745 211 1871 247 Ἐκκλη-

243 261 284 289 vel
304 260 414 295 nuptias
433 258 570 294 legitimas
595 259 750 294 improbat,
769 259 884 287 veieum
905 258 952 292 qui
966 266 1027 286 car-

243 314 305 334 nem
322 305 441 333 t-omedit
458 309 558 339 praeter
575 304 736 332 suil'ocatam
751 311 779 333 et
798 304 880 332 idolis
898 303 1025 331 immola-

243 357 298 379 tam
311 371 319 384 ,
344 351 526 382 condemnat,
542 350 586 378 vel
600 358 694 378 servos
714 350 729 377 a
750 350 869 378 dominis
885 349 1026 381 recedere,

242 399 352 433 pietatis
366 401 508 433 praetextu,
522 401 550 425 et
561 397 743 426 ministerium
756 404 836 424 suum
851 400 1028 424 contemnere

242 443 343 476 docet,
358 448 405 471 aut
425 443 535 471 dubitat
558 443 650 471 divina
674 443 800 478 accipere
817 446 989 470 sacramenta
1013 450 1028 470 a

243 488 413 525 presbyteris
429 489 475 524 qui
497 496 597 517 uxores
611 489 731 522 habent,
748 489 790 517 vel
814 489 849 517 ab
861 488 966 516 adibus
980 488 1028 516 Dei

243 539 271 563 et
295 535 412 563 ecclesia
444 535 577 562 recedens
595 540 626 562 ut
642 542 691 562 eas
720 535 794 569 juste
816 534 1030 562 contemnendas

244 582 362 612 ducens.
378 585 405 609 et
421 580 546 614 privatim
571 581 735 608 concionem
750 580 866 612 habens,
888 579 956 607 alias
981 580 1030 607 in-

245 626 414 654 structiones
437 625 550 661 profert,
566 626 608 653 vel
626 631 725 660 praeter
745 625 864 660 episcopi
892 629 937 652 aut
955 632 1031 660 pres-

246 673 335 708 byteri
347 673 523 705 sententiam,
538 676 568 699 ut
580 679 628 700 eos
641 675 831 702 contemnens.
844 670 1031 699 ecclesiastica

245 718 352 753 peragit
382 718 530 754 mysteria,
558 717 623 752 quia
650 724 715 745 suas
740 724 837 752 preces
866 724 1032 752 magnopere

246 763 395 797 praevalere
406 763 546 798 opinatur,
565 767 612 790 aut
629 763 708 790 docet
730 763 866 790 fructuum
879 762 1032 790 oblationes

248 808 378 837 Ecclesiae
389 809 453 837 olim
468 809 558 842 datas,
574 812 601 837 et
617 809 650 836 ad
664 809 735 836 bona
751 816 833 843 opera
848 811 986 843 erogatas,
1006 812 1033 834 et

247 854 282 881 ab
294 854 424 889 episcopo
437 858 464 882 et
474 854 521 888 {eis
535 854 581 889 qui
600 853 634 882 ad
653 861 748 881 eorum
765 853 1032 881 administrationem

1079 258 1138 290 σίας
1153 256 1330 293 προσέταξεν.
1346 257 1378 284 Et
1391 265 1433 288 τις
1448 257 1513 291 γοῦν
1528 257 1545 293 ἢ
1570 257 1616 283 τὸν
1637 257 1755 292 νόμιμον
1777 256 1872 290 γάμον

1078 304 1179 337 ἀθετεῖ,
1195 304 1212 340 ἢ
1227 304 1273 331 τδν
1300 304 1516 340 κρεωφαγοῦντα
1540 304 1700 338 κατακρίνει
1727 304 1790 338 δίχα
1807 312 1874 329 πνι-

1079 350 1144 378 κτοῦ
1157 350 1174 386 ἢ
1190 350 1369 377 είδωλοθύτου
1380 358 1387 367 ·
1398 350 1415 385 ἦ
1436 349 1547 382 δούλους
1558 350 1680 376 διδάσκει
1697 349 1753 376 τῶν
1769 350 1873 376 δεσπο-

1077 396 1133 423 τῶν
1171 395 1363 431 ὑπαναχωρεῖν
1397 395 1534 430 προφάσει
1550 394 1716 426 θεοσεϐείας.
1743 395 1793 420 καὶ
1820 395 1871 428 τῆς

1080 441 1232 477 ὑπηρεσίας
1260 440 1351 468 αὐτῶν
1376 441 1559 476 καταφρονεῖν
1573 448 1581 455 ·
1597 440 1613 475 ἢ
1628 440 1796 475 διακρίνοιτο
1813 439 1871 466 τῶν

1080 487 1161 514 θείων
1187 487 1366 522 ἀγιασμάτων
1397 486 1559 522 μεταλαϐεῖν
1590 486 1645 513 ἀπὸ
1670 485 1872 521 πρεσϐυτέρων

1081 532 1263 567 ὑπογυναίωνι
1278 532 1294 567 ἦ
1310 532 1364 559 τῶν
1378 531 1460 558 οἴκων
1473 531 1521 558 τοῦ
1537 531 1604 558 Θεοῦ
1621 531 1668 558 καὶ
1682 531 1731 566 τῆς
1749 531 1871 565 Ἐκκλη-

1083 578 1142 610 σίας
1159 578 1320 613 ἀναχωρεῖν,
1337 578 1375 609 ὡς
1390 578 1645 612 εὐκαταφρονήτους
1659 577 1759 608 αὐτοὺς
1774 576 1871 611 οἰόμε-

1083 632 1140 655 νος,
1166 624 1213 651 καὶ
1239 623 1293 660 ίδίᾳ
1329 623 1528 659 ἐκκλησιάζων,
1568 622 1744 653 διδασκαλίας
1770 623 1873 656 ἑτέρας

1084 669 1197 696 ποιοῖτο·
1213 669 1230 705 ἢ
1245 668 1320 704 παρά
1341 668 1454 703 γνώμην
1467 668 1618 694 ἐπισκόπου
1634 668 1650 702 ἢ
1668 667 1871 702 πρεσϐυτέρου,

1083 714 1120 746 ὡς
1144 714 1325 750 καταφρονῶν
1351 715 1452 746 αὐτῶν,
1478 714 1511 740 τὲ
1533 714 1583 748 τῆς
1603 713 1769 748 Ἐκκλησίας
1795 713 1872 739 τελεῖ

1085 761 1233 796 μυστήρια.
1263 759 1308 787 διὰ
1334 759 1365 786 τὸ
1390 759 1440 793 τὴν
1466 759 1622 795 προσευχὴν
1649 758 1733 785 αὑτοῦ
1762 758 1873 792 μεγάλα

1086 803 1189 840 ἰσχύειν
1202 804 1317 831 οἴεσθαιι
1342 803 1359 839 ἢ
1384 803 1506 830 διδάσκει
1519 803 1567 834 τὰς
1582 801 1715 829 ἀνέκαθεν
1731 800 1788 827 τῶν
1804 801 1872 835 χρό-

1084 858 1137 877 νων
1151 849 1292 885 διδομένας
1313 848 1504 885 καρποφορὶας
1528 849 1562 884 τῇ
1589 848 1748 884 Ἐκκλησία,
1766 848 1815 873 καὶ
1833 847 1873 877 είς

248 900 281 927 ab
292 900 352 935 ipso
367 899 558 935 designantur,
573 898 704 928 Ecclesia).
718 907 771 927 non
783 898 891 931 oiierrc,
911 899 958 927 sed
981 898 1031 926 sibi

1084 896 1206 922 εὐποιίαν
1220 895 1458 930 κατακενουμένας
1468 895 1544 929 παρά
1558 903 1587 920 τε
1598 893 1645 920 τοῦ
1657 894 1809 920 ἐπισκόπου
1825 893 1873 919 καὶ

248 949 295 973 aut
311 945 366 973 illis
380 945 427 981 qui
445 953 540 974 secum
558 950 680 973 sunteas
694 945 771 978 dare,
789 945 831 973 vel
846 945 1029 979 virginitatem

248 998 302 1019 non
317 995 429 1027 propter
442 991 528 1027 ipsam
544 991 704 1025 bonitatem,
726 991 901 1019 matrimonio
910 990 1030 1026 praefert,

246 1037 295 1065 sed
312 1041 342 1065 ut
358 1036 564 1065 matrimonium
584 1045 751 1070 exsecraris,
771 1042 799 1066 et
816 1038 949 1066 adversus
965 1044 1031 1065 con-

243 1084 356 1119 jugatos
368 1084 474 1116 elatus,
487 1084 529 1112 vel
545 1092 598 1113 non
614 1085 743 1112 c0nvenit
763 1084 798 1112 iis
812 1084 859 1119 qui
875 1084 909 1112 ad
927 1092 1032 1120 agapen

247 1134 415 1165 congregant
434 1135 494 1165 post
504 1130 635 1158 Ecclesiae
654 1130 843 1158 dimissionem
859 1131 892 1158 ad
913 1131 991 1162 panis
1005 1135 1032 1158 et

248 1175 304 1202 vini
331 1175 586 1211 participationem,
606 1175 653 1204 sed
665 1183 714 1203 eos
728 1176 819 1211 rejicit
831 1196 838 1207 ,
859 1180 887 1204 et
911 1184 973 1203 cum
990 1176 1031 1204 eis

248 1221 452 1249 communicare
474 1225 588 1249 VOCBIUB
608 1229 656 1256 per
679 1225 866 1257 contemptum
885 1228 912 1248 el
934 1229 1032 1256 super-

247 1267 320 1295 biam
333 1274 388 1294 non
404 1266 534 1299 sustinet,
548 1267 589 1295 vel
603 1275 665 1295 cum
679 1267 785 1302 justitia
807 1271 834 1295 et
851 1267 1030 1295 beneﬁcentia

248 1313 425 1341 ditescentem
433 1316 608 1347 aspernatur,
619 1314 660 1341 vel
672 1317 700 1341 et
709 1320 770 1341 eum
783 1314 830 1349 qui
844 1314 960 1341 sericam
985 1321 1031 1341 ve-

249 1364 316 1386 stem
331 1358 429 1391 induit,
459 1358 537 1386 ﬂocci
565 1358 641 1391 facit,
657 1358 715 1394 ipse
733 1359 877 1394 peregrina
906 1359 1031 1393 quaedam

248 1405 408 1440 excogitans
437 1405 615 1437 indumenta,
636 1408 665 1433 ut
696 1412 731 1433 ex
758 1405 793 1433 iis
822 1412 852 1433 se
885 1405 1031 1440 justitlcari

250 1455 361 1485 putans,
375 1450 417 1478 vel
434 1450 515 1478 etiam
540 1450 669 1479 mulieres
690 1450 814 1486 quaedam
831 1450 855 1478 si
868 1450 1031 1478 vestimenta

248 1496 336 1524 virilia
359 1496 472 1524 induere
486 1496 674 1530 inveniuntur,
689 1497 723 1525 ad
742 1496 900 1525 communis
917 1497 1032 1524 femina-

249 1551 309 1570 rum
323 1543 439 1570 vcstitus
462 1543 569 1571 ruinam
581 1563 589 1576 ,
605 1547 633 1570 et
649 1547 779 1578 tanquam
798 1546 928 1578 putantes
945 1550 975 1570 se
996 1549 1030 1570 ex

248 1591 282 1616 iis
298 1593 408 1617 sanctas
431 1592 459 1616 et
476 1588 566 1623 iustas
584 1588 682 1622 videri,
710 1594 757 1616 aut
784 1596 798 1616 a
823 1589 882 1617 suis
904 1588 971 1616 viris
1002 1591 1032 1615 ut

249 1634 358 1669 nuptias
374 1634 543 1662 detestantes
569 1639 743 1670 separantur,
762 1635 804 1662 vel
820 1634 948 1670 proprios
963 1634 1032 1662 libe-

250 1686 297 1706 ros
323 1679 502 1715 relinquunt,
526 1684 554 1707 et
577 1688 632 1708 non
649 1684 679 1708 ut
696 1680 801 1709 liberos
819 1687 868 1709 eos
879 1680 968 1713 alunt,
983 1686 1032 1707 nec

250 1728 384 1760 quantum
411 1726 439 1753 in
459 1733 490 1754 se
514 1730 558 1754 est
572 1725 606 1753 ad
631 1726 794 1762 religionem
822 1725 1031 1754 convenientem

249 1778 297 1798 eos
325 1769 464 1804 excitant,
497 1769 548 1798 sed
578 1771 784 1800 exercitationis
822 1776 953 1807 praetextu
984 1779 1033 1800 eos

250 1817 402 1852 negligunt,
415 1820 442 1844 et
456 1823 516 1852 quae
529 1824 636 1845 comam
650 1817 810 1846 muliebrem
827 1818 986 1851 detondent,
1004 1821 1033 1846 ut

251 1862 380 1896 pietatem
408 1862 588 1896 simulantes,
608 1862 648 1890 vel
673 1863 734 1891 vice
760 1871 850 1897 versa,
873 1863 896 1892 si
924 1863 1001 1891 liberi
1016 1870 1032 1893 a

251 1909 410 1944 parentibus
431 1907 558 1936 ﬁdelibus
574 1908 711 1941 resiliunt,
724 1909 855 1937 honorem
871 1909 1032 1944 parentibus

250 1954 374 1982 debitum
398 1962 452 1982 non
470 1953 638 1987 tribuentes,
663 1959 792 1989 tanquam
810 1955 937 1990 pietatem
955 1954 1034 1982 nimi-

251 2008 311 2028 rum
323 1999 512 2035 prtel'erentes,
526 1999 569 2026 vel
589 1999 611 2027 si
628 1999 691 2035 quis
714 1999 812 2027 tradita
830 1999 910 2027 nobis
930 1998 1034 2034 jejnnia

251 2046 478 2082 transgrediatur,
494 2050 521 2073 et
538 2045 688 2081 profanans
708 2045 767 2073 dies
786 2045 821 2073 ab
839 2044 962 2073 Ecclesia
975 2052 1034 2072 ser-

251 2093 309 2120 vari
320 2091 454 2124 sancitas,
470 2091 611 2123 Dominica
623 2091 664 2118 vel
674 2091 794 2118 Sabbato
807 2090 1034 2126 eligatjejunare,

250 2136 293 2164 vel
308 2141 460 2172 martyrum
476 2134 703 2170 congregatioues
726 2138 754 2161 et
768 2141 847 2162 sacra
873 2141 934 2169 quae
959 2134 985 2161 in
1000 2134 1034 2162 iis

251 2183 321 2210 iiunt
331 2181 469 2218 mysteria,
487 2184 517 2208 ut
534 2187 665 2215 arrogans
680 2180 879 2211 calumniatur.
893 2185 920 2208 et
934 2179 1037 2208 abhor-

227 2246 229 2248 η
251 2234 303 2256 ret.
324 2228 354 2256 Si
370 2227 431 2263 quis
444 2226 528 2262 428
540 2226 633 2262 itaque
648 2234 681 2254 ex
698 2226 731 2253 iis
746 2233 807 2261 quae
822 2234 906 2262 supra
919 2233 1035 2254 enume-
1052 2242 1074 2270 D

251 2278 360 2306 rantur,
366 2271 516 2307 quidquam
527 2271 618 2299 facere
625 2271 847 2306 deprehenditur,
860 2275 888 2299 ut
901 2279 930 2299 se
938 2275 1034 2299 contra

251 2326 299 2347 eos
318 2318 365 2353 qui
384 2317 538 2353 simplicius
562 2318 678 2349 vivunt,
699 2316 828 2350 cﬂ‘crens,
859 2321 887 2344 et
901 2316 1035 2344 ecclesia-

252 2365 337 2393 sticas
351 2363 512 2391 transiliens
533 2363 607 2397 leges
630 2367 656 2391 et
677 2362 867 2391 innovationes
893 2371 909 2391 e
922 2364 1033 2399 propria

252 2409 380 2445 superbia
393 2407 581 2441 introducens,
597 2409 634 2436 sit
647 2410 802 2437 anathema.
820 2409 944 2437 Ecclesia
961 2409 1034 2437 enim

252 2456 436 2492 virginitatem
464 2463 526 2483 cum
543 2455 636 2483 animo
667 2456 786 2483 demisso
809 2455 980 2493 admiratur,
1009 2461 1037 2491 et

252 2502 439 2531 secessionem
461 2509 475 2529 a
490 2501 607 2537 negotiis
631 2501 810 2529 saecularibus
839 2501 934 2529 eodem
954 2501 1036 2528 modo

253 2549 354 2576 factam
384 2547 516 2580 admittit,
542 2552 569 2575 et
594 2547 789 2575 continentiam
810 2554 873 2575 cum
902 2547 1036 2582 gravitate

252 2597 281 2620 et
308 2591 450 2627 religione,
475 2595 502 2620 et
527 2591 712 2620 venerabilem
753 2592 919 2620 matrimonii
954 2599 1034 2619 usum

252 2638 359 2665 honore
373 2637 557 2673 prosequitur.
576 2642 603 2665 et
617 2637 729 2665 divitem
753 2644 814 2664 cum
828 2637 935 2672 justitia
947 2641 975 2665 et
991 2637 1036 2665 be-

252 2682 397 2711 neﬁcentia
420 2690 476 2711 non
505 2683 580 2718 parvi
600 2683 719 2718 pendet,
742 2687 769 2710 et
786 2683 987 2718 simplicitatem
1008 2688 1036 2710 et

253 2728 440 2764 frugalitatem
473 2729 701 2757 vestimentorum
726 2737 781 2756 non
806 2733 916 2764 propter
935 2736 1033 2763 super-

254 2773 337 2805 biam,
349 2772 396 2801 sed
409 2777 520 2808 propter
531 2774 616 2802 solam
626 2774 750 2809 corporis
764 2781 858 2800 curam
874 2773 933 2801 sine
944 2774 1037 2800 curio-

255 2819 338 2848 sitate
362 2818 478 2852 iactant,
507 2820 659 2854 approbare
685 2819 780 2852 novit;
805 2819 1035 2854 quemadmodum

254 2870 310 2893 non
325 2863 445 2894 admittit
461 2866 544 2894 etiam
559 2873 606 2894 cos
618 2866 663 2903 qui
679 2865 840 2900 dissolutas,
857 2870 883 2894 ct
902 2865 1034 2896 delicatas

1082 941 1138 968 τῶν
1153 941 1193 972 είς
1208 940 1257 976 τὴν
1284 940 1440 976 οίκονομίαν
1461 939 1564 967 τούτων
1582 940 1646 974 παρ’
1661 939 1743 967 αὐτοῦ
1767 939 1873 974 προϐε-

1083 986 1238 1022 ϐλημένων,
1257 987 1296 1022 μὴ
1306 986 1472 1022 προσφέρειν
1486 987 1519 1021 τῇ
1540 985 1700 1020 Ἐκκλησία,
1720 985 1781 1011 ἀλλ’
1794 983 1872 1019 αὖτῷ

1082 1042 1112 1061 τε
1129 1033 1176 1060 καὶ
1194 1033 1251 1065 τοῖς
1270 1033 1319 1060 σὺν
1345 1032 1431 1067 αὐτῷ,
1455 1032 1492 1064 ὡς
1511 1033 1612 1067 ἁγίοις,
1628 1032 1730 1063 ταύτας
1746 1031 1852 1058 διδόναι
1863 1039 1871 1046 ·

1082 1081 1163 1118 ἢτὴν
1181 1080 1331 1117 παρθενίαν
1345 1080 1382 1115 μὴ
1397 1079 1430 1107 δι’
1458 1079 1526 1107 αὑτδ
1552 1079 1583 1106 τὸ
1611 1079 1692 1107 καλὸν
1711 1079 1758 1106 τοῦ
1777 1078 1872 1113 γάμου

1082 1127 1262 1162 προτιμᾶται,
1285 1125 1343 1153 ἀλλ’
1353 1125 1391 1158 ὡς
1405 1125 1451 1154 τὸν
1466 1125 1555 1161 γάμον
1582 1124 1806 1161 βδελυσσόμενος,
1823 1123 1872 1150 καὶ

1081 1173 1136 1199 τῶν
1150 1171 1351 1207 γεγαμηκότων
1364 1171 1601 1207 κατεπαιρόμενος
1613 1179 1620 1186 ·
1635 1171 1652 1206 ἢ
1665 1171 1696 1197 οὐ
1711 1170 1872 1205 συνέρχοιτο

1081 1219 1137 1249 τοῖς
1162 1216 1329 1251 συγκαλοῦσι
1348 1217 1381 1244 δι’
1395 1217 1517 1253 ἀγάπην,
1531 1217 1602 1244 κατά
1620 1217 1670 1253 τὴν
1683 1217 1733 1251 τῆς
1754 1215 1874 1250 Ἐκκλη-

1082 1264 1143 1296 cia;
1162 1263 1307 1296 ἀπόλυσιν,
1326 1263 1367 1295 είς
1383 1263 1534 1299 μετάληψιν
1550 1263 1634 1299 ἄρτου
1650 1262 1698 1290 καὶ
1713 1263 1799 1294 οῐνου,
1813 1262 1863 1289 ἀλλ

1083 1309 1176 1336 ἀθετεῖ
1203 1309 1325 1341 τούτους,
1350 1309 1398 1336 καὶ
1414 1310 1609 1344 συγκοινωνεῖν
1634 1308 1696 1344 μετ’
1711 1308 1805 1335 αὐτῶν
1821 1316 1871 1334 κα-

1082 1356 1223 1393 λούμενος,
1248 1358 1299 1386 οὐκ
1314 1358 1439 1393 ἀνέχοιτο
1459 1358 1492 1385 δι’
1507 1358 1672 1394 ὑπεροψίαν
1690 1357 1706 1392 ἢ
1724 1357 1770 1384 τὸν
1786 1356 1870 1384 πλου-

1081 1402 1182 1430 τοῦντα
1200 1403 1269 1438 μετά
1294 1403 1468 1436 δικαιοσύνης
1495 1404 1542 1431 καὶ
1569 1403 1697 1435 εὐποιίας
1719 1402 1868 1435 ἑξουθενεῐ·

1082 1448 1098 1483 ἢ
1114 1448 1162 1475 καὶ
1175 1448 1222 1476 τὸν
1241 1450 1358 1485 σηρικὴν
1372 1449 1475 1484 ἐσθῆτα
1489 1450 1624 1485 φοροῦντα
1648 1449 1787 1483 φαυλίζει,
1807 1448 1868 1481 ξένα

1081 1493 1143 1520 τινὰ
1157 1493 1239 1525 αύτδς
1263 1494 1379 1521 ἐπινοῶν
1394 1495 1590 1530 ἀμφιάσματα.
1608 1495 1646 1526 ὡς
1664 1495 1697 1521 ὲκ
1714 1494 1820 1521 τούτων
1831 1494 1870 1520 δι-

1082 1539 1226 1567 καιοῦσθαι
1255 1540 1380 1575 οίόμενος
1392 1548 1398 1556 ’
1416 1540 1433 1576 ἢ
1450 1541 1497 1568 καὶ
1518 1541 1646 1575 γυναῖκές
1659 1550 1734 1572 τινες
1751 1541 1778 1567 εί
1794 1540 1869 1576 εὑρί-

1083 1594 1191 1613 σκοιντο
1206 1585 1322 1622 ἀνδρικὰ
1341 1586 1437 1621 ίμάτια
1463 1587 1693 1622 περιδαλλόμεναι
1709 1587 1756 1613 ἐπὶ
1783 1595 1869 1614 καταο

1083 1631 1186 1659 πτώσει
1203 1632 1252 1666 τῆς
1267 1631 1361 1667 κοινῆς
1385 1633 1440 1659 τῶν
1465 1632 1605 1666 γυναικῶν
1631 1633 1808 1667 ἀμφιάσεως,
1823 1633 1869 1659 καὶ

1083 1675 1120 1707 ὡς
1134 1676 1166 1703 ἐκ
1181 1675 1283 1703 τούτων
1294 1676 1416 1712 οἰόμεναι
1431 1677 1530 1712 σεμναὶ
1544 1677 1633 1704 δοκεῖν
1648 1685 1679 1704 τε
1695 1677 1743 1704 καὶ
1753 1677 1868 1704 δίκαιαι·

1084 1721 1100 1756 ἢ
1115 1721 1169 1748 τῶν
1193 1722 1266 1750 ίδίων
1281 1722 1398 1758 ἀνδρῶν,
1416 1722 1455 1754 ὡς
1477 1724 1524 1750 τὸν
1540 1723 1628 1758 γάμον
1644 1723 1868 1757 βδελυσσόμεναι,

1083 1767 1300 1802 διαξεύγνυνται,
1314 1768 1331 1805 ἢ
1345 1769 1380 1796 τὰ
1393 1769 1482 1797 οίκιῖα
1495 1769 1577 1796 τέκνα
1600 1768 1868 1804 καταλιμπάνουσαι,

1084 1814 1131 1841 καὶ
1147 1813 1186 1850 μὴ
1204 1814 1436 1850 τεκνοτροφοῦσαι
1461 1815 1558 1848 ταῦτα,
1574 1815 1623 1842 καὶ
1643 1815 1673 1842 τὸ
1687 1815 1749 1842 ὅσον
1766 1815 1810 1841 ἐπ’
1824 1815 1869 1842 αὖα

1084 1860 1146 1891 ταῖς
1168 1860 1236 1895 πρὸς
1252 1859 1407 1888 θεοσέϐειαν
1424 1860 1474 1896 τὴν
1493 1861 1686 1896 προσήκουσαν
1702 1860 1869 1894 ὑπαλείφον-

1086 1913 1142 1937 σαι,
1163 1905 1232 1932 ἀλλά
1257 1905 1393 1940 προφάσει
1409 1906 1554 1942 ἀσκήσεως
1579 1905 1732 1940 ἀμελοῦσαι
1753 1906 1867 1933 τούτων·

1086 1949 1133 1976 καὶ
1150 1950 1201 1986 τὴν
1222 1950 1312 1986 κόμην
1325 1951 1375 1986 τὴν
1391 1951 1552 1985 γυναικείαν
1570 1951 1810 1986 -ἀποκειρόμεναι,
1831 1951 1866 1982 ὡς

1086 1996 1297 2031 ὑποκρινόμεναι
1315 1996 1481 2024 θεοσέϐειαν·
1497 1997 1514 2033 ἢ
1531 1996 1612 2024 πάλιν
1625 1996 1649 2023 εί
1667 1997 1752 2023 τέχνα
1765 1997 1867 2024 πιστῶν

1085 2041 1186 2075 γονέων
1205 2042 1402 2078 άποσκιρτῶσι,
1424 2042 1473 2078 τὴν
1489 2042 1649 2078 πρέπουσαν
1664 2042 1747 2079 τιμὴν
1761 2043 1867 2077 γονεῦσι

1087 2088 1124 2124 μὴ
1138 2088 1319 2123 ἀπονέμοντα,
1335 2088 1373 2120 ὼς
1389 2089 1586 2125 προτιμώμενα
1605 2089 1686 2123 δῆθεν
1707 2090 1759 2125 τὴν
1775 2089 1867 2124 ,θεοσέ-

1086 2134 1173 2161 σειαν·
1188 2135 1206 2170 ἢ
1223 2134 1247 2161 εί
1259 2134 1424 2170 παρασαίνει
1440 2144 1481 2168 τις
1496 2135 1546 2168 τὰς
1563 2135 1791 2170 παραδεδομένας
1803 2136 1866 2170 ἡμῖν

1087 2179 1225 2214 νηστείας,
1242 2180 1289 2207 καὶ
1306 2181 1404 2207 κοινῶν
1419 2180 1471 2208 ὑπὸ
1487 2180 1538 2216 τῆς
1556 2181 1720 2216 Ἐκκλησίας
1739 2181 1867 2215 φυλάττε-

1088 2225 1150 2253 σθαι
1163 2225 1426 2263 νενομοθετημένας,
1444 2226 1495 2262 τὴν
1514 2227 1658 2262 Κυριακὴν
1688 2227 1704 2262 ἢ
1718 2228 1749 2253 τδ
1763 2227 1867 2254 Σάϐϐα-

1085 2279 1131 2298 τον
1150 2272 1268 2307 αἱρεῖται
1284 2272 1436 2307 νηστεύειν·
1453 2272 1533 2308 ἢτὰς
1557 2272 1611 2299 τῶν
1630 2272 1777 2308 μαρτύρων
1811 2282 1867 2299 συν-

1086 2317 1173 2351 άξεις,
1197 2318 1242 2344 καὶ
1257 2318 1306 2349 τὰς
1327 2318 1356 2344 ὲν
1372 2317 1468 2350 αὑταῖς
1483 2319 1626 2353 γινομένας
1641 2319 1814 2354 λειτουργίας
1832 2320 1866 2351 ὠς

1086 2363 1261 2399 ὑπερήφανος
1273 2363 1426 2391 διαδάλοιτο
1451 2364 1498 2391 καὶ
1515 2364 1682 2399 βδελύττοιτο
1692 2373 1698 2380 ·
1711 2366 1738 2392 εί
1751 2374 1793 2398 τις
1807 2366 1866 2399 γοῦν

1085 2410 1118 2436 ὲκ
1133 2409 1186 2436 τῶν
1197 2408 1301 2437 ἄνωθεν
1313 2409 1455 2445 ἀπηριθμη
1460 2409 1549 2445 μένων
1561 2410 1714 2445 εὑρίσκοιτό
1728 2420 1754 2438 τι
1774 2412 1865 2443 ποιῶν,

1085 2456 1123 2486 ὡς
1138 2456 1373 2492 κατεπαιρόμενος
1388 2456 1443 2483 τῶν
1458 2457 1649 2492 ἁφελεστέρως
1664 2457 1807 2492 βιούντων,
1823 2458 1866 2484 καὶ

1085 2501 1149 2533 τοὺς
1180 2501 1427 2537 ἐκκλησιαστικοὺς
1459 2502 1638 2537 παραϐαίνων
1665 2503 1796 2538 θεσμοὺς,
1823 2502 1867 2530 καὶ

1085 2547 1249 2581 καινισμοὺς
1265 2547 1385 2581 είσάγων
1401 2547 1432 2581 ἐξ
1461 2548 1530 2580 ιδίας
1556 2548 1707 2584 ὑπεροψίας
1723 2556 1731 2565 ⁸
1745 2549 1867 2585 ἀνάθεμα

1085 2592 1166 2620 ἔστω.
1186 2591 1219 2620 Ἦ
1234 2592 1288 2627 γὰρ
1299 2592 1449 2628 Ἐκκλησία
1463 2593 1511 2620 καὶ
1526 2593 1677 2628 παρθενίαν
1692 2595 1764 2629 μετὰ
1777 2604 1868 2622 ταπει-

1085 2638 1252 2674 νοφροσύνης
1266 2638 1413 2673 θαυμάζει,
1437 2638 1484 2665 καὶ¹
1518 2639 1693 2674 ἀναχώρησιν
1715 2639 1770 2666 τῶν
1793 2641 1868 2674 ἐγκο-

1086 2685 1174 2720 σμίων
1193 2684 1363 2720 πραγμάτων
1377 2683 1508 2715 ὡσαύτως
1526 2684 1673 2718 γινομένην
1697 2685 1866 2721 ἀποδέχεται,

1085 2732 1134 2758 καὶ
1159 2730 1321 2766 ἐγκράτειαν
1349 2729 1419 2764 μετὰ
1444 2729 1609 2765 σεμνότητος
1639 2730 1686 2756 καὶ
1700 2730 1866 2763 θεοσεϐείας,

1086 2776 1132 2803 καὶ
1143 2775 1245 2811 σεμνὴν
1260 2776 1393 2810 διοίκησιν
1406 2776 1496 2810 γάμου
1511 2776 1590 2810 τιμᾷ,
1606 2775 1654 2802 καὶ
1670 2776 1787 2802 πλοῦτον
1802 2777 1866 2812 μετᾶ

1085 2822 1259 2856 δικαιοσύνης
1272 2821 1318 2849 καὶ
1328 2821 1451 2853 εὐποιίας
1461 2821 1511 2848 οῦκ
1523 2820 1667 2854 ἐξουθενεί,
1681 2822 1728 2847 καὶ
1740 2821 1866 2856 λιτότητα

1059 2910 1066 2913 1
1087 2867 1132 2910 καὶ
1159 2867 1297 2895 εὐτέλειαν
1311 2867 1513 2911 ἀμφιασμάτιιψ
1587 2866 1632 2910 διά
1645 2875 1740 2903 τυφον,
1754 2867 1821 2896 ἀλλὰ
1834 2868 1866 2895 δι’
