1935 3081
127 151 209 185 1281-

692 151 733 182 lN
751 151 835 182 CAN.
856 151 887 182 ῙῙ
907 151 1014 184 CONC.
1033 151 1062 182 II
1079 152 1256 183 ANTIOCH.

1691 154 1760 188 1232

124 211 204 245 ἀξίαν
220 211 368 247 μετάνοιαν
384 211 455 246 μετὰ
470 210 694 246 ἐξομολογήσιως
720 209 914 243 ἐπιδείξωνται.

971 210 1080 246 dignam
1095 219 1157 239 cum
1177 211 1349 240 confessmnc
1371 214 1560 249 paenitentiam
1579 213 1762 242 ostenderint.

132 257 210 284 Ἐπεὶ
223 258 252 285 δὲ
275 258 350 289 εῑκδς
360 255 406 293 ἣν,
418 258 475 289 τοῖς
489 257 577 287 οὕτως
603 257 776 292 ἀφορισθεῖσι
804 263 915 290 συγκοι-

129 304 226 330 νωνεῖν
247 312 336 336 τινας,
350 304 436 339 ἤγουν
463 303 653 338 συνεύχεσθαι.
676 302 739 338 οὐχὶ
768 302 796 329 ὲν
812 302 846 337 τῇ
869 302 917 328 ὲκ-

126 348 238 385 κλησίᾳ,
256 349 302 385 ἀφ’
317 346 350 386 ἧς
363 349 560 385 ἐξεϐλήθησαν,
571 349 629 376 ἀλλ’
642 350 671 376 ἐν
684 348 823 383 εὐκτηρίῳ
836 347 917 384 οἴκῳ,

125 396 142 432 ἢ
167 398 196 423 ἐν
210 396 293 432 ἑτέρᾳ.
306 395 450 431 ἐκκλησίᾳ,
470 396 518 422 καὶ
531 396 623 430 λέγειν
642 395 837 430 ἀνεπιτίμητον
847 391 918 421 εἰναι

124 442 215 475 τοῦτο,
247 442 285 474 ὡς
309 441 356 469 τοῦ
369 442 565 477 ἀφορισθέντος
595 441 650 469 ἀπὸ
678 442 744 477 μιᾶς
767 440 917 476 ἐκκλησίας

124 488 205 523 δῆθεν
219 488 391 523 διωχθέντος,
407 487 457 522 τῆς
469 487 522 514 ὑπδ
532 488 566 515 τὰ
578 487 671 514 δίκαια
689 486 774 522 οὔσης
801 486 849 514 τοῦ
865 487 917 521 ἀφ-

116 524 279 570 ὀρίσαντος,
294 534 376 569 φησὶν
393 534 407 560 ό
426 533 517 560 κανὼν
532 533 597 569 μίαν
613 533 761 569 ἐκκλησίαν
770 531 840 560 εἶναι
854 534 917 565 τοὺς

124 579 293 615 ὁπουδήποτε
307 579 387 612 ὄντας
401 579 563 614 εὐκτηρίους
575 578 668 611 οἴκους
688 579 737 605 καὶ
748 578 841 610 ναούς.
860 579 916 606 Kal

124 625 175 652 οὐκ
189 625 328 660 ὀφείλουσι
346 634 419 657 τινες
431 626 558 663 κληρικοὶ
575 625 644 661 μετὰ
658 624 705 653 τοῦ
722 625 917 660 ἀφορισθέντος

127 671 317 707 συνεύχεσθαι,
347 672 399 699 κᾶν
414 672 469 700 ἀπὺ
491 673 588 709 ἐτέρας
601 669 668 700 ὦσιν
697 672 824 707 ὲνορίαςο
851 672 916 704 τοὺς

125 716 154 744 δὲ
172 718 248 753 παρά
275 717 364 745 ταῦτα
392 718 537 750 ποιοῦντας
565 717 605 754 τῷ
616 717 691 752 αὐτῷ
721 717 853 753 ἐπιτιμίῳ
865 717 916 752 τῆς

124 764 323 800 ἀκοινωνησίας
350 765 615 792 καθυποϐάλλεσθαι.
647 765 703 792 Καὶ
725 764 759 792 τὰ
790 764 841 800 μὲν
866 763 914 791 τοῦ

123 810 236 842 κανόνος
255 811 284 837 ὲν
309 810 427 842 τούτοις.
449 811 486 838 Σὺ
510 811 539 837 δὲ
566 810 705 845 ἀνάγνωθι
734 810 768 837 τὰ
796 811 825 837 ἑν
854 811 912 841 τοῖς

125 856 248 891 ῥηθεῖσιν
278 857 467 888 ἁποστολικοίς
494 856 588 883 κανόσι
602 855 754 891 γραφέντα,
781 855 830 882 καὶ
851 855 914 882 κατ’

126 902 218 928 ικεῖνα
247 903 304 928 νόει
320 902 367 928 καὶ
387 902 440 933 ,τὸν
473 903 596 937 παρόντα
623 901 737 934 κανόνα,
765 900 813 927 καὶ
851 900 912 926 εἰπὲ

122 948 164 975 ὅτι
185 947 216 974 οὐ
233 947 449 986 ’λογισθήσονται
488 947 728 983 ἀποστρεφόμενοι
753 947 804 982 τὴν
830 946 912 980 ἁγίαν

125 994 277 1030 μετάληψιν
288 995 313 1021 οἰ
323 994 525 1030 μυσαττόμενοι
537 993 634 1029 αὐτὴν,
646 993 675 1029 ἢ,
689 993 727 1024 ὥς
741 1001 813 1024 τινες
823 989 911 1026 εἷπον,

124 1041 151 1068 oi
167 1040 202 1068 δι’
215 1041 361 1068 εὐλάϐειαν
380 1040 428 1068 καὶ
440 1039 692 1075 ταπεινοφροσύνην
707 1039 912 1074 ἀποφεύγοντες

123 1087 226 1122 ταύτην
242 1087 276 1123 (οί
295 1086 345 1122 μὲν
372 1086 426 1122 γὰρ
438 1087 469 1113 οὐ
486 1086 567 1121 μόνον
582 1085 828 1122 ἀφορισθήσονται,
843 1085 912 1113 ἀλλὰ

123 1134 171 1160 καὶ
187 1132 464 1169 ἀποκηρυχθήσονται
479 1132 516 1164 ὡς
539 1131 688 1169 αἱρετικοί·
705 1132 730 1158 oi.
741 1131 769 1158 δὲ
790 1131 914 1167 συγγνώο

125 1188 180 1215 μης
201 1179 400 1214 ἁξιωθήσονται
413 1178 458 1206 διὰ
479 1179 528 1214 τὴν
544 1178 694 1206 εὐλάϐειαν
721 1178 768 1205 καὶ
794 1178 844 1214 τὴν
872 1178 913 1210 είς

123 1227 158 1252 τὰ
189 1226 256 1260 am
284 1226 364 1260 ἀξίαν
393 1225 488 1262 φειδὼ)
505 1225 564 1253 ἀλλ’
592 1226 694 1261 ἐκεῖνοι
727 1225 827 1256 οἵτινες
855 1225 912 1251 ἀπὸ

123 1272 357 1308 καταφρονήσεως
371 1273 418 1299 καὶ
433 1271 595 1305 ἀλαζονείας
609 1271 664 1299 ἀπὸ
688 1271 737 1307 τῆς
763 1270 913 1306 ἐκκλησίας

123 1319 280 1355 ἐξέρχονται
295 1318 349 1355 πρὸ
370 1319 421 1355 τῆς
438 1318 520 1354 ἁγίας
534 1317 711 1354 μεταλήψεως
724 1317 911 1350 ἀσυντάκτως,

102 1376 105 1380 ν
123 1365 215 1397 καὶ,οὑ
230 1364 412 1400 καρτεροῦσιν
435 1365 498 1391 ίδείν
513 1364 562 1400 τὴν
574 1363 628 1391 τῶν
641 1363 728 1398 ἁγίων
753 1363 912 1400 μυστηρίων

124 1410 200 1438 θείαν
222 1411 384 1447 μετάληψιν,
407 1411 528 1438 Ἀκούων
540 1410 568 1437 δὲ
594 1410 641 1437 τοῦ
656 1410 769 1442 κανόνος
783 1409 911 1444 λέγοντος

124 1456 324 1493 ἁκοινωνήτους
346 1455 418 1483 εἶναι
442 1457 506 1488 τοὺς
531 1456 699 1488 ἐπισκόπους
724 1455 773 1482 καὶ
800 1454 912 1487 λοιποὺς

123 1503 290 1538 ῑερωμένους
301 1503 365 1535 τοὺς
393 1503 608 1538 συνευχομένους
629 1503 686 1534 τοῖς
704 1502 911 1537 ἁκοινωνήτοις,

124 1548 163 1583 μὴ
178 1549 259 1584 εἴπῃς
283 1549 313 1582 ἐξ
334 1548 540 1584 antemnam;
568 1549 732 1580 ἀνευθύνους
757 1547 827 1575 εἶναι
847 1549 912 1580 τοὺς

122 1595 232 1627 λαῖκοὺς
248 1594 325 1630 παρὰ
335 1595 380 1622 τὸν
397 1595 498 1622 κανόνα
515 1594 670 1626 ποιοῦντας.
693 1595 749 1622 Καὶ
768 1590 842 1622 οὗτοι
855 1594 911 1631 γὰρ
926 1607 949 1637 c

122 1639 355 1676 ἁφορισθήσονται
389 1639 460 1667 κατὰ
479 1640 526 1666 τὺν
554 1638 570 1666 ι’
590 1639 769 1667 ἀποστολικδν
797 1640 911 1674 κανόνα,

121 1687 168 1714 τὸν
182 1685 221 1721 μὴ
234 1686 425 1713 διαστέλλοντα
440 1685 591 1722 κληρικοὺς
607 1686 654 1713 καὶ
677 1687 802 1718 λαῖκοῠς.
831 1687 914 1722 Ζήτει

123 1731 171 1758 καὶ
185 1731 229 1758 τὸν
241 1729 264 1756 θ’
291 1731 391 1758 κανόνα
405 1732 454 1765 τῆς
472 1732 500 1757 ὲν
517 1731 681 1767 Καρθαγένῃ
709 1731 833 1758 συνόδου.
862 1731 913 1759 Διὰ

123 1776 172 1812 τὴν
187 1775 313 1811 ἀπειλὴν,
329 1775 365 1808 ὡς
381 1775 465 1807 ἔοικε,
488 1776 535 1802 τοῦ
549 1775 574 1810 η’
597 1785 658 1803 καν.
669 1777 716 1803 καὶ
733 1775 756 1803 θ’
764 1777 818 1803 τῶν
829 1776 915 1811 ἁγίων

123 1822 292 1854 ἀποστόλων,
311 1822 351 1848 ἔτι
376 1821 484 1849 καὶτοῦ
500 1822 631 1857 παρόντος
647 1822 793 1858 ἐπενοήθη,
808 1822 914 1854 ὼςέοι⁴

126 1877 184 1900 κεν,
201 1867 277 1903 ήτσῦ
303 1866 453 1903 ἀντιδώρου
471 1867 588 1899 διάδοσις
599 1875 607 1883 ⁸
628 1867 697 1894 ὥστε
711 1869 857 1904 καρτερεῖν
885 1868 914 1902 ei

124 1915 247 1950 ἀνάγκης
263 1915 311 1942 καὶ
328 1915 429 1946 αὐτοὺς
439 1914 503 1946 τοὺς
518 1913 556 1949 μὴ
564 1914 732 1949 δυναμένους
747 1914 915 1949 μεταλαϐεῖν

124 1961 177 1988 τῶν
193 1961 336 1996 ὰχράντων
354 1959 514 1996 μυστηρίων
531 1952 611 1995 μέχρι
626 1960 676 1995 τῆς
694 1959 777 1994 εὐχῆς
802 1960 848 1986 καὶ
865 1959 914 1995 τῆς

124 2005 293 2038 ἀπολύσεως·
314 2005 356 2033 ἵνα
380 2005 498 2034 λάϐωσιν
516 2005 612 2032 ἐκτῶν
639 2005 739 2041 χειρῶν
772 2005 818 2032 τοῦ
841 2006 916 2041 ἱερα-

123 2050 270 2083 τεύσαντος
297 2051 347 2086 τὴν
368 2050 494 2085 εὐλογίαν
523 2049 570 2077 τοῦ
593 2050 761 2085 ήγιασμένου
789 2050 914 2084 κλάσμα-

124 2106 179 2130 τος.
202 2098 266 2125 Ἐπὶ
283 2096 334 2132 τῆς
359 2096 530 2132 λειτουργίας
547 2096 575 2123 δὲ
599 2096 646 2123 καὶ
671 2096 755 2131 μόνης
781 2097 836 2124 νόει
851 2096 916 2131 ιδιο-

128 2143 253 2180 ρίζεσθαι
278 2143 365 2170 ταῦτα
392 2143 457 2174 τοὺς
480 2142 614 2179 ῥηθέντας
638 2142 770 2174 κανόνας·
798 2142 829 2169 οὺ
860 2141 914 2177 μὴν

125 2190 172 2216 ἐπὶ
183 2189 239 2216 τῶν
256 2189 358 2225 ἐτέρων
375 2187 615 2223 ἐκκλησιαστικῶν
628 2186 807 2214 ἀκολουθιῶν.
836 2187 914 2214 Ἐπεὶ

125 2233 154 2260 δὲ
180 2233 291 2268 λέγουσί
315 2241 399 2266 τινες,
417 2233 473 2259 Καὶ
483 2232 526 2259 διὰ
537 2231 563 2258 τί
579 2233 593 2259 ὁ
606 2231 796 2266 οίκουμενικὺς
816 2240 914 2267 πατρι-

969 256 1036 290 Quia
1048 260 1137 285 autem
1152 257 1302 286 verisimile
1317 264 1386 292 erat,
1404 260 1449 292 iis,
1465 260 1513 295 qui
1529 260 1569 287 sic
1588 264 1651 288 sunt
1667 268 1763 295 segre-

969 302 1036 337 gati.
1046 304 1247 331 communicare
1257 305 1400 338 quosdam,
1412 312 1459 334 seu
1471 312 1524 333 una
1536 313 1597 333 cum
1610 307 1739 335 eislorare
1753 316 1761 340 ;

969 355 1022 374 non
1046 347 1071 374 in
1088 348 1215 382 ecclesia,
1230 357 1262 377 ex
1280 356 1333 384 qua
1355 349 1437 385 ejecti
1452 354 1528 383 sunt,
1549 350 1598 378 sed
1613 350 1640 378 in
1655 351 1762 385 privato

970 392 1066 421 domus
1080 393 1202 421 oratorio
1215 414 1223 428 ,
1241 394 1283 422 vel
1299 394 1326 421 in
1349 395 1401 422 alia
1423 394 1552 427 ecclesia,
1569 399 1597 422 et
1619 395 1710 423 dicere
1726 397 1762 424 ob

969 437 1022 466 hoc
1039 445 1147 473 poenam
1163 439 1190 466 in
1214 447 1243 467 se
1266 447 1318 467 non
1336 440 1445 472 cadere,
1461 447 1495 468 eo
1511 442 1583 474 quod
1604 446 1763 476 segregatus

969 484 1005 511 sit
1024 484 1059 512 ab
1074 492 1128 512 una
1146 485 1261 513 ecelesia
1275 486 1389 520 ejectus,
1407 486 1436 514 in
1451 494 1502 520 qua
1514 487 1560 522 jus
1577 487 1660 515 habet
1677 488 1700 515 is
1714 487 1762 522 qui

969 537 1030 557 eum
1043 532 1197 567 segregavit
1217 540 1225 560 :
1240 531 1306 560 dicit
1322 540 1409 560 canon
1430 540 1510 560 unam
1528 540 1589 562 esse
1603 533 1761 567 ecclesiam,

969 577 1090 604 oratoria
1102 583 1129 605 et
1143 578 1254 613 templa,
1274 579 1428 614 ubicunque
1444 583 1518 613 sunt,
1535 586 1586 607 nec
1599 579 1699 608 debent
1713 580 1760 607 ulli

967 622 1059 651 clerici
1075 631 1135 651 cum
1159 631 1202 657 co,
1223 625 1269 659 qui
1289 631 1330 653 est
1351 632 1521 662 segregatus,
1546 633 1637 659 orare,
1651 627 1760 655 etiamsi

967 669 1024 695 sint
1040 675 1073 696 ex
1089 668 1142 695 alia
1159 669 1292 704 regione:
1311 670 1329 697 ii
1346 678 1447 704 autem,
1470 671 1515 706 qui
1533 677 1632 706 praeter
1648 671 1705 699 haec
1718 672 1760 699 [ιι-

967 713 1043 740 ciunt
1054 712 1140 741 eidem
1155 715 1445 744 excommunicationis
1461 723 1549 750 poenae
1561 716 1756 751 subjiciuntur.

967 759 1002 786 Et
1023 759 1080 786 hate
1094 759 1204 794 quidem
1221 760 1287 789 dicit
1300 769 1399 789 canon.
1418 761 1459 789 Tu
1472 766 1564 789 autem
1580 763 1639 798 lege
1654 771 1714 797 quae
1731 764 1757 790 in

970 805 1052 832 dictis
1071 805 1230 841 apostolicis
1245 807 1395 835 canonibus
1409 808 1510 842 scripta
1528 813 1601 841 sunt,
1615 813 1642 836 et
1660 815 1759 835 secun-

966 850 1030 878 dum
1056 850 1100 878 illa
1119 856 1282 885 praesentem
1302 860 1411 888 quoque
1423 861 1557 881 canonem
1584 854 1716 889 intellige,
1731 859 1759 882 et

966 896 1020 928 dic,
1038 897 1110 931 quod
1132 897 1151 925 ii
1169 905 1222 925 non
1242 899 1471 927 existimabuntur
1487 907 1592 927 sacram
1609 901 1759 935 participa-

930 929 950 956 B
968 942 1068 970 tionem
1083 944 1216 977 aversari,
1232 944 1277 978 qui
1289 952 1349 971 eam
1366 945 1428 972 odio
1444 945 1546 973 habent
1560 951 1587 972 et
1599 946 1760 974 abominan-

968 992 1009 1015 tur
1023 997 1030 1022 ;
1045 989 1086 1017 vel
1099 990 1156 1025 qui,
1169 993 1199 1018 ut
1212 990 1337 1017 nonnulli
1350 991 1488 1024 dicebant,
1503 996 1612 1026 propter
1628 992 1758 1026 pietatem

966 1039 994 1063 et.
1020 1035 1201 1064 humilitatem
1232 1044 1292 1064 eam
1317 1036 1423 1071 I'ugiunt
1440 1037 1490 1072 (illi
1501 1038 1584 1072 (enim
1594 1045 1646 1065 non
1670 1038 1759 1066 solum

967 1082 1193 1116 segregabuntur,
1208 1083 1255 1110 sed
1267 1083 1348 1110 etiam
1360 1088 1389 1110 ut
1404 1083 1523 1111 hmretici
1533 1084 1759 1113 exterminabun-

967 1131 1012 1154 tur
1026 1136 1034 1161 ;
1056 1128 1081 1155 bi
1095 1135 1170 1161 vero,
1187 1135 1300 1165 propter
1314 1129 1440 1165 pietatem
1454 1134 1480 1157 ct
1496 1132 1658 1166 condignam
1668 1139 1760 1161 sacra-

967 1179 1119 1202 mentorum
1147 1175 1328 1203 reverentiam
1345 1176 1422 1202 venia
1446 1177 1518 1211 digni
1540 1177 1724 1213 habebuntur)
1747 1186 1757 1208 :

966 1219 1014 1246 sed
1028 1219 1078 1252 illi,
1094 1220 1140 1255 qui
1155 1227 1210 1255 prae
1226 1225 1382 1256 contemptu
1398 1227 1425 1250 et
1439 1222 1596 1258 arrogantia
1618 1230 1653 1251 ex
1669 1224 1758 1252 eccle-

966 1265 1005 1293 sia
1017 1269 1080 1292 ante
1093 1271 1216 1294 sanctam
1232 1267 1468 1302 participationem
1481 1268 1634 1296 inordinate
1645 1274 1756 1303 exeunt,

967 1319 1017 1340 nec
1028 1319 1136 1340 sacram
1148 1313 1301 1341 divinorum
1315 1315 1506 1349 mysteriorum
1521 1316 1757 1351 participationem

967 1358 1067 1386 intueri
1081 1358 1228 1387 sustinent.
1238 1359 1308 1387 Cum
1322 1364 1410 1387 autem
1425 1361 1503 1388 audis
1518 1369 1651 1390 canone-ut
1665 1363 1758 1391 dicen-

967 1407 1040 1437 tem,
1063 1411 1124 1432 esse
1147 1405 1397 1434 excommunicatos
1422 1407 1564 1442 episcopos
1589 1412 1616 1434 et
1637 1408 1757 1443 reliquos

966 1450 1053 1478 sacris
1069 1449 1202 1483 initiatos,
1216 1451 1261 1486 qui
1276 1459 1328 1479 una
1346 1459 1407 1479 cum
1425 1454 1670 1481 excommunicatis
1692 1461 1755 1489 pre.

966 1499 1080 1529 cantur;
1097 1503 1131 1524 ne
1150 1496 1264 1530 dixeris,
1280 1503 1439 1533 argumento
1453 1505 1468 1525 a
1480 1500 1620 1527 contrario
1634 1505 1757 1534 sumpto,

967 1540 1053 1569 laicos
1066 1541 1134 1569 nulli
1150 1550 1209 1570 esse
1223 1551 1311 1578 poenae
1325 1544 1432 1577 attines,
1447 1545 1492 1579 qni
1508 1550 1607 1579 praeter
1621 1553 1757 1574 canonem

967 1586 1082 1615 faciunt.
1104 1587 1171 1615 Nam
1189 1593 1216 1616 et
1236 1588 1255 1616 ii
1274 1589 1493 1624 segregabuntur
1506 1591 1656 1618 secundant
1678 1591 1756 1619 deci-

966 1640 1038 1660 Ilum
1055 1641 1185 1661 canonem
1202 1634 1393 1668 apostolicum,
1407 1635 1454 1670 qui
1471 1643 1523 1664 non
1542 1636 1686 1671 distinguit
1700 1636 1757 1664 (le-

965 1678 1037 1707 ricos
1056 1683 1084 1707 et
1101 1679 1195 1706 laicos.
1213 1679 1311 1713 Quaere
1329 1684 1356 1707 et
1370 1689 1473 1708 nonum
1491 1689 1625 1710 canonem
1639 1682 1758 1711 Cartha-

964 1725 1096 1760 giniensis
1112 1726 1220 1762 synodi.
1238 1726 1355 1762 Propter
1369 1728 1473 1761 minas,
1490 1733 1520 1756 ut
1538 1729 1688 1757 verisimile
1701 1735 1756 1763 est.

964 1778 1098 1800 canonum
1122 1772 1140 1800 8
1163 1777 1190 1800 et
1212 1773 1228 1800 9
1251 1778 1409 1801 sanctorqu
1434 1775 1618 1809 apostolorum
1644 1781 1671 1803 et
1689 1784 1758 1811 pra-

965 1818 1050 1845 sentis
1069 1818 1162 1852 etiam,
1185 1820 1337 1854 excogitata
1363 1823 1416 1852 est,
1442 1825 1472 1847 ut
1489 1821 1607 1855 videtur,
1631 1821 1756 1851 Antidori

965 1863 1140 1898 distributio;
1165 1869 1194 1892 ut
1220 1873 1331 1894 necesse
1353 1866 1496 1899 baberent,
1522 1868 1603 1895 etiam
1629 1869 1675 1904 qui
1701 1876 1756 1896 non

966 1915 1079 1945 possunt
1094 1911 1295 1938 incruentorunt
1311 1913 1508 1940 sacriﬁciorum
1521 1913 1668 1949 participes
1681 1922 1755 1948 esse,

966 1963 1051 1990 usque
1063 1957 1097 1983 ad
1113 1963 1207 1992 preces
1221 1962 1249 1984 et
1263 1957 1462 1985 absolutionem
1479 1966 1676 1993 perseverare;
1696 1965 1725 1988 nt
1740 1968 1757 1989 e

967 2000 1093 2028 manibus
1120 2007 1199 2028 sacra
1229 2002 1385 2036 peragentis
1412 2003 1575 2030 sanctiticati
1608 2002 1756 2039 i‘ragmenti

965 2045 1182 2073 benedictionem
1195 2046 1364 2081 acciperent.
1379 2046 1416 2074 De
1430 2047 1538 2081 liturgia
1554 2052 1654 2081 autem,
1669 2056 1756 2084 eaque

966 2091 1023 2119 sola
1049 2091 1136 2118 dictos
1158 2098 1278 2119 canones
1296 2091 1355 2119 haec
1369 2092 1524 2120 decrevisse
1544 2093 1682 2130 intellige,
1702 2102 1756 2122 non

966 2139 1030 2165 item
1049 2137 1082 2165 de
1099 2137 1160 2166 aliis
1177 2137 1373 2166 ecclesiasticis
1390 2137 1498 2166 oﬂiciis.
1515 2138 1649 2172 Quoniam
1663 2145 1755 2168 autem

966 2185 1059 2212 dicunt
1071 2185 1192 2220 quidam,
1203 2189 1230 2212 et
1241 2184 1417 2219 quamobrem
1431 2184 1583 2219 patriarcha
1598 2185 1679 2221 432
1695 2187 1756 2214 uni-

968 2230 1081 2259 versalis
1103 2235 1196 2258 sancta
1219 2230 1359 2258 Dominica
1375 2238 1390 2257 a
1414 2229 1472 2257 loco
1485 2230 1544 2265 ejus
1559 2233 1686 2266 prodiens
1701 2240 1755 2260 non

125 2279 215 2315 ἁρχης
232 2279 283 2315 τὴν
302 2279 384 2314 ἁγίαν
416 2278 561 2314 Κυριακὴν
589 2278 756 2313 προκύπτων
783 2278 838 2305 ἀπὸ
864 2278 911 2305 τοῦ

966 2281 1122 2313 perseverat
1149 2283 1236 2312 usque
1259 2276 1292 2303 ad
1318 2276 1434 2312 liturgia:
1457 2277 1669 2312 absolutionem,
1707 2280 1755 2307 sed

126 2324 260 2351 στασιδίου
276 2324 357 2351 αὑτοῦ
373 2324 402 2351 οὺ
420 2324 549 2359 καρτερεῖ
567 2323 649 2359 μέχρι
678 2323 728 2358 τῆς
754 2323 914 2357 ἀπολύσεως

124 2371 174 2406 τῆς
200 2370 380 2406 λειτουργίας,
401 2370 469 2397 ἀλλὰ
489 2370 558 2405 μετὰ
586 2370 616 2397 τὸ
650 2369 817 2405 Εὑαγγέλιον
844 2370 912 2397 ὑπο-

125 2416 227 2452 χωρετ;
245 2416 376 2451 τλέγομεν
403 2416 472 2451 πρὸς
501 2416 611 2447 αὐτοὺς,
643 2415 685 2442 ὅτι
700 2415 803 2450 κυρίως
819 2415 835 2449 ἡ
851 2415 912 2442 θεία

125 2462 283 2497 λειτουργία
313 2461 383 2497 μετὰ
411 2460 461 2496 τὴν
478 2459 525 2487 τοῦ
555 2461 634 2494 ἁγίου
662 2460 828 2494 Εὐαγγελίου
845 2460 912 2488 ἀνά-

126 2516 226 2542 γνωσιν
255 2507 369 2541 γίνεται.
405 2506 481 2533 Ἐπεὶ
504 2506 559 2541 γὰρ
597 2505 706 2532 ἅπαντα
732 2505 767 2533 τὰ
793 2507 822 2533 ἐν
850 2507 912 2537 ταῖς

129 2555 221 2588 ἁγίαις
237 2554 397 2588 ἐκκλησίαις
417 2553 556 2588 ψάλλομεν
574 2553 614 2584 εἰς
628 2551 707 2585 δόξαν
720 2553 768 2579 τοῦ
789 2552 868 2585 Θεοῦ,
898 2552 914 2587 ἢ

127 2602 182 2628 ἀπὸ
205 2601 260 2628 τῶν
274 2602 323 2636 τῆς
344 2600 464 2631 Παλαιᾶς
493 2600 630 2635 Διαθὴκης
649 2600 718 2627 εἰσὶν
746 2599 763 2634 ἢ
783 2599 837 2626 ἀπὸ
867 2599 917 2634 τῆς

128 2649 200 2680 Νέας
212 2656 219 2664 ·
237 2649 307 2683 μετὰ
327 2648 378 2683 τὴν
395 2647 509 2682 ἀναρξιν
524 2646 579 2682 γὰρ
590 2646 688 2672 αὐτίκα
699 2645 802 2681 ψαλμοὶ
828 2654 916 2681 στιχο-

128 2694 272 2729 λογοῦνται
293 2694 376 2730 μέχρι
403 2693 453 2728 τῆς
473 2693 519 2720 τοῦ
547 2692 708 2719 ’Δποστόλου
726 2691 914 2726 ἀναγνώσεως,

128 2743 226 2773 οἵτινες
252 2742 302 2777 τῆς
326 2741 447 2772 Παλαιᾶς
477 2740 529 2767 εἱσι
546 2740 696 2775 Διαθήκης.
727 2739 806 2766 Μετὰ
834 2739 861 2765 δὲ
884 2739 915 2765 τὸ

129 2788 297 2823 Εὐαγγέλιον
309 2788 423 2822 ἄρχεται
437 2789 453 2822 ἡ
471 2786 566 2821 τελετὴ
595 2786 644 2820 τῆς
662 2785 836 2820 λειτουργίας
866 2785 915 2820 τῆς

130 2835 338 2870 ὑπεραχράντου
362 2833 476 2864 θυσίας·
509 2832 600 2863 καλῶς
632 2833 646 2857 ὁ
663 2831 836 2866 πατριάρχης
863 2830 915 2866 πρὸ

130 2880 232 2915 ταύτης
260 2879 308 2907 καὶ
340 2878 409 2913 μετά
422 2879 453 2904 τὸ
466 2877 544 2912 ἅγιον
574 2877 742 2910 Εὑαγγέλιον
766 2877 915 2911 ὑποχωρεῖ,

133 2927 180 2954 καὶ
209 2926 239 2954 οὐ
271 2925 434 2962 προσκρούει
459 2926 514 2956 τοῖς
544 2924 665 2951 κανόσνι.
689 2923 770 2949 Ὥστε
798 2922 858 2949 οὐδέ
870 2930 913 2954 τις

963 2328 1025 2358 post
1040 2322 1214 2358 Evangelium
1235 2321 1355 2349 recedit?
1377 2322 1452 2351 hisce
1471 2322 1596 2356 dicimus,
1618 2324 1689 2359 quod
1713 2324 1755 2351 di-

965 2370 1026 2396 vina
1040 2369 1145 2403 liturgia
1159 2372 1219 2403 post.
1231 2368 1317 2395 sancti
1334 2368 1470 2403 Evangelii
1482 2369 1626 2397 lectionem
1644 2370 1754 2405 proprie

964 2414 1127 2442 celebratur.
1143 2414 1370 2449 Quandoquidem
1382 2414 1454 2441 enim
1470 2414 1497 2441 in
1514 2415 1616 2443 sanctis
1629 2415 1754 2443 ecclesiis

965 2462 1055 2490 omnia
1072 2462 1194 2489 canimus
1211 2462 1238 2489 in
1258 2461 1304 2489 Dei
1328 2461 1453 2497 gloriam,
1477 2462 1535 2490 sive
1554 2469 1569 2489 ο
1593 2461 1681 2489 Veteri
1699 2462 1755 2489 sint

965 2509 1149 2542 Testamento,
1173 2509 1230 2536 sive
1255 2515 1270 2536 e
1295 2507 1391 2541 Novo;
1415 2512 1478 2543 post.
1499 2507 1660 2542 principium
1681 2508 1753 2535 enim

964 2556 1088 2591 protinus
1105 2553 1201 2582 ordine
1223 2554 1374 2582 recitantur
1396 2553 1504 2587 psalmi,
1523 2560 1609 2586 usque
1626 2553 1659 2579 ad
1682 2552 1754 2587 Apo-

964 2601 1025 2629 stoli
1049 2600 1205 2632 lectionem,
1226 2599 1273 2635 qui
1286 2600 1394 2634 quidem
1412 2603 1475 2625 sunt
1494 2605 1527 2624 ex
1553 2597 1643 2625 Veteri
1661 2597 1756 2626 Testa-

965 2650 1067 2677 mento,
1088 2644 1339 2680 post_Evangclium
1358 2647 1447 2669 autem
1473 2642 1568 2677 incipit
1593 2643 1755 2671 czeremonia

948 2692 1120 2720 ‘celebrandi
1150 2690 1284 2719 incruenti
1314 2688 1442 2716 sacriﬁcii
1474 2695 1481 2714 :
1508 2688 1663 2723 patriarcha
1692 2695 1756 2718 ante

966 2740 1047 2771 hanc,
1065 2743 1092 2765 et
1113 2741 1173 2772 post
1193 2741 1318 2764 sanctum
1343 2733 1519 2768 Evangelium
1536 2738 1611 2761 recte
1628 2734 1754 2770 discedit,

965 2790 990 2811 et
1005 2790 1137 2811 canonem
1150 2788 1203 2808 non
1218 2777 1430 2814 transgreditur.
1442 2777 1476 2805 Ut
1488 2785 1538 2805 nec
1549 2778 1610 2813 quis
1620 2783 1756 2815 transgre-

966 2832 1048 2863 ditur,
1079 2830 1101 2856 si
1129 2832 1189 2862 post
1216 2825 1392 2860 Evangelium
1425 2824 1476 2850 vel'
1494 2816 1562 2852 ante.
1581 2823 1754 2862 Evangelimn

965 2875 1102 2907 discedit;
1126 2879 1220 2900 verum
1236 2871 1271 2898 ob
1291 2870 1473 2898 necessariam
1491 2870 1619 2906 piamque
1632 2879 1754 2906 causam,

969 2929 1024 2950 non
1044 2921 1079 2949 ob
1093 2918 1311 2954 vituperabilem.
