1935 3081
116 127 188 162 1269

659 123 700 155 ΙΝ
721 123 803 155 CAN.
824 121 864 154 ιν
883 120 990 155 CONC.
1010 122 1042 154 II
1060 124 1239 159 ANTIOCH.

1682 121 1759 158 1290.

153 193 165 212 ι
188 183 209 220 ἢ
222 180 443 220 πρισῦύτιροςῆ
463 179 588 213 διάκονος
603 180 658 207 ὑπὸ
681 179 729 208 τοῦ
753 178 822 206 ιδίου
847 178 908 205 ἐπι-

1002 188 1012 206 ι
1029 180 1160 210 diaconus
1175 190 1190 211 ι
1207 182 1318 219 proprio
1333 181 1462 218 episcopo
1480 179 1631 216 depositus,
1647 177 1751 213 aliquid

154 240 173 260 ιι
185 230 299 263 cmi-nou,
315 229 478 264 τολμήσειεν
490 237 517 255 τι
538 227 640 263 πρᾶξαι
657 227 707 262 τῆς
721 225 911 261 λειτουργίας,

154 288 164 305 ι
186 278 244 305 εἴτε
262 279 277 305 ὁ
291 277 441 308 ἐπίσκοπος
468 275 541 303 κατὰ
564 273 615 310 τὴν
633 273 810 309 προάγουσαν
848 280 910 300 συν-

154 333 164 350 ι
187 323 296 359 ήθειαν,
330 322 386 349 stu
408 322 423 348 ὁ
454 319 652 357 πρεσϐύτερος,
667 320 723 346 εῖτε
740 318 755 344 ό
774 317 908 348 διάκονος.

157 378 167 395 ι
190 369 290 405 μηκέτι
306 368 365 401 ἐξὸν
382 366 453 394 εἶναι
477 366 552 402 αὐτῷ
573 366 635 401 μηδ’
650 366 680 392 ἐν
702 364 785 400 ἑτέρᾳ
805 362 910 398 συνόδῳ

161 426 170 443 ι
190 416 285 444 ἐλπίδα
298 413 562 445 ἀποκαταστάσεως,
575 412 644 448 μήτε
653 409 805 444 ἀπολογίας
814 408 908 444 χώραν

154 475 164 492 ι
186 464 270 500 ἔχειν.
279 461 360 488 Ἀλλὰ
372 460 421 488 καὶ
431 460 495 491 τοὺς
507 457 706 488 κοινωνοῦντας
722 456 797 492 αὐτῷ
806 455 910 487 πάντας

154 521 164 538 ι
186 509 388 542 ἀποδάλλεσθαι
412 506 464 542 τῆς
493 504 670 540 Ἐκκλησίας,
699 503 748 530 καὶ
780 501 909 538 μάλιστα,

157 568 166 585 ι
185 559 209 585 si
228 556 361 592 μαθόντες
372 555 423 590 τὴν
435 553 576 588 ἀπόφασιν
591 553 642 587 τὴν
661 550 733 579 κατὰ
748 551 803 577 τῶν
812 557 910 584 προει-

156 614 166 631 ι
189 603 319 639 ρημένων
339 599 539 636 ἐξενεχθεῖσαν,
555 598 721 634 τολμήσειαν
737 596 829 628 αὐτοῖς
849 604 910 622 κοι-

156 660 166 677 ι
185 650 291 676 νωνείν.
307 657 318 674 ν

112 692 116 730 ξ
152 696 253 723 ΒΑΛΣ.
276 694 306 721 Ὅ
321 692 371 729 μέν
388 695 432 728 κη’
444 690 625 723 ἁποστολικδς
641 688 733 717 κανὼν
746 687 911 724 ἀποκηρύσ-

119 749 159 769 σει
173 741 237 772 τοὺς
254 738 469 774 καθαιρεθέντας
484 736 609 768 δικαίως,
618 735 668 763 καὶ
682 730 769 767 αὖθις
776 734 825 770 τῆς
841 742 909 769 προ-

117 790 201 824 τέρας
233 786 376 822 ἐνεργείας
397 784 582 819 ἁπτομένους·
607 783 622 810 ὁ
647 782 677 809 δὲ
694 781 790 818 παρὼν
816 780 909 808 κανών

117 842 184 870 φησι
202 833 240 869 μὴ
261 832 334 868 ἐχειν
353 831 454 862 αὐτοὺς
469 829 565 857 ἐλπίδα
580 827 831 859 ἀποκαταστάσεως
841 827 858 862 ἢ
874 825 908 853 δι’

117 880 286 915 ἐπικρίσεως
305 878 403 914 ἐτέρας
419 876 530 904 συνόδου
544 884 550 892 ·
568 876 615 903 καὶ
633 875 696 906 τοὺς
711 873 908 905 κοινωνοῦντας

117 925 223 957 τούτοις
238 926 267 952 ἐν
286 923 577 960 diiuncti-mai]th
596 919 667 949 εἶναι
682 921 715 948 ἐκ
724 919 774 956 τῆς
791 918 909 952 Ἐκκλη-

117 973 189 1003 σίας.
204 971 335 1000 Δοκοῦσιν
352 969 400 998 οὖν
409 970 435 997 oi
453 971 566 1000 κανόνες
584 968 623 1004 μὴ
641 966 813 1000 ἐξισοῦσθαι.
824 963 910 1001 Οἶμαι

116 1018 317 1052 δέσυμφωνεῖν
343 1017 373 1044 ἐν
397 1017 482 1043 πᾶσιν
513 1014 624 1046 αὐτούς.
657 1013 829 1049 Διορίζονται
855 1011 912 1048 γὰρ

117 1064 189 1091 κατὰ
200 1063 248 1090 δύο
263 1064 364 1094 τόπους
381 1061 546 1094 κολάζεσθαι
571 1060 634 1092 τοὺς
658 1059 730 1095 μετὰ
750 1058 845 1094 ἐντελῆ
860 1066 910 1085 κα-

117 1110 233 1144 ταδίκην
247 1108 386 1145 ίερατικόν
408 1116 434 1135 τι
452 1106 644 1142 ἐνεργοῦντας.
662 1106 695 1134 ’0
712 1105 762 1141 μὲν
777 1098 825 1132 οὖν
843 1105 911 1132 ἀπο-

119 1156 242 1188 στολικδς
256 1154 346 1182 κανών
367 1161 436 1189 φησι
457 1153 521 1185 τοὺς
547 1151 662 1183 δικαίως
682 1150 910 1187 καθαιρεθέντας,

118 1202 203 1237 ἠγουν
220 1201 258 1237 μὴ
279 1200 392 1236 ἔχοντας
410 1199 539 1235 βοήθειαν
553 1198 699 1233 ἐκκλήτου,
728 1197 775 1224 καὶ
796 1196 913 1232 ἐνεργή-

120 1256 222 1279 σαντας
251 1246 390 1282 ίερατικόν
409 1254 446 1279 τι,
462 1243 718 1280 ἀποκηρύσσεσθαι·
737 1244 751 1270 ό
765 1243 794 1271 δέ
816 1242 912 1278 παρὼν

120 1293 212 1320 κανὼν
228 1291 386 1327 παρομοίως
397 1290 494 1326 ἐκείνῳ
508 1290 617 1326 πρῶτον
641 1290 691 1325 μὲν
711 1289 860 1325 διορίζεται
872 1288 911 1325 μὴ

120 1337 323 1375 προσδέχεσθαι
338 1337 405 1373 παρ’
421 1336 517 1372 ἐτέρας
540 1336 653 1363 συνόδου
672 1336 736 1367 τοὺς
751 1335 805 1362 ὑπὸ
832 1335 911 1363 συνό-

118 1385 164 1412 δου
188 1385 294 1416 τελείας
311 1383 536 1418 καθαιρεθέντας,
553 1382 604 1418 τῆς
626 1383 663 1409 ’ἐν
687 1383 912 1409 Κωνσταντινου·

119 1433 196 1460 πόλει
215 1431 308 1466 τυχόν⁷
324 1429 387 1457 καθ’
402 1426 436 1465 ἦς
448 1428 509 1455 οὒδέ
529 1427 662 1463 ἐπίκλητός
685 1428 756 1454 ἐστι·
771 1427 819 1454 καὶ
847 1427 911 1458 τοὺς

119 1479 162 1511 δὶς
183 1477 424 1512 ἐπικαλεσαμένους
439 1475 489 1502 καὶ
513 1473 682 1511 ἡττηθέντας
709 1473 758 1500 καὶ
779 1473 848 1508 μετὰ
879 1473 912 1500 τὸ

120 1523 348 1559 ἀπαγορευθῆναι
362 1521 455 1553 αὐτοῖς
467 1521 518 1557 τὴν
543 1520 671 1556 βοήθειαν
702 1519 751 1555 τῆς
778 1520 910 1555 ἑκκλήτου

119 1571 324 1606 ἐνεργήσαντας
336 1568 476 1603 ἱερατικόν
487 1576 525 1595 τι.
542 1565 608 1594 Εῐτα
617 1566 651 1594 δι’
668 1563 706 1594 ὧν
717 1574 799 1602 φησιν
814 1566 913 1593 ἐκδάλ-

120 1618 216 1645 λεσθαι
234 1616 289 1644 ἀπὸ
311 1615 362 1650 τῆς
386 1613 551 1650 Ἐκκλησίας
568 1613 617 1642 καὶ
630 1614 694 1646 τοὺς
715 1612 913 1646 κοινωνοῦντας

121 1665 226 1696 αὐτοῖς,
252 1663 328 1690 δοκεῖ
357 1662 449 1697 λέγειν
479 1661 528 1688 καὶ
556 1660 769 1696 ἁποκηρύκτους
793 1659 914 1694 ὀφείλειν

121 1710 251 1744 γενέσθαι
265 1707 375 1740 αὐτούς.
392 1707 485 1737 Οὕτως
506 1707 677 1742 ἐρμήνευσον
692 1705 755 1737 τοὺς
783 1705 913 1738 κανόνας,

123 1756 173 1783 καὶ
193 1755 232 1791 μὴ
245 1755 326 1790 εἴπῃς
354 1754 402 1781 τὸν
427 1753 628 1788 καθαιρεθέντα
658 1751 711 1779 ὑπὸ
730 1751 841 1779 συνόδου
866 1752 915 1779 καὶ

125 1803 224 1837 ἔχοντα
254 1800 379 1836 βοήθειαν
408 1799 556 1834 ἐκκλήτου,
590 1798 757 1834 ἐνεργοῦντα
776 1797 915 1833 ῑερατικόν

125 1857 151 1875 τι
169 1846 239 1882 μετὰ
256 1846 307 1881 τὴν
321 1845 496 1881 καθαίρεσιν,
511 1843 708 1880 ὰποκήρυκτόν
727 1852 757 1870 τε
773 1842 845 1870 εῖναι
867 1843 916 1871 καὶ

125 1894 176 1930 τὴν
188 1893 317 1929 βοήθειαν
332 1892 468 1927 ἐκκλήτου
482 1891 622 1924 ἀπόλλειν,
636 1890 728 1922 καθώς
741 1898 813 1922 τινες
826 1887 914 1918 εἷπον.

131 1939 337 1975 Ἐναντιωθήσῃ
357 1939 412 1973 γὰρ
446 1937 543 1965 κανόσι
569 1937 616 1963 καὶ
640 1937 735 1971 νόμοις
762 1935 915 1972 διαφόροις,

125 1985 326 2023 διοριζομένοις
339 1984 476 2020 ἀκεραίαν
490 1983 564 2019 ἐχειν
580 1983 626 2010 τὸν
646 1982 852 2018 κατακριθέντα
866 1981 916 2018 τὴν

126 2034 233 2061 οἰκείαν
252 2032 432 2063 κατάστασιν,
451 2029 549 2065 μέχρις
563 2029 597 2056 ἂν
614 2029 661 2056 καὶ
671 2029 705 2056 τὰ
721 2030 771 2065 τῆς
780 2028 915 2064 ἐκκλήτου

125 2078 333 2115 γυμνασθῶσιν·
351 2077 500 2113 ἐξαιρέτως
520 2075 550 2102 δέ
572 2075 611 2111 τῷ
638 2075 659 2102 δ’
688 2075 782 2102 κανόνι
807 2076 858 2110 τῆς
888 2076 917 2103 ἐν

126 2126 248 2162 Σαρδικῇ
263 2124 386 2156 συνόδου,
408 2123 440 2150 ὃν
458 2123 506 2150 καὶ
524 2121 675 2156 ἀνάγνωθι.
696 2122 778 2158 lii-ru
807 2122 854 2150 τέν
881 2125 916 2157 ιγ’

125 2174 174 2200 καὶ
189 2176 221 2199 ιε’
241 2171 342 2199 κανόνα
361 2171 411 2205 τῆς
438 2168 583 2206 παρούσης
604 2169 726 2202 συνόδου,
754 2169 802 2196 καὶ
821 2169 870 2204 τῆς
888 2169 917 2196 ἐν

127 2220 247 2255 Σαρδικῇ
256 2217 359 2246 κανόνα
375 2216 397 2244 δ’
417 2216 586 2252 ἀναιροῦντα
606 2215 729 2247 τούτους⁸
747 2216 793 2243 καὶ
813 2215 915 2251 βιϐλίου

125 2264 182 2290 τῶν
214 2261 369 2289 Βασιλικῶν
396 2260 420 2296 γ’
447 2260 538 2288 τίτλου
560 2263 583 2287 α’
603 2260 754 2295 κεφάλαιον
776 2263 830 2295 με’,
850 2257 882 2288 οὗ
899 2260 917 2296 ἠ

128 2310 212 2346 ἀρχὴ,
235 2309 269 2337 Ei
284 2317 359 2341 τινες
373 2309 403 2336 δέ
418 2309 564 2336 ὁσιώτατοι
589 2307 746 2335 ἐπίσκοποι·
762 2308 810 2335 καὶ
827 2308 918 2344 μάθῃς

129 2356 188 2388 πῶς
203 2355 251 2382 καὶ
266 2354 343 2389 παρὰ
362 2354 418 2381 τίσι
434 2354 591 2390 δικάζονται
611 2355 677 2388 περὶ
703 2353 917 2389 ἐγκληματικῶν

130 2403 288 2430 ὐποθισεων
323 2398 470 2428 ἐπίσκοποι
509 2401 557 2429 καὶ
590 2401 730 2436 κληρικοὶ,
767 2403 814 2429 καὶ
852 2404 919 2431 πότι

130 2450 178 2475 καὶ
195 2449 273 2483 παρὰ
295 2448 367 2474 τισιν
382 2446 565 2474 ἐκκαλοῦνται
584 2447 845 2484 καταδικαζόμενοι.

167 2495 291 2522 ΖΩΝΑΡ.
309 2494 342 2520 Ui
356 2493 408 2529 μὶν
436 2493 593 2525 ἐπίσκοποι,
613 2494 660 2520 ἐπὶ
682 2494 840 2531 ἐγκλήμασι.
855 2503 923 2523 κατ-

999 235 1009 252 ι
1029 226 1064 254 de
1078 227 1231 256 ministerio
1245 235 1327 263 agere
1344 233 1428 254 ausus
1442 224 1546 258 fuerit;
1567 225 1626 260 sive
1644 222 1752 258 cpisco-

1001 282 1010 299 ι
1029 281 1080 309 pus
1109 275 1258 303 secundum
1287 274 1485 310 pmedentem
1512 270 1753 301 consuetudinem,

997 330 1006 346 ι
1024 322 1081 349 sive
1095 322 1248 357 presbyter,
1270 321 1329 350 sive
1351 321 1494 353 diaconus,
1512 318 1613 347 nullam
1635 316 1753 352 amplius

998 376 1008 394 ι
1025 375 1100 402 spem
1118 367 1301 395 restitutionis
1312 367 1339 395 in
1355 367 1407 394 alia
1424 365 1540 401 synodo,
1555 370 1643 399 neque
1657 362 1752 390 deien.

995 422 1006 440 ι
1025 413 1110 441 sionis
1123 413 1212 441 locum
1226 413 1251 440 ei
1264 413 1363 441 habere
1375 412 1465 440 liceat.
1480 411 1534 439 Sed
1548 414 1575 438 et
1586 416 1691 439 omnes,
1705 407 1752 443 qui

998 467 1009 484 ι
1027 458 1053 486 ei
1079 459 1299 493 communicant,
1323 466 1357 486 ex
1386 458 1509 487 Ecclesia
1541 456 1698 492 ejiciantur,
1723 460 1754 482 et

999 514 1010 530 ι
1028 505 1147 532 maxime
1163 505 1186 532 si
1202 512 1263 532 cum
1282 504 1446 532 sententiam
1463 503 1594 530 adversus
1609 500 1753 536 praedictos

998 560 1009 578 ι
1026 551 1159 586 prolatam
1174 551 1331 586 didicerint,
1345 550 1387 580 eis
1398 549 1602 578 communicare
1618 547 1678 576 ausi
1695 547 1754 575 lue-

999 607 1009 623 ι
1027 603 1090 626 I‘lnl.
1111 606 1122 623 s

996 690 1096 718 BALS.
1119 691 1268 720 Vicesimus
1281 692 1390 727 quidem
1406 696 1519 720 octavus
1535 697 1622 719 canon
1645 693 1754 724 apustoo

960 736 1030 764 licus
1045 737 1153 766 abdicat
1164 738 1275 773 eos,qui
1288 738 1361 773 juste
1369 737 1484 773 depositi
1496 737 1606 770 iuerint,
1619 741 1648 765 et
1659 743 1755 764 rursus

960 783 1036 819 prius
1051 784 1233 812 ministerium
1252 785 1397 819 attingunt.
1416 784 1543 812 Praesens
1559 786 1649 810 autem
1666 789 1754 819 canon

961 830 1027 858 dicit
1040 837 1088 858 eos
1101 838 1155 858 non
1167 830 1267 858 habere
1278 838 1354 865 spem
1365 830 1548 857 restitutionis
1562 829 1604 856 vel
1618 836 1668 864 per
1679 829 1755 862 judi-

960 877 1031 905 cium
1048 877 1162 905 alterius
1179 877 1285 912 synodi,
1301 881 1327 904 et
1344 883 1402 909 eos,
1418 876 1465 911 qui
1480 876 1535 904 iliis
1549 875 1667 904 scientes
1677 882 1756 903 com-

960 923 1111 956 municant,
1127 930 1162 951 ex
1179 922 1301 950 Ecclesia
1315 922 1393 957 ejiei.
1406 923 1539 951 Videntur
1554 930 1620 958 ergo
1635 929 1756 952 canones

964 976 1017 997 non
1035 968 1186 1003 exequari.
1201 967 1271 996 Puto
1291 974 1381 995 autem
1403 976 1450 997 cos
1464 969 1492 996 in
1512 968 1641 996 omnibus
1656 975 1756 996 conve-

962 1016 1032 1043 nire.
1059 1014 1198 1042 Deﬁniunt
1218 1014 1302 1046 enim,
1325 1019 1355 1042 ut
1377 1014 1484 1042 duobus
1502 1014 1591 1042 modis
1609 1014 1756 1049 puniantur

963 1062 994 1094 ll,
1011 1061 1057 1096 qui
1076 1065 1138 1096 post
1155 1060 1304 1096 perfectam
1325 1060 1581 1088 condemnationem
1598 1060 1700 1094 aliquid
1713 1068 1758 1088 sa-

961 1106 1100 1136 cerdotale
1113 1111 1255 1135 exercent.
1276 1105 1451 1141 Apostolicus
1463 1105 1566 1141 itaque
1584 1113 1671 1134 canon
1689 1105 1757 1132 dicit

961 1159 1022 1186 eos,
1039 1153 1084 1188 qui
1100 1152 1174 1186 iuste
1188 1152 1302 1187 depositi
1321 1151 1432 1183 iuerint,
1450 1151 1557 1180 scilicet
1571 1151 1617 1186 qui
1635 1158 1688 1178 uon
1704 1150 1754 1177 ha-

962 1200 1028 1227 bent
1050 1198 1242 1235 appellationis
1257 1198 1400 1231 auxilium,
1417 1203 1444 1226 et
1459 1197 1562 1233 aliquid
1585 1191 1758 1228 sacerdotale

962 1251 1101 1280 exercent,
1116 1246 1247 1274 abdicari.
1262 1245 1387 1273 Praesens
1401 1249 1493 1272 autem
1511 1251 1598 1273 canon
1616 1245 1653 1272 illi
1666 1245 1757 1273 cousi-

962 1293 1082 1326 militer,
1108 1293 1228 1328 primum
1251 1292 1359 1328 quidem
1376 1292 1497 1319 decernit
1519 1292 1554 1320 ab
1575 1291 1628 1319 alia
1651 1294 1757 1328 synodo

963 1346 1016 1367 non
1035 1338 1142 1367 admitti
1159 1345 1216 1372 eos,
1231 1338 1277 1373 qui
1292 1346 1307 1366 a
1326 1338 1446 1373 perfecta
1465 1338 1580 1374 synodo,
1595 1338 1755 1367 Constanti-

963 1386 1131 1422 nopolitana,
1147 1385 1223 1414 verbi
1240 1385 1337 1421 gratia,
1355 1385 1470 1420 depositi
1489 1385 1604 1418 fuerint,
1624 1385 1756 1413 adversus

962 1441 1044 1469 quam
1070 1440 1124 1460 non
1147 1437 1190 1461 est
1212 1432 1380 1468 appellatio;
1401 1440 1452 1460 nec
1468 1440 1515 1460 eos
1534 1433 1630 1466 etiam,
1647 1433 1693 1467 qui
1714 1432 1757 1460 bis

963 1479 1180 1515 appellaverunt,
1205 1483 1233 1507 et
1249 1479 1313 1507 victi
1337 1482 1411 1512 sunt,
1428 1482 1456 1506 et
1477 1482 1620 1514 postquam
1638 1477 1757 1512 appella-

926 1533 949 1565 ο
965 1526 1048 1554 tionis
1064 1525 1195 1553 auxilium
1215 1525 1255 1553 eis
1268 1525 1430 1560 denegatum
1447 1524 1538 1557 fuerit,
1555 1523 1657 1558 aliquid
1670 1530 1758 1550 sacer-

965 1573 1056 1600 dotale
1070 1575 1209 1600 exercent.
1229 1571 1332 1599 Deinde
1355 1578 1404 1605 per
1421 1570 1448 1598 id
1470 1570 1543 1606 quod
1563 1569 1639 1601 dicit.
1660 1576 1708 1597 eos
1724 1575 1757 1596 es

965 1618 1087 1647 Ecclesia
1101 1618 1174 1654 ejici,
1191 1619 1235 1653 qui
1252 1618 1318 1653 ipsis
1332 1618 1553 1651 communicant,
1570 1616 1671 1645 debere
1685 1616 1758 1651 ipsos

964 1664 1048 1692 etiam
1065 1663 1205 1691 abdicatos
1228 1663 1287 1690 ﬁeri
1304 1662 1397 1690 dicere
1420 1661 1537 1689 videtur.
1556 1661 1602 1689 Sic
1622 1661 1758 1695 interpre-

966 1715 1027 1739 tare
1043 1716 1182 1743 canones;
1207 1716 1258 1737 nec
1273 1708 1376 1736 dixeris
1396 1715 1470 1741 eum,
1494 1707 1540 1743 qui
1559 1712 1601 1735 est
1619 1714 1635 1735 a
1655 1706 1758 1743 synodo

966 1757 1115 1793 depositus,
1137 1762 1165 1785 et
1185 1757 1267 1784 habet
1281 1755 1413 1783 auxilium
1437 1753 1637 1790 appellationis,
1659 1754 1681 1781 si
1697 1757 1759 1788 post

965 1804 1161 1840 depositionem
1174 1803 1274 1839 aliquid
1287 1801 1464 1835 sacerdotale,
1473 1806 1599 1829 exerceat
1611 1807 1672 1828 esse
1683 1799 1760 1828 abdi-

967 1855 1070 1884 catum,
1085 1854 1112 1878 et
1136 1849 1326 1885 appellationis
1346 1848 1476 1876 auxilium
1499 1848 1624 1883 perdere,
1646 1851 1676 1875 ut
1691 1853 1760 1874 nou-

967 1897 1031 1925 nulli
1047 1897 1183 1924 dixerunt.
1199 1895 1278 1923 Dices
1291 1895 1363 1922 enim
1377 1894 1554 1929 repugnantia
1568 1898 1595 1921 et
1608 1893 1758 1921 canonibus

967 1947 996 1972 et
1019 1942 1136 1971 diversis
1159 1941 1275 1976 legibus,
1301 1948 1362 1975 quae
1385 1944 1517 1972 statuunt,
1543 1946 1600 1971 eos,
1628 1939 1674 1974 qui
1692 1943 1759 1966 sunt

968 1987 1142 2017 condemnati
1166 1988 1302 2022 integrum
1322 1991 1350 2013 et
1373 1986 1507 2013 intactum
1526 1989 1628 2012 statum
1646 1984 1758 2018 habere,

969 2037 1055 2065 donec
1076 2035 1111 2063 de
1136 2034 1317 2069 appellatione
1341 2032 1481 2068 cognitum
1498 2031 1582 2059 fuerit
1601 2030 1760 2066 :prsecipue

968 2088 1058 2111 autem
1071 2086 1167 2117 quarto
1179 2087 1283 2109 canone
1295 2079 1466 2108 Sardicensis
1477 2078 1573 2114 synodi
1584 2084 1664 2113 quem
1676 2077 1759 2105 etiam

969 2129 1039 2165 lege.
1061 2128 1158 2162 Quaere
1174 2129 1256 2156 etiam
1270 2133 1388 2155 canones
1404 2125 1438 2154 15
1457 2129 1484 2153 et
1506 2124 1541 2152 l5
1555 2124 1697 2159 praesentis
1715 2131 1760 2159 sy-

970 2177 1032 2205 nodi
1044 2181 1071 2205 et
1085 2174 1256 2204 Sardieensis
1268 2173 1363 2210 synodi
1389 2180 1520 2200 canonem
1531 2171 1549 2199 ι
1561 2172 1607 2206 qui
1618 2171 1666 2199 lios
1678 2171 1758 2204 tollit;

969 2229 997 2252 et
1014 2223 1075 2251 libri
1092 2231 1122 2250 ιιι
1139 2221 1317 2250 Basilicorum
1335 2219 1377 2248 tit.
1394 2219 1421 2252 Ι,
1439 2225 1498 2254 cap.
1514 2218 1549 2246 Μ
1564 2217 1642 2252 cujus
1656 2217 1759 2253 princi-

973 2270 1047 2307 pium
1065 2273 1117 2302 est,
1134 2268 1163 2296 Si
1181 2272 1273 2295 autem
1288 2265 1371 2301 aliqui
1390 2264 1554 2293 sanctissimi
1570 2263 1689 2300 episcopi
1707 2271 1714 2290 :
1733 2267 1762 2291 et

971 2317 1054 2354 scies,
1069 2315 1205 2352 quomodo
1218 2318 1246 2342 et
1268 2321 1282 2340 a
1297 2313 1396 2349 quibus
1413 2313 1446 2340 de
1465 2311 1558 2339 causis
1573 2309 1762 2339 criminalibus

968 2365 1127 2401 judicantur
1140 2361 1259 2398 episcopi
1274 2366 1301 2389 et
1312 2360 1422 2392 clerici;
1437 2363 1463 2387 et
1476 2357 1587 2394 quando
1599 2363 1627 2386 et
1638 2365 1653 2386 ι
1664 2357 1762 2393 quibus

969 2410 1138 2447 appellantur
1152 2406 1335 2437 condemnati.

1006 2498 1133 2528 ZUNAR.
1155 2497 1281 2534 Episcopi
1310 2495 1418 2533 quidem
1441 2495 1465 2525 si
1491 2499 1663 2528 accusentur,
1685 2493 1762 2529 ipso-

134 2540 328 2577 ηγορούμενοι,
345 2539 457 2566 συνόδου
473 2539 579 2566 δέονται
599 2539 762 2577 δικαζούσης
789 2544 836 2569 καὶ
855 2544 913 2571 ἀπο

972 2554 1032 2575 sum
1043 2553 1154 2574 causam
1169 2552 1184 2572 a
1197 2544 1299 2581 synodo
1310 2542 1461 2571 examinari
1472 2549 1505 2570 ac
1514 2540 1620 2569 deliniri
1633 2544 1738 2574 oportet
1751 2548 1760 2566 ς

134 2587 313 2623 φαινομένης·
334 2587 359 2613 οι
384 2585 413 2613 δὲ
439 2585 641 2621 πρεσϐύτεροι,
663 2587 712 2613 καὶ
738 2588 763 2614 οἱ
784 2588 917 2624 διάκονοι,

135 2634 183 2661 καὶ
204 2635 229 2660 oi
241 2633 359 2668 καθεξῆς
378 2632 518 2668 κληρικοὶ,
535 2631 588 2659 ὑπὸ
611 2632 659 2659 τοῦ
681 2633 749 2660 ἰδίου
769 2635 926 2663 ἐπισκόπου

973 2593 1006 2621 de
1025 2591 1191 2628 presbyteris
1206 2597 1282 2624 vero,
1305 2590 1438 2621 diaconis,
1456 2588 1571 2623 aliisque
1586 2585 1762 2614 inferioribus

972 2639 1080 2667 clericis
1106 2636 1216 2674 proprio
1238 2637 1367 2672 eplscopo
1389 2634 1514 2670 judicare
1538 2640 1571 2661 ac
1598 2633 1762 2662 sententiam

752 2683 845 2716 Guill.
860 2685 1023 2727 Beveregii
1037 2689 1135 2718 notte.

135 2733 237 2775 ptimus
258 2731 401 2775 praesentis
425 2731 522 2767 synodi
546 2739 634 2773 canon
655 2741 688 2774 ex
716 2734 811 2775 eodem
830 2737 928 2766 codice
964 2743 1140 2775 ip‘rmsentem
1154 2736 1273 2775 denique
1289 2736 1553 2775 cntionem-spectat,
1568 2731 1595 2775 ξε
1610 2740 1624 2759 a
1645 2733 1761 2761 concilio

140 2767 278 2803 leguntur,
291 2767 343 2795 sub
372 2774 485 2795 nomine
497 2768 671 2802 nonagesimi
687 2770 776 2803 quinti
796 2775 823 2798 et
838 2779 922 2800 nona.

137 2804 234 2868 sesitni
250 2803 318 2843 sexti
328 2803 468 2843 canonis;
494 2810 550 2836 quo
564 2803 648 2830 etiam
665 2805 762 2845 ordine
776 2806 803 2833 in
825 2815 924 2843 supra-

157 2844 219 2868 tctis
245 2838 389 2867 codicibus
416 2843 568 2866 etiamnum
588 2844 772 2868 reperiuntur.
791 2841 868 2868 Ouott
888 2845 923 2868 ad

157 2839 219 2868 ictis
245 2838 389 2867 codicibus
416 2838 568 2866 etiamnum
588 2839 772 2873 reperiuntur.
791 2838 868 2876 Quod
888 2845 923 2873 ad

299 2888 435 2920 Piraei.
459 2887 519 2919 Gtt.
536 2885 722 2924 CXXXVII.

964 2774 1063 2809 'Aquis

1084 2772 1194 2800 ranens‘l
1217 2767 1290 2798 a'nno
1319 2768 1428 2796 Domini
1452 2767 1516 2800 810,
1533 2768 1636 2802 habito,
1653 2776 1686 2797 es
1701 2776 1762 2798 ver—

975 2782 1194 2837 Aqunsﬁanenst
1217 2782 1290 2798 anno
1319 2782 1428 2796 υυιιιιιιι
1452 2782 1516 2800 σιν,
1533 2782 1583 2795 ιιι-ιι

973 2811 1054 2839 sione
1094 2807 1239 2844 'onysians
1257 2806 1361 2834 citetur
1377 2809 1405 2833 et
1421 2808 1583 2834 renovatur.

1563 2891 1602 2924 41
