1935 3081
121 143 188 181 1:05
420 131 443 150 ⁸

655 146 696 176 ΙΝ*
714 145 797 177 CAN.
818 145 861 176 II
876 143 987 176 CONC.
1002 145 1034 176 Ῑῐ
1048 146 1227 180 ANTIOCH.

1684 147 1753 181 1306

156 214 165 230 1
188 203 272 237 νόνος,
287 203 354 232 ἄνευ
378 203 492 240 γνώμης
507 204 554 233 καὶ
569 205 744 240 γραμμάτων
758 206 814 233 τῶν
826 207 857 234 ιν
870 209 904 243 τῇ
919 228 922 233 .

1003 216 1014 234 1
1029 208 1225 236 ecclesiasticae
1251 207 1351 243 regulae
1373 201 1526 243 subjectus,
1551 207 1619 235 citra
1636 214 1750 236 senten-

157 258 167 276 1
188 249 307 285 ἔπαρχίᾳ
320 249 490 285 ἐπισκόπων,
507 250 555 278 καὶ
569 251 689 286 μάλιστα
704 251 759 279 τῶν
772 253 844 280 κατά
857 253 909 288 τὴν

155 304 164 322 1
190 294 515 332 μητρόπολινιόρμήσειε
539 298 607 333 πρὸς
628 298 743 333 βασιλέα
766 299 908 334 ἀπελθεῖν,

155 350 165 368 1
187 341 282 368 τοῦτον
306 343 564 379 ἀποκηρύττεσθαι,
589 345 637 372 καὶ
658 345 815 382 ἀπόϐλητον
836 346 911 380 γίνεαι

155 398 163 414 1
187 387 248 415 σθαι
277 389 308 416 οὒ
332 390 414 424 μόνον
437 390 487 425 τῆς
510 391 672 425 κοινωνίας,
698 391 767 420 ἀλλά
790 393 839 420 καὶ
859 393 912 428 τῆς

158 445 168 462 1
190 435 280 469 ἀξίας,
293 433 327 473 ἧς
353 437 478 473 μετέχων
500 438 641 473 τυγχάνει,
669 439 708 471 ὡς
729 440 910 476 παρενοχλεῖν

159 491 168 509 1
191 483 336 517 τολμῶντα
365 483 414 514 τὰς
453 484 501 511 τοῦ
533 485 742 520 θεοφιλεστάτου
777 486 912 522 βασιλέως

126 556 129 558 ,
161 539 170 555 1
194 529 272 564 ἡμῶν
286 530 372 562 ἀκόάς
391 531 467 566 παρὰ
483 531 530 558 τὸν
545 531 647 567 θεσμὸν
666 532 718 567 τῆς
734 532 912 568 Ἐκκλησιας.

159 584 169 601 1
192 575 223 602 El
246 575 274 602 δὲ
303 576 442 609 ἀναγκαία
466 577 564 613 καλοίη
591 578 671 613 χρεία
702 578 772 614 πρὸς
797 578 912 614 βασιλέα

159 631 168 647 ι
189 621 290 657 όρμᾷν,
304 622 384 650 τοῦτο
400 623 533 658 πράττειν
547 624 618 658 μετά
634 624 756 660 σκέψεως
776 625 825 652 καὶ
840 625 912 660 γνὼ-

160 677 169 694 ι
193 677 247 704 μης
272 669 320 696 τοῦ
344 669 418 697 κατὰ
440 670 491 705 τὴν
519 671 691 707 μητρόπολιν
711 672 761 707 τῆς
776 672 914 708 ἐπαρχίας

157 724 167 742 1
188 716 337 744 ἐπισκόπου
365 717 414 744 καὶ
435 718 490 745 τῶν
510 719 539 745 ιν
568 719 656 755 αὐτῇ,
679 720 737 751 τοῖς
759 727 789 746 τε
809 719 914 747 τούτων

160 770 170 788 1
189 762 353 798 γράμμασιν
368 763 572 798 ὲφοδιάζεσθαι.
593 775 604 792 ι

160 809 258 837 ΒΑΛΣ.
278 810 308 837 '0
324 811 422 846 παρὼν
436 811 525 839 κανὼν
535 812 683 848 διορίζεται
697 813 735 849 μὴ
766 813 846 849 μόνον
860 814 915 847 ἁφο

1000 264 1012 282 1
1030 256 1095 283 tiam
1113 259 1140 282 et
1151 255 1256 283 litteras
1274 255 1470 290 episcoporum
1486 254 1636 290 provincia:
1651 258 1677 281 et
1695 262 1752 282 ma-

1001 311 1011 327 1
1026 309 1099 330 lee
1116 302 1402 337 metropolitanorum,
1415 300 1449 328 ad
1460 301 1653 334 imperatorem
1666 301 1752 335 proli-

999 355 1008 372 1
1024 346 1091 373 cisci
1108 355 1254 383 aggressus
1266 346 1349 374 fuerit
1364 355 1371 374 :
1388 347 1409 374 is
1424 346 1570 374 abdicetur
1583 351 1610 374 et
1625 347 1753 381 ejiciatur

1005 400 1014 418 1
1033 398 1086 420 non
1104 393 1193 420 solum
1210 400 1225 420 ι
1241 393 1447 425 communione,
1463 391 1511 420 sed
1532 391 1614 419 etiam
1633 399 1647 418 a
1663 391 1754 427 digni-

1003 446 1014 464 1
1035 443 1101 470 tate,
1112 439 1193 473 cujus
1207 442 1250 467 est
1266 439 1422 474 particeps;
1442 442 1472 465 ut
1487 437 1533 473 qui
1550 433 1754 473 religiosissimi

1004 495 1013 512 1
1038 485 1212 521 imperatoris
1233 486 1320 513 nostri
1346 485 1460 512 auribus
1482 483 1635 511 molestiam
1659 482 1757 511 afferre

1005 541 1014 558 1
1030 532 1129 559 audeat
1146 536 1245 567 praeter
1261 531 1343 559 ritum
1357 531 1495 558 Ecclesiae.
1513 529 1543 558 Si
1557 534 1647 558 autem
1663 537 1759 558 neces-

1003 589 1014 606 ‹
1030 579 1120 608 sarius
1134 587 1200 607 usus
1217 580 1318 614 exigat,
1338 582 1368 606 ut
1381 577 1415 605 ad
1430 578 1625 612 imperatorem
1639 584 1669 604 se
1689 582 1757 604 cen-
1815 602 1820 607 ,

1006 636 1017 653 1
1038 627 1118 658 ferat,
1142 625 1169 653 id
1195 629 1257 661 agat
1278 633 1341 653 cum
1356 624 1555 652 deliberatione
1576 627 1603 651 et
1618 623 1757 651 sententia

1011 683 1020 700 1
1043 673 1244 708 metropolitani
1271 672 1430 708 provinciae,
1446 676 1474 698 et
1495 670 1687 705 episcoporum
1710 668 1758 704 qui

1001 730 1011 747 1
1027 724 1092 748 sunt
1111 719 1139 746 in
1153 726 1204 752 ea;
1229 726 1381 754 eorumque
1394 717 1496 745 litteris
1511 716 1635 744 munitus
1647 713 1761 751 proﬁci-

1007 778 1018 795 1
1038 771 1141 796 scatur.
1163 776 1173 793 ι

1005 812 1101 841 ωιε.
1112 812 1237 841 Praesens
1267 819 1354 840 canon
1371 810 1506 842 decernit,
1530 816 1583 835 non
1597 807 1687 835 solum
1712 813 1760 833 se-

123 855 276 908 ορίζισθαι,
290 857 360 884 ἀλλά
375 857 422 884 καί
445 858 635 893 καθαιρεῖσθαι
656 859 719 892 τοὺς
740 860 781 892 εις
802 859 915 896 βασιλέα

986 861 1087 895 regarl.
1097 860 1144 888 sed
1153 859 1234 888 etiam
1244 858 1343 894 deponi
1357 857 1501 893 episcopos
1517 856 1558 882 vel
1570 854 1699 885 clericos,
1712 853 1760 889 qui

124 903 330 938 ἀπερχομένους
344 905 512 938 ἐπισκόπους
526 906 542 941 ἢ
557 906 708 941 κληρικοὺς
730 906 795 933 ἄνευ
819 914 915 941 γραμ-

126 949 219 983 μάτων
230 949 279 977 τοῦ
293 951 365 978 κατά
382 951 474 988 χώραν
490 953 654 985 ἐπισκόπου,
671 953 719 980 καὶ
736 953 855 989 μάλιστα
866 953 914 980 τοῦ

127 995 347 1030 μητροπολίτου,
369 997 407 1029 ὡς
438 998 675 1035 παρενοχλοῦντας
699 999 749 1031 τὰς
772 999 917 1033 βασιλικὰς

125 1041 210 1072 ἀκοάς
225 1043 302 1078 παρὰ
309 1043 352 1070 λὰ
367 1044 516 1079 δεδογμένα
527 1046 559 1080 τῇ
576 1045 726 1082 Ἐκκλησία
736 1053 743 1060 ·
760 1045 915 1080 ἀναγκαίας

126 1087 154 1115 δλ
178 1089 365 1124 προκειμένης
390 1090 498 1122 αἰτίας,
524 1092 689 1127 παραχωρεῖ
712 1091 780 1127 πρὸς
805 1091 917 1128 βασιλέα

126 1135 221 1170 ὁρμᾷν
232 1136 301 1170 μετά
316 1137 456 1172 ἐγγράφου
471 1138 654 1174 ἐκχωρήσεως
666 1139 819 1172 ουνοδικῆς.
837 1139 918 1166 Ἀνά-

127 1182 212 1215 ¹ιίνωθι
230 1182 281 1217 τῆς
303 1183 332 1210 ὲν
356 1184 475 1220 Σαρδικῇ
499 1185 609 1212 συνόδου
631 1186 749 1218 κανόνας
773 1186 809 1219 ζ’.
832 1185 869 1221 η’,
884 1185 917 1218 θ’.

127 1231 182 1261 κα’,
195 1229 244 1256 καὶ
266 1230 319 1265 τῆς
339 1231 369 1258 ἐν
392 1232 558 1268 Καρθαγένῃ
580 1233 681 1260 κανόνα
705 1232 760 1268 pg’.
787 1232 866 1260 Ἐπεὶ
890 1233 919 1260 δέ

127 1279 200 1303 τινες
215 1273 272 1308 (4⁸1)
284 1274 340 1301 τῶν
354 1275 488 1311 ῥημάτων
507 1277 555 1304 τοῦ
576 1278 711 1312 παρόντος
744 1278 857 1310 κανόνος
874 1278 919 1311 ἐξ·

127 1318 256 1353 σχόμενοι
280 1320 341 1355 (τῆς
366 1322 420 1357 γὰρ
445 1323 549 1355 ἐννοίας
575 1323 792 1360 ἀποδιίστανται)
812 1324 920 1352 θέλουσι

127 1364 194 1396 τοὺς
219 1365 409 1401 ινδημοῦντας
430 1369 572 1404 ἀρχιερεῖς
595 1370 635 1401 είς
659 1370 709 1406 τὴν
733 1369 789 1396 τῶν
813 1370 920 1397 πόλεων

131 1409 328 1446 βασιλεύουσαν
352 1415 422 1449 μετά
447 1415 576 1451 είδήσεως
599 1417 646 1443 καὶ
675 1417 836 1452 προτροπῆς
865 1426 918 1444 πα-

129 1459 307 1494 τριαρχικῆς,
319 1461 367 1487 καὶ
384 1460 421 1496 μὴ
437 1461 536 1494 ἄλλως,
555 1464 594 1494 εἰς
614 1462 748 1498 βασιλέως
762 1463 922 1499 προσκύνη-

132 1513 175 1531 σιν
189 1506 468 1543 ἀπέρχεσθαι,φαμὲν
482 1509 523 1536 ὅτι
538 1509 571 1537 τὰ
585 1510 632 1537 τοῦ
647 1511 781 1546 παρόντος
798 1510 920 1543 κανόνος,

970 905 1003 933 ad
1021 905 1216 941 imperatorem
1237 903 1464 939 proﬁciscuntur,
1489 901 1549 929 sine
1573 899 1674 927 litteris
1702 899 1762 933 epi-

969 951 1047 987 scopi
1072 950 1203 986 regionis,
1225 953 1252 977 ct
1276 949 1396 976 maxime
1414 946 1632 982 metropolitani,
1653 951 1683 972 ut
1714 943 1762 979 qui

970 998 1145 1033 imperatoris
1154 996 1268 1024 auribus
1284 996 1436 1023 molestiam
1445 993 1602 1025 exhibeant,
1612 996 1710 1027 prmter
1719 998 1762 1024 ea,

971 1054 1033 1081 qua
1046 1050 1110 1073 sunt
1126 1045 1160 1072 ab
1172 1043 1294 1071 Ecclesia
1307 1043 1417 1070 decreta
1434 1041 1477 1068 :si
1495 1044 1588 1067 autem
1606 1037 1763 1066 necessaria

972 1094 1008 1122 sit
1027 1100 1111 1121 causa
1133 1091 1290 1127 proposita,
1313 1089 1439 1118 concedit
1459 1091 1488 1114 ut
1512 1086 1546 1114 ad
1570 1086 1762 1120 imperatorem

973 1139 1183 1175 proﬁciscantur
1207 1145 1270 1165 Cum
1289 1136 1398 1172 ,litteris
1428 1134 1555 1162 mandata
1578 1130 1765 1167 permissionc

973 1187 1109 1225 synodali.
1119 1186 1189 1222 Lege
1201 1183 1376 1213 Sardicensis
1389 1180 1487 1220 synodi
1506 1187 1628 1207 canones
1648 1178 1674 1211 7,
1691 1177 1720 1211 8,
1735 1176 1765 1221 .9,

974 1224 1019 1266 la,
1034 1238 1060 1261 et
1074 1228 1439 1266 Cartltaglnensiscanonem
1452 1226 1512 1254 106.
1525 1224 1660 1259 Quoniam
1674 1227 1765 1250 autent

973 1279 1098 1310 nonnulli
1123 1278 1214 1306 verbis
1241 1276 1383 1311 prmsentis
1405 1273 1521 1303 canonis
1546 1272 1720 1299 adhaerentes
1740 1268 1767 1305 (a

973 1327 1109 1357 sententia
1125 1325 1197 1354 enim
1213 1326 1294 1360 longe
1311 1322 1423 1357 absunt)
1442 1320 1581 1350 antistites
1596 1318 1705 1348 voiunt.
1720 1316 1769 1352 qui

975 1376 1002 1403 in
1017 1373 1111 1409 regina
1131 1371 1239 1399 urbium
1261 1373 1418 1400 versantur,
1434 1375 1497 1394 cum
1522 1363 1638 1393 scicntia
1659 1366 1686 1390 et
1699 1369 1771 1397 ,ρετ-

975 1419 1107 1448 missione
1120 1416 1292 1453 patriarchae,
1303 1418 1330 1442 et
1344 1421 1398 1441 non
1413 1412 1505 1444 aliter,
1523 1411 1557 1437 ad
1571 1409 1768 1445 imperatorem

976 1465 1149 1496 salutandum
1181 1462 1317 1500 proﬁcisci
1344 1468 1352 1488 :
1377 1461 1507 1492 dicimus,
1528 1457 1603 1494 quod
1628 1463 1689 1491 quae
1719 1454 1772 1482 huc

976 1521 1082 1543 canone
1109 1512 1297 1544 continentur,
1326 1514 1354 1536 et
1378 1507 1484 1542 reliqua
1517 1511 1637 1540 quorum
1667 1501 1772 1540 hicvlit

131 1553 180 1579 καὶ
196 1553 250 1580 τῶν
264 1553 366 1581 λοιπῶν
390 1555 445 1582 τῶν
470 1555 587 1584 ἐνταῦθα
605 1557 855 1592 μνημονευομένων
868 1557 922 1593 χώ-

986 1561 1079 1590 nentio
1095 1560 1184 1587 locum
1204 1556 1316 1588 habent,
1341 1554 1452 1590 quando
1480 1552 1597 1579 antistes
1616 1557 1631 1576 a
1647 1555 1697 1577 sua
1729 1555 1772 1574 re-

134 1607 184 1634 ραν
197 1599 315 1635 ἔχουσιν,
336 1602 361 1628 εἰ
377 1602 390 1628 ό
406 1602 555 1638 ἀρχιερεὺς
579 1603 634 1630 ἀπὸ
653 1605 705 1639 τῆς
717 1603 855 1640 λαχούσης
871 1604 923 1631 αὐ-

131 1645 180 1672 τοῦ
213 1646 387 1683 αὑθόρμητος
413 1650 455 1681 εις
489 1649 603 1685 βασιλέα
627 1650 751 1686 ἀπέλθῃ·
776 1651 842 1677 ὅταν
870 1650 925 1686 γάρ

134 1692 238 1728 ὶνδημῇ
265 1695 294 1719 ὲν
318 1694 352 1730 τῇ
383 1694 577 1732 βασιλευούσῃ,
606 1697 655 1723 καὶ
683 1696 755 1724 κατὰ
784 1696 926 1732 βασιλικὸν

133 1737 248 1772 ὁρισμὸν
261 1738 275 1774 ἧ
289 1739 360 1766 κατὰ
385 1741 591 1777 πατριαρχικὴν
608 1742 763 1778 ἐπιτροπὴν
776 1742 927 1774 ἀκωλύτως

135 1786 324 1821 προσκυνήσει
349 1786 396 1813 τὸν
417 1787 530 1821 βασιλέα
556 1788 603 1815 καὶ
621 1788 779 1824 ὑπομνήσει
803 1789 870 1824 περὶ
888 1785 928 1816 ὧν

137 1829 275 1865 βούλεται.
289 1831 326 1858 Τδ
340 1832 369 1859 δὲ
388 1833 458 1867 μετὰ
473 1833 614 1868 βασιλικὸν
626 1834 741 1870 ὁρισμὸν
753 1834 926 1870 ἀπέρχεσθαι

135 1875 201 1908 τοὺς
225 1877 385 1913 ἀρχιερεῖς,
410 1878 477 1906 ἔνθα
503 1879 538 1906 ἂν
567 1880 767 1915 προσταχθεῖεν
791 1881 838 1907 καὶ
866 1880 929 1916 δίχα

139 1922 283 1959 συνοδικῆς
308 1925 450 1960 είδήσεως,
469 1925 498 1952 ὲν
522 1926 664 1961 διαφόροις
688 1927 815 1954 κανόνων
838 1927 928 1963 ἑρμη-

142 1969 223 2002 νείαις
239 1971 372 2007 ἐδηλώθη,
389 1973 436 2000 καὶ
451 1973 481 1999 οὐ
496 1973 550 2009 χρὴ
562 1973 637 2009 ἡμᾶς
652 1973 839 2008 ταυτολογεῖν.

178 2016 303 2044 ΖΩΝΑΡ.
315 2017 346 2044 Et
359 2018 397 2053 μὴ
410 2019 452 2045 ὅτι
466 2020 542 2046 πᾶσα
560 2019 681 2055 ἀνάγκη,
696 2019 729 2046 οὐ
743 2019 888 2055 βούλονται
904 2020 929 2048 οι

138 2063 251 2096 κανόνες
267 2065 332 2096 τοὺς
345 2065 513 2097 ἐπισκόπους
529 2065 735 2101 προσέρχεσθαι
753 2066 869 2101 βασιλεῖ.
881 2066 931 2094 καὶ

138 2109 257 2144 ἀνοχλεῖν
270 2111 344 2146 αὐτῷ
358 2111 430 2146 ὑπὲρ
445 2112 554 2139 οἰκείων
574 2112 708 2148 δεήσεων.
729 2113 810 2141 Ἀλλά
825 2114 873 2141 καὶ
886 2115 931 2141 ὅτε

141 2155 233 2190 μέλλοι
260 2164 303 2188 τις
325 2157 476 2192 ἀναγκαῖόν
501 2167 528 2185 τι
555 2159 715 2194 ἀνενεγκεῖν
740 2159 862 2195 βασιλεῖ,
893 2161 933 2197 μὴ

140 2201 310 2237 ἀπέρχεσθαι
322 2203 386 2230 ἀνευ
399 2203 513 2239 γνώμης
529 2204 584 2231 τῶν
607 2205 658 2241 τῆς
671 2205 805 2242 ιπαρχίας
819 2207 932 2234 ἐπισκό-

141 2256 211 2281 πων,
227 2249 276 2283 ἀφ’
289 2247 324 2285 ἧς
340 2250 388 2276 καὶ
409 2251 423 2277 ό
446 2251 578 2278 ἀπελθεῖν
602 2251 709 2287 μέλλων
723 2252 792 2286 ἔστι,
811 2252 930 2289 μάλιστα

143 2295 169 2322 Bt
184 2294 232 2322 τοῦ
250 2297 451 2331 μητροπολίτου
472 2297 522 2332 τῆς
537 2297 674 2334 ἐπαρχίας
687 2298 806 2334 ἐκείνης.
832 2299 884 2327 Τδν
903 2299 933 2326 δὶ

138 2340 302 2376 ὁρμήσαντα
317 2341 403 2378 χωρὶς
417 2343 530 2379 γνώμης
548 2343 603 2379 (48)
616 2344 664 2371 καὶ
685 2344 861 2380 γραμμάτων
883 2343 931 2372 τοῦ

144 2387 347 2422 μητροπολίτου
364 2388 493 2416 ἀπελθεῖν
509 2390 578 2424 πρὸς
593 2389 706 2425 βασιλέα
722 2391 928 2427 καθαιρεῖσθαι.

149 2433 178 2460 '0
202 2433 231 2460 at
254 2434 304 2469 τῆς
327 2436 357 2462 ὲν
379 2435 497 2470 Σαρδικῇ
520 2435 630 2462 συνόδου
649 2434 673 2467 ζ’
683 2435 776 2463 κανὼν
793 2437 840 2464 καὶ
855 2440 892 2473 η’,
909 2437 933 2464 εί

143 2480 189 2508 διὰ
201 2481 331 2517 βοήθειαν
345 2482 440 2518 χηρῶν
455 2482 502 2509 καὶ
516 2482 644 2518 ὀρφανῶν
669 2483 716 2510 καὶ
731 2483 867 2519 πενήτων,
887 2484 936 2511 καὶ

144 2527 249 2555 λαῖκῶν
266 2529 497 2568 προσφευγόντων
510 2530 542 2564 τῇ
559 2529 694 2565 ἐκκλησίᾳ
709 2529 899 2565 ἀδικουμένων
915 2530 932 2566 ἤ

146 2574 458 2611 καταδυναστευομένων
480 2574 497 2611 ἢ
519 2574 767 2611 ἀποστερουμένων
787 2576 844 2603 τῶν
869 2577 936 2612 ἀνη-

976 1609 1056 1644 gione
1065 1610 1164 1641 sponte
1176 1612 1225 1632 sua
1238 1604 1271 1631 ad
1283 1602 1475 1637 imperatorem
1486 1598 1627 1634 profectus
1637 1601 1690 1624 est.
1702 1595 1771 1636 Cum

976 1655 1049 1683 enim
1062 1653 1090 1681 in
1101 1652 1212 1680 urbium
1220 1650 1313 1684 regina
1323 1652 1458 1678 versetur,
1469 1646 1512 1672 vel
1535 1641 1771 1678 imperatorisjus-

977 1710 1021 1735 stt,
1037 1701 1077 1729 vel
1090 1696 1264 1735 patriarcbali
1275 1695 1468 1730 permissionc,
1478 1692 1546 1719 citra
1557 1690 1642 1731 ullum
1654 1688 1773 1724 impedi-

977 1753 1099 1777 mentum
1119 1746 1310 1781 imperatorem
1327 1740 1488 1771 convenict,
1507 1743 1535 1767 et
1559 1745 1634 1770 cum,
1661 1736 1772 1764 illorum

977 1803 1040 1831 quae
1056 1792 1183 1824 voluerit,
1200 1788 1368 1817 admonebit.
1389 1784 1567 1821 Imperatoris
1579 1788 1671 1812 autem
1693 1783 1773 1818 jussu

979 1829 1116 1878 proﬁcisci
1131 1836 1281 1868 antistites,
1292 1841 1346 1869 quo
1355 1832 1424 1868 jussi
1436 1831 1549 1863 fuerint,
1561 1830 1643 1857 etiam
1656 1829 1714 1858 sine
1730 1835 1793 1873 εγ-Χ

979 1886 1072 1915 nodali
1097 1890 1246 1913 consensu,
1271 1880 1297 1906 in
1313 1877 1432 1906 diversis
1453 1884 1590 1905 canonum
1610 1877 1776 1910 interpreta-

980 1931 1103 1961 tionibus
1124 1930 1291 1958 declaratum
1307 1931 1368 1960 est;
1392 1932 1443 1954 nec
1465 1929 1529 1952 sunt
1545 1930 1577 1951 ea
1599 1929 1613 1949 ε
1631 1920 1712 1948 nobis
1728 1927 1774 1946 re-

980 1977 1108 2016 petenda.

1017 2021 1310 2058 ZONAR.Episcopos
1329 2020 1526 2054 imperatorem
1549 2015 1638 2046 adire,
1659 2013 1777 2048 ejusque

983 2080 1064 2102 aures
1086 2071 1198 2107 privatae
1216 2068 1256 2096 rei
1279 2073 1363 2095 causa
1383 2062 1549 2099 importunis
1573 2060 1704 2098 precibus
1727 2058 1779 2085 ob-

983 2104 1109 2150 tundere,
1123 2116 1175 2144 nisi
1189 2121 1251 2143 cum
1268 2113 1295 2141 id
1312 2119 1426 2148 prorsus
1441 2107 1600 2138 necessario
1618 2104 1776 2133 iaciendum

983 2147 1029 2198 sit,
1045 2147 1164 2192 canones
1174 2159 1246 2188 haud
1264 2147 1371 2186 sinunt.
1393 2155 1495 2183 Verum
1511 2158 1539 2181 et
1554 2153 1577 2180 si
1600 2150 1711 2187 quando
1727 2147 1778 2177 all-

985 2211 1050 2248 quid
1075 2209 1109 2237 ad
1135 2209 1327 2242 imperatorem
1354 2202 1464 2231 deferre
1491 2200 1628 2236 quispiam
1663 2203 1778 2225 necesse

987 2241 1125 2288 habuerit,
1141 2241 1193 2282 nisi
1209 2252 1270 2287 ejus
1282 2250 1443 2286 provinciae,
1457 2255 1491 2276 ex
1505 2254 1558 2282 qua
1575 2245 1633 2280 ipse
1648 2247 1702 2274 est,
1719 2241 1780 2276 epi-

987 2303 1093 2338 scopis,
1109 2308 1141 2329 ac
1161 2297 1372 2332 metropolitano
1390 2293 1543 2330 praesertim
1563 2289 1687 2325 ejusdem
1713 2294 1778 2323 pro-

987 2333 1089 2375 vinciae
1107 2342 1307 2373 consentiente.
1334 2338 1470 2376 proﬁcisci
1498 2340 1604 2364 vetant.
1633 2333 1684 2368 Qui
1714 2340 1780 2361 vero

988 2393 1094 2429 absque
1111 2386 1314 2424 metropolitani
1327 2393 1464 2414 consensu
1482 2392 1514 2411 ac
1529 2382 1627 2410 litteris
1641 2381 1674 2408 ad
1694 2381 1780 2415 impe-

985 2427 1106 2468 ratorem
1132 2436 1207 2464 adire
1231 2434 1259 2463 in
1284 2434 1407 2461 animum
1434 2430 1584 2462 induxerit,
1606 2427 1780 2464 depositione

985 2485 1095 2515 multari
1113 2483 1221 2520 jubent.
1241 2479 1411 2510 Sardicensis
1439 2485 1506 2506 vero
1530 2475 1627 2512 synodi
1656 2481 1779 2501 canones

987 2533 1003 2559 7
1031 2535 1057 2558 et
1073 2530 1090 2558 8
1120 2529 1261 2565 episcopo.
1287 2531 1317 2555 ut
1331 2526 1482 2554 viduarum
1506 2522 1728 2558 pupillorumque
1754 2523 1782 2546 et

991 2564 1146 2614 pauperum
1158 2581 1269 2602 causam
1284 2576 1357 2608 agat,
1374 2578 1406 2598 ac
1423 2569 1503 2599 laicis
1520 2566 1721 2604 patrocinetur,
1733 2564 1780 2600 qui

777 2645 872 2677 Guill.
889 2647 1053 2688 Beveregii
1069 2649 1166 2679 notia.

182 2721 239 2759 (47)
258 2720 341 2759 Ἐπεζ
359 2720 391 2748 δὲ
406 2729 504 2759 τινες..
519 2720 581 2759 Πιιξσ
597 2728 684 2755 usqtte
705 2720 738 2759 ad
753 2720 837 2759 linem
849 2721 922 2756 huju:

986 2723 1126 2759 sequentia
1142 2722 1258 2759 zonaraa
1270 2717 1353 2759 verba
1365 2716 1453 2759 codex
1467 2708 1780 2759 Ame_rba_cltiaptis_ple:

149 2756 321 2798 Balsamunis
334 2756 570 2798 interpretationis
585 2763 618 2782 ex
633 2756 854 2798 ina-Bodleiano
868 2765 933 2792 sup-

148 2792 283 2833 plevimus
298 2800 306 2819 :
321 2792 377 2833 sed
389 2796 500 2820 exstant
520 2792 603 2833 etiam
632 2791 659 2832 in
688 2791 930 2833 Atherbal-hianti;

149 2825 255 2856 necnon
274 2827 301 2854 in
329 2826 456 2861 Tiliano;
487 2833 551 2854 nam
577 2825 731 2854 Gentianus
750 2826 884 2855 llervetus
898 2835 931 2855 ea

148 2863 234 2890 latine
252 2862 346 2890 vertit.

184 2897 239 2933 (48)
254 2897 310 2925 Τὸν⁸
325 2897 358 2925 δὲ
374 2896 550 2934 ὁρμήσαι-τα
563 2896 653 2934 χωρὶς
670 2895 797 2933 γνώμης,
827 2897 889 2926 ΙΙπο
904 2902 930 2927 et

983 2744 1259 2793 Biil‘s'"s'i2£ie§ii,"¥a;
1274 2744 1303 2779 δὲ
1317 2752 1482 2793 ὁρμήσαντῆ
1497 2744 1783 2793 γνόξμῃςιχ-ῳρξί-ιξαέ

1002 2794 1173 2831 ραμιμάτων.
1202 2784 1499 2831 ιεητρρτξολίξοὲμὲῗὶ.
1515 2790 1580 2831 ,ἒυίν
1597 2779 1782 2831 ιὲξίῗῖίξῗῖξ

1001 2815 1335 2861 ζιζλθέῖνῖτρδςτβάσὶλέα,
1352 2821 1499 2850 ἐκπίπτειν
1515 2817 1567 2853 τῆς
1595 2816 1674 2850 ἀξίας
1693 2815 1792 2856 αὑτοῖν

983 2865 1043 2901 ἦτοι
1060 2861 1266 2898 καθαιρεῖσθαι.
