1935 3081
157 121 170 138 ν
197 117 264 150 13οἸ

830 118 970 165 senon.
988 119 996 149 ι

1062 118 1191 150 sanos
1288 120 1290 122 '
1509 110 1529 115 '
1772 110 1853 152 iace

195 184 225 204 se
239 183 288 213 per
301 175 429 213 iniuriam
452 183 468 204 a
493 175 698 212 potentioribus
717 175 847 212 opprimi,
867 184 984 212 suaque

1062 176 1144 204 όντων
1159 177 1297 214 αὑτοῖς,’ἢ
1313 176 1363 205 καὶ
1377 176 1589 213 περιορισθῆνιι
1601 169 1658 204 ὂιὶ
1670 177 1853 214 πταίσματα

195 223 246 251 sibi
256 223 355 258 injuste
363 222 429 258 eripi
438 226 602 257 queruntur,
613 227 813 259 proptereaque
821 223 855 251 ab
865 223 988 251 Ecclesia

1062 224 1316 257 αταδιιιασθέντων,
1340 225 1502 261 προσελθεῖν
1535 224 1625 252 ἐθέλοι
1649 224 1690 260 τῷ
1719 223 1850 259 βασιλεῖ,

195 269 248 297 sibi
271 268 351 305 ιιι
377 268 508 295 auxilium
532 273 695 304 exposcunt,
718 273 766 297 aut
780 268 863 296 etiam
887 269 988 304 quibus

1062 269 1195 305 κχωροῢσι
1207 270 1246 306 τῷ
1261 270 1375 306 τοιούτῳ
1391 270 1502 298 ἀπιέναι
1516 277 1524 286 ⁸
1539 270 1642 304 μᾶλλον
1661 269 1689 296 δὲ
1710 269 1850 297 διάκονον

195 316 231 343 ob
252 315 358 351 aliquas
372 314 462 343 delicti
481 314 649 343 offensiones
662 315 752 344 exsilii
770 323 849 351 pcena
867 315 987 350 irrogata

1062 316 1162 343 τέλλειν
1177 317 1278 344 οἰκεῖον
1289 317 1358 353 προς
1375 317 1420 343 τὸν
1435 316 1551 352 βασιλέα
1569 315 1640 351 μετᾶ
1657 317 1849 351 γραμμάτων

196 366 249 394 est,
269 362 461 396 imperatorem
483 361 600 390 adeundi
619 361 776 390 facultatem
804 368 867 390 esse
890 361 985 389 decer-

1062 363 1080 393 ῖς
1098 363 1262 397 ἐπικουρίαν
1273 363 1327 390 τῶν
1342 363 1572 398 προσφευγόντων
1584 363 1618 397 τῇ
1637 361 1809 397 “Exitio-pit}.

197 412 264 436 nunt
283 408 555 438 :diaeonumtamen
582 410 675 446 potius
695 417 758 438 eum
780 410 878 438 litteris
899 417 982 438 suum
1002 409 1036 438 ad
1058 410 1253 446 imperatorem
1269 410 1352 444 mitti,
1366 416 1454 445 coque
1474 413 1556 445 pacto
1596 407 1728 437 Ecclesiae
1777 416 1849 444 sup-

197 455 314 490 plicibus
325 455 453 491 opitulari
469 456 570 491 placet.

196 503 309 533 ARIST.
329 513 339 530 ι
359 503 513 540 Episcopus
529 504 570 532 vel
586 505 739 541 presbyter,
751 504 801 541 qui
815 511 864 532 sua
879 509 990 540 spome,

234 559 244 576 ι
260 553 289 578 et
307 558 360 578 non
377 550 526 585 provincias
539 551 745 586 metropolitani
759 551 839 586 jussu
873 551 992 586 impera-

239 604 250 622 ι
274 600 363 624 torem
385 595 456 629 adit,
468 596 663 625 communione
683 597 786 632 pariter
806 603 838 625 ac
854 596 991 632 dignitate

237 650 247 668 ι
265 642 386 670 excidat.
406 651 416 668 ι

234 685 452 715 lnobedientiam
476 688 504 716 in
528 689 660 717 omnibus
682 689 810 718 tollentes
836 689 942 722 Patres,
963 691 991 716 et

197 734 515 767 eonstitutumfordiuem
526 740 733 770 conservantes,
742 735 888 771 prohibent
898 739 925 764 et
934 736 992 771 cpi.

198 786 309 814 scopas,
322 783 349 807 et
361 779 535 815 presbytero:
551 785 578 808 et
593 781 662 809 alios
673 781 792 816 catalogi
809 780 990 809 sacerdotslls

198 823 258 852 sine
274 824 400 860 primatis
416 825 459 854 sui
476 825 576 854 litteris
591 834 681 861 regem
699 826 777 854 adire
796 830 824 855 et
836 834 918 855 aures
930 826 990 860 ejus
1008 811 1028 839 Β

198 869 355 902 obturbare,
368 875 394 899 et
409 871 560 907 quidquam
576 872 610 900 de
622 873 760 908 aliquibus
774 873 887 901 referre.
904 872 937 900 Et
950 871 992 900 id-

199 915 273 944 eirco
287 924 350 943 eum
363 917 411 952 qui
422 917 482 945 sine
498 918 584 951 illius,
595 919 642 953 qui
660 919 810 953 provinciae
826 919 990 954 metropolis

198 965 241 1004 est
263 962 420 997 episcopus,
441 964 578 991 sententia
601 972 693 1000 regem
715 965 782 997 adit,
807 970 835 993 et
857 965 991 1001 dignitate

199 1008 298 1045 deponi
311 1009 420 1044 jubent,
437 1014 465 1038 et
477 1017 494 1038 a
510 1010 706 1039 communione
724 1011 823 1040 arceri.

504 1141 618 1171 CANON
633 1142 694 1171 XII.

201 1194 213 1212 ι
228 1185 256 1213 Si
268 1186 330 1222 quis
347 1187 488 1223 presbyter
500 1188 540 1216 vel
551 1187 684 1218 diaconus
696 1197 711 1217 a
727 1189 838 1225 proprio
850 1188 990 1223 episeopo,

239 1242 249 1260 ι
266 1234 308 1261 vel
325 1234 474 1270 episcopus
490 1241 505 1262 a
524 1235 629 1270 synodo
646 1234 802 1271 depositus,
823 1242 909 1262 ausus
934 1234 992 1262 fue-

242 1290 252 1307 ι
272 1280 308 1308 rit
333 1279 506 1316 imperatoris
534 1281 647 1309 auribus
673 1281 828 1310 molestiam
849 1280 990 1313 exhibere,

241 1337 251 1354 ι
273 1335 335 1355 cum
353 1331 476 1363 oporteat
491 1327 525 1355 ad
541 1329 673 1364 majorem
691 1327 829 1364 synodum
851 1327 987 1360 converti,

241 1381 250 1398 ι
268 1371 364 1408 etjus,
389 1372 461 1407 quod
482 1380 512 1400 se
540 1373 640 1401 habere
659 1378 748 1409 putat,
771 1373 804 1401 ad
825 1373 917 1408 plures
934 1372 992 1408 epi-

240 1427 250 1446 ι
273 1426 371 1454 scnpos
392 1418 507 1452 referre,
530 1427 682 1455 eorumque
703 1420 934 1448 examinationem
963 1423 990 1446 et

241 1473 251 1490 ι
267 1463 400 1499 judicium
427 1464 570 1500 suscipere
586 1473 594 1492 :
612 1465 636 1493 si
654 1465 745 1501 itaque
765 1465 808 1493 his
824 1464 990 1500 contemptis

242 1519 252 1536 ι
276 1509 434 1546 imperatori
451 1511 584 1539 molestus
604 1511 697 1545 fuerit,
712 1512 736 1541 is
753 1511 828 1539 nulla
851 1510 931 1540 venia
952 1511 994 1538 di-

242 1565 252 1582 ι
272 1563 353 1592 gnua,
370 1564 459 1591 neque
470 1557 513 1585 sui
527 1556 690 1585 defendendi
706 1557 797 1585 locum
813 1556 923 1590 habeat,
942 1562 994 1584 nec

206 1599 207 1604 “
242 1612 252 1629 ι
273 1604 454 1632 restitutionis
470 1603 568 1631 futura:
580 1611 656 1638 spem
676 1608 825 1639 exspectet.
844 1613 853 1630 ι

239 1648 341 1678 BALS.
356 1650 451 1679 Cuivis
468 1650 664 1684 condemnato,
680 1651 727 1686 qui
754 1659 784 1679 se
804 1651 906 1687 injuria
927 1652 996 1681 σίτο-

205 1702 278 1724 ctum
292 1702 377 1731 putet,
391 1696 583 1733 appellationis
595 1696 727 1724 auxilium
739 1697 832 1726 datum
848 1695 905 1726 est.
925 1698 997 1727 Dicit

205 1749 271 1777 ergo
283 1749 382 1775 canon,
396 1741 468 1776 quod
478 1742 530 1770 etsi
547 1742 598 1770 hoc
606 1743 744 1778 episcopis
755 1742 913 1778 datumiest.
923 1744 998 1772 simi-

205 1787 268 1816 liter
297 1791 325 1816 et
351 1788 477 1822 clericis;
496 1794 552 1816 non
576 1792 666 1816 tamen
692 1789 734 1817 eis
755 1789 918 1824 permissum
935 1792 996 1824 ;est,

177 1842 289 1868 ,aures
304 1833 394 1869 regias
407 1833 441 1862 de
455 1842 487 1862 ea
501 1842 529 1862 re
542 1834 705 1862 obtundere.
723 1834 752 1862 Si
764 1835 825 1870 quis
841 1843 917 1870 ergo,
930 1837 996 1864 reli-

207 1884 253 1909 cto
269 1881 303 1909 ad
325 1880 458 1916 majorem
480 1881 616 1918 synodum
637 1881 725 1914 aditu,
747 1881 997 1919 prmtermissisque

206 1922 278 1963 jurzs
288 1927 331 1956 sui
340 1935 432 1955 coram
443 1935 475 1955 ea
488 1928 700 1961 allegationibus
711 1936 760 1961 per
771 1928 996 1963 appellationem,

209 1974 243 2002 de
254 1982 284 2001 ea
301 1981 332 2002 re
342 1975 500 2010 imperatori
512 1975 644 2002 molestus
658 1974 753 2008 fuerit,
769 1983 824 2003 uon
839 1975 928 2003 solum
942 1982 997 2003 non

209 2020 362 2056 juvabltur,
381 2020 428 2048 sed
445 2020 557 2056 perinde
571 2021 687 2048 ac'nulln
702 2021 779 2048 venia
802 2021 911 2056 dignus,
938 2028 999 2049 om-

210 2075 272 2095 nem
283 2068 325 2096 sni
341 2068 413 2103 juris
433 2067 602 2104 preponendi
615 2067 728 2102 junuam
745 2068 798 2096 sibi
814 2068 951 2100 occludet,
971 2072 999 2096 et

210 2121 262 2142 nec
278 2122 354 2150 spem
369 2113 478 2150 quidem
491 2114 672 2142 restitutionis
685 2114 807 2142 habebit.
832 2113 936 2142 Dixerit
951 2122 1000 2141 au-

1039 502 1152 531 ΔΡΙΣΤ.
1188 511 1198 529 I
1225 502 1256 530 '0
1272 502 1394 539 προσιὼν
1409 502 1574 538 αὐτομάτως
1587 501 1627 538 τῷ
1644 501 1755 536 βασιλεῖ
1778 501 1847 528 ὲπίσ

1080 557 1091 575 ι
1114 556 1226 581 σκοπος,
1249 549 1266 584 ῆ
1291 548 1488 584 πρεσϐύτερος,
1517 548 1565 576 καὶ
1589 549 1651 584 οῠχὶ
1676 547 1848 580 κελευσθεὶς

1078 604 1089 621 ι
1111 595 1190 630 παρὰ
1204 594 1252 622 τοῦ
1275 595 1324 630 τῆς
1348 595 1443 631 χώρας
1465 594 1679 631 μητροπολίτου,
1696 596 1773 630 μετὰ
1793 594 1849 629 τῆς

1081 650 1091 668 ι
1111 641 1255 673 κοινωνίας
1268 641 1425 669 ἔκπιπτέτω
1439 642 1488 669 καὶ
1501 641 1552 676 τῆς
1567 641 1657 674 ἀξίας.
1680 650 1689 667 ι
1849 644 1856 688 Ι

1078 687 1117 715 Τδ
1128 687 1317 714 ἀνυπότακτον
1331 688 1359 714 ἑν
1376 688 1460 715 πᾶσιν
1477 687 1502 715 οἱ
1519 687 1644 723 Πατέρες
1656 687 1847 722 περιαιροῦν-

1042 742 1099 766 τες,
1115 732 1162 760 καὶ
1184 732 1215 760 τδ
1240 733 1374 760 εὔτακτον
1401 733 1612 769 συντηροῦντες,
1626 733 1769 760 κωλύουσι
1797 732 1848 758 καὶ

1041 779 1106 811 τοὺς
1119 779 1300 811 ἐπισκόπους,
1314 779 1362 807 καὶ
1382 780 1446 811 τοὺς
1473 779 1693 815 πρεσὸυτίρους,
1710 778 1758 805 καὶ
1776 779 1846 810 τοὺς

1044 823 1141 856 ἄλλους
1155 824 1204 851 τοῦ
1221 824 1361 860 ίερατικοῦ
1384 825 1540 860 καταλόγου
1563 825 1630 852 ἄνευ
1658 820 1846 860 γραμμάτων

1044 870 1091 898 τοῦ
1109 870 1220 907 πρώτου
1248 871 1338 898 αὐτῶν
1362 870 1432 907 πρὸς
1454 871 1568 907 βασιλέα
1589 871 1778 906 ἀπέρχεσθαι,
1797 871 1847 898 καὶ

1043 917 1093 950 τὰς
1107 917 1194 948 ἀκοὰς
1213 916 1297 944 αὐτοῦ
1320 917 1511 953 παρενοχλεῖν,
1525 918 1574 945 καὶ
1597 917 1750 952 ἀναφέρειν
1776 917 1846 952 περί

1043 971 1138 990 τινων.
1159 962 1215 989 Καὶ
1228 962 1273 989 διὰ
1293 962 1374 989 τοῦτο
1397 963 1443 989 τὸν
1471 963 1535 990 ἄνευ
1560 962 1675 997 γνώμης
1697 961 1746 988 τοῦ
1766 963 1845 988 κατὰ

1043 1007 1093 1044 τὴν
1109 1008 1276 1044 μητρόπολιν
1296 1010 1345 1044 τῆς
1358 1008 1495 1045 ἐπαρχίας
1511 1008 1664 1035 ἐπισκόπου
1679 1007 1719 1043 τῷ
1734 1008 1846 1043 βασιλεῖ

1045 1055 1192 1089 προσιόντα
1204 1056 1251 1081 καὶ
1265 1054 1314 1089 τῆς
1327 1055 1405 1087 ἀξίας
1417 1054 1612 1090 καθαιρεῖσθαι
1624 1054 1845 1090 προστάττουσι,

1045 1100 1094 1128 καὶ
1107 1101 1159 1136 τῆς
1172 1101 1316 1133 κοινωνίας
1331 1100 1526 1136 ἀπείργεσθαι.

1347 1147 1468 1174 ΚΑΝΩΝ
1480 1146 1531 1174 ιη’.

1051 1202 1061 1221 ι
1081 1193 1114 1221 ΕΙ
1133 1202 1176 1225 τις
1200 1193 1253 1220 ὑπὸ
1267 1193 1314 1220 τοῦ
1330 1192 1396 1220 ίδίου
1411 1193 1560 1221 ὶπισκόπου
1581 1193 1755 1230 καθαιρεθεὶς
1774 1202 1844 1228 πρε.

1080 1248 1090 1266 ι
1113 1238 1245 1274 σθύτερος
1275 1239 1446 1274 ῆδιάκονος,
1470 1239 1487 1275 ἢ
1516 1240 1564 1266 καὶ
1594 1240 1752 1271 ἐπίσκοπος
1789 1240 1844 1267 una

1084 1295 1094 1313 ι
1117 1286 1245 1319 συνόδου,
1277 1285 1394 1322 όχλῆσαι
1423 1286 1571 1322 τολμήσειε
1607 1286 1658 1319 τὰς
1693 1287 1843 1321 βασιλικὰς

1082 1341 1091 1360 ι
1113 1332 1210 1365 ἀκοὰς,
1229 1332 1292 1360 δέον
1316 1332 1363 1360 ἐπὶ
1397 1332 1510 1368 μείζονα
1543 1332 1703 1359 ἐπισκόπων
1729 1333 1841 1360 σύνοδον

1083 1388 1094 1406 ι
1113 1378 1273 1413 τρέπεσθαι,
1291 1379 1340 1406 καὶ
1366 1378 1384 1405 ἃ
1408 1378 1513 1413 νομίζει
1537 1377 1630 1405 δίκαια
1650 1377 1724 1413 ἔχειν
1752 1386 1841 1413 προσ-

1081 1433 1092 1452 (
1113 1424 1260 1459 αναςρέρειν
1282 1424 1405 1451 πλείοσιν
1429 1423 1600 1457 ἐπισκόποις,
1627 1424 1676 1451 καὶ
1696 1424 1747 1460 τὴν
1771 1423 1842 1457 παρ’

1082 1480 1093 1498 ι
1115 1471 1206 1509 αὐτῶν
1228 1471 1354 1504 ἐξέτασίν
1375 1479 1406 1498 τε
1433 1472 1481 1498 καὶ
1502 1470 1644 1505 ἐπίκρισιν
1665 1470 1841 1505 δκδέχεσθαι·

1081 1527 1091 1546 ι
1112 1519 1136 1545 εί
1151 1518 1180 1546 δὲ
1199 1518 1302 1546 τούτων
1322 1518 1495 1554 ὀλιγωρήσας
1518 1517 1673 1553 ὲνοχλήοειε
1704 1516 1745 1551 τῷ
1763 1515 1841 1551 βασι-

1080 1574 1090 1590 ι
1111 1565 1164 1597 λεῖ,
1186 1564 1233 1592 καὶ
1259 1563 1355 1592 toﬁ-Iov
1380 1563 1449 1600 μηδὲ
1472 1563 1538 1599 μιᾶς
1560 1562 1729 1597 συγγνώμης
1741 1561 1837 1595 ἀξιοῦ-

1086 1619 1096 1637 ι
1117 1610 1192 1645 σθαι,
1209 1611 1277 1647 μηδὲ
1302 1610 1396 1647 χώραν
1416 1610 1567 1644 ἀπολογίας
1591 1609 1676 1645 ἔχειν,
1698 1609 1768 1644 μηδὲ
1791 1609 1842 1635 ιλ-

1085 1667 1094 1684 ι
1116 1657 1181 1683 πίδα
1195 1656 1348 1693 μελλούσης
1363 1655 1615 1687 ἀποκαταστάσεως
1637 1654 1808 1690 προσδοκᾷν.
1829 1663 1839 1680 ι

1088 1703 1186 1731 ΒΑΛΣ.
1215 1703 1301 1730 Παντὶ
1333 1702 1579 1737 καταδικαζομένῳ
1606 1701 1655 1729 καὶ
1683 1700 1841 1728 ἀδικεῖσθαι

1048 1749 1166 1785 οἰομένῳ
1186 1750 1203 1785 ἡ
1227 1749 1276 1784 τῆς
1294 1749 1428 1784 ἐκκλήτου
1445 1747 1524 1782 ἐδόθη
1542 1748 1666 1783 βοήθεια.
1682 1748 1755 1783 Φησὶ
1775 1747 1840 1782 γοῦν

1048 1796 1062 1824 ό
1078 1795 1169 1823 κανὼν
1185 1795 1232 1828 ὡς,
1249 1795 1274 1822 εί
1292 1796 1340 1822 καὶ
1361 1794 1471 1830 ἐνεδόθη
1486 1794 1566 1821 τοῦτο
1587 1795 1645 1825 τοῖς
1665 1794 1839 1826 ἐπισκόποις,

1049 1843 1181 1875 ὡσαύτως
1204 1843 1253 1870 καὶ
1271 1844 1328 1874 τοῖς
1349 1842 1505 1878 κληρικοῑς,
1528 1841 1586 1869 ἀλλ’
1607 1842 1658 1868 οὐκ
1681 1841 1838 1877 ὲξεχωρήθη

1050 1890 1098 1917 καὶ
1112 1889 1162 1921 τὰς
1172 1888 1315 1924 βασιλικὰς
1328 1889 1413 1921 ἀκοὰς
1423 1888 1507 1924 χάριν
1520 1887 1617 1915 τούτου
1633 1888 1735 1923 όχλείν.
1750 1888 1783 1914 Et
1797 1896 1838 1918 τις

1049 1935 1096 1962 οὖν
1115 1934 1275 1962 καταλιπὼν
1294 1934 1326 1961 τὸ
1352 1934 1512 1970 προσελθεῖν
1535 1934 1642 1970 μείζονι
1669 1934 1775 1970 συνόδῳ
1795 1935 1840 1961 καὶ

1050 1981 1194 2017 γυμνάσαι
1211 1981 1261 2013 τὰς
1274 1980 1383 2012 δικαίας
1406 1979 1592 2015 δικαιολογίας
1607 1982 1678 2008 κατὰ
1694 1980 1778 2014 λόγον
1793 1981 1838 2007 ἐκ·

1051 2027 1165 2062 κλήτου,
1178 2026 1290 2062 όχλήσει
1306 2026 1421 2062 βασιλέα
1435 2026 1500 2062 περὶ
1515 2026 1625 2059 τούτου,
1643 2027 1674 2053 οὺ
1692 2027 1774 2061 μόνον
1788 2027 1838 2053 οὐκ

1050 2073 1269 2109 ὠφεληθήσεται,
1287 2073 1345 2101 ἀλλ’
1360 2073 1398 2105 ὡς
1416 2073 1553 2109 μηδεμιᾶς
1569 2072 1737 2107 συγγνώμης
1749 2071 1840 2104 ἁξιοὺς

1052 2128 1152 2154 μενος,
1178 2120 1270 2146 πᾶσαν
1293 2119 1380 2155 θύραν
1405 2118 1510 2150 οἰκείας
1540 2117 1725 2152 δικαιολογίας
1754 2116 1840 2152 ἑαυτῷ

212 2165 265 2187 tem
299 2160 455 2195 quispiam;
473 2159 542 2187 Cum
565 2167 655 2187 canon
678 2159 752 2187 dicat
774 2159 915 2196 depositas
942 2167 996 2188 non

1062 2164 1228 2200 πιζυγώσει,
1244 2166 1289 2193 καὶ.
1303 2164 1367 2192 οὐδὲ
1383 2165 1479 2192 ἐλπίδα
1506 2164 1562 2197 ἕξει
1578 2163 1838 2194 ἀποκαταστάσεως.

211 2204 311 2232 debere
328 2204 361 2232 ad
379 2204 570 2240 imperatorem
583 2205 724 2239 accedere,
742 2205 790 2234 sed
812 2205 845 2233 ad
867 2206 999 2241 majorem

211 2251 359 2287 synodum,
375 2255 405 2278 ut
424 2251 458 2284 is,
473 2252 519 2286 qui
531 2251 600 2280 forte
617 2252 651 2280 ab
669 2252 809 2287 Ephesino
824 2252 865 2280 vel
883 2252 999 2281 Thessa-

212 2296 346 2325 lonieensi
356 2297 497 2333 depositus
513 2301 567 2332 est,
585 2297 618 2327 ad
641 2299 826 2334 patriarcham
851 2299 999 2328 universa-

210 2345 295 2372 salem
307 2348 381 2372 recte
390 2346 518 2374 accedere
528 2350 658 2382 cogetur:
673 2346 720 2382 qui
731 2354 796 2375 vero
808 2355 823 2374 a
844 2347 1001 2383 patriarcha

211 2391 411 2420 condemnatus
434 2395 487 2423 est,
508 2399 570 2419 cum
594 2399 649 2419 non
665 2392 764 2420 habeat
782 2400 837 2427 quo
848 2392 1001 2428 confugiat,

213 2437 245 2464 ad
259 2437 449 2473 imperatorem
466 2439 611 2472 accedens,
628 2439 768 2473 punietur,
781 2446 816 2466 an
834 2439 908 2466 non?
923 2438 1001 2467 Solu-

212 2484 259 2512 tio.
277 2483 404 2512 Nonnulli
423 2484 563 2517 dicebant,
584 2486 611 2511 in
627 2491 721 2512 eorum
734 2491 842 2520 quoque
852 2485 1002 2514 sententias

212 2530 302 2559 locum
320 2530 421 2559 habere
437 2539 480 2564 ea,
502 2539 563 2566 qua:
580 2538 594 2558 a
608 2538 715 2559 canone
732 2530 872 2563 dicuntur,
887 2531 1003 2567 excepto

215 2578 373 2609 universali.
396 2578 526 2613 quoniam
550 2576 790 2613 llicrosolymitani
815 2578 949 2606 sententia
968 2578 1003 2606 ab

213 2623 384 2651 Antioihcno
401 2624 579 2658 dijudicetur,
594 2629 621 2651 et
649 2624 812 2652 Antiocheui
834 2625 868 2652 ab
885 2625 1004 2653 Alexan-

213 2669 304 2702 drino,
319 2673 346 2697 et
360 2670 400 2697 sic
413 2670 542 2704 deinceps
558 2669 709 2697 secundum
725 2670 855 2705 majorem
869 2671 1001 2698 uniuscu-

211 2715 312 2752 jusque
334 2716 470 2743 ordincm.
495 2715 558 2743 Mihi
581 2720 671 2744 autem
697 2716 803 2744 videtur
827 2724 915 2744 canon
943 2725 1003 2746 esse

212 2762 304 2790 editus
331 2766 444 2797 propter
463 2762 614 2791 sententias
632 2762 748 2791 aliorum
765 2763 956 2799 episcOporum
976 2767 1004 2791 et

212 2807 495 2842 metropolitanorum,
509 2815 561 2836 non
571 2808 652 2836 etlam
663 2808 892 2844 patriarcharum.
903 2807 1003 2840 Eorum

216 2852 289 2880 enim
311 2853 452 2882 sentcntiae
470 2854 645 2890 appellationi
668 2863 729 2882 nou‘
753 2854 1002 2892 subjiciunturrl‘lt

1055 2211 1135 2239 Εἴποι
1158 2211 1188 2239 δέ
1208 2220 1251 2245 τις
1267 2211 1316 2246 ὡς,
1334 2211 1381 2238 τοῦ
1397 2211 1508 2243 κανόνος
1525 2210 1652 2246 λέγοντος
1670 2209 1708 2245 μὴ
1725 2209 1840 2244 προσέρ-

1053 2256 1150 2299 χεσθαι
1164 2257 1210 2284 τὸν
1227 2257 1428 2294 καθαιρεθέντα
1448 2256 1565 2291 βασιλεῖ,
1589 2256 1659 2283 ἀλλὰ
1677 2255 1784 2291 μείζονι
1798 2264 1842 2282 σν-

1053 2303 1131 2338 νόδῳ,
1147 2303 1162 2330 ὁ
1184 2303 1234 2339 μὲν
1257 2302 1433 2337 καθαιρεθεὶς
1455 2302 1508 2330 ὑπὸ
1524 2302 1572 2330 τοῦ
1591 2302 1709 2336 Ἐφέσου
1732 2301 1839 2336 τυχδνῆ

1053 2350 1100 2376 τοῦ
1116 2349 1315 2384 Θεσσαλονίκης
1323 2348 1362 2384 τῷ
1376 2348 1573 2384 οίκουμενικῷ,
1592 2348 1751 2383 πατριάρχῃ
1766 2347 1839 2374 εὐλό-

1053 2402 1110 2428 γως
1127 2394 1286 2430 προσελθεῖν
1298 2394 1552 2430 ἀναγκασθήσεται·
1567 2394 1581 2420 ό
1595 2393 1624 2420 δὲ
1638 2393 1690 2419 ὑπὸ
1705 2392 1839 2428 πατριάρ-

1054 2449 1101 2477 χου
1130 2440 1340 2473 καταδικασθεὶς
1367 2440 1407 2477 μὴ
1427 2440 1499 2476 ἔχων
1525 2441 1595 2468 ὅπου
1621 2439 1781 2475 προσερύγῃ.
1802 2438 1840 2473 τῷ

1055 2485 1160 2522 βασιλεῖ
1179 2486 1397 2522 προσερχόμενος
1409 2486 1619 2522 κολασθήσεται,
1635 2486 1651 2521 ἢ
1666 2485 1715 2518 οῦς
1736 2485 1837 2516 Λῦσις.

1055 2532 1132 2563 Τινὲς
1147 2532 1196 2568 μὲν
1207 2532 1284 2559 εἷπον
1296 2533 1342 2559 καὶ
1356 2533 1395 2564 εἰς
1406 2532 1455 2564 τὰς
1468 2532 1622 2566 ἀποφάσεις
1635 2531 1739 2558 τούτων
1751 2530 1839 2565 χώραν

1057 2577 1128 2613 ἔχειν
1143 2578 1177 2605 τὰ
1189 2578 1237 2604 τοῦ
1255 2579 1370 2610 κανόνος
1383 2579 1448 2605 ἄνευ
1470 2578 1517 2605 τοῦ
1534 2577 1740 2612 οἰκουμενικοῦ,
1754 2577 1796 2603 διὰ
1811 2577 1839 2602 τὸ

1055 2624 1105 2660 τὴν
1119 2624 1167 2651 τοῦ
1188 2623 1384 2660 Ἰεροσολύμων
1400 2624 1537 2658 ἀπόφασιν
1552 2623 1749 2658 ἀνακρίνεσθαι
1768 2622 1840 2656 παρὰ

1055 2669 1102 2696 τοῦ
1124 2669 1301 2706 Ἀντιοχείας,
1320 2671 1366 2696 καὶ
1381 2670 1431 2704 τὴν
1444 2669 1492 2696 τοῦ
1519 2669 1678 2704 Δντιοχείας
1703 2668 1778 2703 παρὰ
1794 2667 1838 2694 τοῦ

1061 2714 1278 2750 Ἀλεξανδρείας,
1293 2715 1341 2742 καὶ
1357 2714 1456 2750 ἐφεξῆς
1478 2714 1550 2741 κατὰ
1567 2714 1617 2749 τὴν
1639 2714 1753 2748 μείζονα
1768 2713 1840 2746 τάξιν

1056 2760 1172 2787 ἑκάστου
1188 2760 1294 2788 αὐτῶν·
1313 2761 1375 2796 ἐμοὶ
1397 2760 1426 2788 δὲ
1443 2760 1517 2787 δοκεῖ
1536 2760 1582 2786 τὸν
1598 2760 1701 2786 κανόνα
1721 2761 1838 2794 ὲκφωνη·

1058 2807 1138 2842 θῆναι
1151 2807 1195 2834 διὰ
1212 2807 1262 2839 τὰς
1278 2806 1432 2842 ἀποφάσεις
1448 2805 1503 2832 τῶν
1517 2805 1606 2833 ἄλλων
1621 2805 1782 2832 ἐπισκόπων
1797 2805 1840 2832 καὶ

1057 2853 1111 2880 τῶν
1139 2853 1356 2889 μητροπολιτῶν,
1372 2852 1402 2880 οὐ
1429 2851 1482 2888 μὴν
1506 2851 1552 2885 καὶ
1575 2850 1629 2879 τῶν
1651 2851 1839 2888 πατριαρχῶν.
