1935 3081
121 142 187 179 nos
419 130 442 150 ⁸

156 257 166 274 ι
187 247 306 284 ἐπαρχίᾳ
319 249 489 284 ἐπισκόπων,
506 249 555 278 καὶ
568 250 688 285 μάλιστα
703 250 758 278 τῶν
771 252 843 279 κατά
857 252 907 287 τὴν

154 303 163 320 ι
190 293 369 329 μητρόπολιν,
381 295 514 332 ὁρμήσειε
537 297 606 333 πρὸς
627 297 742 332 βασιλέα
765 298 907 333 ἀπελθεῖν,

154 349 164 366 ι
186 340 281 367 τοῦτον
306 342 563 378 ἀποκηρύττεσθαι,
588 344 636 370 καὶ
658 344 814 381 ἀπόϐλητον
835 345 910 379 γίνε-

154 397 162 413 ι
186 386 247 413 σθαι
276 387 307 414 οὐ
331 388 413 423 μόνον
436 389 486 424 τῆς
509 391 671 424 κοινωνίας,
697 391 766 419 ἀλλά
790 392 838 419 καὶ
858 392 911 427 τῆς

126 464 129 466 ,
157 443 167 461 ι
189 434 279 468 ἀξίας,
292 432 326 472 ἧς
352 435 477 472 μετέχων
499 437 640 472 τυγχάνει,
668 438 707 470 ὡς
728 439 909 475 παρενοχλεῖν

158 490 167 508 ι
189 482 334 516 τολμῶντα
363 482 413 513 τὰς
452 483 500 510 τοῦ
532 484 741 519 θεοφιλεστάτου
776 485 911 521 βασιλέως

125 555 128 557 ς
159 538 168 554 ι
192 528 270 563 ἡμῶν
285 529 370 561 ἀκόάς
390 529 465 565 παρὰ
482 530 528 557 τὸν
544 530 646 566 θεσμὸν
665 531 716 566 τῆς
732 531 910 567 Ἐκκλησίας.

157 583 167 600 ι
191 573 222 600 El
244 574 273 601 δὲ
302 575 440 608 ἀναγκαία
465 575 563 612 καλοίη
589 577 670 612 χρεία
700 577 771 612 πρὸς
796 577 912 612 βασιλέα

158 629 166 646 ι
188 619 289 655 όρμᾷν,
303 620 383 648 τοῦτο
398 622 532 657 πράττειν
546 623 617 657 μετά
632 623 754 658 σκέψεως
775 624 823 651 καὶ
839 624 911 658 γνώ-

158 676 168 692 ι
192 675 246 702 μης
271 667 319 695 τοῦ
343 668 416 695 κατά
439 669 490 704 τὴν
518 670 689 706 μητρόπολιν
710 671 760 706 τῆς
775 671 912 706 ἑπαρχίας

156 723 166 741 t
187 715 336 742 ἐπισκόπου
364 715 412 743 καὶ
433 717 488 743 τῶν
508 718 538 744 εν
567 718 655 753 αὐτῇ,
678 718 736 750 τοῖς
758 726 788 745 τε
808 717 913 745 τούτων

159 769 169 787 ι
188 761 351 797 γράμμασιν
367 762 570 797 ἑφοδιάζεσθαι.
592 773 603 790 ι

158 807 256 836 ΒΑΛΣ.
277 808 307 836 '0
323 809 420 844 παρὼν
435 809 524 838 κανὼν
535 811 682 847 διορίζεται
696 811 734 847 μὴ
765 812 845 848 μόνον
859 813 914 846 ἀφ-

121 853 275 888 ορίζεσθαι,
289 855 358 882 ἀλλὰ
373 856 421 882 καὶ
443 857 634 892 καθαιρεῖσθαι
655 858 718 890 τοὺς
739 859 780 890 είς
802 859 914 894 βασιλέα

122 901 329 937 ἀπερχομένους
342 904 511 937 ἐπισκόπους
525 905 541 939 ἢ
556 905 708 939 κληρικοὺς
729 904 794 932 ἀνευ
818 913 914 940 γραμ-

125 947 218 982 μάτων
229 948 277 976 τοῦ
292 950 364 977 κατά
381 950 473 987 χώραν
488 952 652 984 ἐπισκόπου,
670 952 718 979 καὶ
735 952 854 987 μάλιστα
865 951 913 979 τοῦ

125 994 345 1029 μητροπολίτου,
367 996 405 1028 ὡς
436 997 674 1034 παρενοχλοῦντας
697 998 748 1030 τὰς
771 998 916 1033 βασιλικὰς

124 1040 209 1071 ἀκοὰς
224 1041 300 1076 παρὰ
307 1041 350 1068 [ιά
365 1042 514 1078 δεδογμένα
525 1045 557 1080 τῇ
574 1044 741 1081 Ἐκκλησίᾳ·
758 1045 914 1079 ἀναγκαίας

124 1086 153 1114 δὲ
176 1087 364 1123 προκειμένης
388 1089 496 1122 αἰτίας,
522 1092 686 1126 παραχωρεῖ
710 1091 779 1127 πρὸς
803 1091 916 1127 βασιλέα

125 1134 220 1169 όρμᾷν
231 1135 300 1168 μετὰ
314 1135 454 1170 ἐγγράφου
469 1138 652 1173 ἐκχωρήσεως
664 1138 818 1171 συνοδικῆς.
835 1138 916 1165 Ἀνά-

125 1181 211 1213 γνωθι
229 1181 280 1216 τῆς
302 1182 331 1209 ἐν
355 1182 474 1219 Σαρδικῇ
498 1184 607 1212 συνόδου
629 1186 747 1217 κανόνας
771 1185 807 1218 ζ’,
830 1185 867 1220 η’,
882 1184 916 1218 θ’,

126 1230 181 1260 καθ,
194 1227 243 1255 καὶ
265 1229 317 1264 τῆς
337 1230 367 1256 ἐν
391 1231 556 1267 Καρθαγένῃ
579 1232 679 1259 κανόνα
704 1231 759 1268 ρς’.
785 1231 864 1259 Ἐπεὶ
888 1233 918 1259 δι

126 1278 199 1301 τινες
214 1271 270 1307 (Π)
283 1273 338 1300 τῶν
353 1274 487 1310 ῥημάτων
506 1276 554 1303 τοῦ
575 1277 709 1311 παρόντος
743 1277 855 1309 κανόνος
872 1278 918 1311 ὲξ-

126 1317 255 1352 εχόμενοι
279 1319 340 1354 (τῆς
364 1321 419 1356 γὰρ
444 1321 548 1353 ἐννοίας
574 1322 790 1358 ἀποδιίστανται)
810 1323 918 1352 θέλουσι

127 1363 192 1394 τοὺς
218 1363 407 1400 ἔνδημοῦντας
429 1368 571 1402 ἀρχιερεῖς
594 1369 634 1400 εις
658 1369 708 1404 τὴν
732 1369 788 1395 τῶν
812 1369 918 1397 πόλεων

129 1408 326 1444 βασιλεύουσαν
351 1413 421 1448 μετά
446 1414 575 1450 είδήσεως
597 1415 645 1442 καὶ
674 1415 835 1451 προτροπῆς
863 1425 917 1443 πα-

127 1457 306 1492 τριαρχικῆς,
318 1459 365 1485 καὶ
382 1459 420 1495 μὴ
435 1459 534 1492 ἄλλως.
553 1462 593 1492 είς
612 1461 747 1497 βασιλέως
760 1462 920 1499 προσκύνη-

131 1511 173 1530 σιν
187 1504 365 1540 ἀπέρχεσθαι,
375 1507 466 1541 φαμὲν
481 1508 522 1535 ὅτι
537 1508 570 1536 τὰ
583 1509 631 1536 τοῦ
646 1509 780 1545 παρόντος
796 1509 918 1542 κανόνος,

654 145 694 175 IN
713 144 796 176 CAN.
818 144 860 175 XI
875 142 986 175 CONC.
1002 144 1034 175 II
1048 145 1226 180 ANTIOCH.

155 213 164 228 ι
187 202 272 236 νόνος,
286 202 353 230 ἀνευ
377 202 492 239 γνώμης
506 202 553 232 καὶ
568 205 743 240 γραμμάτων
757 205 813 233 τῶν
825 206 856 233 ιν
869 207 903 242 τῇ
918 205 944 233 Δ

1683 147 1752 181 1306

1002 216 1013 233 ι
1028 207 1225 236 ecclesiastica
1250 206 1350 243 regula!
1372 201 1525 243 subjectus.
1550 207 1618 236 citra
1635 214 1749 236 senten—

1000 263 1010 281 ι
1029 255 1095 282 llam
1112 259 1139 282 et
1150 255 1256 282 litteras
1273 255 1468 290 episcoporum
1485 255 1634 289 provinciae
1650 259 1676 282 et
1694 262 1751 282 ma-

1001 310 1010 326 ι
1026 309 1098 329 xtme
1114 301 1401 336 metropolitanorum,
1414 301 1448 327 ad
1459 300 1652 334 imperatorem
1665 301 1751 336 proli-

998 355 1007 371 ι
1024 345 1090 373 cisci
1107 354 1254 382 aggressus
1266 346 1348 374 fuerit
1363 354 1370 374 :
1386 347 1409 374 is
1423 346 1568 373 abdicetur
1582 350 1608 373 et
1624 347 1752 381 ejiciatur

1004 400 1014 417 ι
1031 397 1085 419 non
1103 392 1192 419 solum
1209 399 1224 420 ι
1240 392 1446 425 communione,
1462 391 1510 419 sed
1531 392 1614 419 etiam
1632 399 1646 418 ιι
1662 391 1753 426 digni-

1002 445 1012 463 ι
1034 442 1100 469 tate,
1112 438 1192 472 cujus
1207 441 1249 466 est
1265 439 1421 474 particeps;
1441 442 1471 464 ut
1485 437 1532 472 qui
1549 434 1752 472 religiosissimi

1003 494 1012 511 ι
1037 484 1211 520 imperatoris
1232 485 1319 512 nostri
1345 484 1459 512 auribus
1481 483 1634 511 molestiam
1657 482 1756 510 atl‘crre

1004 540 1014 558 ι
1029 531 1129 558 audeat
1144 535 1244 566 praeter
1260 531 1342 558 ritum
1356 530 1494 558 Ecclesiae.
1512 529 1542 557 Si
1556 534 1646 557 autem
1662 537 1757 557 neces-

1003 587 1013 605 ι
1028 578 1119 607 sarius
1133 586 1198 607 usus
1215 579 1316 613 exigat,
1337 582 1367 605 ut
1380 576 1413 604 ad
1429 578 1624 612 imperatorem
1638 583 1668 604 se
1688 583 1756 603 con-
1813 602 1818 607 ,

1005 635 1015 652 ι
1036 626 1116 657 ferat,
1141 625 1168 652 id
1194 628 1256 660 agat
1276 632 1340 652 cum
1355 624 1554 652 deliberatione
1575 627 1602 650 et
1617 623 1756 650 sententia

1009 682 1019 699 ι
1041 672 1243 707 metropolitani
1270 671 1428 707 provinciae.
1445 676 1473 698 et
1494 670 1686 705 episcoporum
1709 668 1756 704 qui

1000 729 1009 746 ι
1026 723 1090 747 sunt
1109 718 1137 745 iu
1152 726 1203 752 ea;
1228 725 1380 753 eorumqtle
1393 717 1494 745 litteris
1509 716 1633 744 munitus
1646 713 1759 750 prolici-

1006 777 1016 794 ι
1037 770 1140 795 scatur.
1162 775 1171 792 ι

1003 811 1100 840 B.\LS.
1110 812 1235 840 Praesens
1265 818 1353 839 canon
1370 809 1504 842 decernit,
1528 815 1581 836 non
1596 806 1686 835 solum
1711 813 1758 833 se-

930 878 952 907 B
965 859 1085 896 gregari,
1096 859 1142 887 sed
1151 859 1232 887 etiam
1243 858 1341 893 deponi
1356 856 1500 892 episcopos
1515 855 1557 882 vel
1568 854 1698 907 clericos,
1711 852 1758 888 qui

969 905 1002 932 ad
1020 905 1215 940 imperatorem
1236 903 1463 939 proﬁciscuntur,
1487 901 1547 929 sine
1571 899 1673 927 litteris
1700 898 1760 933 epi-

968 950 1046 985 scopi
1071 949 1201 985 regionis,
1223 953 1250 977 et
1275 949 1394 976 maxime
1413 946 1629 982 metropolitani,
1652 950 1681 972 ιιι
1712 943 1760 979 qui

969 997 1144 1031 imperatoris
1152 995 1266 1023 auribus
1282 995 1433 1022 molestiam
1443 993 1600 1025 exhibeant,
1610 996 1707 1027 przctcr
1717 997 1760 1024 ea,

970 1053 1032 1081 quae
1045 1049 1109 1072 sunt
1125 1045 1158 1072 ab
1170 1043 1292 1071 Ecclesia
1305 1042 1415 1070 decreta
1432 1041 1475 1067 :si
1493 1043 1586 1066 autem
1605 1037 1761 1065 necess:tria

971 1093 1007 1121 sit
1026 1100 1109 1120 causa
1131 1091 1288 1126 proposita,
1311 1089 1437 1117 concedit
1457 1091 1486 1114 ut
1510 1086 1544 1113 ad
1568 1086 1760 1120 imperatorem

971 1138 1182 1175 proﬁciscantur
1205 1145 1268 1164 cum
1287 1136 1396 1171 ,liueris
1426 1134 1553 1162 mandata
1576 1130 1763 1167 permissione

971 1186 1107 1224 synodali.
1117 1185 1187 1221 Lege
1199 1182 1374 1212 Sardicensis
1388 1180 1485 1220 synodi
1504 1186 1626 1207 canones
1646 1177 1672 1211 Ἰ,
1689 1177 1718 1210 8,
1733 1176 1763 1220 .9,

972 1234 1018 1266 ιε,
1032 1238 1059 1260 et
1072 1231 1437 1266 Cartltaglnensiscanonem
1450 1226 1510 1254 l06.
1523 1224 1658 1259 Quoniam
1673 1227 1763 1250 autem

972 1278 1096 1309 nonnulli
1122 1278 1212 1306 verbis
1239 1276 1382 1311 prmsentis
1403 1273 1519 1302 canonis
1544 1267 1765 1305 adbatrentesla

972 1327 1107 1356 sententia
1123 1324 1196 1353 enim
1211 1325 1292 1360 longe
1309 1321 1422 1356 absunt)
1441 1319 1579 1349 antistites
1594 1318 1703 1348 volunt,
1718 1315 1767 1351 qui

973 1375 1000 1402 in
1015 1373 1109 1408 regina
1129 1371 1237 1399 urbium
1259 1373 1417 1400 versantur,
1432 1374 1496 1394 cum
1520 1363 1636 1392 scientia
1657 1366 1684 1389 et
1698 1369 1769 1396 ,per-

973 1419 1105 1448 missione
1118 1415 1290 1452 patriarchae,
1301 1419 1328 1442 et
1342 1420 1396 1441 non
1411 1411 1503 1443 aliter,
1522 1410 1554 1437 ad
1569 1409 1766 1445 imperatorem

974 1465 1148 1495 salutandum
1179 1461 1315 1499 prolicisci
1342 1468 1350 1487 :
1375 1460 1505 1491 dicimus,
1526 1456 1600 1493 quod
1625 1463 1687 1491 quae
1717 1454 1769 1482 hoc

975 1520 1081 1542 canone
1107 1511 1295 1543 continentur,
1324 1513 1352 1535 et
1376 1507 1482 1542 reliqua
1516 1511 1635 1540 quorum
1665 1502 1712 1530 hic
1739 1501 1770 1528 lit

130 1551 178 1577 καὶ
194 1551 249 1578 τῶν
262 1551 364 1580 λοιπῶν
388 1554 443 1581 τῶν
468 1555 586 1582 ἐνταῦθα
603 1556 853 1592 μνημονευομένων
867 1556 920 1591 χώ-

984 1560 1077 1589 nenlio
1093 1559 1183 1586 locum
1202 1555 1314 1587 habent,
1339 1553 1450 1589 quando
1478 1552 1595 1579 antistes
1613 1557 1628 1576 a
1645 1555 1695 1576 sua
1726 1555 1771 1574 re-

133 1606 183 1644 ραν
195 1597 313 1634 ἔχουσιν,
335 1601 359 1627 εί
375 1601 389 1627 ό
404 1601 554 1637 ἀρχιερεὺς
578 1602 633 1629 ἀπὸ
652 1603 703 1638 τῆς
715 1602 854 1639 λαχούσης
870 1603 920 1631 αὐ-

984 1608 1054 1644 ςίοιιε
1063 1609 1162 1641 sponte
1174 1611 1224 1631 sua
1236 1603 1269 1630 ad
1282 1602 1473 1637 imperatorem
1484 1597 1624 1634 prolectus
1635 1601 1687 1624 est.
1700 1595 1769 1636 Cum

130 1643 179 1670 τοῦ
212 1645 386 1682 αὺθόρμητος
412 1648 454 1680 εις
487 1648 601 1683 βασιλέα
625 1649 750 1685 ἀπέλθῃ’
775 1650 841 1677 ὅταν
868 1649 924 1686 γὰρ

133 1690 237 1727 ἱνδημῇ
264 1693 293 1718 ὲν
317 1693 351 1728 τῇ
382 1692 576 1731 βασιλευούσῃ.
604 1695 654 1722 καὶ
681 1695 754 1722 κατά
782 1695 924 1730 βασιλικὸν

131 1736 246 1771 ὁρισμὸν
260 1737 274 1773 ἦ
287 1737 358 1765 κατά
383 1739 589 1775 πατριαρχικὴν
607 1741 761 1777 ἐπιτροπὴν
775 1741 925 1774 ἀκωλύτως

133 1784 322 1819 προσκυνήσει
347 1785 394 1811 τὸν
415 1785 528 1820 βασιλέα
555 1787 602 1814 καὶ
620 1787 777 1823 ὑπομνήσει
802 1788 868 1823 περὶ
887 1784 925 1815 ὧν

135 1828 273 1863 βούλεται.
288 1830 325 1856 Τὸ
338 1831 368 1858 δὲ
387 1832 457 1866 μετὰ
472 1832 613 1867 βασιλικδν
624 1833 739 1869 ὁρισμὸν
751 1833 925 1869 ἀπέρχεσθαι

133 1874 199 1906 τοὺς
223 1876 383 1912 ἀρχιερεῖς,
408 1877 475 1904 ἔνθα
502 1878 536 1905 ἀν
565 1878 765 1914 προσταχθεῖεν
789 1880 836 1906 καὶ
864 1879 927 1915 δίχα

137 1921 282 1958 συνοδικῆς
306 1923 448 1959 εἰδήσεως,
467 1924 497 1951 ἐν
520 1925 662 1960 διαφόροις
686 1926 813 1953 κανόνων
836 1926 926 1962 ἑρμη-

139 1968 221 2001 νείαις
237 1969 370 2006 ἐδηλώθη,
387 1972 434 1998 καὶ
449 1972 480 1998 οὐ
494 1972 548 2008 χρὴ
560 1972 634 2008 titul;
650 1972 837 2007 ταυτολογεῖν.

176 2015 300 2043 ΖΩΝΑΡ.
313 2015 343 2042 El
357 2017 395 2052 μὴ
408 2018 450 2044 ὄτι
464 2019 540 2045 πᾶσα
559 2018 679 2054 ἀνάγκη,
694 2018 727 2046 οὐ
741 2018 886 2054 βούλονται
902 2019 927 2047 oi

136 2062 249 2094 κανόνες
265 2063 331 2095 τοὺς
343 2064 511 2096 ἐπισκόπους
526 2065 732 2100 προσέρχεσθαι
751 2065 866 2100 βασιλεῖ.
879 2065 929 2093 καὶ

136 2108 254 2143 ὲνοχλεῖν
267 2109 342 2145 αὐτῷ
356 2110 428 2146 ὑπὶρ
443 2111 552 2138 οἰκείων
572 2112 706 2147 δεήσεων.
727 2113 808 2140 Ἀλλά
823 2113 870 2140 καὶ
883 2114 928 2141 ὅτε

139 2153 232 2188 μέλλοι
258 2163 301 2186 τις
323 2156 474 2190 ἀναγκαῖόν
499 2166 526 2184 τι
553 2158 712 2193 ἀνενεγκεῖν
738 2159 860 2195 βασιλεῖ,
891 2161 930 2197 μὴ

138 2199 308 2235 ἀπέρχεσθαι
319 2201 384 2229 ἄνευ
397 2202 511 2238 γνώμης
527 2203 582 2230 τῶν
605 2204 655 2240 τῆς
669 2204 803 2241 ἔπαρχίας
817 2206 929 2233 ἐπισκό-

138 2255 209 2279 πων,
226 2247 273 2281 ἀφ¹
287 2245 322 2283 ἧς
338 2249 385 2275 καὶ
406 2250 421 2276 ό
444 2249 576 2277 ἀπελθεῖν
599 2251 707 2286 μέλλων
721 2251 790 2285 ἐστὶ,
809 2252 927 2288 μάλιστα

140 2293 166 2320 δὲ
182 2293 230 2320 τοῦ
248 2295 449 2329 μητροπολίτου
469 2296 520 2330 τῆς
535 2296 672 2333 ἐπαρχίας
685 2297 804 2334 ἐκείνης.
830 2299 882 2326 Τὸν
901 2298 930 2326 δὲ

136 2339 300 2374 ὁρμήσαντα
315 2339 400 2376 χωρὶς
414 2341 528 2378 γνώμης
546 2342 601 2378 (48)
613 2343 662 2370 καὶ
682 2344 859 2379 γραμμάτων
881 2343 929 2372 τοῦ

142 2386 344 2421 μητροπολίτου
361 2387 491 2414 ἀπελθεῖν
507 2389 576 2423 πρδς
591 2388 704 2424 βασιλέα
720 2390 926 2426 καθαιρεῖσθαι.

147 2432 175 2458 ὀ
200 2432 228 2458 δὲ
251 2432 302 2468 τῆς
324 2435 354 2460 ὲν
376 2434 494 2469 Σαρδιχῇ
518 2434 628 2461 συνόδου
647 2433 670 2466 ζ’
682 2435 774 2462 κανὼν
791 2436 838 2463 καὶ
853 2438 890 2472 η’,
906 2436 931 2462 εἰ

141 2479 187 2505 διὰ
198 2479 329 2515 βοήθειαν
342 2482 436 2517 χηρῶν
452 2481 500 2508 καὶ
513 2481 642 2516 ὀρφανῶν
666 2482 714 2509 καὶ
728 2482 865 2518 πενήτων,
884 2483 933 2510 καὶ

142 2525 247 2552 λαῖκῶν
263 2528 494 2566 προσφευγόντων
508 2529 540 2563 τῇ
556 2527 692 2564 ἐκκλησίᾳ
707 2528 897 2564 ἀδικουμένων
912 2529 930 2565 ἢ

143 2572 456 2608 καταδυναστευομένων
477 2573 494 2609 ἢ
516 2573 764 2610 ἀποστερουμένων
784 2575 842 2602 τῶν
866 2576 934 2611 ἀνη-

974 1641 1047 1683 cnim
1061 1653 1088 1680 in
1099 1651 1210 1680 urbium
1218 1649 1311 1684 regina
1321 1652 1455 1678 versetur,
1467 1645 1510 1672 vel
1533 1641 1769 1678 imperatorisjus-

975 1710 1019 1735 su,
1035 1701 1076 1728 vel
1088 1695 1262 1735 patriarcbali
1273 1694 1466 1730 permissione,
1476 1692 1545 1719 citra
1555 1690 1640 1731 ullum
1652 1688 1771 1724 impedi-

976 1752 1097 1777 mentum
1117 1746 1308 1780 imperatorem
1325 1739 1486 1771 conveniet,
1505 1743 1533 1766 et
1557 1745 1633 1770 euro,
1659 1736 1770 1764 illorum

976 1801 1038 1831 quae
1054 1792 1181 1824 voluerit,
1199 1787 1367 1816 admonebit.
1387 1785 1564 1820 imperatoris
1577 1788 1669 1811 autent
1691 1783 1771 1818 jussu

977 1829 1114 1877 proﬁcisci
1129 1835 1279 1868 antistites,
1290 1841 1344 1869 quo
1353 1832 1423 1867 jussi
1434 1830 1547 1863 iuerint,
1559 1830 1641 1858 etiam
1653 1829 1712 1858 sine
1727 1836 1790 1873 εγ-κ

977 1876 1070 1914 nodali
1094 1890 1244 1913 consensu,
1269 1879 1295 1906 in
1311 1877 1430 1905 diversis
1451 1884 1588 1905 canonum
1608 1876 1774 1910 interpreta-

978 1931 1101 1960 tionibus
1122 1929 1289 1957 declaratum
1306 1931 1365 1959 est;
1390 1932 1442 1953 nec
1463 1928 1527 1951 sunt
1543 1930 1575 1951 ea
1597 1929 1611 1949 a
1629 1920 1710 1948 nobis
1727 1927 1772 1947 re-

979 1977 1106 2015 petenda.

1016 2021 1307 2057 ZONAR.Episcopos
1328 2019 1524 2054 imperatorem
1547 2015 1636 2046 adire,
1657 2013 1774 2048 ejusque

981 2079 1062 2102 aures
1084 2070 1196 2106 privatae
1215 2068 1254 2096 rei
1276 2073 1360 2095 causa
1380 2061 1547 2099 importunis
1570 2061 1702 2098 precibus
1725 2058 1777 2086 ob—

981 2103 1106 2149 tundere,
1120 2115 1172 2144 nisi
1187 2121 1249 2142 cum
1266 2112 1292 2140 id
1310 2119 1424 2148 prorsus
1439 2107 1597 2138 necessario
1617 2103 1774 2133 iaciendum

981 2164 1027 2197 sit,
1043 2147 1161 2191 canones
1172 2159 1244 2188 haud
1262 2157 1369 2186 sinunt.
1390 2154 1493 2183 Verum
1509 2158 1537 2181 et
1551 2153 1575 2181 si
1597 2150 1708 2187 quando
1725 2147 1776 2176 ali-

982 2211 1048 2248 quid
1073 2209 1106 2236 ad
1133 2208 1324 2242 imperatorem
1352 2202 1462 2231 deferre
1489 2200 1626 2237 quispiam
1660 2203 1776 2224 necesse

984 2242 1123 2288 habuerit,
1139 2254 1190 2281 nisi
1207 2252 1267 2287 ejus
1279 2249 1440 2286 provinciae,
1455 2255 1488 2276 ex
1502 2254 1556 2281 qua
1573 2245 1630 2280 ipse
1646 2246 1700 2274 est,
1716 2242 1778 2276 epi-

985 2302 1090 2338 scopis,
1107 2308 1139 2328 ac
1159 2297 1370 2332 metropolitano
1388 2293 1541 2330 praesertim
1561 2288 1685 2338 ejusdem
1711 2294 1776 2323 pro-

984 2333 1087 2374 vincias
1104 2342 1305 2372 consentiente,
1331 2338 1468 2375 proficisci
1496 2340 1602 2365 vetant.
1631 2333 1682 2368 Qui
1712 2340 1777 2361 vero

986 2393 1091 2428 absque
1108 2386 1311 2424 metropolitani
1324 2393 1461 2414 consensu
1480 2391 1512 2410 ac
1527 2382 1625 2410 litteris
1639 2381 1672 2408 ad
1692 2381 1778 2415 impe-

983 2443 1103 2467 ratorem
1129 2435 1205 2463 adire
1228 2434 1256 2462 in
1282 2433 1405 2460 animum
1432 2431 1582 2461 induxerit,
1604 2427 1778 2464 depositione

983 2484 1093 2513 multari
1110 2483 1219 2519 jubent.
1239 2479 1410 2509 Sardicensis
1437 2485 1504 2506 vero
1528 2475 1625 2512 synodi
1654 2480 1777 2501 canones

985 2531 1001 2558 7
1028 2533 1055 2557 et
1070 2528 1088 2557 8
1117 2528 1259 2564 episcopo,
1284 2530 1314 2554 ut
1330 2525 1480 2553 'viduarum
1505 2521 1725 2558 pupillorumque
1752 2523 1780 2546 ct

988 2581 1140 2613 pauperum
1155 2579 1267 2601 causam
1282 2575 1355 2607 agat,
1372 2577 1404 2598 ac
1421 2568 1500 2598 iaicis
1518 2565 1719 2604 patrocinetur,
1730 2564 1778 2600 qui

775 2644 870 2676 Guill.
887 2646 1050 2687 Beveregii
1066 2648 1164 2678 notae.

179 2718 236 2760 tm
255 2718 339 2760 Ἐξιεὲ
356 2717 389 2746 δέ
517 2718 579 2760 "re
703 2719 736 2760 ad
751 2718 835 2760 ,ηηρηι
847 2720 930 2755 Iulius
981 2722 1125 2760 sequentia.
1139 2721 1255 2760 zsmarse
1268 2717 1351 2760 ‘I‘P'P”
1363 2708 1777 2760 9009‘,§T_ﬁi‘??_°l"ff'£§}’l‘it

146 2744 319 2793 Ba‘lsainunis
332 2744 686 2793 interpretationis};his.

1272 2744 1300 2779 δὲ
1314 2752 1480 2793 ὁρμήσαντα

145 2790 280 2830 plevimus
296 2797 304 2816 :
319 2789 375 2830 sed
387 2794 498 2817 exstant
517 2790 600 2830 etiam
630 2790 658 2830 in
686 2789 928 2830 Atherbacbiano;

145 2823 253 2888 pticnou
271 2825 298 2852 in
312 2824 454 2886 Jiliano;
485 2832 549 2852 nam
575 2823 729 2852 Gemianus
748 2824 882 2854 ilervetus
896 2823 928 2854 ea

156 2869 170 2888 a
186 2868 231 2887 me
249 2866 320 2888 veru
336 2880 344 2887 .

181 2895 236 2932 (48)
251 2895 307 2924 T6"
323 2895 356 2923 δὲ
372 2895 548 2932 (τρμήσαντα
561 2894 651 2932 χωρὶς
668 2894 795 2931 γνώμης.
825 2895 886 2925 ΙΙωο
901 2900 928 2925 et

979 2779 1416 2829 aiam:"erepsemus.
1437 2779 1780 2829 wiser-ges;

978 2815 1332 2860 d;;{0:iv';pbcrﬁeicltkéa,
1349 2820 1497 2850 ικπίπτειν
1513 2818 1565 2854 τῆς
1593 2816 1672 2850 ἀξίας
1691 2815 1790 2855 αὑτοῦ.

980 2864 1041 2899 ἦτοι
1058 2860 1264 2897 καθαιρεῖσθαι.
