1935 3081
93 129 162 163 1305)

610 130 651 163 IN
671 132 753 164 CAN.
775 133 833 164 XII
853 132 959 165 CUNC.
979 134 1008 166 ll
1026 134 1206 168 ANTlOCH.

1650 137 1718 170 131')

91 187 123 213 At
138 185 223 221 ψῆφοι
237 184 292 222 γάρ
306 186 410 215 τούτων
420 187 553 224 νικκλήτῳ
574 187 625 224 οὐχ
642 189 815 216 ὑπόκεινται.
830 189 881 216 Διὸ

940 191 1003 225 deo,
1014 192 1060 227 qui
1077 192 1270 228 Imperatorem
1283 190 1392 226 adicrlt',
1403 187 1483 221 ut'de
1495 198 1591 222 eorum
1605 199 1719 223 senten—

92 232 139 259 καὶ
160 231 175 257 ό
199 231 358 267 προσελθὼν
383 232 492 268 βασιλεῖ
517 233 598 269 χάριν
623 234 672 262 τοῦ
696 234 879 270 ἁνικριθῆναι

92 278 152 305 κατ’
182 277 314 314 ἔκκλητον
338 278 475 314 ἀπόφασιν
504 279 620 313 τούτων,
655 281 885 316 τιμωρηθήσεται·

92 324 164 364 κατὰ
179 324 226 351 τὸν
240 325 364 360 παρόντα
380 325 492 354 κανόνα.
508 326 579 362 Φησὶ
592 326 647 362 γὰρ
662 327 678 362 ἠ
694 326 750 362 ρλζ¹
769 327 879 354 ἰουστι-

93 370 208 402 νιάνιιος
223 370 328 406 Νεαρὰ.
342 371 359 406 ἠ
377 372 490 407 κειμένη
502 373 532 399 ὲν
544 372 640 408 βιϐλίῳ
652 373 737 409 τρίτῳ
758 373 814 400 τῶν
828 373 882 400 Βα-

94 417 205 444 σιλικιῖΝ
228 425 282 445 τιτ.
300 421 335 450 α’,
353 426 417 453 κεφ.
444 422 485 454 με’
499 427 507 435 ·
531 418 567 446 Εἴ
589 426 662 451 τινες
685 419 714 446 δὲ
738 419 881 449 ὁσιώτατοι

94 465 238 491 ἐπίσκοποι
262 465 313 499 τῆς
339 465 425 500 αὐτῆς
448 466 559 493 συνόδου
587 465 794 501 ἀμφισϐήτησῐν
818 474 881 493 τινα

95 510 162 546 πρὸς
185 510 316 546 ἀλλήλους
342 511 444 547 ἔχοιεν,
468 513 525 539 εἶτε
555 513 626 548 ὑπὶρ
651 512 880 548 ἐκκλησιαστικοῦ

93 556 210 587 δικαίου.
220 557 276 584 εἴτε
292 558 364 592 ὑπὲρ
375 558 464 586 ἄλλων
478 559 560 586 τινῶν
576 559 762 594 πραγμάτων,
779 559 880 594 πρότε-

96 611 142 637 ρον
155 603 169 629 ὁ
184 603 386 638 μητροπολίτης
402 604 494 631 αὐτῶν
518 604 578 639 μεθ’
602 605 706 639 ἐτέρων
723 604 769 631 δύο
782 606 815 631 ἐκ
831 605 882 639 τῆς

95 647 178 681 αὐτῆς
198 648 309 675 συνόδου
327 649 485 683 ἐπισκόπων
500 650 531 677 τὴ
547 651 665 685 πρᾶγμα
688 651 815 685 κρινέτω.
832 651 882 677 aut

94 693 118 720 ει
143 693 181 728 μὴ
203 694 319 732 ιμμείνῃ
345 695 478 731 ἑκάτβρον
502 696 587 730 μέρος
611 697 669 727 τοῖς
693 696 881 731 κεκριμένοις,

94 740 243 774 τηνικαῦτα
255 742 269 768 ό
284 742 495 778 μακαριώτατος
512 742 686 777 πατριάρχης
706 742 816 778 ἑκείνης
832 742 883 776 τῆς

95 785 253 822 διοικήσεως
282 788 384 823 μεταξὺ
415 788 505 815 αὐτῶν
533 788 740 822 ἀκροασάσοω,
766 789 883 815 κάκεῑνα

94 831 210 866 ὁριξέτω
223 832 302 859 ἅτινα
317 834 374 865 τοῖς
387 833 628 868 ἐκκλησιαστικοϊς
641 834 738 861 κανόσι
752 834 800 862 καὶ
824 835 880 866 τοῖς

96 876 189 911 νόμοις
213 879 385 914 συνᾴδουσιν,
399 879 507 911 οὐδενὸς
529 880 628 915 μέρους
641 880 713 907 κατὰ
727 880 777 914 τῆς
791 880 883 916 ψήφου

96 921 178 949 αὑτοῦ
212 924 363 959 ἀντιλέγειν
400 925 563 959 δυναμένου.
592 926 655 953 Ὅτι
689 926 720 953 δὲ
749 926 883 958 πολλάκις

95 971 279 1008 ὲτρακταῖσῦη
293 972 317 998 sl
334 972 387 1006 χρὴ
401 972 527 1008 ἐκκλήτῳ
552 972 714 1000 ὑποκεῖσθαι
731 972 781 1008 τὴν
790 973 883 1007 ψῆφον

96 1019 165 1049 τέως
177 1017 224 1045 τοῦ
239 1018 567 1050 Κωνσταντινουπόλεως,
581 1017 654 1051 ἐδοξὲ
669 1026 714 1053 μοι
730 1019 883 1051 ἀναγκαῖον

97 1065 184 1091 εἰπεῖν
209 1064 240 1091 τὸ
265 1065 361 1093 δοκοῦν
384 1074 428 1100 μοι
452 1065 533 1100 χάριν
558 1065 667 1098 τούτου,
686 1065 734 1091 καὶ
757 1065 792 1091 τὰ
808 1064 886 1100 παρά

97 1119 178 1137 τινων
193 1111 447 1145 δικαιολογούμενα.
463 1111 580 1145 Λέγουσι
596 1119 669 1143 τινες
687 1111 738 1142 ὡς,
759 1110 821 1137 ἐπεὶ
835 1110 885 1146 τὴν

101 1156 151 1192 μὶν
179 1157 319 1191 ἀπόφασιν
343 1156 390 1184 τοῦ
416 1157 546 1192 ἐπάρχου,
560 1156 616 1183 τῶν
638 1156 815 1192 πραιτωρίων
838 1157 885 1183 καὶ

98 1203 148 1236 τὴν
162 1203 301 1237 ἀπόφασιν
321 1202 369 1230 τοῦ
386 1203 427 1234 δὶς
448 1204 592 1238 γεγονότος
615 1202 737 1239 ἐπάρχου
764 1202 816 1237 τῆς
836 1203 886 1229 πό-

98 1249 179 1281 λεως.
211 1250 236 1277 οι
267 1250 345 1284 νόμοι
360 1249 450 1285 ῥητῶς
472 1249 636 1285 διορίζονται
663 1250 701 1286 μὴ
723 1249 886 1277 ὑποκεῖσθαι

99 1294 238 1329 ἐκκλήτῳ,
262 1294 467 1330 πατριαρχικὴν
489 1294 518 1321 δὲ
543 1295 682 1329 ἀπόφασιν
696 1294 743 1321 τοῦ
763 1294 886 1322 τοιούτου

101 1340 249 1376 προνομίου
273 1340 363 1376 ῥητῶς
388 1341 439 1368 οὐκ
463 1342 596 1376 ἠξίωσαν,
613 1341 689 1368 κατὰ
715 1340 765 1372 τὰς
785 1340 887 1372 πολλάς

101 1387 150 1413 καὶ
170 1386 308 1422 τυχόντων
331 1386 468 1414 δικαστῶν
490 1388 610 1422 ψήρους,
625 1388 673 1414 καὶ
689 1386 760 1421 αὕτη
783 1387 886 1421 ἰκκληο

101 1432 277 1466 τευθήσιται.
302 1432 374 1468 Πρὸς
404 1432 585 1462 ὲπισύστασιν
608 1433 656 1460 τοῦ
686 1433 768 1467 λόγου
796 1432 888 1460 αὐτῶν

102 1478 223 1514 χρῶνται
247 1479 295 1507 καὶ
319 1480 352 1514 τῇ
383 1479 463 1516 τρίτῃ
498 1479 705 1514 Ἰουστινιανείῳ
724 1478 830 1515 Νεαρᾷ,
853 1480 893 1514 τῇ·

933 239 969 266 tis
981 246 1030 273 per
1044 238 1256 274 appellationem
1272 243 1420 275 quaeratur,
1432 244 1461 267 ut
1470 241 1528 267 vult
1543 240 1717 275 bicprazscns

931 290 1029 316 canon,
1041 284 1178 319 punietur.
1193 284 1263 312 Dicit
1278 285 1350 312 enim
1363 284 1511 312 Justiniani
1529 285 1641 313 Novella
1656 286 1717 319 137,

931 336 990 363 quas
1006 329 1033 357 in
1062 329 1111 357 lib.
1131 329 1149 357 5
1170 329 1359 363 Basilicarum,
1383 331 1417 357 tit
1436 331 1462 364 ι,
1480 338 1531 366 cap
1547 332 1592 363 45.
1607 332 1659 359 sila
1677 336 1719 360 est

931 375 971 402 sic
981 382 1111 410 expresse
1123 383 1132 403 ε
1145 375 1174 403 Si
1185 375 1232 410 qui
1246 380 1336 403 autem
1352 375 1612 411 sanctissimihujus
1625 377 1719 412 synodi

931 423 1052 458 episcopi
1064 423 1183 458 aliquam
1196 423 1269 450 inter
1280 430 1342 451 sese
1356 423 1574 451 controversiam
1589 423 1719 456 habeant,

931 470 990 498 sive
1003 470 1037 497 de
1050 470 1112 508 jure
1133 469 1332 502 ecclesiastico,
1351 470 1409 497 sive
1432 477 1481 505 pro
1499 469 1639 505 aliquibus
1656 469 1719 496 aliis

933 516 1031 550 rebus;
1052 517 1127 552 prius
1142 524 1236 544 eorum
1250 516 1478 551 metropolitanus
1497 524 1561 544 cum
1575 516 1635 543 aliis
1652 516 1721 543 duo-

933 563 982 591 bus
993 563 1114 598 ejusdem
1129 563 1225 599 synodi
1240 562 1377 598 episcopis
1394 570 1452 590 rem
1475 562 1591 597 judicet.
1617 566 1645 589 et
1665 562 1720 590 nisi

933 614 1047 643 utraque
1076 616 1140 643 pars
1168 614 1222 637 stet
1244 610 1279 637 iis
1299 616 1360 644 quae
1378 608 1501 644 judicata
1522 609 1633 640 fuerint,
1655 612 1722 635 tunc

933 654 1108 683 beatissimus
1136 655 1292 691 patriarcha
1319 654 1394 682 illius
1421 653 1550 681 dioecesis
1573 653 1646 681 inter
1674 661 1722 681 eos

933 700 1035 732 audiat,
1047 704 1074 727 et
1087 700 1131 727 illa
1145 700 1267 734 deﬁniat,
1282 708 1344 735 qua:
1355 699 1551 727 ecclesiasticis
1569 699 1723 727 canonibus

933 750 960 773 et
977 746 1083 780 lenibus
1100 746 1279 778 conveniunt,
1295 745 1369 772 nulla
1393 750 1471 779 parte
1495 744 1557 779 ejus
1577 744 1724 772 sententiae

933 792 1122 820 contradicere
1143 791 1260 820 valente.
1273 791 1343 824 Quia
1366 796 1457 818 autem
1478 798 1550 826 sype
1576 793 1722 818 tractatum

933 843 987 870 est,
996 846 1031 865 an
1039 842 1148 873 oportet
1157 837 1393 872 Constantinopol.
1403 836 1484 873 ΜΩ
1494 835 1653 864 sententiam
1662 843 1724 862 esse

936 884 1107 919 appellationi
1125 884 1288 920 subjectum,
1310 883 1399 912 visum
1419 888 1462 911 est
1480 886 1619 918 op0rtere,
1650 881 1724 916 quod

935 932 1001 959 mihi
1018 931 1138 965 videtur,
1150 931 1184 959 de
1199 939 1231 959 eo
1244 931 1348 963 dicere.
1362 935 1390 958 et
1403 938 1435 958 ea
1449 938 1557 966 quoque
1569 937 1630 964 quae
1647 928 1680 955 de
1692 935 1724 955 ea

935 978 1012 1005 reab
1023 977 1084 1005 aliis
1107 978 1248 1005 dicuntur.
1273 977 1375 1004 Dicunt
1398 976 1533 1007 nonnulli,
1549 974 1623 1010 quod
1653 981 1724 1008 quo-

936 1024 1012 1053 niam
1029 1024 1190 1052 sententiam
1215 1024 1335 1059 praefecti
1354 1022 1493 1058 praetorio,
1509 1025 1536 1049 et
1558 1020 1723 1048 sententiam

935 1070 1006 1105 ejus,
1022 1070 1068 1105 qui
1090 1070 1133 1097 bis
1160 1069 1210 1095 fuit
1237 1068 1384 1104 praefectus
1414 1068 1501 1100 urbis,
1532 1066 1604 1102 leges
1631 1068 1725 1099 aperte

936 1119 1059 1144 statuunt
1082 1114 1258 1150 appellationi
1280 1122 1334 1141 non
1360 1107 1475 1148 subjici;
1511 1111 1722 1147 patriarchalem

937 1168 1027 1191 autem
1043 1162 1206 1190 sententiam
1221 1168 1254 1188 eo
1275 1160 1419 1196 privilegio
1434 1159 1544 1194 dignam
1568 1166 1622 1186 uon
1645 1158 1724 1193 judi-

937 1215 1034 1236 cavere
1061 1216 1068 1235 :
1092 1206 1322 1242 quemadmodum
1344 1213 1359 1232 a
1388 1205 1481 1232 multis
1502 1209 1530 1232 et
1558 1204 1727 1239 quibuslibet

935 1255 1084 1292 judicibus,
1099 1254 1136 1281 ita
1161 1253 1244 1280 etiam
1267 1252 1301 1280 ab
1323 1260 1356 1280 eo
1382 1250 1587 1287 provocabitur.
1613 1251 1653 1278 Ad
1680 1251 1722 1278 sui

937 1305 1029 1329 autem
1047 1300 1113 1328 dicti
1128 1299 1364 1327 conﬁrmationem
1388 1301 1505 1326 utuntur
1525 1300 1553 1324 et
1573 1296 1724 1324 Iustiniani

936 1348 1047 1377 Novella
1059 1348 1087 1381 '5,
1104 1347 1132 1374 in
1154 1346 1225 1374 libro
1237 1345 1253 1372 5
1277 1344 1468 1376 Basilicarum,
1487 1343 1530 1370 tit.
1549 1342 1566 1369 2
1586 1343 1648 1375 sita,
1666 1350 1728 1378 qua:

938 1393 1062 1421 decernit
1077 1391 1260 1427 patriarcham
1275 1389 1434 1424 imperatori
1452 1388 1586 1415 rationem
1599 1386 1726 1420 reddere,

939 1438 962 1467 si
977 1439 1108 1466 clericum
1123 1437 1194 1465 ultra
1211 1442 1356 1464 numerum
1372 1434 1517 1462 ordinarit.
1537 1433 1589 1460 Alii
1607 1434 1727 1468 patriar-

940 1483 1027 1511 chalis
1040 1482 1236 1518 magnitudinis
1261 1480 1439 1507 eminentiam
1458 1478 1542 1505 veluti
1564 1481 1728 1505 venerantes

103 1526 218 1560 κειμένῃ
240 1525 270 1552 ἒν
298 1524 382 1560 βίϐλῳ
405 1525 490 1560 τρίτῳ
511 1524 566 1552 τῶν
582 1524 735 1552 Βασιλικῶν
749 1525 839 1553 τίτλον
855 1524 888 1560 β’,

940 1530 1034 1559 dicunt
1049 1537 1099 1557 nec
1112 1528 1225 1556 omnino
1237 1535 1251 1554 a
1266 1525 1443 1563 patriarchali
1465 1525 1601 1554 sententia
1617 1525 1728 1560 penitus

104 1571 152 1598 καὶ
164 1571 337 1607 διοριζομένῃ
352 1571 513 1599 εὐθύνεσθαι
535 1572 612 1608 παρὰ
630 1571 677 1599 τοῦ
694 1571 828 1607 βασιλέως
842 1572 888 1599 τὸν

104 1616 289 1652 πατριάρχην,
314 1617 396 1652 εἴπερ
418 1617 596 1654 χειροτονήσῃ
622 1617 772 1652 ὑπέρθετον
794 1616 890 1652 κληρι-

105 1662 163 1689 κόν.
180 1662 284 1694 Ἄλλοι,
306 1662 356 1698 τῆς
378 1664 582 1699 πατριαρχικῆς
605 1664 819 1698 μεγαλειότητος
840 1663 890 1698 τὴν

105 1707 242 1744 ὑπεροχὴν
262 1708 384 1744 ὡσπερεὶ
406 1709 593 1745 σιϐαζόμενοι,
606 1709 674 1744 φασὶ
696 1711 766 1746 μήτε
780 1710 891 1742 πάντως

105 1752 300 1780 άποκλειστέον
326 1753 399 1780 κατὰ
421 1753 472 1788 τῆς
502 1754 705 1790 πατριαρχικῆς
727 1754 893 1789 ἀποφάσεως

105 1799 156 1834 τὴν
170 1799 314 1834 ἔκκλητον,
338 1799 408 1834 μήτε
430 1799 520 1834 πάντη
545 1799 679 1827 ινδοτέον.
698 1799 769 1827 Ἀλλ’
793 1800 821 1828 τί
843 1800 893 1835 μιν

105 1845 141 1872 τὰ
159 1845 232 1880 μέρη
253 1844 286 1871 τά
301 1844 470 1879 δικαζόμενα
494 1845 545 1879 τῆς
565 1844 620 1871 τῶν
637 1846 796 1880 ἱερωμένων
811 1846 829 1882 ἢ
844 1846 893 1873 καὶ

109 1890 235 1926 μαντικῶν
263 1891 316 1917 εἱσι
341 1890 446 1925 τύχης,
466 1891 483 1925 ἡ
505 1889 576 1918 κατά
599 1899 673 1922 τινος
699 1890 805 1918 τούτων
824 1891 896 1921 ὲειν-

107 1937 219 1972 ιχθιῐσα
235 1937 373 1972 ἀπόφασις
388 1938 437 1963 οὐκ
451 1937 683 1972 άνακριθήσεταισ
698 1938 723 1964 εί
740 1938 769 1964 δὲ
781 1938 894 1973 θάτερον

107 1983 163 2010 τῶν
179 1982 300 2019 μερῶνῆ
319 1983 366 2009 καὶ
379 1981 463 2017 ἄμφω
476 1982 506 2008 ἐν
523 1982 607 2018 μοίρᾳ
627 1984 769 2010 τάττοιντο
786 1983 895 2016 λαῖκοῦ,

108 2029 222 2065 ἀμάχως
248 2028 510 2065 δκκλητευθήσεται·
540 2029 630 2064 ἕτεροι
659 2029 709 2064 τῆς
736 2030 894 2062 ὑποθέσεως

108 2075 157 2110 ¹τὴν
171 2074 301 2109 ποιότητα
318 2074 432 2112 λέγουσι
445 2074 610 2109 γεννήτριαν
624 2072 694 2101 εἶναι
708 2074 758 2108 τῆς
775 2074 894 2110 Ἐκκληο

109 2121 180 2153 σίας.
202 2120 235 2147 'H
250 2121 300 2155 μὲν
316 2121 371 2156 γὰρ
384 2120 602 2155 ὲκκλησιαστικὴ
620 2120 735 2155 ζήτησις
759 2121 809 2147 οὐκ
834 2120 896 2148 ὠδί-

108 2175 159 2199 νιι,
175 2166 253 2202 φασὶ,
279 2166 387 2193 παιδίον
412 2166 650 2202 ἒκκλητοπόθητον
664 2173 672 2182 ’
691 2167 708 2201 ἡ
729 2166 758 2193 δὲ
783 2175 894 2202 χρημα-

107 2213 172 2248 τικὴ
189 2213 297 2239 κυῖσκει
310 2212 360 2247 τὴν
382 2212 527 2247 ἔκκλητον,
551 2212 590 2244 ὡς
607 2213 740 2248 ὲχιδναῖον
755 2213 893 2248 ἄμϐλωμα

108 2259 157 2294 τῆς
168 2258 300 2294 τεκούσης
322 2259 487 2294 σπαράττων
507 2259 541 2286 τά
563 2259 680 2293 ἔγκατα.
703 2258 808 2290 ’Δλ).οι.
829 2260 895 2291 τοὺς

109 2303 196 2331 ταῦτα
218 2304 348 2338 λέγοντας
369 2303 606 2338 ἐπιστομίζοντες,
634 2303 739 2336 ἀξιοῦσι
764 2305 825 2331 τότε
849 2307 897 2332 καὶ

111 2350 192 2385 μόνον
205 2349 367 2377 ὑποκεῖσθαι
382 2349 509 2384 ἱκκλήτῳ
527 2349 576 2385 τὴν
601 2351 806 2387 πατριαρχικὴν
829 2351 898 2379 ἁπό-

111 2404 203 2431 φασιν,
219 2397 264 2423 ὅτε
279 2396 351 2423 κατὰ
365 2395 506 2431 βασιλικὸν
523 2396 636 2431 ὁρισμὸν
659 2397 832 2433 προκάθηται
853 2398 896 2425 διν

111 2441 202 2474 κάζων
214 2442 229 2469 ὁ
246 2443 416 2478 πατριάρχης
433 2442 503 2477 μετὰ
517 2442 713 2478 συνδικαστῶν,
729 2444 746 2480 ἢ
760 2444 807 2472 καὶ
826 2444 896 2480 μετὰ

109 2489 159 2523 τῆς
177 2489 280 2521 οξκείας
304 2489 423 2516 συνόδου.
442 2489 521 2525 Ἐμοὶ
535 2489 565 2516 δὶ
579 2489 654 2517 δοκεῖ
665 2490 713 2523 ὼς,
730 2490 794 2518 ἐπεὶ
810 2492 835 2518 οἱ
853 2491 898 2518 νό-

113 2543 160 2570 μοι
175 2535 228 2570 πρδ
242 2534 289 2561 τοῦ
306 2534 474 2570 καταστῆναι
502 2535 552 2570 τὴν
568 2536 800 2572 ἔκκλησιαστικὴν
819 2537 897 2569 τάξιν

113 2582 334 2617 συνεγράφησαν,
350 2583 397 2609 καὶ
415 2583 440 2608 οῑ
457 2581 566 2614 πλείους
582 2582 685 2610 τούτων
703 2584 780 2618 παρὰ
799 2583 897 2619 Ἐλλή-

112 2636 176 2660 νων,
195 2627 285 2659 καλῶς
298 2628 349 2654 οὐκ
368 2628 543 2664 ἐμνήσθησαν
559 2629 747 2664 πατριαρχῶν.
766 2629 798 2656 El
813 2629 841 2656 δέ
855 2639 897 2661 τις

113 2675 172 2709 ipsi
185 2675 232 2702 καὶ
242 2675 317 2710 παρά
335 2674 466 2709 βασιλέων
487 2675 634 2711 όρθοδόξων
649 2675 897 2710 γενέσθαιΝεαρᾶν

116 2722 184 2756 μετὰ
210 2721 241 2748 τὸ
268 2722 415 2757 τιμηθῆναι
439 2722 501 2753 τοὺς
527 2722 744 2758 πατριαρχικοὺς
773 2722 897 2758 θρόνους,

115 2768 225 2795 ἀκούσει
247 2768 354 2804 πρῶτον
372 2768 422 2803 μὲν
445 2768 482 2799 ὡς
506 2769 566 2795 οὐδὲ
586 2769 626 2800 εἰς
647 2769 796 2804 ἐνθύμησιν
816 2768 898 2805 ἦλθεν

115 2815 246 2850 ὀρθοδόξῳ
262 2815 364 2851 βασιλεῖ
377 2815 497 2842 τοιοῦτόν
508 2824 535 2841 τι
550 2814 718 2850 τολμηθῆναί
740 2824 805 2843 ποτε
822 2816 898 2852 παρά

119 2869 199 2893 τινος,
220 2861 268 2887 καὶ
294 2861 380 2888 εἰπεῖν
404 2861 453 2897 τὴν
470 2861 559 2898 κρίσιν
580 2860 626 2887 τοῦ
643 2860 761 2898 τοσαύτῃ
780 2870 893 2898 τετιμηα

940 1572 1137 1602 excludendam
1166 1579 1227 1599 esse
1264 1570 1496 1605 appellationem,
1532 1576 1583 1596 nec
1616 1569 1730 1595 omnino

942 1618 1154 1647 concedendam.
1170 1617 1222 1645 Sed
1239 1616 1261 1645 si
1277 1620 1368 1651 partes
1394 1615 1516 1651 quidem,
1533 1622 1595 1650 qua:
1609 1615 1635 1641 in
1651 1613 1729 1648 judi-

942 1665 985 1692 cio
999 1664 1178 1695 contendunt.
1195 1667 1260 1690 sunt
1283 1662 1326 1690 vel
1346 1662 1508 1690 clericorum
1528 1661 1569 1688 vel
1582 1660 1732 1687 monacho-

942 1719 1002 1738 rum
1017 1710 1132 1744 ordinis,
1149 1710 1255 1746 prolata
1275 1708 1407 1736 adversus
1422 1708 1540 1743 aliquem
1553 1714 1648 1734 eorum
1665 1713 1729 1733 sen-

944 1757 1037 1789 tentia,
1050 1763 1106 1783 non
1127 1763 1225 1783 rursus
1248 1754 1479 1783 cxaminabitur:
1505 1754 1528 1780 si
1555 1760 1619 1780 vero
1643 1752 1730 1779 altera

944 1810 1007 1837 pars
1029 1803 1070 1830 vel
1091 1806 1209 1836 utraque
1234 1800 1289 1828 sint
1313 1800 1375 1827 laici
1401 1799 1519 1830 ordinis,
1550 1797 1621 1825 citra
1645 1797 1729 1824 ullam

944 1847 1156 1877 controversiam
1168 1846 1359 1881 appellabitur.
1370 1845 1422 1871 Alii
1435 1851 1498 1872 vero
1509 1843 1605 1870 dicunt
1618 1849 1729 1870 causam

944 1902 1004 1921 esse
1016 1892 1208 1928 appellationis
1222 1891 1392 1926 genitricem.
1406 1890 1494 1917 Causa
1507 1890 1580 1916 enim
1602 1888 1732 1915 ecclesia-

945 1941 1013 1969 stica
1031 1947 1085 1967 non
1107 1939 1188 1974 parit,
1212 1938 1350 1973 inquiunt,
1377 1935 1461 1963 fetum
1488 1934 1698 1969 appellatorium
1722 1940 1730 1959 :

947 1986 1104 2021 pecuniaria
1135 1989 1226 2012 autem
1252 1983 1324 2018 parit
1344 1981 1567 2016 appellationem,
1599 1984 1728 2012 tanquam

945 2032 1097 2067 viperinam
1112 2029 1259 2066 quamdam
1280 2028 1452 2056 abortionem
1478 2026 1598 2061 parentis
1625 2024 1731 2051 viscera

948 2080 1121 2106 lacerantem.
1137 2077 1190 2104 Alii
1207 2076 1252 2108 iis,
1265 2076 1310 2109 qui
1325 2075 1382 2102 haec
1394 2074 1500 2106 dicunt,
1514 2079 1545 2099 os
1556 2071 1732 2098 occludeutes

947 2129 1060 2152 censent
1093 2122 1304 2159 patriarchalem
1342 2121 1506 2148 sententiam
1546 2122 1613 2145 tunc
1643 2117 1731 2145 solum

948 2169 1122 2206 appellationi
1154 2167 1264 2203 subjici,
1287 2165 1397 2201 quando
1426 2165 1554 2192 mandato
1592 2162 1730 2197 imperiali

950 2216 1076 2252 praesidet
1102 2215 1258 2250 patriarcha
1281 2220 1344 2241 cum
1367 2211 1429 2239 aliis
1456 2209 1664 2244 conjudicibus,
1690 2208 1734 2235 vel

948 2271 1008 2289 cum
1019 2269 1068 2289 sua
1081 2260 1194 2295 synodo.
1208 2259 1271 2286 Mihi
1282 2263 1372 2285 autem
1386 2257 1502 2288 videtur,
1516 2255 1587 2290 quod
1598 2254 1730 2289 qttoniam

948 2308 1030 2342 leges,
1042 2312 1186 2341 antequam
1196 2304 1398 2332 ecclesiasticus
1407 2307 1494 2330 status
1506 2301 1733 2332 constitueretur,

947 2353 1110 2386 conscripta:
1121 2356 1196 2384 sunt,
1210 2356 1236 2378 et
1253 2350 1409 2384 complures
1425 2356 1517 2376 earum
1532 2355 1547 2374 a
1563 2347 1678 2379 Graecis,
1692 2354 1738 2374 res

947 2404 991 2428 ete
1018 2399 1121 2426 nullam
1144 2398 1361 2433 patriarcharum
1393 2396 1561 2423 mentionem
1584 2394 1684 2422 fecere.
1706 2392 1740 2419 Si-

948 2446 1010 2481 quis
1031 2449 1122 2472 autem
1144 2444 1217 2472 dicat
1232 2444 1313 2471 etiam
1325 2443 1359 2470 ab
1375 2441 1539 2471 orthodoxis
1559 2439 1736 2476 imperatori-

947 2493 998 2520 bus
1007 2490 1106 2520 faetam
1119 2490 1203 2518 fuisse
1213 2489 1517 2524 Novellam,postquam
1529 2487 1607 2514 sedes
1618 2485 1741 2521 patriar‘

947 2538 1038 2567 cbales
1052 2538 1157 2565 honore
1170 2536 1273 2564 attrecta
1281 2536 1354 2568 sint,
1371 2535 1489 2570 primum
1502 2532 1612 2567 quidem
1629 2529 1734 2560 audiet.

946 2584 1017 2620 quod
1048 2583 1201 2613 ortltodoxo
1224 2581 1381 2616 imperatori
1400 2586 1539 2614 nunquam
1562 2577 1590 2603 in
1614 2580 1738 2603 mentem

947 2629 1029 2662 venit,
1038 2628 1158 2655 luturutn
1171 2632 1201 2655 ut
1212 2627 1276 2662 quis
1292 2627 1344 2653 hoc
1358 2625 1479 2655 auderet,
1492 2627 1519 2650 et
1533 2622 1647 2652 diceret,
1661 2620 1736 2655 quo'ls

947 2684 962 2704 a
983 2680 1060 2703 tanta
1080 2675 1244 2702 auctoritate
1266 2673 1378 2708 praaiito
1395 2675 1505 2704 tamque
1524 2669 1660 2695 honorato
1681 2667 1733 2701 ‘ju-

948 2723 1067 2750 dicatttm
1085 2723 1120 2750 sit
1132 2728 1193 2749 esse
1211 2727 1306 2747 rursus
1324 2720 1351 2744 in
1373 2717 1505 2751 judicium
1533 2714 1667 2741 revmand
1681 2721 1732 2742 tm.

949 2769 1051 2796 Deinde
1066 2773 1092 2796 et
1107 2765 1255 2795 Iustiniani
1268 2763 1418 2794 Novellam,
1434 2762 1461 2788 in
1486 2760 1628 2795 praesentis
1648 2767 1733 2787 cano-

949 2815 992 2842 nis
1012 2812 1237 2847 interpretatione
1259 2810 1387 2844 positam,
1411 2815 1467 2834 cua
1484 2809 1596 2836 cavetur
1619 2814 1652 2833 ne
1668 2806 1734 2840 quis

958 2857 1134 2897 patriarchali
1155 2855 1297 2884 sententia!
1313 2852 1494 2886 contradicat,
1513 2851 1638 2880 suilicere
1652 2851 1684 2879 ad
1698 2858 1737 2879 οι
