1935 3081
131 155 199 188 1313

638 154 678 185 lN
694 155 778 186 CAN.
800 155 875 187 XIII
893 156 1000 189 CONC.
1017 157 1049 189 II
1062 157 1243 191 ANTIOCH.

1693 160 1763 194 13η

129 212 212 240 αὐτοῦ
227 212 405 249 ἐξετασθῆναι
419 212 568 247 ἀπόφασιν,
595 213 645 240 καὶ
659 213 697 249 τῷ
721 213 803 241 τοῦτο
829 214 911 251 ποιή-

981 217 1154 246 Iamnationis
1169 226 1224 246 sua:
1237 217 1421 253 cognitionem
1434 218 1550 251 deferre,
1567 226 1656 248 canon
1668 225 1758 255 vetat;

129 267 205 287 σαντι
223 260 291 296 μήτε
303 259 396 295 χώραν
411 260 559 294 ἀπολογίας
575 259 697 287 δίδοσθαι
711 260 830 294 κελεύει,
843 263 916 297 μήτε

128 305 262 346 ιλπιζιιν,
276 306 314 338 ὡς
337 307 605 342 ἀποκαταστήσεται.

129 351 243 380 ΑΡΙΣΤ.
275 361 284 378 ι
311 352 341 379 Ὀ
356 352 559 389 καθῃρημένος,
585 353 609 379 εί
636 352 757 388 ἐνοχλοίη
772 351 813 389 τῷ
842 351 919 389 βασι-

165 407 176 424 (
199 397 250 431 λεῖ,
263 398 374 425 αἰτείτω
403 397 513 425 σύνοδον
543 398 668 434 μείζονα,
693 399 740 425 καὶ
765 400 796 426 τδ
811 400 918 426 ὲκεῖῡεν

166 452 176 470 s
195 442 274 475 δόξαν
289 442 447 478 στεργέτω·
473 443 498 469 εί
514 442 543 469 δὲ
571 443 618 469 καὶ
648 442 728 474 αὖθις
757 443 917 471 ἀποδυσπε-

167 497 176 515 ι
196 488 268 523 τοίη,
283 489 321 523 μὴ
335 489 422 524 ἐχέτω
437 489 671 516 ἀποκατάστασιν.
691 498 701 515 ι
873 514 877 525 τ

162 533 215 560 Τὸν
227 533 427 570 καθαιρεθέντα
442 532 496 560 ὑπὸ
511 533 635 565 συνόδου,
652 534 701 561 καὶ
714 534 838 569 οἰόμενον
855 535 917 562 ἀδι-

127 579 246 612 κεῖσθαι,
264 580 278 606 ό
293 578 385 606 κανὼν
402 580 433 607 οὗ
449 579 549 607 κωλύει
566 580 680 615 μείζονα
694 580 804 607 σύνοδον
820 582 919 617 ἐπικα-

125 625 244 658 λεῖσθαι,
260 626 309 653 καὶ
323 625 390 662 παρ’
405 626 474 662 αὐτῇ
490 627 642 662 γυμνάζειν
656 626 674 653 ἀ
689 626 796 662 νομίζει
821 626 918 655 δίκαια

125 672 211 708 ἔχειν,
227 672 267 704 εἰς
285 673 444 709 ἀνατροπὴν
457 672 508 708 τῆς
523 674 583 700 κατ’
605 673 688 701 αὐτοῦ
723 674 916 709 ἐξενεχθείσης

125 718 230 754 ψήφου.
251 719 333 746 Ἀλλά
350 719 451 754 μᾶλλον
472 719 521 746 καὶ
553 719 698 755 ἐπιτρέπει
727 719 802 754 αὺτῷ
831 721 918 747 ποιεῖν

124 765 204 792 αὐτό.
235 764 288 792 Τὸν
308 764 336 792 δὲ
363 765 402 801 μὴ
417 764 530 792 θέλοντα
558 764 720 800 προσελθεῖν
738 765 850 801 συνόδῳ,
867 765 916 792 καὶ

125 812 192 847 παρ’
209 811 279 848 αὐτῇ
296 811 331 839 τά
343 812 432 839 οἰκεῖα
448 810 589 847 προθεῖναι
601 810 706 843 δίκαια,
720 811 790 838 ἀλλά
803 813 853 843 τὰς
869 810 917 845 βα-

125 858 233 890 σιλικὰς
247 859 333 889 ἀκοάς
358 858 536 894 παρενοχλεῖν
552 857 726 892 πειρώμενον
748 858 788 888 εἰς
803 856 914 893 ἐκδίκη-

969 265 1070 299 quique
1092 264 1119 292 id
1135 263 1240 298 fecerit,
1255 272 1304 293 nec
1321 265 1410 293 audiri
1434 267 1548 300 amplius
1564 266 1591 294 in
1602 267 1719 302 judicio,
1732 273 1762 296 et

968 312 1042 340 omni
1062 312 1090 339 in
1106 317 1246 346 posterum
1263 312 1445 340 restitutionis
1460 320 1508 348 spe
1520 321 1614 342 carere
1625 314 1711 348 jubet.

971 357 1088 385 ARIST.
1113 367 1123 384 ι
1141 357 1294 393 Depositus,
1306 359 1328 387 si
1345 359 1503 394 imperatori
1519 359 1670 388 molestiam
1685 361 1763 389 exhi-

1012 413 1022 431 ι
1040 403 1140 438 buerit,
1152 406 1281 440 majorem
1294 410 1366 441 petat
1378 407 1521 441 synodum.
1532 407 1645 441 ejusque
1654 408 1762 435 decreto

1009 459 1021 478 ‹
1041 452 1207 486 acquiescat.
1224 451 1252 480 Si
1265 461 1331 480 vero
1347 460 1456 480 rursum
1471 460 1542 489 πει-θ
1555 453 1660 488 tulerit,
1679 455 1759 483 resti-

1010 505 1021 525 s
1039 498 1172 525 tutionem
1187 506 1222 525 ne
1236 503 1408 533 assequutur.
1427 507 1437 524 ι

1005 543 1072 571 Eum
1090 543 1136 578 qui
1161 551 1176 570 a
1206 543 1309 579 synodo
1333 543 1488 578 deponitur,
1519 543 1625 579 sibique
1656 544 1763 573 videtur

970 587 1071 622 injuria
1089 588 1214 622 allectus,
1231 597 1316 616 canon
1343 589 1387 616 hic
1405 589 1536 624 majorem
1557 597 1706 624 provocare
1716 597 1762 625 sy-

969 633 1069 661 nodum
1094 641 1147 661 non
1179 633 1314 668 prohibet,
1342 638 1370 661 et
1395 634 1466 668 apud
1483 641 1543 661 eam
1565 634 1689 669 proferre
1701 642 1762 670 quae

965 679 1039 715 justa
1057 687 1116 708 esse
1134 680 1294 712 arbitratur,
1312 680 1344 706 ad
1375 680 1518 708 sententia:
1539 685 1633 708 contra
1654 688 1685 708 se
1701 681 1762 708 latae

968 726 1151 753 eversionem.
1178 725 1237 753 lmo
1262 725 1351 760 potius
1373 726 1397 753 ei
1425 726 1476 754 hoc
1500 727 1631 761 permittit
1659 726 1758 755 facere.

967 770 1035 799 Eum
1052 776 1142 799 autem
1156 772 1203 806 qui
1221 779 1272 800 non
1301 772 1359 799 vult
1386 772 1520 807 synodum
1549 773 1635 803 adire.
1651 776 1679 800 et
1691 773 1761 807 apud

966 824 1027 845 eam
1044 817 1107 852 jura
1133 824 1183 845 sua
1199 824 1362 852 proponere,
1382 818 1430 845 sed
1460 818 1651 852 imperatorias
1667 819 1762 846 obtur-

966 863 1033 892 bare
1049 864 1164 891 attresin
1177 863 1310 891 ultionem
1326 864 1446 897 molitur,
1458 864 1531 892 nulla
1548 865 1674 900 dignatur
1684 866 1761 892 venia

92 939 99 943 ν
125 913 178 937 σιν,
191 889 358 940 συγγνώμης
385 889 524 935 mimica
549 889 705 937 calamitas
730 903 825 938 χώραν
846 889 913 930 ἀπο-

981 917 1020 937 iec
1040 910 1173 946 apologile
1189 909 1278 937 locttm
1294 909 1319 937 ei
1346 910 1484 943 concedit,
1498 918 1549 938 nec
1568 889 1665 938 [illum
1679 911 1760 939 reati-

123 951 220 985 λογίας
235 950 312 983 αὐτῷ
329 949 434 982 δίδωσι,
447 949 497 977 καὶ
511 949 607 976 ιλπίδα
624 949 780 985 προσδοκᾷν
796 948 913 985 μελλού-

124 1004 174 1031 σης
190 994 451 1027 ἀποκαταστάσεως.

420 1041 541 1068 ΚΑΝΩΝ
563 1041 614 1070 π’.

126 1098 138 1116 s
157 1088 269 1125 Μηδένα
287 1088 439 1116 ἐπίσκοπον
463 1088 567 1124 τολμᾷν
594 1087 642 1122 ἀφ’
661 1088 761 1123 ἑτέρας
777 1087 914 1124 ἔπαρχίας

162 1145 173 1162 ι
194 1136 235 1167 εἰς
249 1135 347 1171 ἑτέραν
361 1134 548 1170 μεταϐαίνειν,
568 1135 614 1161 καὶ
635 1135 801 1170 χειροτονεῖν
816 1135 845 1161 ὲν
866 1135 913 1162 εκ-

161 1190 171 1208 ι
193 1181 322 1217 κλησίαις
357 1180 433 1213 τινάς
461 1180 503 1213 εἰς
528 1172 698 1216 προαγωγὴν
726 1180 911 1214 λειτουργίας,

161 1237 172 1255 s
197 1227 263 1263 μηδὲ
278 1229 303 1254 ει
318 1226 499 1261 συνεπάγοιτο
511 1226 602 1262 ἑαυτῷ
620 1227 741 1262 ἑτέρους,
757 1227 780 1253 si
805 1227 844 1261 μὴ
861 1234 913 1253 παι·

161 1283 172 1301 s
195 1273 341 1310 ρακληθεὶς
357 1274 485 1308 ἀφίκοιτο
497 1273 541 1300 διὰ
555 1273 728 1309 γραμμάτων
741 1272 789 1300 τοῦ
805 1281 835 1299 τε
861 1280 914 1307 μη-

158 1329 168 1346 s
192 1320 353 1356 τροπολίτου
377 1319 427 1346 καὶ
448 1319 504 1346 τῶν
521 1319 569 1346 σὺν
588 1319 664 1354 αὐτῷ
687 1318 858 1352 ἐπισκόπων,
874 1314 913 1346 ὧν

162 1375 172 1392 ι
193 1367 232 1397 είς
253 1366 305 1401 τὴν
320 1367 414 1401 χώραν
430 1364 611 1400 παρέρχεται.
628 1365 659 1391 El
680 1363 708 1391 δὲ
726 1364 841 1400 μηδενὸς
862 1372 914 1390 κα-

163 1420 173 1438 s
193 1410 303 1443 λοῦντος
316 1410 430 1438 ἀπέλθοι
444 1411 571 1442 ἀτάκτως
586 1410 634 1437 ἐπὶ
645 1409 804 1445 χειροθεσίᾳ
816 1410 911 1443 τινῶν,

162 1465 173 1484 s
196 1458 245 1484 καὶ
260 1457 430 1483 καταστάσει
443 1457 497 1483 τῶν
517 1456 758 1491 ἐκκλησιαστικῶν
781 1456 912 1492 πραγμά-

161 1510 173 1528 s
193 1510 248 1528 των
262 1501 300 1537 μὴ
324 1501 521 1536 προσηκόντων
538 1501 624 1536 αὐτῷ,
647 1499 741 1536 ἄκυρα
755 1500 805 1536 μὲν
819 1501 854 1527 τὰ
865 1500 912 1527 ὑπ’

160 1556 173 1576 s
193 1547 276 1575 αὑτοῦ
305 1547 494 1584 πεπραγμένα
518 1547 682 1582 τυγχάνεινο
710 1548 758 1574 καὶ
775 1545 858 1574 αὑτὸν
881 1546 910 1574 δὲ

161 1604 172 1622 s
194 1594 305 1630 ὑπέχειν
319 1593 370 1628 τῆς
382 1593 498 1626 ἀταξίας
513 1593 597 1620 αὐτοῦ
614 1593 662 1620 καὶ
686 1592 736 1628 τῆς
753 1592 911 1627 παραλόγου

166 1651 176 1668 ι
200 1641 400 1677 ἐπιχειρήσεως
414 1641 464 1676 τὴν
477 1640 670 1677 προσήκουσαν
683 1639 772 1674 δίκην,
787 1638 914 1674 καθῃρη-

161 1697 172 1715 s
195 1690 274 1724 μένον
300 1686 426 1714 ἐντεῦθεν
448 1687 499 1722 ήδη
516 1686 569 1713 ὑπὸ
591 1686 640 1721 τῆς
664 1685 744 1720 ἁγίας
761 1684 884 1711 συνόδου.
898 1692 909 1710 t

145 1748 148 1751 ν
160 1734 260 1761 ΒΑΛΣ.
269 1734 337 1769 Περὶ
348 1733 402 1760 τῶν
415 1734 443 1759 ιν
456 1732 495 1768 τῷ
510 1733 624 1768 παρόντι
640 1732 733 1758 κανόνι
754 1730 914 1765 διειλημμέ-

122 1788 178 1808 νων
192 1780 293 1810 ἱκανῶς
307 1778 469 1814 διελάὸομεν
482 1779 511 1805 ὲν
526 1777 566 1813 τῷ
579 1776 615 1804 λε’
628 1776 803 1810 ἀποστολικῷ
817 1775 913 1802 κανόνι

123 1827 174 1855 καὶ
188 1827 218 1853 ιν
232 1826 349 1860 ἑτέροις.
367 1825 423 1852 Καὶ
438 1823 578 1859 ἀνάγνωθι
601 1824 637 1850 τὰ
661 1823 690 1850 ιν
711 1822 829 1853 ἐκείνοις
845 1829 914 1856 γρα-

124 1872 221 1908 φέντα.
237 1872 319 1908 Ζήτει
333 1871 381 1898 καὶ
402 1871 453 1906 τῆς
477 1869 622 1904 παρούσης
650 1867 763 1895 συνόδου
779 1876 842 1894 καν.
859 1865 912 1902 κβ’.

159 1919 283 1947 ΖΩΝΑΡ.
298 1917 460 1951 Σιφνδάλων
483 1917 531 1943 καὶ
545 1913 672 1950 ταραχῶν
686 1914 775 1941 αίτιον
787 1912 819 1940 τὸ
836 1912 915 1940 ἀπιέ-

123 1972 168 1993 ναι
184 1965 336 1991 ἐπίσκοπον
350 1963 391 1995 είς
408 1963 543 1998 ἐπαρχίαν
558 1962 667 1996 ἑτέραν,
681 1961 728 1987 καὶ
743 1959 915 1995 χειροτονίας

122 2011 213 2039 ποιεῖν
236 2010 301 2037 ἄνευ
326 2008 440 2044 γνώμης
465 2007 513 2035 τοῦ
529 2007 683 2034 ἐπισκόπου
710 2005 761 2041 τῆς
778 2005 914 2041 ιπαρχίας

124 2057 242 2092 ικιινης.
260 2055 306 2082 Διὸ
326 2055 375 2082 καὶ
400 2054 502 2082 κωλύει
524 2053 604 2080 τοῦτο
629 2052 643 2078 ό
664 2050 768 2084 κανὼν,
794 2052 843 2078 καὶ
869 2052 914 2078 τδν

122 2102 203 2131 τοῦτο
224 2101 378 2137 ποιήσαντα
392 2098 554 2135 καθαιρέσει
567 2097 754 2129 καταδικάζει.
769 2096 862 2124 Ταῦτα
883 2096 912 2123 δὲ

125 2147 317 2174 κεκανόνισται
347 2147 397 2174 καὶ
413 2148 470 2177 τοῖς
486 2145 576 2180 ἁγίοις
595 2143 757 2175 ἀποστόλοις
770 2143 799 2169 ἐν
816 2141 852 2169 λε’
865 2150 916 2169 κα-

123 2194 181 2220 νόνι
192 2202 199 2209 ·
218 2193 254 2220 τὰ
269 2192 340 2220 αὐτά
355 2192 384 2219 δι
397 2192 485 2228 ὁρίζει
503 2191 553 2219 καὶ
567 2191 582 2218 ό
599 2189 642 2226 κβ¹
658 2188 750 2217 κανὼν
777 2189 828 2224 τῆς
849 2196 912 2216 συν-

122 2239 184 2266 όδου
196 2240 310 2275 ταύτης.

123 2287 236 2315 ΑΡΙΣΤ.
267 2295 277 2313 s
308 2287 340 2314 El
379 2286 491 2322 μηδενὸς
518 2286 660 2320 ἀξιοῦντος
693 2286 845 2319 ιπίσκοπος
874 2287 914 2318 εἰς

163 2342 173 2360 s
194 2333 280 2368 ἀλλην
306 2333 443 2368 ἐπαρχίαν
469 2333 557 2367 ἀπίοι,
584 2333 633 2360 καὶ
656 2332 837 2368 χειροτονοίη,
865 2333 914 2359 καὶ

160 2389 170 2407 s
192 2380 307 2415 διοικοιη
322 2380 485 2416 πράγματα,
498 2380 570 2407 αὑτά
585 2388 616 2407 τε
629 2379 722 2415 ἄκυρα
738 2379 914 2415 μενέτω,κά-

161 2436 170 2453 ι
191 2427 280 2458 κεῖνος
295 2424 488 2462 καθαιρείσθω.
511 2434 520 2452 ι

160 2471 278 2502 Πολλοὺς
302 2470 420 2502 κανόνας
448 2470 578 2506 εὑρήσεις
591 2471 672 2498 τοῦτο
695 2471 866 2505 κωλύοντας,
881 2471 913 2499 τδ

125 2517 306 2555 μεταϐαίνειν
321 2517 471 2544 ἒπίσκοπον
484 2517 538 2544 ἀπὸ
553 2518 604 2550 τῆς
630 2517 699 2550 ιδίας
718 2518 857 2554 ἐπαρχίας
872 2519 913 2550 είς

124 2564 280 2600 ἀλλοτρίαν,
309 2563 357 2591 καὶ
382 2563 549 2600 χειροτονεῖν
574 2564 604 2591 ὲν
629 2565 710 2601 αὐτῇ,
733 2565 863 2601 ἢετερόν
886 2573 913 2592 τι

124 2610 305 2638 ἐπισκοπικὸν
319 2611 459 2648 ἐνεργεῖν·
484 2610 510 2637 εί
534 2610 572 2646 μή
594 2619 646 2638 που
671 2612 832 2648 προσκληθῇ
857 2619 910 2647 τις,

125 2658 173 2685 καὶ
192 2657 297 2693 ἀξιωθῇ
312 2658 389 2692 παρὰ
400 2656 446 2683 τοῦ
460 2656 532 2684 κατὰ
548 2657 640 2693 χώραν
656 2658 809 2685 ἐπισκόπου
821 2657 911 2685 τοιοῦι

124 2704 171 2731 τόν
187 2712 214 2730 τι
227 2703 353 2738 ποιῆσαι.
370 2702 422 2729 Τδν
436 2702 459 2729 δ’
482 2702 589 2730 οἴκοθεν
602 2703 644 2734 είς
660 2703 798 2739 ἐπαρχίαν
812 2703 912 2739 ἑτέραν

125 2749 361 2785 παραγενόμενον,
383 2748 432 2775 καὶ
452 2748 469 2784 ἢ
495 2749 670 2784 χειροθεσίας
694 2749 870 2785 ποιούμενον,
894 2749 911 2786 ἢ

123 2795 307 2826 καταστάσεις
324 2794 560 2829 ὲκκλησιαστικῶν
574 2795 757 2830 πραγμάτων,
778 2796 816 2832 μὴ
830 2804 915 2832 προσ-

123 2842 246 2878 ηκόντων
263 2839 348 2876 αὐτῷ,
373 2841 423 2867 σὺν
445 2840 484 2876 τῷ
499 2841 589 2876 ἄκυρα
610 2842 703 2876 μένειν
716 2842 750 2869 τά
767 2843 813 2870 ὕπ’
828 2843 912 2871 αὑτοῦ

110 2918 117 2927 γ,
124 2887 311 2925 πραττόμενα,
326 2887 374 2915 καὶ
387 2886 582 2922 καθαιρεῖσθαι
598 2886 808 2922 προστάττουσι.

969 956 1081 984 tutionis
1091 964 1168 991 spem
1180 961 1351 992 exspectare.

1262 1048 1376 1076 CANON
1395 1048 1467 1076 Xlll.

971 1103 981 1122 α
1000 1093 1096 1122 Nullus
1120 1094 1265 1129 episcopus
1287 1095 1385 1121 amleat
1413 1094 1448 1121 ab
1476 1101 1528 1122 una
1557 1093 1698 1128 provincia
1731 1093 1760 1122 in

1009 1150 1018 1166 ι
1035 1141 1115 1168 aliam
1136 1141 1264 1174 transire,
1281 1144 1308 1168 et
1326 1142 1359 1168 ad
1387 1139 1532 1168 ministerii
1560 1141 1758 1176 promotionem

1011 1195 1021 1213 ι
1043 1187 1148 1222 aliquos
1182 1187 1307 1214 ccclesiis
1331 1187 1470 1218 ordinare,
1493 1193 1544 1214 nec
1572 1186 1595 1214 si
1623 1186 1693 1214 alios
1709 1194 1759 1214 una

1007 1241 1016 1258 ι
1037 1239 1127 1259 secum
1151 1231 1271 1264 inducat,
1289 1231 1341 1259 nisi
1365 1231 1469 1258 venerit
1488 1231 1592 1258 litteris
1609 1232 1761 1259 accersitus

1002 1287 1014 1305 ‹
1032 1278 1244 1313 metropolitani,
1261 1283 1289 1305 et
1302 1278 1492 1312 episcoporum
1508 1278 1554 1312 qui
1572 1282 1634 1304 sunt
1647 1284 1708 1305 cum
1724 1277 1763 1312 lp-

1002 1332 1013 1351 ι
1030 1331 1070 1357 so,
1081 1324 1108 1351 in
1125 1331 1238 1358 quorum
1251 1323 1388 1358 regionem
1403 1323 1520 1351 accedit.
1537 1323 1565 1350 Si
1581 1328 1672 1350 autem
1687 1322 1761 1350 nullo

1005 1379 1015 1397 ι
1034 1375 1162 1403 vocante,
1178 1370 1211 1398 ad
1227 1369 1379 1405 aliquorum
1407 1370 1604 1397 ordinationem
1631 1375 1657 1397 et
1674 1370 1761 1396 eccle-

1007 1424 1018 1443 ι
1037 1416 1209 1444 siasticarum
1226 1423 1315 1443 rerum
1330 1417 1363 1443 ad
1376 1424 1406 1444 se
1422 1423 1473 1442 non
1486 1416 1679 1450 pertinentium
1694 1423 1761 1443 con-
1791 1444 1801 1448 _

1003 1471 1014 1489 ι
1031 1461 1213 1496 stitutionem,
1235 1461 1388 1489 inordinate
1401 1463 1605 1497 insolenterque
1621 1469 1761 1496 processe-

1007 1515 1018 1534 ι
1036 1507 1082 1540 rit,
1102 1507 1157 1535 sint
1186 1507 1294 1543 quidem
1313 1507 1392 1535 irrita
1408 1515 1468 1542 quae
1482 1507 1516 1535 ab
1535 1507 1593 1541 ipso
1605 1511 1756 1542 geruntur:

1008 1562 1017 1579 ι
1039 1553 1096 1588 ipse
1111 1557 1201 1580 autem
1215 1561 1271 1581 sua;
1293 1553 1444 1581 insolentiae
1465 1557 1493 1580 et
1508 1559 1606 1588 praeter
1626 1553 1756 1580 rationem

1007 1608 1017 1625 ι
1034 1599 1114 1626 facta:
1128 1599 1314 1635 aggressionis
1329 1599 1436 1626 debitas
1448 1599 1492 1626 det
1508 1606 1616 1634 pinnas,
1635 1607 1650 1626 a
1664 1603 1758 1626 sancta

1001 1654 1012 1671 ε
1031 1645 1136 1673 scilicet
1145 1645 1248 1681 synodo
1261 1645 1361 1673 exinde
1373 1646 1524 1681 depositus.
1540 1654 1550 1672 ι

1000 1733 1101 1763 BALS.
1122 1733 1159 1761 De
1184 1732 1228 1767 iis,
1247 1741 1307 1768 quae
1331 1733 1358 1761 in
1381 1732 1508 1767 praesenti
1523 1739 1626 1760 canone
1640 1735 1756 1759 tractata

964 1785 1038 1812 sunt.
1054 1775 1080 1808 in
1104 1787 1207 1808 canone
1230 1778 1379 1815 apostolico
1407 1777 1443 1806 55
1466 1779 1534 1806 satis
1566 1778 1754 1809 tractavimus.

963 1831 990 1854 et
1002 1826 1076 1853 alibi.
1096 1825 1129 1853 Et
1151 1825 1210 1861 lege
1232 1833 1276 1858 ea,
1299 1833 1359 1860 qua:
1375 1824 1428 1852 illic
1444 1824 1547 1859 scripta
1562 1829 1636 1852 sunt.
1656 1823 1754 1858 Quaere

963 1876 991 1900 et
1015 1872 1156 1906 praesentis
1168 1871 1263 1906 synodi
1279 1877 1409 1898 canonem
1427 1870 1475 1897 22.

997 1916 1124 1946 ZONAR.
1142 1917 1171 1945 Si
1200 1917 1263 1951 quis
1280 1917 1425 1951 episcopus
1452 1916 1564 1944 alterius
1586 1916 1752 1951 provinciat-

964 1963 1143 2000 ingrediatur,
1159 1963 1253 1998 ibique
1266 1970 1299 1990 eo
1317 1963 1471 1990 inconsulto
1494 1956 1605 1990 ordines
1618 1963 1754 1995 conferat,

964 2009 1128 2037 ollensiones
1146 2016 1179 2036 ac
1206 2008 1340 2036 tumultus
1354 2015 1387 2035 ex
1404 2016 1435 2036 ea
1454 2015 1484 2036 re
1509 2013 1642 2035 exsistere
1673 2007 1754 2035 facile

964 2061 1015 2084 est.
1032 2055 1189 2090 Quare,tum
1206 2055 1231 2082 id
1244 2054 1302 2082 ﬁeri
1312 2061 1399 2082 canon
1415 2058 1499 2087 vetat,
1518 2060 1574 2081 tum
1588 2054 1632 2088 qui
1645 2053 1752 2086 fecerit;

964 2101 1136 2138 depositione
1152 2102 1315 2128 damnatum
1326 2108 1390 2129 esse
1403 2101 1538 2128 decernit.
1560 2101 1660 2128 Eadem
1677 2107 1753 2132 vero.

964 2153 992 2176 et
1020 2148 1206 2183 apostolorum
1228 2148 1369 2175 tricesimo
1380 2146 1476 2183 quinto
1500 2152 1529 2175 et
1552 2147 1631 2182 bujus
1647 2153 1754 2182 quoque

964 2194 1062 2231 synodi
1077 2193 1209 2221 vicesimo
1226 2196 1345 2222 secundo
1365 2201 1479 2228 canone,
1495 2193 1645 2222 constituta
1662 2198 1738 2221 sunt.

965 2283 1080 2312 ABIS‘I‘.
1098 2293 1108 2310 ι
1123 2283 1163 2317 Si.
1187 2283 1296 2311 nemine
1320 2287 1442 2318 rogante,
1469 2283 1614 2317 episcopus
1628 2282 1656 2310 in
1672 2282 1752 2310 aliam

1003 2341 1013 2358 ε
1031 2338 1061 2359 se
1074 2330 1222 2358 contulerit
1232 2330 1409 2364 provinciam,
1421 2334 1449 2357 et
1462 2329 1637 2361 nrdinaverit,
1653 2336 1753 2364 resque

1001 2387 1010 2403 ι
1027 2376 1272 2408 administraverit,
1288 2380 1315 2403 et
1339 2376 1423 2403 irrita:
1438 2379 1577 2408 maneant,
1594 2379 1622 2403 et
1642 2375 1696 2403 iste
1707 2376 1755 2402 de—

998 2431 1009 2449 s
1024 2427 1150 2458 ponatur.
1169 2430 1181 2448 ι

999 2469 1097 2497 Multos
1114 2475 1234 2496 canones
1251 2467 1372 2495 invenies
1399 2467 1450 2495 hoc
1471 2467 1654 2502 prohibentes,
1669 2468 1752 2493 nimi-

964 2524 1024 2545 rum
1038 2516 1196 2552 episcopum
1213 2523 1228 2542 e
1250 2522 1298 2542 sua
1313 2514 1451 2549 prmiucia
1468 2515 1500 2540 ad
1516 2514 1631 2540 alienam
1653 2514 1752 2540 transi-

963 2563 1024 2596 lire,
1039 2567 1068 2591 et
1087 2563 1115 2590 in
1137 2570 1169 2589 ea
1187 2561 1326 2594 ordinare,
1347 2565 1395 2589 aut
1414 2561 1494 2588 'aliuil
1520 2560 1630 2594 aliquod
1653 2568 1753 2587 munus

964 2610 1118 2646 episcopale
1135 2609 1221 2637 obire.
1239 2608 1298 2637 Nisi
1318 2608 1433 2636 forsitan
1449 2611 1559 2635 vocetur
1580 2606 1678 2642 aliquis
1692 2611 1721 2634 et
1736 2615 1750 2634 a

964 2656 1084 2692 regionis
1094 2656 1228 2691 episcopo
1243 2655 1340 2691 dignus
1359 2654 1502 2685 habeatur,
1517 2653 1562 2688 qui
1581 2652 1634 2680 talc
1649 2652 1751 2688 aliquid

964 2703 1056 2731 faciat.
1068 2701 1104 2730 At
1113 2703 1159 2738 qui
1168 2709 1216 2730 sua
1228 2705 1324 2736 sponte
1336 2700 1363 2727 in
1371 2699 1482 2726 alteram
1492 2698 1576 2735 ω
1586 2698 1751 2734 provinciam

963 2749 1154 2786 proﬁciscitur,
1170 2753 1197 2775 et
1214 2747 1256 2774 vel
1273 2753 1400 2773 manuum
1415 2745 1602 2779 impositioncs
1617 2745 1690 2776 facit,
1710 2745 1753 2771 ντί

963 2795 1133 2831 negotiorum
1145 2792 1391 2820 ecclesiasticarum
1400 2791 1608 2820 οοιιειὶιιιιὶυιιθε
1619 2794 1652 2819 ad
1662 2792 1750 2828 ipsum

964 2849 1017 2869 non
1033 2839 1237 2876 pertinentium,
1253 2842 1280 2865 et
1293 2838 1371 2865 irrita
1387 2845 1497 2866 manere
1513 2846 1571 2874 quae
1598 2839 1631 2867 ab
1645 2844 1695 2867 Isto
1710 2839 1755 2866 la-

964 2891 1008 2915 eta
1021 2889 1095 2920 sunt,
1112 2888 1138 2913 et
1152 2884 1238 2920 ipsum
1255 2883 1352 2918 deponi
1366 2883 1472 2919 jubcm,
