1935 3081
226 129 297 164 1319

854 124 903 155 ΤΠ
909 123 993 155 ΕΟῙ).
1010 121 1210 154 ΒΑιδΑιιιοΝ

1799 117 1884 151 132’)

226 196 318 220 autem
331 187 588 226 reprehenderetur,
598 189 626 214 et
636 185 867 221 interrogaretur.
879 183 1016 219 quomodo

1084 190 1142 214 πως
1155 181 1236 209 τοῦτο
1252 179 1432 216 τετόλμηκεν.
1451 178 1676 214 ιόικαιολογιῖτο,
1694 179 1732 216 μὴ
1744 179 1780 207 δι’
1799 179 1881 206 ἀλλο

226 239 280 267 hoc
305 241 380 266 esset
407 242 502 266 ausus,
521 233 574 261 hoc
592 241 623 261 ae
650 232 731 260 modo
751 230 928 259 defendebat.
949 229 1009 258 Non

227 289 342 321 propter
372 281 479 315 aliquid
505 279 581 307 aliud
607 279 696 307 fuisse
724 277 891 314 prohibitam
916 277 944 304 in
966 275 1018 303 alia

227 331 341 366 regione
357 336 405 356 seu
427 325 543 355 ditecesi
564 324 752 361 operationem
777 331 825 351 seu
843 322 1017 352 exercitium.

227 384 310 412 quant
326 383 359 402 ne
376 373 476 409 injuria
491 372 647 400 adiceretur
662 375 690 398 et
701 372 924 398 contemneretur
938 367 1020 402 hujus

229 422 353 458 regionis
369 420 535 448 dimcesisve
549 417 673 454 prmsul:
693 424 754 445 cum
779 419 871 443 autem
899 422 954 442 non
984 414 1020 440 sit

231 469 347 495 antistes
362 467 388 493 in
406 471 519 492 vacante
533 463 661 496 ecclesia,
678 467 705 489 et
719 468 782 489 cum
798 461 856 495 ipse
869 467 943 492 eam,
959 466 1020 495 qua:

229 513 268 540 illi
285 512 434 547 obtigerat.
451 517 506 538 non
527 509 620 541 habet,
638 512 668 534 ut
683 514 746 542 quae
763 514 776 533 a
801 505 931 541 gentibus
955 504 1023 532 deli-

229 558 367 590 nebatur,
394 563 446 583 nec
473 562 533 590 quae
562 554 598 582 de
618 553 721 588 injuria
748 552 822 580 dicta
849 555 913 579 sunt
930 551 1020 578 locum

230 603 384 635 habebunt,
413 609 464 629 ncc
491 601 578 628 ullum
603 599 629 626 ei
664 598 856 634 pra=judicium
881 596 1022 628 all‘eretur,

232 655 362 685 tanquam
390 647 450 683 qui,
483 648 555 674 ultra
581 653 615 674 ea
645 652 707 680 quae
731 644 824 676 habet,
849 643 938 671 aliena
968 642 1021 670 sibi

231 701 359 732 usurpet.
382 695 453 722 Dicit
465 701 532 730 ergo
546 700 649 725 canon.
668 699 743 724 eum,
760 690 808 726 qui
836 694 892 717 tam
919 693 1023 717 temere

231 752 248 772 ι
264 744 386 779 Spiritus
402 741 493 769 sancti
510 740 602 776 gratia
627 747 682 766 non
708 737 764 766 sibi
780 737 874 764 datum
893 735 1022 763 thronum

233 789 342 825 arripit.
364 788 472 815 etiamsi
504 790 532 814 et
559 786 619 820 ipse
646 788 674 812 et
703 782 820 811 ecclesia
847 786 937 814 vacet,
961 787 1024 808 esse

233 834 411 871 ejiciendum.
425 832 540 861 Perinde
556 835 648 858 autem
661 837 693 857 ac
703 830 726 857 si
742 829 858 856 dixisset
874 827 1022 863 quispiam,

233 889 267 910 ea
283 881 375 909 locum
393 880 505 911 habere,
523 876 635 912 quando
651 876 684 906 is.
700 875 746 910 qui
771 878 863 906 vacat,
887 872 1024 908 praedonis

235 935 312 956 more
330 931 472 954 vacantem
496 923 641 952 ecclesiam
663 921 826 953 invasisset;
849 927 902 947 non
931 923 1024 946 autem

234 973 347 1009 quando
364 972 425 1007 ejus
445 971 564 1006 populus
579 977 655 1001 eum,
674 967 722 1003 qui
738 970 827 998 vacat,
845 965 888 993 vel
906 964 1023 992 invitum

236 1018 271 1046 ad
286 1025 347 1045 eam
381 1015 558 1044 transtulerit
575 1024 582 1042 :
603 1013 697 1049 adjicit
712 1020 800 1040 canon
824 1018 859 1039 ne
881 1015 1024 1046 propterea

236 1062 348 1098 quidem
366 1068 428 1088 esse
455 1061 492 1087 illi
520 1057 731 1094 ignoscendum,
755 1055 803 1090 qui
829 1055 856 1082 in
884 1057 1024 1082 vacantem

235 1107 370 1137 dimcesin
395 1105 500 1141 aliquid
526 1104 683 1140 episcopale
706 1102 830 1130 exercuit
848 1101 952 1136 absque
978 1107 1027 1135 ay-

236 1155 302 1184 nodi
320 1153 513 1190 permissione.
535 1151 604 1179 Cum
624 1155 727 1182 autem.
746 1153 776 1176 ut
807 1153 850 1177 est
867 1147 1027 1180 verisimile,

238 1208 255 1228 ι
270 1198 480 1235 provincialium
493 1197 687 1232 episcoporum
699 1193 907 1229 dispensatione
920 1191 1027 1219 vacanti

238 1247 360 1281 cuipiam
375 1244 539 1280 permissum
555 1248 628 1270 esset
645 1241 672 1268 in
688 1245 805 1268 vacante
827 1238 944 1267 ecclesia
957 1237 1030 1265 cele-

239 1293 332 1324 brare,
347 1295 375 1318 et
387 1291 439 1318 hoc
449 1290 639 1321 damnaretur,
655 1294 689 1315 eo
703 1286 777 1322 quod
790 1293 846 1314 nan
861 1290 935 1314 esset
945 1284 1028 1313 etiam

239 1345 371 1366 assensus
389 1335 635 1370 metropolitanus,
660 1332 790 1360 dicebant
815 1331 939 1367 quidam,
966 1338 1030 1359 esse

239 1389 266 1412 et
290 1383 385 1411 vocari
420 1381 554 1418 synodum
587 1378 802 1415 provincialium
833 1377 1029 1412 episcoporum

240 1432 417 1459 conventum,
431 1431 459 1454 et
474 1426 535 1454 ideo
551 1425 660 1452 ﬁrmum
678 1430 740 1452 esse
770 1421 844 1458 quod
870 1422 904 1450 ab
928 1422 970 1449 eis
1000 1421 1030 1448 lit

240 1475 300 1503 sine
319 1473 544 1509 metropolitano,
561 1470 690 1506 quoniam
708 1469 901 1505 episcoporum
918 1471 1031 1496 senten-

241 1521 308 1554 tiis,
337 1521 421 1548 etiam
451 1519 511 1547 sine
539 1517 772 1553 metropolitano,
800 1514 954 1544 contradici
976 1520 1030 1541 non

242 1568 332 1600 potest
350 1564 502 1591 :dixerunt
516 1561 624 1594 Patres,
637 1563 666 1590 in
694 1562 745 1589 hac
769 1568 855 1589 causa
882 1567 943 1588 eam
968 1565 1031 1586 esse

246 1609 398 1645 perfectam
416 1608 563 1644 synodum.
582 1615 645 1643 qua
671 1607 755 1635 habet
771 1608 854 1635 etiam
875 1604 1035 1640 metropoli-

243 1660 337 1682 tanum
361 1658 541 1688 praesentem;
560 1657 601 1680 est
611 1656 701 1679 autem
719 1652 857 1680 sententia
868 1651 1033 1686 singularis;

247 1705 274 1728 et
286 1700 434 1736 singularia
448 1707 502 1726 non
517 1699 664 1727 trahuntur
673 1698 706 1725 ad
713 1698 878 1733 exemplum.
888 1698 958 1726 Nota
970 1705 1035 1733 ergo

245 1753 277 1773 ex
287 1746 413 1781 praesenti
424 1752 538 1778 canone,
554 1742 627 1779 quod
637 1750 700 1770 cum
713 1742 837 1778 synodali
850 1743 960 1770 decreto
973 1750 1036 1778 per-

246 1791 364 1818 mittitur
383 1790 491 1817 vacanti
518 1790 648 1825 episcopo
668 1790 696 1816 in
708 1792 822 1816 vacante
834 1788 950 1817 ecclesia
962 1788 1035 1816 cele-

246 1837 326 1863 brare
336 1845 344 1869 ;
355 1837 421 1871 quin
432 1840 459 1863 et
469 1836 496 1863 in
507 1835 568 1871 ipso
580 1836 639 1870 ejus
647 1836 745 1863 throno
758 1834 864 1863 sedere.
875 1834 953 1869 Saepe
963 1834 1034 1862 enim

245 1881 351 1912 audivi.
367 1881 441 1917 quod
469 1881 648 1916 imperatorio
666 1887 778 1916 quoque
795 1880 927 1907 mandato
951 1879 985 1906 ad
1008 1879 1035 1907 id

246 1935 318 1963 opus
339 1933 391 1954 est.
407 1927 619 1962 lnterrogaverit
634 1931 724 1953 autem
737 1926 884 1961 quispiam,
895 1925 1037 1958 Quomodo

247 1971 363 2007 intelligi
399 1971 480 1999 debet
514 1971 600 2004 illud,
624 1978 686 1998 esse
713 1970 882 2006 ejiciendum
904 1978 965 1998 eum
989 1971 1038 2005 qui

249 2019 321 2046 illam
349 2019 389 2045 sic
407 2018 507 2045 invasit
528 2017 693 2046 ecclesiam?
717 2022 744 2044 et
770 2016 899 2045 dicebant
925 2016 1037 2052 quidem

249 2063 373 2090 nonnulli
390 2063 442 2090 hoc
461 2062 495 2090 de
513 2063 703 2099 segregatione
728 2062 827 2097 accipi.
855 2062 921 2090 Mihi
946 2069 1038 2092 autem

248 2109 357 2136 videtur
366 2116 428 2136 esse
440 2109 630 2143 accipiendum
641 2109 676 2137 de
686 2110 870 2145 depOsitione,
883 2102 1037 2139 secundum

250 2163 371 2182 canones
383 2156 430 2190 qui
446 2155 542 2182 dicunt
553 2162 601 2183 eos
619 2162 680 2183 esse
697 2156 875 2191 deponendos
898 2157 946 2191 qui
963 2156 1038 2184 ordi-

1068 237 1095 255 τι
1116 228 1275 263 κωλυθῆναι
1297 227 1349 262 τὴν
1364 228 1432 262 παρ’
1455 227 1567 262 ὲνορίαν
1589 226 1741 261 ἐνέργειαν,
1763 225 1831 252 ἀλλ’
1860 225 1880 261 ἢ

1069 274 1113 302 διὰ
1124 274 1155 301 τὸ
1171 274 1208 309 μή
1225 273 1385 309 ὑϐρίζεσθαι
1399 273 1416 308 ἢ
1432 273 1664 308 καταφρονεῖσθαι
1677 272 1723 298 τδν
1741 271 1794 306 τῆς
1811 273 1884 299 tvo-

1071 323 1131 359 ρίας
1146 322 1248 355 ταύτης
1264 321 1418 357 πρόεδρον·
1441 319 1593 357 ἀρχιερέως
1616 320 1646 348 δὲ
1674 320 1712 356 μή
1737 320 1822 351 ὄντος
1847 320 1882 346 ιν

1069 371 1103 404 τῇ
1120 368 1289 405 σχολαζούσῃ
1311 368 1457 403 ἐκκλησία,
1472 367 1533 394 ἐπεὶ
1545 367 1593 394 καὶ
1605 367 1686 398 αὐτὸς
1700 365 1750 401 τήν
1763 365 1876 401 λαχοῦ-

1071 424 1122 444 σαν
1136 415 1231 442 τοῦτον
1246 415 1296 442 οὐκ
1317 415 1385 450 ἔχει,
1403 414 1455 440 ὕπὸ
1476 413 1532 440 τῶν
1554 412 1640 440 ὲθνῶν
1663 413 1877 448 κατεχομένην,

1071 462 1133 490 οὔτε
1149 462 1182 488 τὰ
1194 462 1244 496 τῆς
1259 460 1391 498 ῥηθείσης
1411 459 1518 495 ὕϐρεως
1530 460 1624 494 χώραν
1640 459 1710 494 ἔχει,
1732 459 1796 486 οὐδὲ
1819 460 1879 485 αὑ·

1072 510 1117 539 τὸς
1133 507 1435 543 προκριματισθήσεται
1459 506 1586 533 ἐπέκεινα
1599 503 1636 533 ὦν
1646 505 1701 542 ἔχει
1715 505 1879 540 ἰδιούμενος

1073 553 1107 580 τὰ
1120 553 1264 588 ἀλλότρια.
1275 553 1345 588 Φησὶ
1356 552 1446 578 τοίνυν
1457 551 1471 578 ὁ
1484 550 1575 578 κανὼν
1591 551 1637 578 τδν
1655 551 1728 578 οὕτω
1742 550 1879 585 ῥιψοκιν-

1072 601 1159 632 δύνως
1176 599 1335 635 ἁρπάζοντα
1349 599 1396 626 τὸν
1415 598 1453 633 μὴ
1469 598 1581 625 δοθέντα
1602 598 1677 633 αὐτῷ
1690 597 1790 633 θρόνον
1818 597 1878 624 ὑπὸ

1073 647 1122 682 τῆς
1138 646 1250 683 χάριτος
1260 645 1308 672 τοῦ
1323 645 1458 680 παναγίου
1474 644 1646 680 Πνεύματος,
1661 644 1712 670 κᾶν
1724 643 1872 678 σχολάζων

1074 693 1143 725 ἐστὶ,
1157 693 1205 719 καὶ
1218 693 1235 728 ή
1257 691 1370 726 τοιαύτη
1393 690 1526 726 ἐκκλησία
1544 690 1729 724 σχολάζουσα,
1744 688 1870 722 ἀπόϐλη-

1073 747 1120 765 τον
1144 737 1281 772 γίνεσθαι.
1309 736 1354 767 Ὧς
1373 736 1402 762 δέ
1423 744 1497 767 τινος
1522 735 1649 765 εἰπόντος
1672 733 1763 760 ταῦτα
1777 733 1872 768 χώραν

1075 785 1148 820 ἔχειν
1159 784 1223 811 ἔνθα
1238 782 1393 820 λῃστρικῶς
1414 783 1429 809 ό
1446 782 1586 817 σχολάζων
1603 781 1801 816 ἐσφετερίσατο
1815 780 1872 814 τὴν

1076 829 1273 866 σχολάζουσαν,
1288 829 1318 855 οὐ
1337 829 1391 864 μήν
1403 829 1447 856 ὅτε
1462 828 1477 854 ὁ
1495 826 1598 862 ταύτης
1612 827 1675 858 λαὸς
1692 825 1741 852 καὶ
1764 825 1875 852 ἄκοντα

1077 876 1123 903 τὸν
1140 876 1308 912 σχολάζοντα
1332 875 1490 910 μετήγαγεν
1506 874 1546 906 είς
1562 873 1648 908 αὑτήν
1662 879 1670 888 ·
1687 871 1878 907 προστίθησιν

1077 923 1092 950 ό
1107 922 1197 950 κανὼν
1213 922 1282 957 μηδὲ
1301 921 1356 949 ἀπὸ
1370 921 1467 948 τούτου
1493 918 1730 954 συγγινώσκεσθαι
1754 918 1805 944 τὸν
1832 919 1879 949 εἱς

1080 967 1267 1005 σχολάζουσαν
1276 967 1385 1002 ινορίαν
1400 965 1593 1002 άρχιερατικόν
1607 973 1634 992 τι
1650 965 1794 1000 πράξαντα
1809 963 1880 998 δίχα

1081 1015 1226 1050 συνοδικῆς
1239 1013 1404 1050 ιπιτροπῆς.
1425 1013 1502 1040 Ἐπεὶ
1523 1013 1562 1045 δὲ,
1585 1012 1624 1044 ὡς
1646 1012 1743 1045 ῐοικεν,
1758 1010 1816 1038 ἀπὸ
1838 1012 1882 1037 οἰ-

1080 1062 1212 1097 κονομίας
1236 1059 1420 1095 ἔπαρχιωτῶν
1440 1059 1600 1086 ἐπισκόπων
1624 1057 1818 1094 παρεχωρήοη
1834 1064 1880 1088 τις

1081 1108 1220 1144 σχολάζων
1230 1107 1383 1142 ἱερουργεῖν
1401 1106 1442 1138 εἰς
1453 1105 1650 1141 σχολάζουσαν,
1662 1105 1710 1131 καὶ
1726 1103 1776 1130 τοῦ
1794 1111 1881 1138 γεγο-

1081 1155 1156 1186 νότος
1174 1153 1426 1188 κατακρινομένου,
1451 1152 1496 1179 διὰ
1519 1152 1553 1178 τὸ
1579 1150 1617 1186 μὴ
1642 1149 1879 1185 συμψηφίσασθαι

1081 1201 1129 1228 καὶ
1150 1200 1197 1227 τὸν
1224 1198 1440 1235 μητροπολίτην,
1459 1197 1553 1232 ἔλεγόν
1568 1205 1642 1227 τινες
1667 1196 1778 1223 σύνοδον
1805 1192 1880 1222 εἶναι

1082 1246 1131 1274 καὶ
1142 1245 1327 1281 ὀνομάζεσθαι
1351 1245 1400 1278 τὴν
1417 1243 1575 1271 συνέλευσιν
1596 1243 1652 1270 τῶν
1676 1242 1878 1279 ιπαρχιωτῶν.

1082 1291 1232 1319 κάντεῦθεν
1247 1289 1319 1318 εἶναι
1335 1289 1445 1325 βέὃαιον
1467 1289 1498 1316 τὸ
1521 1289 1598 1324 παρὰ
1612 1289 1714 1316 τούτων
1728 1289 1881 1324 γινόμενον

1082 1337 1145 1374 δίχα
1155 1337 1204 1365 τοῦ
1221 1337 1433 1372 μητροπολίτου,
1449 1336 1491 1364 δτι
1507 1337 1555 1363 καὶ
1576 1337 1604 1363 at
1624 1335 1711 1370 ψῆφοι
1733 1335 1791 1362 τῶν
1813 1335 1881 1362 ἑπι-

1085 1384 1195 1411 σκόπων
1209 1382 1403 1419 ἁναντίρῥητοί
1419 1383 1483 1414 εἰσι,
1495 1382 1637 1417 γινόμεναι
1651 1382 1698 1408 καὶ
1713 1381 1800 1408 ταῦτα
1815 1381 1882 1416 δίχα

1083 1428 1131 1456 τοῦ
1149 1428 1353 1464 μητροπολίτου
1366 1434 1373 1442 ·
1390 1426 1469 1454 εἷπον
1484 1428 1509 1454 οἱ
1523 1427 1648 1462 Πατέρες
1669 1426 1715 1454 ἐπὶ
1728 1426 1820 1463 ταύτῃ
1845 1428 1880 1461 τῇ

1085 1474 1212 1502 ὑποθέσει
1227 1473 1337 1508 εκείνην
1350 1471 1421 1500 εἷναι
1432 1472 1540 1500 τελείαν
1554 1472 1677 1505 σύνοδον,
1691 1472 1743 1507 τὴν
1754 1471 1880 1508 ἔχουσαν

1085 1518 1305 1554 παρουσιάζοντα
1330 1518 1377 1545 καὶ
1400 1518 1447 1545 τὸν
1474 1518 1695 1554 μητροπολίτην·
1719 1518 1749 1544 τδ
1771 1518 1802 1545 δὲ
1828 1519 1880 1553 τῆς

1083 1565 1174 1602 ψήφου
1198 1565 1282 1592 ίδικόν
1307 1565 1378 1597 ἐστι,
1396 1564 1444 1591 καὶ
1470 1565 1506 1591 τὰ
1528 1564 1602 1590 ἱδικὰ
1617 1563 1666 1599 οὐχ
1686 1563 1815 1590 ῑλκονται
1841 1565 1882 1595 εις

1085 1611 1250 1646 ὑπόδειγμα.
1267 1610 1350 1636 Ὥστε
1368 1609 1524 1644 σημείωσαι
1542 1610 1596 1637 ἀπὸ
1608 1609 1655 1636 τοῦ
1670 1610 1806 1645 παρόντος
1823 1618 1878 1636 κα-

1084 1657 1158 1688 νόνος
1173 1656 1213 1683 ὅτι
1227 1656 1334 1690 ἐφεῖται
1360 1655 1430 1690 μετὰ
1455 1654 1599 1690 συνοδικῆς
1625 1654 1801 1689 διαγνώσεως
1826 1665 1880 1682 τια-

1087 1702 1221 1739 ραχωρεϊν
1245 1700 1283 1736 τῷ
1311 1700 1473 1736 σχολάζοντι
1497 1700 1640 1736 ὲπισκότιῳ
1662 1701 1819 1736 ἱερουργεῖν
1840 1703 1881 1733 είς

1086 1747 1273 1784 σχολάζουσαν
1285 1747 1445 1783 ἐκκλησίαν,
1462 1747 1602 1783 καθῆσθαι
1615 1747 1644 1774 δὲ
1662 1748 1708 1774 καὶ
1733 1749 1776 1780 εὶς
1797 1749 1880 1775 αὐτὸν

1085 1793 1132 1821 τὸν
1145 1794 1241 1830 θρόνον
1257 1793 1353 1829 αὐτῆς.
1372 1793 1497 1820 Ἤκουσα
1512 1793 1569 1827 γὰρ
1593 1792 1724 1824 πολλάκις
1736 1793 1779 1819 ὅτι
1796 1794 1879 1828 χρεία

1087 1839 1145 1867 ἐστὶ
1156 1839 1224 1875 πρδς
1247 1839 1327 1866 τοῦτο
1343 1839 1390 1866 καὶ
1414 1839 1558 1874 βασιλικῆς
1582 1838 1773 1874 προστάξεως.
1791 1839 1877 1875 Ἐρω-

1085 1887 1163 1921 τήσει
1180 1885 1207 1912 δέ
1221 1894 1274 1918 τις,
1287 1885 1345 1917 πῶς
1356 1885 1460 1919 ὀφείλει
1473 1884 1604 1920 νοηθῆναι
1617 1885 1648 1911 τὸ
1662 1882 1733 1911 εἶναι
1751 1885 1878 1920 ἀπόϐλη-

1086 1940 1133 1959 τον
1152 1931 1198 1959 τὸν
1211 1930 1298 1962 οὕτως
1311 1931 1477 1966 ἁρπάσαντα
1487 1930 1650 1965 ἑκκλησίαν;
1665 1930 1720 1957 Καί
1733 1939 1808 1963 τινες
1826 1932 1874 1966 μὲν

1087 1976 1164 2005 εἷπον
1179 1976 1402 2012 ἑκλαμὸάνεσθαι
1416 1975 1495 2004 τοῦτο
1518 1976 1559 2008 είς
1581 1976 1736 2012 ἀφορισμόν
1749 1984 1757 1992 ⁸
1774 1977 1839 2012 ιμοὶ
1852 1977 1877 2003 δὲ

1087 2023 1162 2050 δοκεῖ
1185 2022 1225 2054 είς
1249 2021 1420 2056 καθαίρεσιν,
1435 2021 1507 2048 κατὰ
1526 2022 1591 2053 τοὺς
1617 2021 1734 2053 κανόνας
1748 2022 1815 2053 τοὺς
1831 2022 1874 2048 λέο

1088 2076 1188 2103 γοντας
1211 2066 1403 2102 καθαιρεῖσθαι
1436 2067 1501 2098 τοὺς
1532 2067 1599 2103 παρ’
1623 2067 1733 2102 ἑνορίαν
1755 2076 1876 2103 χειροτο-

1089 2114 1213 2146 νοῦντας.
1240 2113 1273 2141 El
1298 2113 1353 2149 γὰρ
1377 2114 1391 2140 ὁ
1412 2113 1456 2148 ἐφ’
1482 2112 1560 2149 ὕϐρει
1589 2113 1636 2140 τοῦ
1664 2114 1799 2149 ἐγχωρίου
1819 2114 1875 2145 ἑνὸς

1089 2159 1241 2196 ἀρχιερέως
1262 2159 1414 2194 ἐνεργήσας
1434 2158 1629 2194 ἁρχιερατικάν
1644 2166 1671 2185 τι
1686 2159 1873 2194 καθαιρεῐται·

249 2205 318 2228 nant
332 2200 403 2227 ultra
419 2208 483 2228 suas
496 2201 641 2229 diteceses.
657 2201 687 2229 Si
700 2202 784 2235 enim,
800 2203 846 2238 qui
863 2202 896 2230 ad
909 2203 1029 2237 injuriau

1092 2205 1181 2241 πολλῷ
1196 2205 1276 2232 πλέον
1291 2204 1491 2240 κολασθήσεται
1505 2204 1518 2230 ὸ
1535 2203 1582 2230 ἐπὶ
1607 2203 1683 2239 ὕϐρει
1705 2203 1814 2236 τελείας
1833 2213 1875 2231 συ-

250 2247 333 2274 unius
361 2246 505 2279 antistitis,
534 2247 582 2282 qui
606 2251 649 2276 est
674 2247 702 2275 in
730 2248 855 2284 regione,
881 2249 1037 2285 episcopale

250 2293 391 2328 quidpiam
407 2293 541 2325 exercuit,
564 2293 734 2328 deponitur:
763 2293 851 2321 multo
879 2294 967 2329 magis
989 2301 1037 2329 pu-

251 2339 353 2371 nietur,
369 2339 418 2374 qui
438 2338 472 2366 ad
493 2338 621 2373 perfectae
645 2339 741 2375 synodi
761 2339 888 2375 injuriam
903 2340 957 2367 tale
971 2340 1036 2376 quid

252 2386 326 2413 fecit.
343 2385 427 2422 446
450 2386 526 2421 Saepe
544 2386 690 2421 quaesitum
706 2391 761 2421 est,
776 2387 844 2420 Quis
871 2391 913 2415 est
943 2388 967 2415 is
991 2388 1040 2424 qui

251 2438 341 2466 vacat,
358 2437 386 2460 et
402 2439 526 2468 quaenam
543 2432 651 2460 dicatur
666 2440 762 2460 vacare
778 2432 898 2460 Ecclesia
914 2433 926 2460 τ
943 2433 983 2460 Ac
1006 2433 1040 2462 de

250 2484 367 2506 vacante
393 2479 504 2513 quidem
540 2478 657 2506 ecclesia
684 2478 762 2505 nulla
795 2477 846 2505 fuit
873 2478 1008 2507 dubitatio
1030 2485 1040 2506 :

252 2532 350 2553 omnes
365 2525 438 2553 enim
457 2525 588 2553 dixerunt
606 2532 667 2552 eam
688 2531 750 2552 esse
780 2528 923 2552 vacantem
953 2525 1042 2553 eccle-

253 2571 334 2604 siam,
351 2579 413 2607 qua:
438 2571 563 2598 antistite
588 2571 685 2598 orbata
703 2575 773 2598 est:
796 2570 844 2598 sed
869 2571 902 2598 dc
926 2575 1041 2599 vacante

254 2617 378 2644 antistite
388 2617 474 2644 multa
487 2617 539 2643 fuit
547 2617 748 2648 controversia,
762 2620 790 2643 et
800 2615 905 2651 placuit
915 2616 1043 2644 omnibus

1089 2251 1166 2279 νόδου
1205 2250 1327 2279 τοιοῦτόν
1363 2259 1390 2276 τι
1421 2250 1549 2285 ποιήσας.
1591 2250 1729 2284 Πολλάκις
1765 2250 1874 2285 συνεζη-

1089 2296 1159 2332 τήθη
1177 2295 1246 2331 (50),
1269 2297 1311 2327 τίς
1334 2295 1409 2322 ἔστιν
1427 2296 1442 2323 ὁ
1465 2295 1614 2331 σχολάζων,
1628 2297 1676 2322 καὶ
1693 2295 1761 2322 ποία
1777 2297 1874 2331 tu:th

1091 2342 1271 2378 σχολάζουσα.
1288 2342 1342 2369 Καὶ
1356 2342 1420 2378 περὶ
1437 2341 1487 2378 μὲν
1503 2341 1553 2376 τῆς
1569 2341 1754 2377 σχολαζούσης
1769 2342 1874 2376 οὐδεμία

1093 2389 1206 2424 γέγονεν
1220 2388 1370 2423 ἁμφιὸολία
1380 2397 1388 2405 ο
1410 2388 1511 2420 πάντες
1527 2388 1582 2424 γὰρ
1598 2388 1713 2423 διέγνων
1731 2389 1875 2424 σχολάζου-

1095 2443 1144 2461 σαν
1158 2431 1228 2461 εῐναι
1245 2433 1293 2470 τὴν
1310 2433 1484 2469 χηρεύουσαν
1504 2434 1674 2470 ἀρχιερέως·
1700 2434 1767 2470 περὶ
1783 2435 1813 2461 δι
1833 2434 1875 2461 τοῦ

1095 2479 1270 2515 σχολάζοντος
1286 2479 1369 2515 ἠρεσε
1384 2481 1451 2506 πᾶσι
1463 2479 1628 2514 σχολάζοντα
1645 2477 1716 2506 εἶναι
1741 2480 1780 2515 μὴ
1805 2480 1876 2507 δυνά-

1097 2534 1176 2561 μινον
1192 2524 1321 2552 ἀπελθεῖν
1345 2525 1385 2557 είς
1408 2526 1442 2560 ἢν
1468 2525 1646 2560 ἐπεκηρύχθη
1663 2526 1824 2561 ἐκκλησίαν,
1838 2526 1876 2552 διὰ

1095 2572 1126 2598 τὸ
1141 2571 1194 2598 ὑπὸ
1209 2571 1294 2599 ἐθνῶν
1309 2571 1326 2606 ἢ
1346 2571 1493 2606 αἱρετικῶν
1508 2572 1612 2607 ταύτην
1629 2571 1805 2607 κατέχεσθαι,
1818 2572 1877 2603 ἴσως

1094 2617 1124 2645 δὲ
1139 2617 1305 2653 κοινωθῆναι
1320 2618 1366 2645 καὶ
1380 2618 1419 2654 μὴ
1438 2618 1662 2655 παραχωρείσθαι
1678 2619 1725 2646 τὸν
1751 2619 1877 2655 ἀρχιερέα

376 2702 392 2718 ⁸
873 2674 968 2706 Guiil.
987 2676 1148 2716 Beveregii
1163 2681 1258 2710 notua.

289 2725 510 2766 (50)_I_1¢_>.Mdm¢
525 2724 725 2766 qwgfnrwjon.
742 2724 805 2752 Hac
814 2731 902 2766 usque
917 2724 1029 2766 adﬁnem

1095 2729 1288 2766 supplemento
1305 2728 1403 2766 Latina
1416 2736 1511 2757 eorum
1525 2728 1617 2766 versio
1631 2736 1646 2756 a
1662 2728 1800 2766 Gentiano
1814 2729 1875 2757 Her-

255 2761 340 2795 hujus
352 2761 523 2788 Balsamonts
539 2762 566 2787 in
591 2762 663 2788 hunc
674 2767 809 2787 canonem
830 2761 1037 2794 interpretatio-

255 2796 298 2823 nia
314 2804 365 2823 ma.
380 2800 474 2823 nostro
497 2795 646 2823 Bodleiano
662 2800 775 2830 accepta
800 2795 905 2822 referas
921 2803 927 2821 :
944 2802 1036 2830 neque

255 2831 329 2858 enim
345 2831 372 2859 in
397 2831 549 2860 Parisiansi
563 2831 683 2859 editione
695 2829 823 2864 exstant;
844 2829 898 2857 nisi
915 2829 1032 2864 quodin

1098 2769 1159 2790 veto
1188 2764 1329 2792 elaborata
1362 2764 1506 2791 habeatur.
1523 2764 1575 2792 Sed
1606 2765 1633 2791 in
1661 2765 1876 2793 Amerbachiano

1094 2799 1201 2833 codice,
1216 2806 1368 2838 nonﬁecus
1383 2805 1463 2836 atque
1478 2799 1507 2828 in
1526 2804 1632 2834 nostro,
1645 2799 1785 2835 leguntur.
