1938 3085
79 157 146 191 1325

114 227 124 243 ι
142 217 182 247 εἷς
196 215 230 251 ῆν
247 215 439 252 ἐχειροτονήθη
453 215 612 247 ἐπίσκοπος,
622 213 653 240 οὑ
672 212 717 240 διὰ
730 211 779 247 τὴν
795 211 857 238 ἐαυ-
871 213 893 242 Λ

113 272 123 288 ι
142 262 189 289 τοῦ
209 261 381 293 αίτίαν,ἁλλ’
402 260 517 295 ἧτοιδιὰ
538 260 590 295 τὴν
613 259 660 285 τοῦ
681 257 747 284 λαοῦ
763 256 864 292 παραί-

114 316 124 333 ‹
141 315 231 342 τησιν,
242 306 259 341 ἢ
274 305 308 332 δι’
322 305 420 340 ἑτέραν
435 304 527 332 αἰτίαν
547 305 597 330 οὐκ
613 303 643 336 ἐξ
656 301 739 329 αὐτοῦ
751 300 879 335 γενομέ-·

115 361 124 378 ι
144 360 193 385 νην
208 358 216 366 θ
225 351 318 377 τοῦτον
333 350 456 385 μετέχειν
466 349 516 383 τῆς
529 349 612 382 τιμῆς
622 347 669 374 καὶ
684 347 734 381 τῆς
745 345 865 380 λειτουρο

114 406 125 422 ι
143 396 214 431 γίας,
237 397 316 431 μόνον
329 395 412 431 μηδὲν
423 393 641 429 παρενοχλοῦντα
652 393 707 423 τοῖς
719 391 865 426 πράγμασι

113 451 123 468 ι
143 443 191 476 τῆς
207 442 365 477 ἐκκλησίας,
382 441 445 467 ἔνθα
459 440 492 467 ἂν
519 440 672 473 συνάγοιτο.
691 437 864 472 Ἐκδὲχεσθαι

107 497 124 520 ,t
139 488 167 514 δέ
180 487 284 520 τοῦτον,
302 487 316 514 ὃ
332 488 366 514 ἂν
381 488 397 522 ἡ
410 487 459 522 τῆς
475 487 615 522 ἐπαρχίας.
638 484 731 511 τελεία
755 483 864 514 σύνοδος

117 543 126 559 ι
144 534 260 568 κρίνασα
271 533 302 560 τὸ
317 533 521 568 παριστάμενον
536 532 644 567 ὁρίσῃ.)

112 580 212 608 ΒΑΛΣ.
242 580 282 606 Ἐν
297 580 345 615 μὲν
359 580 399 615 τῷ
416 579 448 611 ιζ’
459 578 553 605 κανόνι
590 577 751 609 κολάζουσιν
767 575 792 602 oi.
807 575 864 601 Πα-

76 627 154 661 τέρες
170 627 216 653 τὸν
237 626 463 660 χειροτονηθέντα
478 627 526 652 καὶ
541 625 577 660 μὴ
612 623 771 658 πειθόμενον
783 621 865 648 ἀπελ-

77 672 134 699 θεῖν
148 675 188 704 εὶς
202 673 250 707 τὴν
266 672 403 707 λαχοῦσαν
418 672 499 698 αὐτόν
515 680 521 687 ·
535 673 564 697 ἐν
580 671 608 697 δὲ
621 671 660 704 τῷ
674 669 786 704 παρόντι
798 676 864 702 συγ-

76 719 188 755 γνώμης
219 716 324 751 ἀξιοῦσι
354 719 401 744 τὸν
433 716 655 752 χειροτονηθέντα
678 715 726 742 καὶ
755 715 865 751 θέλοντα

78 766 130 800 μὲν
145 766 276 792 ἀπελθεῖν
288 767 327 796 είς
353 765 387 800 ἣν
417 763 608 799 ἐχειροτονήθη
634 762 793 797 παροικίαν,
827 760 864 795 μὴ

78 813 332 847 παραχωρούμενον
348 811 376 838 δέ
391 811 408 846 ἢ
425 810 469 837 διὰ
490 811 540 846 τὴν
555 809 603 836 τοῦ
632 810 661 834 ἐν
680 808 772 844 ἐκείνῃ
798 806 863 833 λαοῦ

77 857 285 892 ἀναισχυντίαν,
299 858 316 893 ἢ
332 857 376 883 διὰ
391 857 542 892 ἐπιδρομὴν
564 855 666 882 ἐθνῶν·
685 854 724 881 διδ
746 854 794 881 καὶ
804 854 864 880 ἐπι-

78 904 219 940 τρέπουσι,
259 903 326 939 παρ’
354 901 419 940 ᾗᾶν
450 903 613 938 εὑρίσκηται
648 900 750 941 ἐνορίᾳ,
779 899 863 934 τιμῆς

77 949 228 982 ἀξιοῦσθαι,
243 949 327 984 ἧγουν
340 948 473 984 καθέδρας
501 948 549 975 καὶ
561 947 686 982 κλήσεως
715 947 762 973 καὶ
789 946 864 981 ἐυερ-

78 995 156 1029 τείας
175 994 383 1030 ἀρχιερατικῆς,
403 995 471 1029 μετὰ
494 994 622 1028 είδήσεως
646 992 694 1020 καὶ
711 992 864 1027 ἐπιτροπῆς

78 1037 127 1068 τοῦ
151 1042 287 1076 ἐγχωρίου
315 1041 485 1067 ἐπισκόπου·
501 1040 573 1075 πλὴν
600 1039 692 1075 μέντοι
722 1037 760 1073 μὴ
790 1037 863 1072 ἔχειν

78 1087 147 1118 ὅλως
170 1087 316 1121 μετουσίαν
339 1087 437 1117 ἐντοῖς
461 1086 610 1120 πράγμασι
637 1085 688 1118 τῆς
717 1083 864 1119 ἐκκλησίας

78 1132 188 1167 ἐκείνης
205 1132 269 1163 ἔνθα
295 1133 428 1164 κατοικεῖ,
460 1132 546 1167 ἤγουν
581 1131 618 1166 μὴ
640 1131 787 1162 διδάσκειν,
827 1130 865 1164 μὴ

78 1179 253 1214 χειροτονεῖν,
270 1179 309 1214 μὴ
338 1178 432 1214 ἓτερον
458 1180 485 1204 τι
505 1174 641 1213 ’ἐνεργεῖν
671 1175 864 1211 ἀρχιερατικὸν

78 1226 165 1261 χωρὶς
192 1224 347 1260 ἐπιτροπῆς
376 1224 424 1251 τοῦ
453 1224 586 1259 ἐγχωρίου
613 1223 776 1255 ἐπισκόπου,
806 1221 864 1248 ἀλλ’

78 1269 227 1306 ἡσυχάζειν
243 1268 343 1306 μέχρις
359 1270 393 1298 ἃν
407 1271 439 1297 τὺ
459 1271 584 1305 ποιητέον
598 1269 672 1304 μάθῃ
688 1268 743 1295 ἀπὸ
762 1268 865 1295 οἰκονο-

79 1317 144 1352 μίας
164 1316 211 1343 καὶ
224 1317 341 1351 κρίσεως
353 1316 459 1347 τελείας
473 1315 594 1343 συνόδου.

115 1362 238 1389 ΖΩΝΑΡ.
260 1361 289 1389 '0
307 1361 505 1397 χειροτονηθεὶς
519 1362 560 1393 εἰς
576 1359 725 1396 ἐκκλησίαν
750 1361 864 1394 πόλεως,

46 1430 52 1435 .
78 1409 129 1434 καὶ
147 1408 185 1443 μὴ
200 1407 324 1442 δυνηθεὶς
332 1409 372 1439 είς
382 1407 468 1443 αὐτὴν
476 1407 613 1440 ἀπελθεῖν,
625 1407 690 1440 ἴσως
705 1407 756 1434 ὑπὸ
773 1407 866 1438 ἔθνους

79 1454 291 1489 κυριευομένην,
310 1453 326 1489 ἢ
340 1454 432 1489 χώρας
441 1454 474 1480 δι’
488 1450 522 1490 ἧς
536 1453 644 1480 ὁδεῦσαι
661 1454 742 1480 αὑτὸν
758 1454 864 1488 ἀνάγκη

80 1500 136 1526 ὑπὸ
155 1500 301 1536 βαρὸάρων
317 1501 516 1535 κατεχομένης,
541 1500 557 1535 ἦ
591 1499 639 1526 τοῦ
664 1499 730 1526 λαοῦ
747 1500 797 1535 τῆς
814 1500 866 1526 πό-

562 157 601 187 [N
621 155 700 187 CAN.
718 154 816 186 XVIII
834 152 938 184 CONii.
960 154 990 184 ιι
1005 153 1183 184 ANTIOCH.

879 888 901 916 Β

1629 148 1696 181 1326

965 219 975 235 ε
998 218 1078 246 quam
1088 215 1130 238 est
1140 209 1284 238 ordinatus
1295 209 1452 244 cpiscopus,
1461 216 1514 236 non
1529 215 1577 235 sua
1587 207 1697 242 quidem

953 266 963 283 ‹
986 257 1077 292 culpa,
1092 256 1142 284 sed
1169 262 1280 292 propter
1300 255 1392 290 populi
1419 254 1628 286 recusationem.
1651 254 1694 281 vel

953 313 963 330 ι
986 303 1103 338 aliquam
1123 303 1204 330 aliam
1224 308 1347 332 causam.
1362 309 1422 336 quae
1434 309 1448 327 a
1473 308 1502 328 se
1516 308 1568 327 non
1585 301 1671 327 oritur
1686 308 1695 328 :

954 363 963 379 I
986 353 1008 380 is
1022 352 1058 380 sit
1071 355 1099 380 et
1113 351 1226 379 honoris
1255 355 1281 377 et
1299 349 1422 388 muneris
1444 349 1592 383 particeps,
1617 349 1711 376 dutnr

952 409 962 425 ι
985 398 1066 426 modo
1084 398 1185 425 nullam
1211 396 1291 424 rebus
1317 395 1453 426 ecclesiae.
1470 395 1497 422 in
1523 402 1576 428 qua
1598 402 1702 429 conve-_

953 453 963 470 ι
987 444 1038 475 nit,
1055 442 1210 470 molestiam
1226 440 1330 468 alferat.
1350 441 1375 467 ls
1393 444 1483 467 autem
1511 440 1537 467 id
1554 440 1697 475 suscipiat,

955 500 964 516 ι
987 490 1060 525 quod
1075 488 1195 525 perlecta
1219 487 1364 523 provinciae
1377 487 1505 522 synodus.
1522 486 1595 521 quod
1611 486 1644 513 ad
1667 494 1697 513 se

953 546 963 563 ι
987 536 1097 571 allatum
1114 540 1156 563 est
1169 533 1483 572 judicando,_statuerit.
1506 541 1515 558 ι

925 588 928 590 ·
952 581 1048 609 BALS.
1069 582 1097 609 In
1112 582 1229 616 septimo
1240 581 1347 608 decimo
1356 580 1470 615 'quidem
1488 587 1592 607 canone
1605 579 1699 606 Patres

916 637 977 656 eum
993 629 1120 664 puniunt,
1147 628 1193 663 qui
1222 627 1367 654 ordinatus
1384 626 1478 657 fuerit,
1504 631 1531 653 et
1558 634 1611 654 non
1636 634 1699 661 per-

916 675 1046 703 suadetur
1062 673 1096 701 ad
1116 674 1258 701 ecclesiam
1275 672 1422 708 proﬁcisci,
1438 680 1497 707 qu.e
1513 672 1588 699 illum
1603 673 1699 699 sortita

915 726 966 749 est.
983 720 1012 747 In
1027 719 1154 755 prrcsenti
1169 723 1259 746 autem
1273 726 1378 746 canone
1394 719 1418 746 ei
1441 719 1507 745 dant
1523 719 1640 750 veniam,
1654 719 1699 752 qui

916 765 1058 793 ordinatus
1072 770 1124 797 est,
1143 770 1170 793 et
1183 766 1239 791 vult
1263 765 1372 799 quidem
1398 765 1431 791 ad
1460 771 1533 797 eam,
1558 763 1592 790 ad
1617 771 1698 798 quam

915 812 1060 839 ordinatus
1082 816 1134 844 est,
1156 811 1303 846 pal'wciam
1330 811 1485 846 proﬁcisci,
1514 818 1569 838 non
1598 811 1700 837 sinitur

917 863 1019 890 autem,
1037 858 1080 885 vel
1097 863 1208 892 propter
1224 852 1316 892 populi
1341 857 1548 891 impudentiam,
1574 858 1615 884 vel
1637 865 1700 892 pro-

916 909 974 940 pter
987 906 1110 939 gentium
1127 904 1312 931 incursionem
1331 896 1345 930 :i
1358 906 1384 931 et
1400 903 1461 930 ideo
1479 904 1652 938 permittunt,
1669 908 1699 930 ut

914 952 942 977 in
956 958 1009 986 qua
1024 951 1163 977 invenitur
1179 950 1332 984 provincia,
1348 951 1452 976 honore
1477 949 1575 984 dignus
1598 950 1699 977 habean

915 1000 977 1029 tur;
996 996 1127 1024 cathedra
1141 995 1248 1023 Scilicet
1266 1000 1293 1022 et
1317 996 1462 1023 vocatione
1485 1002 1511 1023 et
1536 996 1699 1031 episcopalis

915 1042 997 1070 cilicii
1015 1042 1157 1075 exercitio,
1170 1049 1230 1068 cum
1257 1041 1371 1068 Scientia
1393 1046 1419 1068 el
1444 1041 1625 1076 permissione
1641 1043 1701 1077 epi-

915 1088 991 1123 scopi
1010 1088 1083 1115 illius
1100 1087 1236 1122 regionis;
1254 1094 1303 1114 nec
1320 1091 1411 1114 tamen
1429 1094 1459 1114 se
1469 1088 1582 1114 omnino
1595 1087 1701 1122 ingerat

916 1133 1031 1168 negotiis
1046 1133 1120 1161 illius
1146 1133 1281 1164 ecclesiae,
1300 1133 1326 1159 in
1345 1139 1399 1167 qua
1418 1132 1532 1166 habitat,
1546 1132 1652 1160 scilicet
1666 1140 1700 1159 ne

915 1180 1022 1213 doceat,
1040 1188 1073 1206 ne
1089 1179 1208 1211 ordinet,
1223 1187 1312 1214 neque
1336 1179 1438 1214 aliquid
1461 1178 1541 1206 aliud.
1560 1179 1700 1215 epicopale

916 1231 1054 1256 exerceat.
1068 1225 1126 1252 sine
1141 1225 1218 1252 illius
1231 1225 1350 1259 regionis
1363 1225 1486 1260 episcopi
1500 1225 1700 1259 perutissione;

915 1272 962 1298 sed
982 1271 1120 1306 quiescat,
1136 1271 1221 1298 donec
1238 1270 1302 1305 quid
1330 1270 1366 1298 sit
1386 1271 1521 1305 agendum
1539 1271 1665 1298 didicerit
1684 1279 1699 1297 ιι
1725 1261 1727 1269 ¹

895 1328 897 1331 τ
916 1318 1043 1353 perfectae
1057 1318 1153 1353 synodi
1172 1318 1319 1346 sententia.

952 1364 1079 1401 ZONAR.
1098 1364 1262 1399 Quicunque
1292 1364 1437 1392 ordinatus
1461 1371 1512 1398 est,
1530 1370 1563 1392 ut~
1579 1365 1703 1393 ecclesia:

918 1411 994 1439 urbis
1009 1410 1126 1445 alicujus
1145 1412 1246 1445 praeit,
1274 1414 1301 1437 et
1325 1410 1358 1437 ad
1386 1418 1446 1438 eam
1466 1412 1507 1437 vel
1537 1411 1601 1446 quin
1634 1411 1703 1439 forte

917 1457 1089 1485 ethnicorum
1111 1456 1209 1483 ditioni
1235 1455 1356 1490 subjecta
1379 1457 1424 1488 sit.
1438 1457 1479 1484 vel
1504 1457 1577 1490 quod
1605 1457 1702 1484 itinera

917 1511 931 1530 a
949 1503 1076 1530 Barbaris
1091 1502 1280 1535 obsideautur,
1309 1503 1350 1530 vel
1379 1504 1451 1537 quod
1482 1511 1495 1530 a
1517 1504 1618 1538 populo
1643 1503 1703 1539 ejus

77 1546 147 1577 λεως
160 1546 315 1578 δι’ᾲταξίαν
334 1546 439 1573 οἰκείαν
466 1546 501 1581 μὴ
515 1546 662 1581 δεχομένου
702 1545 794 1578 αὐτὸν,
816 1545 865 1580 τὴν

925 1549 995 1576 trhis
1010 1549 1174 1575 insolentius
1192 1547 1327 1582 pervicaci
1339 1555 1392 1574 non
1404 1548 1576 1580 admittatur,
1591 1549 1702 1576 minime

81 1593 132 1627 μὲν
146 1593 229 1628 τιμὴν
244 1593 294 1627 τὴν
309 1593 500 1627 προσήκουσαν
517 1592 661 1626 ἐπισκόπῳ
673 1591 729 1624 ἐξει
746 1591 795 1618 καὶ
811 1591 862 1626 τὴν

81 1639 274 1674 λειτουργίαν·
293 1638 323 1664 οὐ
347 1638 401 1673 γὰρ
433 1639 519 1670 αἴτιος
544 1638 627 1669 αὐτός
651 1639 710 1664 ἐστι
738 1637 785 1664 τοῦ
827 1637 865 1673 μὴ

79 1685 208 1712 ἀπελθεῖν
226 1685 265 1716 είς
279 1685 329 1720 τὴν
342 1684 479 1719 λαχοῦσαν
496 1684 576 1710 αὑτὸν
605 1683 753 1719 ἐκκλησίαν
770 1691 778 1699 ”
794 1693 865 1718 παρ-

80 1732 199 1766 ενοχλεϊν
211 1730 240 1757 δὲ
256 1731 313 1762 τοῖς
329 1732 473 1765 πράγμασι
501 1731 550 1765 τῆς
566 1730 725 1765 ἐκκλησίας,
752 1729 815 1756 ἔνθα
831 1731 865 1757 ἂν

82 1778 228 1811 συνάγοιτο
239 1777 269 1804 οὐ
281 1780 498 1813 παραχωρεῖται.
510 1778 555 1809 Εἰς
570 1778 624 1812 γάρ
636 1786 696 1804 τινα
713 1778 789 1804 πόλιν
801 1778 866 1809 ἴσως

79 1822 273 1857 ῖςταιαύτῷή
291 1822 432 1856 κατοικία,
444 1823 491 1849 καὶ
510 1822 586 1858 παρὰ
611 1824 644 1857 τῇ
674 1823 724 1858 τῆς
763 1823 867 1854 πόλεως

79 1867 188 1902 ἐκείνης
200 1867 332 1902 ἐκκλησίᾳ
363 1868 505 1901 συνάγοιτο
540 1867 582 1894 ἄν.
606 1868 739 1902 Ἐνοχλεῖν
749 1868 796 1895 οὖν)
810 1870 867 1900 τοῖς

83 1913 231 1948 πράγμασι
246 1912 297 1947 τῆς
319 1912 466 1946 ἐκκλησίας
478 1912 587 1947 ἐκείνης
599 1913 648 1938 οὐκ
664 1913 772 1944 ἐξέσται
781 1913 866 1948 αὐτῷ·

79 1958 144 1984 οὔτε
168 1958 222 1992 γὰρ
231 1957 365 1984 διδάσκειν
379 1957 491 1984 δύναται
505 1959 572 1988 ἐκεῖ,
600 1957 662 1983 οὐτε
693 1959 866 1993 χειροτονεῖν,

78 2003 142 2031 οὔτε
156 2004 314 2039 ίερουργεῖν,
328 2004 353 2030 εί
369 2004 407 2039 μὴ
419 2003 595 2038 ἐπιτραπείη,
614 2003 675 2030 οὕτε
690 2013 715 2030 τι
731 2004 786 2031 τῶν
803 2013 867 2040 προ-

82 2051 167 2076 σόδων
185 2049 391 2085 σφετερίζεσθαι
405 2050 455 2083 τῆς
468 2049 616 2084 ἐκκλησίας
632 2050 752 2082 ἐκείνης.
780 2051 869 2085 Αναρ-

79 2097 164 2131 τῆσαι
193 2097 221 2123 δέ
238 2096 268 2122 τδ
283 2097 337 2123 πᾶν
356 2096 460 2130 ὀφείλει
472 2096 512 2127 είς
537 2095 586 2131 τὴν
602 2097 693 2129 κρίσιν
707 2097 753 2122 καὶ
763 2098 868 2123 οἰκονο-

84 2144 151 2178 μίαν
166 2144 215 2178 τῆς
230 2144 335 2174 τελείας
352 2143 472 2176 συνόδου,
493 2142 564 2169 ὥστε
587 2143 651 2177 παρ’
676 2142 782 2175 ἐκείνης
793 2142 868 2178 αὐτῷ

81 2188 210 2224 γενέσθαι
222 2189 361 2225 πρόνοιαν.
422 2184 424 2189 λ

918 1594 1053 1630 proﬁcisci
1069 1594 1197 1629 potuerit,
1220 1594 1378 1628 dignitatem
1389 1594 1433 1620 ille
1442 1594 1550 1628 quidem
1568 1595 1709 1629 episcopi,

918 1639 1088 1674 liturgimque
1104 1639 1262 1666 exercendm
1288 1638 1456 1670 facultatem,
1479 1639 1612 1666 obtinebit
1640 1640 1701 1674 (nec

917 1685 990 1712 enim
1016 1693 1062 1720 per
1092 1685 1180 1720 ipsum
1203 1684 1304 1711 factum
1332 1689 1385 1716 est,
1402 1690 1431 1711 ut
1458 1685 1491 1711 ab
1505 1686 1640 1717 ecclesiae,
1657 1688 1701 1712 cui

917 1732 1070 1760 destinatus
1079 1737 1120 1758 est
1134 1731 1251 1758 statione
1261 1731 1363 1758 diutius
1375 1731 1506 1765 abesset),
1514 1730 1597 1766 448
1608 1739 1700 1757 verum

918 1786 952 1805 ne
965 1786 995 1806 se
1010 1778 1084 1805 illius
1099 1772 1236 1808 Ecclesiae,
1250 1778 1276 1804 in
1293 1784 1345 1812 qua
1370 1777 1453 1811 degit.
1472 1777 1587 1810 nchtiis
1609 1777 1700 1803 inuni-

917 1829 1002 1856 sceat,
1028 1823 1214 1851 interdictum.
1244 1822 1292 1849 Est
1315 1822 1388 1849 enim
1416 1822 1453 1848 illi
1484 1820 1554 1848 forte
1581 1822 1607 1848 iu
1633 1822 1700 1847 urbe

918 1871 1007 1904 aliqua
1025 1869 1205 1900 domicilium,
1220 1875 1340 1901 suosque
1353 1868 1381 1894 in
1399 1867 1471 1893 illius
1492 1867 1568 1893 urbis
1583 1867 1700 1894 ecclesia

919 1919 1070 1942 conventus
1093 1915 1158 1949 agit.
1182 1914 1247 1948 Ejus
1276 1913 1356 1947 igitur
1382 1912 1505 1938 ecclesiae
1527 1912 1699 1946 negotiorum

917 1965 1021 1996 partem
1054 1960 1174 1994 aliquant
1199 1959 1333 1993 attingere
1361 1957 1463 1983 homini
1490 1957 1559 1983 haud
1598 1957 1700 1984 licebit.

917 2007 1011 2041 Neque
1037 2006 1109 2033 enim
1136 2005 1163 2031 in
1191 2012 1222 2032 ea
1250 2004 1377 2036 docendi,
1398 2011 1487 2037 neque
1506 2003 1610 2030 ordinis
1634 2011 1702 2030 con-

918 2051 1034 2083 ferendi,
1050 2058 1138 2085 neque
1159 2057 1238 2078 sacra
1263 2049 1393 2080 faciendi,
1416 2050 1469 2075 nisi
1487 2049 1548 2083 ejus
1571 2050 1609 2075 rei
1634 2056 1702 2076 con-

918 2092 996 2125 cessa
1018 2097 1159 2129 facultate,
1177 2105 1265 2131 neque
1278 2103 1343 2124 vero
1360 2096 1461 2130 aliquid
1479 2104 1511 2122 ex
1523 2096 1597 2123 illius
1614 2097 1703 2123 eccle-

919 2144 966 2171 sia:
982 2143 1115 2171 reditibus
1140 2143 1168 2170 in
1185 2150 1252 2169 suos
1278 2150 1345 2170 usus
1371 2141 1553 2169 transferendi
1580 2147 1702 2176 potestas

919 2190 982 2216 erit.
1004 2188 1137 2216 Universa
1153 2195 1235 2223 porro
1250 2187 1283 2214 ab
1300 2188 1346 2214 illo
1363 2187 1490 2223 periecue
1512 2187 1607 2222 synodi
1628 2187 1702 2222 judi-

81 2236 127 2263 cio
153 2235 323 2270 consilioque
347 2235 466 2270 permitti
498 2235 587 2268 decet,
622 2238 652 2271 ut
676 2235 749 2270 quod
778 2235 864 2270 ipsius
885 2235 1040 2264 rationibus
1067 2234 1186 2262 maxime
1218 2237 1404 2269 opportunum
1451 2233 1509 2260 fore
1554 2233 1701 2261 videbitur.

81 2285 195 2310 statuat.

81 2329 197 2358 ΔΡΙΣΤ.
210 2338 219 2355 ι
236 2329 381 2364 Μετεχέτω
393 2330 443 2364 τῆς
454 2330 536 2365 τιμῆς
544 2329 692 2361 ἐπίσκοπος
717 2330 731 2355 ὑ
748 2337 865 2365 χειροτο-

925 2328 1037 2356 ABIST.
1056 2337 1065 2354 ι
1086 2327 1241 2362 Episcopus
1262 2327 1406 2354 ordinatus
1427 2332 1455 2354 et
1477 2334 1492 2354 a
1512 2323 1623 2356 civitate
1647 2337 1702 2356 non

122 2385 132 2402 ι
150 2374 253 2410 νηθεὶς,
269 2374 315 2401 καὶ
343 2375 475 2410 μηδαμῶς
488 2376 631 2410 δεχόμενος
644 2374 718 2410 παρὰ
743 2375 793 2410 τῆς
820 2374 867 2401 πό-

122 2431 132 2448 ι
149 2421 218 2453 λεως
238 2421 296 2447 ’καὶ
319 2420 511 2455 λειτουργείτω
526 2421 617 2455 μόνον,
634 2420 778 2455 ἀναμένων
807 2421 820 2447 ὅ
840 2429 866 2448 τι

123 2478 133 2494 ι
154 2467 187 2495 ἂν
203 2468 219 2502 ὴ
234 2468 284 2501 τῆς
300 2467 435 2502 ἐπαρχίας
450 2467 628 2501 ἀποφαίνοιτο
641 2467 775 2499 σύνοδος.»

127 2515 157 2542 '0
174 2514 211 2550 μὴ
224 2514 290 2550 παρ’
304 2512 393 2540 αἰτίαν
406 2513 474 2539 ίδίαν
491 2513 567 2547 παρὰ
581 2513 631 2547 τῆς
653 2513 755 2544 πόλεως
782 2521 868 2548 προσ-

84 2561 189 2597 δεχθεὶς
212 2557 271 2596 ἐν
285 2559 485 2594 ἐχειροτονήθη,
503 2558 570 2585 ἀλλὰ
587 2559 662 2593 παρὰ
681 2559 730 2594 τὴν
742 2557 789 2584 τοῦ
802 2557 866 2584 λαοῦ

88 2605 241 2642 μοχθηρίαν
256 2611 264 2621 ⁸
282 2604 392 2639 καὶτῆς
403 2603 488 2639 τιμῆς
504 2604 624 2639 μετέχει,
639 2604 687 2630 καὶ
699 2603 867 2637 λειτουργεῖν

85 2653 117 2679 οὺ
133 2650 295 2678 κεκώλυται.
328 2649 444 2684 ὀφείλει
460 2649 488 2675 δὲ
505 2650 730 2685 προσκαρτερεῖν,
758 2649 804 2675 καὶ¹
827 2648 865 2683 μή

85 2706 139 2725 τινι
155 2696 337 2732 στρατιωτικῇ
356 2695 466 2731 βοηθείᾳ
485 2695 651 2731 χρήσασθαι,
676 2695 692 2722 il
723 2694 868 2729 δυναστείᾳ.

957 2383 968 2400 ι
993 2378 1123 2408 acceptus
1143 2373 1249 2400 honore
1273 2371 1390 2403 fruatur,
1416 2375 1443 2398 et
1473 2379 1572 2400 munus
1597 2378 1701 2401 tantum

958 2429 968 2446 ι
991 2419 1089 2451 obeat,
1118 2422 1282 2453 exspectans
1308 2418 1373 2453 quid
1407 2418 1557 2452 provinciae
1581 2420 1702 2454 synodus

957 2473 968 2490 ί
991 2463 1222 2500 pronuntiaverit.
1242 2472 1251 2488 ι

955 2510 1009 2543 Qui
1024 2517 1078 2538 non
1093 2516 1169 2537 suam
1188 2509 1223 2535 ob
1238 2516 1349 2536 causam
1373 2517 1387 2536 a
1413 2509 1524 2536 civitate
1548 2509 1702 2536 admittitur

920 2557 947 2584 in
965 2563 1047 2590 quam
1064 2555 1207 2582 ordinatus
1221 2554 1283 2586 fuit,
1299 2555 1347 2582 sed
1363 2559 1474 2590 propter
1489 2554 1581 2589 populi
1597 2554 1701 2589 impro-

921 2603 1033 2630 bitatem
1046 2609 1054 2628 ε
1067 2606 1094 2629 et
1107 2601 1219 2628 honoris
1236 2601 1373 2636 particeps
1387 2606 1438 2633 est,
1461 2603 1488 2627 et
1513 2606 1591 2626 sacra
1609 2599 1700 2626 facere

904 2664 910 2667 -
920 2656 973 2676 non
988 2647 1158 2683 prohibetur.
1176 2646 1261 2674 Debet
1275 2651 1367 2674 autem
1382 2646 1522 2680 patienter
1535 2652 1657 2676 manere,
1673 2650 1700 2672 et

920 2701 975 2721 non
993 2692 1103 2722 militari
1114 2693 1207 2729 aliquo
1222 2693 1262 2720 uti
1286 2691 1388 2719 auxilio
1410 2694 1458 2718 aut
1474 2690 1526 2717 alia
1552 2694 1698 2725 potestate.

698 2779 791 2811 Guill.
811 2779 972 2818 Beveregii
991 2783 1084 2810 notia.

88 2846 194 2891 Magna:
219 2855 343 2883 Ecclesia:
370 2853 733 2887 Consumlinopolilanorum.
748 2854 779 2891 al}
804 2855 863 2880 uui-

89 2889 166 2919 ecria
180 2891 298 2919 Ecclesia
315 2891 452 2924 quesitus,
475 2895 499 2918 et
527 2890 559 2916 ab
579 2895 738 2924 imperatore
758 2889 863 2916 domino

916 2851 1165 2915 Joargg‘gomneno
1182 2850 1279 2893 electus
1303 2856 1389 2876 mense
1404 2848 1486 2882 Maio,
1501 2848 1642 2876 indictione
1657 2849 1698 2882 ιε,

919 2896 963 2915 απ.
1052 2906 1060 2914 .
1239 2892 1251 2903 ι

919 2896 963 2915 ωι-
979 2892 1060 2915 6642.
1239 2892 1251 2903 δ
