1938 3085
230 127 295 160 ιιι-ι

844 123 980 155 THEOD.
1002 120 1203 153 BALSAMON

1774 118 1860 150 134‘}

229 191 306 219 gnum
318 187 407 210 tamen
435 181 499 209 illud
516 181 607 208 lumen
626 180 776 214 Nectartus,
794 187 809 207 a
829 180 1002 207 catechume-

1074 178 1159 210 κεῖνος
1182 177 1294 213 φωστὴρ
1312 176 1463 212 Νεκτὰριος
1485 176 1548 212 ἄρτι
1568 177 1618 211 τῆς
1634 176 1691 203 τῶν
1715 185 1872 211 κατηκον-

228 238 322 258 norum
338 237 417 264 grege
435 236 520 262 nuper
533 233 689 263 separatus,
710 235 771 255 cum
788 228 880 254 divino
900 227 1007 253 lavacro

230 276 290 303 vita
304 275 399 303 sordes
407 274 546 306 abluisset,
563 282 647 309 purus
670 274 725 308 jam
742 274 916 308 purissimam
948 272 1006 306 epi-

229 327 352 356 scopatus
377 321 535 355 dignitatem
564 321 660 351 induit.
685 326 721 351 _et
746 319 826 347 simul
850 319 880 346 ﬁt
909 319 1008 353 reginae

229 368 301 395 nrbis
324 368 475 402 episcopus,
503 371 531 394 et
555 372 655 395 sanctas
683 366 808 394 secundae
846 364 1008 392 universalis

229 412 321 448 synodi
335 420 444 446 praeses.

261 499 386 528 ZONAR.
405 500 472 532 llnc,
488 501 580 527 endem
599 501 688 533 modo,
719 500 814 535 prima:
839 506 947 534 quoque
961 497 1009 525 Ni-

229 555 308 576 czvna:
337 548 430 583 synodi
458 548 576 574 secundo
603 555 706 574 canone
732 547 909 574 constitutum
949 550 1009 577 est;

229 593 381 628 quaaquet'n
405 592 475 619 illius
499 592 680 627 explicatione
693 591 820 623 diximus,
836 591 880 619 hic
903 598 1012 626 quoque

229 640 374 672 snmcieut,

231 686 341 714 ARlS'l‘.
358 695 367 711 ι
388 685 491 713 Recens
509 685 683 714 illuminatns.
703 685 788 712 sacris
804 684 945 712 ordinibus
958 691 1011 711 non

265 743 275 760 ί
289 738 332 761 est
347 733 472 760 idoneus.
489 741 498 757 ι

264 780 314 812 Qui
329 786 424 806 recens
440 777 617 810 illuminatnr,
634 787 686 804 non
717 778 808 805 statim
837 778 863 805 in
890 779 1013 806 ordinem

229 825 424 853 sacerdotalem
439 830 625 860 promovetur.

528 890 643 919 (ΣΛΝΟΝ
668 891 712 918 ιν.

233 957 242 974 ι
262 948 336 981 Quod
353 955 403 975 non
420 953 526 982 oportet
542 949 697 975 sacerdotes
713 948 840 981 fencrari,
857 953 883 976 et
905 956 1004 976 usuras

267 1002 276 1018 ι
291 1000 350 1027 ηοω
364 993 487 1020 dicuntur
500 992 633 1022 hemiolige
649 993 686 1028 (id
701 998 742 1020 est
760 993 842 1020 totius
865 994 946 1021 sarlis
969 994 1013 1022 di-

268 1048 278 1064 c
297 1039 376 1066 midia
394 1040 468 1074 pars)
487 1040 619 1074 accipere.
638 1049 647 1066 ι

267 1085 364 1114 BALS.
385 1086 556 1119 Apostolicus
581 1087 804 1121 quadragesimus
835 1092 948 1122 quartus
969 1093 1014 1114 ea-

231 1139 295 1164 non,
307 1136 334 1158 et
358 1132 488 1166 septimus
512 1132 632 1159 decimus
653 1134 745 1166 pruinae~
772 1133 868 1168 synodi
892 1132 1014 1160 dill'nsius

234 1182 351 1205 tractant
368 1178 402 1206 de
416 1179 502 1205 sacris
518 1177 642 1212 initiatis,
665 1181 710 1214 qui
737 1187 833 1207 usuras
859 1180 1012 1215 accipiunt:

231 1231 258 1253 et
273 1225 331 1258 lege
343 1232 402 1253 eos.

265 1269 391 1298 ZONAB.
404 1271 504 1299 Eadem
517 1272 611 1306 primae
632 1279 738 1306 quoque
766 1272 941 1300 mcumenicae
965 1280 1009 1308 sy-

202 1332 207 1341 ι
231 1319 406 1345 nodicanone
425 1318 456 1345 Π
474 1319 629 1347 constituta,
640 1324 711 1346 sunt.
727 1318 782 1346 Nec
796 1319 829 1346 ad
839 1326 883 1350 ea.
900 1327 960 1354 qua:
975 1319 1013 1346 ibi

232 1364 384 1397 attulimus.
397 1365 545 1399 quidquam
575 1365 626 1393 hoc
657 1365 716 1393 loco
741 1365 892 1393 addendum
915 1365 1014 1393 existi-

233 1418 347 1437 mamus.

231 1457 312 1493 455
325 1457 439 1486 ARIST.
462 1467 471 1485 ι
492 1458 625 1486 Sacerdos
647 1467 743 1486 usuras
761 1460 804 1487 vel
817 1459 1014 1494 sesquialteras

214 1513 218 1516 ‘
510 1515 520 1532 ‹
543 1513 597 1532 non
616 1506 726 1540 accipit.
747 1515 756 1531 ›

1058 224 1147 259 μένων
1163 223 1266 257 ἀγέλης
1284 223 1460 258 ἀφορισθεὶς,
1476 224 1524 250 καὶ
1539 223 1578 258 τῷ
1600 222 1665 258 θείῳ
1680 222 1794 257 λουτρῷ
1813 222 1871 248 τὸν

1057 270 1104 296 τοῦ
1119 270 1178 305 βίου
1197 270 1282 305 ῥύπον
1298 270 1537 305 ἅποπλυνάμενος,
1554 269 1674 304 καθαρὸς
1690 269 1743 304 ἤδη
1758 269 1793 295 τὺ
1811 277 1872 294 κα-

1059 315 1221 350 θαρώτατον
1235 317 1283 350 τῆς
1298 315 1503 351 ἀρχιερωσύνης
1519 315 1628 350 ἀξίωμα
1644 314 1870 350 περιϐάλλεται,

1059 363 1106 388 καὶ
1127 362 1185 397 ἅμα
1207 362 1257 397 τῆς
1272 361 1467 396 βασιλευούσης
1491 361 1641 392 ἐπίσκοπος
1661 361 1784 391 γίνεται,
1814 361 1869 386 καὶ

1058 408 1109 443 τῆς
1147 408 1227 442 ἀγίας
1261 408 1308 436 καὶ
1344 398 1539 443 οίκουμενικῆς
1575 407 1705 442 δευτέρας
1740 406 1870 432 συνόδου

1060 454 1185 488 ἔξαρχος.

1096 499 1217 527 ΖΩΝΑΡ.
1228 500 1314 527 Τοῦτο
1326 499 1374 527 καὶ
1385 500 1400 526 ὁ
1408 499 1533 534 δεύτερος
1547 498 1637 525 κανὼν
1648 498 1699 531 τῆς
1709 499 1739 525 ὲν
1752 496 1871 531 Νικαῖᾳ

1062 548 1174 582 πρώτης
1190 547 1300 573 συνόδου
1313 546 1467 580 διετάξατο,
1483 546 1531 573 καὶ
1544 545 1562 573 ἃ
1576 546 1607 573 ἐν
1621 545 1720 580 ἐκείνῳ
1733 545 1869 579 εἴρηται,

1063 593 1115 621 κάν
1129 593 1216 628 τούτῳ
1229 593 1400 628 ἀρκέσουσιν.

1096 683 1207 712 ΔΡΙΣΤ.
1226 693 1235 710 ι
1258 683 1288 711 '0
1303 682 1479 718 νεοφώτιστος
1509 681 1709 718 ἁνιεράτευτος.

1105 775 1135 802 ’0
1151 773 1330 810 νεοφώτιστος
1342 774 1393 801 οὐκ
1403 773 1485 806 εὐθὺς
1498 773 1528 800 ὲν
1541 770 1671 808 ίερατικῷ
1683 770 1868 806 προσάγεται

1029 847 1052 877 Β
1066 821 1196 857 τάγματι.

1367 889 1487 917 ΚΔΝΩΝ
1500 889 1538 916 Δ’.

1066 957 1076 975 t
1096 949 1165 984 Περὶ
1176 948 1224 976 τοῦ
1237 949 1275 985 μὴ
1285 948 1342 976 δεῖν
1356 949 1513 984 ίερατικοὺς
1526 947 1670 982 δανείζειν,
1695 947 1866 981 καὶξτόιιους

1063 995 1110 1022 καὶ
1124 996 1174 1027 τὰς
1185 995 1334 1032 λεγομένας
1344 994 1470 1030 ἡμιολίας
1483 995 1641 1030 λαμὸἀνειν.
1663 1003 1672 1020 ι

1098 1084 1196 1112 ΒΔΔΣ.
1221 1084 1251 1111 '0
1275 1085 1454 1117 ἀποστολικδς
1481 1085 1522 1120 μδ¹
1546 1085 1635 1112 κανὼν
1658 1085 1706 1112 καὶ
1727 1086 1741 1112 ὁ
1757 1086 1794 1118 ιζ’
1808 1085 1862 1121 τῆς

1063 1131 1174 1167 πρώτης
1186 1132 1295 1159 συνόδου
1307 1132 1475 1167 πλατύτερον
1486 1132 1706 1168 διαλαμϐάνουσι
1721 1133 1790 1168 περὶ
1801 1132 1860 1158 τῶν

1064 1178 1222 1213 ἱερωμένων
1254 1178 1448 1214 λαμϐανόντων
1482 1179 1579 1211 τόκους
1592 1187 1599 1195 ·
1632 1179 1680 1206 καὶ
1712 1179 1857 1212 ἀνάγνωθι

1064 1224 1190 1256 τούτους.
1316 1253 1320 1257 λ

1099 1271 1222 1298 ΖΩΝΑΡ.
1249 1271 1334 1299 Τοῦτο
1358 1272 1405 1299 καὶ
1430 1271 1662 1303 ἑπτακαιδέκατος
1688 1270 1782 1298 κανὼν
1808 1272 1859 1306 τῆς

1066 1314 1178 1353 πρώτης
1206 1319 1402 1354 οίκουμενικῆς
1430 1318 1541 1345 συνόδου
1571 1318 1659 1349 οὕτως
1679 1317 1777 1353 ὥρισε,
1808 1317 1858 1344 καὶ

1065 1363 1150 1390 πλείω
1164 1364 1219 1391 τῶν
1234 1365 1389 1400 εἰρημένων
1401 1365 1459 1392 ἐκεῖ
1471 1365 1502 1391 οὐ
1515 1365 1594 1401 χρεία
1608 1365 1694 1400 ἐρεῖν.

1064 1453 1176 1480 ΔΡΙΣΤ.
1200 1463 1209 1479 ι
1227 1454 1329 1486 Τόκους
1360 1454 1376 1490 ἢ
1400 1454 1535 1490 ἡμιολίας
1559 1453 1696 1490 ίερατικδς
1722 1453 1752 1480 οὒ
1785 1453 1856 1487 lay.-

1102 1512 1112 1529 ‹
1130 1501 1214 1528 ϐἀνει.
1234 1511 1243 1527 ι

267 1549 327 1578 Non
352 1556 459 1586 oportet
477 1559 525 1579 eos
536 1552 581 1587 qui
597 1557 662 1579 sunt
687 1553 713 1579 in
731 1553 803 1580 clero
828 1553 917 1587 turpia
939 1553 1014 1579 lucra

1102 1550 1138 1576 Οὐ
1147 1550 1188 1576 δεῖ
1199 1549 1262 1580 τοὺς
1278 1549 1306 1574 ἐν
1323 1547 1416 1583 κλήρῳ
1427 1547 1528 1582 αἰσχρά
1544 1546 1626 1582 κέρδη
1650 1546 1779 1575 ἐπινοεῖν,
1809 1552 1856 1572 και

234 1597 399 1632 excogitare,
413 1603 440 1625 et
454 1598 625 1632 gravissimis
640 1604 687 1635 aut
703 1598 852 1626 levioribus
866 1598 956 1638 usuris
975 1599 1015 1626 I’e—

233 1643 325 1670 ncrari
344 1651 351 1670 :
368 1643 422 1670 nisi
438 1651 467 1671 se
482 1644 535 1672 hoc
546 1644 677 1672 facientes
699 1649 725 1671 et
739 1652 793 1671 non
810 1649 950 1673 cessantes
968 1644 1016 1672 de-

234 1689 296 1723 poni
312 1688 424 1716 vellent.

540 1756 656 1785 CANON
677 1757 707 1784 V.

237 1822 247 1840 ι
261 1812 338 1846 Quod
366 1821 422 1841 non
444 1818 553 1849 oportet
572 1814 721 1841 electiones
738 1813 794 1841 ﬁeri
821 1814 848 1841 in
871 1815 1016 1849 pneseutia

502 1856 521 1885 ἰ
542 1859 718 1886 audientium.
737 1868 746 1884 ι

270 1915 367 1943 BALS.
380 1917 554 1952 Χειροτςδίας
573 1924 660 1943 cauon
678 1916 722 1944 hic
731 1917 879 1944 electiones
897 1917 1017 1944 nominat

233 1967 261 1989 et
279 1962 357 1996 dicit,
385 1962 458 1998 quod
482 1964 612 1998 quoniam
637 1964 663 1990 in
687 1963 867 1991 electionibns
887 1963 1017 1990 dicuntur

235 2009 374 2041 nonnulla,
390 2016 462 2043 saepe
473 2007 555 2036 etiam
569 2009 689 2044 indigna,
702 2009 735 2036 de
747 2009 781 2036 iis
796 2011 842 2044 qui
858 2009 1015 2044 eliguntur:

235 2063 290 2082 non
306 2055 370 2083 licet
387 2055 415 2082 in
428 2055 567 2082 communi
581 2055 726 2090 cujuslibet
746 2056 863 2083 volentis
877 2055 1017 2083 auditione

234 2109 267 2128 ea
300 2101 370 2128 ﬁeri.
397 2101 544 2135 Propterea
574 2109 638 2136 ergo
663 2102 743 2129 hodie
762 2109 870 2137 quoque
892 2110 1015 2130 seorsum

235 2147 372 2174 antistites
388 2152 415 2173 et
433 2147 484 2174 soli
512 2148 707 2180 convenientes
730 2149 844 2184 eligunt.
869 2148 898 2176 ln
928 2150 1017 2184 primo

215 2197 326 2220 ~autem
357 2199 461 2220 canone
502 2193 652 2228 apostolico
689 2193 839 2230 χειροτονία
875 2201 925 2228 pro
960 2203 1017 2222 ma-

236 2247 320 2266 nuum
342 2239 514 2274 impositione
528 2240 656 2268 sumitur.

272 2293 398 2322 ZONAR.
428 2294 601 2329 Χειροτονίας
635 2296 746 2324 nomine
770 2296 936 2324 electionem
968 2297 1020 2324 hoc

236 2340 298 2368 loco
323 2348 412 2368 canon
438 2341 580 2369 indicavit.
598 2341 666 2369 Cum
683 2350 801 2377 namque
828 2343 854 2370 in
878 2342 1020 2370 electioni-

237 2386 300 2418 bus,
318 2386 471 2421 aliquorum
497 2388 612 2414 crimina
639 2394 750 2423 propter
766 2396 826 2423 quae
850 2388 887 2416 illi
905 2389 975 2416 forte
1004 2398 1019 2416 ιι

237 2439 316 2460 sacro
333 2431 430 2460 ordine
442 2434 554 2461 arcendi
571 2433 625 2461 sint
638 2454 646 2466 ,
664 2441 678 2460 a
694 2435 857 2468 praesulibus
874 2437 1019 2463 enuntien-

237 2482 291 2511 tur,
310 2481 405 2507 adesse
428 2480 630 2527 honnines,lqtii
644 2488 676 2508 ea
690 2489 751 2516 qua
765 2481 923 2509 dicerentur
947 2484 1021 2510 exci-

238 2529 345 2560 perent,
378 2526 478 2553 rationi
521 2527 634 2554 minime
669 2533 886 2555 consentaneum
924 2528 1019 2556 Patres

237 2569 430 2597 existimavere
445 2578 453 2597 :
469 2570 541 2605 quod
555 2578 586 2597 ea
602 2571 718 2603 scilicet,
741 2579 801 2607 quae
814 2572 978 2606 audiebant,
992 2577 1020 2600 et

237 2615 272 2643 iis
286 2622 382 2644 contra
397 2625 467 2651 quos
482 2617 643 2645 dicebantur
660 2618 768 2652 pudori,
782 2623 809 2646 et
824 2626 839 2646 a
856 2619 957 2654 quibus
970 2627 1020 2646 au-

236 2662 382 2689 diebantur
408 2663 441 2690 ad
468 2664 616 2698 nequitiam
643 2665 824 2693 incitamento
849 2669 958 2698 essent,
992 2668 1019 2692 et

237 2708 309 2742 aliis,
323 2717 440 2744 quorum
462 2719 516 2737 non
534 2711 568 2739 ita
588 2717 718 2740 constans
728 2713 754 2739 in
770 2712 822 2740 tide
843 2713 930 2744 ratio,
945 2712 1019 2739 blas-

237 2755 380 2788 phcmandi
407 2756 534 2785 Numinis
559 2766 669 2786 causam
695 2760 858 2795 praeberent.
884 2758 919 2786 Ut
945 2759 1018 2786 enim

236 2802 366 2841 virtutum
386 2803 539 2832 actionibus
553 2805 638 2840 gloria
661 2805 785 2834 Numinis
800 2809 913 2841 augetur
924 2825 932 2837 ,
953 2813 1017 2833 cou-

236 2840 374 2879 celebrant
399 2854 548 2888 siquidem.
571 2853 618 2888 qui
646 2854 794 2888 praeclaras
823 2840 945 2882 actiones
976 2853 1016 2881 in-

1066 1595 1112 1623 ὲπὶ
1128 1595 1287 1631 βαρυτάτοις
1301 1595 1400 1625 τόκοις,
1418 1594 1433 1628 ἢ
1455 1594 1502 1620 καὶ
1525 1593 1651 1628 ἐλαφροῖς
1672 1591 1855 1624 ὲκδανεῐζειν·

1065 1643 1091 1668 εί
1106 1643 1143 1676 μὴ
1163 1641 1298 1676 βούλοιντο
1310 1640 1389 1667 τοῦτο
1402 1639 1549 1672 ποιοῦντες,
1566 1641 1613 1666 καὶ
1639 1639 1677 1675 μὴ
1693 1639 1855 1672 παυόμενοι,

1066 1686 1266 1723 καθαιρεῖσθαι.

1374 1753 1494 1781 ΚΔΝΩΝ
1505 1754 1542 1781 Ε’.

1071 1821 1081 1838 ‹
1103 1812 1171 1847 Περὶ
1188 1811 1235 1838 τοῦ
1256 1810 1294 1846 μὴ
1313 1811 1369 1837 δεῖν
1391 1811 1441 1842 τὰς
1459 1805 1628 1845 χειροτονίας
1654 1811 1701 1837 ἐπὶ
1721 1811 1855 1846 παρουσίᾳ

1269 1867 1279 1883 ι
1300 1858 1482 1893 ἀκροωμένων
1498 1857 1631 1892 γίνεσθαι.
1647 1866 1658 1883 ι

1102 1918 1387 1953 ΒΛΛΣ.ίΧειροτονίας
1402 1918 1517 1944 ἐνταῦθα
1531 1918 1580 1950 τὰς
1595 1918 1702 1954 ψήφους
1730 1919 1853 1953 ὀνομάζει

1067 1967 1081 1992 ὁ
1096 1966 1196 1998 κανὼν,
1209 1965 1255 1992 καί
1274 1973 1357 2000 φησιν
1372 1963 1420 1996 ὡς,
1434 1965 1495 1990 ἐπεὶ
1507 1965 1535 1990 ἐν
1544 1965 1603 1996 ταῖς
1620 1964 1720 1999 ψήφοις
1735 1965 1853 1998 λέγονταί

1067 2023 1127 2041 τινα
1143 2012 1272 2044 πολλάκις
1293 2011 1394 2044 ἀνάξια
1416 2011 1496 2046 χάριν
1519 2011 1574 2037 τῶν
1596 2010 1800 2046 ψηφιζομένων,
1824 2011 1852 2038 οὐ

1069 2060 1122 2096 χρὴ
1143 2059 1188 2086 ἐπὶ
1201 2060 1277 2094 κοινῇ
1292 2058 1421 2093 ἀκροάσει
1436 2058 1484 2084 τοῦ
1503 2057 1664 2092 βουλομένου
1683 2058 1733 2089 τὰς
1749 2058 1852 2092 ψήφους

1067 2106 1199 2141 γίνέσθαι.
1220 2106 1270 2132 Διά
1284 2105 1362 2131 τοῦτο
1382 2102 1429 2130 οὖν
1451 2104 1498 2130 καὶ
1520 2104 1640 2138 σήμερον
1662 2103 1724 2130 κατ’
1749 2103 1814 2130 ἰδίαν
1830 2108 1852 2134 οι

1068 2153 1206 2187 ἀρχιερεῖς
1222 2153 1269 2178 καὶ
1285 2151 1360 2186 μόνοι
1382 2149 1574 2184 συνερχόμενοι
1597 2148 1775 2184 ψηφίζονται.
1811 2149 1852 2175 Ἓν

1073 2198 1165 2233 μέντοι
1188 2197 1225 2232 τῷ
1241 2196 1340 2231 πρώτῳ
1364 2195 1534 2229 ἀποστολικῷ
1552 2195 1643 2221 κανόνι
1666 2195 1683 2229 ἡ
1709 2195 1853 2229 χειροτονία

1031 2229 1058 2260 D
1072 2229 1112 2276 εὶς
1130 2229 1301 2279 χειροδεσίαν
1312 2242 1525 2277 ὲκλαμόὰνεται.

1105 2301 1227 2328 ΖΩΝΑΡ.
1239 2299 1413 2335 Χειροτονίας
1424 2298 1541 2325 ἐνταῦθα
1556 2298 1605 2330 τὰς
1625 2298 1733 2333 ψήφους
1752 2297 1853 2333 ὠνόμα-

1072 2355 1117 2373 σεν
1133 2347 1148 2373 ό
1167 2345 1267 2372 κανών.
1292 2345 1369 2371 Ἐπεὶ
1379 2343 1433 2379 γὰρ
1445 2343 1473 2373 ἐν
1490 2342 1529 2377 τῷ
1545 2342 1579 2369 τὰ
1597 2341 1762 2376 ψηφίσματα
1782 2343 1851 2374 γίνε-

1071 2393 1133 2419 σθαι
1145 2391 1220 2427 παρὰ
1230 2391 1284 2418 τῶν
1301 2391 1453 2426 ἀρχιερέων
1470 2389 1592 2423 λέγονται
1614 2388 1685 2415 κατά
1704 2396 1786 2414 τινων
1813 2388 1852 2413 αί-

1070 2439 1201 2474 τιάματα,
1217 2437 1252 2464 δι’
1263 2437 1280 2464 ἃ
1298 2436 1449 2463 κωλῦονται
1466 2435 1530 2467 ἴσως
1545 2436 1704 2470 ἱερωσύνης,
1720 2435 1770 2460 οὺχ
1783 2434 1850 2465 εδοξε

1070 2486 1126 2516 τοῖς
1141 2483 1264 2518 Πατράσι
1280 2483 1420 2518 προσῆκον
1435 2481 1562 2517 παρεῖναι
1577 2489 1652 2511 τινας
1665 2481 1850 2515 ἀκροωμένους

1070 2531 1124 2558 τῶν
1137 2530 1300 2565 λεγομένων,
1315 2528 1352 2560 ὡς
1366 2527 1497 2562 αἰσχύνην
1516 2529 1571 2558 τοῖς
1587 2527 1648 2553 xze‘
1674 2523 1712 2553 ὦν
1732 2526 1850 2557 λέγονται

1071 2577 1238 2611 ἐπαγόντων,
1251 2576 1300 2602 καὶ
1314 2576 1369 2605 τοῖς
1383 2573 1567 2609 ἀκροωμένοις
1582 2574 1622 2604 είς
1636 2574 1794 2608 προτροπὴν
1814 2581 1851 2605 γι-

1071 2625 1191 2659 νομένων
1205 2623 1316 2655 κακίας,
1327 2622 1374 2649 καὶ
1390 2623 1445 2653 τοῖς
1468 2621 1643 2655 ἀστηρίκτοις
1669 2619 1739 2653 πρὸς
1766 2619 1850 2645 πίστιν

1070 2673 1110 2703 εις
1124 2671 1300 2706 βλασφημίαν
1315 2669 1386 2696 κατὰ
1399 2667 1597 2701 Θεοῦ.’Ὦσπερ
1610 2667 1665 2701 γὰρ
1682 2666 1726 2692 διὰ
1742 2666 1796 2692 τῶν
1812 2667 1851 2692 ὲν-

1069 2717 1175 2752 αρέτων
1187 2715 1327 2748 δοξάζεται
1346 2715 1360 2740 ὁ
1371 2714 1447 2745 Θεὸς,
1465 2712 1519 2739 τῶν
1528 2712 1651 2747 ὁρώντων
1659 2711 1693 2737 τὰ
1705 2711 1777 2738 καλά
1789 2711 1851 2746 ἔργα

1069 2762 1233 2794 δοξαζόντων
1249 2759 1418 2792 αὑτὸν,οὖτω
1435 2759 1479 2785 διὰ
1506 2759 1561 2785 τῶν
1580 2759 1710 2785 ἐναντίων
1737 2757 1852 2792 βλασφη-

1071 2810 1161 2843 μεῖται
1175 2808 1205 2834 τὸ
1219 2807 1296 2833 Θεῖον
1314 2807 1388 2840 παρὰ
1402 2805 1524 2832 ἀπίστων
1545 2805 1592 2831 καὶ
1614 2804 1787 2840 ἁστηρίκτων
1806 2806 1850 2829 ἁν-

1070 2855 1199 2890 Θρώπων.
1218 2855 1293 2881 Aturi
1306 2854 1334 2880 δὲ
1360 2854 1406 2880 καὶ
1423 2853 1439 2887 ἡ
1453 2851 1552 2886 ψῆφος,
1570 2851 1723 2886 χειροτονία
1737 2850 1852 2888 λέγεται,
