1938 3085
141 147 210 180 133‘!

742 146 784 176 IN
800 145 881 177 CAN.
902 146 959 176 XII
976 141 1082 178 CONC.
1097 147 1203 177 LAOD.

1677 146 1745 179 1353
1764 124 1766 126 ξ

136 205 219 241 γυνὴ.
247 206 264 240 ἡ
291 203 432 241 ἡγουμῖνη
458 203 582 240 δηλαδὴ,
613 204 708 231 πασῶν
736 204 918 238 προΐσταταις

981 203 1000 230 It
1016 204 1042 231 in
1058 203 1219 231 feminarum
1243 202 1427 234 monasteriis,
1447 206 1474 228 et
1490 209 1542 229 una
1563 201 1670 233 mulier,
1686 210 1746 237 quae

146 253 286 283 ’Λκούσεις
313 252 366 287 γὰρ
397 253 437 279 ὅτι
459 253 476 286 ὴ
504 253 575 278 κατὰ
609 251 674 278 Θεὸν
711 251 835 286 ἀποταγὴ
874 251 921 277 καὶ

142 299 296 333 ἁπόκαρσις
329 299 380 330 τὰς
417 298 515 330 πολλὰς
548 298 577 324 ἓν
606 297 686 332 σῶμα
718 298 791 323 ποιεῖ
818 297 920 334 λογίζε-

119 346 122 347 ⁷
143 345 215 376 σθαι,
238 345 285 371 καὶ
309 345 397 372 πάντα
424 345 458 371 τὰ
482 344 571 371 αὐτῶν
595 344 664 378 πρδς
691 344 775 377 μόνην
802 338 920 378 ψυχικὴν

143 390 282 424 σωτηρίαν
311 388 446 424 ἀφορῶσι.
462 388 499 414 Τδ
523 388 552 414 δὲ
576 388 712 414 διδάσκειν
738 388 855 421 γυναῖκα
880 389 920 419 είς

141 435 289 469 ἐκκλησίαν
301 434 458 470 καθολικὴν,
469 434 533 460 ἔνθα
542 433 644 467 πλῆθος
657 433 761 466 ἀνδρῶν
780 434 921 469 συναθροί-

142 479 229 511 ζεται,
245 480 292 506 καὶ
308 480 445 514 διαφόρων
460 479 579 513 γνωμῶν
593 478 921 514 γύναια,ἀπρετ.έστατόν

143 526 200 551 ἐστι
215 525 261 551 καὶ
274 525 408 552 ὀλέθριον.

177 611 300 640 ΖΩΝΑΡ,
313 610 404 638 Ἠσὰν
428 620 487 638 τινα
502 612 578 646 παρὰ
600 612 657 643 τοῖς
681 611 803 643 παλαιοῖς
815 612 877 646 ἔθη.
892 613 922 638 ὲν

141 659 202 689 ταῖς
229 658 387 693 ἐκκλησίαις
413 658 554 693 γινόμενα,
579 655 616 685 ὧν
643 658 678 684 τὰ
704 659 755 693 μὲν
782 661 796 685 ὁ
825 660 922 694 χρόνος

136 704 281 738 ἠλλοίωσε,
297 704 331 730 τὰ
346 705 374 730 δὲ
390 706 437 730 καὶ
450 704 542 730 τέλεον
555 704 667 736 ἔπαυσε,
680 704 714 731 τὰ
734 704 762 730 δὲ
779 706 825 731 καὶ
841 705 921 731 κανό-

142 758 187 781 νες
215 750 420 785 ἀπηγόρευσαν,
447 747 483 777 ὦν
499 750 527 777 ἓν
548 748 582 786 ἦν
612 751 659 777 καὶ
683 751 714 777 τὸ
737 751 922 785 πρεσϐύτιδάς

143 804 218 826 τινας
233 796 353 830 γηραιὰς
367 796 502 830 γυναῖκας
520 797 548 822 ἐν
565 797 625 827 ταῖς
647 796 807 830 ἐκκλησίαις
827 795 923 822 τάττε-

137 839 216 873 -σθαι,
231 841 278 867 καὶ
298 841 509 876 προκαθημένας
533 842 671 875 λέγεσθαι,
685 842 853 876 ἑξαρχούσας
867 842 920 869 τῶν

972 249 1078 275 scilicet
1100 255 1207 283 praeest,
1228 249 1356 276 omnibus
1377 248 1523 283 praesidet?
1537 248 1638 276 Audies
1660 250 1746 279 etiim,

971 295 1043 328 quod
1059 303 1119 330 quae
1135 304 1168 323 ex
1185 294 1239 323 Deo
1258 295 1287 322 iit
1304 295 1482 326 renuntiatio,
1499 299 1526 322 et
1546 299 1668 326 tonsura,
1684 295 1749 322 facit

971 342 1001 365 ut
1023 340 1114 366 multa:
1131 347 1214 367 unum
1241 347 1341 375 corpus
1363 340 1557 368 existimentur
1579 347 1587 367 :
1609 343 1636 366 et
1656 340 1748 366 omnia

971 390 1031 416 quae
1044 391 1107 410 sunt
1120 385 1251 419 ipsarum,
1267 385 1300 412 ad
1312 385 1398 412 solius
1419 384 1517 411 animae
1530 385 1644 411 salutem
1661 385 1749 418 respi-

971 429 1057 456 ciunt.
1075 429 1178 457 Docere
1202 436 1291 458 autem
1316 431 1456 458 mulierem
1476 431 1504 457 in
1520 430 1636 457 ecclesia
1655 431 1751 457 catho-

972 473 1035 503 lica.
1052 473 1099 500 ubi
1113 473 1234 500 virorum
1251 475 1395 501 multitudo
1411 479 1602 510 congregatur,
1617 478 1645 501 et
1659 474 1751 500 direr-

971 526 1063 545 sarum
1074 520 1270 546 sententiarum
1282 519 1399 551 feminae,
1411 525 1454 548 est
1464 521 1580 548 maxime
1592 520 1751 546 indecorum

971 569 999 592 et
1012 566 1207 599 perniciosum.

1004 610 1132 639 ZONAR.
1152 611 1278 645 Quaedam
1295 613 1414 648 antiquis
1429 615 1599 649 temporibus
1616 617 1642 643 in
1660 616 1753 643 Eccle-

972 657 1012 684 sia
1026 658 1238 691 consuetudines
1253 658 1348 691 fuere;
1365 666 1433 693 quas
1445 661 1575 694 temporis
1585 662 1753 689 diuturnitas

972 704 1070 738 partim
1089 704 1253 736 immutarit,
1272 705 1370 739 partim
1389 707 1501 733 omnino
1514 708 1638 740 sustulit,
1656 709 1754 743 aliqu=e

971 750 1052 777 etiam
1065 758 1096 777 ex
1110 751 1144 777 iis
1159 752 1300 779 canonicis
1312 751 1430 780 decretis
1444 753 1580 787 abrogata;
1593 760 1666 782 sunt.
1679 755 1754 784 Talis

973 795 1018 822 illa
1034 802 1143 829 quoque
1168 795 1230 827 fuit,
1254 800 1284 822 ut
1306 797 1483 832 presbyteraa.
1502 798 1599 825 vetulae
1617 799 1753 832 mulieres,

972 840 1000 867 in
1012 841 1135 868 ecclesiis
1148 842 1393 874 constituerentur,
1403 851 1471 877 quas
1481 844 1563 870 etiam
1577 845 1755 878 praesidentes

142 874 340 920 εῑσερχομένών
360 887 401 917 είς
497 874 646 921 ἐκκλησίαν
661 874 812 920 γυναικιῦν,
824 887 920 922 ὥσπερ

981 884 1126 917 rocabant;
1138 893 1199 920 qua:
1208 885 1329 921 quidem,
1343 887 1558 922 ingredientibus
1571 889 1598 916 in
1610 890 1754 917 ecclesiam

142 930 319 962 διδασκάλους
345 931 391 957 καὶ
405 930 577 962 memon;
602 932 686 963 αὐτὰς
701 931 769 967 πρὸς
783 932 921 965 εὐταξίαν,

141 976 190 1002 καὶ
201 976 274 1007 ὅπως
294 977 341 1002 καὶ
352 976 418 1002 ὃπου
432 976 485 1011 χρὴ
503 976 604 1007 ταύτας
615 977 726 1003 ἑστάναι
740 977 923 1009 παιδευούσας

973 929 1094 961 feminis,
1111 931 1192 958 veluti
1210 933 1368 967 magisterio
1381 933 1499 967 quodatn
1515 933 1669 968 fungentes,
1687 942 1756 968 prae-

973 979 1076 1007 essent,
1105 983 1137 1003 ac
1165 984 1216 1004 suo
1237 985 1375 1012 quatnquc
1398 979 1494 1006 ordine
1522 980 1573 1006 rite
1603 982 1755 1008 consistere

143 1021 238 1052 αὐτάς.
253 1022 363 1054 Ταύτας
378 1021 423 1048 οὖν
437 1022 475 1057 μὴ
487 1022 541 1049 δεῖν
555 1023 681 1056 γίνεσθαι
697 1024 711 1049 ό
727 1024 816 1051 κανὼν
838 1023 924 1059 διορί-

985 1022 1108 1054 uberent,
1125 1027 1151 1049 et
1173 1030 1229 1057 quo
1243 1031 1381 1058 quamque
1399 1024 1469 1056 loco,
1486 1032 1574 1059 quove
1590 1024 1672 1052 modo
1691 1025 1755 1052 uni-

144 1069 237 1101 ζεται,
252 1067 268 1103 ἥ
283 1067 355 1094 οὕτω
371 1067 525 1095 καλεῖσθαι.

145 1204 255 1232 ΑΡΙΣΤ.
290 1214 299 1230 ι
318 1204 351 1231 At
377 1204 523 1240 λεγόμεναι
551 1205 759 1240 προκαθήμενοι
779 1206 808 1232 ὲν
821 1206 922 1242 ἐκκλη-

314 1261 323 1276 «
343 1251 414 1282 σίαις
431 1251 468 1287 μὴ
481 1251 718 1278 καθιστάσθωσαν.
739 1260 749 1277 ι

181 1296 213 1323 Εἰ
242 1297 296 1332 γὰρ
322 1297 448 1323 πολιτικὰ
477 1297 594 1331 ὀφφίκια
617 1297 765 1324 κωλύονται
790 1298 924 1332 ἐνεργεῖν,

146 1344 204 1374 πῶς
220 1351 284 1370 ποτε
297 1344 327 1369 ἐν
339 1343 473 1378 ἐκκλησίᾳ
486 1343 533 1368 τοῦ
556 1343 659 1378 κλήρου
676 1343 861 1378 πρωτεύουσι,
877 1345 924 1370 καὶ

130 1389 183 1420 ιὼς
196 1389 315 1423 κεφαλάς
326 1397 402 1420 τινας
416 1389 502 1416 ταῦτα
515 1389 606 1422 ἕξουσι
620 1398 629 1423 ;

445 1457 564 1483 ΚΑΝΩΝ
579 1457 630 1484 ΙΒ’.

973 1068 1074 1102 cuique
1100 1068 1226 1095 standum
1251 1075 1335 1102 esset,
1361 1070 1502 1097 docerent.
1529 1070 1567 1097 Ne
1590 1079 1650 1106 qua:
1674 1071 1756 1107 igitur

974 1112 1131 1147 huiusmodi
1147 1114 1276 1141 mulieres
1296 1115 1445 1149 eligantur,
1463 1123 1530 1142 neve
1547 1116 1581 1143 iis
1596 1116 1755 1144 nominibus

974 1165 1178 1193 nuncupentur,
1191 1167 1279 1187 canon
1296 1161 1431 1188 decernit.

973 1204 1090 1233 AltiST.
1110 1214 1119 1230 ι
1139 1204 1233 1232 Vidua:
1247 1207 1425 1240 praesidentes
1440 1207 1519 1234 dictae
1535 1208 1563 1234 in
1578 1207 1704 1235 ecclesiis
1722 1215 1757 1235 ne

1227 1262 1236 1278 ‹
1256 1254 1473 1282 constituantur.
1494 1263 1504 1280 ›

1012 1296 1041 1322 Si
1063 1297 1134 1323 enim
1152 1297 1262 1331 politica
1283 1298 1370 1325 ollieia
1392 1298 1467 1325 obire
1483 1297 1674 1333 prohibentur,
1691 1305 1758 1333 quo-

976 1344 1057 1370 modo
1076 1351 1194 1378 unquam
1215 1345 1242 1371 in
1264 1345 1380 1371 ecclesia
1406 1345 1481 1372 clero
1505 1346 1639 1379 przesiut,
1663 1349 1691 1372 et
1711 1352 1758 1372 eas

977 1394 1107 1424 tanquam
1127 1393 1218 1425 capita
1231 1390 1357 1425 quedam
1371 1391 1500 1418 habeant?

1271 1457 1385 1485 CANON
1407 1458 1465 1485 XII.

148 1535 160 1551 4
181 1525 249 1560 Περὶ
264 1524 311 1551 τοῦ
336 1524 398 1556 τοὺς
415 1524 584 1556 ἐπισκόπους
603 1523 693 1559 κρίσει
716 1524 771 1550 τῶν
788 1532 926 1558 μητροπο-

981 1535 990 1551 ‹
1008 1525 1085 1559 Quod
1106 1526 1229 1561 episcopi
1245 1530 1517 1560 metropoutanorutn
1536 1530 1564 1553 et
1580 1526 1757 1554 ﬁnitimorum

185 1581 194 1597 ι
218 1572 299 1598 λιτῶν
320 1571 366 1598 καὶ
388 1572 441 1598 τῶν
459 1571 538 1605 πέριξ
561 1571 720 1597 ἐπισκόπων
744 1570 926 1596 καθίστασθαι

185 1628 194 1644 ι
217 1619 256 1649 εἰς
273 1618 322 1653 τὴν
345 1618 577 1652 ἐκκλησιαστικὴν
595 1617 693 1651 ἀρχὴν,
718 1617 796 1647 ὄντας
816 1618 847 1642 ὲκ
862 1616 926 1642 πολ-

184 1674 194 1690 (
216 1663 263 1690 λοῦ
277 1663 523 1697 δεδοκιμασμένους
547 1670 576 1688 τε
597 1662 634 1696 τῷ
647 1662 719 1696 λόγῳ
735 1661 784 1696 τῆς
808 1662 928 1692 πίστεως

184 1720 194 1737 ι
216 1711 264 1738 καὶ
278 1712 311 1746 τῇ
322 1711 368 1737 τοῦ
381 1710 472 1741 εὐθέος
488 1710 567 1743 λόγου
584 1709 715 1744 πολιτείᾳ.
734 1718 743 1733 ι

183 1757 281 1783 ΒΔΛΣ.
295 1757 346 1782 Καὶ
360 1756 375 1781 ὁ
389 1754 485 1790 παρὼν
499 1754 588 1780 κανὼν
600 1755 699 1780 κωλύει
716 1754 768 1780 ὑπὸ
788 1754 836 1780 τοῦ
850 1753 928 1789 ὄχλου

148 1803 212 1834 τοὺς
231 1802 396 1832 ἐπισκόπους
411 1800 578 1835 ψηφίζεσθαι
589 1808 595 1814 ⁸
615 1801 663 1826 καὶ
685 1799 834 1833 διορίζεται
850 1799 927 1834 παρὰ

152 1848 356 1884 μητροπολιτῶν
370 1847 418 1873 καὶ
439 1846 596 1872 ἐπισκόπων
611 1845 722 1876 τούτους
736 1845 926 1871 καθίστασθαι.

149 1894 371 1930 Παρακελεύεται
386 1893 414 1919 δὲ
430 1893 559 1926 δοκίμους
575 1889 646 1923 εἶναι
658 1891 756 1922 αὐτοὺς
769 1891 840 1917 κατά
854 1899 883 1916 τε
898 1891 929 1916 τὸ

146 1944 238 1977 δόγμα
249 1941 296 1968 καὶ
312 1941 357 1967 τὸν
369 1941 436 1975 βίον.

185 1987 306 2016 ΖΩΝΔΡ.
319 1987 355 2013 Τὸ
366 1985 481 2012 παλαιὸν
492 1985 516 2010 οἱ
530 1984 610 2018 δῆμοι
624 1982 680 2009 τῶν
696 1982 800 2008 πόλεων
816 1981 931 2017 ᾑροῦντο

148 2036 213 2066 τοὺς
227 2033 394 2063 ἐπισκόπους
408 2040 415 2046 ·
432 2031 473 2057 ὅτι
492 2031 520 2056 δὲ
531 2030 641 2059 στάσεις
658 2027 784 2054 ἐντεῦθεν
800 2027 927 2063 ἠγείρον-

150 2091 192 2114 το,
207 2081 250 2108 διὰ
267 2080 346 2107 τοῦτο
358 2079 414 2109 τοῖς
429 2076 591 2106 ἐπισκόποις
608 2075 728 2109 ἑκάστης
750 2074 883 2109 ἐπαρχίας
897 2074 930 2099 τὰ

152 2129 214 2163 περὶ
226 2127 276 2161 τῆς
312 2116 367 2151 τῶν
401 2123 557 2150 ἐπισκόπων
588 2120 785 2150 καταστάσεως
816 2119 928 2163 ἀνετέθη

151 2174 324 2209 ψηφίσματα.
337 2171 450 2203 Ἐπάγει
469 2168 497 2194 δὲ
511 2169 524 2193 ὀ
537 2166 628 2193 κανὼν
645 2167 689 2192 καὶ
704 2166 777 2196 οἵους
798 2165 839 2190 δεῖ
853 2162 929 2199 ,εἶναι

1016 1581 1025 1597 ι
1044 1572 1232 1606 episcoporum
1240 1572 1353 1607 judicio,
1364 1572 1390 1598 in
1401 1572 1586 1600 ecclesiastico
1598 1574 1759 1608 magistratu

1016 1626 1025 1642 ‹
1044 1618 1229 1644 constituendi
1253 1623 1328 1649 sunt,
1353 1618 1398 1644 diu
1423 1618 1529 1652 probati
1552 1623 1580 1645 et
1604 1620 1632 1645 in
1654 1620 1759 1647 ratione

1018 1673 1028 1689 ο
1047 1664 1108 1692 ﬁdei
1124 1669 1151 1692 et
1167 1665 1194 1691 in
1212 1665 1280 1692 recti
1294 1665 1368 1692 verbi
1383 1665 1598 1692 disoensationc.
1620 1675 1629 1691 ι

1015 1754 1111 1781 BALS.
1133 1753 1258 1782 Prtesens
1283 1763 1392 1790 quoque
1409 1762 1498 1782 canon
1515 1756 1640 1790 prohibet
1655 1758 1762 1790 episeo-

980 1807 1029 1834 pos
1045 1807 1060 1826 a
1077 1800 1250 1828 multitudine
1264 1801 1346 1835 eligi;
1360 1805 1387 1828 et
1403 1809 1451 1828 eos
1468 1809 1482 1826 ιι
1502 1802 1719 1835 mctropolitauis
1734 1805 1761 1827 et

979 1846 1117 1879 episcopis
1132 1847 1263 1872 constitui
1285 1853 1412 1880 oportere
1430 1847 1565 1873 decernit.
1584 1847 1697 1874 l’robari
1710 1855 1762 1874 au-

980 1895 1035 1917 tem
1052 1899 1098 1918 eos
1112 1891 1187 1921 iubet
1199 1898 1225 1918 et
1242 1893 1268 1918 in
1285 1893 1421 1918 sententia
1437 1893 1503 1919 etin
1520 1893 1584 1919 vita.

1017 1977 1142 2004 ZDNAR.
1165 1978 1261 2013 Populi
1283 1979 1423 2012 sum'agiis
1449 1979 1513 2006 olim
1536 1979 1657 2014 episcopi
1680 1980 1762 2014 elige-

980 2025 1226 2052 banturzsedcunt
1242 2025 1333 2051 nntle
1348 2025 1410 2051 inde
1426 2025 1575 2052 seditiones
1586 2029 1761 2058 exsutcrent.

983 2071 1046 2097 hinc
1070 2071 1169 2097 factum
1193 2076 1246 2102 est,
1274 2076 1302 2096 ut
1324 2071 1517 2105 episcoporum
1544 2072 1762 2107 uniuscujusque

981 2117 1128 2151 provincia:
1156 2117 1322 2143 auctoritate
1350 2117 1412 2151 eligi
1439 2125 1598 2151 episcopum
1629 2125 1763 2152 quemque

982 2168 1107 2196 oportere
1118 2163 1302 2190 decreverint.
1325 2163 1426 2189 Deinde
1447 2170 1510 2188 vero
1529 2164 1624 2197 quales
1643 2171 1701 2194 eos.
1716 2165 1762 2198 qui

150 2222 214 2251 τοὺς
229 2220 268 2250 εἰς
296 2216 448 2249 ἐπισκοπὴν
475 2213 748 2248 προχειριζομένους,
764 2212 850 2246 ἤγουν
877 2210 926 2245 πρὴ

981 2209 1102 2243 episcopi
1116 2209 1226 2236 creandi
1245 2215 1319 2241 sum,
1343 2216 1403 2236 esse
1418 2209 1525 2240 deceat,
1542 2217 1630 2236 canon
1647 2210 1762 2244 subjun-

152 2266 249 2292 πολλοῦ
265 2262 508 2298 δεδοκιμασμένους
519 2261 547 2286 ἓν
559 2269 588 2285 τε
603 2259 641 2293 τῷ
654 2258 724 2292 λόγῳ
735 2258 783 2292 τῆς
800 2257 928 2287 πίστεως,

152 2313 291 2339 τουτέστιν
302 2309 388 2344 ὀρθῶς
401 2309 447 2334 καὶ
463 2306 547 2340 ὑγιῶς
561 2306 673 2340 ἔχοντας
686 2305 750 2339 περὶ
761 2304 810 2338 τὴν
827 2303 929 2335 πίστιν,

153 2359 170 2394 ἦ
183 2358 229 2384 καὶ
245 2356 343 2386 ἄλλως,
358 2355 417 2390 ῆτοι
442 2354 506 2388 περὶ
530 2353 574 2378 τὸν
593 2352 671 2385 λόγον
687 2352 735 2386 τῆς
751 2350 869 2380 πίστεως
884 2358 929 2383 γε·

151 2402 359 2437 γυμνασμένους
374 2399 421 2426 καὶ
437 2398 575 2432 δοκίμους.
594 2396 639 2430 Τῷ
660 2396 710 2430 μὲν
732 2395 786 2429 γὰρ
807 2394 931 2428 Τιμοθέῳ

154 2451 266 2484 γράφων
278 2449 292 2473 ὁ
308 2448 394 2482 μέγας
413 2443 689 2476 Παῦλος,διδακτικὸν
701 2440 771 2468 εἶναι
785 2441 842 2467 δεῖν
857 2440 930 2473 λέγει

152 2498 198 2524 τὸν
213 2494 366 2528 ἐπισκοπῆς
381 2492 556 2528 ὀρεγόμενον·
571 2490 610 2524 τῷ
624 2490 697 2523 Τίτῳ
712 2488 734 2514 δ’
753 2487 930 2518 ἐπιστέλλων,

153 2543 331 2577 ἀντεχόμενον
355 2539 402 2566 τοῦ
424 2538 495 2564 κατὰ
523 2536 633 2570 διδαχὴν
660 2534 757 2561 πιστοῦ
782 2534 872 2567 λόγου,
888 2533 931 2558 ἴνα

152 2590 262 2618 δυνατὸς
331 2586 377 2612 καὶ
414 2583 582 2619 παρακαλεῖν
603 2583 632 2607 ὲν
653 2583 685 2616 τῇ
712 2579 871 2613 διδασκαλίᾳ
897 2580 930 2613 τῇ

154 2634 323 2669 ὑγιαινούσῃ,
350 2632 396 2658 καὶ
410 2631 473 2661 τοὺς
492 2629 681 2662 ἀντιλέγοντας
707 2627 844 2660 ἐλέγχειν·
860 2624 932 2650 οὕτω

154 2681 204 2716 μὲν
221 2679 267 2707 οὖν
279 2680 349 2714 ἔχειν
365 2678 411 2704 τὸν
434 2674 586 2709 ἐπισκοπή;
610 2672 831 2708 προστησόμενον
849 2671 878 2696 ἐν
891 2670 930 2704 τῷ

153 2729 225 2762 λόγῳ
237 2727 286 2762 τῆς
308 2726 426 2755 πίστεως
452 2725 465 2748 ὁ
487 2721 578 2748 κανὼν
603 2720 794 2746 διατάττεται·
809 2718 838 2744 ἐν
853 2717 883 2743 δὲ
897 2717 930 2751 τῇ

154 2774 288 2807 πολιτείᾳ,
309 2772 392 2807 ἦγουν
413 2771 445 2804 τῇ
473 2768 519 2794 τοῦ
544 2767 601 2802 βίου
625 2766 758 2799 διαγωγῇ,
782 2764 930 2790 εὐθύτατον

154 2820 235 2852 εἶναι,
266 2820 302 2854 μὴ
331 2817 448 2846 σκολιὸν,
481 2815 517 2849 μὴ
547 2813 680 2847 πονηρίας
710 2811 826 2846 μεστὸν,
861 2810 930 2836 ἀλλὰ

155 2869 235 2895 κάκεῖ
267 2865 496 2899 δεδοκιμασμένον
532 2859 577 2886 καὶ
598 2857 755 2893 γνώριμον,
782 2858 822 2884 ὅτι
849 2857 931 2887 εὐθὺς

981 2255 1031 2289 git,
1045 2254 1124 2289 longo
1141 2262 1193 2281 usu
1217 2254 1343 2281 videlicet
1366 2255 1393 2280 in
1410 2254 1516 2281 ratione
1534 2254 1595 2282 ﬁdei
1621 2256 1762 2289 probatos.

980 2301 1033 2328 hoc
1043 2306 1095 2332 est,
1107 2301 1135 2327 in
1150 2300 1202 2327 lidc
1215 2308 1281 2327 Sana
1293 2305 1420 2335 rectaque
1436 2306 1604 2334 constantes,
1617 2303 1658 2329 vel
1673 2303 1762 2334 aliter,

981 2348 1008 2374 in
1024 2348 1057 2375 iis
1081 2355 1141 2382 quae
1164 2348 1196 2374 ad
1214 2347 1276 2374 ﬁdei
1297 2348 1429 2374 rationem
1452 2352 1575 2382 spectant
1599 2351 1763 2377 exercitatos

980 2399 1008 2420 et
1034 2395 1174 2428 probatos.
1200 2393 1315 2428 Magnus
1334 2401 1454 2428 namque
1480 2393 1582 2422 Paulus
1607 2395 1642 2422 ad
1668 2394 1762 2422 Timo-

981 2440 1074 2466 theum
1088 2439 1221 2470 scribens,
1237 2439 1284 2473 qui
1297 2439 1483 2474 episcopatum
1501 2440 1651 2472 desiderat,
1668 2446 1761 2474 aptum

981 2486 1090 2512 exteris
1101 2484 1260 2512 erudiendis
1274 2493 1335 2512 esse
1350 2490 1478 2520 oportere
1494 2487 1663 2520 pronuntiat.
1679 2487 1711 2513 Et
1725 2487 1759 2513 ad

982 2531 1073 2558 Titum
1093 2532 1229 2562 scribens,
1243 2532 1452 2566 amplectentern
1467 2540 1529 2559 eum
1547 2534 1593 2566 qui
1610 2523 1761 2559 secundum

981 2577 1133 2604 doctrinam
1155 2583 1197 2604 cst
1222 2578 1328 2604 tidelem
1354 2585 1521 2608 sermonem,
1548 2582 1577 2603 ut
1610 2582 1706 2611 potens
1728 2578 1764 2605 sit

981 2624 1118 2651 exhortari
1137 2624 1163 2649 in
1179 2631 1243 2650 sana
1255 2622 1392 2655 doctrina,
1408 2627 1436 2649 et
1451 2629 1498 2649 eos
1509 2622 1556 2656 qui
1569 2622 1763 2650 contradicunt

981 2678 1107 2705 arguere.
1120 2669 1251 2697 Aetatem
1266 2670 1376 2704 quidem
1392 2676 1452 2695 esse
1470 2675 1544 2700 eum,
1559 2668 1606 2702 qui
1617 2670 1762 2704 episcopus

981 2715 1115 2743 creandus
1139 2708 1191 2744 est.
1217 2715 1243 2741 in
1263 2715 1369 2741 ratione
1393 2714 1474 2743 ﬁdei,
1500 2720 1588 2740 canon
1603 2714 1682 2747 jubet
1703 2723 1711 2741 :
1732 2716 1762 2743 in

982 2762 1072 2796 politia
1088 2769 1163 2791 vero,
1175 2761 1227 2786 hoc
1237 2764 1290 2791 est,
1301 2759 1405 2785 ratione
1414 2764 1441 2786 et
1451 2759 1577 2786 instituto
1589 2759 1657 2792 νίιω,
1670 2761 1763 2788 rectis-

982 2807 1058 2834 simis
1071 2805 1199 2833 scnsibus
1209 2809 1331 2835 euntem,
1350 2811 1403 2831 non
1418 2813 1543 2838 pravutn,
1560 2813 1645 2840 neque
1657 2806 1761 2841 impro-

982 2855 1045 2881 bum
1059 2862 1067 2886 ;
1084 2852 1130 2880 sed
1146 2852 1188 2878 hic
1202 2858 1311 2885 quoque
1327 2852 1403 2878 bona:
1421 2855 1490 2879 notzc
1503 2859 1534 2880 ac
1554 2856 1679 2887 spectatae
1697 2861 1762 2887 pro-
