1938 3085
119 114 194 146 1365

695 113 736 144 IN
751 113 833 143 CAN.
849 111 916 143 XVI
932 112 1036 145 CONC.
1070 115 1180 146 LAOD.

1664 114 1732 148 1366

158 171 256 199 ΒᾹΛΣ.
273 170 328 198 Καὶ
343 166 421 203 οὗτος
439 172 453 198 ὁ
472 180 562 198 κανων
576 171 752 205 διορθωτικός
768 172 828 198 ἐστι
848 179 897 198 πα-

989 173 1087 201 BALS.
1101 174 1150 201 llic
1160 181 1267 209 quoque
1287 180 1375 203 canon
1398 176 1516 201 veterem
1529 172 1672 208 quemdam
1691 173 1733 199 in-

115 219 198 244 λαιοῦ
210 227 281 249 τινος
292 217 371 248 ἔθους
379 218 507 246 ἀτάκτου.
526 218 653 244 Φαίνεται
670 219 723 253 γὰρ
737 217 775 249 ὥς
789 226 863 250 τινες
874 217 904 252 ἐξ

117 264 275 298 ὑπεροψίας
297 263 380 299 εὐχὰς
401 263 586 298 συντιθέμενοι
613 264 654 294 tl;
679 264 729 295 τὰς
757 263 904 299 ἐσπερινὰς

119 309 259 343 ὑμνῳδίας
272 310 319 336 καὶ
335 309 516 343 ἀνεγίνωσκον
542 309 643 341 αὑτάς·
663 309 710 336 καὶ
733 309 902 344 αἰτιώμενοι,

119 354 217 388 ἔλεγον
232 355 316 390 μηδέν
329 363 357 381 τι
377 354 488 386 ἀπεικὸς
504 356 603 385 ποιεῖν,
619 355 687 390 μηδὲ
702 355 841 390 παραλύειν
855 355 904 386 τὰς

119 402 200 434 παρὰ
219 400 274 426 τῶν
288 400 420 434 Πατέρων
435 400 581 435 δεδομένας
596 401 688 435 εὐχάς.
699 425 702 427 .
713 401 831 428 Ἐκεῖναι
854 401 904 436 μὲν

120 446 178 480 γὰρ
193 445 294 477 εἰςτὰς
320 446 433 477 ἑννάτας
462 445 641 481 ἐτυπώθησαν
665 447 799 480 γίνεσθαι,
826 447 854 473 αἱ
874 446 904 474 δὲ

120 493 190 526 παρ’
206 491 296 518 αὐτῶν
317 489 455 526 γεγονυῖαι
474 493 514 524 εἰς
532 492 582 524 τὰς
596 493 741 524 ἐσπερινὰς
767 493 904 528 ὑμνῳδὶας

120 538 318 572 ὲκφωνοῦνται.
333 538 418 564 Φασὶν
431 538 478 565 οὖν
494 539 615 573 Πατέρες
642 539 737 573 ἀρκεῖν
751 539 799 570 τὰς
815 547 906 573 παραν·

120 583 269 617 δεδομένας
282 584 363 620 εὐχὰς
377 584 425 611 καὶ
439 585 468 611 ὲν
489 586 548 616 ταῖς
575 585 697 616 ἐννάταις
712 585 760 612 καὶ
782 587 811 612 ἐν
843 586 904 617 ταῖς

121 630 256 664 ἑσπέραις
269 630 317 656 καὶ
329 632 358 657 ὲν
372 631 473 662 πάσαις
488 631 580 662 ἁπλῶς
593 631 672 657 τοῦτο
690 631 818 664 συνάξεσι
830 640 838 648 υ
857 631 904 658 καὶ

121 676 161 712 μὴ
178 676 250 711 ἔχειν
263 678 357 704 ἄδειαν
385 679 432 704 τὸν
452 678 613 713 βουλόμενον
639 679 722 714 εὐχὰς
754 679 902 707 συτιθέναι.

155 722 277 750 ΖΩΝΔΡ.
299 724 330 749 Ὀ
343 723 464 755 εἰκοστὸς
477 725 566 759 τρίτος
576 725 625 756 τῆς
632 725 660 751 ἐν
671 725 831 760 Καρθαγένῃ
842 734 903 752 συν-

120 768 184 795 όδου
201 777 261 794 καν.
280 768 464 805 διατάττεται,
481 770 510 796 ὲν
529 771 587 800 ταῖς
609 771 726 801 ἱκεσίαις
751 771 801 803 τὰς
821 779 902 798 κεκυ-

120 813 248 847 ρωμένας
264 814 339 848 παρὰ
354 814 403 847 τῆς
415 814 523 840 συνόδου
537 815 620 848 εὐχὰς
638 815 713 849 παρᾶ
737 816 846 843 πάντων
858 816 903 843 λέ-

117 859 228 891 γεσθαι,
246 859 292 885 καὶ
308 860 346 894 μὴ
360 860 420 891 νέας
436 860 530 891 ἄλλας.
551 860 636 886 Τοῦτο
648 861 694 887 οὖν
713 862 785 888 ἔοικε
809 863 857 888 καὶ
887 864 902 890 ὁ

117 904 215 938 παρὼν
231 905 321 931 κανὼν
336 905 538 936 διατάττεσθαι,
551 906 581 932 τὺ
606 906 644 940 μὴ
667 906 713 932 τὸν
739 907 902 942 βουλόμενον

115 950 219 986 δηλαδὴ
240 951 321 985 εὐχὰς
335 951 403 983 ἰδίας
425 951 598 983 συντιθέναι,
613 952 660 978 καὶ
685 953 785 984 ταύτας
809 954 901 987 λέγειν

116 997 148 1023 ἔν
164 998 223 1028 ταῖς
242 997 394 1030 συνάξεειν,
422 998 490 1024 ἀλλὰ
512 998 562 1030 τὰς
583 999 668 1030 αὑτὰς
695 1000 790 1034 εὐχὰς,
816 1001 901 1035 ἦγουν

116 1043 168 1073 τὰς
184 1042 233 1077 ἤδη
247 1044 478 1078 παραδεδομένας,
502 1044 628 1077 γίνεσθαι
654 1045 685 1070 ἐν
715 1045 788 1080 πάσῃ
816 1047 898 1073 συνά-

116 1087 170 1120 ξει.
823 1113 828 1117 .

114 1135 229 1163 ΔΡΙΣΤ.
263 1146 273 1162 ι
299 1136 439 1169 Ἐννοὶταις
458 1138 504 1164 καὶ
520 1138 652 1173 ἑσπέραις
668 1140 696 1164 αἱ
722 1138 804 1165 αὑταὶ
819 1139 899 1174 εὐχαὶ

379 1184 616 1211 ὲπιτελείσθωσαν.
623 1194 632 1209 ι

132 1224 134 1226 ’
153 1227 233 1263 Παρὰ
247 1229 296 1259 τὰς
316 1229 512 1264 κεκυρωμένας
527 1230 609 1264 εὐχὰς
621 1231 668 1256 καὶ
692 1231 725 1257 τὰ
759 1240 898 1259 κεκανονι-

116 1273 205 1306 νμένσι
222 1273 312 1308 βιϐλία
327 1275 357 1300 οὐ
372 1275 412 1300 δεῖ
422 1275 502 1310 εὐχὰς
520 1276 603 1307 ἄλλας
616 1276 631 1311 ἢ
645 1277 770 1310 ψαλμοὺς
799 1279 898 1305 ίδιωτι-

115 1319 181 1350 κοὺς
195 1319 358 1354 ἢλέγεσθαι,
376 1321 391 1354 ἦ
407 1321 555 1355 cliti).st“
568 1331 574 1338 -
589 1322 655 1348 ἀλλὰ
669 1322 717 1354 τὰς
740 1324 826 1354 αὑτὰς
854 1325 898 1350 εὐ-

114 1365 166 1400 χὰς
180 1366 222 1391 ἀεὶ
237 1367 419 1393 ἐπιτελεῖσθαι
435 1369 481 1394 καὶ
499 1369 528 1394 ἐν
543 1368 666 1410 ἐννὰταις
694 1371 742 1396 καὶ
770 1372 799 1396 ὲν
813 1371 896 1397 ἐσπέ-

116 1418 188 1446 ραις.

415 1459 532 1486 ΚΔΝΩΝ
544 1461 593 1486 ΙΘ’.

954 220 1107 248 ordinatum
1123 227 1225 247 morem
1243 220 1366 253 corrigit.
1390 219 1504 252 Quidam
1526 219 1597 246 enim
1625 222 1735 253 propter

955 265 1158 298 arrogantiam,
1177 270 1206 291 ut
1229 265 1353 296 videtur,
1379 264 1406 290 in
1431 263 1597 297 vespertinus
1623 262 1733 298 hymnos

955 318 1048 345 preces
1065 315 1256 344 componentes
1284 317 1331 337 eas
1351 309 1496 343 legebant:
1512 313 1538 335 et
1558 315 1616 335 cmn
1643 314 1732 342 repre-

955 357 1152 387 bendehantur,
1167 363 1196 383 se
1208 355 1275 382 nihil
1290 356 1435 382 absurdum
1454 354 1605 382 alienumve
1622 353 1709 380 facere
1725 371 1732 383 .

955 409 1006 429 nec
1019 410 1033 428 τι
1049 401 1174 429 Patribus
1189 401 1265 429 datas
1280 401 1418 428 orationes
1433 400 1580 427 dissolvere
1601 399 1734 426 dicebant.

955 447 1008 475 ιιιεε
1022 448 1094 474 enim
1108 448 1133 474 in
1149 447 1227 474 nonis
1245 447 1301 474 neri
1316 447 1397 481 iussa:
1415 451 1478 473 sunt
1492 454 1501 472 ι
1517 452 1576 480 quae
1592 449 1681 471 autem
1701 444 1734 470 ab

956 494 1022 527 ipsis
1036 493 1112 520 facite
1123 498 1195 526 sunt,
1212 494 1239 520 in
1254 493 1417 527 vespertinis
1432 492 1540 527 hymnis
1553 490 1734 524 proferuntur.

956 539 1051 566 Dicunt
1065 546 1128 571 ergo
1142 539 1245 569 Patres.
1261 538 1385 565 sufﬁt-ere
1397 545 1501 572 preces,
1519 545 1578 571 quae
1602 541 1664 564 sunt
1681 541 1734 562 tra-

954 586 1027 617 d’ttze,
1044 590 1071 613 et
1085 586 1111 613 iu
1131 586 1206 612 nonis
1220 590 1247 611 et
1264 586 1288 611 in
1311 585 1440 618 resperis.
1460 589 1487 610 et
1508 584 1532 610 in
1546 582 1683 613 omnibus.
1707 586 1735 609 ut

954 631 1036 658 semel
1051 632 1150 662 dicam,
1163 630 1417 663 congregationibus
1437 639 1444 656 :
1464 637 1512 656 nec
1529 629 1610 656 lit-ere
1619 628 1644 655 el
1658 646 1666 661 ,
1689 626 1735 662 qui

953 678 1028 708 velit,
1042 685 1136 708 preces
1149 683 1321 710 componere.

989 722 1114 751 ZONAR.
1128 723 1164 750 Ut.
1175 723 1200 749 in
1217 721 1456 759 supplicationibus
1485 720 1602 754 probata!
1617 724 1733 746 tantum-

954 770 1033 796 modo
1045 776 1093 803 per
1108 768 1202 803 synodi
1219 768 1398 801 precationes,
1408 767 1516 801 rejectis
1533 765 1592 792 aliis
1608 765 1692 795 novis,
1702 765 1735 790 ab

953 815 1078 842 omnibus
1093 813 1282 845 adhibeantur,
1294 812 1516 847 Carthagineusis
1526 811 1620 846 synodi
1633 818 1735 838 canone

952 861 987 888 25
1001 861 1178 888 constitutum
1191 865 1243 887 est.
1259 859 1331 887 ldem
1348 860 1399 886 hoc
1409 865 1516 894 quoque
1530 864 1634 884 canone
1645 857 1736 884 decre-

952 911 1009 934 tum
1027 907 1140 938 videtur,
1161 914 1192 934 ac
1211 913 1243 933 ne
1269 906 1382 933 cuilibet
1406 913 1453 940 pro
1483 904 1594 932 arbitrio
1609 903 1737 930 formulas

952 961 1060 986 precum
1077 957 1230 984 contexere,
1256 960 1355 986 easque
1375 952 1402 979 in
1431 951 1546 985 publicis
1561 949 1736 978 conventibus

952 999 1067 1026 recitare
1084 999 1183 1031 liceat;
1200 998 1245 1025 sed
1262 999 1382 1029 easdem,
1397 998 1447 1024 hoc
1461 1001 1514 1028 est,
1530 997 1654 1024 diuturna
1671 1003 1736 1021 con-

950 1045 1093 1073 suetudine
1105 1050 1258 1078 usurpatas,
1279 1044 1304 1070 in
1316 1051 1479 1078 quocunque
1492 1046 1626 1073 conventu
1639 1049 1733 1068 omnes

951 1091 1093 1123 retineant,
1109 1091 1258 1118 definitum.

949 1136 1063 1164 ARIST.
1083 1146 1092 1162 ι
1108 1136 1192 1164 Nonis
1210 1144 1241 1164 ac
1254 1137 1374 1170 vcsperis
1405 1135 1505 1163 eaedem
1538 1142 1633 1170 preces
1657 1142 1736 1169 pera-

1271 1190 1280 1207 ι
1295 1186 1402 1215 gantur.
1421 1190 1430 1207 ι

984 1228 1086 1255 Praeter
1100 1235 1195 1262 preces
1208 1227 1371 1255 auctoritate
1384 1226 1586 1260 comprobatus,
1600 1231 1628 1253 et
1649 1226 1734 1254 libros

949 1274 1080 1302 canonice
1104 1275 1247 1304 sancitos,
1277 1281 1328 1300 non
1352 1278 1458 1308 oportet
1487 1273 1554 1299 alias
1574 1280 1668 1306 preces
1691 1273 1733 1300 vel

948 1319 1066 1354 psalmos
1081 1319 1212 1354 privatos,
1226 1319 1266 1346 vel
1282 1319 1369 1353 legere
1390 1318 1431 1344 vel
1453 1318 1579 1352 psallere,
1602 1318 1652 1346 sed
1670 1325 1732 1345 eas-

949 1368 1009 1394 dem
1025 1362 1119 1400 preces
1132 1372 1239 1400 semper
1256 1371 1395 1399 peragere,
1421 1368 1449 1392 et
1465 1364 1490 1391 ἰιι
1510 1364 1588 1400 nonis
1605 1369 1633 1391 et
1645 1365 1670 1391 itt
1687 1371 1732 1391 ve-

949 1413 1045 1447 speris.
1188 1433 1191 1435 ›
1553 1412 1556 1414 ’

1026 1465 1029 1467 ‘
1238 1458 1353 1486 CANON
1370 1458 1442 1486 XIX.

119 1503 213 1538 rlIspi
232 1503 278 1530 τοῦ
294 1504 349 1530 δεῖν
366 1504 418 1540 ὶδιᾳ
434 1505 541 1538 πρῶτον
569 1507 637 1541 μετὰ
652 1507 701 1538 τὰς
717 1507 826 1542 ὁμιλίας
841 1509 896 1536 τῶν

959 1515 961 1532 ι
979 1505 1055 1540 Quod
1065 1509 1170 1541 oportet
1186 1512 1308 1533 seorsum
1329 1505 1456 1539 primum,
1472 1509 1534 1539 post
1544 1503 1730 1538 episcoporum

155 1557 164 1573 ι
182 1549 340 1576 ἐπισκόπων
355 1550 402 1576 καὶ
421 1550 475 1577 τῶν
495 1552 705 1586 κατηχουμένων
728 1553 811 1589 εὐχὴν
836 1554 896 1580 ἑπι-

154 1603 164 1620 ι
181 1594 328 1628 τελεῖσθαι,
344 1596 391 1622 καὶ
409 1597 477 1630 μετὰ
505 1597 535 1623 τὸ
558 1598 676 1629 ἐξελθεῖν
689 1619 696 1631 ,
717 1600 782 1631 τοὺς
808 1609 896 1636 κατη-

154 1650 164 1667 ι
180 1643 329 1676 χουμὲνους
344 1642 398 1669 τῶν
416 1643 446 1669 ὲν
462 1644 592 1679 μετανοίᾳ
607 1644 655 1680 τὴν
669 1645 751 1680 εὐχὴν
760 1646 892 1680 γίνεσθαι,

154 1697 164 1713 ι
181 1688 229 1714 καὶ
239 1688 342 1715 τούτων
357 1689 561 1724 προσελθόντων
587 1690 638 1717 ὑπὸ
658 1693 738 1726 χεῖρα
755 1693 801 1719 καὶ¹
829 1693 895 1720 ὐπο-

154 1743 164 1759 ι
182 1735 373 1769 χωρησάντων,
394 1734 465 1761 οὕτω
491 1735 544 1761 τῶν
576 1736 680 1763 πιστῶν
695 1737 743 1769 τὰς
759 1739 841 1773 εὐχὰς
853 1740 895 1774 γί-

154 1789 163 1805 ι
185 1780 278 1807 νεσθαι
296 1782 370 1816 τρεῖς
383 1801 391 1812 ,
411 1780 474 1816 μίαν
491 1781 540 1815 μὲν
556 1782 605 1816 τὴν
627 1783 740 1819 πρώτην
764 1784 806 1811 διὰ
832 1794 896 1812 σιω-

152 1833 162 1848 (
182 1824 244 1858 πῆς,
263 1824 312 1859 τὴν
323 1825 355 1851 δὲ,
368 1825 499 1860 δευτέραν
519 1827 566 1853 καὶ
580 1827 673 1861 τρίτην
693 1828 736 1854 διὰ
767 1828 895 1865 προσφιοὶ

151 1880 160 1896 ι
179 1872 282 1904 νήσεως
318 1871 500 1906 πληροῦσθαι*
518 1869 569 1897 εἷθ’
598 1872 668 1900 οὕτω
697 1874 746 1909 τὴν
783 1877 896 1912 εἰρήνην

153 1925 161 1942 ι
179 1916 308 1944 δίδοσθαι.
325 1918 380 1944 Καὶ
393 1918 461 1952 μετὰ
472 1918 502 1944 τὺ
516 1918 718 1954 πρεσϐυτέρους
740 1921 832 1949 δοῦναι
856 1924 895 1957 τῷ

152 1970 161 1986 ι
178 1961 321 1997 ὲπισκόπῳ
333 1962 383 1996 τὴν
402 1962 524 1997 εἰρήνην,
547 1963 608 1989 τότε
624 1966 687 1995 τοὺς
710 1965 823 1998 λαῖκοὺς
846 1968 895 2002 τὴν

154 2016 163 2033 ι
182 2009 294 2043 εἰρήνην
311 2008 422 2040 διδόναι.
438 2010 484 2036 καὶ
499 2010 570 2037 οὕτω
588 2011 637 2046 τὴν
665 2012 744 2045 ἁγίαν
773 2021 895 2048 προσφο-

154 2063 164 2080 ‹
182 2055 240 2089 ράν
255 2055 448 2082 ἐπιτελεῖσθαι.
473 2056 528 2083 Καὶ
556 2057 649 2092 μόνοις
676 2058 735 2091 ἐξὸν
750 2057 820 2086 εἶναι
839 2061 896 2092 τοῖς

153 2101 328 2136 «ἱερατικοῖς
359 2100 472 2128 εἰσιέναι
489 2103 529 2134 εἰς
557 2103 587 2128 rb
615 2103 820 2140 θυσιαστήριον,
847 2106 896 2133 καὶ

153 2157 161 2174 ι
178 2149 328 2176 κοινωνεῖν.
345 2157 354 2174 ι

156 2194 254 2220 ΒΑΛΣ.
272 2195 480 2230 Κατηχούμενοι
507 2195 557 2230 μὲν
584 2195 708 2230 λέγονται
725 2206 748 2223 οι
770 2198 837 2233 πρὸς
865 2200 895 2225 τὸ

120 2239 256 2274 βάπτισμα
281 2241 496 2275 ὲτοιμαζόμενοι,
520 2242 564 2268 Ἐν
595 2242 725 2278 μετανοίᾳ
741 2243 770 2269 δέ
785 2244 853 2271 εἰσιν
870 2245 894 2271 οῖ

119 2284 160 2310 διά
187 2293 248 2310 τινα
271 2285 457 2319 ἁμαρτήματα
485 2287 695 2322 ὲτιιτιμηθὲντες
733 2289 835 2321 πιστοὶ,
869 2291 893 2316 oi

120 2329 271 2364 ἀξιούμενοι
291 2330 336 2356 καὶ
350 2332 399 2363 τῆς
415 2331 496 2364 ἁγίας
525 2333 716 2367 μεταλήψεως.
746 2334 896 2368 Καταλαμ-

121 2374 227 2402 ϐάνεται
243 2374 288 2401 οὖν
300 2375 338 2406 ὡς
359 2375 433 2411 eum
446 2385 488 2408 τις
515 2377 660 2404 ἀκολουθία
687 2378 797 2413 ἐκράτει
825 2379 894 2405 κατὰ

121 2422 162 2448 τὸν
179 2422 240 2448 τότε
256 2421 352 2457 καιρὸν
372 2422 400 2447 ὲν
422 2423 455 2457 τῇ
476 2422 536 2458 θείᾳ
561 2423 759 2460 ἱεροτελεστίᾳ⁶
777 2425 823 2452 καὶ
850 2425 894 2452 διὰ

121 2467 193 2494 τοῦτο
208 2467 360 2501 οῖῐῙατὲρες
377 2467 481 2503 ὥρισαν
496 2469 529 2495 τὰ
545 2469 671 2496 ἐνταυθοῖ
685 2471 892 2498 κανονισθέντα.

126 2512 197 2538 Ἐπεὶ
212 2512 239 2539 δὲ
260 2513 380 2547 σήμερον
395 2514 435 2544 εἷς
450 2513 534 2548 ἄλλην
551 2514 712 2542 ἀκολουθίαν
744 2516 894 2549 μετέπεσον

123 2558 210 2591 ταῦτα,
226 2559 256 2585 οὐ
271 2559 323 2594 χρὴ
335 2559 397 2594 περὶ
412 2559 524 2586 ἐκείνων
551 2560 724 2599 ἑρμηνεύειν.
739 2561 840 2595 Είρήνη
865 2561 894 2588 δὲ

123 2603 200 2637 ινὲσον
213 2603 267 2630 τῶν
280 2604 436 2630 ἐπισκόπων
450 2603 573 2638 γίνεσθαι
594 2605 638 2632 διὰ
649 2606 707 2632 -τοῦ
732 2606 891 2641 ἀσπασμοῦ.

127 2649 242 2684 Ἀγάπης
256 2650 309 2684 γὰρ
324 2649 457 2684 σύμὸολόν
476 2650 549 2676 ἐστιν
576 2651 590 2676 ὁ
611 2651 767 2686 ἀσπασμός.
798 2653 837 2686 Τῇ
865 2652 893 2679 δὲ

122 2692 209 2727 ἀγάπῃ
226 2693 255 2718 τδ
275 2693 428 2726 εἰρηνεύειν
451 2693 592 2728 ἑπόμενον.
625 2695 782 2730 Σημείωσαι
808 2697 836 2723 δὲ
852 2697 893 2724 ὅτι

123 2737 166 2763 καὶ
185 2737 239 2764 ἀπὸ
254 2737 300 2764 τοῦ
317 2739 451 2773 παρόντος
477 2741 588 2772 κανόνος
619 2741 710 2775 μόνοις
738 2743 794 2774 τοῖς
815 2743 893 2778 ἱερω-

125 2784 208 2817 μένοις
231 2784 334 2817 ἐφεῖται
364 2785 438 2816 ἐντὸς
459 2785 505 2810 τοῦ
525 2785 716 2821 θυσιαστηρίου
738 2790 887 2815 κοινωνεῖν.

125 2829 183 2862 Περὶ
197 2829 223 2855 δὲ
235 2829 282 2856 τοῦ
301 2831 337 2864 μὴ
350 2831 461 2857 εἰσιέναι
478 2831 589 2862 λαῖκοὺς
619 2833 659 2864 εἰς
686 2833 716 2859 τὸ
741 2833 890 2869 θυσιαστή-

989 1561 999 1578 ι
1017 1559 1168 1585 sermones,
1185 1551 1440 1578 catecbttmenorum
1452 1550 1600 1576 orationem
1619 1548 1709 1583 peragi
1721 1567 1729 1579 ,

984 1608 996 1626 ι
1015 1604 1043 1627 et
1059 1603 1199 1640 postquam
1215 1599 1330 1626 exierint
1346 1596 1545 1627 catechumeni,
1564 1602 1669 1626 eorum.
1684 1593 1729 1628 qui
1769 1603 1772 1606 ‘

984 1655 995 1672 ‹
1012 1646 1197 1681 paenitentiam
1213 1649 1306 1679 agunt,
1326 1644 1383 1670 ﬁeri
1403 1644 1552 1670 orationem
1566 1663 1574 1674 ,
1591 1647 1618 1670 et
1637 1648 1696 1668 cum
1712 1640 1729 1667 ii

985 1703 993 1719 ι
1015 1693 1064 1720 sub
1085 1700 1192 1719 manum
1206 1683 1370 1718 accesserint
1385 1695 1411 1717 et
1427 1689 1597 1719 secesserint,
1625 1692 1680 1714 tres
1698 1686 1730 1713 ii-

985 1748 994 1764 ι
1010 1738 1108 1764 delium
1124 1744 1219 1772 preces
1234 1737 1274 1763 sic
1289 1736 1348 1763 ﬁeri
1364 1744 1372 1768 ;
1399 1742 1478 1762 unam
1494 1733 1614 1768 quidem,
1625 1732 1729 1759 scilicet

986 1794 996 1810 ‹
1015 1785 1140 1818 primam.
1157 1782 1280 1815 silentio;
1299 1781 1443 1808 secundant
1461 1785 1550 1807 autem
1571 1784 1598 1806 et
1619 1779 1726 1805 tertiam

983 1840 993 1856 ι
1011 1829 1230 1864 pronuntiatione
1248 1828 1370 1862 impleri;
1388 1827 1484 1854 deinde
1494 1827 1533 1853 sic
1550 1831 1641 1860 paCetn
1659 1825 1727 1852 dari.

983 1886 992 1902 ι
1011 1875 1042 1902 Et
1056 1881 1230 1910 posteaquam
1246 1873 1394 1907 presbyteri
1408 1872 1534 1906 episcopo
1543 1878 1634 1905 pacem
1648 1870 1729 1897 dede-

986 1931 995 1946 ι
1016 1922 1080 1953 rint,
1098 1926 1159 1946 tunc
1173 1919 1257 1946 laicus
1275 1918 1355 1945 etiam
1373 1925 1466 1951 pacem
1484 1917 1559 1946 dare,
1577 1921 1603 1942 et
1615 1915 1653 1942 sic
1667 1922 1729 1941 san-

984 1975 993 1992 t
1011 1971 1081 1993 clam
1094 1965 1256 1992 oblationem
1274 1963 1374 1997 perﬁci.
1391 1960 1424 1989 Et
1442 1963 1507 1989 solis
1519 1962 1600 1988 licere
1615 1961 1728 1987 sacratis

984 2021 994 2038 ι
1015 2013 1048 2039 ad
1060 2012 1145 2039 altare
1159 2011 1290 2038 accedere
1307 2014 1334 2036 et
1346 2008 1557 2036 communicare.
1573 2015 1583 2032 ι

909 2184 936 2214 D
984 2195 1080 2223 BALS.
1096 2195 1286 2223 Catechumeni
1301 2195 1439 2227 dicuntur,
1453 2194 1499 2230 qui
1513 2194 1545 2221 ad
1565 2194 1726 2227 baptismum

948 2248 1144 2276 pra'parantur.
1159 2241 1187 2268 lu
1205 2241 1361 2276 pmnitenlia
1381 2245 1445 2268 sunt
1471 2247 1516 2267 seu
1543 2241 1728 2274 paenitentiam

948 2293 1030 2323 agunt
1049 2288 1151 2320 ﬁdeles,
1168 2289 1265 2322 quibus
1280 2288 1314 2315 ob
1331 2292 1439 2322 peccata
1465 2287 1553 2321 aliqua
1578 2294 1657 2321 paena
1686 2287 1729 2315 in-

945 2334 1034 2368 juncta
1062 2340 1114 2365 est.
1141 2335 1186 2368 qui
1213 2335 1293 2361 etiam
1322 2339 1414 2360 sancta
1439 2334 1627 2360 communione
1654 2333 1725 2368 digni

947 2378 1091 2406 habentur.
1104 2378 1244 2413 Colligitur
1259 2386 1334 2414 ergo,
1349 2379 1420 2413 quod
1447 2379 1500 2405 alia
1525 2379 1646 2413 quaedam
1670 2383 1726 2405 erat

947 2425 1136 2460 consequentia
1151 2425 1177 2451 in
1193 2432 1269 2452 sacro
1287 2425 1379 2452 divino
1397 2425 1525 2460 mysterio
1548 2432 1580 2452 eo
1595 2430 1725 2458 tempore,

947 2475 974 2498 ot
991 2475 1130 2505 propterea
1144 2475 1294 2498 statuerunt
1304 2479 1409 2506 quoque
1425 2471 1518 2499 Patres
1534 2479 1593 2505 quae
1604 2471 1647 2497 hic
1661 2477 1726 2497 con-

947 2519 1038 2545 stituta
1056 2522 1127 2545 sunt.
1142 2518 1274 2551 Quoniam
1299 2521 1388 2545 autem
1413 2518 1469 2545 haec
1480 2517 1513 2544 ad
1529 2517 1608 2543 aliam
1631 2523 1726 2543 conse-

947 2561 1085 2595 quentiam
1098 2569 1167 2588 nunc
1177 2562 1279 2588 dierum
1294 2563 1469 2592 devenerunt,
1478 2568 1508 2587 ea
1526 2560 1724 2593 interpretanda

948 2615 998 2634 non
1019 2612 1090 2636 sunt.
1105 2607 1161 2635 Pax
1174 2613 1262 2635 autem
1278 2609 1307 2634 tit
1321 2608 1391 2634 inter
1409 2606 1549 2640 episcopos
1563 2614 1610 2640 per
1622 2605 1724 2633 saluta-

946 2653 1044 2680 tionem
1058 2660 1105 2680 seu
1120 2654 1283 2688 amplexum.
1307 2651 1462 2684 Dilectionis
1482 2651 1554 2678 enim
1569 2651 1673 2686 signum
1686 2657 1726 2678 est

946 2699 1071 2726 salutatio
1082 2704 1110 2726 et
1125 2699 1288 2733 complexus.
1303 2697 1445 2724 Dilectioni
1470 2701 1558 2723 autem
1586 2696 1724 2731 paciﬁcum

945 2752 1006 2772 esse
1019 2749 1060 2772 est
1071 2751 1248 2778 consequens.
1265 2742 1331 2770 Nota
1359 2747 1459 2775 autem,
1474 2741 1544 2777 quod
1556 2749 1588 2769 ex
1601 2743 1724 2776 prmseuti

944 2797 1048 2818 canone
1062 2789 1126 2817 solis
1138 2788 1252 2816 sacratis
1267 2788 1431 2822 permittitur
1443 2788 1476 2814 ad
1498 2787 1583 2814 altare
1602 2794 1724 2815 commu-

947 2836 1046 2863 nicare.
1063 2833 1140 2866 Quod
1151 2837 1240 2860 autem
1255 2840 1307 2860 non
1321 2832 1435 2860 debeant
1450 2832 1508 2859 laici
1526 2832 1557 2859 ad
1578 2832 1662 2860 altare
1683 2833 1724 2860 in-
