1938 3085
126 129 194 164 1369

91 186 94 189 ’
412 188 531 216 ΚΔΝΩΝ
544 190 610 218 KA’.

130 252 146 269 σι
159 245 219 272 ’Ὁτι
236 246 265 272 οὔ
280 246 320 273 δεῖ
334 247 475 282 ὑπηρέτας
490 248 563 283 ἔχειν
587 245 725 284 χώραν’ἐν
755 249 794 283 τῷ
818 250 911 276 διακο-

202 300 212 316 ι
227 291 304 326 νικῷ,
326 293 373 319 καὶ
385 293 518 320 ἅπτεσθαι
529 294 584 321 τῶν
598 294 678 329 ἱερῶν
694 296 809 322 σκευῶν.
827 305 836 320 ›

166 349 263 375 ΒᾹΛΣ.
284 348 438 385 ’Υπηρέται
452 351 578 384 λέγονται
595 348 620 377 οἱ
634 351 820 378 ὐποδιάκονοι.
842 351 910 378 Τού-

129 403 191 425 τους
207 394 253 420 οὖν
269 395 367 422 κωλύει
385 396 398 422 ὁ
427 396 517 422 κανὼν
542 397 574 423 τὰ
592 397 647 424 τῶν
671 398 802 424 διακόνων
827 407 910 432 μετα-

129 439 309 474 γειρίζεσθαι,
327 442 410 476 ἤγουν
436 442 571 469 ἅπτεσθαι
598 443 653 469 τῶν
680 444 761 479 ιερῶν
793 444 909 477 σκευῶν,

129 485 252 512 τουτέστι
277 486 324 512 τοῦ
351 487 477 520 σώματος
492 489 538 515 καὶ
566 489 680 523 αἳματος
708 489 756 516 τοῦ
779 490 909 525 Χριστοῦ.

130 532 206 565 Μηδὲ
218 531 272 566 γὰρ
283 533 363 568 εἴπῃς
378 533 415 567 μὴ
429 534 549 567 ὀφείλειν
569 535 680 566 τούτους
697 535 831 562 ἅπτεσθαι
858 536 911 562 τῶν

132 577 213 611 ἱερῶν
229 578 345 611 σκευῶν,
370 579 439 614 ἢτοι·
456 580 503 606 τοῦ
531 581 609 614 ἁγίου
633 582 763 617 ποτηρίου
786 586 834 609 καὶ
862 583 909 610 τοῦ

131 625 210 658 ἁγίου
232 626 336 656 δίσκου,
374 627 460 653 κενῶν
497 627 592 654 ὄντων.
623 629 720 660 Αὑτοῖς
738 630 792 664 γὰρ
811 629 912 664 μᾶλλον

131 673 220 699 οἰκεία
249 673 323 699 ἐστὶν
347 674 362 707 ἡ
382 673 486 700 τούτων
524 674 660 709 ὑπηρεσία
681 675 697 710 ἢ
724 675 772 701 καὶ
796 675 912 709 μετάθε-

133 727 186 750 σις.

169 775 289 804 ΖΩΝΑΡ.
309 776 466 811 ’Υπηρέτις
504 778 568 809 τοὺς
609 779 801 811 ὑποδιακόνους
826 779 911 813 λέγει.

132 820 178 853 οὒς
197 821 235 848 οὑν
249 821 313 857 χρὴ,
334 823 415 856 φησιν
440 823 453 848 ὸ
474 823 575 856 κανὼν,
606 824 698 860 χώραν
720 825 793 859 ἔχειν
819 825 848 851 ἐν
874 825 912 859 τῷ

133 867 289 902 διακονικῷ,
303 869 363 894 ἀντὶ
375 869 434 899 τοῦ.
457 870 505 895 οὐκ
517 869 708 905 ἐκκεχώρηται
730 869 822 901 αὐτοῖς
833 870 910 904 ἐνερ-
927 864 949 892 Β

135 915 190 947 γεῖν
206 914 240 940 τὰ
260 914 314 944 τῶν
341 915 482 947 διακόνων,
507 916 555 942 καὶ
578 916 712 943 ἅπτεσθαι
736 917 790 943 τῶν
820 916 910 950 ἱερῶν,

134 959 206 994 ἢτοῦ
225 959 309 994 ἄρτου
325 961 372 986 καὶ
386 961 434 987 τοῦ
452 961 536 994 οῐνου,
557 962 611 999 τῶν
626 961 665 993 είς
681 961 776 988 ουσίαν
792 969 913 996 προσφε-

135 1005 267 1040 ρομένων,
291 1005 310 1039 ἦ
324 1005 378 1032 τῶν
400 1005 552 1041 δεχομένων
574 1006 645 1033 αὐτὰ
673 1006 790 1038 σκευῶν,
812 1005 860 1032 τοῦ
877 1007 914 1032 ἱε-

135 1051 183 1086 ροῦ
199 1052 291 1078 δίσκου
308 1053 354 1079 καὶ
369 1052 416 1079 τοῦ
442 1054 572 1088 ποτηρίου
583 1061 591 1069 ·
616 1053 647 1081 οὐ
668 1053 722 1088 γὰρ
750 1055 854 1087 ἐφεῖται
869 1053 917 1079 αὑ-

135 1099 191 1130 τοῖς
208 1099 416 1134 προσκομίζειν.

204 1202 316 1229 ΔΡΙΣΤ.
337 1211 346 1227 ι
365 1202 475 1228 Σκευῶν
497 1201 637 1236 ὑπηρέτης
655 1201 692 1236 μὴ
706 1201 845 1227 ἅπτοιτο.»

170 1249 207 1274 Οὐ
236 1248 432 1282 χειραπτοῦσιν
450 1249 475 1274 οἱ
513 1247 647 1281 ὑπηρέται
674 1247 723 1282 τῆς
751 1246 918 1281 Ἐκκλησ¹ας

138 1294 191 1321 τῶν
206 1295 311 1322 σκευῶν
335 1295 390 1321 τῶν
415 1294 599 1320 δεσποτικῶν·
624 1293 691 1320 ἀλλὰ
708 1292 783 1327 παρὰ
811 1292 916 1326 ἱερέων,

137 1341 156 1376 ἢ
171 1341 315 1374 διακόνων,
338 1342 372 1376 τῇ
394 1341 457 1376 ἱερᾷ
471 1340 596 1376 τραπέζῃ
617 1339 702 1366 ταῦτα
722 1339 918 1374 προσάγονται.

419 1407 539 1435 ΚΑΝΩΝ
565 1408 628 1434 KB'.

142 1489 152 1505 ‹
174 1479 236 1506 Ὀτι
251 1477 333 1505 οὔδεϊ
355 1478 494 1513 ὑπηρέτην
519 1478 637 1513 ὡράριον
661 1479 765 1513 φορεῖν,
788 1478 848 1505 οὐδὲ
872 1478 921 1510 τὰς

321 1534 330 1550 ι
352 1525 436 1559 θύρας
449 1525 710 1559 ἐγκαταλιμπάνειν.
731 1534 741 1551 ι

931 1528 954 1558 C

174 1595 271 1622 ΒΑΛΣ.
287 1595 322 1621 Τὸ
344 1594 462 1628 ὧράριον
477 1595 571 1629 φορεῖν
585 1594 672 1628 μόνων
686 1594 744 1620 ἐστὶ
761 1594 816 1621 τῶν
829 1594 921 1622 διακό-

139 1650 201 1668 νων.
214 1637 292 1667 Οὗτοι
307 1639 361 1675 γὰρ
375 1639 431 1670 τοῖς
446 1639 617 1674 ίερουργοῦσι
636 1639 847 1675 παριστάμενοι.
875 1640 923 1676 καὶ

140 1686 334 1721 ἐπιτηροῦντες
349 1685 398 1716 τὰς
413 1684 466 1711 τῶν
479 1685 564 1718 ἁγίων
582 1685 669 1721 εὐχῶν
683 1685 797 1716 τελετὰς
810 1686 857 1712 καὶ
873 1686 923 1717 τὰς

140 1732 194 1757 τῶν
216 1731 409 1765 πρεσϐυτέρων
421 1731 603 1766 ἐκφωνήσεις,
622 1731 740 1758 διδόασιν
763 1732 866 1766 εἴδησιν
879 1732 923 1759 διὰ

145 1776 192 1802 τοῦ
212 1776 333 1811 ὠραρίου
346 1777 403 1807 τοῖς
415 1777 443 1801 ὲν
459 1775 498 1810 τῷ
515 1776 621 1810 ἄμϐωνι
635 1776 773 1807 διακόνοις
791 1776 840 1810 τῆς
848 1777 924 1812 ρφει-

143 1821 243 1855 λούσης
253 1821 377 1856 γίνεσθαι
389 1821 580 1856 ἐκφωνήσεως,
597 1821 681 1856 ἤγουν
694 1820 741 1847 τοῦ
764 1821 861 1856 καιροῦ
875 1822 924 1856 τῆς

144 1868 256 1902 ἐκτενῆς
268 1867 322 1893 τῶν
341 1867 477 1899 αἰτήσεων
492 1867 547 1893 τῶν
563 1867 785 1901 κατηχουμένων,
798 1868 847 1894 καὶ
871 1868 925 1894 τῶν

144 1913 255 1941 λοιπῶν.
267 1913 323 1940 Καὶ
337 1912 438 1947 ἐκλήθη
454 1912 573 1946 ὠράριον
590 1912 643 1939 ἀπὸ
654 1912 700 1938 τοῦ
719 1912 785 1946 ὁρῶ,
813 1913 843 1938 τὸ
876 1922 927 1946 φυ-

145 1959 238 1986 λάσσω
255 1959 302 1985 καὶ
318 1958 452 1992 ἐπιτηρῶ.
464 1958 570 1992 Ὥσπερ
584 1957 611 1983 δὲ
627 1958 682 1988 τοῖς
702 1957 836 1988 διακόνοις
849 1957 927 1984 τοῦτο

145 2006 317 2040 ἀπενεμήθη,
329 2005 450 2031 δέδοκται
464 2003 512 2031 καὶ
524 2004 587 2036 τοὺς
601 2002 794 2033 ὑποδιακόνους
813 2003 866 2030 τὰς
881 2003 928 2029 θύ-

147 2061 198 2088 ρας
212 2052 266 2078 τῶν
280 2051 434 2086 ἐκκλησιῶν
447 2050 581 2085 κατέχειν,
608 2049 657 2076 καὶ
678 2049 799 2083 εἰσάγειν
821 2049 867 2075 καὶ
886 2049 929 2082 ἐξ·

146 2098 224 2131 άγειν
238 2099 299 2130 τοὺς
311 2097 530 2131 κατηχουμένους
544 2095 592 2122 καὶ
603 2095 666 2123 τοὺς
678 2095 706 2120 ἐν
719 2094 848 2130 μετανοίᾳ
861 2103 869 2111 σ
884 2094 928 2121 διὰ

147 2146 201 2178 γὰρ
217 2143 296 2169 τοῦτο
314 2143 359 2168 καὶ
377 2142 498 2176 σήμερον
512 2141 587 2175 παρὰ
601 2140 655 2167 τῶν
675 2140 857 2166 ὑποδιακόνων
884 2139 929 2165 λέ-

148 2198 227 2223 γεται
239 2189 279 2220 τὸ,
291 2189 369 2214 Ὅσοι
382 2187 483 2217 πιστοὶ,
495 2186 615 2220 δηλονότι
633 2185 658 2211 οἱ
672 2185 708 2219 μὴ
736 2186 838 2216 πιστοὶ,
861 2185 928 2211 ἀλλὰ

147 2234 346 2269 κατηχούμενοι
359 2233 445 2264 ὅντες,
462 2231 583 2264 ἐξέλθετε
599 2232 640 2265 ’ξοί
653 2231 680 2257 δέ
691 2231 792 2263 πιστοὶ,
808 2231 928 2263 ἵσταο-ϐε,

148 2269 277 2315 ὀψόμενοι
297 2280 346 2312 τὴν
360 2280 412 2306 τῶν
429 2279 513 2312 ἁγίων
533 2278 692 2313 μυστηρίων
706 2278 813 2304 θυσίαν.
831 2278 884 2304 Καὶ
898 2278 928 2304 οὐ

151 2327 230 2361 μόνον
244 2325 333 2351 ταῦτα
352 2325 386 2350 τὰ
399 2324 535 2358 προνόμια
554 2324 659 2355 τούτοις
690 2323 837 2358 ἐδόῦησαν·
863 2323 930 2350 ἀλλὰ

150 2373 198 2399 καὶ
210 2373 266 2402 τοῖς
289 2371 394 2402 λοιποῖς
418 2371 549 2405 τάγμασι.
580 2371 642 2401 Τοῖς
669 2369 723 2404 γὰρ
744 2369 931 2403 ἅναγνώσταις

149 2418 273 2445 διακονία
290 2417 370 2452 ἐδόθη
387 2417 448 2451 οὐχὶ
462 2415 492 2442 τὺ
505 2416 626 2450 ψάλλειν,
645 2417 712 2442 ἀλλὰ
741 2417 770 2442 τὸ
797 2415 930 2450 ἀναγινώ-

154 2472 230 2490 σκειν
243 2462 294 2493 τὰς
305 2461 379 2492 θείας
391 2461 501 2496 Γραφὰς
512 2461 557 2486 ἐπὶ
567 2463 643 2496 κοινῇ
655 2462 796 2496 ἀκροάσει,
815 2461 863 2487 καὶ
875 2462 931 2492 τοῖς

151 2506 436 2543 ψάλταιςτὸψάλλειν.
469 2506 578 2540 Ἐπειδὴ
604 2505 649 2532 οὖν
672 2506 832 2540 ἐπεχείρουν
860 2506 931 2535 τινὲς

152 2553 323 2581 ὑποδιάκονοι
335 2552 442 2587 ὼράρια
455 2553 546 2586 φορεῖν
559 2551 632 2586 παρὰ
644 2551 693 2587 τὴν
703 2550 931 2586 ἐκκλησιαστικὴν

153 2599 314 2634 παράδοσιν,
332 2598 474 2625 ἐκώλυσαν
485 2597 565 2623 τοῦτο
582 2598 606 2623 οι
627 2598 758 2632 Πατέρες,
770 2597 818 2623 καὶ
841 2597 932 2631 διωρί-

153 2654 234 2672 σαντο
248 2645 283 2679 μὴ
295 2644 544 2679 ἐγκαταλιμπάνειν
562 2643 662 2674 αὐτοὺς
677 2643 726 2679 τὴν
742 2642 864 2677 φυλακὴν
877 2642 932 2669 τῶν

154 2691 379 2726 ἀπονεμηθεισῶν
399 2690 489 2721 αὐτοῖς
506 2689 594 2725 θυρῶν
616 2689 669 2716 τῶν
700 2689 862 2724 ἐκκλησιῶν,
889 2688 932 2716 ἵνα

157 2738 195 2773 μὴ
214 2736 312 2768 ἀταξία
325 2735 436 2770 γένηται
453 2735 507 2762 τῶν
519 2735 598 2770 ἱερῶν
611 2735 767 2769 ταγμάτων.

193 2806 314 2832 ΖΩΝΛΡ,
339 2805 460 2839 Ἐκάστῳ
490 2803 556 2838 ἱερῷ
587 2803 707 2838 τάγματι
733 2803 933 2838 απονενέμηται

157 2852 204 2881 καὶ
231 2850 309 2886 στολὴ
335 2851 421 2878 οἰκεία
447 2849 532 2884 αὐτῷ,
561 2849 607 2876 καὶ
635 2850 780 2884 ὑπηρεσία.
793 2850 856 2881 Τοῖς
869 2848 933 2884 γοῦν

713 134 761 166 IN
772 133 856 166 CAN.
876 135 960 167 XXII
972 136 1078 167 CONC.
1094 135 1202 166 LAOD.

922 193 947 221 A

1670 134 1745 166 1370

1247 189 1361 218 CANO'N
1381 190 1452 218 XXI.

963 257 973 272 ο
989 248 1064 281 Quod
1079 256 1129 274 non
1145 252 1248 282 oportet
1263 248 1401 275 ministros
1418 247 1505 274 locum
1525 248 1623 276 habere
1640 249 1666 275 in
1677 249 1742 276 dia—

1089 303 1098 320 ι
1119 294 1224 327 conieo,
1241 299 1267 321 et
1283 302 1359 322 sacra
1380 301 1443 321 vasa
1463 299 1609 329 tangere.»

994 348 1089 376 BALS.
1106 349 1218 376 Ministri
1235 346 1548 377 dicuntur'subdiaconi.
1563 350 1654 377 (Zanon
1673 359 1741 385 ergo

961 403 1006 423 eos
1022 395 1144 430 prohibet
1171 403 1200 422 ea
1216 417 1224 429 ,
1239 403 1298 431 quae
1322 397 1354 423 ad
1370 396 1499 424 diaconos
1520 397 1675 431 pertinent,
1695 405 1742 430 ag-

961 441 1044 475 gredi,
1063 449 1109 468 seu
1123 449 1199 468 sacra
1216 449 1278 468 vasa
1298 447 1416 475 tangere,
1434 442 1539 469 scilicet
1562 443 1685 476 corporis
1715 448 1742 469 et

962 489 1099 523 sanguinis
1113 488 1225 516 Christi.
1241 488 1333 523 Neque
1346 489 1416 516 enirn
1440 489 1551 521 dixeris,
1569 496 1622 515 non
1646 489 1742 515 debere

961 541 1009 561 eos
1030 541 1105 562 sacra
1136 542 1199 561 vasa
1233 539 1355 569 tangere,
1385 541 1433 561 seu
1463 542 1572 561 sacrum
1589 534 1700 561 calicem
1716 538 1744 560 et

962 587 1064 607 sacram
1082 572 1211 614 patinam.
1244 588 1304 607 cum
1333 584 1397 607 sunt
1418 581 1525 607 inanes.
1549 579 1647 606 Eorum
1672 579 1742 606 enim

962 626 1141 653 ministerium
1158 626 1215 654 sive
1230 626 1375 653 translatio
1392 626 1432 653 eis
1446 626 1532 656 magis
1549 625 1689 652 convenit.

997 780 1124 809 ZONAR.
1142 779 1279 807 Ministh
1306 781 1349 808 hic
1372 779 1572 814 hypodiaconos
1606 780 1751 812 nominat,

962 835 1029 862 quos
1057 827 1164 862 quidem
1195 834 1283 854 canon
1316 826 1342 853 in
1375 826 1616 853 diaconicolocum
1648 825 1747 854 habere

964 877 1042 907 negat
1069 878 1204 906 oportere.
1240 872 1316 905 Quod
1345 872 1381 899 ita
1409 871 1612 906 intelligendum
1635 876 1686 903 est,
1719 875 1748 898 ut

963 919 1140 946 diaconorum
1158 926 1269 946 munera
1285 919 1360 946 obire
1373 940 1381 952 ,
1395 926 1428 946 ac
1451 926 1494 946 res
1518 926 1629 950 sacras,
1650 925 1746 953 panem

964 966 1068 993 scilicet.
1082 972 1114 993 ac
1129 965 1231 997 vinum,
1246 972 1305 999 qua
1323 965 1348 991 in
1363 965 1497 992 sacriﬁcio
1513 964 1664 992 otTcruntur
1676 985 1682 996 ,
1702 968 1749 991 aut

964 1019 1028 1040 vasa
1042 1011 1138 1046 quibus
1151 1011 1207 1038 ltzec
1221 1011 1395 1045 excipiuntur
1407 1029 1415 1042 ,
1437 1010 1563 1044 patellam
1589 1017 1684 1043 nempe
1705 1017 1750 1037 sa-

965 1064 1038 1084 cram
1052 1063 1078 1085 et
1093 1057 1206 1084 calicem
1220 1057 1390 1091 contingere,
1415 1064 1476 1083 eum
1494 1064 1542 1082 nec
1565 1063 1678 1090 usquam
1692 1056 1749 1083 hmo

966 1102 1063 1130 deferri
1079 1110 1127 1137 per
1140 1109 1188 1129 eos
1201 1102 1304 1134 liceat,
1323 1109 1492 1136 nequaquam
1509 1102 1574 1136 ipsis
1589 1108 1751 1129 concessum

967 1155 1028 1175 esse
1042 1149 1219 1175 demonstret.
1326 1148 1328 1152 '

967 1205 1081 1233 ARIST.
1098 1214 1107 1231 ‹
1125 1204 1193 1232 Vasa
1210 1205 1333 1231 minister
1350 1212 1384 1232 ne
1402 1209 1504 1238 tangat.
1527 1214 1537 1231 ι

1005 1250 1129 1277 Ecclesim
1153 1250 1269 1276 ministri
1296 1257 1360 1276 vasa
1391 1249 1528 1276 Dominica
1555 1249 1677 1276 manibus
1698 1257 1755 1276 non

968 1297 1092 1328 tangunt.
1107 1293 1152 1320 sed
1166 1300 1179 1319 a
1193 1293 1381 1320 sacerdotibus
1393 1297 1440 1320 aut
1454 1293 1574 1321 diaconis
1586 1295 1617 1320 ad
1633 1301 1755 1321 mensam.

970 1349 1001 1369 ca
1016 1341 1194 1368 adducuntur.

1195 1411 1276 1447 [.33
1300 1409 1414 1439 cauos
1435 1411 1509 1439 xxu

975 1486 986 1504 ε
1002 1476 1077 1510 Quod
1089 1483 1141 1504 non
1152 1481 1257 1511 oportet
1270 1477 1424 1503 ministrum
1439 1476 1511 1504 ferre
1524 1477 1654 1510 orarium,
1668 1484 1759 1512 neque

1204 1532 1213 1548 ι
1234 1522 1300 1549 ostia
1318 1522 1479 1557 relinquere.
1498 1531 1508 1548 ι

1006 1590 1102 1618 BALS.
1121 1590 1244 1618 Orarium
1269 1590 1340 1617 ferre
1365 1595 1406 1617 est
1433 1591 1551 1617 solorum
1567 1591 1755 1619 diaconorum.
1777 1580 1779 1583 y

973 1638 1005 1665 lli
1018 1638 1089 1666 enim
1116 1637 1165 1668 eis.
1180 1637 1225 1670 qui
1247 1637 1395 1668 celebrant,
1422 1637 1591 1669 assistentes,
1608 1642 1634 1664 et
1651 1641 1758 1664 sancta-

972 1690 1031 1709 rum
1048 1682 1200 1710 orationunt
1220 1681 1363 1716 mysteria,
1384 1686 1410 1708 et
1424 1682 1645 1716 presbyterorum
1665 1682 1755 1717 prola-

973 1728 1060 1755 tiones
1078 1728 1262 1758 observantes,
1279 1727 1319 1754 cis
1334 1728 1379 1761 qui
1398 1733 1461 1754 sunt
1481 1727 1507 1754 in
1523 1733 1649 1763 suggestu
1666 1728 1757 1755 diaco-

974 1774 1017 1801 nis
1032 1781 1079 1808 per
1093 1773 1212 1800 orarium
1230 1773 1383 1806 signiﬁcant
1397 1773 1505 1807 quando
1517 1774 1609 1800 debeat
1622 1773 1679 1801 ﬁeri
1695 1781 1763 1808 pro-

975 1819 1109 1847 nuntiatio.
1121 1827 1167 1846 seu
1186 1818 1300 1853 prolatio
1314 1819 1475 1852 petitionum
1488 1820 1756 1851 catechumenorum,

975 1872 1002 1894 et
1017 1867 1192 1900 reliquorum.
1209 1866 1243 1892 Et
1268 1865 1429 1900 appellatum
1445 1871 1486 1893 est
1500 1867 1618 1893 orarium
1641 1868 1695 1893 ἀπὸ
1711 1867 1762 1894 τοῦ

976 1912 1043 1948 ὁρῶ,
1060 1913 1130 1947 quod
1147 1917 1189 1939 est
1208 1912 1335 1938 obsorvo.
1352 1911 1581 1944 Quemadmodum
1606 1918 1693 1940 autem
1710 1913 1760 1940 hoc

977 1959 1097 1985 diaconis
1119 1963 1161 1986 est
1180 1957 1352 1989 attributum,
1380 1957 1466 1984 visum
1492 1961 1534 1984 est
1562 1959 1761 1992 bypodiaconos

977 2011 1084 2039 quoque
1100 2004 1275 2031 ecclesiarum
1300 2005 1371 2032 [ores
1387 2009 1489 2035 tenere,
1507 2009 1533 2031 et
1549 2005 1758 2032 catecltumeum

978 2049 1151 2077 introducere
1166 2055 1193 2077 et
1207 2050 1333 2083 educere,
1354 2058 1385 2077 ac
1399 2057 1446 2077 eos
1460 2050 1512 2084 ‘qui
1530 2055 1593 2076 sunt
1621 2050 1647 2077 in
1674 2051 1761 2083 [ιωηί-

979 2097 1072 2124 tentia.
1090 2096 1236 2131 Propterea
1251 2097 1322 2123 enim
1340 2097 1422 2123 hodie
1436 2104 1544 2130 quoque
1563 2096 1644 2123 etiam
1664 2097 1697 2123 ah
1713 2096 1762 2132 by-

979 2144 1135 2177 podiaconis
1153 2143 1251 2169 dicitur
1264 2143 1340 2175 illud,
1357 2143 1494 2176 Quotquot
1509 2143 1611 2174 ﬁdeles,
1627 2143 1671 2175 qui
1689 2142 1763 2169 scili-

941 2198 968 2227 D
980 2195 1022 2216 cet
1034 2196 1085 2215 non
1101 2188 1168 2215 estis
1181 2188 1284 2220 ﬁdeles,
1296 2188 1342 2215 sed
1356 2186 1555 2218 catechumeni.
1577 2187 1736 2221 egredimini
1748 2195 1756 2213 :

981 2234 1072 2261 ﬁdeles
1085 2239 1174 2261 autem
1198 2238 1278 2265 state,
1293 2233 1376 2261 visuri
1393 2238 1548 2260 sanctorum
1573 2234 1761 2268 mysteriorum

981 2280 1155 2308 sacriﬁcium.
1172 2280 1206 2307 Et
1229 2287 1281 2306 non
1300 2280 1386 2306 solum
1403 2279 1442 2306 eis
1466 2279 1524 2306 haec
1541 2278 1678 2313 privilegia
1700 2279 1762 2305 data

981 2331 1052 2359 sunt,
1069 2326 1114 2353 sed
1133 2325 1243 2360 reliquis
1257 2328 1339 2353 etlam
1351 2325 1503 2352 ordinibus.
1517 2324 1676 2352 Lectoribus
1691 2325 1762 2351 enim

981 2372 1158 2399 ministerium
1177 2373 1268 2399 datum
1286 2377 1341 2405 est,
1361 2379 1411 2398 non
1427 2372 1571 2407 psallendi,
1589 2373 1636 2400 sed
1653 2372 1761 2406 legendi

982 2418 1085 2445 divinas
1103 2418 1257 2451 Scripturas
1272 2418 1299 2444 in
1316 2417 1452 2445 communi
1471 2418 1608 2445 auditione
1624 2425 1631 2444 :
1658 2423 1684 2444 et
1699 2425 1764 2443 can-

983 2465 1098 2496 toribus,
1128 2464 1268 2498 psallendi.
1294 2464 1360 2497 Quia
1387 2471 1451 2499 ergo
1475 2465 1640 2491 conabantur
1656 2463 1763 2497 quidam

981 2510 1134 2538 subdiaconi
1162 2510 1231 2537 ferre
1259 2511 1363 2541 orar’ia,
1385 2503 1478 2538 contra
1496 2509 1663 2536 traditionem
1678 2508 1764 2534 eccle-

981 2551 1129 2588 siasticain,
1143 2555 1236 2584 Patres
1252 2556 1303 2583 boc
1321 2556 1526 2590 prohibuerunt,
1552 2558 1579 2580 et
1600 2556 1765 2584 statuerunt,

983 2607 1010 2628 ιιι
1034 2602 1052 2627 ii
1074 2609 1126 2627 non
1153 2601 1337 2636 relinquerent.
1364 2601 1414 2628 sibi
1441 2599 1595 2626 attributam
1617 2597 1765 2624 custodiam

983 2652 1121 2683 portarum
1148 2648 1290 2675 ecclesiae:
1322 2654 1355 2674 ne
1387 2646 1423 2673 sit
1456 2649 1611 2671 sanctorum
1642 2643 1765 2670 ordinum

984 2693 1116 2721 confusio.

1019 2800 1141 2828 ZONAR.
1158 2798 1310 2830 Unicuique
1323 2804 1401 2824 sacro
1410 2796 1509 2828 ordini,
1524 2801 1551 2823 et
1567 2803 1632 2823 suus
1643 2796 1763 2830 habitus,

985 2853 1012 2876 et
1027 2846 1132 2883 propria
1142 2844 1290 2872 ministeria
1303 2843 1429 2871 attributa
1442 2841 1527 2870 fuere.
1542 2841 1765 2874 Ministrisﬁgitur
