1938 3085
77 152 127 184 137

628 151 670 183 ΙΝ
685 150 769 182 CAN.
782 151 863 182 XXX
878 152 983 183 CONC.
1019 155 1128 186 LAOD.

1630 154 1697 186 1378

75 210 106 235 ἐν
120 208 158 244 τῷ
174 206 307 241 Σαϐὃάτῳ
324 206 444 241 παντελῆ
459 205 768 242 ἀπραξίανὲργοχεῖρου
795 215 862 233 παν-

918 209 988 236 οιηηί
1002 211 1110 244 penitus
1124 218 1216 246 opere,
1232 199 1314 248 atque
1328 213 1395 240 adeo
1411 213 1490 240 etiam
1515 213 1548 239 ab
1572 212 1637 246 ipsis
1653 212 1696 238 di-

75 255 122 285 τος
147 252 230 289 εϊχον,
251 254 299 279 καὶ
322 252 411 279 αὐτῶν
441 251 496 278 τῶν
519 252 601 279 θείων
626 252 862 288 ψαλτιιῆημάτων,

50 320 53 325 .
77 301 144 336 ὅπερ
163 301 212 333 τῆς
231 298 379 333 Ἰουδαϊκῆς
403 297 551 333 θρησκείας
574 299 654 333 ἔργον
680 299 762 330 ἐστὶν,
785 299 814 324 ἐν
835 298 864 325 δὲ

76 345 116 380 τῷ
130 345 221 372 κανόνι
244 344 342 378 ἐκείνῳ
368 344 432 378 περί
458 343 539 379 μόνου
557 343 604 370 τοῦ
630 343 863 377 ἀναγινώσκεσθαι

75 391 108 417 τὸ
118 391 196 425 ἆγιον
212 389 377 424 Εὑαγγέλιον
389 389 435 416 κα)¹
451 389 501 421 τὰς
529 389 602 420 θείας
613 389 722 425 Γραφὰς
737 390 762 414 οἰ
779 389 866 415 Πατέ-

79 444 125 470 ρες
156 435 318 472 διωρίσαντο
339 441 346 449 ·
367 435 430 471 ἄρτι
457 432 691 470 παρακελεύονται
713 433 752 469 μὴ
768 434 865 469 σχολά-

77 483 135 514 ζειν
149 483 211 512 τοὺς
226 482 340 511 πιστοὺς
349 481 420 508 κατὰ
440 481 584 511 Ἰουδαίους
601 481 655 506 ἀπὸ
671 481 725 506 τῶν
739 480 863 514 ἐργοχεί-

79 537 134 563 ρων
148 527 249 560 αὐτῶν,
266 527 324 554 ἀλλ’
336 528 364 553 ὲν
379 527 417 562 τῷ
441 527 574 562 Σαϐϐάτῳ
588 526 864 561 ἑργὰζεσθαι,·τιμᾷν

76 575 105 601 δὲ
135 574 186 610 τὴν
211 575 354 610 Κυριακὴν
376 574 419 601 διὰ
436 574 485 610 τὴν
498 574 543 600 τοῦ
576 574 679 608 Κυρίου
699 574 862 599 ἀνάστασιν”

77 619 125 646 καὶ
147 620 201 646 τῶν
220 621 386 655 ἐργοχείρων
411 619 461 654 μὲν
487 619 649 654 ἀπέχεσθαι,
671 618 863 654 προσεδρεύειν

76 666 104 692 δὲ
121 668 180 698 ταῖς
199 667 375 701 ἐκκλησίαις.
393 666 467 701 Πλὴν
483 667 530 693 καὶ
548 666 637 697 τοῦτο,
655 665 756 700 δηλαδὴ
778 665 809 690 τὸ
825 664 863 700 μὴ

76 712 244 747 ἐργάζεσθαι
261 713 328 748 μετὰ
344 714 393 747 τὴν
417 714 603 747 κυριώνυμον,
624 713 674 738 οὐκ
695 713 863 745 ἀναγκαστι-

76 759 134 790 κῶς
149 759 315 794 ἐπέτρεψαν,
327 759 395 785 ἀλλὰ
411 757 585 794 προσέθεντο,
606 758 665 792 εἶ’γε
685 757 810 783 δύναιντο
837 757 862 782 οἱ

76 807 179 834 πιστοί.
194 808 224 833 Εἰ
237 807 293 841 γὰρ
310 807 338 839 ἐξ
361 807 478 842 ἀπορίας
496 806 511 841 ἦ
533 806 615 840 ἄλλης
642 805 714 836 τινος
738 804 862 838 ἀνάγκης

76 853 125 877 καὶ
147 852 220 877 κατὰ
237 851 285 886 τὴν
297 851 469 885 κυριώνυμον
482 850 632 885 ἐργάσεταί
659 859 711 882 τις,
740 850 770 876 οὐ
796 858 861 885 προσ

76 896 336 931 κριματισθήσεται.
350 897 404 923 Καὶ
420 898 434 923 ὸ
450 897 500 930 μὲν
527 896 624 930 παρὼν
650 895 741 922 κανὼν
765 895 860 922 ταῦτα.

81 943 114 970 'll
140 944 167 970 δὲ
182 943 217 969 νδ¹
241 944 336 979 Naade
358 943 405 969 τοῦ
426 943 557 978 βασιλέως
576 942 660 977 κυροῦ
685 942 797 972 Λέοντος
814 940 862 968 τοῦ

76 990 164 1024 Σοφοῦ
180 991 227 1016 καὶ
243 990 341 1020 αὐτοὺς
356 991 420 1020 τοὺς
437 989 577 1024 γεωργοὺς
595 988 741 1022 διορίζεται
766 987 862 1022 σχολά-

76 1036 135 1067 ζειν
146 1036 278 1071 κατὰητὴν
293 1035 475 1070 κυριώνυμον.
506 1033 657 1068 Ἀνάγνωθι
685 1033 733 1060 καὶ
760 1033 810 1067 τῆς
835 1032 863 1065 ς’

78 1080 189 1106 συνόδου
202 1081 303 1106 κανόνα
319 1079 362 1111 ξς¹
368 1100 374 1106 .

111 1125 316 1154 ΖΩΝΑΡ.Τοῖ;
349 1124 486 1155 Ἰουδαίοις
510 1125 624 1159 τιμᾶται
652 1124 682 1150 τὺ
711 1123 861 1156 Σαὸὃατον,

74 1173 212 1208 ἀπραξίαν
224 1171 334 1206 ἄγουσιν
351 1173 382 1197 ὲκ
399 1171 453 1197 τῶν
479 1171 567 1205 ἔργων
598 1170 698 1203 αὐτῶν,
731 1170 778 1196 τοῦ
804 1179 861 1196 πα-

73 1219 153 1247 λαιοῦ
168 1220 249 1253 νόμου
265 1217 344 1244 τοῦτο
357 1217 448 1246 αὐτοῖς
462 1211 657 1248 ἐπιτάσσοντος
671 1224 677 1231 ·
691 1217 747 1247 τοῖς
767 1216 796 1242 δὲ
811 1216 858 1242 τδν

74 1265 254 1299 εὑαγγελικδν
282 1264 362 1298 νόμον
377 1263 534 1298 δεξαμένοις
554 1263 600 1289 τὸν
614 1262 788 1297 ,τελεώτερον
812 1265 861 1296 τη-

914 255 984 282 vinis
998 257 1128 289 .canticis,
1149 259 1261 286 omnino
1275 261 1427 289 cessabant,
1442 258 1514 293 quod
1529 263 1569 285 est
1579 257 1696 284 Judaiete

915 303 1115 335 superstitionis
1133 312 1210 338 opus,
1224 305 1250 331 in
1267 304 1311 331 illo
1329 309 1417 332 autem
1440 312 1554 335 canone,
1568 304 1654 330 solum
1668 308 1698 330 ut

915 344 1019 380 legatur
1044 347 1216 383 Evangelium
1242 354 1271 377 et
1297 350 1395 376 divinm
1417 349 1585 384 Scriptum,
1604 348 1696 376 Patres

913 392 1111 420 constituerunt
1123 403 1129 420 :
1146 402 1216 421 nunc
1227 394 1332 429 jubent,
1345 403 1378 422 ne
1388 395 1507 422 otientnr
1521 395 1611 421 ﬁdeles
1624 402 1697 421 more

913 435 1068 463 Judteorum
1084 445 1097 462 a
1114 439 1170 465 suis
1188 431 1325 472 operibus,
1342 441 1388 466 Sed
1406 441 1431 466 in
1449 439 1569 466 Sabbato
1586 440 1694 474 quidem

913 486 1070 512 operentur.
1095 482 1265 511 Dotninicum
1291 489 1380 511 antetn
1410 484 1563 515 honorent,
1589 488 1700 518 propter

913 525 995 561 466
1010 527 1115 555 Domini
1133 530 1379 562 resurrectionem;
1399 535 1425 556 et
1449 537 1464 556 ιι
1488 538 1616 556 tnanuum
1637 529 1699 564 qui~

914 574 974 598 (lem
992 574 1118 606 operibus
1134 575 1297 607 abstineant,
1312 575 1433 602 ecclesiis
1449 582 1537 603 autent
1550 577 1698 603 assideant.

914 618 966 645 Sed
985 624 1009 645 et
1027 619 1086 651 bor,
1103 620 1205 647 scilicet
1221 621 1264 648 die
1285 622 1436 654 Dominico,
1450 630 1501 648 non
1517 622 1634 656 operari,
1645 629 1697 648 non

914 665 1065 692 necessario
1084 667 1264 699 mandarunt;
1289 667 1334 694 sed
1352 668 1519 702 adjecerunt,
1536 668 1558 694 si
1582 669 1696 702 possint,

915 709 1015 737 ﬁdeles.
1034 711 1062 737 Si
1076 711 1149 738 enim
1163 717 1272 746 propter
1290 713 1418 747 inopiam,
1435 713 1474 740 vel
1486 714 1602 747 aliquam
1617 713 1697 740 :tliam

912 755 1116 788 necessitatem,
1131 758 1212 784 etiam
1225 758 1268 785 die
1279 757 1419 786 Dominico
1432 758 1512 786 fuerit
1524 759 1620 793 aliquis
1633 766 1698 793 ope-

914 806 997 833 ratus,
1016 803 1198 836 prrjttdicium
1214 804 1238 830 ei
1253 811 1306 831 non
1322 803 1459 831 sileretur.
1471 804 1504 831 Et
1518 805 1573 832 haec
1589 805 1696 839 quidem

914 849 1058 883 praedictus
1090 858 1189 878 canon.
1219 851 1455 886 Quinqnagesinizn
1481 858 1583 886 quarta:
1605 856 1693 878 autem

915 894 1085 928 imperatoris
1111 897 1212 924 domini
1229 897 1325 925 Leonis
1339 898 1467 932 sapientis
1481 897 1590 924 Novella
1604 898 1695 925 decer—

915 940 960 971 uit,
981 940 1053 975 ipsos
1075 949 1184 976 quoque
1209 942 1341 977 agricolas
1366 943 1409 969 die
1433 942 1572 969 Dominico
1598 943 1697 970 debere

913 988 1004 1014 otiari.
1019 987 1089 1022 Lege
1104 994 1131 1015 et
1147 993 1230 1015 sexta:
1243 989 1337 1024 synodi
1355 995 1485 1016 canonem
1500 988 1545 1016 66.
1583 982 1603 997 ¹

947 1123 1074 1152 ZONAR.
1091 1124 1202 1152 Sabbati
1221 1125 1292 1152 diem
1316 1124 1400 1153 Jndzei
1425 1125 1516 1153 colunt
1529 1146 1536 1158 ,
1555 1133 1603 1153 nec
1618 1126 1697 1162 quid-

913 1178 992 1204 quam
1007 1172 1107 1206 operis,
1123 1171 1160 1198 ita
1178 1171 1295 1206 antiqua:
1312 1171 1377 1207 lcgis
1400 1173 1522 1200 instituto
1543 1173 1631 1200 edocti
1643 1193 1651 1205 ,
1664 1181 1696 1200 ea

914 1216 974 1244 luce
987 1217 1122 1252 attingunt
1139 1225 1146 1243 :
1165 1218 1209 1251 qui
1228 1225 1290 1245 vero
1307 1218 1392 1253 legem
1407 1218 1588 1253 evangelicam
1605 1219 1694 1253 perfe-

912 1261 1025 1288 ctiorem
1046 1266 1109 1288 sunt
1137 1262 1252 1295 amplexi
1267 1281 1274 1292 .
1293 1263 1336 1294 iis,
1362 1270 1395 1290 ne
1416 1263 1625 1298 imperfectioris
1648 1254 1697 1292 lde-

76 1311 134 1345 ρείν
147 1310 181 1335 τὰ
197 1308 243 1335 τοῦ
265 1308 378 1339 ἀτελους
400 1307 617 1342 ἀποτέτραπται.
643 1308 690 1333 Διὸ
711 1309 757 1334 καὶ
778 1307 807 1334 τὺ
834 1309 862 1333 ὲν

918 1312 985 1334 creta
1008 1313 1135 1341 servent,
1164 1309 1334 1336 interdictum
1362 1315 1413 1336 est.
1438 1308 1554 1337 Proinde
1577 1306 1697 1338 Sabbato

75 1354 210 1390 Σαὸϐάτῳ
223 1354 317 1389 ἀργεῖν
340 1354 395 1384 τοῖς
424 1354 529 1384 πιστοῖς
545 1353 582 1384 ὡς
595 1353 740 1380 Ἰουδαϊκὸν
755 1353 861 1388 ἀπηγό-

918 1353 1004 1388 3_tiari,
1022 1357 1149 1387 tanquam
1178 1355 1289 1388 repetito
1316 1363 1329 1380 ει
1353 1354 1453 1382 Judaeis
1471 1363 1554 1388 more,
1574 1355 1696 1383 litlelibus

76 1404 184 1437 ρευτᾱι,
212 1401 260 1426 καὶ
287 1401 343 1431 τοῖς
371 1398 562 1430 Ὶουδαῖζουσιν
582 1399 708 1434 ἀνάθεμα
732 1399 746 1425 ὁ
769 1398 861 1426 κανὼν

918 1399 982 1425 baud
1001 1400 1160 1433 permissnn.
1173 1420 1181 1432 ,
1197 1400 1295 1434 quique
1309 1399 1426 1427 Judaicis
1461 1401 1556 1428 ritibus
1579 1401 1699 1429 adiuero-

74 1447 272 1482 ὲπιῲηιρίζεται
293 1446 322 1471 ἐν
338 1445 458 1480 Χριστῷ,
486 1445 610 1471 τουτέστι
639 1445 862 1480 κεχωρισμένους

918 1449 999 1477 scatit,
1016 1445 1048 1471 iis
1067 1452 1154 1471 canon
1169 1445 1311 1484 anathema
1335 1445 1361 1471 in
1385 1445 1494 1473 Christo
1509 1445 1622 1479 indicit,
1647 1446 1698 1474 hoc

75 1491 148 1518 εἶναι
163 1492 210 1518 καὶ
223 1492 459 1527 ἀποδιῃρημένους
483 1490 530 1517 τοῦ
556 1490 686 1525 Χριστοῦ,
719 1491 814 1525 ἀργεῖν
839 1490 862 1516 δ’

913 1496 965 1523 esst,
991 1499 1005 1518 a
1020 1491 1127 1518 Christo
1149 1497 1303 1526 segregatos
1317 1499 1348 1518 ac
1367 1492 1467 1518 divisos
1482 1499 1542 1519 esse
1564 1492 1696 1519 decernit.

75 1539 236 1573 ἐπιτρέπειν
251 1538 322 1564 κατὰ
336 1537 384 1571 τὴν
399 1536 543 1572 Κυριακὴν
559 1536 603 1562 διὰ
617 1536 667 1570 τὴν
683 1535 730 1562 τοῦ
759 1536 861 1570 Κυρίου

918 1537 1087 1564 Vacationem
1103 1545 1181 1571 porro
1199 1537 1336 1565 Dominicn
1351 1538 1420 1570 luce,
1440 1538 1465 1565 id
1479 1538 1538 1572 ejus
1551 1538 1602 1565 diei
1618 1545 1698 1565 vene-

75 1585 225 1611 ἁνάστασιν
237 1584 285 1620 τὴν
301 1584 406 1619 ἡμέραν
422 1583 571 1617 τιμῶντας.
582 1583 652 1608 Ἀλλ’
667 1582 682 1608 ό
699 1582 747 1617 μὲν
761 1582 862 1613 κανὼν,

76 1632 103 1657 εἰ
117 1631 252 1663 δύναιντο,
273 1630 424 1666 προσέθετο
437 1638 445 1645 ⁵
471 1631 485 1656 ὁ
516 1629 544 1655 δὲ
560 1629 612 1664 τῆς
627 1628 767 1660 πολιτείας
782 1628 863 1663 νόμος

76 1678 266 1712 ἀπαραίτητον
281 1678 330 1713 τὴν
358 1677 458 1712 ἀργίαν
482 1676 511 1702 ὲν
532 1677 565 1712 τῇ
595 1676 720 1710 Κυριακῇ
751 1675 862 1701 ἀπαιτεῖ

77 1725 144 1751 ἄνευ
162 1725 216 1750 τῶν
237 1723 379 1758 γεωργῶν.
400 1723 532 1754 Ἐκεινοις
549 1722 601 1755 γὰρ
616 1722 663 1748 καὶ
682 1722 711 1747 ὲν
732 1721 859 1756 Κυριακῇ

78 1769 245 1804 ἐργάζεσθαι
258 1770 378 1803 ἐφίησιν,
397 1768 439 1794 ὅτι
455 1768 519 1799 ἴσως
534 1768 588 1794 τῶν
612 1767 701 1802 ἔργων
729 1775 860 1793 κατεπει-

78 1814 182 1848 γόντων
193 1814 241 1848 οὐχ
260 1814 422 1848 εὑρήσουσιν
437 1812 520 1847 ἄλλην
537 1813 642 1847 ἡμέραν
661 1812 747 1842 οὕτως
771 1812 864 1842 αὐτοῖς

79 1861 120 1892 εἰς
135 1861 170 1886 τὰ
187 1859 253 1893 ἔργα
268 1859 357 1886 αὐτῶν
374 1858 608 1893 συμϐαλλομένην.
630 1858 685 1884 Καὶ
705 1858 719 1883 ὁ
731 1857 752 1883 ο’
773 1856 864 1883 κανὼν

79 1906 135 1932 τῶν
160 1898 321 1932 μάποστόλων
346 1904 408 1931 οὒτε
443 1904 583 1937 νηστεύειν
613 1903 682 1938 μετὰ
716 1902 862 1933 Ἰουδαίων,

80 1950 142 1977 οὒτε
154 1951 293 1986 ἑορτάζειν
309 1951 473 1985 παραχωρεί
490 1951 545 1981 τοῖς
558 1950 665 1980 πιστοῖς
681 1957 688 1964 -
715 1948 782 1975 ἀλλὰ
807 1947 862 1973 τῶν

83 1998 134 2032 μὲν
156 1998 312 2032 ἱερωμένων
328 1996 489 2032 καθαίρεσιν
508 1995 737 2030 καταψηφίζεται,
751 1993 815 2024 τοὺς
835 1992 864 2018 δὲ

81 2043 193 2075 λαῖκοὺς
208 2044 345 2078 ἀφορίζει⁷

918 1584 1026 1615 rationi,
1048 1591 1099 1617 qua
1122 1583 1247 1610 Christus
1274 1591 1289 1610 a
1317 1584 1428 1611 mortuis
1443 1585 1575 1611 redivivus
1591 1585 1696 1612 enstitit

916 1629 1079 1662 delerentes,
1105 1630 1207 1664 agitare
1230 1630 1400 1664 permissum.
1428 1630 1460 1656 Et
1485 1638 1570 1657 canon
1589 1630 1697 1665 quidem

916 1668 999 1708 addit,
1030 1676 1051 1702 si
1078 1681 1190 1709 possunt
1207 1683 1213 1701 :
1232 1676 1272 1702 lex
1299 1684 1363 1703 vero
1391 1675 1486 1709 cirilis,
1506 1684 1520 1702 a
1539 1676 1698 1704 muneribus

914 1720 958 1747 die
973 1721 1112 1748 Dominico
1124 1721 1289 1748 vacationem
1303 1728 1372 1754 esse,
1387 1722 1408 1748 si
1425 1721 1603 1755 agricolarum
1614 1727 1696 1754 opera

913 1768 1042 1801 excipias,
1058 1769 1169 1795 omnino
1195 1768 1281 1802 jubet.
1307 1767 1359 1794 Illis
1385 1774 1515 1802 namque,
1537 1767 1600 1801 quia
1626 1767 1696 1793 forte

913 1813 1039 1846 operibus
1063 1813 1149 1846 primo
1176 1821 1281 1847 quoque
1312 1817 1432 1848 tempore
1457 1813 1589 1840 obeundis
1612 1812 1695 1839 alium

914 1859 983 1885 diem
997 1859 1098 1892 puriter
1112 1860 1343 1885 accommodatum
1361 1859 1480 1885 nancisci
1497 1866 1549 1885 non
1565 1859 1599 1884 ita
1617 1857 1695 1885 facile

918 1903 1015 1935 fuerit,
1034 1903 1170 1930 Dominico
1187 1911 1294 1938 quoque
1317 1904 1360 1930 die
1384 1911 1492 1938 operam
1517 1904 1630 1930 novandi
1654 1902 1696 1929 fa—

912 1948 999 1975 cultas
1016 1955 1143 1986 col-cessa
1157 1954 1208 1975 est.
1227 1949 1260 1975 Et
1274 1956 1337 1975 vero
1352 1949 1565 1984 scptuagesimus
1591 1955 1697 1983 quoque

917 2000 1074 2021 sanctorum
1089 1995 1269 2029 apostolorum
1286 2002 1371 2021 canon
1397 2002 1484 2029 neque
1505 1993 1607 2029 jejunia
1632 2001 1696 2020 cum

917 2039 1017 2067 Judaeis
1032 2047 1170 2072 exercere,
1185 2046 1233 2066 nec
1249 2039 1331 2067 festos
1347 2039 1404 2066 dies
1417 2047 1508 2074 agere,
1518 2039 1609 2066 ﬁdeles
1621 2039 1695 2066 sinit:

82 2099 175 2118 verum
192 2093 236 2127 qui
254 2091 278 2118 id
293 2091 414 2124 fecerint,
428 2089 512 2118 sacris
529 2089 637 2125 quidem
652 2087 791 2116 ordinibus
819 2086 938 2114 initiatos
967 2087 1142 2119 depositione,
1173 2086 1256 2114 laicus
1287 2093 1350 2113 vero
1387 2085 1582 2121 segregatione,
1611 2084 1695 2112 teneri

83 2139 166 2165 iubet.

83 2140 127 2163 ἰιι
159 2158 166 2165 .

212 2193 222 2210 ι
244 2183 281 2211 Οὑ
308 2182 447 2210 Σὰὁόατον
469 2179 770 2218 ἀργήσειΧριστιανὺς,
797 2179 864 2205 ἀλλὰ

355 2239 364 2255 ι
386 2229 539 2264 Κυριακήν.
556 2238 566 2254 ι

917 2174 1031 2203 ARIST.
1052 2185 1061 2202 ι
1082 2176 1250 2204 Christianos
1263 2183 1315 2202 non
1331 2174 1466 2209 Sabbato,
1485 2174 1531 2203 sed
1546 2175 1590 2203 die
1605 2175 1696 2204 Domi-

1183 2231 1192 2247 I
1206 2223 1265 2249 nica
1281 2221 1402 2248 feriatur.
1420 2231 1430 2246 ι

128 2275 266 2307 Ἰουδαῖζει
284 2275 337 2310 γὰρ
359 2276 388 2301 ἐν
410 2274 448 2309 τῷ
469 2275 599 2309 Σαϐϐάτῳ
634 2273 772 2309 σχολάζων
797 2272 862 2306 Χρι-

953 2268 1123 2296 Christianus
1137 2268 1208 2294 enim
1226 2268 1270 2303 qui
1288 2268 1313 2295 in
1332 2267 1449 2294 Sabbalo
1463 2273 1551 2300 vacat,
1565 2267 1693 2302 judaizat.

86 2326 204 2354 στιανὸς.
222 2322 271 2348 Διὰ
286 2322 364 2348 τοῦτο
377 2322 416 2347 δεῖ
437 2321 600 2356 ἐργάζεσθαι
629 2321 657 2347 ἐν
670 2320 738 2355 αὐτῇ
761 2319 863 2354 ἡμέρᾳ,

87 2369 228 2404 σχολάζειν
239 2369 267 2395 δὲ
282 2370 310 2396 ἐν
324 2370 357 2403 τῇ
375 2369 513 2403 κυριακῇ.

383 2413 501 2440 ΚΑΝΩΝ
521 2411 558 2439 Λ’.

90 2472 99 2488 ι
124 2462 186 2490 ’Ότι
214 2462 245 2487 οὐ
274 2462 314 2488 δεῖ
337 2461 475 2495 ἱερατικὸν
495 2461 512 2496 ἢ
530 2458 683 2495 κληρικὶινῆ
699 2457 819 2492 ὰσκητὴν
834 2456 862 2481 ἐν

128 2518 137 2534 ι
162 2508 295 2542 βαλανείῳ
321 2507 392 2542 μετὰ
417 2506 553 2540 γυναικῶν
580 2503 771 2534 ἀπολούεσθαι,
799 2501 866 2537 μηδὲ

128 2564 137 2580 ι
162 2555 250 2581 πάντα
266 2553 439 2587 Χριστιανὸν,
455 2551 472 2587 ἢ
487 2551 580 2578 λαῖκόν
593 2559 601 2567 ·
622 2550 691 2585 αὕτη
701 2550 755 2584 γὰρ
771 2550 865 2584 πρώτη

128 2611 137 2627 ι
162 2601 334 2634 κατάγνωσις
349 2600 406 2630 τοῖς
419 2598 533 2624 ἔθνεσιν.
554 2606 564 2623 ι

125 2647 223 2674 ΒΑΛΣ.
244 2647 288 2674 Ἔν
302 2645 339 2681 τῷ
354 2644 392 2677 οξ¹
407 2644 499 2671 κανόνι
511 2643 561 2678 τῆς
579 2646 606 2675 ς’
620 2642 739 2674 συνόδου,
759 2642 794 2668 τὰ
815 2642 866 2667 ωὑ-

89 2695 123 2722 τὰ
134 2693 173 2729 τῷ
188 2693 300 2728 παρόντι
318 2693 409 2719 κανόνι
435 2689 611 2725 διοριζομένῳ
638 2688 866 2724 ἀπαραλλάκτως,

90 2741 250 2776 ἐγρὰψαμεν
265 2739 298 2765 τὰ
310 2738 433 2771 δόξαντα.

127 2786 247 2814 ZQNAP.
270 2785 307 2812 Τὸ
338 2782 516 2810 συλλούεσθαι
547 2783 670 2817 γυναιξὶν
696 2782 797 2816 ἄνδρας
819 2780 866 2807 καὶ

92 2833 222 2870 βλαϐερόν
238 2833 311 2858 ἐστιν
328 2832 366 2862 εἰς
379 2829 477 2865 ψυχὴν,
491 2829 538 2855 καὶ
563 2828 650 2858 ἄλλως
674 2828 866 2864 ἀσχημοσύνης

93 2881 199 2914 ἁπάσης
212 2879 349 2907 ἐπέκεινα.
362 2877 398 2904 Τὸ
414 2875 468 2911 γὰρ
484 2876 589 2911 γυμνὰς
603 2874 717 2909 ὁρᾶσθαι
733 2876 865 2909 γυναῖκας

918 2315 1086 2349 Quapropter
1107 2314 1158 2341 ista
1183 2314 1226 2340 die
1252 2313 1358 2347 operari
1378 2318 1484 2347 oportet
1512 2318 1539 2341 et
1557 2313 1696 2343 Dominita
1724 2314 1726 2316 ’

917 2369 981 2388 Vacu
985 2368 1023 2388 re.

1196 2406 1309 2435 CANON
1331 2406 1416 2433 XXX.

919 2464 929 2481 ι
947 2455 1020 2488 Quod
1039 2463 1091 2483 non
1118 2460 1224 2490 oportet
1249 2458 1395 2486 sacratum,
1420 2453 1460 2480 vel
1488 2453 1623 2485 clericum,
1653 2453 1696 2480 vel

955 2512 964 2529 ι
986 2503 1160 2534 monachum,
1185 2502 1212 2529 in
1232 2502 1327 2529 balneo
1341 2509 1401 2528 eum
1420 2500 1577 2528 mulieribus
1591 2498 1673 2526 lavari
1686 2518 1694 2529 ,

953 2559 963 2576 ι
982 2557 1068 2584 neque
1085 2556 1190 2576 omnem
1208 2549 1314 2582 penitus
1325 2547 1518 2577 Christianum,
1530 2545 1571 2572 vel
1584 2544 1693 2572 lalcum.

953 2605 962 2621 ι
981 2594 1042 2622 Haec
1065 2600 1105 2622 est
1122 2594 1192 2621 enim
1215 2594 1299 2629 prima
1318 2593 1442 2627 gentibus
1461 2590 1659 2618 condemnatio.
1681 2598 1692 2616 ι

897 2636 900 2637 ν
949 2641 1046 2669 BALS.
1063 2641 1092 2668 In
1109 2648 1211 2668 canone
1235 2640 1268 2666 77
1291 2643 1373 2666 sexta:
1399 2636 1504 2672 synodi,
1530 2635 1575 2670 qui
1600 2636 1694 2663 eadem

917 2687 1029 2717 omnino
1054 2695 1113 2714 cum
1139 2686 1261 2722 praesenti
1285 2689 1388 2711 canone
1412 2681 1516 2712 statuit.
1539 2680 1695 2715 scripsimus

918 2742 978 2770 quae
992 2735 1048 2762 visa
1063 2733 1180 2761 luerunt.

953 2780 1078 2808 ZONAR.
1089 2779 1168 2807 Viros
1182 2785 1242 2805 cum
1256 2775 1363 2803 feminis
1376 2774 1470 2806 lavari,
1485 2777 1541 2800 tum
1554 2778 1594 2800 est
1607 2772 1697 2800 animo

918 2827 1110 2864 perniciosum,
1124 2829 1179 2851 tum
1195 2830 1209 2850 a
1226 2823 1322 2850 decore
1337 2825 1364 2848 et
1380 2821 1520 2848 honestate
1532 2819 1603 2846 omni
1621 2825 1698 2854 pror-

919 2882 965 2903 sus
984 2873 1114 2902 alienum.
1130 2868 1234 2898 Etenim
1249 2868 1272 2897 si
1285 2875 1314 2896 se
1327 2867 1440 2896 invicem
1456 2866 1541 2894 nudos
1559 2864 1610 2893 viri
1634 2871 1694 2892 mu-
