1938 3085
230 108 296 138 1415

858 109 995 150 'rttsun.
1013 109 1209 138 BALSAMUN

1795 107 1876 139 “15

225 152 340 191 troeakut.
358 163 435 196 Quod
453 163 475 190 si
504 162 565 196 quis
597 162 779 190 inllrmitatem
808 164 937 191 obtettdat
964 164 1004 191 vel

1064 165 1127 191 λετὰ
1140 165 1187 192 τοῦ
1203 167 1363 199 ὲπισκῦπου.
1394 167 1439 196 Ὦς
1454 166 1483 192 δέ.
1509 174 1581 197 τινος
1597 164 1763 201 ἀρρωστίαν
1794 173 1875 197 προ-

224 209 341 244 episcopi
361 209 602 243 peregrinationem
623 216 629 234 :
647 207 771 235 dixerunt
794 207 926 242 ejusmodi
942 215 1006 236 cau-

224 264 268 283 sas
282 255 446 288 essejttstas,
460 257 487 281 et
512 253 661 281 sacerdotis
689 254 716 281 itt
744 254 857 281 chorum
887 254 1004 289 priorem

224 303 368 328 adventum
386 307 438 326 non
457 299 617 333 impediunt.

258 345 387 373 ΖΟΝΑῐί.
407 345 546 372 Summam
577 352 592 371 a
620 345 689 371 sacri
719 344 823 372 ordinis
851 345 1006 372 hominibus

225 394 361 420 tttodettlite
378 393 510 419 rationent
528 391 621 418 haberi
638 391 753 418 maxime
777 391 864 418 decet.
889 390 1005 426 Presby-

225 449 296 470 tcros
313 449 404 478 porro,
417 448 471 475 quo
487 446 606 474 tempore
632 440 774 474 cpiscopus
797 441 828 465 :td
857 439 942 465 altare
961 448 1006 466 ac-

223 497 349 516 cessurus
366 493 406 515 cst
421 508 428 517 .
451 482 600 514 anle'illutn
617 487 719 521 ingredi
740 487 829 521 ibiqtte
851 486 944 513 sedere
957 506 964 518 ,
980 490 1007 512 rt

225 535 396 563 il!utnsolttm
415 534 582 568 relinquere,
610 539 653 560 :tttt
680 535 757 567 paulo
784 538 843 566 post
867 532 1005 559 introitum

225 582 314 608 [ιρι-τε
327 601 335 612 ,
356 579 512 613 petulantia:
530 578 658 612 quiddam
685 578 839 612 summique
864 577 1004 604 sacerdotii

226 631 409 660 cotttemptutn
426 625 555 652 ostendit.
576 624 603 651 ιιι
616 631 679 658 ergo
706 630 792 651 canon
827 623 883 650 ﬁeri
911 627 1003 649 vetat:

224 681 284 700 cum
299 673 425 707 episcopo
441 679 504 698 vero
520 670 602 698 simul
623 670 724 705 ingredi
751 670 905 696 sacerdotes
919 691 924 699 .
953 668 1005 695 nisi

225 720 284 754 quis
299 718 367 746 forte
385 718 544 751 intemperie
561 737 569 748 ,
586 716 636 743 hoc
665 722 717 747 est;
736 715 894 750 aegritudine
917 714 1004 748 aliqtta

225 772 360 797 tettcatur,
389 771 476 798 neque
506 762 655 796 longiorem
686 761 774 788 standi
802 768 903 787 moram
936 760 1006 786 ferre

224 815 315 846 quoat,
333 811 462 846 decernit.
490 808 564 841 Quod
582 807 605 834 si
622 808 703 834 etiam
735 814 846 841 peregre
869 806 1005 840 proiectus

224 837 305 884 fiterit
322 837 445 888 aniistes,
468 855 590 889 quamvis
604 853 646 880 alii
676 853 742 880 alios
756 872 764 884 ,
783 851 846 879 dum
867 852 899 878 atl
923 851 1006 878 altare
1020 837 1041 864 Β

225 903 424 937 ingrediuntur,
442 904 622 930 autevcrtant,
639 897 711 925 nulla
731 905 764 924 ex
777 905 809 924 eo
826 903 931 924 summo
961 903 1005 923 ss-

226 949 331 977 cerdoti
350 949 467 982 irtogata
486 946 582 981 injuria
596 944 805 972 cxistintabitttr.

225 995 339 1024 AltlS'l‘.
359 1005 367 1021 ι
390 995 534 1028 Presbyter
559 991 677 1018 tribunal
703 994 767 1016 ante
794 989 946 1023 episcopum
973 995 1007 1014 ne

269 1053 277 1068 ι
300 1041 475 1076 ingrediatur,
491 1045 579 1071 neque
591 1037 695 1064 sedeat.
715 1045 724 1061 ι

265 1089 399 1123 Episcopo
414 1090 548 1121 praesente
563 1088 589 1110 ct
605 1083 775 1110 ministrante
802 1085 864 1108 ante
887 1079 944 1114 ejus
965 1078 1008 1105 in-

228 1137 337 1162 troitum
355 1133 495 1168 presbyter
513 1130 629 1157 tribunal
648 1137 700 1163 ηομ
717 1127 899 1163 ingredietur,
913 1130 941 1153 et
960 1132 1006 1152 se-

227 1182 309 1209 debit.
328 1179 385 1207 Hoc
410 1179 481 1206 cuitu
506 1181 548 1205 est
573 1175 675 1204 ordinis
699 1173 871 1203 conturbatio
895 1178 922 1199 et
943 1178 1007 1199 con-

228 1229 306 1256 fusio.

505 1265 619 1295 CANON
648 1264 727 1292 LVII.

230 1328 239 1344 ι
260 1317 335 1351 Quod
352 1323 404 1343 non
421 1317 526 1348 oportet
542 1313 567 1339 itt
581 1311 647 1338 vicis
674 1316 700 1337 et
726 1308 881 1344 regionibus
904 1307 1007 1343 episco-

265 1373 275 1390 ε
293 1371 340 1398 pos
364 1361 500 1392 constitui,
517 1361 563 1387 sed
580 1358 738 1386 cit'cuitores
755 1365 761 1383 :
775 1363 824 1383 eos
835 1360 924 1382 autem
939 1374 947 1386 ,
959 1354 1006 1389 qui

267 1421 275 1436 ι
298 1410 372 1444 prius
384 1407 520 1435 constituti
537 1405 655 1436 fuerunt,
669 1403 735 1430 nihil
753 1410 834 1436 agere
861 1401 920 1428 sine
943 1408 1009 1428 con-

268 1465 278 1481 ι
295 1461 374 1481 sensu
400 1451 519 1486 episcopi
549 1449 678 1478 civitatis.
707 1447 838 1474 Similiter
869 1450 959 1473 autem
981 1451 1008 1473 et

265 1508 275 1524 ι
296 1497 467 1532 presbyteros
503 1494 568 1535 nihil
593 1500 673 1528 agere
708 1492 766 1519 sine
793 1498 924 1518 consensu
951 1490 1041 1532 epi-c

265 1552 275 1568 ε
295 1541 382 1575 scopi.
400 1549 409 1566 ι

263 1587 362 1615 BALS.
375 1586 426 1614 Alii
445 1585 555 1620 quidem
572 1591 690 1611 canones
716 1584 742 1611 in
758 1584 825 1612 vicis
850 1589 877 1612 et
891 1581 1006 1616 regioni-

230 1637 279 1663 bus
307 1633 515 1667 cborepiscopos
553 1635 580 1657 et
605 1630 775 1666 presbyteros
803 1628 1006 1658 constituendos

228 1681 390 1708 deﬁnierunt
408 1687 415 1706 :
432 1684 549 1713 praesens
562 1683 651 1704 atttem
666 1683 751 1703 canon
760 1676 834 1711 jubet
849 1675 1007 1703 circuitores

229 1725 298 1756 ﬂeri,
308 1729 335 1751 et
351 1730 403 1750 non
419 1722 559 1757 episcopos
572 1729 580 1754 ;
594 1729 628 1748 ne
644 1720 759 1756 dignitas
769 1720 927 1755 episcopalis
946 1719 1005 1746 vtlis

227 1776 255 1797 et
269 1773 424 1803 contempta
441 1768 547 1800 evadat,
564 1771 656 1801 utpote
671 1774 731 1793 cum
746 1773 798 1794 tton
816 1767 912 1794 habeat
921 1767 1005 1801 regio,

229 1816 255 1843 in
272 1822 323 1850 qua
337 1814 475 1841 ordinatus
488 1818 529 1840 est
552 1813 704 1847 episcopus,
720 1812 859 1839 hominum
886 1811 1007 1839 multitu-

227 1860 318 1889 dinem
333 1861 366 1887 ad
387 1859 432 1887 Dei
445 1864 471 1885 et
483 1859 653 1894 episcopatus
667 1858 806 1885 honorem.
829 1856 857 1884 Si
884 1858 930 1893 qui
958 1865 1005 1885 au-

229 1913 293 1939 tem,
310 1906 406 1941 inquit,
422 1910 485 1933 ante
500 1911 630 1932 canonem
647 1908 711 1931 sunt
725 1905 750 1931 in
765 1904 805 1931 his
821 1903 888 1932 locis
903 1903 1005 1932 consti-

229 1953 277 1979 tnti
295 1951 424 1986 episcopi,
441 1957 475 1977 ne
492 1950 648 1985 ejiciatttttr;
677 1949 724 1976 sed
747 1949 844 1977 omniat
862 1955 1005 1977 exerceant

227 2005 289 2025 rum
306 1997 418 2024 scicntia
434 1994 645 2029 metropolitani,
660 1995 704 2029 qui
719 2002 765 2022 eos
783 1994 924 2022 ordinavit.
952 1995 1004 2022 Sed

227 2049 254 2070 et
266 2041 426 2077 presbyteri,
443 2041 542 2075 inquit,
556 2040 622 2067 ttiltil
635 2044 715 2075 agant
726 2040 785 2067 sine
800 2048 931 2068 consensu
947 2040 1005 2075 epi-

227 2089 311 2124 scopi.
325 2087 385 2114 ilaac
401 2088 560 2114 decernente
576 2094 688 2119 canone.
705 2085 804 2114 dixerit
822 2086 954 2122 quispiam
970 2094 1002 2114 ex

222 2135 286 2169 ejus
302 2134 475 2169 intelligentia
490 2133 672 2166 coniecturam
698 2132 818 2166 faciens,
843 2132 912 2167 quod
938 2139 1005 2166 quo-

228 2183 299 2208 niam
318 2181 350 2208 ad
366 2180 411 2207 Dei
425 2184 453 2207 et
465 2179 634 2214 episcopatus
651 2178 734 2213 vergit
746 2179 873 2213 dedecus,
897 2178 920 2206 si
945 2179 1004 2213 epi-
1017 2171 1043 2200 Ῑ)

227 2235 326 2261 sr0pus
340 2227 435 2261 exiguo
450 2225 546 2260 populo
559 2225 658 2258 praesit.
671 2228 698 2252 et
717 2224 776 2252 ideo
791 2230 977 2252 contemnatur
995 2233 1002 2252 :

229 2273 311 2299 tuulto
337 2272 421 2306 magis
447 2279 499 2298 non
518 2274 559 2298 est
576 2271 608 2297 ad
626 2270 673 2297 Dei
690 2271 828 2303 honorem,
845 2270 867 2297 si
893 2271 1005 2298 antistes

228 2322 335 2353 propter
347 2321 527 2352 paupertatem
542 2321 586 2343 eat
603 2317 693 2351 pedes.
708 2322 734 2343 et
748 2317 1004 2350 privetur‘necrssa-

229 2363 285 2390 riis.
303 2362 431 2395 Quocirca
448 2361 475 2388 in
497 2360 624 2388 Ecclesiis
638 2359 820 2388 Orientalibus
832 2380 840 2393 ,
867 2360 893 2388 itt
909 2362 1005 2396 quibus

227 2416 279 2436 non
297 2407 439 2434 admodum
458 2406 533 2433 tttulti
561 2406 734 2433 inveniuntur
760 2405 903 2434 Christiani
919 2427 926 2439 ,
948 2408 1006 2442 epi-

227 2461 323 2488 scopos
339 2452 399 2487 eligi
414 2456 498 2478 lututn
514 2459 565 2478 non
582 2456 633 2478 est.
653 2451 720 2478 Sunt
731 2457 820 2479 autem
834 2453 1004 2486 circuitores,

227 2501 270 2534 qui
289 2499 369 2526 hodie
388 2500 420 2525 ab
435 2497 567 2533 episcopis
582 2503 772 2532 promoventur
785 2497 867 2533 480
885 2500 1005 2526 exarchi.

228 2545 258 2571 lli
275 2545 346 2572 enim
358 2544 620 2575 circumcursanl,et
633 2542 728 2570 delicta
740 2546 836 2572 anlutte
852 2545 1005 2579 observant,

226 2598 252 2617 ct
261 2591 351 2618 ﬁdeles
362 2591 510 2625 periit-ium.
520 2589 588 2624 Lege
598 2589 676 2616 etiam
688 2594 793 2618 sextum
805 2598 933 2619 canonent
945 2592 1008 2620 Sar-

226 2637 342 2664 diceusis
351 2636 455 2670 synodi.

1057 210 1219 244 ϐαλλομένου
1242 212 1258 245 ἢ
1283 212 1438 247 ἀποδημίαν
1451 211 1499 238 τοῦ
1521 212 1682 243 ἑπισκὸπου,
1710 209 1805 236 εἶπον
1834 211 1875 236 τὰ

1055 257 1166 283 τοιαῦτα
1176 258 1248 284 αἴτια
1272 257 1370 292 εὔλογα
1385 253 1463 289 εἶναι,
1487 258 1534 284 καὶ
1547 259 1597 292 τὴν
1612 256 1729 292 πρόοδον
1746 256 1812 291 τὴν
1827 257 1873 286 εἰς

1056 303 1086 329 τὸ
1099 303 1174 338 βῆμα
1186 303 1233 330 τοῦ
1258 305 1351 339 ἱερέως
1371 305 1420 331 οὐκ
1434 303 1633 338 ἐμποδίζουσιν.

1092 350 1212 378 ΖΩΝΑΡ.
1229 351 1322 377 Πᾶιαν
1345 350 1471 382 εὐταξίαν
1498 351 1527 376 ὲν
1554 352 1607 380 τοῖς
1625 349 1804 384 ίερωμένοις
1826 349 1873 374 δεῖ

1056 395 1255 422 πολιτεύεσθαι.
1276 397 1312 422 Τὸ
1325 396 1364 425 δὲ,
1382 396 1429 422 τοῦ
1444 395 1595 423 ἐπισκόπου
1613 395 1767 430 μέλλοντος
1785 395 1870 420 εἰσο-

1056 441 1143 468 δεύειν
1175 443 1214 473 είς
1237 442 1266 468 τι
1297 442 1510 477 θυσιαστήριον,
1542 442 1603 473 τοὺς
1636 440 1868 476 πρεσϐυτέρους

1056 488 1280 523 προεισέρχεσοαι
1308 488 1356 514 καὶ
1372 487 1507 522 καθῆσθαι
1530 487 1597 518 ἐκεῖ,
1620 487 1753 512 κάκεῖνον
1770 485 1867 519 μόνον

1055 534 1141 569 ὲᾷν,ῆ
1161 534 1220 568 μετ’
1233 533 1323 567 ὀλίγον
1337 533 1386 567 τὴν
1401 532 1503 559 εἴσοδον
1519 533 1606 558 ποιεῖν
1617 552 1624 561 ,
1640 531 1763 563 ἀταξίας
1782 529 1862 560 ἐστὶ,

1055 581 1102 608 καὶ
1119 581 1158 612 εἰς
1186 580 1389 614 καταφρόνησιν
1405 578 1453 605 τοῦ
1481 578 1644 614 ἀρχιερέως.
1663 578 1712 603 Διὸ
1743 576 1863 603 κωλύει

1055 626 1133 653 τοῦτο
1159 628 1173 653 ὸ
1187 626 1296 652 κανών·
1323 626 1487 652 συνεισιέναι
1504 626 1532 652 δὲ
1558 625 1598 658 τῷ
1619 623 1773 657 ὲπισκὸπῳ
1793 624 1863 653 τοὺς

1057 672 1138 706 ἱερεῖς
1147 671 1302 706 διορίζεται,
1315 672 1338 697 εί
1355 672 1391 707 μή
1405 671 1456 698 πού
1467 680 1507 703 τις
1520 670 1668 705 ἁνωμάλω;
1679 670 1752 704 ἔχει,
1767 670 1864 704 ἦγον-δ

1056 716 1238 753 νοσηλεύεται,
1253 718 1298 744 καὶ
1310 718 1339 743 οὐ
1354 717 1465 743 δύναται
1483 717 1529 743 ἐπὶ
1545 716 1613 743 πολῦ
1629 716 1780 742 ἵστασθαι.
1802 715 1862 741 Καὶ

1055 763 1099 790 ὅτε
1114 763 1141 789 ὄλ
1159 763 1293 798 ἀποδημεῖ
1315 763 1495 798 ὀάρχιερεὺς,
1510 763 1559 788 οὐκ
1577 763 1616 793 εἰς
1635 761 1863 796 καταφρόνησιν

1055 808 1137 836 αὑτοῦ
1156 809 1261 843 γίνεται
1275 809 1305 835 τό
1319 817 1396 840 τινας
1411 809 1465 834 τῶν
1481 808 1632 843 ἀρχιερέων
1647 808 1716 839 ίσως
1735 814 1862 842 προεισ-

1056 855 1144 882 ελθεῖν
1157 855 1211 882 τῶν
1222 855 1310 882 ἄλλων
1324 855 1364 886 εἰς
1377 854 1406 881 τὸ
1420 854 1626 889 θυσιαστήριον.

1056 987 1168 1014 ΑΡΙΣΤ.
1191 996 1200 1013 ι
1216 986 1403 1022 Πρεσϐύτερος
1416 988 1457 1019 εὶς
1474 987 1549 1022 βῆμα
1565 987 1616 1023 πρὸ
1628 986 1676 1013 τοῦ
1691 987 1859 1013 ἐπισκόπου

1218 1043 1227 1059 ι
1241 1034 1297 1060 ὀὒκ
1311 1034 1435 1064 εἴσεισιν,
1452 1033 1512 1060 οὐδὲ
1527 1033 1656 1069 κάθηται.
1672 1042 1682 1058 ι

1094 1080 1230 1114 Παρόντος
1244 1079 1292 1106 tto-‘3
1309 1080 1459 1106 ἐπισκόπου
1472 1081 1519 1106 καὶ
1538 1079 1771 1115 λειτουργοῦντος
1800 1079 1857 1113 πρὸ

1056 1127 1105 1162 τῆς
1115 1126 1218 1152 είσόδου
1244 1126 1326 1153 αὑτοῦ
1348 1127 1398 1153 οὐκ
1419 1126 1529 1162 εξσέλθῃ
1551 1127 1742 1161 πρεσϐύτερος
1760 1127 1794 1152 ὲν
1816 1125 1857 1160 τῷ

1058 1173 1239 1209 βήματι,.καὶ
1253 1172 1370 1200 καθίσει.
1396 1172 1482 1199 Τοῦτο
1505 1173 1560 1208 γὰρ
1585 1171 1686 1205 ἀταξία
1709 1172 1776 1199 ἐπὶ
1809 1173 1856 1198 καὶ

1058 1220 1200 1255 σύγχυσις.

1347 1265 1467 1292 ΚΑΝΩΝ
1484 1265 1546 1292 NZ'.

1060 1322 1070 1339 ι
1091 1313 1153 1340 Ὅτι
1167 1314 1198 1340 οὐ
1224 1313 1264 1340 δεῖ
1286 1313 1316 1340 ὲν
1331 1313 1390 1344 ταῖς
1413 1311 1519 1346 κώμαις
1537 1311 1584 1338 καὶ
1609 1311 1638 1336 ἐν
1650 1311 1712 1342 ταῖς
1741 1310 1852 1345 χώραις

1094 1369 1103 1386 t
1120 1359 1298 1387 καθίστασθαι
1326 1359 1516 1389 ἐπισκόπους,
1545 1357 1612 1385 ἀλλὰ
1646 1356 1849 1392 περιοδευτάςι

1094 1416 1104 1433 ι
1120 1408 1182 1439 τοὺς
1198 1408 1288 1442 μέντοι
1304 1406 1354 1442 ήδη
1367 1405 1641 1441 προκατασταῡέντας
1653 1405 1741 1439 μηδὲν
1758 1405 1848 1438 πράτ-

1092 1461 1102 1479 ι
1121 1461 1179 1480 τειν
1192 1453 1255 1480 ἄνευ
1273 1453 1385 1488 γνώμης
1401 1452 1446 1478 τοῦ
1471 1452 1620 1479 ἐπισκόπου
1635 1451 1682 1478 τοῦ
1700 1452 1733 1477 ἑν
1749 1453 1784 1485 τῇ
1800 1451 1849 1477 πό-

1094 1507 1103 1523 (
1120 1498 1171 1524 λει.
1205 1497 1341 1529 Ὡσαύτως
1354 1497 1382 1524 δὲ
1403 1497 1448 1524 καὶ
1463 1497 1525 1528 τοὺς
1542 1496 1748 1531 πρεσϐυτέρους
1762 1496 1849 1530 μηδὲν

1095 1553 1104 1570 t
1124 1543 1255 1579 πράττειν
1267 1543 1332 1570 ἄνευ
1347 1543 1397 1577 τῆς
1410 1543 1524 1578 γνώμης
1536 1542 1582 1569 τοῦ
1597 1543 1764 1569 ἐπισκόπου.
1788 1551 1799 1568 ι

1091 1589 1187 1616 ΒΛΔΣ.
1207 1589 1298 1616 ’Δλλοι
1313 1589 1362 1624 μὲν
1381 1589 1492 1620 κανόνες
1512 1589 1542 1615 ὲν
1556 1589 1615 1619 ταῖς
1628 1588 1740 1620 κώμαις
1757 1588 1808 1615 καὶ
1819 1589 1847 1614 ἐν

1054 1635 1110 1665 τοῖς
1128 1633 1237 1670 χωρίοις
1257 1634 1483 1669 χωρεπισκόπους
1500 1634 1547 1660 καὶ
1573 1633 1783 1668 πρεσϐυτέρους
1798 1642 1846 1659 κα-

1055 1679 1197 1706 θίστασθαι
1221 1679 1398 1714 διωρίσαντο·
1414 1680 1429 1705 ὁ
1440 1679 1468 1706 δι
1483 1678 1576 1712 παρὼν
1593 1678 1687 1705 κανὼν
1700 1678 1845 1713 περιοδεύ-

1055 1725 1104 1757 τὰς
1116 1725 1338 1759 παρακελεύεται
1348 1725 1482 1758 γίνεσθαι,
1493 1726 1538 1751 καὶ
1556 1724 1592 1759 μὴ
1605 1724 1786 1755 ἐπισκόπους,
1803 1725 1844 1750 ἱνα

1056 1770 1093 1805 μὴ
1107 1771 1217 1805 γένηται
1234 1769 1469 1805 εὐκαταφρόνητος
1484 1770 1502 1804 η
1522 1768 1726 1804 ἀρχιερωσύνη,
1742 1769 1781 1800 ὡς
1808 1769 1843 1803 μὴ

1054 1815 1168 1851 ἐχούσης
1181 1817 1229 1850 τῆς
1246 1818 1338 1851 χώρας
1350 1816 1380 1842 ὲν
1429 1814 1619 1851 ἐχειροτονήθη
1644 1815 1659 1841 ὁ
1682 1815 1840 1846 ἐπίσκοπος,

1055 1861 1157 1896 πλῆθος
1181 1861 1335 1897 ἀνθρώπων
1356 1861 1397 1893 είς
1414 1861 1495 1896 τιμὴν
1517 1861 1565 1886 τοῦ
1583 1860 1651 1886 Θεοῦ
1668 1862 1715 1887 καὶ
1727 1861 1778 1895 τῆς
1792 1862 1840 1895 ἀρ-

1055 1905 1231 1941 χιερωσύνης.
1246 1906 1277 1932 Et
1289 1906 1317 1932 δέ
1329 1914 1413 1939 τινες,
1429 1906 1514 1941 φησι,
1541 1905 1593 1940 πρὸ
1605 1905 1653 1931 τοῦ
1670 1907 1783 1938 κανόνος
1794 1916 1840 1932 κα-

1053 1951 1224 1987 τεστάθησαν
1237 1952 1266 1978 ὲν
1289 1954 1344 1984 τοῖς
1361 1953 1492 1984 τοιούτοις
1515 1952 1670 1984 ἐπίσκοποι,
1689 1953 1728 1988 μὴ
1743 1953 1839 1988 ἐκϐλη-

1055 1997 1178 2033 Θήτωσαν
1190 2007 1196 2013 ·
1214 1997 1272 2025 ἀλλ’
1291 1998 1411 2024 ἔστωσαν
1427 1997 1602 2033 ἐνεργοῦντες
1618 1998 1653 2025 τὰ
1667 1999 1760 2026 πάντα
1774 1998 1837 2033 μετά

1054 2044 1182 2078 εἰδήσεως
1197 2043 1242 2070 τοῦ
1266 2043 1504 2079 χειροτονήσαντος
1516 2043 1614 2075 αὐτοὺς
1628 2044 1836 2079 μητροπολὴου.

1060 2089 1141 2117 Ἀλλὰ
1163 2091 1210 2117 καὶ
1225 2089 1250 2116 οι
1272 2089 1464 2125 πρεσϐύτεροι,
1482 2091 1566 2124 φησὶ,
1588 2091 1672 2124 μηδὲν
1689 2090 1756 2117 ἄνευ
1770 2091 1834 2124 γνώ-

1057 2143 1110 2170 μης
1125 2134 1172 2161 τοῦ
1193 2135 1343 2161 ἐπισκόπου
1359 2135 1661 2170 πραττέτωσαν.Ταῦτα
1672 2135 1720 2162 τοῦ
1731 2137 1835 2168 κανόνος

1056 2181 1247 2216 διοριζομένου,
1267 2180 1339 2206 εἴποι
1354 2189 1405 2213 τις,
1417 2182 1465 2215 τῆς
1476 2181 1579 2213 ἐννοίας
1595 2182 1692 2207 τούτου
1708 2191 1835 2209 καταστο-

1057 2225 1215 2261 χαζόμενος,
1229 2225 1277 2258 ὡς,
1293 2226 1353 2252 ἐπεὶ
1368 2227 1464 2260 ἀτιμία
1477 2225 1523 2252 τοῦ
1540 2226 1606 2252 Θεοῦ
1626 2227 1675 2253 καῖ
1685 2227 1735 2262 τῆς
1752 2228 1835 2263 ἀρχιε-

1058 2271 1181 2308 ρωσύνης
1200 2272 1259 2298 ἐστὶ
1281 2272 1311 2298 τὸ
1328 2271 1508 2306 προΐστασθαι
1538 2272 1583 2298 τὸν
1599 2273 1753 2300 ἐπίσκοπον
1777 2274 1835 2301 λαοῦ

1057 2316 1157 2352 ὀλίγου,
1190 2317 1335 2344 κάντεῦθεν
1360 2315 1436 2353 εῖναι
1459 2317 1720 2352 εὐκαταφρόνητον·
1754 2319 1834 2353 πολλῷ

1055 2363 1137 2389 πλέον
1151 2362 1201 2389 οὐκ
1226 2362 1303 2389 ἐσται
1317 2352 1385 2397 πρός
1400 2362 1481 2398 τιμὴν
1494 2363 1542 2389 τοῦ
1555 2363 1622 2389 Θεοῦ
1637 2364 1668 2389 τὸ
1686 2365 1755 2399 πεζῇ
1770 2352 1836 2399 βαδί-

1054 2407 1111 2440 ζειν
1122 2408 1253 2443 ἀρχιερέα
1275 2407 1318 2435 διὰ
1334 2409 1429 2435 πενίαν
1446 2409 1492 2435 καὶ
1508 2409 1664 2442 στερεῖσθαι
1685 2410 1742 2436 τῶν
1757 2412 1831 2444 ἀναγ-

1054 2455 1148 2481 καίων.
1162 2454 1242 2481 ”Οθεν
1256 2454 1286 2480 τὸ
1304 2454 1472 2489 ψηφίζεσθαι
1489 2455 1656 2486 ἐπισκόπους
1683 2456 1725 2486 είς
1740 2456 1832 2491 ἐκκλη-

1059 2501 1119 2531 σίας
1133 2501 1303 2532 ἀνατολικὰς,
1325 2503 1365 2532 εις
1391 2501 1435 2533 ἃς
1450 2501 1554 2536 μέτριοι
1581 2503 1653 2528 πάνυ
1667 2505 1834 2539 εὑρίσκονται

1059 2546 1229 2583 Χριστιανοὶ,
1250 2547 1300 2573 οὐκ
1315 2547 1444 2581 ἀσφαλές.
1468 2547 1644 2583 Περιοδευταὶ
1672 2549 1702 2576 δέ
1726 2551 1795 2576 εἰσιν
1813 2551 1834 2576 οἱ

1062 2595 1179 2629 σήμερον
1193 2594 1405 2628 προϐαλλόμενοι
1431 2595 1506 2629 παρὰ
1519 2595 1573 2621 τῶν
1588 2596 1746 2622 ἐπισκόπων
1763 2598 1835 2632 ἐξαρ·

1061 2649 1114 2676 χοι.
1130 2638 1208 2668 Οὗτοι
1223 2641 1276 2675 γὰρ
1290 2641 1475 2676 περιοδεύουσι
1494 2642 1540 2668 καὶ
1563 2644 1724 2678 ὲπιτηροῦσι
1740 2647 1774 2672 τὰ
1788 2647 1833 2680 ψυ-

227 2684 291 2718 χικὰ
317 2683 472 2716 σφάλματα,
501 2683 546 2708 καὶ
572 2684 762 2720 καταρτίζουσι
779 2685 842 2716 τοὺς
869 2685 1000 2717 πιστούς·
1025 2686 1162 2721 ἀνάγνωθι
1189 2688 1293 2714 καὶτὸν
1321 2687 1347 2720 ς’
1369 2688 1469 2714 κανόνα
1495 2691 1544 2724 τῆς
1562 2690 1590 2716 ἐν
1623 2691 1743 2728 Σαρδικῇ
1777 2702 1832 2720 συν-

227 2731 296 2756 ύδου.

263 2774 387 2802 ZONAR.
403 2775 507 2803 Eximia
519 2781 560 2803 est
574 2777 672 2803 summi
696 2777 843 2804 sacerdotis
869 2772 982 2813 dig'ttitas
997 2788 1004 2808 :

227 2825 254 2846 at
269 2821 290 2847 si
305 2821 332 2847 iu
350 2820 423 2850 vico.
440 2825 484 2847 aut
511 2821 536 2848 itt
553 2821 660 2855 regione
673 2841 680 2854 .
702 2821 727 2848 in
744 2828 795 2856 qua
821 2829 906 2858 neque
927 2824 1007 2852 urbes

1096 2777 1218 2804 ΖΩΝΑΡ.
1236 2778 1273 2804 Τὺ
1286 2777 1474 2813 ἀρχιερατικδν
1500 2779 1608 2814 ἀξίωμα
1635 2782 1745 2818 ἔντιμόν
1761 2788 1830 2813 ἐστι·

1058 2823 1125 2850 τὸδὲ
1137 2824 1166 2850 ὲν
1176 2832 1179 2836 ’
1189 2823 1267 2860 κώμῃ
1281 2823 1297 2859 ἤ
1311 2825 1340 2850 ὲν
1354 2824 1440 2860 χώρᾳ,
1461 2824 1524 2852 ἔνθα
1550 2827 1588 2862 μὴ
1606 2828 1683 2860 πόλις
1700 2831 1756 2856 ἐστὶ
1771 2833 1830 2866 μηδὲ
