1938 3085
147 137 214 170 1449
242 144 244 146 ’

703 138 743 168 ΙΝ
759 137 841 169 CAN.
863 111 920 168 VIi
948 136 1052 168 CONC.
1080 136 1227 170 SARDIC.

1699 138 1766 170 1450

144 197 263 231 γίνεται,
277 195 334 222 ἀλλ’
347 191 388 227 οἷς
402 195 420 230 ἡ
443 194 594 231 χειροτονία
616 194 672 222 τῶν
688 195 846 222 ἐπισκόπων
862 195 919 221 ἀπο

982 194 1051 221 ratio
1069 197 1121 226 est,
1135 197 1164 220 et
1183 193 1218 220 ab
1236 193 1280 226 iis,
1302 191 1402 228 quibus
1425 192 1568 228 episcopos
1588 192 1698 221 creandi
1722 193 1766 227 ius

142 242 300 277 νενέμηται,
315 241 415 268 ἐκεῖνοι
428 241 472 268 διὰ
487 241 541 268 τῶν
558 241 716 268 ἐπισκόπων
728 241 778 276 τῆς
792 240 927 275 ἐπαρχίας

144 287 308 323 ψηφίζονται
333 287 397 319 τοὺς
413 287 563 322 ἀρχιερεῖς.
589 286 668 322 Ἑξῆς
688 286 717 313 δὲ
731 286 746 312 ὁ
768 285 857 313 κανὼν
870 286 929 314 δια-

140 334 268 361 τάττεται
293 331 331 368 μή
356 332 480 367 γίνεσθαι
509 332 660 358 ἐπίσκοπον
683 331 712 357 ὲν
730 330 811 366 κώμῃ
835 330 890 357 τινὶ
909 330 927 366 ἢ

141 379 217 406 πόλει
238 379 335 414 μικρᾷ.
355 375 436 415 ᾔκαὶ
462 374 504 409 εἷς
530 377 717 413 πρεσὸύτερος
740 377 834 412 ἀρκεῖ·
850 376 865 403 ὅ
879 376 928 403 καὶ

140 425 155 451 ό
173 424 211 457 νζ*
223 423 315 451 κανὼν
338 424 390 459 τῆς
416 424 446 450 ἐν
468 423 615 459 Λαοδικείᾳ
637 423 746 450 συνόδου
768 421 925 457 διωρίσατο.

144 470 309 507 Προστίθησι
337 470 366 497 δὲ
391 470 406 497 ὁ
434 469 524 497 κανὼν
548 466 626 502 οὖτος
644 469 685 496 ὅτι
711 470 762 496 οὐκ
777 469 927 503 ἀναγκαῖόν

142 518 216 543 ἔστιν
232 516 381 543 ἐπίσκοπον
397 516 457 542 ἐκεῖ
469 516 660 547 καθίστασθαι.
673 515 710 547 ὥς
724 514 758 542 ἂν
775 515 813 550 μὴ
828 523 928 541 κατευ-

139 563 279 597 τελίζηται
294 563 325 588 τὸ
338 561 423 597 ὄνομα
440 561 488 588 καὶ
503 562 522 596 ὴ
539 561 670 589 αὑθεντία
689 561 737 588 τοῦ
751 561 902 588 ἐπισκόπου
912 568 921 577 ⁸

139 609 197 636 ἀλλ’
212 609 237 635 οἱ
250 608 300 643 τῆς
314 608 451 644 ἐπαρχίας
471 607 575 644 πρῶτοι
592 607 749 639 ἐπίσκοποι,
767 607 792 634 oi
819 615 922 642 μητρο-

139 655 248 682 πολίται
259 655 370 690 δηλαδὴ,
381 655 479 681 ἐκεῖνοι
493 653 631 689 ὀφείλουσι
642 654 729 681 ποιεῖν
744 653 924 686 ιπισκόπους,

139 703 207 729 ὃπου
229 702 276 728 καὶ
296 701 439 736 πρότερον,
457 700 541 736 ἤγουν
567 701 599 727 ἐκ
621 699 752 731 παλαιοῦ,
772 697 844 735 ἦσαν
862 699 925 725 ἐπί-

140 756 248 775 σκοποι.
264 747 296 773 Εἰ
309 747 338 773 δέ
354 755 407 778 τις.
430 748 508 782 φησὶ,
531 746 609 778 πόλις
622 747 754 781 πρότερον
772 746 810 781 μὴ
824 745 924 781 ἔχουσα

140 794 242 829 πλῆθος
267 793 335 820 πολὺ
351 793 482 825 πολιτῶν,
500 793 656 829 εὑρίσκοιτο
680 791 751 828 μετὰ
767 792 855 819 ταῦτα
875 800 924 826 γε-

132 840 238 875 νομένη
265 838 457 874 πολυπληθὴς,
478 838 516 870 ὡς
547 838 627 872 ἀξίαν
653 837 738 874 αὐτὴν
758 837 923 873 νομισθῆναι

979 244 1032 271 est.
1047 239 1144 267 summi
1162 246 1271 274 quoque
1294 239 1450 267 sacerdotes
1474 247 1522 274 per
1545 240 1685 274 episcopos
1702 248 1763 274 pro-

979 285 1074 313 vincia:
1086 285 1251 320 deliguntur.
1268 285 1297 312 In
1309 285 1343 312 iis
1359 293 1440 320 porro
1451 293 1511 321 quae
1524 289 1684 320 sequuntur,
1698 293 1764 314 con-

979 331 1054 359 stitui
1075 332 1230 365 episcopum
1247 332 1273 358 in
1287 332 1385 367 oppido
1399 333 1524 367 quopiam
1538 352 1545 364 ,
1561 332 1658 359 exilive
1684 333 1764 365 urbe,

978 376 1023 405 cui
1037 376 1079 404 vel
1092 384 1163 404 unus
1179 376 1319 412 presbyter
1337 376 1501 405 suffecturus
1518 378 1564 410 sit,
1579 385 1665 405 canon
1681 381 1764 404 vetat.

977 423 1059 459 5,92
1076 423 1153 456 Quod
1169 423 1279 458 quidem
1297 422 1455 450 Laodicenis
1473 430 1581 458 quoque
1606 422 1701 458 synodi
1713 424 1764 456 ise-

978 471 1064 505 ptimo
1075 474 1101 497 et
1115 469 1340 505 quinquagesimo
1352 477 1455 497 canone
1467 469 1674 497 delinitumfuit.
1684 469 1764 495 Addit

977 522 1042 543 vero
1058 516 1102 542 hic
1118 523 1205 543 canon
1226 521 1369 550 praeterea,
1396 523 1450 543 non
1475 523 1536 543 esse
1561 523 1671 543 necesse
1686 515 1714 542 in
1731 515 1765 543 iis

976 561 1046 589 locis
1059 562 1217 597 episcopum
1239 562 1386 594 constitui,
1403 569 1437 590 ne
1452 562 1557 590 scilicet
1570 562 1689 597 episcopi
1714 569 1764 590 no-

977 615 1039 635 men
1061 615 1094 635 ae
1108 609 1255 636 auctoritas
1279 608 1358 636 facile
1374 608 1506 636 vilescat:
1522 616 1613 635 verum
1639 616 1653 634 a
1669 608 1763 643 primis

976 654 1124 689 provincia:
1139 655 1285 690 episcopis,
1304 655 1428 683 videlicet
1445 663 1460 682 a
1486 655 1709 690 metropolitanis,
1724 655 1762 687 _in

976 699 1011 727 iis
1026 692 1131 728 tantum
1148 700 1226 734 locis,
1247 701 1292 729 ubi
1309 701 1392 729 etiam
1407 701 1494 736 prius,
1511 702 1561 729 hoc
1575 706 1627 734 est,
1644 702 1678 729 ab
1694 702 1763 730 anti-

975 754 1030 781 quo
1043 751 1163 782 tempore
1177 747 1297 780 fuerant,
1319 748 1438 783 episcopi
1462 749 1590 776 collocari
1606 749 1715 777 debent.
1731 749 1760 777 Si

975 795 1065 820 tamen
1081 793 1188 826 urbem,
1203 794 1300 827 inquit,
1317 802 1369 821 non
1388 794 1424 821 ita
1445 794 1590 827 celebrem,
1606 802 1668 821 mox
1685 795 1762 822 inco-

973 837 1060 866 larum
1091 846 1206 866 numero
1236 839 1400 873 frequentari
1424 841 1574 876 contingat,
1590 847 1621 867 ut
1633 841 1686 873 iam
1700 849 1761 868 am-

138 884 291 920 ἐπισκοπῆς
316 884 361 911 διὰ
388 884 419 911 τὸ
445 883 545 919 πλῆθος
574 882 622 909 τοῦ
651 882 729 915 λαοῦ,
754 881 919 918 λαμϐανέτω

982 883 1088 910 ιΙίίὶοειιι
1108 884 1256 919 frequentia
1271 884 1397 920 episcopo
1422 885 1501 920 digna
1525 886 1602 914 sedes
1613 886 1759 922 jud'cvtnr;

137 931 297 964 ἐπίσκοπον,
313 930 364 958 κᾶν
379 929 418 967 μὴ
436 927 469 957 ἐκ
482 928 599 958 παλαιοῦ
613 926 698 965 εἶχεν.

136 1024 247 1051 ΑΡΙΣΤ.
264 1034 275 1050 ‹
292 1024 335 1056 Ει,
353 1024 406 1051 τῶν
418 1023 491 1050 λαῶν
513 1021 729 1058 ὲπικομιζόντων
758 1021 920 1053 iniusto-nov,

176 1081 185 1096 ι
204 1071 228 1096 οἱ
242 1071 387 1096 ἐπίσκοποι
411 1069 653 1103 παρουσιάσουσιν,
665 1064 708 1100 εἷς
724 1066 753 1092 δέ
769 1075 812 1097 τις
824 1066 919 1102 λείπῃ,

173 1124 184 1142 ε
206 1115 412 1150 προσκαλείσθω
426 1115 562 1145 κάκεῖνος.
575 1114 606 1141 EI
621 1113 651 1140 δὲ
664 1112 920 1147 προσκαλούμενος,

177 1169 188 1187 ι
206 1159 267 1186 οὔτε
285 1159 412 1194 γράφειν,
427 1158 489 1185 οὔτε
503 1159 629 1194 ἐνδημεῖν
642 1158 774 1194 βούλοιτο,
791 1158 806 1184 ὀ
822 1158 922 1193 ζητού-

177 1216 187 1232 ι
208 1213 287 1241 μενος
304 1205 523 1241 χειροτονείσθω.
542 1213 551 1230 ι

176 1251 261 1278 Τοῦτο
275 1251 323 1278 νῦν
335 1252 386 1278 οὐκ
400 1252 564 1287 ἐνεργεῖται,
582 1251 612 1278 τὺ
626 1251 700 1286 παρὰ
714 1252 768 1278 τῶν
781 1251 921 1287 κληρικῶν

137 1299 184 1326 καὶ
198 1298 254 1325 τῶν
266 1297 382 1334 πρώτων
404 1297 454 1332 τῆς
480 1297 586 1328 πόλεως
601 1298 650 1329 τὰς
661 1297 771 1332 ψήφους
786 1297 841 1323 τῶν
861 1298 921 1323 tm.

136 1346 246 1372 σκὸπων
277 1344 412 1378 γίνεσθαι,
438 1343 507 1370 ἀλλὰ
535 1344 611 1379 παρὰ
639 1342 847 1379 μητροπολιτῶν
872 1344 921 1370 καὶ

137 1391 293 1418 ἐπισκόπων
319 1387 400 1417 αὗται
424 1389 637 1425 προϐαίνουσιν
662 1390 701 1422 ὡς
728 1391 742 1418 ὁ
766 1389 919 1422 δωδέκατος

134 1437 226 1464 κανὼν
241 1438 290 1472 τῆς
304 1437 332 1463 ἐν
344 1436 491 1472 Λαοδικείᾳ
514 1435 625 1463 συνόδου
642 1436 827 1469 διατάττεται,
844 1437 893 1463 καὶ
905 1436 920 1462 ὁ

137 1484 376 1515 ἐννεακαιδέκατος
385 1484 436 1518 τῆς
449 1483 479 1509 ὲν
494 1481 712 1517 ’Δντιοχείᾳ,καὶ
727 1482 802 1508 ἄλλοι
815 1482 920 1509 πολλοί.

135 1530 182 1555 Δεῖ
193 1529 257 1563 γοῦν
274 1528 290 1563 ἢ
304 1529 407 1559 πάντας
422 1528 551 1563 παρεῖναι
565 1527 629 1559 τοὺς
643 1527 812 1559 ἐπισκόπους
823 1527 871 1555 ἐπὶ
885 1528 918 1563 τῇ

135 1575 229 1610 ψήφῳ,
246 1574 264 1609 ἢ
284 1576 331 1601 καὶ
346 1575 410 1607 τοὺς
428 1574 549 1606 ἀπόντας
561 1572 607 1601 διὰ
619 1573 794 1609 γραμμάτων
811 1573 921 1610 συμψή-

135 1630 202 1656 φους
216 1621 341 1656 γίνεσθαι
358 1623 413 1653 τοῖς
428 1621 558 1657 παροῦσι.

134 1656 246 1696 ΔΙῙΙΣΤ.
263 1677 273 1694 ι
293 1656 502 1703 Μητροπολίτου
516 1667 728 1703 καθισταμενου,
745 1666 794 1693 καὶ
804 1666 829 1692 οἱ
851 1666 920 1701 πλη-

243 1723 252 1740 ι
274 1714 401 1748 σιόχωροι
426 1713 619 1748 μετάπεμπτοι
642 1713 776 1740 ἔστωσαν.
797 1721 807 1737 ι

169 1760 380 1796 Μητροπολίτου
395 1759 540 1794 μέλλοντος
561 1759 744 1794 ψηφισθῆναι,
761 1759 792 1784 οὐ
815 1758 918 1790 πάντες

133 1806 183 1841 τῆς
206 1807 350 1842 ἁπανταχῇ
373 1805 534 1841 διοικήσεως
553 1806 577 1832 οἱ
604 1804 801 1840 μητροπολῖται
817 1805 857 1835 εἰς
869 1805 919 1839 τὴν

133 1849 225 1887 ψῆφον
248 1851 332 1878 αὐτοῦ
357 1851 551 1886 κληθήσονται,
578 1849 636 1877 ἀλλ’
661 1850 686 1876 oi
714 1849 918 1885 πλησιόχωροι·

134 1898 222 1924 ἐκεῖνο
243 1898 297 1933 γὰρ
313 1896 359 1923 καὶ
373 1896 504 1923 ἀδύνατον
521 1895 660 1929 γενέσθαι,
677 1895 767 1930 εἰπερ,
788 1897 858 1922 κατὰ
871 1895 919 1922 τὸν

134 1944 257 1969 εἰκοστὸν
271 1943 397 1977 πέμπτον
423 1941 526 1968 κανόνα
546 1941 595 1976 τῆς
620 1942 649 1967 ὲν
671 1941 825 1976 Χαλκηδόνι
841 1941 919 1968 συνό-

134 1989 192 2021 δου,
207 1989 282 2020 ἐντὸς
309 1989 393 2024 τριῶν
419 1987 513 2022 μηνῶν
539 1987 566 2014 αι
588 1986 751 2022 χειροτονίαι
778 1987 917 2021 ὀφείλουσι

134 2034 260 2069 γίνεσθαι
272 2034 326 2061 τῶν
338 2034 515 2070 χηρευουσῶν
530 2033 698 2060 ἐπισκοπῶν.

134 2081 244 2109 ΑΡΙΣΤ.
256 2091 265 2107 ι
277 2082 323 2112 Εἰς
333 2081 427 2116 ὀλίγην
437 2081 513 2107 πόλιν
519 2082 567 2107 καὶ
580 2081 687 2115 κώμην,
701 2077 774 2118 ᾖκαὶ
782 2078 820 2111 εἷς
835 2080 919 2107 αὐτά-

172 2137 182 2153 (
204 2136 272 2163 ρκης
287 2127 483 2163 πρεσϐύτερος,
497 2126 648 2158 ἐπίσκοπος
663 2126 692 2152 οὗ
705 2126 878 2152 καθίσταται·
893 2127 917 2153 εί

173 2181 182 2197 ι
204 2172 232 2198 δὲ
241 2171 357 2198 πολυανο
362 2172 506 2207 ρωποτάτη
512 2171 617 2204 γένοιτο
625 2171 711 2202 πόλις,
723 2171 772 2197 οὐκ
779 2171 897 2202 ἀνάξιον.
905 2180 914 2196 ι

970 928 999 956 in
1011 936 1042 956 ea
1060 937 1165 964 quoque
1192 930 1363 964 episcopum,
1391 931 1514 965 quamvis
1544 936 1622 959 antea
1657 932 1759 959 nullum

971 974 1106 1008 habuerit,
1120 976 1246 1003 constitui
1263 976 1344 1003 licere
1359 977 1489 1004 decernit.
1658 981 1663 987 ‘

970 1020 1086 1047 ARIST.
1108 1030 1117 1047 ι
1137 1021 1165 1048 Si
1181 1022 1280 1056 populo
1295 1022 1452 1057 episcopum
1474 1027 1617 1057 appetente
1638 1023 1759 1058 episcopi

1009 1075 1020 1093 ‹
1038 1072 1186 1102 praesentes
1201 1067 1312 1100 fuerint,
1329 1075 1398 1095 unus
1411 1075 1476 1095 vero
1492 1068 1623 1101 abfuerit,
1641 1069 1663 1096 is
1675 1070 1757 1097 etiam

1008 1121 1019 1137 ι
1040 1118 1160 1139 vocetur.
1177 1113 1205 1140 Si
1224 1118 1332 1155 vocatus
1354 1119 1442 1141 autem
1459 1122 1547 1148 neque
1561 1115 1690 1146 scribere.
1704 1123 1759 1149 Vne-

1009 1167 1019 1184 ι
1040 1166 1092 1193 que
1108 1159 1238 1187 accedere
1252 1159 1332 1190 velit,
1349 1160 1371 1187 is
1392 1159 1437 1195 qui
1462 1161 1562 1196 petitur
1576 1161 1726 1188 ordinetur.
1744 1171 1755 1188 ι

1007 1249 1080 1277 Istud
1098 1249 1179 1277 hodie
1192 1258 1244 1277 non
1258 1255 1300 1277 est
1317 1251 1344 1277 in
1364 1258 1413 1278 usu
1427 1270 1434 1283 ,
1449 1255 1478 1278 ut
1495 1259 1513 1278 a
1527 1251 1632 1279 clericis
1647 1256 1674 1279 et
1688 1252 1756 1279 civi-

972 1295 1034 1322 tatis
1049 1295 1213 1330 primoribus
1227 1296 1413 1331 episcoporum
1429 1296 1574 1324 electiones
1591 1298 1696 1330 fierent,
1709 1298 1757 1326 sed

972 1341 1030 1369 istae
1047 1349 1120 1369 nunc
1133 1349 1147 1368 a
1164 1342 1380 1374 metropolitanis
1394 1348 1421 1370 et
1443 1344 1578 1382 episcopis
1593 1346 1755 1379 procedunt.

973 1387 1008 1415 Ut
1022 1388 1197 1417 duodecimus
1212 1390 1307 1425 synodi
1325 1389 1499 1418 Laodicensis
1511 1398 1597 1419 canon
1609 1394 1713 1424 statuit,
1728 1397 1756 1420 et

971 1435 1187 1464 undevicesimus
1210 1435 1394 1467 Antioclicnze.
1412 1443 1438 1464 et
1456 1438 1502 1465 alii
1524 1438 1611 1465 multi.
1633 1438 1673 1466 Ad
1691 1447 1755 1466 sen-

971 1483 1083 1510 tentiam
1099 1482 1189 1518 itaque
1203 1483 1342 1510 ferendam
1356 1483 1399 1511 vel
1423 1491 1517 1511 omnes
1530 1485 1672 1520 episcopos
1687 1494 1755 1519 ιιι-ιι·-

971 1533 1062 1556 sentes
1078 1536 1149 1561 esse,
1166 1529 1207 1556 vel
1227 1535 1253 1556 et
1266 1531 1392 1558 absentes
1411 1537 1460 1565 per
1483 1531 1589 1559 litteras
1615 1536 1756 1567 pra-scuti-

970 1575 1021 1604 bus
1036 1576 1190 1604 consentire
1203 1583 1320 1611 ot-oll'tci.

969 1665 1080 1695 ARIST.
1099 1675 1110 1692 ι
1129 1665 1197 1693 Cum
1219 1665 1444 1699 metropolitanns
1459 1666 1642 1697 constituitur,
1662 1666 1744 1694 etiam

1098 1720 1116 1736 c
1128 1709 1208 1738 vicini
1221 1708 1339 1744 episcopi
1357 1713 1421 1736 sunt
1435 1709 1601 1737 accersendi.
1617 1718 1628 1736 ι
1642 1727 1644 1730 μ

1003 1757 1071 1785 Cum
1098 1756 1321 1791 metropolitanus
1341 1760 1383 1783 est
1400 1755 1557 1790 eligendus,
1585 1763 1636 1783 non
1659 1764 1740 1784 omne

970 1805 1125 1838 ubicunque
1149 1803 1213 1836 sint,
1237 1803 1362 1830 dimcesis
1378 1803 1557 1837 metropolitae
1582 1804 1616 1829 ad
1641 1803 1754 1830 electio-

970 1857 1030 1876 nem
1047 1849 1106 1883 ejus
1122 1849 1301 1880 voCabuutur,
1317 1848 1363 1875 sed
1383 1848 1474 1876 vicini.
1491 1848 1558 1875 Illud
1574 1848 1688 1875 enimet
1703 1849 1753 1875 im-

970 1893 1098 1928 possibile
1109 1897 1151 1919 est
1166 1893 1235 1923 lieri,
1255 1892 1278 1919 si
1296 1892 1446 1919 secutulqu
1464 1891 1612 1919 vicesinum
1629 1892 1753 1925 quintum

970 1938 1065 1973 synodi
1079 1937 1306 1965 Chalcedonensis
1321 1944 1453 1964 canonem
1475 1937 1628 1963 vacantium
1643 1937 1753 1971 episco-

969 1989 1077 2017 patuum
1093 1983 1278 2010 ordinationes
1295 1983 1363 2009 intra
1381 1987 1435 2009 tres
1453 1988 1558 2008 inermes
1571 1982 1627 2008 lieri
1643 1982 1752 2009 debent.

967 2073 1131 2102 ΔΒΙΞΤΛη
1149 2081 1231 2108 parva
1245 2072 1312 2099 urbe
1326 2076 1353 2099 et
1365 2071 1432 2104 vico,
1446 2071 1488 2098 cui
1505 2071 1587 2098 etiam
1599 2078 1668 2097 unus
1681 2071 1755 2097 εειιιι-

1007 2129 1017 2146 ι
1036 2120 1089 2148 ciat
1108 2120 1264 2155 presbyter,
1277 2119 1418 2153 episcopus
1433 2125 1486 2145 non
1505 2117 1686 2144 constituitur.
1704 2118 1753 2144 S.n

1006 2176 1016 2193 ε
1036 2167 1133 2202 popqu
1149 2165 1363 2201 frequentissima
1376 2165 1411 2192 sit
1424 2164 1498 2195 urbs,
1515 2171 1566 2190 non
1584 2163 1749 2197 indignum.»

167 2218 225 2244 οὐκ
235 2218 395 2251 ἀναγκαῖον,
413 2217 544 2252 βραχείας
560 2215 643 2251 οὔσης
655 2218 706 2252 τῆς
721 2217 823 2248 πόλεως
836 2215 852 2251 ἢ
865 2217 915 2251 τῆς

1004 2213 1061 2242 Non
1079 2221 1188 2241 necesse
1201 2217 1253 2245 est,
1269 2213 1291 2240 si
1306 2212 1402 2247 exigua
1421 2212 1458 2238 sit
1477 2210 1572 2237 civitas
1591 2214 1639 2237 aut
1656 2217 1750 2244 pagus,

135 2263 242 2298 κώμης,
250 2264 279 2289 ὲν
319 2263 366 2289 καὶ
375 2260 416 2294 εἷς
430 2258 755 2297 πρεσόύτεροςὲπαρκετ,
766 2262 916 2288 ἐπίσκοπον

134 2309 267 2344 γίνεσθαι,
285 2309 328 2334 ἵνα
349 2309 386 2344 μὴ
401 2307 627 2343 κατευτελίζηται
641 2307 672 2334 τὸ
692 2307 739 2333 τοῦ
762 2307 916 2334 ἐπισκόπου

134 2356 229 2391 όνομα.
241 2355 272 2381 Εἰ
284 2355 311 2381 δὲ
334 2355 381 2381 καὶ
402 2354 516 2388 βραχεῖα
544 2353 620 2384 πόλις
648 2352 916 2388 πολυανθρωποτάτῃ

134 2402 250 2436 γένοιτὸ,
267 2401 317 2427 οὐκ
340 2401 454 2432 ἀπεικὸς
478 2400 526 2427 καὶ
548 2401 578 2426 ἐν
601 2399 671 2434 αὐτῇ
689 2397 916 2433 χειροτονηθῆναι

134 2449 292 2475 ἑπίσκοπονι

439 2490 560 2518 ΚΑΝΩΝ
576 2489 614 2516 Z'=.

140 2550 150 2566 ι
171 2540 266 2571 "Octo;
281 2538 430 2569 ἐπίσκοπος
454 2535 551 2564 εἶπεν
575 2536 608 2562 Ἦ
631 2536 745 2571 ἀκαιρία
766 2535 854 2570 ἡμῶν,
870 2534 917 2561 καὶ

171 2587 219 2622 «ἡ
249 2585 334 2621 πολλὴ
361 2584 499 2619 συνέχεια,
524 2583 572 2609 καὶ
606 2583 634 2609 αἰ
670 2582 758 2610 ἄδικοι
789 2581 916 2613 ἀξιώσεις

173 2644 181 2660 t
204 2633 390 2668 πεποιήκασιν
415 2631 489 2666 ἡμᾶς
512 2629 648 2664 τοσαύτην
675 2629 713 2664 μὴ
733 2628 807 2663 ἔχειν
833 2628 915 2662 χάριν

173 2691 181 2706 ι
205 2680 253 2706 καὶ
274 2678 442 2714 παρρησίαν,
476 2678 541 2711 ὅσην
574 2674 718 2710 ὀφείλομεν
749 2673 913 2708 κεκτῆσθαι.

168 2735 179 2751 ί
203 2725 299 2752 Πολλοὶ
318 2725 373 2759 γὰρ
387 2724 441 2750 τῶν
456 2722 614 2749 ἐπισκόπων
629 2721 658 2747 οὐ
671 2719 856 2747 διαλείπουσιν
873 2720 913 2750 εἰς

171 2781 180 2798 ι
203 2771 232 2798 τὸ
261 2769 441 2805 στρατόπεδον
465 2767 694 2803 παραγενόμενοι,
718 2766 765 2792 καὶ
795 2765 913 2800 μάλιστα

173 2829 181 2844 ι
202 2818 228 2845 o’.
245 2819 362 2852 Ἀφροι·
386 2816 498 2847 οἵτινες,
524 2812 615 2844 καθὼς
633 2812 756 2846 ἔγνωμεν
773 2810 848 2846 παρά
865 2810 912 2837 τοῦ

174 2877 182 2892 ι
205 2864 348 2900 ἀγαπητοῦ
372 2862 486 2896 ἀδελφοῦ
517 2860 595 2896 ἡμῶν
629 2859 678 2885 καὶ
711 2857 912 2884 συνεπισκόπου

295 2915 429 2943 l‘naoa.
452 2912 509 2940 tin.
531 2905 707 2939 CXXXVII.

969 2261 1013 2290 ubi
1028 2265 1055 2287 et
1071 2268 1141 2287 unus
1157 2259 1296 2294 presbyter
1311 2257 1437 2289 sulllciat,
1453 2257 1609 2292 episcopum
1630 2256 1700 2288 fieri,
1718 2263 1752 2282 ne

967 2306 1085 2341 episcopi
1100 2313 1199 2332 nomen
1215 2303 1288 2339 parvi
1303 2303 1389 2331 fleret.
1404 2302 1433 2329 Si
1445 2303 1541 2337 exigua
1552 2306 1640 2329 autem
1654 2299 1752 2329 civitas

968 2351 1174 2388 quamplurimis
1201 2350 1302 2384 repleta
1327 2351 1364 2377 sit
1389 2349 1555 2380 hominibus,
1580 2356 1634 2376 non
1656 2349 1753 2376 incon-

968 2406 1064 2432 gruum
1079 2404 1121 2425 est
1135 2402 1162 2425 et
1177 2397 1204 2424 in
1220 2403 1252 2424 ea
1266 2395 1387 2424 ordinari
1405 2395 1572 2430 episcopum.

1254 2483 1371 2513 CANON
1398 2483 1456 2511 VII.

970 2543 980 2560 ε
998 2533 1080 2561 Osius
1097 2531 1239 2567 episcopus
1266 2530 1356 2558 dixit:
1380 2528 1574 2564 lmportunitas
1595 2531 1698 2558 nostra,
1722 2529 1751 2553 et

1007 2590 1016 2606 ι
1035 2579 1116 2608 multa
1134 2568 1288 2609 assiduitas,
1305 2582 1332 2604 et
1352 2576 1460 2609 iniustae
1473 2572 1666 2608 postulationes
1681 2571 1748 2599 clie-

1008 2635 1017 2652 ι
1037 2628 1142 2658 cerunt,
1156 2629 1185 2651 ut
1199 2630 1248 2650 nos
1261 2630 1313 2649 non
1329 2620 1459 2648 habemus
1471 2622 1572 2644 tantam
1591 2617 1703 2651 gratiam
1719 2621 1749 2643 et

1004 2681 1015 2698 ι
1036 2671 1186 2699 libertatem
1203 2668 1319 2699 dicendi,
1344 2671 1471 2700 quantam
1488 2664 1586 2690 habere
1608 2663 1746 2689 debenuis.

1003 2727 1014 2744 ι
1033 2718 1108 2746 Multi
1119 2717 1192 2744 enim
1206 2712 1324 2749 episcopi
1346 2718 1401 2746 non
1415 2709 1599 2737 intermittunt
1609 2708 1642 2735 ad
1659 2712 1747 2734 castra

1005 2773 1015 2789 ί
1032 2762 1170 2793 accedere,
1189 2765 1216 2786 et
1243 2757 1358 2784 maxime
1375 2754 1455 2788 Afri;
1483 2754 1539 2788 qui,
1569 2753 1746 2787 quemadmo-

1005 2820 1014 2836 ε
1034 2809 1097 2836 dum
1114 2805 1286 2841 cognovimus
1301 2810 1315 2829 a
1331 2802 1429 2829 dilecto
1455 2801 1537 2828 fratre
1554 2804 1646 2826 nostro
1661 2802 1689 2826 et
1702 2805 1748 2825 co-

1004 2865 1013 2882 ι
1033 2855 1158 2890 episcopo
1176 2851 1269 2884 Grato,
1290 2849 1418 2877 salutaria
1441 2847 1556 2876 consilia
1571 2854 1624 2876 nou
1646 2845 1744 2872 admit-

1516 2893 1552 2924 46
