1938 3085
164 112 235 144 ιὶῡῖ)

790 110 928 141 THEOD.
950 110 1147 158 Bri-\LSAMON

1712 113 1782 145 1456

201 180 210 195 ι
228 174 300 196 textu
322 168 349 195 in
365 167 464 195 castris
477 174 530 194 non
545 170 681 200 versetur,
698 167 745 195 sed
766 168 856 202 potius
882 168 940 194 dia-

1032 178 1041 194 ι
1064 169 1124 204 οὐχὶ
1148 170 1182 204 τῇ
1209 168 1324 204 τοιαύτῃ
1351 170 1488 204 προφάσει
1516 170 1654 206 διατρίψει
1684 173 1725 203 εἰς
1750 173 1783 199 ιδ

202 224 212 242 ι
227 223 324 244 conum
341 215 441 241 mittat.
459 223 468 240 ι

159 261 276 292 Αιιιδτ.
300 271 309 287 ι
326 260 382 288 Illis
405 260 451 295 qui
477 259 509 286 ad
532 259 678 287 Ecclesium
705 259 862 295 confugient
880 267 944 287 suc-

407 315 416 332 ι
433 306 598 334 currettdunt
617 311 668 334 est.
688 315 697 331 ι

195 354 355 389 Episcopum
371 352 480 387 quidem
506 359 583 387 opem
610 352 682 379 ferre
711 351 841 386 orphanis
858 356 885 378 ct
904 352 943 378 vi-

159 401 220 427 duis
236 405 262 426 ct
279 398 417 434 oppressis
431 398 476 432 qui
490 398 523 424 ab
538 397 598 424 aliis
613 402 677 424 sunt
694 397 803 428 deserti,
820 402 848 423 ut
865 404 894 424 et
911 397 945 424 iis

159 446 204 479 qui
220 446 253 471 ad
266 444 409 471 ecelcsiam
424 442 585 477 confugiunt
596 442 631 469 ob
662 447 770 476 peccata
801 449 906 474 eorum,
918 447 946 468 ct

160 487 346 514 misericordia
364 487 496 520 indigent,
515 491 541 513 et
559 494 645 520 regem
662 493 711 520 pro
727 485 788 513 istis
812 485 899 517 adire,
918 491 945 513 et

160 540 253 568 petere
269 533 367 568 injuria
383 533 492 567 quidem
505 532 608 558 aﬂ'cctis
621 532 761 563 ultionem,
776 526 823 559 sed
844 531 879 558 ob
890 533 944 558 cri-

159 588 220 606 men
242 579 351 614 aliquod
377 579 564 606 condemnatis
591 577 798 612 induigentimn,
824 585 942 612 pra-setis

157 634 243 654 canon
272 626 360 660 jubet.
384 625 420 652 At
447 624 589 658 episcopos
615 623 649 650 ob
673 623 825 650 istiusmodi
846 631 942 650 causas

157 680 222 700 suos
234 671 388 705 relinquere
401 670 541 701 ecclesias,
556 675 582 696 et
598 670 631 696 ad
644 674 732 696 castra
751 669 799 701 ire,
824 668 864 695 rel
879 661 940 696 alibi

157 718 202 746 ubi
217 718 364 752 imperator
375 721 462 748 est,ct
472 715 504 742 de
520 714 616 742 talibus
631 715 773 742 tumultum
790 713 887 744 facere,
898 719 941 740 ut-

157 769 220 798 pote
235 762 304 797 quod
324 770 338 789 a
357 761 450 789 multis
472 760 710 795 reprehensionem
739 765 766 786 et
792 760 940 786 comitium

157 809 233 836 alfert
250 808 396 843 episcopis,
409 814 461 834 n0n
475 806 607 842 permittit
622 805 691 832 ﬁeri.
708 805 762 832 Sed
788 812 834 839 per
849 805 939 832 diaco-

158 863 207 882 nos
227 862 291 882 suos
300 853 436 881 desideria
451 854 484 881 ad
503 859 592 886 regem
606 851 675 878 mitti
696 851 802 878 stnltlit.

1000 242 1003 246 _
1038 224 1046 237 ι
1072 215 1267 249 στρατόπεδον,
1277 214 1346 241 ἀλλὰ
1355 215 1457 250 μᾶλλον
1471 216 1597 243 διάκονον
1607 217 1753 246 στέλλοιτο.
1768 227 1781 245 ι

997 260 1108 287 ΛΡΙΣΤ,
1137 268 1148 285 ι
1169 260 1232 292 Τοῖς
1247 260 1295 286 ἐπὶ
1316 260 1366 295 τὴν
1385 261 1549 297 Ἐκκλησίαν
1577 263 1784 298 προσφεύγουσι

1280 315 1289 331 ι
1306 306 1466 342 βοηθητέον.
1483 317 1493 333 ι

1033 351 1070 378 Τὸ
1088 351 1139 386 μὲν
1159 352 1407 387 ἀντιλαμϐάνεσθαι
1423 353 1469 380 τὸν
1484 353 1633 381 ἐπίσκοπον
1651 355 1783 390 ὀρφανῶν

996 397 1044 422 καὶ
1057 396 1161 431 χηρῶν,
1179 397 1430 432 καὶάπεριστάτων
1446 398 1626 434 βιαζομένων,
1642 400 1780 433 ὡσαύτως

994 441 1023 468 δὲ
1040 442 1158 468 καὶτῶν
1187 442 1227 474 εις
1252 442 1302 476 τὴν
1322 443 1471 476 ἐκκλησίαν
1493 446 1721 479 καταφευγόντων
1735 445 1783 473 διὰ

994 488 1029 514 τὰ
1045 488 1136 514 αὐτῶν
1151 488 1352 523 ἁμαρτήματα,
1369 488 1415 515 καὶ
1431 489 1566 523 δεομένων
1591 491 1780 525 συμπαθείας,

994 534 1042 560 καὶ
1053 533 1256 569 προσέρχεσθαι
1271 534 1336 569 περὶ
1346 534 1436 561 αὐτῶν
1448 535 1487 570 τῷ
1498 535 1615 570 βασιλεῖ,
1629 537 1677 563 καὶ
1690 539 1780 564 αἰτεῖν

993 580 1051 610 τοῖς
1070 580 1121 614 μὲν
1138 579 1329 614 ἀδικουμένοις
1344 580 1494 614 ἐκδίκησιν,
1509 582 1566 612 τοῖς
1589 582 1618 608 δὲ
1643 591 1779 618 κατακρι-

994 624 1063 651 θεῖσι
1075 624 1120 652 διά
1132 633 1158 650 τι
1175 626 1300 659 πταῖσμα
1312 626 1499 661 συγχώρησιν,
1507 627 1521 653 6
1531 627 1628 662 παρὼν
1638 630 1780 663 προστάτ-

991 678 1033 696 τει
1047 670 1148 697 κανών.
1169 671 1205 697 Τὸ
1220 671 1248 698 δὲ
1263 671 1307 698 διὰ
1321 673 1369 704 τὰς
1385 672 1513 705 τοιαύτας
1528 674 1618 706 αἰτίας
1634 675 1699 706 τοὺς
1712 676 1779 701 ἑπι-

992 716 1112 747 σκόπους
1128 718 1178 748 τὰς
1196 718 1303 744 ἑαυτῶν
1318 719 1538 753 καταλιμπάνειν
1555 720 1714 756 ἐκκλησίας,
1731 721 1783 747 καὶ

991 761 1163 796 ἀπέρχεσθαι
1176 764 1217 794 εἰς
1231 763 1261 789 τὸ
1273 764 1468 797 στρατόπεδον,
1492 764 1508 800 ἥ
1536 765 1664 801 ἀλλαχοῦ,
1678 766 1744 793 ἔνθα
1763 767 1780 792 ὁ

994 806 1124 841 βασιλεύς
1142 809 1213 841 ὲστι,
1229 809 1278 835 καὶ
1304 809 1393 844 ὀχλείν
1425 810 1492 845 περὶ
1507 810 1562 837 τῶν
1577 811 1717 843 τοιούτων,
1737 812 1778 844 ὡς

960 852 980 878 Β
995 854 1098 887 ἐπάγον
1113 856 1189 887 παρα
1202 855 1258 882 τῶν
1279 856 1385 882 πολλῶν
1403 858 1459 888 τοῖς
1480 857 1642 889 ἐπισκόποις
1672 858 1778 892 μέμψιν

157 901 204 926 καὶ
219 899 365 934 λοιδορίαν,
383 898 413 925 οὑ
428 898 568 933 συγχωρεῖ
581 896 717 931 γίνεσθαι.
735 895 815 922 ’Δλλὰ
824 895 867 922 διὰ
881 896 934 922 τῶν
953 896 1028 924 ίδιων
1042 899 1178 927 διακόνων
1208 901 1258 933 τὰς
1288 901 1395 937 δεήσεις
1426 902 1582 930 στέλλεσθαι
1609 902 1648 938 τῷ
1673 902 1780 937 βασιλεῖ

157 946 305 973 επιτάττει.

450 986 564 1015 CANON
577 986 644 1015 Vill.

158 1046 168 1064 ι
183 1035 407 1071 Quandoquidem
424 1035 512 1061 visum
530 1038 583 1065 est,
615 1039 648 1060 ne
677 1032 776 1067 aliquis
800 1032 943 1067 episcopus

193 1093 202 1109 ι
223 1083 250 1109 in
270 1080 523 1108 condemnationem
546 1079 645 1106 incidat
662 1079 694 1105 ad
704 1083 791 1105 castra
820 1078 942 1110 veniens,

197 1138 207 1154 ι
224 1129 245 1155 si
260 1129 306 1162 qui
322 1134 417 1154 eorum
441 1126 507 1152 tales
521 1124 638 1152 habeant
654 1124 857 1159 postulationes,
875 1132 942 1159 qua-

193 1183 202 1199 ι
225 1174 290 1200 liunt
312 1172 440 1207 superius
459 1170 641 1202 meminimus,
659 1177 706 1203 per
721 1169 860 1204 proprium
887 1169 938 1196 itii-

193 1230 201 1245 ι
219 1219 332 1246 nistrum
347 1222 487 1252 peragant.
515 1216 631 1243 iiliuistri
654 1215 725 1242 enini
747 1222 861 1249 persona
883 1222 937 1242 tton

194 1275 202 1290 a
221 1270 263 1292 est
282 1263 426 1294 invidiosa,
452 1267 552 1296 etquae
568 1262 695 1287 mandata
728 1260 835 1287 fuerint
863 1261 944 1288 citius

193 1322 202 1337 I
219 1312 291 1338 terre
317 1309 428 1344 poterit.
458 1307 667 1342 Responderunt
690 1313 810 1334 omnes:
833 1306 865 1334 Et
892 1307 943 1334 ltoc

192 1367 201 1382 ι
217 1363 324 1390 quoque
340 1355 533 1381 constituatur.
558 1361 567 1377 ι

190 1401 287 1429 BALS.
305 1400 430 1427 Prieseos
445 1405 552 1434 quoque
561 1405 649 1425 canon
676 1397 770 1426 eadem
788 1404 850 1425 cum
875 1405 943 1432 pra:-

154 1450 267 1475 cedente
284 1446 391 1478 statuit,
408 1445 551 1480 adjiciens,
572 1451 624 1471 non
656 1451 704 1479 per
728 1443 878 1479 episcopos.
893 1443 944 1472 sed

153 1492 347 1520 cumdiaconis
369 1498 461 1528 eorum
486 1490 557 1525 apud
586 1489 765 1524 imperatores
795 1489 943 1525 petitiones

156 1541 248 1576 peragi
258 1541 366 1568 debere.
376 1538 510 1566 Diaconos
520 1543 609 1565 autent
626 1538 670 1565 hic
681 1545 716 1565 ne
724 1537 799 1565 dicas
809 1544 869 1565 esse
886 1544 944 1570 eos,

155 1587 201 1621 qui
211 1585 327 1613 ordinati
345 1589 419 1617 sunt,
432 1585 479 1612 sed
489 1583 649 1619 simpliciter
663 1591 756 1611 servos
768 1584 806 1611 iet
813 1583 946 1618 quoslibet

154 1632 190 1658 mi
195 1631 305 1658 nisti-os.

188 1675 314 1703 ZONAR.
330 1674 358 1702 Si
374 1674 435 1710 quis
450 1681 525 1705 vero,
547 1673 645 1709 inquit,
663 1681 697 1700 ex
711 1673 845 1708 episcopis
867 1681 935 1701 cau-

154 1730 198 1749 sas
225 1720 387 1756 deprecandi
415 1719 531 1747 habeant
563 1719 722 1754 ejusmodi,
753 1719 848 1754 quales
876 1724 941 1748 ante

154 1766 447 1798 commemoravimus;
479 1769 508 1792 ut
522 1765 556 1793 iis
583 1765 698 1797 scilicet,
724 1764 770 1799 qui
796 1771 844 1799 per
869 1764 941 1798 inju-

154 1813 223 1839 riattt
243 1811 311 1838 laxiu
335 1818 377 1843 ur,
405 1810 487 1845 quive
513 1809 694 1845 potentiorum
721 1809 818 1844 opibus
846 1809 940 1845 oppri-

156 1863 275 1890 utuntur,
302 1857 344 1883 vel
361 1856 408 1891 qui
434 1855 469 1883 ob
492 1855 614 1891 aliquem
636 1856 739 1890 peccati
761 1856 865 1890 lapsuut
880 1855 941 1888 ,da-

155 1906 238 1932 mnati
255 1909 328 1937 sunt,
344 1903 528 1939 opitulentur;
544 1909 631 1938 neque
647 1909 709 1929 vero
724 1902 940 1937 reprehensionis

156 1951 273 1978 vitandae
294 1957 375 1977 causa
388 1949 438 1984 ipsi
454 1949 482 1976 in
493 1954 583 1976 castra
600 1948 735 1983 proﬁcisci
760 1948 861 1980 velint;
876 1955 941 1975 suos

155 1997 293 2024 ministros
308 1996 426 2023 mittant.
442 1994 559 2022 Iliuistri
590 2001 708 2028 namque
728 2000 844 2028 persona
870 1994 940 2021 invi-

155 2043 230 2071 diosa
247 2049 302 2069 non
318 2046 373 2071 est.
390 2040 446 2068 Nec
465 2040 538 2067 enim
570 2040 729 2074 quisquam,
743 2031 744 2037 ‘
758 2040 858 2073 inquit,
887 2039 940 2066 mi-

154 2089 241 2116 nistro
257 2087 298 2118 vel
321 2087 434 2114 diacono
452 2086 478 2114 in
492 2086 592 2113 castris
609 2085 740 2118 moranti,
760 2085 941 2120 quemadmo-

155 2134 219 2161 dum
234 2134 361 2168 episcopo’
375 2133 437 2159 illuc
451 2131 572 2164 abeunti,
602 2131 790 2159 succensebit:
811 2135 866 2158 tuttt
890 2131 942 2158 im-

155 2180 290 2214 peratoris
303 2179 400 2206 litterae
415 2185 513 2205 noxam
541 2178 735 2208 condonantes,
763 2181 811 2204 aut
840 2176 940 2212 aliquid

155 2225 288 2261 ejusmodi
301 2225 483 2256 continentes.
498 2223 597 2252 deferri
615 2231 663 2258 per
690 2223 833 2251 diaconum
859 2230 940 2258 quam

154 2271 296 2300 Celerrime
311 2275 450 2305 poterunt.

457 2313 570 2343 CANON
591 2313 638 2343 1X.

157 2373 167 2390 ι
187 2364 215 2391 Si
228 2366 413 2398 cujuscunque
426 2362 571 2397 provinciae
587 2362 706 2396 episcopi
725 2361 758 2389 ad
778 2361 895 2389 fratrem
913 2365 940 2389 et

195 2421 204 2436 ι
218 2411 408 2445 coepiscopum
425 2415 514 2440 suum,
528 2410 574 2441 qui
589 2412 631 2435 est
651 2407 676 2434 in
693 2407 789 2442 majori
818 2407 939 2439 civitate,

192 2466 203 2482 ι
224 2458 275 2483 huc
288 2461 338 2487 cst.
355 2456 380 2481 in
410 2454 565 2488 metropoli,
587 2453 696 2480 mittant
720 2453 939 2487 suppiicationes,

193 2510 203 2526 ι
221 2502 244 2527 is
258 2506 285 2527 et
296 2501 450 2527 ministrum
465 2506 543 2526 suum
559 2504 587 2525 et
608 2499 824 2533 supplicationes
839 2500 939 2531 tuittat,

194 2556 204 2571 ι
222 2547 289 2573 dnns
302 2546 326 2573 ei
345 2545 583 2573 commendatitias
599 2551 708 2578 quoque
726 2544 841 2575 litteras.
870 2545 940 2571 scri-

196 2602 204 2618 ι
222 2594 287 2619 bens
306 2592 409 2619 scilicet
424 2599 471 2625 per
486 2591 708 2624 consequentiam
726 2591 806 2616 etiam
833 2589 867 2616 ad
887 2589 942 2616 fra-

195 2649 206 2665 ι
225 2644 280 2666 tres
295 2638 469 2672 coepiacopos
484 2641 603 2669 nostros,
621 2638 666 2670 qtti
696 2635 742 2662 illo
766 2641 885 2670 tempore
911 2635 939 2661 in

194 2694 204 2711 ι
224 2685 290 2712 iocis
303 2683 345 2710 vel
369 2683 481 2710 urbilms
493 2687 584 2717 agant,
596 2682 622 2708 in
635 2681 733 2716 quibus
745 2681 892 2714 imperator
909 2681 934 2706 in

195 2738 206 2757 ι
219 2729 313 2764 primis
324 2729 384 2764 pius
392 2727 580 2761 rempublicam
587 2727 728 2761 gubernat.
738 2724 766 2752 Si
785 2725 846 2759 quis
857 2723 938 2760 495

196 2785 206 2802 ι
221 2782 309 2803 autem
322 2776 466 2811 episcopus
483 2775 564 2801 habet
579 2774 682 2800 anticus
701 2773 728 2799 in
745 2771 804 2799 aula
834 2775 937 2806 palatii,

199 2824 245 2847 tet
262 2821 325 2848 velit
340 2821 439 2856 aliquid
456 2820 526 2855 quod
542 2820 577 2847 sit
601 2819 744 2847 honestum
770 2822 798 2846 et
827 2817 934 2853 justum

1295 989 1416 1016 KANQN
1446 989 1487 1018 H'.

996 1042 1007 1058 ι
1036 1032 1148 1068 Ἐπειδὴ
1160 1032 1235 1065 ἔδοξε
1253 1033 1298 1060 διὰ
1309 1034 1339 1060 τὸ
1355 1035 1393 1069 μὴ
1410 1035 1520 1061 πίπτειν
1535 1036 1588 1062 ὑπὸ
1604 1037 1780 1069 κατάγνωσίν

1034 1088 1043 1104 ι
1064 1087 1125 1106 τινα
1141 1079 1197 1117 τῷν
1208 1080 1367 1107 ἐπισκόπων
1379 1081 1580 1116 ἀφικνούμενον
1594 1082 1635 1114 είς
1653 1083 1682 1109 τὸ
1696 1091 1780 1117 στρα-

1031 1134 1040 1150 ι
1064 1112 1222 1156 Musonius!
1231 1134 1304 1158 τινες
1314 1126 1405 1153 αὐτῶν
1421 1127 1550 1159 τοιαύτας
1561 1127 1649 1162 ἔχοιεν
1659 1128 1779 1163 δεήσεις,

1031 1178 1041 1195 ι
1069 1170 1134 1196 οἵων
1148 1170 1241 1198 ἐπάνω
1255 1171 1479 1207 ἐπεμνήσθημεν,
1505 1172 1550 1198 διὰ
1564 1173 1630 1199 ἰδίου
1653 1173 1778 1200 διακόνου

1031 1225 1040 1242 ι
1063 1217 1262 1246 ὲπιστέλλοιεν.
1274 1217 1360 1245 Τοῦτο
1384 1219 1438 1253 γὰρ
1470 1218 1608 1253 ὑπηρέτου
1636 1219 1666 1245 τὸ
1692 1220 1780 1254 πρόσ-

1031 1271 1041 1289 ι
1063 1271 1138 1290 ωπον
1149 1264 1199 1290 οὐκ
1215 1264 1359 1298 ἐπίφθονον
1373 1264 1516 1299 τυγχάνει,
1532 1264 1579 1289 καὶ
1595 1264 1628 1290 τὰ
1640 1272 1780 1299 παρασχε-

1033 1316 1042 1333 ι
1065 1306 1205 1343 θησόμενα
1236 1308 1333 1335 θᾶττον
1370 1307 1580 1342 διακομισθῆναι
1621 1309 1778 1343 δυνήσεται.

1033 1363 1043 1380 ι
1071 1354 1267 1390 ’Λπεκρίναντο
1293 1355 1412 1386 πάντεςι
1430 1355 1485 1381 Καὶ
1500 1353 1580 1381 τοῦτο
1603 1354 1745 1390 ὁριζέσθω.
1765 1364 1775 1381 ι

1030 1399 1128 1427 ΒΑΛΣ.
1151 1401 1206 1426 Καὶ
1223 1402 1237 1427 ὀ
1253 1400 1348 1436 παρὼν
1364 1399 1455 1428 κανὼν
1475 1401 1509 1428 τὰ
1521 1400 1592 1427 αὐτὰ
1603 1401 1642 1435 τῷ
1661 1401 1714 1435 πρὸ
1727 1401 1780 1427 ab-

993 1445 1043 1472 τοῦ
1059 1445 1194 1479 θεσπίζει,
1220 1446 1432 1482 προστιθέμενος
1451 1447 1490 1482 μὴ
1511 1446 1556 1474 διὰ
1578 1447 1634 1473 τῶν
1666 1447 1777 1473 ὲιτισχόο

996 1499 1066 1524 πων,
1084 1491 1153 1519 ἀλλὰ
1169 1493 1238 1527 μετὰ
1253 1492 1384 1519 διακόνων
1399 1493 1449 1524 τὰς
1474 1493 1546 1527 πρὸς
1571 1494 1636 1524 τοὺς
1654 1492 1776 1528 βασιλεῖς

996 1537 1130 1570 ἐντεύξεις
1145 1538 1235 1566 αὐτῶν
1254 1539 1389 1573 γίνεσθαι.
1402 1539 1551 1570 Διακόνους
1566 1538 1594 1565 δὲ
1608 1538 1724 1565 ἐνταῦθα
1739 1538 1778 1572 μὴ

995 1578 1060 1616 τοὺς
1091 1585 1367 1620 κεχειροτονημένους
1391 1585 1484 1620 εἴπῃς,
1511 1585 1580 1612 ἀλλὰ
1602 1585 1666 1616 τοὺς
1683 1584 1777 1616 ἁπλῶς

956 1625 979 1656 C
995 1629 1144 1662 δουλευτὰς
1157 1632 1205 1657 καὶ
1226 1631 1416 1666 οίουσδήτινας
1431 1631 1583 1666 ὑπηρέτας.

1029 1674 1152 1702 ΖΩΝΔΡ.
1168 1674 1199 1701 Ei
1212 1674 1241 1701 δέ
1257 1683 1342 1708 τινες,
1353 1675 1434 1710 φησὶ,
1449 1675 1502 1702 τῶν
1515 1675 1673 1702 ἐπισκόπων
1684 1675 1779 1702 τοιαύ-

994 1728 1044 1752 τας
1073 1719 1162 1755 ἐχοιεν
1189 1719 1308 1756 δεήσεις,
1339 1720 1403 1747 οἴων
1434 1721 1564 1756 ἀνωτέρω
1589 1721 1780 1755 ἐμνήσθημεν,›

993 1765 1080 1801 {now
1091 1766 1138 1792 ἐπὶ
1151 1765 1263 1801 βοηθείᾳ
1272 1765 1469 1801 ἀδικουμένων,
1483 1766 1530 1792 καὶ
1543 1765 1778 1792 καταδυναστευο-

995 1812 1094 1847 μένων,
1109 1811 1126 1847 ἢ
1141 1811 1186 1838 διὰ
1197 1811 1356 1846 πταίσματα
1369 1811 1603 1847 κατακριθέντων,
1618 1812 1665 1838 καὶ
1680 1811 1722 1838 ἕνα
1737 1811 1777 1846 μὴ

993 1856 1265 1890 καταγινώσκωνται,
1286 1857 1317 1883 οὑ
1334 1857 1475 1892 βούλονται
1507 1858 1678 1893 ἀπέρχεσθαι
1693 1859 1732 1889 είς
1747 1859 1778 1884 τὸ

994 1903 1187 1939 στρατόπεδον,
1208 1903 1350 1935 διακόνους
1367 1903 1485 1936 οἰκείους
1512 1904 1707 1938 πεμπέτωσαν.
1724 1904 1777 1930 Τοῦ

993 1949 1049 1983 γὰρ
1064 1948 1203 1983 ὑπηρέτου
1220 1948 1250 1974 τὸ
1264 1949 1408 1984 πρόσωπον
1418 1948 1621 1983 οὺκὲπίφθονον
1635 1950 1778 1984 τυγχάνει.

994 1993 1061 2021 Οὐδὲ
1075 1994 1128 2030 γὰρ
1150 1994 1298 2029 μέμψεται,
1312 1994 1391 2028 φησὶ,
1409 1994 1452 2025 τὶς
1464 1993 1502 2029 τῷ
1520 1995 1644 2030 ὑπηρέτῃ
1661 1988 1721 2029 ἢτοι
1738 1994 1776 2029 τιξ·

992 2039 1109 2074 διακόνῳ
1131 2039 1297 2075 διατρίϐοντι
1329 2040 1358 2065 ὲν
1378 2040 1563 2075 στρατοπέδῳ,
1580 2040 1618 2071 ὡς
1640 2039 1778 2074 μέμψεται

992 2085 1032 2120 τῷ
1049 2085 1192 2120 ὲπισκόπῳ
1207 2087 1267 2112 ἐκεῖ
1281 2086 1436 2118 ἀπελθόντι,
1454 2086 1502 2112 καὶ
1525 2086 1559 2112 τὰ
1575 2087 1651 2120 παρὰ
1664 2086 1710 2112 τοῦ
1728 2085 1778 2121 βα-

994 2131 1092 2163 σιλέως
1105 2131 1276 2167 δοθησόμενα
1287 2132 1441 2167 γράμματα
1465 2132 1506 2163 είς
1521 2131 1697 2166 συγχώρησιν
1713 2131 1777 2162 ἴσως

993 2177 1048 2204 τῶν
1060 2178 1244 2210 πταισάντων,
1261 2177 1278 2213 ἢ
1295 2178 1376 2213 ἕτερα
1395 2177 1548 2212 οίαδήτινα,
1568 2178 1709 2211 συντόμως
1731 2184 1777 2203 κο-

995 2223 1125 2259 μισθῆναι
1139 2223 1184 2251 διὰ
1200 2223 1247 2250 τοῦ
1262 2224 1386 2250 διακόνου
1403 2224 1560 2260 δυνήσεται.

1297 2315 1415 2343 ΚΔΝΩΝ
1431 2315 1469 2342 Θ’.

996 2371 1005 2388 ι
1034 2362 1098 2390 'an
1113 2360 1306 2396 οἰασδηποτοῦν
1318 2356 1452 2396 ἐπαρχίας
1464 2360 1607 2386 ἐπίσκοποι
1617 2359 1686 2394 πρὸς
1697 2357 1776 2384 ἀδελ-

1032 2416 1041 2433 ι
1063 2406 1112 2441 φὺν
1135 2407 1183 2434 καὶ
1219 2406 1417 2433 συνεπίσκοπον
1448 2406 1551 2431 ἑαυτῶν
1584 2402 1775 2430 ἀποστέλλοιεν

1033 2462 1043 2479 ι
1065 2453 1185 2488 δεήσεις,
1202 2453 1216 2480 ό
1233 2453 1262 2480 ὲν
1276 2454 1308 2488 τῇ
1324 2452 1427 2487 μείζονι
1441 2451 1583 2486 τυγχάνων
1600 2450 1687 2481 πόλει,
1700 2447 1772 2475 τοῦτ’

1031 2508 1040 2524 ι
1061 2498 1119 2524 ἐστι
1134 2499 1166 2533 τῇ
1185 2498 1363 2534 μητροπόλει,
1377 2497 1457 2529 αὐτὸς
1470 2498 1516 2523 καὶ
1529 2496 1574 2522 τὸν
1586 2496 1711 2522 διάκονον
1724 2495 1776 2520 αὺ-

1029 2553 1039 2570 ι
1060 2544 1107 2571 τοῦ
1123 2544 1231 2575 καὶτὰς
1246 2544 1353 2576 δεήσεις
1368 2542 1538 2575 ἀποστέλλοι,
1557 2543 1686 2577 παρέχων
1699 2541 1774 2575 αὑτῷ

1030 2598 1039 2616 ι
1060 2590 1108 2616 καὶ
1133 2589 1299 2620 συστατικὰς
1324 2588 1479 2621 ἐπιστολὰς,
1511 2589 1624 2623 γράφων
1651 2587 1774 2622 δηλονότι

1031 2645 1040 2661 ι
1063 2636 1134 2663 κατὰ
1150 2635 1313 2662 ἀκολουθίαν
1332 2637 1378 2662 καὶ
1396 2635 1464 2670 πρὸς
1489 2637 1552 2666 τοὺς
1575 2634 1709 2668 ἀδελφοὺς
1727 2634 1776 2660 καὶ

1031 2690 1040 2707 ι
1066 2681 1282 2712 συνεπισκόπους
1311 2681 1398 2716 ἡμῶν,
1424 2681 1523 2711 οἵτινες
1551 2681 1580 2706 ὲν
1615 2680 1712 2715 ἐκείνῳ
1735 2678 1775 2714 τῷ

1032 2735 1042 2752 ι
1071 2725 1160 2762 καιρῷ
1174 2727 1202 2752 ἐν
1214 2728 1270 2758 τοῖς
1285 2728 1376 2759 τόποις
1389 2728 1404 2761 ἢ
1420 2728 1448 2753 ὲν
1463 2729 1522 2758 ταῖς
1536 2727 1630 2753 πόλεσι
1643 2726 1775 2760 διάγοιεν,

1033 2780 1042 2796 ι
1065 2772 1093 2797 ἓν
1115 2769 1159 2802 αἶς
1185 2772 1198 2797 ὁ
1231 2772 1424 2803 εὖςεὸέστατος
1445 2771 1571 2806 βασιλεὺς
1600 2772 1635 2798 τὰ
1656 2771 1775 2807 δημόσια

1033 2826 1042 2842 ι
1067 2816 1216 2852 πράγματα
1229 2817 1421 2853 διακκιὸερνᾷ.
1437 2819 1466 2845 Εἰ
1480 2818 1506 2844 δὲ
1517 2818 1572 2852 ἔχοι
1585 2826 1629 2849 τις
1643 2817 1699 2844 τῶν
1715 2818 1776 2844 ἑπι-
