1938 3085
153 145 223 178 1457

193 258 202 272 ι
223 247 296 274 λοι-το
327 246 392 281 περί
419 254 502 278 τινος,
531 245 601 280 ὅπερ
631 245 862 281 πρεπωδέστερον
883 246 938 281 εἴη,

198 303 206 318 ι
235 293 363 326 ἀξιῶσαι,
382 293 419 328 μὴ
431 292 564 319 κωλύοιτο
578 292 622 319 διὰ
635 292 682 318 τοῦ
701 292 800 319 ἐαυτοῦ
814 293 939 320 διακόνου

199 348 208 365 ι
236 339 284 365 καὶ
300 338 418 370 ἀξιῶσαι
435 339 482 365 καὶ
495 338 667 365 ἐντείλασθαι
678 338 794 371 τούτοις,
806 339 875 365 ὥστε
890 339 940 375 τήν

200 396 209 411 ε
228 385 319 412 αὐτῶν
349 384 456 420 ἀγαθὴν
482 385 608 420 βοήθειαν
640 385 760 419 ἀξιοῦντι
787 384 863 421 αὐτῷ
888 393 941 412 πσ-

194 441 204 458 t
233 431 412 468 ρέχειν.,01δέ
427 433 467 463 είς
487 432 598 467 Ῥώμην
609 432 832 467 παραγινόμενοι,
847 432 940 465 καθὼς

198 488 208 504 ε
236 478 400 513 προείρηκα,
408 477 447 512 τῷ
455 477 591 513 ἀγαπητῷ
599 478 678 513 ἡμῶν
693 478 800 513 ἀδελφῷ
811 479 859 505 καὶ
875 487 939 505 συν-

194 532 204 549 (
230 523 373 558 επισκόττῳ
389 522 493 558 Ἰουλίῳ
517 523 566 555 τὰς
580 523 697 558 δεήσεις,
714 523 748 555 ἃς
763 523 851 559 ἔχοιεν
868 523 939 550 διδό-

196 579 206 595 4
230 578 286 602 ναι,
308 569 447 604 ὀφείλουσι
477 569 619 605 παρέχειν,
634 570 677 597 ἵνα
697 571 830 606 πρότερον
858 570 941 602 αὐτὸς

203 625 213 639 σ
238 615 399 650 δοκιμάζοι·
423 615 449 642 εί
468 615 505 651 μή
519 623 592 646 τινες
620 614 650 647 ἐξ
672 615 761 643 αὐτῶν
796 615 942 650 ἀναισχυν-

200 670 209 686 ι
236 660 330 687 τοῐεν’
347 659 395 687 καὶ
420 659 493 687 οὕτω
509 660 560 696 τὴν
588 660 687 687 ἑαυτοῦ
713 660 882 696 προστασίαν
893 659 942 686 καὶ

203 716 212 731 α
242 706 372 742 φροντίδα
386 706 515 742 παρέχων
536 706 577 737 είς
591 706 622 732 τδ
637 705 820 742 στρατόπεδον
842 705 942 737 αὐτοὺς

207 764 216 780 ι
239 753 412 781 ὰποστέλλοι.
442 754 579 785 Ἅπαντες
601 753 628 780 οἱ
651 753 797 780 ἐπίσκοποι
824 752 943 788 ἁπεκρί-

207 810 216 826 ‹
244 808 325 827 ναντο
349 799 480 834 ἀρέσκειν
502 800 607 831 αὐτοῖς,
621 799 682 826 ικαὶ
709 798 942 834 πρεπωδεστάτην

203 855 212 871 ‹
232 843 302 872 εἶναι
317 845 367 880 τὴν
380 844 538 880 συμϐουλὴν
549 844 664 879 ταύτην.
685 853 695 870 t
729 874 733 877 ,

709 144 750 174 1N
767 137 848 177 CAN.
873 146 911 175 1x
933 146 1036 177 CONC.
1058 125 1205 176 sannio.

148 218 151 220 -
192 212 201 226 ι
222 199 314 227 κόπων
329 190 421 234 φίλους
433 199 462 226 ἐν
473 200 507 234 τῇ
519 184 649 234 αὐλῇητοῢ
665 199 807 232 παλατίου,
818 200 864 226 καὶ
875 200 938 236 poti-
955 212 975 238 Α

1703 145 1779 179 1458

1029 211 1038 228 1
1055 200 1221 237 impetrare;
1234 208 1267 229 ne
1279 202 1513 238 prohibeatur-per
1526 210 1606 231 suum
1618 203 1774 232 ministrum

1028 256 1036 272 ι
1056 251 1083 273 et
1099 254 1193 282 rogare
1204 251 1231 274 et
1247 247 1280 275 iis
1294 248 1432 280 mandare,
1446 253 1475 275 ut
1490 248 1589 276 bonum
1602 257 1679 277 suum
1692 249 1772 278 auxi-

1027 301 1037 318 ι
1058 291 1121 318 litim
1130 292 1154 319 ei
1163 292 1488 327 petentivelintprmbere.
1497 293 1546 325 Qui
1558 299 1646 322 autem
1656 295 1770 322 Romam

1027 347 1038 364 ε
1054 339 1196 370 accedunt,
1209 332 1436 373 quemadmodum
1449 339 1576 374 superius
1588 340 1690 368 dictum
1721 347 1773 374 est.

1029 393 1039 410 ι
1057 384 1154 412 dilecto
1171 385 1247 411 fratri
1262 389 1356 412 nostro
1368 389 1396 412 et
1406 385 1567 421 coepiscopo
1581 385 1653 414 Julio
1668 394 1773 421 preces.

1029 439 1039 457 ι
1056 438 1123 465 quas
1141 430 1241 459 habent
1253 432 1365 464 dandas,
1393 431 1514 466 praebere
1530 432 1638 464 debent.
1660 438 1690 460 ut
1717 433 1774 468 ipse

1028 485 1038 502 ε
1053 477 1127 511 prius
1142 477 1295 510 examinet;
1308 477 1358 504 nisi
1375 477 1473 512 aliquae
1497 485 1589 506 earum
1615 478 1670 506 sint
1687 478 1775 513 impu-

1028 532 1038 549 ‹
1053 521 1149 549 dentes
1171 532 1178 550 :
1197 526 1225 549 et
1245 523 1286 550 sic
1308 530 1384 550 suam
1412 524 1600 551 auctoritatem
1630 528 1658 551 et
1679 531 1773 552 curam

1030 578 1039 594 ι
1059 568 1197 603 praebens.
1214 576 1262 596 eos
1285 569 1329 596 ad-
1346 573 1436 596 castra
1458 570 1558 596 mittat.
1589 569 1691 598 Omnes
1716 571 1775 604 epi-

1028 623 1037 640 l
1056 615 1130 649 scopi
1156 614 1301 647 dixerunt,
1318 615 1479 650 οἰδ-μισθοῖο
1490 619 1517 642 et
1531 623 1596 644 esse
1612 616 1776 644 convenien-

1029 669 1039 686 ι
1060 660 1193 689 tissimum
1207 661 1258 688 ltoe
1277 661 1432 689 consilium.
1447 670 1457 687 ι

195 891 293 918 ΒΛΛΣ.
307 879 370 918 Ὀτι
384 891 434 918 οὐκ
449 891 570 926 ἀνῃρέθη
584 891 599 917 ό
615 893 649 917 ια’
663 891 754 917 κανὼν
768 890 819 925 τῆς
833 890 863 916 ἐν
883 890 942 917 ’Δν-

1030 894 1126 922 BALS.
1148 894 1225 928 Quod
1241 901 1294 922 non
1312 893 1433 922 sublatus
1450 895 1486 921 sit
1506 901 1592 921 canon
1613 891 1780 920 undecimus

159 935 262 971 τιοχείᾳ
277 936 402 969 συνόδου,
416 935 496 971 δῆλον
513 937 561 963 καὶ
576 935 630 962 ἀπὸ
646 935 693 962 τοῦ
709 935 851 968 παρόντος
859 935 942 962 κανό-

161 989 217 1010 νος.
236 981 305 1015 Φησὶ
315 981 369 1016 γὰρ
382 981 435 1013 ὅτι,
445 980 492 1007 ἐὰν
505 981 652 1011 ἐπίσκοπος
668 980 768 1018 θελήσῃ
783 980 943 1007 ἀποστεῖλαι

160 1026 268 1061 δεήσεις
282 1026 322 1057 εἰς
340 1026 386 1052 τὸν
396 1018 401 1029 Χ
411 1025 522 1060 βασιλέα
533 1025 578 1052 διὰ
594 1025 758 1059 συναδέλφου
770 1026 818 1052 καὶ
836 1033 944 1052 συνεπι-

162 1072 265 1099 σκόπου
281 1071 365 1099 αὐτοῦ
385 1072 628 1107 ἀρχιερατεύοντος
644 1072 685 1104 είς
700 1072 845 1107 ἐπαρχίαν,
859 1073 900 1103 εἰς
909 1073 945 1108 ἥν

160 1118 250 1152 διάγει
266 1119 280 1145 ό
297 1118 438 1154 βασιλεὺς,
452 1118 554 1152 ὀφείλει
578 1118 786 1155 προσέρχεσθαι,
804 1118 843 1153 τῷ
856 1128 944 1153 προσ-

160 1165 237 1200 φόρῳ
266 1164 474 1206 μητροπολίτη,
501 1164 549 1191 καὶ
588 1164 776 1192 ἀναδιδάσκειν
803 1165 884 1192 αὑτὸν
914 1165 947 1192 τὸ

160 1210 262 1237 οίκείον
277 1210 411 1246 βούλημα·
427 1210 476 1237 καὶ
491 1211 504 1236 ὀ
521 1209 724 1246 μητροπολιτης
737 1210 806 1245 μετὰ
818 1210 947 1238 διακόνου

161 1256 256 1290 αὐτοῦ,
266 1255 420 1290 ὀφείλοντος
435 1256 619 1292 ἐπιφέρεσθαι
634 1255 781 1286 κανονικὰς
790 1255 946 1297 ἐπιστολὰς,

163 1302 248 1337 ῆγουν
273 1301 419 1337 εἰρηνικὰς
444 1301 492 1328 καὶ
525 1301 702 1334 συστατικὰς,
722 1301 881 1335 ἀναδιδάξιι
901 1303 947 1329 τὸν

163 1348 332 1382 ἐνδημοῦντα
349 1347 509 1381 ἐπίσκοπον,
526 1346 564 1379 ὡς
582 1348 702 1383 εἴρηται,
721 1349 761 1379 εἰς
775 1348 947 1383 τὸνβασιλέα

162 1394 213 1428 τὴν
236 1394 287 1421 τοῦ
312 1393 428 1428 ἀδελφοῦ
460 1394 508 1420 καὶ
538 1394 738 1421 συνεπισκόπω
760 1394 945 1430 παράκλησιν.

163 1441 251 1469 Τοῦτο
264 1441 294 1469 δέ
315 1441 438 1476 γίνεσθαι
460 1441 548 1473 οὕτως
563 1441 681 1476 ὡρίσθη,
698 1441 741 1469 ἱ¹να
763 1442 777 1468 ό
807 1451 947 1477 μητροπο-

164 1487 241 1522 λίτης
257 1487 418 1522 ἐπιγνῷτὴν
429 1487 571 1522 ὑπόθεσιν,
584 1488 633 1515 καὶ
649 1488 751 1523 διαγνῷ
767 1489 793 1515 εί
805 1489 943 1524 ἐνδέχεται

993 940 1168 968 Autiocltenm
1194 939 1301 975 synodi,
1329 946 1361 967 ex
1386 938 1511 974 praesenti
1544 944 1650 972 quoque
1675 943 1779 963 canene

994 986 1096 1013 clarum
1116 989 1168 1013 est.
1186 985 1254 1013 Dicit
1271 986 1359 1017 enim,
1376 985 1446 1020 quod
1467 985 1489 1012 si
1507 984 1651 1018 episcopus
1663 981 1779 1009 voluerit

996 1029 1104 1057 mittere
1121 1037 1218 1064 preces
1244 1030 1277 1057 ad
1301 1026 1479 1063 imperato‘res
1496 1035 1544 1063 per
1562 1027 1725 1054 contrairem
1751 1030 1783 1051 ct-

995 1076 1182 1111 coepiscopum
1193 1084 1282 1109 suttm,
1298 1075 1394 1111 quiest
1410 1075 1436 1102 itt
1451 1083 1481 1103 ea
1498 1073 1635 1108 provincia
1651 1073 1778 1103 antistes,

997 1122 1023 1149 in
1039 1130 1090 1156 qua
1105 1122 1253 1157 imperator
1269 1122 1336 1156 agit,
1352 1121 1432 1149 debet
1454 1121 1488 1149 ad
1503 1124 1698 1154 competenters
1722 1126 1778 1145 me-

997 1169 1188 1203 tropolitanutn
1215 1168 1356 1200 accedere,
1382 1173 1410 1197 et
1431 1174 1506 1195 suam
1529 1167 1693 1194 voluntatem
1716 1172 1777 1192 eum

997 1214 1115 1242 (locere:
1131 1205 1438 1249 metropolitanus'vero
1460 1219 1522 1240 cum
1540 1211 1639 1238 famulo
1655 1218 1715 1241 suo.-
1731 1210 1777 1244 qui

997 1260 1076 1288 debet
1092 1260 1220 1296 epistolas
1234 1259 1381 1287 canonicas
1407 1258 1513 1291 aii'erre,
1531 1257 1635 1284 scilicet
1652 1255 1780 1290 paciﬁcos

998 1311 1024 1334 et
1052 1305 1298 1337 commendatitias,
1323 1304 1431 1333 docebit
1452 1304 1620 1338 episcOpum,
1641 1303 1686 1336 qui
1710 1301 1779 1342 apud

999 1355 1200 1387 imperatorem,
1224 1357 1252 1379 ut
1267 1352 1367 1379 dictum
1389 1355 1442 1384 est,
1469 1353 1605 1381 versatur,
1632 1348 1727 1375 fratris
1750 1352 1778 1385 et

999 1398 1149 1434 coepiscopi
1166 1397 1386 1433 postulationem.
1412 1396 1467 1423 lloc
1485 1401 1574 1422 autem
1589 1394 1630 1421 sic
1644 1393 1700 1421 ii'eri
1726 1398 1782 1419 sur-

999 1450 1085 1473 tutum
1102 1449 1143 1472 est
1154 1463 1162 1476 ,
1178 1448 1207 1471 ut
1221 1442 1445 1478 metrOpolitanns
1461 1448 1570 1468 causam
1588 1444 1732 1475 cognoscat
1754 1444 1782 1465 (ιι

999 1492 1146 1522 discernat,
1160 1498 1193 1517 au
1207 1497 1267 1516 eam
1277 1493 1399 1524 oporteat
1414 1488 1447 1514 ad
1460 1487 1649 1522 imperatorem
1664 1484 1779 1512 referre.

164 1534 341 1569 ἀνενεχθῆναι
355 1533 458 1569 ταύτην
487 1534 526 1570 τῷ
544 1534 662 1574 βασιλεῖι
675 1535 731 1562 εἴτε
748 1535 795 1562 κοιλ¹
817 1536 866 1571 μή.
903 1537 947 1568 Ὠς

1006 1546 1032 1565 ιιι
1048 1545 1113 1564 non.
1131 1536 1271 1571 Tanquam
1284 1539 1374 1562 autem
1389 1534 1501 1561 dixisset
1512 1532 1655 1568 quispiam,
1672 1539 1718 1565 per
1730 1531 1780 1557 hoc

163 1580 193 1607 δέ
212 1588 284 1612 τινος
304 1580 440 1612 εἰπόντος,
455 1581 488 1607 ἐκ
521 1581 617 1608 τούτου
634 1581 807 1617 ἀναιρεῖσθαι
833 1582 879 1609 τὸν
898 1583 949 1618 τῆς

165 1625 308 1662 παρούσης
325 1626 435 1653 συνόδου
451 1625 475 1662 η’
495 1627 608 1660 κανόνα,
621 1627 665 1655 τὸν
675 1627 860 1663 διοριζόμενον
879 1629 950 1663 μετὰ

163 1672 299 1700 διακόνων
313 1673 426 1700 οἰκείων
449 1674 512 1704 τοὺς
531 1674 702 1706 ἐπισκόπους
729 1675 951 1711 ὑπομιμνήσκειν

163 1719 212 1746 τὸν
226 1719 339 1754 βασιλέα
346 1719 381 1746 τὰ
401 1720 532 1754 περὶτῶν
546 1720 716 1755 ψυχωφελῶν
729 1722 835 1754 αἰτιῶν,
864 1730 950 1758 προσ-

166 1764 259 1792 έθεντο
272 1765 297 1791 oi
321 1765 453 1801 Πατέρες,
476 1766 544 1801 πρὸς
561 1766 611 1801 μὲν
628 1766 739 1801 βασιλέα
757 1767 794 1803 μὴ
819 1768 951 1794 ἀποστέλ-

165 1809 262 1837 λεσθαι
275 1811 399 1838 διάκονον
421 1811 499 1846 παρὰ
524 1812 675 1839 ἐπισκόπου
697 1813 782 1847 χωρὶς
810 1814 950 1848 συνοδικῆς

165 1856 329 1892 ἐπιτροπῆς·
346 1857 415 1892 πρὸς
423 1857 452 1884 δέ
463 1865 540 1888 τινας
555 1858 674 1890 οἰκείους
686 1859 724 1894 τῷ
744 1858 850 1893 βασιλεῖ
862 1861 951 1886 ποιεῖν

168 1903 239 1938 μετὰ
257 1902 384 1930 διακόνου
404 1903 541 1936 ἀξιώσεις.
558 1904 631 1938 Πλὴν
644 1905 692 1932 καὶ
712 1906 801 1938 τοῦτο,
825 1905 863 1937 ὡς
887 1906 950 1941 ἐμοὶ

166 1949 253 1982 δοκεῖ,
268 1946 339 1984 μετὰ
363 1949 493 1983 εἰδήσεως
507 1949 555 1976 τοῦ
572 1950 771 1985 μητροπολίτου
790 1952 950 1987 γενήσεται.

166 1995 238 2027 Τοὺς
269 1995 361 2029 μέντοι
376 1995 617 2031 παραγινομένους
631 1997 671 2028 εἰς
694 1997 744 2032 τὴν
765 1997 875 2034 Ῥώμην
891 1999 951 2025 ἑπι-

167 2041 287 2073 σκόπους
307 2042 344 2077 μὴ
361 2041 448 2074 ἄλλως
459 2042 498 2076 τῷ
522 2041 629 2077 βασιλεῖ
643 2043 852 2078 προσέρχεσθαι,
873 2045 898 2071 εί
912 2046 950 2080 μὴ

166 2090 180 2115 ὁ
191 2089 308 2121 πάππας
329 2089 400 2124 λάϐῃ
414 2089 464 2124 τὴν
477 2089 543 2124 περὶ
559 2089 656 2116 τούτου
672 2090 788 2126 εἴδησιν⁶
805 2091 853 2118 καὶ
868 2092 951 2124 αὐτὸς

166 2136 320 2170 δοκιμάσας
339 2136 374 2161 τὰ
385 2135 450 2169 περὶ
469 2135 523 2162 τῶν
537 2135 669 2171 δεήσεων,
687 2137 704 2172 ἢ
730 2137 874 2172 ἐπιτρέψει
900 2138 950 2174 τὴν

167 2180 320 2216 ἀναφορὰν,
336 2182 383 2208 καὶ
408 2181 559 2216 ἀποστείλῃ
577 2181 677 2213 αὐτοὺς
696 2183 737 2213 εἰς
753 2183 800 2209 τὸν
824 2182 949 2217 βασιλέα,

167 2228 185 2262 ἢ
199 2228 315 2263 ἀπείπῃ’
337 2228 376 2259 ὡς
391 2229 438 2254 καὶ
454 2228 570 2263 ὀφείλων
585 2228 747 2263 ἀντέχεσθαι
763 2229 817 2255 τῶν
835 2230 948 2257 ἐπισκό-
964 2221 990 2251 D

169 2282 239 2304 πων,
253 2273 299 2299 καὶ
319 2273 428 2308 βοηθεῖν
443 2270 490 2300 ιτξι
506 2274 591 2300 πᾶσιν
612 2273 715 2304 αὐτοῖς.
733 2274 815 2301 ’Ὥστε
828 2275 951 2310 σημείω-

168 2327 214 2345 σαι
231 2318 285 2345 ἀπὸ
303 2318 357 2345 τῶν
373 2319 402 2344 ἐν
418 2318 458 2353 τῷ
480 2319 573 2345 κανόνι
589 2318 675 2354 τούτῳ
688 2321 891 2356 περιεχομένων
909 2321 951 2348 ὄτι

168 2364 231 2392 οὔτε
248 2364 450 2400 μητροπολίτης
468 2363 530 2390 οὕτε
543 2364 692 2397 ἐπίσκοπος
707 2365 792 2401 χωρὶς
807 2365 950 2401 συνοδικῆς

167 2410 341 2445 διαγνώσεως
357 2409 470 2437 δύναται
484 2410 590 2445 δεήσεις
606 2411 764 2445 ἀνενεγκεῖν
789 2411 827 2446 τῷ
846 2411 952 2448 βασιλεί

169 2457 185 2492 ἢ
211 2457 244 2483 δι’
261 2455 358 2483 ἑαυτοῦ
384 2456 400 2491 ἢ
424 2456 469 2482 διὰ
498 2456 622 2482 διακόνου
659 2457 754 2484 αὑτοῦ.
779 2457 901 2484 Ἀκούων
921 2457 950 2483 δὲ

170 2500 258 2528 ταῦτα
282 2500 405 2535 γίνεσθαι
431 2501 500 2536 μετὰ
521 2502 650 2537 εἰδήσεως
681 2502 728 2528 τοῦ
749 2501 950 2538 μητροπολίτου

171 2549 218 2574 καὶ
230 2547 278 2575 τοῦ
292 2547 403 2579 πάππα.
433 2547 576 2584 προστίθει
599 2549 647 2575 καὶ
676 2548 819 2584 συνοδικὴν
847 2549 958 2575 ἐπακο-’

170 2593 276 2620 λουθείν
304 2594 452 2628 διάγνωσιν
483 2593 554 2620 κατὰ
576 2593 622 2620 τὸν
659 2594 694 2621 ια’
716 2594 818 2621 κανόνα
845 2595 894 2629 τῆς
923 2595 953 2621 ὲν

176 2639 328 2675 ’Λντιοχείᾳ
345 2640 516 2667 συνόδου.Τὰ
528 2640 556 2667 δέ
571 2641 633 2676 περὶ
646 2641 693 2668 τοῦ
719 2641 819 2667 πάππα
835 2641 953 2669 ἐνταῦθα

170 2687 352 2721 γεγραμμένα
366 2686 481 2712 ἕλκυσον
494 2687 541 2712 καὶ
558 2687 598 2717 εἰς
615 2687 661 2713 τὸν
679 2687 854 2722 πατριάρχην
878 2687 953 2714 Κων-

173 2732 432 2764 σταντινουπόλεως,
450 2733 483 2758 δι’
495 2731 541 2763 οὓς
558 2732 655 2766 λόγους
669 2733 798 2764 πολλάκις
826 2733 951 2768 εἴπομεν.

178 2777 347 2811 ’Δνάγνωσον
356 2780 402 2805 καὶ
417 2779 512 2812 κεφάλ.
531 2779 553 2814 β’
568 2778 614 2805 τοῦ
627 2778 650 2813 η’
659 2779 749 2805 τίτλου
762 2780 809 2805 τοῦ
820 2780 953 2815 παρόντος

175 2823 379 2858 συντάγματος,
399 2825 446 2851 καὶ
464 2825 498 2851 τὰ
515 2826 544 2851 ἐν
561 2825 635 2860 αὐτῴ
665 2825 763 2852 πάντα.
790 2827 899 2853 Τούτων
924 2827 952 2853 δὲ

175 2869 249 2897 οὕτω
264 2870 465 2906 διορισθέντων,
485 2869 560 2898 εἶπόν
575 2881 646 2904 τινες
664 2872 701 2906 μὴ
718 2872 836 2906 ὀφείλειν
848 2874 872 2899 οἱ
891 2874 952 2905 νδή-

1001 1583 1056 1611 tolli
1080 1582 1219 1618 praesentis
1240 1581 1336 1617 synodi
1362 1587 1491 1608 canonem
1509 1579 1526 1606 8
1550 1579 1595 1613 qui
1619 1577 1730 1609 statuit,
1755 1582 1785 1603 ttt

1000 1629 1119 1665 episcopi
1135 1637 1196 1657 cuin
1210 1627 1327 1663 propriis
1340 1627 1470 1654 ministris
1481 1626 1671 1660 imperatorem
1687 1624 1780 1651 admo-
1830 1657 1836 1662 _

1001 1681 1084 1704 neant
1098 1676 1132 1703 dc
1146 1676 1238 1703 causis
1255 1674 1353 1702 anima:
1366 1672 1584 1700 conducibilibus
1599 1679 1606 1704 ;
1627 1671 1785 1706 adjecerunt

1001 1722 1116 1754 Patres,
1144 1722 1176 1748 ad
1201 1721 1391 1755 imperatorem
1418 1719 1526 1754 quidem
1551 1725 1604 1744 non
1625 1716 1784 1743 mittendum

1001 1768 1155 1796 ministrum
1172 1768 1205 1794 ab
1220 1767 1346 1802 episcopo
1357 1766 1414 1792 sine
1427 1764 1549 1800 synodali
1568 1762 1694 1790 mamlan
1709 1770 1716 1789 :
1738 1762 1783 1788 sed

1001 1814 1320 1850 aliquibusimperatoris
1338 1812 1516 1840 familiaribus
1539 1817 1634 1845 preces
1657 1817 1717 1836 cum
1734 1808 1784 1834 mi-

1002 1861 1089 1888 nistro
1103 1868 1164 1888 esse
1185 1859 1362 1888 exhibendas.
1383 1859 1436 1886 Sed
1452 1858 1502 1885 hoc
1520 1863 1638 1892 quoque,
1664 1859 1695 1882 ut
1718 1855 1783 1880 mihi

1001 1907 1118 1939 videtur,
1137 1906 1182 1933 liet
1195 1912 1255 1932 cum
1272 1905 1384 1932 scientia
1408 1902 1618 1938 metropolitani.
1639 1901 1787 1936 Episcopus

1001 1960 1078 1985 vero,
1094 1952 1139 1986 qui
1165 1951 1278 1980 Romam
1293 1951 1435 1983 accedunt,
1457 1951 1508 1976 n'on
1524 1948 1603 1975 aliter
1622 1948 1655 1974 ad
1670 1947 1787 1980 impera-

1004 2005 1089 2027 torem
1104 1999 1246 2029 accedere,
1262 1996 1312 2024 nisi
1326 2003 1393 2031 papa
1405 1995 1463 2030 ejus
1478 1995 1516 2022 rei
1532 1994 1673 2022 scientiam
1685 1992 1784 2019 habue-

1003 2048 1060 2074 rit:
1080 2050 1107 2073 el
1119 2045 1196 2079 ipse,
1212 2043 1337 2079 precibus
1362 2041 1523 2069 examinatis
1536 2059 1543 2072 ,
1568 2040 1609 2067 vel
1627 2039 1784 2066 relationem

1002 2092 1166 2128 permiserit,
1193 2095 1221 2118 et
1242 2091 1313 2125 ipsos
1339 2089 1371 2116 ad
1395 2089 1586 2123 imperatorem
1608 2085 1723 2117 miserit,
1742 2084 1784 2112 vel

1002 2139 1175 2175 denegaverit
1196 2141 1247 2171 ;ut
1267 2136 1312 2171 qui
1335 2136 1416 2163 etiam
1435 2134 1531 2162 debeat
1551 2133 1691 2167 episcopos
1707 2140 1785 2159 coru-

1002 2184 1092 2220 plecti,
1113 2187 1141 2210 et
1162 2183 1195 2209 iis
1214 2182 1240 2208 in
1269 2181 1394 2208 omnibus
1413 2179 1484 2207 ferre
1501 2185 1593 2212 opem.
1618 2177 1706 2210 Quare
1721 2182 1785 2204 uola

1002 2238 1034 2258 ex
1051 2230 1085 2258 iis
1107 2236 1166 2263 qua:
1186 2228 1213 2255 in
1229 2228 1280 2255 hoc
1292 2233 1394 2254 canone
1410 2225 1594 2256 continentur,
1611 2223 1681 2258 quod
1700 2230 1787 2257 nepte

1004 2275 1229 2310 metropolitanus
1252 2280 1342 2305 neque
1362 2271 1507 2306 episcopus
1524 2271 1584 2298 sine
1598 2270 1717 2306 synodai.
1740 2278 1787 2297 co—

1003 2322 1124 2358 gnitione
1141 2311 1228 2355 potest
1247 2319 1281 2346 ad
1299 2319 1490 2352 imperatorem
1512 2317 1554 2344 vel
1571 2325 1620 2352 per
1632 2324 1661 2344 se
1676 2316 1716 2343 vel
1738 2323 1785 2351 per

1003 2377 1081 2397 suum
1096 2368 1250 2395 tninistrum
1285 2365 1494 2400 supplicationes
1526 2363 1640 2391 referre.
1669 2363 1788 2389 Audiens

1003 2420 1093 2442 autent
1109 2413 1166 2440 inec
1182 2412 1239 2440 lieri
1251 2419 1310 2439 cum
1326 2411 1438 2439 scientia
1450 2410 1645 2446 metropolitani
1659 2415 1686 2436 et
1702 2417 1785 2444 paprc,

1004 2461 1090 2495 adjice
1110 2460 1192 2487 etiam
1207 2459 1363 2495 synodalem
1380 2457 1511 2492 consequi
1527 2456 1718 2491 cognitionem,
1743 2462 1788 2481 se-

1004 2508 1121 2535 cundum
1141 2513 1269 2533 canonem
1287 2505 1317 2532 Η
1336 2505 1512 2531 Antiochense
1532 2501 1640 2538 synodi.
1659 2501 1723 2533 Qua:
1738 2508 1788 2527 au—

1004 2559 1057 2582 tem
1084 2553 1117 2581 de
1147 2560 1213 2588 papa
1242 2552 1285 2579 hic
1312 2551 1411 2586 scripta
1438 2553 1520 2580 sunt,
1549 2548 1586 2577 ad
1605 2547 1786 2582 patriarcltam

1004 2599 1084 2627 etiam
1100 2596 1426 2631 Constantinopolitanum
1445 2593 1602 2628 applicanda
1619 2596 1728 2626 propter
1741 2599 1787 2618 ra-

1005 2643 1092 2670 tiones
1112 2649 1180 2676 quas
1197 2649 1266 2676 smpc
1281 2639 1410 2667 diximus.
1434 2636 1505 2671 Lege
1519 2640 1546 2663 et
1568 2640 1649 2670 caput
1663 2636 1680 2662 2
1701 2636 1744 2661 tit.
1768 2635 1785 2662 8

1004 2690 1146 2725 prmscntis
1162 2687 1261 2722 operis,
1277 2691 1304 2712 et
1318 2684 1406 2711 omnia
1422 2690 1481 2718 quae
1497 2682 1522 2709 in
1534 2689 1567 2709 eo
1582 2686 1654 2709 sunt.
1677 2681 1724 2708 His
1738 2689 1785 2707 au-

1005 2741 1058 2763 tem
1071 2735 1111 2762 sic
1122 2733 1250 2763 definitis,
1267 2731 1392 2757 dixerunt
1410 2728 1505 2761 aliqui,
1522 2736 1574 2755 nou
1589 2728 1689 2754 debere
1701 2727 1784 2753 ullum

1005 2779 1239 2814 metropolitanum
1259 2777 1317 2803 sine
1333 2773 1507 2809 patriarcltali
1523 2774 1651 2800 mandato
1665 2772 1707 2799 vel
1722 2771 1781 2807 per.

1006 2828 1087 2854 missu
1104 2825 1136 2850 ad
1152 2825 1344 2857 imperatorem
1362 2827 1481 2855 unquam
1491 2819 1638 2854 proﬁcisci.
1656 2818 1721 2845 Mihi
1740 2826 1773 2845 :m

1007 2877 1061 2899 tem
1075 2869 1189 2900 videtur,
1206 2867 1280 2901 quod
1292 2866 1402 2901 quando
1425 2865 1541 2901 primum
1560 2863 1789 2900 metropolitanul
