1938 3085
189 126 258 161 1463

186 186 220 213 iis
247 186 348 214 dictum
371 189 412 213 est
437 194 444 212 :
470 185 514 214 hic
526 190 615 214 autem
645 186 679 215 de
702 185 769 215 solis
793 186 921 214 divitibus
942 189 1003 217 eu,

183 231 364 265 Scholasticis,
374 231 399 259 id
409 235 460 264 est,
473 231 506 260 de
514 232 547 259 iis
559 233 603 268 qui
616 232 757 261 rhetorica:
763 237 790 261 et
799 232 849 260 artl
863 232 970 260 dicendi

184 282 293 304 vacant.
317 276 393 309 Quod
418 284 483 312 ergo
507 277 563 305 illic
586 278 760 313 quaesivimus
780 279 813 306 de
835 277 969 313 praeﬁnito

184 327 308 357 tempore
322 330 428 352 canone
441 324 579 352 declarato
589 344 596 356 ,
615 324 666 352 hoc
678 325 703 352 iu
717 325 843 360 praesenti
861 332 970 360 quoque

183 376 286 396 canone
309 369 484 404 quaerendum
510 375 562 398 est.
589 370 744 406 Neophytus
770 375 871 404 autem,
899 371 969 406 apud

152 425 154 428 ⁴
182 415 340 450 Apostolum
351 416 471 450 quidem,
479 421 521 444 est
531 417 564 451 is,
575 417 620 452 qui
630 424 724 445 recens
732 417 900 445 illuminatus
909 421 968 450 est;

183 461 255 495 apud
282 469 412 490 canonem
436 468 545 497 autem,
581 455 626 498 qui
661 471 695 491 ex
722 464 805 492 divite
829 463 871 492 vel
889 463 969 491 scho-
996 456 1001 461 ’

184 506 279 536 lnstico
319 508 353 536 ad
387 508 566 544 episcopalem
606 509 763 545 dignitatem
798 509 968 545 provehitur.

180 553 279 587 Quare
290 558 318 581 et
335 561 466 583 canonem
482 554 499 582 2
514 555 629 583 Nicmna‘.
649 556 741 590 primae
757 555 864 592 synodi.

219 645 301 681 E97
316 644 442 674 ZONAR.
459 645 598 673 Neminem
610 653 625 672 e
639 645 706 679 I'oro,
725 645 776 673 hoc
789 649 839 676 est,
853 652 868 672 e
881 644 969 680 populi

184 692 274 723 turba,
296 692 419 726 quamvis
438 691 540 719 divitiis
559 691 660 724 aiiluat,
678 690 803 726 quamvis
826 690 969 719 scholasti-

183 744 233 765 cus
249 737 295 770 sit,
319 737 372 765 hoc
387 742 441 770 est,
464 737 569 765 dicendi
586 737 675 765 studio
700 744 809 772 operam
823 736 969 772 impendat,

184 784 352 818 episcopum,
372 785 395 812 si
411 792 443 811 eo
459 792 569 813 mouere
592 784 690 819 dignus
708 784 859 817 iudicetur,
877 783 970 811 subito

184 830 289 862 creari,
320 829 366 857 sed
388 837 436 858 eos
456 830 579 858 homines
602 837 651 865 per
675 837 814 858 sacrorum
840 829 966 857 ordinum

184 876 284 912 gradus
308 876 446 911 sigillatim
465 876 634 911 promoveri,
653 882 686 903 ac
709 875 737 902 in
758 875 873 910 singulis
897 874 970 902 haud
985 865 1006 894 Β

185 922 297 949 ιιιῖηίιηο
318 922 448 956 temporis
470 921 557 957 spatio
577 921 744 954 ministrare,
767 920 813 948 hic
829 927 916 948 canon
929 918 974 954 ju-

185 969 231 996 bet
247 977 254 996 :
270 972 299 995 ut
313 975 346 995 eo
363 967 468 994 scilicet
485 967 614 1002 temporis
633 966 775 994 intervallo
797 970 825 994 et
843 966 928 1001 ipsius
942 966 977 994 ii-

186 1015 260 1046 dem,
287 1019 398 1042 rectaue
420 1014 466 1046 sit,
491 1019 519 1041 et
545 1020 649 1041 morum
665 1012 814 1040 bonitatem
837 1013 974 1047 animique

186 1061 366 1088 constantiam
380 1080 388 1093 ,
411 1067 443 1087 ac
464 1060 677 1087 moderationem
704 1059 786 1086 liceat
812 1058 971 1093 explorari;

186 1106 279 1141 itaque
300 1106 410 1134 demum
433 1106 467 1133 ad
492 1106 664 1141 episcopatus
684 1104 831 1138 fastigium,
849 1104 901 1132 hoc
921 1109 973 1138 est,

187 1152 287 1179 summi
305 1151 453 1180 sacerdotii
467 1151 573 1179 culmen
587 1158 635 1186 per
655 1151 861 1186 progressiones
880 1155 974 1178 trans-

187 1202 241 1226 eat.
275 1197 367 1233 Neque
389 1198 478 1229 enim.
502 1197 600 1232 inquit,
636 1196 736 1224 rationi
762 1200 973 1225 consentaneum

186 1248 240 1276 est,
252 1250 340 1278 neque
359 1243 384 1271 id
400 1248 447 1270 aut
461 1243 584 1276 scientia,
600 1243 650 1270 hoc
660 1247 712 1275 est,
726 1242 877 1270 divinarum
891 1241 975 1270 Litte-

171 1312 174 1314 .
189 1297 279 1318 rarum
297 1290 425 1325 cognitio,
445 1294 493 1316 aut
511 1288 711 1329 recta'vivcndi
724 1296 832 1322 norma,
854 1288 907 1316 hoc
920 1292 972 1322 est,

188 1336 319 1373 temporis
335 1337 513 1364 diuturnitate
538 1335 642 1363 ﬁrmata
668 1342 701 1363 ac
721 1335 833 1370 probata
857 1342 973 1363 consue-

188 1383 254 1410 tudo
272 1383 385 1417 patitnr,
411 1386 441 1410 ut
454 1388 557 1410 temere
579 1389 612 1410 ac
627 1381 733 1416 leviter,
756 1383 808 1410 hoc
831 1385 883 1415 est,
901 1380 974 1408 nullo

188 1428 305 1461 delectu,
327 1428 491 1464 episcopus,
507 1433 554 1455 aut
578 1428 730 1464 presbyter,
756 1433 802 1454 aut
833 1427 973 1459 diaconus,

188 1475 235 1502 ubi
261 1475 376 1510 primum
402 1482 432 1502 se
457 1474 571 1510 quisque
595 1474 755 1506 ostenderit,
780 1473 973 1501 constituatur.

188 1521 316 1556 Quisquis
328 1521 401 1549 enim
414 1521 446 1549 ad
457 1522 628 1557 episcopatus
638 1521 792 1556 dignitatem
808 1522 857 1548 bac
867 1519 974 1548 ratione
988 1537 1011 1566 α

189 1568 371 1603 progreditur,
385 1567 545 1603 neophytus,
563 1567 660 1602 inquit,
679 1567 714 1594 ab
726 1566 866 1601 Apostolo,
883 1566 976 1600 praeci-

189 1614 259 1649 pites
283 1613 417 1647 ejusmodi
433 1612 586 1640 creationes
604 1612 784 1647 improbante,
806 1612 976 1639 existimatus

189 1664 242 1686 est.
261 1659 300 1686 Ac
324 1659 449 1694 neophyti
464 1658 572 1692 quidem
592 1665 685 1686 vocem
711 1659 748 1685 ita
774 1657 853 1691 hujus
879 1657 975 1693 synodi

190 1705 285 1732 Patres
310 1704 480 1739 interpretati
498 1708 562 1731 sunt
581 1712 588 1731 ι
608 1703 746 1739 apostolus
771 1711 836 1731 vero
858 1703 976 1738 inclytus

190 1751 290 1778 Paulus
301 1759 374 1783 eum,
390 1752 435 1786 qui
449 1758 535 1785 nuper
553 1758 587 1778 ex
602 1751 732 1781 oleastro,
751 1750 921 1777 infidelitatis
934 1750 975 1776 vi-

190 1797 300 1828 delicet,
317 1798 432 1830 recisus,
455 1802 537 1832 atque
555 1797 582 1824 in
604 1796 755 1831 speciosam
772 1795 858 1823 oleam
871 1815 879 1824 .
895 1795 975 1823 ﬁdem

191 1844 296 1871 scilicet
316 1844 507 1875 orthodoxam,
528 1843 703 1878 implanlatus
718 1842 766 1875 sit,
780 1842 909 1878 neophyti
927 1849 990 1877 trp--

191 1890 335 1924 pellatione
351 1889 523 1924 signiﬁcavit.
537 1888 571 1915 Et
584 1889 678 1916 eodem
700 1888 781 1916 modo
797 1887 904 1915 Nicatna
921 1888 978 1923 pri-

192 1944 234 1962 mn
259 1935 397 1970 synodus,
422 1939 453 1961 ut
478 1935 505 1962 in
530 1935 600 1962 illius
623 1934 741 1962 secundo
763 1942 868 1962 canone
886 1934 977 1962 videre

192 1986 253 2013 est,
271 1982 433 2016 ueophytum
457 1980 609 2011 intellexit:
631 1985 659 2008 et
673 1980 978 2015 Constantinopolitanze

191 2027 287 2062 prima:
308 2031 335 2054 et
355 2027 480 2054 secundae
505 2026 601 2061 synodi
614 2026 718 2053 decimo
736 2026 851 2061 septimo
875 2032 978 2054 canone

192 2073 287 2101 eadem
301 2073 446 2101 constituta
462 2072 590 2106 reperias.

193 2119 308 2147 ARIST.
340 2129 349 2146 ι
367 2119 508 2152 Forensis,
531 2118 712 2146 scholasticus
734 2124 781 2146 aut
805 2119 900 2151 dives,
928 2118 980 2146 nisi

220 2162 244 2191 ἰ
267 2173 315 2200 per
340 2172 437 2192 sacros
462 2164 602 2191 transierit
620 2163 732 2198 gradus,
757 2164 901 2199 episcopus
926 2172 979 2191 non

232 2221 242 2237 ι
265 2216 387 2238 creatur.
405 2210 543 2238 Graduum
559 2215 650 2237 autem
678 2209 855 2237 interstitium
880 2217 914 2237 ne
934 2210 981 2237 atl-
997 2205 1019 2233 Ι)

233 2267 242 2282 ι
264 2257 373 2284 modum
396 2256 480 2284 breve
501 2255 547 2289 sit,
577 2263 632 2290 quo
656 2255 741 2290 major
764 2255 825 2283 ﬁdei
850 2255 980 2290 bonaque

235 2313 245 2328 ι
263 2302 479 2330 conversationis
500 2302 626 2337 probatio
651 2301 793 2329 habeatur.
817 2301 868 2335 Qui
902 2301 981 2329 aliter

233 2357 243 2374 ι
263 2348 335 2375 enim
349 2347 533 2379 constituitur,
555 2346 704 2382 neopltytus
717 2351 769 2374 est.
783 2355 793 2372 ι

231 2395 282 2422 ilic
297 2401 385 2421 canon
404 2393 487 2420 laicus
501 2392 608 2427 quidem
630 2392 656 2419 in
673 2392 732 2420 foro
750 2393 890 2427 degentes,
910 2397 937 2420 et
954 2393 980 2419 in

194 2449 228 2470 eo
240 2448 352 2477 Operam
365 2440 471 2471 dantes,
483 2439 526 2466 vel
542 2443 570 2466 et
585 2439 691 2474 aliquos
704 2439 802 2466 divites
816 2443 843 2466 et
860 2439 981 2467 forenses

195 2491 373 2519 mercatores,
385 2485 419 2513 ad
439 2484 611 2520 episcopatus
627 2485 786 2520 dignitatem
806 2485 918 2519 provehi
935 2493 982 2512 vo-

195 2535 293 2565 lentes,
321 2540 375 2560 non
396 2532 477 2559 aliter
493 2531 621 2559 constitui
642 2530 729 2565 jubet,
749 2531 800 2558 nisi
821 2531 930 2559 lectoris
955 2536 983 2559 et

195 2579 348 2616 presbyteri
363 2584 391 2607 et
406 2578 514 2607 diaconi
531 2577 713 2606 ministerium
728 2582 901 2612 peregerunt.
915 2577 984 2613 Spu-

196 2627 263 2654 tium
290 2630 380 2653 autem
403 2625 536 2660 cujusque
552 2625 652 2657 gradus
673 2632 735 2652 esse
757 2625 925 2652 diuturnum.
949 2624 984 2652 Ut

196 2674 250 2700 vita
264 2680 359 2699 eorum
382 2676 409 2698 et
432 2672 497 2700 ﬁdes
514 2671 539 2698 iu
556 2678 588 2698 eo
603 2671 783 2698 examinetur.
809 2671 843 2698 At
863 2671 984 2698 decimus

196 2718 328 2753 septimus
349 2719 443 2753 prima!
464 2722 491 2745 et
509 2718 634 2746 secundas
659 2718 754 2753 synodi
776 2718 801 2744 in
820 2716 981 2744 Sanctorum

196 2765 387 2799 Apostolorum
403 2764 503 2799 templo
517 2771 619 2792 coacta
632 2771 729 2797 canon,
747 2763 882 2790 nemiuem
901 2763 984 2789 laico-

201 2819 275 2842 rnm,
301 2811 363 2838 licet
383 2810 462 2837 mala:
492 2810 707 2837 conversationis
731 2817 782 2836 uou
810 2808 845 2835 sit
877 2813 905 2835 ut
934 2815 984 2836 nec

201 2857 396 2884 monachorum
414 2857 572 2892 quempiam
593 2856 626 2884 ad
642 2855 811 2890 episcopatus
830 2853 982 2883 sublimita-

811 131 950 164 THEOD.
969 133 1171 165 BALSAMON
1201 130 1203 134 Α

1019 188 1053 215 τὰ
1069 189 1136 225 περὶ
1161 190 1264 217 τούτων
1288 178 1509 225 ἐξεφωνήθησαν·
1540 186 1656 215 ἐνταῦθα
1684 185 1714 212 δὲ
1745 191 1823 222 περῖ

1025 234 1114 269 μόνων
1130 235 1266 262 πλουσίων
1285 235 1335 263 καὶ
1367 234 1563 270 σχολαστικῶν.
1592 232 1717 261 τουτέστι
1744 235 1822 268 περὶ

1023 280 1122 314 λόγους
1142 280 1338 315 σχολαζόντων,
1370 281 1404 308 ’0
1430 280 1496 315 γοῦν
1511 281 1601 307 ἐκεῖσε
1634 280 1822 314 ἐζητήσαμεν

1024 325 1104 360 χάριν
1116 324 1164 352 τοῦ
1178 325 1347 360 δηλουμένου
1371 325 1410 360 τῷ
1421 325 1516 353 κανόνι
1529 325 1727 360 νενομισμένου
1747 333 1813 351 και·

1024 370 1084 406 ροῦ,
1103 370 1183 398 τοῦτο
1198 371 1247 398 καὶ
1263 372 1304 403 είς
1330 371 1375 398 τὸν
1397 372 1519 406 παρόντα
1539 372 1641 399 κανόνα
1662 371 1819 406 ζητητέον.

1023 417 1161 452 Νεόφυτος
1173 417 1211 450 δὲ,
1223 418 1300 453 παρὰ
1315 418 1365 453 μὲν
1378 418 1418 453 τῷ
1430 417 1584 453 ’Δποστόλῳ
1597 418 1610 444 ό
1626 417 1819 452 ντοφώτιστος

1023 462 1144 497 λέγεται·
1163 463 1239 499 παρὰ
1253 463 1282 491 δὲ
1300 464 1338 499 τῷ
1354 464 1449 492 κανόνι
1461 464 1476 490 ό
1490 463 1545 490 ἀπὸ
1558 464 1685 490 πλουσίου
1702 463 1720 499 ἢ
1740 472 1818 498 σχα-

1023 510 1153 541 λάζοντος
1170 510 1210 538 εἰς
1231 510 1412 537 ἑπισκοτιικὸν
1428 509 1536 544 ἀξίωμα
1561 509 1818 544 προσισσζόμενος.

1023 557 1103 590 Ζήτει
1120 556 1167 583 καὶ
1180 555 1224 583 τὸν
1238 555 1260 591 β’
1277 556 1378 584 κανόνα
1397 557 1447 592 τῆς
1458 556 1489 583 ὲν
1498 555 1603 591 Νικαίᾳ
1616 555 1730 591 πρώτης
1741 563 1817 582 συν-

1025 601 1086 628 όδου
1091 621 1098 628 .

1059 647 1182 676 ΖΩΝΔΡ.
1202 648 1303 676 Οὐδένα
1325 647 1380 674 τῶν
1402 647 1432 680 ἐξ
1453 648 1557 683 ἀγορᾶς
1571 648 1656 675 ὄντων
1679 648 1741 683 ἦτοι
1759 648 1817 681 τῆς

1023 693 1165 729 δημώδους
1175 694 1343 729 συγχύσεως,
1352 693 1403 721 κᾶν
1415 693 1551 726 πλούσιος,
1560 693 1612 721 κᾶν
1620 694 1817 730 σχολαστικὸς,

1024 740 1148 767 τουτέστι
1165 741 1230 776 περὶ¹
1252 740 1349 774 λόγους
1363 739 1515 775 σχολάζων,
1531 739 1655 773 βούλεται
1669 740 1684 766 ὁ
1706 739 1817 772 κανὼν,

1025 785 1050 812 εί
1067 785 1141 818 ἄξιος
1154 785 1272 821 κρίνοιτο
1284 785 1449 821 ἐπισκοπῆς,
1472 785 1571 820 ἁθρόον
1597 785 1817 821 χειροτονεῖσθαι

1025 831 1186 864 ἐπίσκοπον,
1199 831 1268 858 ἀλλὰ
1283 831 1431 867 διορίζεται
1449 831 1513 864 τοὺς
1525 832 1665 863 τοιούτους
1679 832 1721 864 εἰς
1743 831 1816 857 ἕκα-

1028 885 1091 904 στον
1111 877 1214 913 βαθμὸν
1231 877 1368 913 ίερατικδν
1385 877 1613 913 προὸισάζεσθαι,
1629 878 1677 904 καὶ
1687 878 1732 912 ἐς*
1745 877 1815 904 έκὰι

1027 931 1083 959 στῳ
1102 923 1150 950 ἐπὶ
1163 922 1259 958 καιρὸν
1274 923 1423 959 ὑπηρετεῖν
1445 923 1496 951 οὐκ
1519 923 1671 959 ἐλάχιστον,
1701 924 1747 950 ῖνα
1767 923 1816 950 διὸ

1025 969 1074 996 τοῦ
1090 968 1190 1005 καιροῦ
1205 969 1312 997 ἐκείνου
1326 969 1462 1005 γνωσθείη
1483 970 1546 1007 ἥτε
1571 969 1664 1001 πίστις
1678 969 1772 1000 αὐτοῦ,
1789 970 1816 995 ει

1025 1014 1093 1050 ὀρθή
1108 1016 1178 1048 ἐστι,
1194 1015 1242 1042 καὶ
1256 1015 1273 1050 ἡ
1290 1015 1429 1050 ἀγαθότης
1441 1015 1497 1042 τῶν
1506 1014 1626 1050 τρόπων,
1639 1014 1686 1041 καὶ
1698 1014 1714 1049 ὴ
1731 1014 1815 1050 στεῤ-

1027 1062 1111 1098 ρότης
1127 1061 1175 1089 τοῦ
1186 1062 1374 1098 φρονήματος,
1391 1062 1439 1089 καὶ
1452 1061 1469 1096 ἡ
1499 1061 1646 1092 ἐπιείκεια,
1665 1061 1712 1088 καὶ
1725 1059 1815 1090 οὕτως

1025 1108 1067 1140 τις
1082 1107 1132 1142 τὴν
1143 1107 1226 1143 ἁψίδα
1240 1108 1292 1144 τῆς
1307 1107 1471 1143 ὲπισκοπῆς,
1498 1108 1582 1144 ἤγουν
1598 1107 1648 1141 τὴν
1673 1107 1815 1142 ἀκρότητα

1025 1153 1074 1181 tot?
1090 1153 1175 1188 ὕψους
1191 1154 1241 1188 τῆς
1251 1153 1462 1190 ἀρχιερωσύνης
1475 1152 1558 1188 διασῇ
1572 1152 1643 1180 κατὰ
1657 1153 1815 1188 προκοπήν.

1026 1199 1094 1226 Οὐδὲ
1111 1199 1165 1235 γὰρ
1181 1199 1297 1235 πρέπει,
1312 1199 1408 1235 φησὶν,
1428 1198 1490 1226 οὔτε
1507 1200 1522 1234 ἡ
1549 1198 1702 1233 ἐπιστήμη.
1719 1198 1814 1225 τουτέ-

1026 1253 1085 1271 στιν
1115 1244 1132 1279 ἡ
1148 1244 1203 1271 τῶν
1232 1244 1313 1271 θείων
1335 1243 1431 1278 Λόγων
1457 1243 1571 1278 γνῶσις,
1593 1242 1655 1270 οὔτε
1682 1243 1699 1278 ἡ
1721 1242 1815 1276 ἁγαῦὴ

1025 1290 1293 1325 ἀναστροφὴ.ῆγουν
1311 1291 1327 1325 ἠ
1348 1290 1478 1325 συνήθεια
1503 1290 1520 1325 ἡ
1545 1288 1746 1324 δοκιμασθεῖσι
1773 1287 1815 1322 τῷ

1026 1336 1128 1372 χρόνῳ,
1153 1336 1309 1372 ἱπιδέχεται
1338 1336 1479 1371 τολμερῶς
1508 1335 1556 1362 καὶ
1582 1335 1702 1369 κούφως,
1727 1334 1815 1369 ἤγουν

1025 1382 1156 1415 εὐκόλως,
1170 1381 1356 1420 πρεσϐύτερον
1377 1382 1531 1418 ἣδιάκονον
1547 1381 1564 1417 ἢ
1582 1381 1732 1408 ιπίσκοπον
1745 1388 1813 1416 προ-

1025 1429 1128 1464 χείρως
1146 1429 1374 1465 χειροτονεῖσθαι.
1401 1428 1430 1456 '0
1446 1427 1533 1459 οὕτως
1561 1427 1628 1462 γὰρ,
1653 1427 1746 1462 φησὶν,
1773 1426 1816 1456 είς

1025 1474 1182 1510 ἐπισκοπῆς
1210 1474 1289 1507 ἀξίαν
1322 1466 1478 1510 προϐαίνων
1513 1473 1641 1507 νεόφυτος
1680 1471 1813 1506 ἐνομίσθη

1025 1519 1066 1555 τῷ
1097 1519 1265 1555 ’Δποστόλῳ.
1292 1519 1446 1547 κωλύσαντι
1474 1518 1585 1553 ταχείας
1609 1517 1734 1551 γίνεσθαι
1763 1517 1813 1547 τὰς

1027 1567 1222 1598 καταστάσεις.
1230 1567 1263 1593 01
1274 1567 1324 1602 μὲν
1331 1564 1379 1593 οὖν
1386 1567 1436 1601 τῆς
1451 1565 1559 1592 συνόδου
1572 1564 1676 1599 ταύτης
1690 1565 1812 1599 “eripe;

1028 1612 1115 1645 οὕτως
1128 1612 1288 1645 ὲξελάὸοντο
1313 1612 1359 1639 τδν
1383 1611 1522 1645 νεόφυτονο
1540 1611 1553 1637 ό
1577 1611 1605 1637 δὲ
1622 1609 1728 1641 κλεινδς
1742 1609 1812 1636 ἀπό-

1028 1659 1122 1691 στολος
1148 1658 1254 1690 Παῦλος
1270 1658 1402 1693 νεόφυτον
1424 1657 1471 1684 τδν
1489 1657 1552 1692 ἄρτι
1582 1656 1613 1688 ἐξ
1640 1655 1811 1691 ἀγριελαίου,

1026 1706 1077 1740 τῆς
1090 1705 1221 1737 ἀπιστίας
1240 1704 1322 1740 φημὶ,
1340 1703 1409 1739 πρὸς
1424 1702 1599 1730 καλλιέλαιον
1615 1709 1811 1737 μετεγκεντρι-

1028 1752 1138 1784 σθέντα,
1152 1752 1202 1787 τὴν
1219 1751 1309 1778 πίστιν
1319 1750 1421 1785 δηλαδὴ
1434 1749 1484 1784 τὴν
1495 1748 1646 1784 ὀρθόδοξον,
1661 1747 1746 1780 λέγει.
1757 1747 1813 1773 Καὶ

1028 1799 1044 1833 ἡ
1073 1799 1102 1825 ὲν
1130 1796 1233 1832 Νικαίᾳ
1259 1796 1356 1831 πρώτη
1386 1795 1495 1827 σύνοδος
1527 1794 1613 1826 οὓτως
1639 1794 1733 1829 ἐνόησε
1767 1793 1812 1820 τὸν

1028 1844 1169 1878 νεόφυτον,
1187 1844 1225 1875 ὡς
1258 1843 1332 1869 ἔστιν
1356 1842 1448 1877 εὑρεῖν
1473 1842 1503 1868 ὲν
1519 1841 1558 1877 τῷ
1581 1840 1700 1875 δευτέρῳ
1720 1840 1812 1866 κανόνι

1028 1891 1125 1926 αὐτῆς·
1137 1890 1185 1918 καὶ
1199 1890 1214 1916 ό
1227 1889 1259 1922 ιζ’
1275 1889 1304 1916 δὲ
1330 1888 1420 1916 κανὼν
1435 1888 1484 1923 τῆς
1510 1889 1540 1915 ὲν
1557 1886 1812 1915 Κωνσταντινουπό-

1029 1936 1072 1963 λει
1091 1935 1230 1969 συστάσης
1249 1934 1361 1970 πρώτης
1385 1933 1434 1961 καὶ
1453 1933 1583 1969 δευτέρας
1599 1933 1708 1961 συνόδου
1728 1932 1811 1967 διορὲ-

1030 1982 1116 2015 ζεται.

1031 2118 1143 2147 ΔΡΙΣΤ.
1163 2128 1174 2145 ι
1188 2119 1341 2154 Ἀγοραῖος,
1361 2117 1538 2153 σχολαστικὸς
1550 2135 1558 2148 ,
1587 2116 1604 2151 ἢ
1627 2115 1766 2147 πλούσιος,
1788 2114 1811 2140 εί

1071 2174 1080 2190 t
1100 2164 1138 2200 μὴ
1161 2164 1224 2196 τοὺς
1242 2164 1333 2199 ἱεροὺς
1351 2162 1452 2190 διέλθοι
1469 2161 1603 2197 βαθμοὺς,
1615 2160 1765 2191 ἐπίσκοπος
1782 2160 1811 2186 οὺ

1066 2219 1081 2243 ¹ι
1102 2210 1274 2238 καθίσταται.
1297 2209 1335 2236 Τὸ
1356 2209 1385 2236 δὲ
1410 2208 1466 2235 τῶν
1487 2207 1600 2243 βαθμῶν
1623 2206 1761 2241 διάστημα
1784 2205 1812 2231 οὗ

1071 2265 1082 2283 ι
1098 2256 1159 2283 λίαν
1171 2255 1365 2290 όλιγοστδν,δι⁹
1376 2250 1407 2282 οὗ
1416 2253 1573 2288 τὺδοκίμιον
1581 2253 1631 2287 τῆς
1642 2252 1761 2281 πίστεως
1769 2252 1814 2278 καὶ

1071 2316 1081 2329 ο
1098 2301 1304 2336 καλοκαγαθίας
1312 2299 1397 2328 αὐτοῦ
1409 2299 1594 2334 δοκιμάζοιτο.
1601 2298 1631 2325 'O
1640 2298 1695 2333 γὰρ
1702 2298 1810 2332 ἑτέρως.

1072 2360 1082 2376 ι
1098 2350 1236 2384 νεόφυτος.
1260 2357 1269 2374 ι

1069 2393 1154 2428 Οὗτος
1169 2396 1184 2422 ό
1192 2393 1287 2422 ’κανὼν
1299 2393 1363 2424 τοὺς
1381 2393 1431 2428 μὲν
1441 2392 1554 2423 λαῖκοὺς
1569 2392 1633 2422 τοὺς
1645 2391 1675 2417 ὲν
1687 2392 1720 2425 τῇ
1728 2390 1811 2425 ἀγορᾷ

1032 2442 1231 2478 διατρίσοντας,
1248 2440 1295 2467 καὶ
1310 2439 1498 2474 σχολάζοντας
1515 2439 1544 2465 ὲν
1556 2438 1637 2473 αὐτῇ,
1653 2437 1670 2472 ἦ
1685 2438 1732 2464 καί
1741 2445 1812 2468 τινας

1033 2488 1181 2519 ’πλουσίους
1204 2487 1252 2513 καὶ
1277 2485 1423 2520 ἀγοραίους
1451 2483 1676 2521 πραγματευτὰς,
1693 2484 1734 2515 είς
1757 2484 1813 2509 ἑπι-

1035 2524 1141 2569 σκοπῆς
1167 2533 1277 2568 ἀξίωμα
1313 2531 1498 2568 βουληθέντας
1531 2529 1723 2565 ἀνενεχθῆναι,
1767 2530 1812 2555 οὐκ

1034 2580 1123 2611 ἄλλως
1137 2578 1304 2614 προστάττει
1318 2576 1514 2608 καθίστασθαι,
1531 2576 1555 2601 εί
1575 2574 1613 2610 μὴ
1627 2574 1812 2608 ἀναγνώστου,

1034 2626 1083 2653 καὶ
1107 2623 1309 2660 πρεσϐυτέρου,
1327 2622 1375 2650 καὶ
1389 2622 1514 2649 διακόνου
1529 2622 1682 2659 ὑπηρεσίαν
1709 2623 1812 2649 ἑκτελέ·

1036 2678 1124 2697 σουσι’
1140 2669 1172 2696 τδ
1195 2668 1223 2696 δὲ
1245 2668 1383 2702 διάστημα
1410 2667 1526 2693 ἑκάστου
1551 2665 1656 2701 βαθμοῦ
1682 2667 1812 2701 χρονιαίον

1035 2715 1117 2743 εἶναι’
1148 2716 1182 2742 ἶν’
1200 2714 1215 2740 ὁ
1243 2714 1300 2749 βίος
1322 2714 1414 2740 αὒτῶν
1439 2713 1511 2747 καὶὴ
1530 2713 1622 2743 πίστις
1646 2712 1675 2738 ὲν
1698 2711 1812 2747 τοσούτῳ

1034 2761 1199 2796 δοκιμασθῇ,
1215 2760 1245 2787 ’0
1258 2760 1286 2786 δὲ
1302 2759 1532 2790 ἑπτακαιδέκατος
1542 2757 1632 2785 κανὼν
1643 2758 1693 2793 τῆς
1708 2757 1812 2793 πρώτης

1035 2809 1082 2836 καὶ
1098 2807 1227 2842 δευτέρας
1247 2806 1370 2838 συνόδου,
1388 2806 1438 2840 τῆς
1449 2806 1477 2831 ἐν
1488 2804 1526 2839 τῷ
1554 2803 1610 2838 ναῷ
1630 2803 1685 2830 τῶν
1719 2803 1813 2837 ’Δγίων

1043 2852 1214 2880 ’Λποστόλων
1231 2852 1380 2886 συστάσης,
1399 2850 1495 2878 οὐδένα
1515 2849 1571 2877 τῶν
1580 2848 1695 2882 λαῖκῶν,
1711 2848 1762 2875 κᾶν
1779 2848 1812 2884 μὴ
