1938 3085
162 149 231 183 1665

725 159 767 188 IN
786 160 868 190 CAN.
889 161 930 190 XI
947 158 1051 189 CONC.
1072 158 1219 190 SARDIC.

1708 147 1774 195 1466

161 209 194 236 ικ
205 210 312 246 φαύλης
327 210 387 238 ἔστι
399 212 551 248 διαγωγῆς,
576 215 634 242 ἀλλ’
653 216 714 244 οὐδὲ
727 217 783 244 τῶν
807 219 941 255 μοναχῶνΙ

1011 223 1049 242 ειη
1077 216 1219 243 confestim
1242 217 1395 251 promoveri
1416 219 1560 253 permittit.
1593 211 1646 248 Sed
1676 220 1775 255 gradus

161 257 203 290 τίς
217 258 248 284 τδ
262 259 312 293 τῆς
323 259 478 296 ἐπισκοπῆς
492 261 559 296 ὕψος
574 262 680 298 ἀθρόως
706 263 857 299 ἀνάγεσθαι
875 274 944 300 συγ-

162 305 258 339 χωρεῖ’
287 305 356 332 ἀλλά
381 306 447 338 τοὺς
475 307 630 343 ίερατικοὺς
656 310 789 346 πρότερον
822 311 943 347 βαθμοὺς

162 350 316 385 προελθεῖν,
335 354 364 379 ιν
392 352 501 389 ἑκάστῳ
530 354 652 390 τάγματι
680 355 726 382 τὸν
749 357 945 392 νενομισμένον

162 397 320 433 πληροῦντα
333 399 439 434 χρόνον,
455 399 503 427 καὶ
517 401 578 428 τότε
590 401 641 437 τῆς
649 402 803 438 ἐπισκοπῆς
818 403 868 437 τὴν
884 412 943 439 χει.

164 446 288 480 ροτονίαν
303 445 440 481 δέχεσθαι.

441 493 563 521 ΚᾹΝΩΝ
576 495 611 522 ῙΑ
620 514 629 524 .

165 548 175 565 1
194 538 374 573 Ἐπίσκοπος,
388 541 453 568 ὅταν
468 542 497 575 ἐξ
509 542 608 578 ἑτέρας
623 543 728 576 πόλεως
754 544 941 581 παραγίνηταί

197 595 206 612 1
225 586 266 617 είς
281 587 379 622 ἑτέραν
403 587 492 622 πόλιν,
508 589 525 625 ἢ
542 589 596 617 ἀπὸ
625 590 724 627 ἑτέρας
748 591 884 628 ἐπαρχίας
900 593 942 624 είς

199 641 209 657 1
230 632 328 668 ἑτέραν
354 634 502 670 ἐπαρχίαν,
536 636 644 672 κόμπου
674 637 754 673 χάριν
793 639 942 674 ἐγκωμίοις

198 687 208 704 1
226 679 338 711 οίκιίοις
352 680 585 717 ὑπηρετούμενος,
601 682 617 716 ἢ
637 683 787 718 θρησκείας
802 684 941 712 καθοσιώ-

201 733 211 750 1
231 732 284 756 σει.
299 725 347 752 καὶ¹
364 726 476 753 πλείονα
489 727 586 763 χρόνον
602 727 723 763 βούλοιτο
749 729 864 764 διάγειν,
894 730 942 758 καὶ

201 780 210 797 ι
232 771 270 806 μὴ
282 772 296 798 ὸ
309 772 359 806 τῆς
375 773 479 805 πόλεως
495 773 605 809 ἐκείνης
626 775 783 808 ἐπίσκοπος.
809 776 941 812 ἔμπειρος

200 827 210 843 1
229 815 447 855 ᾖδιδασκαλίας,
476 820 514 856 μὴ
547 822 706 858 καταφρονῇ
738 822 856 855 ἐκείνου,
893 823 942 850 καὶ

198 871 208 889 1
225 864 420 916 συνεχέστερον
434 865 529 902 ὁμιλῇ,
556 868 752 903 καταισχύνειν
776 869 823 896 καὶ
839 868 941 896 εὖτελί-
953 884 978 916 Β

201 918 211 935 1
227 909 286 941 ζειν
305 910 336 937 τὸ
352 910 498 945 πρόσωπον
511 911 558 939 τοῦ
574 913 669 941 αὐτόθι
683 914 834 941 ἐπισκόπου
856 923 940 942 σπου-

200 964 211 981 1
225 955 328 987 δάζων.
345 956 421 993 Αὕτη
437 958 491 993 γὰρ
506 958 522 994 ή
546 959 684 994 πρόφασις
706 958 786 987 εἴωθε
805 961 943 997 ταράχους

204 1012 213 1029 ι
235 1004 334 1034 ποιεῖν.
349 1004 398 1030 καὶ
421 1004 454 1030 ὲκ
466 1004 517 1038 τῆς
540 1004 669 1040 τοιαύτης
695 1007 864 1042 πανουργίας
891 1008 942 1042 τὴν

199 1057 209 1075 1
229 1048 373 1084 ἀλλοτρίαν
400 1049 535 1084 καθέδραν
568 1050 657 1085 ἑαυτῷ
687 1052 942 1086 προμνηστεὼσθαι

199 1103 209 1121 1
229 1095 277 1122 καὶ
291 1095 488 1130 παρασπᾶσθαι
505 1096 662 1129 σπουδάζει,
676 1096 713 1133 μὴ
733 1097 869 1129 διστάζων
891 1098 941 1135 τὴν

198 1150 209 1167 1
226 1141 303 1177 αὐτῷ
315 1141 517 1177 παραδοθεῖσαν
534 1142 687 1177 ἔκκλησίαν
709 1144 942 1180 καταλιμπάνειν,

202 1196 212 1213 1
230 1187 280 1214 καὶ
291 1187 331 1219 εἰς
349 1187 447 1223 ιτέραν
461 1188 651 1222 μεθίστασθαι.
675 1189 816 1225 Ὀριστέον
830 1190 876 1217 οὖν
894 1191 942 1218 ἐπὶ

199 1241 210 1259 1
227 1232 315 1268 τούτῳ
331 1232 438 1269 χρόνον·
464 1233 557 1270 ἐπειδὴ
585 1233 632 1261 καί
648 1235 679 1261 τὸ
701 1235 739 1270 μὴ
764 1236 943 1272 ὑποδέχεσθαι

201 1287 212 1303 1
230 1278 380 1306 ἐπίσκοπον
395 1278 450 1305 τῶν
462 1278 654 1314 ἀπανθρώπων
671 1279 720 1307 καὶ
743 1281 846 1308 σκαιῶν
872 1279 943 1309 εἶναι

201 1333 211 1350 1
227 1325 396 1359 νενόμισται.
425 1324 573 1360 Μέμνησθε
597 1325 626 1352 δὲ
662 1326 691 1353 ἓν
727 1327 766 1362 τῷ
794 1329 944 1364 προάγοντι

202 1379 212 1396 1
231 1370 321 1406 χρόνῳ
339 1371 402 1402 τοὺς
413 1371 538 1406 Πατέρας
561 1372 642 1408 ἡμῶν
664 1373 834 1409 κεκρικέναι.
850 1375 903 1405 ἵνα.
919 1375 946 1402 εἴ

201 1425 211 1442 ι
227 1424 270 1448 τις
300 1415 392 1449 λαϊκδς
416 1418 445 1444 ἐν
474 1417 551 1444 πόλει
578 1418 681 1453 διάγων
706 1420 781 1454 τρεῖς
808 1420 945 1455 κυριακάς

200 1471 210 1488 1
228 1461 336 1498 ἡμέρας
359 1463 390 1490 ὲν
411 1463 502 1499 τρισὶν
528 1463 658 1499 ἑϐδομάσι
695 1465 734 1501 μὴ
773 1466 943 1502 συνέρχοιτο,

203 1517 212 1533 1
235 1509 391 1536 ὸποκινοῖτο
410 1509 460 1544 τῆς
475 1510 629 1542 κοινωνίας.
654 1511 687 1538 El
699 1511 789 1538 τοίνυν
801 1512 866 1548 περὶ
887 1513 944 1540 τῶν

201 1563 210 1579 1
230 1554 333 1581 λαῖκῶν
342 1554 421 1581 τοῦτο
430 1555 616 1589 τεθέσπιοται,
630 1557 661 1583 οὗ
675 1557 739 1592 χρὴ,
752 1557 812 1585 οὐδὲ
829 1559 941 1593 πρέπει,
955 1565 976 1594 c

202 1607 211 1625 1
233 1599 290 1626 ἀλλ’
309 1600 370 1627 οὐδὲ
387 1601 534 1636 συμφέρει,
562 1602 723 1635 ἐπίσκοπον,
751 1604 775 1630 εί
804 1605 941 1640 μηδεμίαν

200 1654 211 1671 1
231 1645 383 1681 βαρυτέραν
399 1647 522 1682 ἀνάγκην
540 1647 607 1682 ἔχοι,
623 1648 639 1684 ἢ
660 1650 777 1684 πρᾶγμα
796 1650 939 1685 δυσχερὲς,

199 1700 209 1717 1
226 1692 398 1720 ἑπιπλεῐστον
427 1694 624 1722 ἀπολείπεσθαι
640 1696 690 1730 τῆς
714 1696 811 1723 ἑαυτοῦ
841 1697 942 1732 ἐκκλη-

200 1748 210 1765 1
229 1740 300 1773 σίας,
318 1741 375 1767 ’καὶ
396 1741 498 1768 θλίεειν
516 1741 563 1768 τὸν
583 1743 835 1778 ὲμπεπιστευμένον
867 1744 942 1779 αὐτῷ

200 1797 210 1813 1
229 1787 304 1815 λαόν.
335 1788 472 1819 Ἅπαντες
500 1790 524 1816 οἱ
550 1790 694 1816 ἐπίσκοποι
732 1791 860 1826 εἰρήκασι
890 1792 939 1818 καὶ

198 1842 207 1859 1
225 1833 328 1869 ταύτην
355 1833 404 1869 τὴν
429 1834 542 1870 γνώμην
572 1835 678 1870 σφόδρα
699 1833 774 1862 εἶναι
795 1836 939 1871 πρεπωδε-

198 1888 208 1906 1
228 1880 340 1914 στάτην.
360 1889 369 1904 ι

195 1925 293 1952 ΒΔΛΣ.
307 1926 401 1952 Πᾶσαν
415 1925 564 1953 σκανδάλου
582 1927 720 1962 πρόφασιν
733 1926 941 1963 περιαιροῦντες

159 1970 184 1996 οι
205 1970 338 2006 Πατέρες,
352 1971 514 2006 διωρίσαντο
540 1971 577 2006 μὴ
600 1971 774 2006 μεταϐαίνειν
790 1972 940 2000 ὶπίσκοπον

160 2015 216 2042 ἀπδ
230 2015 334 2047 πόλεως
349 2017 389 2047 είς
403 2016 480 2042 πόλιν
493 2016 509 2051 ἢ
532 2017 586 2043 ἀπὸ
601 2016 733 2052 ἐπαρχίας
753 2018 794 2049 εἰς
804 2018 940 2053 ἐπαρχίαν

160 2061 233 2088 κατὰ
249 2061 351 2097 τρόπον
370 2061 528 2094 ἀλαζονείας
541 2062 558 2098 ἢ
579 2062 746 2095 πλεονεξίας.
762 2064 794 2090 El
818 2064 845 2090 δὲ
860 2063 939 2092 τοῦτο

158 2107 189 2134 οὐ
206 2107 319 2143 γένηται
332 2107 376 2135 διὰ
393 2108 522 2143 τοιαύτην
532 2109 633 2140 αἰτίαν,
649 2108 719 2136 ἀλλὰ
743 2109 789 2136 διὰ
804 2110 939 2145 πρόσκαι-

159 2162 207 2189 ρον
221 2154 382 2187 ἀνάπαυσιν,
394 2154 411 2189 ﬂ
428 2154 526 2189 ἑτέραν
540 2154 651 2188 εὔλογον
663 2155 801 2190 ἀφορμὴν,
820 2157 856 2191 μὴ
871 2165 938 2183 κατ-

158 2199 322 2234 επαίρεσθαι
336 2199 427 2232 αὐτὸν,
440 2199 532 2233 λόγιον
545 2199 626 2235 τυχὸν
646 2199 724 2230 ὅντα,
742 2200 790 2227 τοῦ
799 2199 937 2237 ’ἐγχωρίου

994 262 1068 297 prius
1099 263 1246 297 pervadere
1271 264 1461 297 sacerdotales,
1490 265 1517 292 in
1543 273 1650 300 quoque
1679 266 1774 294 ordine

995 309 1099 344 legibus
1115 309 1247 337 sancitum
1265 315 1371 345 tempus
1388 309 1554 347 exple'ntem,
1578 317 1605 340 et
1631 317 1694 340 tuttc
1717 313 1775 348 epi-

992 359 1121 390 scopatus
1133 354 1333 384 ordinationem
1348 357 1483 392 accipere.

1286 506 1403 535 CANON
1429 506 1476 536 XI.

996 560 1006 578 1
1018 552 1131 585 Quando
1146 552 1287 588 episcopus
1300 561 1333 581 ex
1345 554 1397 580 alia
1412 554 1521 581 civitate
1536 555 1563 581 in
1579 554 1659 582 aliam
1676 556 1774 583 civita-

1031 607 1040 624 1
1059 602 1125 632 tem,
1137 598 1179 626 vel
1195 606 1229 626 ex
1244 599 1295 626 alia
1317 599 1454 634 provincia
1471 600 1496 626 in
1512 600 1591 627 aliam
1609 601 1774 635 provinciam

1031 653 1040 670 1
1058 645 1216 677 accesserit,
1236 645 1393 678 iactationis
1410 646 1496 681 gratia
1518 647 1634 682 propriis
1650 647 1776 675 laudibus

1032 701 1041 717 1
1060 692 1193 723 serviens.
1205 692 1246 720 vel
1263 693 1401 727 religionis
1415 693 1643 726 sanctificationi;
1665 698 1692 721 et
1711 694 1776 722 velit

1029 745 1040 762 1
1059 737 1173 774 longiori
1189 743 1310 773 tempore
1326 737 1381 765 illic
1394 745 1475 772 agere
1488 758 1496 771 ,
1514 739 1586 766 illius
1601 745 1692 767 autem
1706 741 1774 768 civi-

1030 791 1039 808 1
1059 783 1121 810 tatis
1137 783 1280 818 episcopus
1297 783 1427 811 doctrinae
1438 791 1490 812 non
1512 785 1592 813 fuerit
1608 787 1725 820 peritus:
1743 795 1777 815 ne

1029 837 1039 854 1
1062 829 1137 856 illum
1166 829 1308 864 despiciat,
1333 834 1361 857 et
1391 830 1558 865 frequentius
1589 833 1774 866 concionetur,

1028 883 1039 900 1
1057 875 1167 903 studens
1184 876 1316 904 dedecore
1338 876 1445 905 alitcere
1462 881 1489 905 et
1500 877 1669 912 vilipendere
1687 886 1777 913 perso-

1031 929 1042 946 1
1058 927 1120 947 nam
1137 921 1275 956 episcopi,
1290 921 1335 957 qui
1351 921 1387 950 lbi
1405 927 1456 950 est.
1473 922 1521 950 Hic
1535 923 1607 950 ettim
1629 929 1776 958 prtetextns

1030 975 1040 992 1
1059 966 1126 994 solet
1149 967 1243 995 turbas
1267 967 1405 1001 excitare,
1427 973 1453 996 et
1475 969 1608 1002 ejusmodi
1630 969 1776 997 calliditate

1029 1022 1039 1038 1
1057 1013 1172 1040 alienam
1202 1014 1293 1041 sedem
1321 1014 1372 1042 sibi
1403 1015 1548 1042 conciliare
1578 1020 1606 1042 et
1641 1015 1777 1043 attrahere

1032 1067 1042 1084 1
1060 1059 1160 1090 studet,
1175 1060 1310 1087 cum'uon
1334 1060 1438 1088 dubitet
1455 1060 1505 1088 sibi
1534 1061 1658 1088 traditam
1686 1061 1778 1089 Eccle-

1032 1113 1041 1130 1
1059 1105 1129 1132 siam
1145 1104 1309 1141 relinquere,
1331 1111 1358 1133 et
1379 1106 1405 1134 in
1426 1107 1505 1134 aliam
1520 1108 1645 1135 transire.
1671 1108 1710 1135 Ad
1727 1109 1777 1136 hoc

1032 1160 1042 1177 1
1057 1158 1123 1186 ergo
1138 1156 1243 1187 tempus
1259 1152 1440 1181 deliniendam
1462 1157 1523 1181 est:
1544 1162 1605 1181 nam
1621 1154 1775 1188 episcopum
1811 1158 1819 1167 '

1032 1206 1043 1224 1
1058 1205 1111 1226 non
1130 1198 1222 1233 recipi,
1239 1198 1415 1226 inhumanum
1427 1204 1454 1227 et
1470 1200 1577 1228 incivile
1594 1201 1775 1228 existimatum

1031 1253 1042 1270 1
1062 1247 1114 1272 est.
1136 1243 1325 1272 Recordemini
1357 1250 1448 1272 autem
1475 1245 1570 1272 Patres
1600 1250 1706 1273 nostros
1744 1245 1771 1272 in

1032 1300 1041 1317 1
1063 1295 1183 1325 tempore
1198 1291 1334 1326 praeterito
1361 1291 1504 1322 statuisse.
1518 1296 1547 1318 ut
1572 1291 1594 1318 si
1610 1291 1672 1326 quis
1690 1291 1776 1318 laicus

1031 1346 1040 1362 1
1059 1337 1085 1364 in
1099 1337 1166 1364 urbe
1180 1344 1262 1372 agens
1277 1337 1363 1365 tribus
1379 1337 1473 1364 diebus
1488 1337 1635 1365 Dominicis
1648 1338 1673 1364 in
1689 1337 1774 1365 tribus

1027 1391 1037 1407 1
1057 1382 1270 1409 hebdomadibus
1291 1389 1344 1411 non
1368 1382 1530 1414 conveniat,
1548 1383 1570 1409 is
1585 1383 1776 1410 communione

1033 1437 1043 1454 1
1062 1431 1210 1455 moveatur.
1231 1427 1314 1464 498
1336 1428 1363 1455 Si
1384 1428 1435 1455 hoc
1455 1435 1519 1462 ergo
1542 1428 1573 1454 de
1588 1428 1665 1455 laicis
1687 1432 1775 1455 statu-

1033 1483 1043 1500 1
1061 1478 1116 1501 lum
1137 1478 1188 1506 est,
1210 1481 1262 1501 non
1278 1477 1392 1509 oportet,
1410 1481 1459 1501 nec
1473 1474 1608 1507 convenit,
1621 1475 1667 1501 sed
1687 1481 1775 1509 neque

1031 1530 1041 1546 1
1059 1526 1100 1548 est
1120 1521 1196 1554 utile,
1219 1521 1386 1556 episcopum.
1406 1521 1428 1548 si
1447 1521 1545 1548 nullam
1564 1521 1646 1549 habet
1667 1522 1775 1556 gravio-

1033 1577 1042 1593 1
1062 1576 1118 1595 rem
1138 1568 1326 1596 necessitatem
1343 1568 1384 1595 vcl
1402 1568 1536 1603 negotium
1552 1568 1699 1601 difficilius,
1717 1569 1776 1595 1οη-

1028 1622 1038 1640 1
1057 1614 1116 1648 gius
1139 1621 1154 1640 ιι
1170 1621 1217 1641 sua
1234 1613 1328 1641 abesse
1342 1613 1475 1647 lecelesia,
1497 1619 1524 1641 et
1534 1614 1584 1641 sibi
1600 1614 1773 1641 commissum

1030 1669 1039 1685 1
1058 1659 1185 1695 populum
1203 1659 1296 1687 dolore
1315 1659 1432 1687 adicere.
1449 1659 1549 1687 Omnes
1567 1659 1683 1694 episcopi
1700 1659 1774 1687 dixe-

1027 1715 1040 1730 -1
1059 1710 1137 1738 runt,
1160 1705 1229 1733 hanc
1243 1713 1352 1742 quoque
1364 1706 1525 1733 sententiam
1540 1713 1600 1734 esse
1611 1706 1775 1734 convenien-

1031 1760 1042 1777 1
1062 1751 1204 1779 tissimam.
1221 1759 1232 1778 ι

1026 1927 1122 1956 BALS.
1141 1926 1254 1955 Omnem
1276 1926 1395 1955 scandali
1416 1927 1587 1955 occasionem
1618 1926 1773 1954 auferente:

991 1974 1079 2001 sancti
1096 1973 1203 2005 Patres,
1220 1977 1375 2000 statuerunt
1389 1992 1397 2005 ,
1420 1980 1454 2000 ne
1476 1972 1618 2007 episcopus
1631 1979 1645 1998 a
1663 1972 1774 1999 civitate

992 2019 1018 2047 in
1030 2019 1179 2052 civitatem,
1193 2019 1236 2046 vel
1247 2026 1261 2045 ιι
1279 2018 1415 2053 previncia
1432 2018 1457 2045 in
1473 2018 1652 2053 provinciam,
1670 2025 1718 2052 per
1730 2025 1774 2044 ar-

991 2065 1141 2099 rogantiam
1171 2064 1213 2091 vel
1239 2063 1380 2091 avaritiam
1395 2068 1522 2091 transeat.
1547 2063 1576 2090 Si
1604 2067 1695 2090 autem
1718 2070 1773 2090 non

990 2109 1039 2137 {tat
1053 2114 1162 2144 propter
1175 2116 1234 2136 eam
1250 2115 1375 2140 causam,
1399 2108 1446 2135 sed
1463 2111 1571 2142 propter
1592 2107 1694 2142 aliquot
1714 2106 1772 2134 die-

989 2163 1050 2182 rum
1065 2155 1194 2191 quietem,
1209 2155 1251 2183 vel
1264 2154 1380 2190 aliquam
1393 2154 1471 2182 aliam
1484 2154 1583 2190 justam
1598 2160 1705 2180 causam
1717 2161 1725 2185 ;
1738 2159 1772 2180 ne

990 2201 1057 2236 ipse,
1081 2208 1141 2229 cum
1169 2201 1204 2228 sit
1233 2201 1339 2233 doctus,
1354 2200 1467 2228 insultet
1502 2199 1620 2234 regionis
1644 2199 1775 2234 episcopo

158 2246 324 2276 ἐπισκόπου,
339 2245 461 2280 ἀμαθοῦς
478 2246 543 2278 ἴσως
558 2246 747 2281 τυγχάνοντος·
770 2247 838 2282 μηδὲ
855 2248 940 2276 αὐτὸν

1011 2246 1035 2273 ui
1056 2246 1125 2274 forte
1143 2251 1185 2274 est
1200 2246 1324 2273 indoctus
1336 2266 1344 2278 ,
1367 2253 1416 2273 nec
1431 2246 1488 2280 ipse
1511 2245 1616 2273 laudem
1636 2245 1772 2272 desideret

158 2290 210 2326 μὲν
235 2290 364 2325 ἐφίεσθαι
382 2291 528 2327 ἐγκωμίων
552 2292 597 2319 διὰ
613 2292 788 2327 δογματικῶν
811 2292 939 2321 διδασκα-

156 2337 222 2364 λιῶν
253 2337 342 2372 (τοῦτο
370 2338 426 2372 γάρ
445 2338 520 2365 ἐστιν
541 2339 559 2372 ἠ
582 2338 724 2373 θρησκεία,
757 2339 895 2366 τουτέστιν
919 2341 936 2376 ἡ

157 2382 270 2417 λατρεία
285 2383 333 2410 καὶ
347 2383 364 2418 ἡ
385 2382 501 2418 πίστις),
520 2382 567 2409 τοῦ
589 2383 617 2410 δὲ
632 2383 765 2418 ἐγχωρίου
785 2383 936 2411 ἐπισκόπου

157 2429 350 2463 καταφρονεῖν,
367 2427 404 2460 ὡς
419 2428 567 2464 ἐμπειρίαν
580 2428 751 2464 δογματικῆς
761 2429 938 2462 διδασκαλίας

159 2473 198 2509 μὴ
216 2473 334 2508 ἔχοντος,
352 2472 420 2500 ἀλλά
431 2473 579 2508 ἡσυχάζειν
594 2473 642 2500 καὶ
656 2473 729 2508 ἔχειν
743 2473 793 2509 τὴν
806 2473 939 2507 ἀνάλογον

155 2519 238 2554 τιμὴν
253 2519 323 2554 πρὸς
341 2519 386 2545 τὸν
402 2517 534 2554 ἐγχώριον
548 2519 709 2546 ἐπίσκοπον.
728 2519 765 2546 Τδ
786 2520 841 2555 γὰρ
858 2518 935 2554 παρὰ

155 2564 243 2593 ταῦτα
258 2565 412 2600 γινόμενον,
439 2567 531 2599 φασὶν,
555 2566 700 2600 παραίτιόν
729 2566 787 2592 ἐστι
813 2565 937 2600 ταραχῆς

157 2611 258 2646 πολλῆς
282 2611 330 2638 καὶ⁵
352 2612 456 2647 ὑποψία
482 2612 530 2639 τοῦ
554 2612 716 2645 σπουδάζειν
745 2613 791 2639 τὸν
817 2610 937 2638 τοιοῦτον

156 2657 318 2684 καταλιπεῖν
329 2657 378 2691 τὴν
396 2657 534 2692 λαχοῦσαν
551 2657 642 2690 αὐτὸν,
657 2657 704 2683 καὶ
724 2655 936 2692 σφετερίσασθαι

156 2703 206 2738 τὴν
221 2703 308 2738 ἑτέρῳ
327 2704 482 2739 ἀνήκουσαν
496 2703 655 2737 ἐκκλησίαν.
671 2704 721 2730 Διά
734 2712 775 2729 τοι
790 2702 879 2735 τοῦτο,
898 2701 935 2737 μὴ

156 2748 271 2774 ἀνεκτὸν
290 2748 458 2783 ἡγησάμενοι
472 2748 519 2774 ἐπὶ
533 2748 617 2775 πολὺν
630 2748 726 2783 χρόνον
746 2748 850 2781 διάγειν
874 2747 936 2773 ἐπί-

157 2801 257 2819 σκοπον
281 2793 324 2824 είς
349 2793 493 2829 ἀλλοτρίαν
510 2794 627 2827 ενορεαν,
642 2794 784 2829 ἐπήγαγον
807 2794 854 2825 ὼς,
874 2793 935 2819 ἐπεὶ

146 2838 187 2865 πτδ
201 2837 239 2874 μὴ
251 2838 432 2874 ὑποδέχεσθαι
444 2841 507 2872 τοὺς
528 2839 676 2874 ἐγχωρίους
701 2840 866 2871 ἐπισκόπους
885 2840 935 2875 ἀρ⁴

158 2884 259 2920 χιερεϊς
270 2884 373 2920 ἑτέρων
385 2885 496 2920 ἱνοριῶν
508 2885 689 2920 ἀφιλάδελφόν
710 2886 767 2912 ἐστι
781 2886 828 2912 καὶ
846 2886 934 2913 ἀπάν-

990 2298 1039 2326 per
1060 2290 1226 2325 dogmaticas
1246 2291 1380 2318 doctrinas
1397 2290 1434 2324 (id
1458 2290 1530 2318 enim
1554 2293 1596 2317 est
1616 2289 1721 2323 religio,
1742 2288 1770 2316 id

988 2339 1042 2366 est,
1057 2335 1144 2362 cultus
1155 2340 1182 2362 et
1195 2335 1282 2369 ﬁdes),
1297 2334 1416 2369 regionis
1427 2330 1515 2361 autem
1533 2334 1687 2368 episcopum
1703 2340 1771 2361 con-

990 2384 1102 2412 temnat,
1114 2385 1145 2408 ut
1169 2380 1215 2415 qui
1243 2380 1401 2415 dogmaticte
1420 2380 1550 2407 doctrinae
1573 2379 1769 2414 experientiam

989 2433 1042 2454 non
1054 2426 1174 2454 habeat:
1197 2427 1243 2454 sed
1271 2426 1414 2461 quiescat,
1445 2431 1472 2453 et
1498 2426 1618 2461 regionis
1642 2426 1770 2459 episcopo

988 2473 1191 2501 convenientem
1215 2473 1344 2500 honorem
1376 2471 1483 2500 habeat.
1510 2471 1587 2505 Quod
1617 2471 1700 2501 enim.
1729 2470 1770 2496 in-

988 2520 1096 2555 quiunt,
1122 2523 1219 2553 praeter
1237 2519 1289 2545 hoc
1313 2518 1357 2550 lit,
1385 2518 1476 2546 multae
1496 2522 1537 2545 est
1556 2515 1768 2552 perturbationis

988 2573 1080 2596 causa.
1103 2570 1130 2592 et
1157 2564 1285 2599 suspicio,
1302 2564 1373 2599 quod
1387 2564 1410 2591 is
1425 2562 1530 2591 studeat
1552 2561 1707 2596 relinquere
1721 2569 1768 2588 ec-

988 2611 1097 2639 clesiam
1112 2618 1172 2646 quae
1185 2611 1259 2638 illum
1272 2610 1366 2637 sortita
1383 2613 1434 2640 est,
1450 2612 1477 2635 et
1493 2615 1564 2638 eam,
1581 2614 1639 2644 qua:
1652 2607 1685 2634 ad
1699 2607 1768 2633 alte.-

987 2664 1047 2683 rum
1069 2656 1195 2690 pertinet,
1215 2655 1266 2683 sibi
1285 2654 1432 2681 vindicare.
1451 2653 1484 2679 Et
1500 2657 1640 2686 propterea
1658 2660 1710 2678 non
1729 2657 1768 2678 to-

987 2701 1127 2729 lerandum
1149 2708 1209 2729 esse
1229 2700 1278 2727 rati
1292 2719 1301 2730 ,
1324 2703 1355 2726 ut
1377 2698 1519 2732 episcopus
1540 2697 1619 2731 longo
1647 2702 1767 2731 tempore

986 2751 1110 2776 versetur
1138 2747 1165 2774 in
1190 2746 1277 2772 aliena
1305 2744 1437 2777 dioecesi,
1459 2744 1672 2777 subiunxerunt,
1694 2742 1764 2776 quod

986 2793 1048 2827 quia
1076 2797 1148 2820 esset
1175 2791 1348 2818 inhumanum
1378 2794 1405 2817 et
1431 2798 1445 2816 a
1471 2788 1591 2816 fraterna
1623 2789 1766 2816 dilectione

985 2839 1114 2870 alienum,
1126 2837 1149 2864 si
1164 2835 1281 2870 regionis
1297 2835 1414 2870 episcopi
1430 2835 1542 2863 aliarum
1554 2834 1707 2863 dimceseon
1718 2843 1766 2862 an-

987 2884 1085 2912 tistitcs
1096 2890 1147 2911 non
1164 2882 1334 2910 admitterent
1349 2891 1356 2910 :
1373 2889 1475 2910 canone
1485 2885 1574 2910 autem
1585 2886 1694 2911 cautum
1711 2887 1763 2915 est,
