1938 3085
204 87 270 124 H71

200 151 362 184 quentiusin
380 151 489 180 civitate
513 153 626 185 versari,
643 155 669 181 tn
691 162 744 189 qua
764 160 806 182 est
824 157 978 190 episcopus.
995 159 1017 188 Α

202 194 230 221 Si
258 197 341 229 enim,
360 196 494 231 inquiunt,
510 197 561 225 huc
590 198 627 225 ita
659 199 716 230 ﬁat.
732 207 782 227 nec
811 199 868 233 ipse
892 201 918 228 in
937 201 985 228 da-

199 248 292 269 mnum
310 242 493 275 pecuniarium
523 243 633 275 incidet,
655 251 687 272 eo
706 246 776 279 quod
799 246 825 272 io
841 246 900 280 ejus
916 255 984 281 prae-

200 287 285 313 sentia
303 287 405 314 fructus
418 287 601 322 colligantur:
617 297 667 317 nec
683 290 800 325 regionis
817 290 898 327 500
922 292 981 326 epi-

200 338 297 366 scopus
311 339 372 359 eum
386 334 547 367 arrogantiae
561 334 739 363 insimulabit.
769 336 831 364 Herc
858 345 919 365 cum
943 337 979 365 ita

198 383 228 404 se
241 377 366 411 habeant,
380 386 414 406 ne
434 379 536 406 dixeris
551 387 612 408 esse
627 382 810 409 necessarium
845 383 977 418 episcopo

198 422 245 457 qui
270 429 393 450 versatur
421 425 448 452 in
478 427 694 459 possessionibus
725 436 784 462 quae
815 434 878 456 sunt
905 434 982 458 extra

196 475 276 495 suam
287 469 443 502 ecclesiam,
462 471 517 499 illic
528 472 618 501 tribus
643 473 790 502 Dominicis
820 475 926 508 sedere,
956 481 983 503 et

197 522 250 542 non
266 515 396 543 accedere
414 516 441 543 in
459 518 551 545 urbem
577 519 604 546 ln
632 527 685 554 qua
717 524 758 548 est
783 521 842 556 ejus
860 522 980 557 regionis

196 561 355 596 episcopus;
379 562 426 589 sed
454 564 595 591 consilimn
627 570 727 593 tantum
740 567 808 598 dari,
835 573 863 594 ul
881 568 981 596 vitetur

196 606 365 633 scandalum.
379 606 408 634 Si
423 610 494 646 enirn
505 609 572 636 velit
588 614 680 644 postea
700 610 727 637 in
753 611 889 639 civitatem
920 620 982 646 pro-

196 650 291 684 ﬁcisci.
306 656 406 685 etcum
434 653 505 682 illius
522 655 641 688 regionis
665 655 792 691 episcopo
808 657 981 686 familiariter

195 697 325 732 colloqui.
346 702 374 725 et
389 698 416 725 in
433 706 497 726 suas
509 699 707 728 ecclesiasticas
737 702 922 736 possessiones
938 711 981 732 re-

196 741 266 773 dire,
282 750 335 770 non
358 743 502 771 vetabitur.
524 744 570 775 Est
585 745 658 772 enim
685 754 782 781 scapus
799 749 925 782 canonis,
946 756 980 776 ne

199 787 272 814 illius
289 788 410 823 regionis
425 789 569 824 episcopus
584 791 707 818 turbetur
721 792 755 819 ab
781 793 918 827 episcopo,
933 794 979 828 qui

195 832 266 859 ultra
281 841 335 860 sua:
348 835 472 862 diceeesis
491 837 557 863 ﬁnes
573 838 688 869 accedit,
703 839 776 865 etab
789 839 846 873 ipso
863 840 979 868 fortasse
996 826 1015 854 Β

195 878 296 919 injuria
311 878 452 907 amci‘atur.
474 880 545 916 Lege
560 886 586 909 et
599 890 658 916 quae
684 883 710 910 in
728 891 832 911 canone
862 885 895 912 16
925 886 980 919 pri~

195 931 246 950 mae
260 918 427 952 etsecunda:
443 927 537 961 synodi
563 935 578 954 a
613 927 690 956 nobis
723 930 825 964 scripta
855 918 931 958 sunt;
944 931 978 959 Et

195 973 256 995 nota
268 970 338 1004 quod
357 971 382 997 in
399 971 583 999 immobilibus
614 973 762 1001 alienarum
801 977 977 1005 ecclesiarum

194 1015 412 1048 possessionibus
428 1016 501 1043 illius
516 1018 633 1052 regionis
663 1019 808 1055 episcopus
833 1022 978 1056 episcopa-

193 1059 229 1086 lia
253 1060 314 1094 jura
347 1066 465 1089 exercet.
500 1062 536 1090 Ex
561 1064 638 1098 longa
663 1070 751 1093 autem
783 1069 978 1096 consuetudine

193 1114 263 1141 saepe
274 1108 439 1142 synodaliter
451 1110 621 1143 conﬁrmata,
639 1111 753 1140 thronus
781 1112 977 1142 Constantino-

194 1152 329 1186 politanus
342 1154 367 1180 in
385 1154 506 1180 omnium
533 1154 709 1183 ecclesiarum
744 1158 900 1192 regionibus
929 1160 975 1186 dat

191 1197 236 1232 jus
247 1198 343 1232 ligeudl
366 1206 486 1231 crucem.
501 1205 528 1227 et
541 1192 593 1227 non
621 1202 708 1229 solum
731 1202 756 1229 in
772 1203 804 1230 iis
818 1204 975 1233 relationem

194 1243 286 1274 habet.
302 1245 348 1271 sed
362 1250 390 1272 et
409 1245 435 1273 in
453 1247 670 1280 possessionibus
686 1256 753 1282 quas
769 1249 848 1277 habet
861 1251 975 1279 ubicun-

192 1297 255 1324 que.
270 1289 383 1323 Quidam
400 1296 487 1318 autem
512 1292 614 1325 dicunt,
643 1294 712 1321 hanc
735 1300 858 1322 sanctam
884 1296 974 1324 sedem

193 1335 244 1362 hoc
259 1335 304 1369 jus
320 1336 431 1369 habere,
449 1345 502 1364 non
517 1338 604 1366 solum
621 1338 648 1365 in
663 1340 892 1374 possessionibus,
907 1349 974 1376 quas

191 1381 303 1409 dominii
326 1381 388 1416 jure
404 1382 517 1416 obtinet,
544 1384 590 1411 sed
617 1384 700 1411 etiam
729 1385 756 1412 in
790 1385 974 1415 immobilibus

193 1427 429 1462 monasteriorum,
442 1437 502 1464 quae
528 1430 552 1457 ei
581 1430 700 1464 subjecta
722 1436 797 1463 sunt.
821 1433 974 1468 ubicunque

191 1480 223 1500 ea
241 1474 291 1500 sila
308 1474 372 1502 sint.
392 1474 475 1502 Recte
493 1481 581 1503 autem
594 1479 748 1510 accepimus
764 1478 899 1514 liturgiam
917 1480 973 1507 sive

191 1525 330 1546 sacrorum
347 1520 556 1548 celebrationem
570 1529 619 1553 pro
635 1525 768 1550 oratione.
790 1524 873 1551 Sacra
897 1523 971 1552 enim

192 1565 341 1598 celebrare,
358 1574 404 1593 seu
429 1568 596 1602 sacriﬁcare,
615 1569 673 1597 sine
703 1569 822 1604 episcopi
856 1570 972 1605 regionis

192 1610 379 1644 permissione,
392 1618 446 1638 non
460 1617 558 1646 potest.

986 1494 1010 1526 C

229 1787 353 1815 ZONAR.
375 1788 498 1824 Episcopi
514 1790 634 1824 quidam.
656 1792 744 1828 inquit
758 1800 856 1827 canon,
874 1794 899 1821 in
913 1796 973 1831 ejus

192 1835 279 1866 urbis,
297 1835 339 1861 cui
355 1841 482 1868 praesunt,
500 1837 656 1870 regionibus
680 1839 806 1873 proprias
833 1839 972 1875 (ecclesia-

193 1889 251 1907 rum
267 1881 402 1913 videlicet,
419 1890 470 1908 non
484 1888 574 1909 autem
593 1891 661 1918 quas
678 1884 704 1911 in
723 1886 836 1920 privatis
851 1887 972 1922 ipsorum

192 1926 368 1962 facultatibus
394 1929 556 1963 munerem),
575 1930 720 1958 admodum
747 1933 872 1967 exiguas;
891 1931 971 1961 iidem

192 1973 219 2000 in
240 1974 299 2001 aliis
327 1975 479 2009 regionibus
498 1977 605 2010 amplas
624 1985 691 2005 sane
720 1979 904 2013 possessiones
925 1981 972 2008 ha-

193 2020 266 2053 bent,
288 2028 319 2047 ex
335 2028 451 2055 quarunt
465 2020 596 2049 fructibus
608 2031 754 2058 paupernm
768 2024 888 2060 inopiam
906 2027 972 2053 sub-

191 2065 293 2097 levare,
315 2067 468 2094 necessaria
495 2068 611 2102 ipsorum
639 2069 735 2097 usibus
755 2073 970 2106 suppeditantes,

190 2118 301 2147 queant.
318 2113 391 2145 Quos
405 2114 516 2148 proinde
531 2114 647 2147 fructus,
677 2121 706 2144 ut
720 2117 861 2152 colligant,
880 2118 906 2145 in
924 2127 971 2146 eas

190 2159 314 2193 regiones
327 2160 472 2191 aliquando
497 2161 563 2195 ipsis
588 2162 747 2190 necessario
764 2165 800 2190 sit
816 2172 971 2192 commean-
986 2162 1008 2190 ι)

189 2205 263 2231 dum.
282 2205 413 2240 Episcopo
425 2206 516 2241 igitur,
529 2207 625 2242 inquit,
641 2210 668 2235 in
680 2216 743 2236 suos
757 2217 835 2245 agros
849 2211 970 2244 profecto

146 2250 152 2256 '
190 2250 288 2285 degere
310 2250 336 2277 in
351 2251 437 2278 aliena
454 2252 558 2280 ditione
571 2254 607 2280 ita
621 2254 717 2288 liceat,
733 2260 762 2282 ut
787 2263 821 2283 ne
842 2257 875 2283 ad
890 2258 971 2285 urba-
992 2278 995 2281 ν

189 2304 254 2324 nmo
282 2297 436 2331 episcopum
462 2298 542 2325 trium
567 2299 798 2328 hebdomadarum
825 2301 967 2330 intervallo

189 2350 219 2370 se
232 2341 371 2375 conferat;
390 2343 436 2370 sed
458 2343 484 2370 in
508 2345 565 2372 suis
590 2353 650 2373 sese
671 2347 887 2381 possessionibus
905 2356 970 2376 con-

190 2390 284 2422 tineat,
299 2397 332 2416 ac
345 2389 370 2416 in
384 2390 560 2424 propinquam
579 2393 619 2420 eis
647 2392 789 2421 ecclesiam
814 2396 968 2428 conveniat,

188 2435 215 2462 in
232 2443 310 2469 quam
324 2436 436 2470 populus
450 2444 463 2462 υ
481 2438 640 2472 presbytero
655 2440 801 2466 convocari
819 2441 900 2472 solet,
916 2441 968 2468 ibi-

188 2489 240 2516 que
255 2482 367 2516 liturgitc
381 2487 468 2511 vacet.
481 2483 608 2518 Liturgiae
623 2492 703 2519 porro
716 2486 824 2513 nomine
837 2487 888 2514 hoc
897 2487 966 2521 loco,
987 2489 990 2493 '

187 2535 241 2555 non
255 2535 395 2555 sacrorum
419 2529 642 2563 celebrationem,
670 2531 859 2568 incruentique
883 2534 969 2561 sacri-

187 2575 241 2602 ﬁcii
256 2575 438 2606 oblationem,
465 2576 512 2604 sed
539 2581 626 2604 statas
660 2585 764 2612 preces,
792 2586 824 2607 ac
840 2580 966 2615 hymnos,

187 2621 234 2655 qui
250 2621 363 2649 solemni
384 2630 458 2649 more
471 2623 523 2650 Deo
539 2623 731 2654 concinuntur.
747 2625 859 2659 intelligi
887 2633 968 2660 opor.

186 2671 236 2695 tet.
250 2667 317 2694 Nam
334 2675 410 2696 saera
423 2668 522 2699 facere,
553 2670 686 2706 autaliud
715 2670 853 2705 quidpiam
868 2671 966 2699 summi

187 2714 330 2740 sacerdotii
354 2722 452 2741 munus
465 2716 489 2741 in
501 2715 586 2742 aliena
614 2717 722 2750 regione
749 2717 835 2747 obire,
862 2717 965 2751 absque

188 2758 256 2791 ejus.
269 2759 314 2793 qui
327 2765 433 2794 ιιι-ωηεν..
445 2760 562 2795 episcopi
579 2760 716 2793 facultate,
734 2762 778 2796 qui
793 2762 897 2796 possit?
914 2763 966 2790 Dc-

191 2804 323 2836 positione
347 2805 458 2838 ctenim,
487 2807 532 2841 qui
560 2807 584 2834 id
611 2808 717 2841 iecerit,
746 2809 875 2837 tricesimi
900 2810 966 2837 sexti

830 100 969 132 'I‘HEOD.
993 102 1196 140 BALSAMON

1757 121 1842 154 1472

1030 162 1174 212 Rep-taxi;
1191 166 1228 201 μὴ
1241 168 1427 203 παραϐάλλειν
1448 172 1611 207 συχνότερον
1626 174 1655 200 ἐν
1674 177 1708 212 τῇ
1740 177 1837 205 πόλει

1035 209 1064 236 ἐν
1109 212 1123 238 ό
1137 212 1207 239 κατὰ
1232 213 1316 241 τόπον
1334 215 1409 257 hasty
1433 217 1583 251 ἐπίσκοπος
1594 227 1602 234 ·
1628 207 1727 249 τούτου
1754 224 1835 260 γὰρ,

1035 256 1128 290 φασὶν,
1143 257 1213 284 οὕτω
1227 260 1380 294 γινομένου.
1397 262 1458 289 οὔτε
1473 264 1555 296 αὖτις
1569 266 1694 304 ὑποπέσῃ
1707 256 1837 304 χρήμαέ

1033 305 1097 340 τικῇ
1109 303 1206 341 ζημίᾳ,
1219 306 1264 334 διὰ
1276 307 1307 334 τὸ
1326 309 1396 336 κατὰ
1416 311 1567 345 παρουσίαν
1590 303 1834 349 αὑτοῦγγενέσθαι

1034 349 1085 385 τὴν
1098 353 1266 388 συγκομιδὴν
1277 354 1332 381 τῶν
1343 356 1469 390 καρπῶν,
1485 358 1547 385 οὔτε
1573 360 1588 386 ὁ
1603 360 1738 396 ἐγχώριος
1758 363 1834 390 ἐστίν

1035 405 1136 430 σκοπος
1148 398 1309 431 ἀλαζονείαν
1330 402 1418 438 τούτῳ
1431 400 1630 440 ἐπιγράφηται.
1649 407 1763 435 Τούτων
1777 409 1834 436 οὕ-

1032 451 1087 474 τως
1105 444 1230 478 ἐχόντων,
1249 446 1286 482 μὴ
1300 447 1381 483 εῐπῃς
1395 449 1595 483 ἀναγκαστικδν
1612 451 1683 480 εἶναι
1695 454 1737 489 τῷ
1756 455 1829 482 ἐπι-

1032 487 1186 524 δημήσαντι
1198 492 1339 527 ἑπισκόπῳ
1351 494 1392 526 εἰς
1419 495 1454 522 τὰ
1472 498 1539 530 παρ’
1558 498 1665 534 ἐνορίαν
1688 487 1832 536 κτήματα

1032 536 1082 570 τῆς
1099 537 1248 571 ἐκκλησίας
1271 539 1355 566 αὑτοῦ
1378 541 1425 567 ἐπὶ
1444 543 1520 577 τρισὶ
1550 545 1703 581 Κυριακαῖς
1724 548 1830 575 ἐκεῖσε

1032 582 1183 616 καθῆσθαι,
1199 585 1247 611 καὶ
1263 586 1301 621 μὴ
1324 588 1512 622 παραϐάλλειν
1537 591 1566 616 ἐν
1580 593 1613 626 τῇ
1640 593 1717 620 πόλει
1729 591 1791 630 ἐνῇ
1810 595 1828 621 ὁ

1032 627 1166 663 ἐγχώριός
1179 630 1253 658 ἐστιν
1268 631 1422 668 ἀρχιερεὺς,
1439 634 1509 662 ἀλλὰ
1523 637 1758 671 συμϐουλευτικὸν
1773 627 1827 668 διὰ

1031 674 1062 701 τὸ
1079 674 1301 705 ἀσκανδάλιστον.
1317 678 1349 705 El
1365 679 1419 715 γὰρ
1432 679 1504 708 θέλει
1518 682 1687 711 ἀπεντεῦθεν
1703 686 1746 718 εἰς
1765 686 1827 722 τὴν

1031 720 1110 748 πόλιν
1121 721 1250 749 ἀπελθεῖν
1263 725 1311 751 καὶ
1321 725 1500 760 συνομιλῆσαι
1513 729 1659 762 εἰρηνικῶς
1672 730 1710 765 τῷ
1726 720 1826 767 ἐγχω-

1033 766 1083 801 ρίῳ
1097 766 1232 803 ἀρχιερεῖ,
1249 770 1296 796 καὶ
1308 770 1487 806 ὑποχωρῆσαι
1496 773 1537 806 εἰς
1548 775 1582 802 τὰ
1596 766 1826 811 ἐκκλησιαστικᾱ

1030 813 1113 840 αὑτοῦ
1130 814 1269 849 κτήματα,
1285 817 1316 844 οὗ
1329 818 1527 853 κωλυθήσεται.
1547 822 1576 848 ’0
1587 822 1641 861 γᾴρ
1655 825 1759 856 σκοπὸς
1767 827 1823 853 τοῦ

1030 860 1142 891 κανόνος
1154 861 1231 888 οὐδέν
1246 871 1273 889 τι
1287 863 1381 900 ἔτερόν
1398 866 1472 892 ἐστιν
1483 867 1541 894 ἀλλ’
1557 869 1572 904 ἢ
1586 860 1662 905 τὸνμὴ
1675 872 1822 906 ὀχλεῖσθαι

1030 904 1076 931 τὸν
1091 906 1223 941 ἐγχώριον
1233 909 1384 937 ἐπίσκοπον
1398 912 1450 939 ὑπὸ
1460 914 1506 940 τοῦ
1520 916 1584 950 παρ’
1600 904 1708 952 ἐνορίαν
1722 920 1820 946 ἐκεῖσε

1029 949 1232 986 ἀφικνουμένου
1246 954 1412 989 ἐπισκόπου,
1431 959 1478 984 καὶ
1496 949 1565 995 παρέ
1577 949 1661 989 αὐτου
1677 965 1743 996 ἴσως
1767 975 1821 992 πε-

1032 995 1232 1030 ριυσρίζεσθαι.
1242 999 1410 1034 ’Λνᾱιγνωσον
1425 1005 1473 1029 καὶ
1485 1005 1520 1031 τὰ
1528 1006 1557 1031 ἐν
1568 1005 1606 1038 ις’
1618 1009 1709 1034 κανόνι
1724 995 1774 1044 τῆς
1789 1014 1818 1038 α’

1029 1043 1077 1068 καὶ
1089 1042 1110 1077 β’
1127 1044 1237 1071 συνόδου
1250 1047 1389 1081 γραφέντα
1406 1049 1472 1084 παρ’
1487 1051 1576 1091 ἡμῶν.
1588 1053 1641 1079 Καὶ
1657 1042 1818 1089 σημείωσαι

1028 1088 1069 1115 δτι
1087 1090 1127 1122 εἰς
1147 1091 1195 1122 τὰς
1207 1092 1352 1127 ἀκινήτους
1364 1095 1473 1130 κτήσεις
1486 1088 1697 1134 τῶνόλλοτρίων
1711 1102 1818 1136 ἐκκλη-

1028 1135 1094 1161 σιῶν
1105 1136 1119 1162 ὁ
1132 1136 1263 1172 ἐγχώριος
1279 1139 1428 1172 ἐπίσκοπος
1451 1142 1558 1178 ἐνεργεῖ
1581 1144 1615 1172 τὰ
1629 1135 1814 1182 ἀρχιερατικᾷ

1026 1181 1128 1211 δίκαια,
1138 1183 1204 1210 Ἀπὸ
1221 1186 1331 1221 μακρᾶς
1344 1187 1372 1214 δὲ
1385 1189 1528 1224 συνηθείας
1538 1181 1732 1228 βεϐαιωυείσής
1746 1195 1815 1222 πολ-

1026 1228 1106 1260 λάκις
1120 1230 1267 1263 συνοδικῶς
1285 1233 1298 1259 ὁ
1313 1233 1407 1268 θρόνος
1435 1237 1484 1272 τῆς
1501 1237 1814 1273 Κωνσταντινουπόλεως

1027 1278 1216 1313 σταυροπήγιά
1226 1289 1256 1307 τε
1267 1280 1374 1308 δίδωσιν
1389 1283 1428 1314 εἰς
1437 1283 1527 1317 πάσας
1536 1286 1585 1318 τὰς
1596 1287 1650 1313 τῶν
1658 1288 1813 1323 ἐκκλησιῶν

1027 1323 1150 1359 ἐνορίας,
1167 1327 1214 1353 καὶ
1231 1327 1371 1364 ἀναφορὰν
1388 1329 1445 1365 ἔχει
1469 1332 1499 1358 οὑ
1534 1333 1617 1367 μόνον
1632 1335 1661 1361 ἐν
1690 1336 1811 1369 τούτοις,

1027 1368 1098 1397 ἀλλὰ
1112 1371 1161 1397 καὶ
1174 1371 1218 1406 ἐφ’
1240 1370 1286 1405 αἷς
1302 1374 1360 1409 ἔχει
1380 1376 1520 1412 ἀκινήτοις
1544 1381 1675 1415 κτήσεσιν
1694 1368 1813 1417 ὁπουδή-

1026 1424 1103 1446 ποτε.
1118 1419 1198 1450 Τινὲς
1214 1419 1243 1446 δέ
1258 1419 1367 1455 λέγουσι
1395 1424 1426 1450 τὸ
1453 1425 1519 1452 αὐτὸ
1539 1425 1646 1453 δίκαιον
1665 1428 1740 1463 ἔχειν
1764 1430 1812 1456 τὸν

1026 1462 1109 1490 αὐτὸν
1125 1463 1204 1498 ἅγιον
1220 1466 1327 1501 θρόνον,
1337 1468 1367 1494 οὐ
1384 1469 1466 1503 μόνον
1492 1471 1533 1502 είς
1555 1472 1605 1503 τὰς
1624 1462 1811 1509 διαφερούσας

1026 1509 1114 1545 τούτῳ
1129 1513 1300 1548 κυριαρχικῷ
1314 1513 1412 1550 δικαίῳ
1425 1516 1547 1551 κτήσεις,
1561 1518 1628 1546 ἀλλά
1646 1523 1693 1547 καὶ
1717 1522 1759 1553 εἰς
1775 1523 1810 1548 τὰ

1024 1555 1141 1592 ἀκίνητα
1152 1558 1208 1584 τῶν
1220 1559 1407 1594 ὑποκειμένων
1419 1561 1506 1598 τούτῳ
1520 1565 1712 1599 μοναστηρίων
1725 1567 1809 1594 ὁπου-

1023 1601 1122 1636 δήποτε
1137 1603 1309 1639 διακείμενα.
1322 1607 1420 1639 Καλῶς
1437 1607 1465 1634 δὲ
1479 1609 1666 1644 ὲξελαὸόμεθα
1683 1613 1734 1648 τὴν
1753 1614 1808 1640 λει-

1023 1648 1155 1684 τουργίαν
1175 1650 1236 1677 ἀντὶ
1252 1651 1346 1686 εὐχῆς.
1362 1654 1537 1689 Λειτουργετν
1549 1657 1603 1691 γὰρ
1619 1658 1679 1694 ἦτοι
1695 1660 1805 1695 ἱερουρ-

1023 1695 1082 1729 γετν
1098 1697 1182 1732 χωρὶς
1211 1698 1365 1735 ἐπιτροπῆς
1387 1701 1434 1728 τοῦ
1449 1703 1520 1730 κατὰ
1532 1704 1627 1739 χώραν
1653 1703 1807 1736 ἐπισκόπου

1028 1741 1160 1771 ἀδύνατόν
1171 1746 1257 1773 ἐστιν,

1058 1790 1180 1818 ΖΩΝΑΡ.
1194 1793 1255 1819 Τῶν
1265 1794 1422 1822 ἐπισκόπων
1437 1796 1520 1828 τινές,
1538 1799 1621 1832 φησὶν
1636 1799 1650 1825 ό
1662 1799 1764 1831 κανὼν,
1779 1801 1808 1827 ἐν

1022 1835 1083 1866 ταῖς
1093 1835 1197 1871 χώραις
1208 1838 1264 1865 τῶν
1286 1839 1391 1867 πόλεων
1403 1843 1432 1868 iv
1446 1840 1491 1874 αῖς
1505 1843 1714 1878 ἐπισκοποῦσιν,
1727 1846 1808 1881 ὀλίγα

1022 1885 1170 1921 κέκτηνται
1186 1888 1241 1916 ἴδια
1255 1889 1308 1932 τῶν
1324 1891 1479 1926 ἐκκλησιῶν
1489 1894 1591 1927 αὐτῶν,
1607 1896 1665 1923 ἀλλ’
1677 1898 1738 1932 οὐχὶ
1752 1899 1807 1925 ἴδια

1022 1931 1072 1966 τῆς
1081 1932 1184 1965 οικείας
1201 1922 1361 1979 περιουσίας
1371 1945 1378 1952 '
1391 1922 1421 1964 ἐν
1436 1939 1463 1966 δὲ
1477 1922 1703 1976 ἐτέραιςῐκγώραις
1711 1922 1806 1979 ’έχουσι

1022 1977 1133 2011 κτήσεις
1149 1978 1282 2012 μεγάλας,
1300 1980 1329 2014 ἐξ
1348 1978 1386 2008 ὧν
1401 1983 1529 2012 δύνανται
1545 1986 1654 2021 βοηθεῖν
1679 1977 1804 2021 τοῖςήπέ-

1021 2030 1096 2057 νησι,
1111 2023 1229 2056 διδόντες
1242 2027 1336 2059 αὐτοῖς
1347 2028 1382 2055 τὰ
1397 2030 1466 2064 πρὸς
1494 2031 1600 2066 χρείαν,
1631 2033 1701 2061 ὥστε
1719 2036 1803 2069 ἀναγ-

1021 2069 1098 2095 καῖον
1115 2068 1185 2097 εἶναι
1198 2071 1290 2104 αὐτοῖς
1301 2074 1470 2110 ἀπέρχεσθαι
1489 2078 1548 2104 ἐκεῖ
1561 2079 1605 2106 διὰ
1632 2081 1683 2116 τὴν
1709 2068 1803 2110 συλλο-

1021 2115 1072 2150 γὴν
1084 2116 1138 2143 τῶν
1155 2119 1279 2153 καρπῶν.
1305 2120 1399 2153 Οὕτως
1424 2122 1479 2154 οὖν,
1505 2126 1583 2158 φησὶ,
1606 2130 1802 2163 συγχωρείσθω

1023 2162 1062 2193 εἰς
1076 2162 1173 2198 ἑτέραν
1188 2165 1298 2199 ἐνορίαν
1311 2166 1417 2200 διάγειν
1430 2168 1591 2202 ἐπίσκοπος.
1608 2172 1652 2198 ἵνα
1669 2162 1714 2200 ἐπὶ
1728 2177 1803 2209 τρεῖς

1022 2208 1173 2244 ἑὸδομάδας
1187 2210 1224 2246 μὴ
1238 2212 1396 2247 συνέρχοιτο
1407 2215 1446 2249 τῷ
1459 2216 1605 2252 ὲπισκόπῳ
1620 2219 1671 2253 τῆς
1687 2208 1801 2255 πόλεως,

1020 2253 1080 2280 ἀλλ’
1091 2255 1121 2282 ἐν
1134 2256 1188 2287 τοῖς
1202 2256 1296 2290 ἀγροῖς
1311 2258 1395 2285 αὑτοῦ
1409 2259 1501 2296 διάγῃ,
1519 2261 1568 2288 καὶ
1589 2263 1618 2289 ἐν
1634 2265 1666 2299 τῇ
1684 2253 1803 2300 πλησια-

1021 2299 1105 2336 ζούση
1134 2301 1193 2327 ἐκεῖ
1208 2301 1339 2338 ἐκκλησίᾳ
1356 2303 1385 2329 ἐν
1431 2305 1615 2342 πρεσϐύτερος
1626 2309 1675 2344 τὴν
1689 2299 1801 2342 σύναξιν

1020 2344 1066 2371 τοῦ
1079 2345 1145 2373 λαοῦ
1162 2347 1290 2380 ποιεῖται,
1317 2349 1505 2385 συνέρχηται,“
1521 2353 1567 2378 καὶ
1596 2353 1751 2390 λειτουργῇ.
1764 2356 1801 2383 Τὸ

1021 2390 1049 2418 δὲ
1064 2391 1231 2426 λειτουργεῖν
1242 2393 1358 2420 ἐνταῦθα
1371 2395 1432 2430 οὐχὶ
1446 2397 1475 2422 τὸ
1492 2397 1642 2432 ἱερουργεῖν
1657 2400 1704 2426 καὶ
1717 2410 1802 2435 προσ-

1021 2438 1114 2472 φέρειν
1129 2438 1178 2474 τὴν
1190 2439 1359 2474 ἀναίμακτον
1376 2440 1472 2468 θυσίαν
1492 2445 1614 2477 νοητέον.
1631 2445 1699 2472 ἀλλὰ
1714 2446 1745 2472 τὸ
1757 2447 1801 2474 εὖ·

1019 2484 1126 2520 χεσθαι,
1142 2485 1188 2511 καὶ
1202 2484 1266 2517 τοὺς
1281 2486 1406 2519 συνήθεις
1421 2487 1523 2522 ὕμνους
1536 2489 1576 2524 τῷ
1591 2489 1652 2526 Θεῷ
1669 2492 1799 2528 ἀναπέμ-

1019 2538 1093 2557 πειν.
1111 2530 1172 2565 Πῶς
1201 2530 1256 2566 γὰρ
1281 2532 1458 2568 ἱερουργῆσαι
1482 2534 1606 2569 ἠδύνατο,
1637 2537 1653 2572 ἦ
1682 2538 1748 2565 ἄλλο
1773 2549 1800 2566 τι

1019 2576 1132 2611 ποιῆσαι
1142 2576 1335 2611 ἀρχιερατικὺν
1350 2578 1452 2606 δίκαιον
1469 2581 1509 2612 εις
1520 2581 1664 2617 ἀλλοτρίαν
1679 2585 1798 2619 ἐνορίαν,

1021 2627 1059 2662 μὴ
1075 2626 1150 2662 παρὰ
1167 2627 1214 2654 τοῦ
1236 2627 1386 2656 ἐπισκόπου
1403 2630 1452 2664 τῆς
1465 2631 1558 2666 χώρας
1579 2632 1656 2660 τοῦτο
1686 2634 1800 2670 ἐπιτρα-

1019 2674 1099 2707 πείς;
1117 2673 1194 2700 Κατὰ
1206 2673 1261 2708 γὰρ
1277 2674 1322 2702 τὸν
1341 2675 1387 2707 λς’
1396 2678 1495 2703 κανόνα
1511 2677 1565 2705 τῶν
1576 2679 1733 2706 ἀποστόλων
1748 2690 1799 2707 κα-

1019 2717 1155 2754 θαιρετται
1168 2719 1182 2744 ὸ
1197 2719 1276 2746 τοῦτο
1306 2721 1435 2755 ποιήσας.
1459 2721 1514 2748 Καὶ
1530 2722 1561 2748 τὸ
1575 2722 1754 2757 συνέρχεσθαι
1770 2723 1799 2750 δὲ

1020 2764 1061 2795 εἰς
1076 2765 1235 2799 ἐκκλησίαν,
1249 2766 1296 2792 καὶ
1313 2766 1488 2800 συνεύχεσθαι
1497 2768 1555 2798 τοῖς
1576 2768 1666 2793 ἐκεῖσε
1680 2770 1797 2799 πιστοῖς,

1020 2810 1064 2837 διὰ
1083 2810 1170 2845 τοῦτο,
1187 2812 1278 2847 φασὶν,
1297 2813 1487 2849 ἐπιτρέπομεν,
1506 2813 1548 2840 ἵνα
1571 2813 1608 2849 μὴ
1636 2813 1700 2848 δοκῇ
1713 2816 1797 2849 χωρὶς
