  <div class='ocr_page' id='page_1' title='image "/cluster/home/n/w/nwhite01/storage/ocr_20150623/137/njp.32101077773115/824.png"; bbox 0 0 1938 3085; ppageno 0'>
   <div class='ocr_carea' id='block_1_1' title="bbox 145 123 212 155">
    <p class='ocr_par' dir='ltr' id='par_1_1' title="bbox 145 123 212 155">
     <span class='ocr_line' id='line_1_1' title="bbox 145 123 212 155; baseline 0.015 -1"><span class='ocrx_word' id='word_1_1' title='bbox 145 123 212 155; x_wconf 69' lang='lat'><strong>1473</strong></span> 
     </span>
    </p>
   </div>
   <div class='ocr_carea' id='block_1_2' title="bbox 687 118 1202 151">
    <p class='ocr_par' dir='ltr' id='par_1_2' title="bbox 687 118 1202 151">
     <span class='ocr_line' id='line_1_2' title="bbox 687 118 1202 151; baseline -0.002 0"><span class='ocrx_word' id='word_1_2' title='bbox 687 121 728 151; x_wconf 89' lang='lat' dir='ltr'><strong>IN</strong></span> <span class='ocrx_word' id='word_1_3' title='bbox 747 120 829 151; x_wconf 80' lang='lat' dir='ltr'><strong>CAN.</strong></span> <span class='ocrx_word' id='word_1_4' title='bbox 850 119 915 150; x_wconf 82' lang='lat' dir='ltr'><strong>XIV</strong></span> <span class='ocrx_word' id='word_1_5' title='bbox 934 118 1037 150; x_wconf 83' lang='lat' dir='ltr'><strong>CONC.</strong></span> <span class='ocrx_word' id='word_1_6' title='bbox 1059 120 1202 150; x_wconf 83' lang='lat' dir='ltr'><strong>SARDIC.</strong></span> 
     </span>
    </p>
   </div>
   <div class='ocr_carea' id='block_1_3' title="bbox 1687 120 1754 152">
    <p class='ocr_par' dir='ltr' id='par_1_3' title="bbox 1687 120 1754 152">
     <span class='ocr_line' id='line_1_3' title="bbox 1687 120 1754 152; baseline -0.015 0"><span class='ocrx_word' id='word_1_7' title='bbox 1687 120 1754 152; x_wconf 69' lang='lat' dir='ltr'><strong>i414</strong></span> 
     </span>
    </p>
   </div>
   <div class='ocr_carea' id='block_1_4' title="bbox 142 162 926 214">
    <p class='ocr_par' dir='ltr' id='par_1_4' title="bbox 142 177 924 214">
     <span class='ocr_line' id='line_1_4' title="bbox 142 177 924 214; baseline -0.005 -8"><span class='ocrx_word' id='word_1_8' title='bbox 142 179 327 212; x_wconf 83' lang='grc' dir='ltr'>συνελεύσεως</span> <span class='ocrx_word' id='word_1_9' title='bbox 347 178 429 211; x_wconf 81' lang='grc' dir='ltr'>εἶναι,</span> <span class='ocrx_word' id='word_1_10' title='bbox 446 180 491 205; x_wconf 75' lang='grc' dir='ltr'>καὶ</span> <span class='ocrx_word' id='word_1_11' title='bbox 511 178 670 214; x_wconf 72' lang='grc' dir='ltr'>προσκρούῃ</span> <span class='ocrx_word' id='word_1_12' title='bbox 696 177 763 212; x_wconf 77' lang='grc' dir='ltr'>πρὸς</span> <span class='ocrx_word' id='word_1_13' title='bbox 792 177 837 203; x_wconf 76' lang='grc' dir='ltr'><strong>τδν</strong></span> <span class='ocrx_word' id='word_1_14' title='bbox 853 177 924 203; x_wconf 77' lang='grc' dir='ltr'>ἀνω-</span> 
     </span>
    </p>
   </div>
   <div class='ocr_carea' id='block_1_5' title="bbox 988 162 1754 214">
    <p class='ocr_par' dir='ltr' id='par_1_5' title="bbox 991 162 1754 210">
     <span class='ocr_line' id='line_1_5' title="bbox 991 162 1754 210; baseline 0.005 -8"><span class='ocrx_word' id='word_1_15' title='bbox 991 162 1113 210; x_wconf 70' lang='lat' dir='ltr'><strong>postolici</strong></span> <span class='ocrx_word' id='word_1_16' title='bbox 1137 175 1249 203; x_wconf 88' lang='lat' dir='ltr'><strong>canonis</strong></span> <span class='ocrx_word' id='word_1_17' title='bbox 1260 176 1370 203; x_wconf 84' lang='lat' dir='ltr'><strong>decreto</strong></span> <span class='ocrx_word' id='word_1_18' title='bbox 1385 175 1492 203; x_wconf 90' lang='lat' dir='ltr'><strong>multari</strong></span> <span class='ocrx_word' id='word_1_19' title='bbox 1504 175 1594 205; x_wconf 85' lang='lat' dir='ltr'><strong>debet.</strong></span> <span class='ocrx_word' id='word_1_20' title='bbox 1625 176 1660 205; x_wconf 86' lang='lat' dir='ltr'><strong>Ut</strong></span> <span class='ocrx_word' id='word_1_21' title='bbox 1688 186 1754 207; x_wconf 77' lang='lat' dir='ltr'><strong>vero</strong></span> 
     </span>
    </p>
   </div>
   <div class='ocr_carea' id='block_1_6' title="bbox 141 221 922 261">
    <p class='ocr_par' dir='ltr' id='par_1_6' title="bbox 141 221 922 261">
     <span class='ocr_line' id='line_1_6' title="bbox 141 221 922 261; baseline -0.004 -9"><span class='ocrx_word' id='word_1_22' title='bbox 141 227 213 260; x_wconf 81' lang='grc' dir='ltr'>τέρω</span> <span class='ocrx_word' id='word_1_23' title='bbox 226 226 370 261; x_wconf 74' lang='grc' dir='ltr'><strong>εἰρημένον</strong></span> <span class='ocrx_word' id='word_1_24' title='bbox 399 226 512 258; x_wconf 81' lang='grc' dir='ltr'><strong>κανόνα,</strong></span> <span class='ocrx_word' id='word_1_25' title='bbox 536 225 582 251; x_wconf 74' lang='grc' dir='ltr'>τὸν</span> <span class='ocrx_word' id='word_1_26' title='bbox 604 224 768 259; x_wconf 79' lang='grc' dir='ltr'>ἀφορίζοντα</span> <span class='ocrx_word' id='word_1_27' title='bbox 788 223 851 254; x_wconf 78' lang='grc' dir='ltr'>τοὺς</span> <span class='ocrx_word' id='word_1_28' title='bbox 875 221 922 249; x_wconf 83' lang='grc' dir='ltr'>ἐπὶ</span> 
     </span>
    </p>
   </div>
   <div class='ocr_carea' id='block_1_7' title="bbox 141 267 922 307">
    <p class='ocr_par' dir='ltr' id='par_1_7' title="bbox 141 267 922 307">
     <span class='ocr_line' id='line_1_7' title="bbox 141 267 922 307; baseline -0.003 -10"><span class='ocrx_word' id='word_1_29' title='bbox 141 273 215 307; x_wconf 78' lang='grc' dir='ltr'>τρεῖς</span> <span class='ocrx_word' id='word_1_30' title='bbox 230 271 381 306; x_wconf 75' lang='grc' dir='ltr'>ἑϐδομάδας</span> <span class='ocrx_word' id='word_1_31' title='bbox 397 271 434 307; x_wconf 85' lang='grc' dir='ltr'>μὴ</span> <span class='ocrx_word' id='word_1_32' title='bbox 462 271 602 302; x_wconf 83' lang='grc' dir='ltr'>συνιόντας</span> <span class='ocrx_word' id='word_1_33' title='bbox 627 271 668 302; x_wconf 90' lang='grc' dir='ltr'>εἰς</span> <span class='ocrx_word' id='word_1_34' title='bbox 697 269 844 304; x_wconf 74' lang='grc' dir='ltr'>ἐκκλησίαν</span> <span class='ocrx_word' id='word_1_35' title='bbox 860 276 867 284; x_wconf 79' lang='grc'><strong>’</strong></span> <span class='ocrx_word' id='word_1_36' title='bbox 883 267 922 304; x_wconf 80' lang='grc' dir='ltr'>μὴ</span> 
     </span>
    </p>
   </div>
   <div class='ocr_carea' id='block_1_8' title="bbox 145 313 922 352">
    <p class='ocr_par' dir='ltr' id='par_1_8' title="bbox 145 313 922 352">
     <span class='ocr_line' id='line_1_8' title="bbox 145 313 922 352; baseline -0.003 -10"><span class='ocrx_word' id='word_1_37' title='bbox 145 317 247 351; x_wconf 81' lang='grc' dir='ltr'>μέντοι,</span> <span class='ocrx_word' id='word_1_38' title='bbox 264 317 341 351; x_wconf 72' lang='grc' dir='ltr'>φασὶ,</span> <span class='ocrx_word' id='word_1_39' title='bbox 354 317 546 352; x_wconf 81' lang='grc' dir='ltr'><strong>συνεχέστερον</strong></span> <span class='ocrx_word' id='word_1_40' title='bbox 562 317 601 348; x_wconf 85' lang='grc' dir='ltr'><strong>είς</strong></span> <span class='ocrx_word' id='word_1_41' title='bbox 612 317 661 351; x_wconf 81' lang='grc' dir='ltr'>τὴν</span> <span class='ocrx_word' id='word_1_42' title='bbox 676 315 752 343; x_wconf 71' lang='grc' dir='ltr'>πόλιν</span> <span class='ocrx_word' id='word_1_43' title='bbox 765 315 814 350; x_wconf 85' lang='grc' dir='ltr'>τῆς</span> <span class='ocrx_word' id='word_1_44' title='bbox 830 313 922 350; x_wconf 84' lang='grc' dir='ltr'>χώρας</span> 
     </span>
    </p>
   </div>
   <div class='ocr_carea' id='block_1_9' title="bbox 143 360 922 398">
    <p class='ocr_par' dir='ltr' id='par_1_9' title="bbox 143 360 922 398">
     <span class='ocr_line' id='line_1_9' title="bbox 143 360 922 398; baseline -0.001 -10"><span class='ocrx_word' id='word_1_45' title='bbox 143 363 253 397; x_wconf 76' lang='grc' dir='ltr'><strong>ἐκείνης</strong></span> <span class='ocrx_word' id='word_1_46' title='bbox 271 363 459 398; x_wconf 74' lang='grc' dir='ltr'><strong>παραγίνοιτο,</strong></span> <span class='ocrx_word' id='word_1_47' title='bbox 476 363 518 389; x_wconf 85' lang='grc' dir='ltr'>ἶνα</span> <span class='ocrx_word' id='word_1_48' title='bbox 546 362 618 389; x_wconf 78' lang='grc' dir='ltr'>οὕτω</span> <span class='ocrx_word' id='word_1_49' title='bbox 637 363 705 397; x_wconf 88' lang='grc' dir='ltr'>μήτε</span> <span class='ocrx_word' id='word_1_50' title='bbox 733 360 836 395; x_wconf 76' lang='grc' dir='ltr'>ζημίαν</span> <span class='ocrx_word' id='word_1_51' title='bbox 861 360 922 387; x_wconf 82' lang='grc' dir='ltr'>τινὰ</span> 
     </span>
    </p>
   </div>
   <div class='ocr_carea' id='block_1_10' title="bbox 144 406 922 444">
    <p class='ocr_par' dir='ltr' id='par_1_10' title="bbox 144 406 922 444">
     <span class='ocr_line' id='line_1_10' title="bbox 144 406 922 444; baseline -0.005 -9"><span class='ocrx_word' id='word_1_52' title='bbox 144 410 247 444; x_wconf 84' lang='grc' dir='ltr'>ὖποστῇ</span> <span class='ocrx_word' id='word_1_53' title='bbox 262 410 293 436; x_wconf 88' lang='grc' dir='ltr'><strong>ἐκ</strong></span> <span class='ocrx_word' id='word_1_54' title='bbox 309 409 356 436; x_wconf 84' lang='grc' dir='ltr'>τοῦ</span> <span class='ocrx_word' id='word_1_55' title='bbox 375 409 412 444; x_wconf 88' lang='grc' dir='ltr'>μὴ</span> <span class='ocrx_word' id='word_1_56' title='bbox 427 411 566 444; x_wconf 75' lang='grc' dir='ltr'><strong>ἐπιτηρεῖν</strong></span> <span class='ocrx_word' id='word_1_57' title='bbox 590 409 625 434; x_wconf 81' lang='grc' dir='ltr'><strong>τὰ</strong></span> <span class='ocrx_word' id='word_1_58' title='bbox 638 408 734 440; x_wconf 80' lang='grc' dir='ltr'>οίκεῖα,</span> <span class='ocrx_word' id='word_1_59' title='bbox 749 406 797 433; x_wconf 73' lang='grc' dir='ltr'>καὶ</span> <span class='ocrx_word' id='word_1_60' title='bbox 824 406 854 432; x_wconf 78' lang='grc' dir='ltr'>τὸ</span> <span class='ocrx_word' id='word_1_61' title='bbox 871 406 922 439; x_wconf 82' lang='grc' dir='ltr'>τῆς</span> 
     </span>
    </p>
   </div>
   <div class='ocr_carea' id='block_1_11' title="bbox 143 450 923 491">
    <p class='ocr_par' dir='ltr' id='par_1_11' title="bbox 143 450 923 491">
     <span class='ocr_line' id='line_1_11' title="bbox 143 450 923 491; baseline -0.005 -10"><span class='ocrx_word' id='word_1_62' title='bbox 143 455 301 486; x_wconf 73' lang='grc' dir='ltr'>ἀλαζονείας</span> <span class='ocrx_word' id='word_1_63' title='bbox 319 455 430 491; x_wconf 84' lang='grc' dir='ltr'>ἐκκλίνῃ</span> <span class='ocrx_word' id='word_1_64' title='bbox 447 455 572 487; x_wconf 75' lang='grc' dir='ltr'>αἰτίαμα,</span> <span class='ocrx_word' id='word_1_65' title='bbox 593 454 630 490; x_wconf 85' lang='grc' dir='ltr'><strong>μὴ</strong></span> <span class='ocrx_word' id='word_1_66' title='bbox 643 454 687 480; x_wconf 84' lang='grc' dir='ltr'><strong>διὰ</strong></span> <span class='ocrx_word' id='word_1_67' title='bbox 709 453 789 485; x_wconf 74' lang='grc' dir='ltr'>δόξαν</span> <span class='ocrx_word' id='word_1_68' title='bbox 815 450 923 486; x_wconf 76' lang='grc' dir='ltr'>νομιζό-</span> 
     </span>
    </p>
   </div>
   <div class='ocr_carea' id='block_1_12' title="bbox 143 496 922 535">
    <p class='ocr_par' dir='ltr' id='par_1_12' title="bbox 143 496 922 535">
     <span class='ocr_line' id='line_1_12' title="bbox 143 496 922 535; baseline -0.004 -9"><span class='ocrx_word' id='word_1_69' title='bbox 143 508 223 533; x_wconf 79' lang='grc' dir='ltr'>μενος</span> <span class='ocrx_word' id='word_1_70' title='bbox 238 501 350 527; x_wconf 84' lang='grc' dir='ltr'>ἀπιέναι</span> <span class='ocrx_word' id='word_1_71' title='bbox 362 502 402 533; x_wconf 82' lang='grc' dir='ltr'><strong>εἰς</strong></span> <span class='ocrx_word' id='word_1_72' title='bbox 423 501 520 535; x_wconf 76' lang='grc' dir='ltr'>ἑτέραν</span> <span class='ocrx_word' id='word_1_73' title='bbox 534 500 611 526; x_wconf 76' lang='grc' dir='ltr'>πόλιν</span> <span class='ocrx_word' id='word_1_74' title='bbox 625 500 642 535; x_wconf 83' lang='grc' dir='ltr'>ἢ</span> <span class='ocrx_word' id='word_1_75' title='bbox 668 499 771 534; x_wconf 86' lang='grc' dir='ltr'>χώραν,</span> <span class='ocrx_word' id='word_1_76' title='bbox 799 497 869 525; x_wconf 85' lang='grc' dir='ltr'>ὥστε</span> <span class='ocrx_word' id='word_1_77' title='bbox 884 496 922 523; x_wconf 82' lang='grc' dir='ltr'>δι·</span> 
     </span>
    </p>
   </div>
   <div class='ocr_carea' id='block_1_13' title="bbox 141 543 919 581">
    <p class='ocr_par' dir='ltr' id='par_1_13' title="bbox 141 543 919 581">
     <span class='ocr_line' id='line_1_13' title="bbox 141 543 919 581; baseline -0.004 -10"><span class='ocrx_word' id='word_1_78' title='bbox 141 545 262 578; x_wconf 86' lang='grc' dir='ltr'>δάσκειν,</span> <span class='ocrx_word' id='word_1_79' title='bbox 275 547 322 573; x_wconf 85' lang='grc' dir='ltr'>καὶ</span> <span class='ocrx_word' id='word_1_80' title='bbox 336 546 528 581; x_wconf 85' lang='grc' dir='ltr'>καταισχύνειν</span> <span class='ocrx_word' id='word_1_81' title='bbox 540 545 586 572; x_wconf 78' lang='grc' dir='ltr'>τὸν</span> <span class='ocrx_word' id='word_1_82' title='bbox 599 546 628 570; x_wconf 76' lang='grc' dir='ltr'><strong>ἐν</strong></span> <span class='ocrx_word' id='word_1_83' title='bbox 651 545 743 580; x_wconf 84' lang='grc' dir='ltr'>ἐκείνῃ</span> <span class='ocrx_word' id='word_1_84' title='bbox 761 543 919 570; x_wconf 82' lang='grc' dir='ltr'>ἐπίσκοπον.</span> 
     </span>
    </p>
   </div>
   <div class='ocr_carea' id='block_1_14' title="bbox 976 221 1755 259">
    <p class='ocr_par' dir='ltr' id='par_1_14' title="bbox 976 221 1755 259">
     <span class='ocr_line' id='line_1_14' title="bbox 976 221 1755 259; baseline 0.001 -8"><span class='ocrx_word' id='word_1_85' title='bbox 976 223 1005 251; x_wconf 88' lang='lat' dir='ltr'><strong>in</strong></span> <span class='ocrx_word' id='word_1_86' title='bbox 1021 223 1164 250; x_wconf 82' lang='lat' dir='ltr'><strong>ecclesiam</strong></span> <span class='ocrx_word' id='word_1_87' title='bbox 1179 222 1332 254; x_wconf 80' lang='lat' dir='ltr'><strong>conveniat,</strong></span> <span class='ocrx_word' id='word_1_88' title='bbox 1349 221 1441 256; x_wconf 82' lang='lat' dir='ltr'><strong>ibique</strong></span> <span class='ocrx_word' id='word_1_89' title='bbox 1454 228 1514 248; x_wconf 89' lang='lat' dir='ltr'><strong>cum</strong></span> <span class='ocrx_word' id='word_1_90' title='bbox 1543 222 1667 251; x_wconf 82' lang='lat' dir='ltr'><strong>ﬁdelibus</strong></span> <span class='ocrx_word' id='word_1_91' title='bbox 1691 232 1755 259; x_wconf 89' lang='lat' dir='ltr'><strong>pre-</strong></span> 
     </span>
    </p>
   </div>
   <div class='ocr_carea' id='block_1_15' title="bbox 974 267 1753 302">
    <p class='ocr_par' dir='ltr' id='par_1_15' title="bbox 974 267 1753 302">
     <span class='ocr_line' id='line_1_15' title="bbox 974 267 1753 302; baseline 0 -5"><span class='ocrx_word' id='word_1_92' title='bbox 974 269 1075 297; x_wconf 88' lang='lat' dir='ltr'><strong>cationi</strong></span> <span class='ocrx_word' id='word_1_93' title='bbox 1085 272 1173 300; x_wconf 84' lang='lat' dir='ltr'><strong>vacet,</strong></span> <span class='ocrx_word' id='word_1_94' title='bbox 1188 267 1300 297; x_wconf 83' lang='lat' dir='ltr'><strong>idcirco,</strong></span> <span class='ocrx_word' id='word_1_95' title='bbox 1316 267 1451 302; x_wconf 88' lang='lat' dir='ltr'><strong>inquiunt,</strong></span> <span class='ocrx_word' id='word_1_96' title='bbox 1479 268 1672 301; x_wconf 66' lang='lat' dir='ltr'><strong>permittimus,</strong></span> <span class='ocrx_word' id='word_1_97' title='bbox 1689 277 1722 297; x_wconf 86' lang='lat' dir='ltr'><strong>ne</strong></span> <span class='ocrx_word' id='word_1_98' title='bbox 1738 278 1753 297; x_wconf 91' lang='lat' dir='ltr'><strong>a</strong></span> 
     </span>
    </p>
   </div>
   <div class='ocr_carea' id='block_1_16' title="bbox 974 313 1750 345">
    <p class='ocr_par' dir='ltr' id='par_1_16' title="bbox 974 313 1750 345">
     <span class='ocr_line' id='line_1_16' title="bbox 974 313 1750 345; baseline 0.001 -2"><span class='ocrx_word' id='word_1_99' title='bbox 974 315 1163 343; x_wconf 90' lang='lat' dir='ltr'><strong>communione</strong></span> <span class='ocrx_word' id='word_1_100' title='bbox 1178 313 1281 341; x_wconf 86' lang='lat' dir='ltr'><strong>alienus</strong></span> <span class='ocrx_word' id='word_1_101' title='bbox 1291 320 1351 340; x_wconf 85' lang='lat' dir='ltr'><strong>esse</strong></span> <span class='ocrx_word' id='word_1_102' title='bbox 1363 313 1510 345; x_wconf 82' lang='lat' dir='ltr'><strong>-vidcatur,</strong></span> <span class='ocrx_word' id='word_1_103' title='bbox 1521 321 1589 342; x_wconf 82' lang='lat' dir='ltr'><strong>neve</strong></span> <span class='ocrx_word' id='word_1_104' title='bbox 1615 315 1641 342; x_wconf 94' lang='lat' dir='ltr'><strong>in</strong></span> <span class='ocrx_word' id='word_1_105' title='bbox 1667 323 1750 344; x_wconf 87' lang='lat' dir='ltr'><strong>cano-</strong></span> 
     </span>
    </p>
   </div>
   <div class='ocr_carea' id='block_1_17' title="bbox 975 359 1754 397">
    <p class='ocr_par' dir='ltr' id='par_1_17' title="bbox 975 359 1754 397">
     <span class='ocr_line' id='line_1_17' title="bbox 975 359 1754 397; baseline -0.001 -8"><span class='ocrx_word' id='word_1_106' title='bbox 975 369 1035 389; x_wconf 84' lang='lat' dir='ltr'><strong>nem</strong></span> <span class='ocrx_word' id='word_1_107' title='bbox 1051 369 1131 396; x_wconf 86' lang='lat' dir='ltr'><strong>supra</strong></span> <span class='ocrx_word' id='word_1_108' title='bbox 1144 362 1312 396; x_wconf 81' lang='lat' dir='ltr'><strong>propositum</strong></span> <span class='ocrx_word' id='word_1_109' title='bbox 1328 359 1454 392; x_wconf 80' lang='lat' dir='ltr'><strong>oﬂendat,</strong></span> <span class='ocrx_word' id='word_1_110' title='bbox 1485 368 1532 395; x_wconf 89' lang='lat' dir='ltr'><strong>per</strong></span> <span class='ocrx_word' id='word_1_111' title='bbox 1554 369 1634 395; x_wconf 89' lang='lat' dir='ltr'><strong>quem</strong></span> <span class='ocrx_word' id='word_1_112' title='bbox 1654 363 1690 394; x_wconf 90' lang='lat' dir='ltr'><strong>el,</strong></span> <span class='ocrx_word' id='word_1_113' title='bbox 1708 364 1754 397; x_wconf 87' lang='lat' dir='ltr'><strong>qui</strong></span> 
     </span>
    </p>
   </div>
   <div class='ocr_carea' id='block_1_18' title="bbox 975 406 1755 442">
    <p class='ocr_par' dir='ltr' id='par_1_18' title="bbox 975 406 1755 442">
     <span class='ocr_line' id='line_1_18' title="bbox 975 406 1755 442; baseline 0.004 -8"><span class='ocrx_word' id='word_1_114' title='bbox 975 408 1062 435; x_wconf 91' lang='lat' dir='ltr'><strong>tribus</strong></span> <span class='ocrx_word' id='word_1_115' title='bbox 1079 406 1253 434; x_wconf 81' lang='lat' dir='ltr'><strong>hebdomadis</strong></span> <span class='ocrx_word' id='word_1_116' title='bbox 1266 406 1291 433; x_wconf 93' lang='lat' dir='ltr'><strong>in</strong></span> <span class='ocrx_word' id='word_1_117' title='bbox 1303 406 1447 433; x_wconf 85' lang='lat' dir='ltr'><strong>ecclesiam</strong></span> <span class='ocrx_word' id='word_1_118' title='bbox 1459 413 1511 433; x_wconf 88' lang='lat' dir='ltr'><strong>non</strong></span> <span class='ocrx_word' id='word_1_119' title='bbox 1527 409 1694 442; x_wconf 79' lang='lat' dir='ltr'><strong>convenerit,</strong></span> <span class='ocrx_word' id='word_1_120' title='bbox 1708 418 1755 438; x_wconf 87' lang='lat' dir='ltr'><strong>se-</strong></span> 
     </span>
    </p>
   </div>
   <div class='ocr_carea' id='block_1_19' title="bbox 975 452 1755 490">
    <p class='ocr_par' dir='ltr' id='par_1_19' title="bbox 975 452 1755 490">
     <span class='ocr_line' id='line_1_19' title="bbox 975 452 1755 490; baseline 0.001 -11"><span class='ocrx_word' id='word_1_121' title='bbox 975 452 1096 487; x_wconf 81' lang='lat' dir='ltr'><strong>gregatio</strong></span> <span class='ocrx_word' id='word_1_122' title='bbox 1116 452 1215 479; x_wconf 86' lang='lat' dir='ltr'><strong>indicta</strong></span> <span class='ocrx_word' id='word_1_123' title='bbox 1230 456 1291 484; x_wconf 88' lang='lat' dir='ltr'><strong>est,</strong></span> <span class='ocrx_word' id='word_1_124' title='bbox 1309 458 1360 478; x_wconf 93' lang='lat' dir='ltr'><strong>non</strong></span> <span class='ocrx_word' id='word_1_125' title='bbox 1375 456 1462 478; x_wconf 90' lang='lat' dir='ltr'><strong>tamen</strong></span> <span class='ocrx_word' id='word_1_126' title='bbox 1480 452 1508 479; x_wconf 93' lang='lat' dir='ltr'><strong>in</strong></span> <span class='ocrx_word' id='word_1_127' title='bbox 1520 453 1613 480; x_wconf 85' lang='lat' dir='ltr'><strong>urbem</strong></span> <span class='ocrx_word' id='word_1_128' title='bbox 1623 455 1683 490; x_wconf 80' lang='lat' dir='ltr'><strong>ejus</strong></span> <span class='ocrx_word' id='word_1_129' title='bbox 1711 465 1755 484; x_wconf 75' lang='lat' dir='ltr'><strong>re.</strong></span> 
     </span>
    </p>
   </div>
   <div class='ocr_carea' id='block_1_20' title="bbox 975 498 1754 538">
    <p class='ocr_par' dir='ltr' id='par_1_20' title="bbox 975 498 1754 538">
     <span class='ocr_line' id='line_1_20' title="bbox 975 498 1754 538; baseline 0.009 -14"><span class='ocrx_word' id='word_1_130' title='bbox 975 498 1060 533; x_wconf 80' lang='lat' dir='ltr'><strong>gionis</strong></span> <span class='ocrx_word' id='word_1_131' title='bbox 1075 498 1240 532; x_wconf 79' lang='lat' dir='ltr'><strong>frequentius</strong></span> <span class='ocrx_word' id='word_1_132' title='bbox 1261 503 1409 532; x_wconf 68' lang='lat' dir='ltr'><strong>commeel;</strong></span> <span class='ocrx_word' id='word_1_133' title='bbox 1425 505 1455 527; x_wconf 91' lang='lat' dir='ltr'><strong>ut</strong></span> <span class='ocrx_word' id='word_1_134' title='bbox 1469 500 1521 528; x_wconf 90' lang='lat' dir='ltr'><strong>hoc</strong></span> <span class='ocrx_word' id='word_1_135' title='bbox 1554 506 1633 536; x_wconf 87' lang='lat' dir='ltr'><strong>pacto</strong></span> <span class='ocrx_word' id='word_1_136' title='bbox 1666 509 1754 538; x_wconf 86' lang='lat' dir='ltr'><strong>neque</strong></span> 
     </span>
    </p>
   </div>
   <div class='ocr_carea' id='block_1_21' title="bbox 975 540 1755 580">
    <p class='ocr_par' dir='ltr' id='par_1_21' title="bbox 975 540 1755 580">
     <span class='ocr_line' id='line_1_21' title="bbox 975 540 1755 580; baseline 0.009 -13"><span class='ocrx_word' id='word_1_137' title='bbox 975 540 1119 568; x_wconf 66' lang='lat' dir='ltr'><strong>[multatos</strong></span> <span class='ocrx_word' id='word_1_138' title='bbox 1150 542 1284 576; x_wconf 83' lang='lat' dir='ltr'><strong>neglectas</strong></span> <span class='ocrx_word' id='word_1_139' title='bbox 1322 541 1477 570; x_wconf 86' lang='lat' dir='ltr'><strong>detrimenti</strong></span> <span class='ocrx_word' id='word_1_140' title='bbox 1510 544 1611 579; x_wconf 89' lang='lat' dir='ltr'><strong>aliquid</strong></span> <span class='ocrx_word' id='word_1_141' title='bbox 1639 547 1755 580; x_wconf 84' lang='lat' dir='ltr'><strong>subeat,</strong></span> 
     </span>
    </p>
   </div>
   <div class='ocr_carea' id='block_1_22' title="bbox 112 588 1756 628">
    <p class='ocr_par' dir='ltr' id='par_1_22' title="bbox 112 588 1756 628">
     <span class='ocr_line' id='line_1_22' title="bbox 112 588 1756 628; baseline 0 -8"><span class='ocrx_word' id='word_1_142' title='bbox 112 617 115 621; x_wconf 44' lang='grc' dir='ltr'>λ</span> <span class='ocrx_word' id='word_1_143' title='bbox 142 599 230 626; x_wconf 84' lang='lat' dir='ltr'><strong>neque</strong></span> <span class='ocrx_word' id='word_1_144' title='bbox 253 596 412 628; x_wconf 74' lang='lat' dir='ltr'><strong>arrogantia:</strong></span> <span class='ocrx_word' id='word_1_145' title='bbox 429 593 665 627; x_wconf 82' lang='lat' dir='ltr'><strong>reprehensionem</strong></span> <span class='ocrx_word' id='word_1_146' title='bbox 687 592 817 622; x_wconf 78' lang='lat' dir='ltr'><strong>incurrat,</strong></span> <span class='ocrx_word' id='word_1_147' title='bbox 838 589 916 624; x_wconf 73' lang='lat' dir='ltr'><strong>quasi</strong></span> <span class='ocrx_word' id='word_1_148' title='bbox 933 588 1052 623; x_wconf 71' lang='lat' dir='ltr'><strong>gtoriolie</strong></span> <span class='ocrx_word' id='word_1_149' title='bbox 1063 590 1226 626; x_wconf 66' lang='lat' dir='ltr'><strong>aucupandm</strong></span> <span class='ocrx_word' id='word_1_150' title='bbox 1252 588 1341 615; x_wconf 82' lang='lat' dir='ltr'><strong>studio</strong></span> <span class='ocrx_word' id='word_1_151' title='bbox 1358 588 1384 614; x_wconf 88' lang='lat' dir='ltr'><strong>iit</strong></span> <span class='ocrx_word' id='word_1_152' title='bbox 1399 589 1511 617; x_wconf 88' lang='lat' dir='ltr'><strong>alienam</strong></span> <span class='ocrx_word' id='word_1_153' title='bbox 1537 591 1629 619; x_wconf 87' lang='lat' dir='ltr'><strong>urbem</strong></span> <span class='ocrx_word' id='word_1_154' title='bbox 1655 597 1756 621; x_wconf 87' lang='lat' dir='ltr'><strong>autre-</strong></span> 
     </span>
    </p>
   </div>
   <div class='ocr_carea' id='block_1_23' title="bbox 104 634 1424 673">
    <p class='ocr_par' dir='ltr' id='par_1_23' title="bbox 104 634 1424 673">
     <span class='ocr_line' id='line_1_23' title="bbox 104 634 1424 673; baseline -0.002 -8"><span class='ocrx_word' id='word_1_155' title='bbox 104 636 108 639; x_wconf 70' lang='grc'><strong><em>’</em></strong></span> <span class='ocrx_word' id='word_1_156' title='bbox 143 639 259 673; x_wconf 78' lang='lat' dir='ltr'><strong>gionem,</strong></span> <span class='ocrx_word' id='word_1_157' title='bbox 276 638 386 665; x_wconf 64' lang='lat' dir='ltr'><strong>docendi</strong></span> <span class='ocrx_word' id='word_1_158' title='bbox 400 645 493 672; x_wconf 88' lang='lat' dir='ltr'><strong>causa,</strong></span> <span class='ocrx_word' id='word_1_159' title='bbox 522 646 553 666; x_wconf 89' lang='lat' dir='ltr'><strong>ac</strong></span> <span class='ocrx_word' id='word_1_160' title='bbox 571 638 637 672; x_wconf 88' lang='lat' dir='ltr'><strong>ejus,</strong></span> <span class='ocrx_word' id='word_1_161' title='bbox 659 638 705 673; x_wconf 86' lang='lat' dir='ltr'><strong>qui</strong></span> <span class='ocrx_word' id='word_1_162' title='bbox 729 636 756 663; x_wconf 89' lang='lat' dir='ltr'><strong>in</strong></span> <span class='ocrx_word' id='word_1_163' title='bbox 774 643 804 663; x_wconf 86' lang='lat' dir='ltr'><strong>ea</strong></span> <span class='ocrx_word' id='word_1_164' title='bbox 843 635 926 669; x_wconf 87' lang='lat' dir='ltr'><strong>degit,</strong></span> <span class='ocrx_word' id='word_1_165' title='bbox 942 634 1058 669; x_wconf 77' lang='lat' dir='ltr'><strong>episcopi</strong></span> <span class='ocrx_word' id='word_1_166' title='bbox 1078 634 1219 668; x_wconf 82' lang='lat' dir='ltr'><strong>sugillandi</strong></span> <span class='ocrx_word' id='word_1_167' title='bbox 1234 634 1424 668; x_wconf 51' lang='lat' dir='ltr'><strong>sitﬁprofectus.</strong></span> 
     </span>
    </p>
   </div>
   <div class='ocr_carea' id='block_1_24' title="bbox 142 684 923 722">
    <p class='ocr_par' dir='ltr' id='par_1_24' title="bbox 142 684 923 722">
     <span class='ocr_line' id='line_1_24' title="bbox 142 684 923 722; baseline -0.004 -10"><span class='ocrx_word' id='word_1_168' title='bbox 142 686 253 713; x_wconf 77' lang='grc' dir='ltr'><strong>ΑΡΙΣΤ.</strong></span> <span class='ocrx_word' id='word_1_169' title='bbox 276 695 286 712; x_wconf 78' lang='grc' dir='ltr'><strong>ι</strong></span> <span class='ocrx_word' id='word_1_170' title='bbox 311 686 476 718; x_wconf 73' lang='grc' dir='ltr'><strong>Ἐπίσκοπος</strong></span> <span class='ocrx_word' id='word_1_171' title='bbox 503 689 614 722; x_wconf 85' lang='grc' dir='ltr'><strong>κτήσεις</strong></span> <span class='ocrx_word' id='word_1_172' title='bbox 630 685 799 720; x_wconf 81' lang='grc' dir='ltr'>κεκτημένος</span> <span class='ocrx_word' id='word_1_173' title='bbox 825 684 923 718; x_wconf 82' lang='grc' dir='ltr'>ὑπερο-</span> 
     </span>
    </p>
   </div>
   <div class='ocr_carea' id='block_1_25' title="bbox 140 728 922 769">
    <p class='ocr_par' dir='ltr' id='par_1_25' title="bbox 140 728 922 769">
     <span class='ocr_line' id='line_1_25' title="bbox 140 728 922 769; baseline -0.008 -11"><span class='ocrx_word' id='word_1_174' title='bbox 140 761 146 769; x_wconf 56' lang='grc'><strong>,</strong></span> <span class='ocrx_word' id='word_1_175' title='bbox 180 740 189 757; x_wconf 83' lang='lat' dir='ltr'><strong>t</strong></span> <span class='ocrx_word' id='word_1_176' title='bbox 219 732 304 765; x_wconf 80' lang='grc' dir='ltr'>ρίοιις,</span> <span class='ocrx_word' id='word_1_177' title='bbox 322 733 346 757; x_wconf 78' lang='grc' dir='ltr'>εὶ</span> <span class='ocrx_word' id='word_1_178' title='bbox 364 731 454 767; x_wconf 81' lang='grc' dir='ltr'><strong>μέλλει</strong></span> <span class='ocrx_word' id='word_1_179' title='bbox 478 732 506 758; x_wconf 81' lang='grc' dir='ltr'><strong>ἐν</strong></span> <span class='ocrx_word' id='word_1_180' title='bbox 521 731 634 762; x_wconf 81' lang='grc' dir='ltr'>ταύταις</span> <span class='ocrx_word' id='word_1_181' title='bbox 665 730 743 761; x_wconf 76' lang='grc' dir='ltr'>ἰέναι,</span> <span class='ocrx_word' id='word_1_182' title='bbox 777 729 814 764; x_wconf 78' lang='grc' dir='ltr'>μὴ</span> <span class='ocrx_word' id='word_1_183' title='bbox 841 728 922 754; x_wconf 84' lang='grc' dir='ltr'>πλέον</span> 
     </span>
    </p>
   </div>
   <div class='ocr_carea' id='block_1_26' title="bbox 182 774 959 825">
    <p class='ocr_par' dir='ltr' id='par_1_26' title="bbox 182 774 959 825">
     <span class='ocr_line' id='line_1_26' title="bbox 182 774 959 825; baseline -0.006 -20"><span class='ocrx_word' id='word_1_184' title='bbox 182 787 191 804; x_wconf 80' lang='lat' dir='ltr'><strong>t</strong></span> <span class='ocrx_word' id='word_1_185' title='bbox 214 778 306 805; x_wconf 73' lang='grc' dir='ltr'>ἐκεῖσε</span> <span class='ocrx_word' id='word_1_186' title='bbox 325 779 429 814; x_wconf 80' lang='grc' dir='ltr'>μενέτω</span> <span class='ocrx_word' id='word_1_187' title='bbox 450 777 599 813; x_wconf 84' lang='grc' dir='ltr'>Κυριακῶν</span> <span class='ocrx_word' id='word_1_188' title='bbox 625 775 708 811; x_wconf 83' lang='grc' dir='ltr'>τριῶν</span> <span class='ocrx_word' id='word_1_189' title='bbox 725 774 921 825; x_wconf 64' lang='grc' dir='ltr'>διαστήματος.</span> <span class='ocrx_word' id='word_1_190' title='bbox 938 795 959 825; x_wconf 73' lang='grc' dir='ltr'><em>Β</em></span> 
     </span>
    </p>
   </div>
   <div class='ocr_carea' id='block_1_27' title="bbox 185 820 922 859">
    <p class='ocr_par' dir='ltr' id='par_1_27' title="bbox 185 820 922 859">
     <span class='ocr_line' id='line_1_27' title="bbox 185 820 922 859; baseline -0.007 -9"><span class='ocrx_word' id='word_1_191' title='bbox 185 833 195 850; x_wconf 83' lang='lat' dir='ltr'><strong>t</strong></span> <span class='ocrx_word' id='word_1_192' title='bbox 219 824 297 850; x_wconf 81' lang='grc' dir='ltr'>Οὕτω</span> <span class='ocrx_word' id='word_1_193' title='bbox 310 825 364 859; x_wconf 80' lang='grc' dir='ltr'><strong>γὰρ</strong></span> <span class='ocrx_word' id='word_1_194' title='bbox 379 825 395 858; x_wconf 83' lang='grc' dir='ltr'><strong>ή</strong></span> <span class='ocrx_word' id='word_1_195' title='bbox 407 824 493 851; x_wconf 83' lang='grc' dir='ltr'>οἰκεία</span> <span class='ocrx_word' id='word_1_196' title='bbox 509 824 605 850; x_wconf 85' lang='grc' dir='ltr'>τοῦτον</span> <span class='ocrx_word' id='word_1_197' title='bbox 619 823 718 857; x_wconf 85' lang='grc' dir='ltr'>ποίμνη</span> <span class='ocrx_word' id='word_1_198' title='bbox 732 820 922 854; x_wconf 80' lang='grc' dir='ltr'>καταπλουτή-</span> 
     </span>
    </p>
   </div>
   <div class='ocr_carea' id='block_1_28' title="bbox 182 868 721 902">
    <p class='ocr_par' dir='ltr' id='par_1_28' title="bbox 182 868 721 902">
     <span class='ocr_line' id='line_1_28' title="bbox 182 868 721 902; baseline -0.006 -6"><span class='ocrx_word' id='word_1_199' title='bbox 182 879 191 895; x_wconf 79' lang='grc' dir='ltr'><strong>ι</strong></span> <span class='ocrx_word' id='word_1_200' title='bbox 214 878 268 902; x_wconf 87' lang='grc' dir='ltr'>σει,</span> <span class='ocrx_word' id='word_1_201' title='bbox 285 871 331 896; x_wconf 76' lang='grc' dir='ltr'>καὶ</span> <span class='ocrx_word' id='word_1_202' title='bbox 348 869 429 900; x_wconf 79' lang='grc' dir='ltr'>αὐτὸς</span> <span class='ocrx_word' id='word_1_203' title='bbox 445 869 546 902; x_wconf 69' lang='grc' dir='ltr'>ἄτυφος</span> <span class='ocrx_word' id='word_1_204' title='bbox 559 868 692 902; x_wconf 83' lang='grc' dir='ltr'>διαμένοι.</span> <span class='ocrx_word' id='word_1_205' title='bbox 712 876 721 892; x_wconf 73' lang='grc' dir='ltr'><strong>ι</strong></span> 
     </span>
    </p>
   </div>
   <div class='ocr_carea' id='block_1_29' title="bbox 181 909 923 950">
    <p class='ocr_par' dir='ltr' id='par_1_29' title="bbox 181 909 923 950">
     <span class='ocr_line' id='line_1_29' title="bbox 181 909 923 950; baseline -0.008 -8"><span class='ocrx_word' id='word_1_206' title='bbox 181 916 318 950; x_wconf 81' lang='grc' dir='ltr'>Κτήματὰ</span> <span class='ocrx_word' id='word_1_207' title='bbox 330 924 404 946; x_wconf 85' lang='grc' dir='ltr'>τινες</span> <span class='ocrx_word' id='word_1_208' title='bbox 417 915 472 941; x_wconf 85' lang='grc' dir='ltr'><strong>τῶν</strong></span> <span class='ocrx_word' id='word_1_209' title='bbox 487 914 646 941; x_wconf 80' lang='grc' dir='ltr'>ἐπισκόπων</span> <span class='ocrx_word' id='word_1_210' title='bbox 661 914 685 939; x_wconf 88' lang='grc' dir='ltr'><strong>εί</strong></span> <span class='ocrx_word' id='word_1_211' title='bbox 698 913 785 948; x_wconf 79' lang='grc' dir='ltr'>ἔχοιεν</span> <span class='ocrx_word' id='word_1_212' title='bbox 801 911 830 938; x_wconf 81' lang='grc' dir='ltr'><strong>ἐν</strong></span> <span class='ocrx_word' id='word_1_213' title='bbox 844 909 923 937; x_wconf 82' lang='grc' dir='ltr'>ἀλλο-</span> 
     </span>
    </p>
   </div>
   <div class='ocr_carea' id='block_1_30' title="bbox 143 955 923 996">
    <p class='ocr_par' dir='ltr' id='par_1_30' title="bbox 143 955 923 996">
     <span class='ocr_line' id='line_1_30' title="bbox 143 955 923 996; baseline -0.008 -9"><span class='ocrx_word' id='word_1_214' title='bbox 143 961 235 996; x_wconf 84' lang='grc' dir='ltr'>τρίαις</span> <span class='ocrx_word' id='word_1_215' title='bbox 252 961 417 992; x_wconf 50' lang='grc' dir='ltr'>ἐπισκοπῇς</span> <span class='ocrx_word' id='word_1_216' title='bbox 439 961 564 995; x_wconf 83' lang='grc' dir='ltr'>κείμενα,</span> <span class='ocrx_word' id='word_1_217' title='bbox 587 960 618 986; x_wconf 78' lang='grc' dir='ltr'>οὗ</span> <span class='ocrx_word' id='word_1_218' title='bbox 633 958 781 986; x_wconf 81' lang='grc' dir='ltr'>κωλύονται</span> <span class='ocrx_word' id='word_1_219' title='bbox 805 955 923 992; x_wconf 80' lang='grc' dir='ltr'>ἀπέρχε-</span> 
     </span>
    </p>
   </div>
   <div class='ocr_carea' id='block_1_31' title="bbox 145 1000 923 1039">
    <p class='ocr_par' dir='ltr' id='par_1_31' title="bbox 145 1000 923 1039">
     <span class='ocr_line' id='line_1_31' title="bbox 145 1000 923 1039; baseline -0.006 -8"><span class='ocrx_word' id='word_1_220' title='bbox 145 1005 207 1031; x_wconf 82' lang='grc' dir='ltr'>σθαι</span> <span class='ocrx_word' id='word_1_221' title='bbox 226 1006 266 1036; x_wconf 88' lang='grc' dir='ltr'><strong>είς</strong></span> <span class='ocrx_word' id='word_1_222' title='bbox 284 1006 448 1039; x_wconf 82' lang='grc' dir='ltr'>ἐπιτήρησιν</span> <span class='ocrx_word' id='word_1_223' title='bbox 462 1003 576 1036; x_wconf 87' lang='grc' dir='ltr'>τούτων,</span> <span class='ocrx_word' id='word_1_224' title='bbox 594 1003 641 1029; x_wconf 77' lang='grc' dir='ltr'>καὶ</span> <span class='ocrx_word' id='word_1_225' title='bbox 654 1002 703 1038; x_wconf 81' lang='grc' dir='ltr'><strong>τὴν</strong></span> <span class='ocrx_word' id='word_1_226' title='bbox 719 1001 852 1035; x_wconf 82' lang='grc' dir='ltr'>συλλογὴν</span> <span class='ocrx_word' id='word_1_227' title='bbox 868 1000 923 1027; x_wconf 75' lang='grc' dir='ltr'><strong>τῶν</strong></span> 
     </span>
    </p>
   </div>
   <div class='ocr_carea' id='block_1_32' title="bbox 144 1045 921 1084">
    <p class='ocr_par' dir='ltr' id='par_1_32' title="bbox 144 1045 921 1084">
     <span class='ocr_line' id='line_1_32' title="bbox 144 1045 921 1084; baseline -0.005 -8"><span class='ocrx_word' id='word_1_228' title='bbox 144 1050 259 1084; x_wconf 83' lang='grc' dir='ltr'>καρπῶν</span> <span class='ocrx_word' id='word_1_229' title='bbox 272 1050 416 1077; x_wconf 81' lang='grc' dir='ltr'>ποιεῖσθαι.</span> <span class='ocrx_word' id='word_1_230' title='bbox 427 1049 500 1084; x_wconf 84' lang='grc' dir='ltr'><strong>Πλὴν</strong></span> <span class='ocrx_word' id='word_1_231' title='bbox 510 1049 558 1075; x_wconf 74' lang='grc' dir='ltr'>καὶ</span> <span class='ocrx_word' id='word_1_232' title='bbox 569 1045 641 1076; x_wconf 79' lang='grc' dir='ltr'>οὗτοι</span> <span class='ocrx_word' id='word_1_233' title='bbox 657 1048 737 1075; x_wconf 81' lang='grc' dir='ltr'>πλέον</span> <span class='ocrx_word' id='word_1_234' title='bbox 748 1047 832 1083; x_wconf 73' lang='grc' dir='ltr'><strong>Ιτριῶν</strong></span> <span class='ocrx_word' id='word_1_235' title='bbox 846 1046 921 1072; x_wconf 74' lang='grc' dir='ltr'>ἐϐδο-</span> 
     </span>
    </p>
   </div>
   <div class='ocr_carea' id='block_1_33' title="bbox 145 1088 922 1131">
    <p class='ocr_par' dir='ltr' id='par_1_33' title="bbox 145 1088 922 1131">
     <span class='ocr_line' id='line_1_33' title="bbox 145 1088 922 1131; baseline -0.005 -9"><span class='ocrx_word' id='word_1_236' title='bbox 145 1088 237 1131; x_wconf 71' lang='grc' dir='ltr'>μάδων</span> <span class='ocrx_word' id='word_1_237' title='bbox 250 1097 279 1122; x_wconf 85' lang='grc' dir='ltr'><strong>ἐν</strong></span> <span class='ocrx_word' id='word_1_238' title='bbox 291 1096 443 1131; x_wconf 80' lang='grc' dir='ltr'>ἀλλοτρίαις</span> <span class='ocrx_word' id='word_1_239' title='bbox 458 1095 625 1130; x_wconf 73' lang='grc' dir='ltr'>ἐγχρονίζειν</span> <span class='ocrx_word' id='word_1_240' title='bbox 635 1093 665 1120; x_wconf 80' lang='grc' dir='ltr'>οὐ</span> <span class='ocrx_word' id='word_1_241' title='bbox 679 1093 904 1128; x_wconf 80' lang='grc' dir='ltr'>συγκεχώρηνται</span> <span class='ocrx_word' id='word_1_242' title='bbox 914 1099 922 1107; x_wconf 70' lang='grc'><strong>⁸</strong></span> 
     </span>
    </p>
   </div>
   <div class='ocr_carea' id='block_1_34' title="bbox 144 1136 925 1175">
    <p class='ocr_par' dir='ltr' id='par_1_34' title="bbox 144 1136 925 1175">
     <span class='ocr_line' id='line_1_34' title="bbox 144 1136 925 1175; baseline -0.005 -9"><span class='ocrx_word' id='word_1_243' title='bbox 144 1140 188 1167; x_wconf 76' lang='grc' dir='ltr'>ἵνα</span> <span class='ocrx_word' id='word_1_244' title='bbox 204 1141 273 1175; x_wconf 87' lang='grc' dir='ltr'>μήτε</span> <span class='ocrx_word' id='word_1_245' title='bbox 298 1141 333 1166; x_wconf 81' lang='grc' dir='ltr'>τὰ</span> <span class='ocrx_word' id='word_1_246' title='bbox 354 1141 403 1174; x_wconf 75' lang='grc' dir='ltr'><strong>τῆς</strong></span> <span class='ocrx_word' id='word_1_247' title='bbox 427 1140 575 1175; x_wconf 78' lang='grc' dir='ltr'>ἐκκλησίας</span> <span class='ocrx_word' id='word_1_248' title='bbox 595 1139 686 1166; x_wconf 82' lang='grc' dir='ltr'>αὐτῶν</span> <span class='ocrx_word' id='word_1_249' title='bbox 708 1139 858 1174; x_wconf 81' lang='grc' dir='ltr'>πράγματα</span> <span class='ocrx_word' id='word_1_250' title='bbox 881 1136 925 1163; x_wconf 86' lang='grc' dir='ltr'><strong>διὰ</strong></span> 
     </span>
    </p>
   </div>
   <div class='ocr_carea' id='block_1_35' title="bbox 144 1182 926 1221">
    <p class='ocr_par' dir='ltr' id='par_1_35' title="bbox 144 1182 926 1221">
     <span class='ocr_line' id='line_1_35' title="bbox 144 1182 926 1221; baseline -0.005 -8"><span class='ocrx_word' id='word_1_251' title='bbox 144 1188 193 1221; x_wconf 81' lang='grc' dir='ltr'>τὴν</span> <span class='ocrx_word' id='word_1_252' title='bbox 208 1187 341 1213; x_wconf 79' lang='grc' dir='ltr'>ἀπουσίαν</span> <span class='ocrx_word' id='word_1_253' title='bbox 354 1186 444 1213; x_wconf 81' lang='grc' dir='ltr'>αὐτῶν</span> <span class='ocrx_word' id='word_1_254' title='bbox 458 1186 625 1217; x_wconf 84' lang='grc' dir='ltr'>ἀπόλωνται,</span> <span class='ocrx_word' id='word_1_255' title='bbox 643 1185 713 1220; x_wconf 84' lang='grc' dir='ltr'>μήτε</span> <span class='ocrx_word' id='word_1_256' title='bbox 730 1184 855 1219; x_wconf 80' lang='grc' dir='ltr'>ἔγκλημα</span> <span class='ocrx_word' id='word_1_257' title='bbox 878 1182 926 1209; x_wconf 88' lang='grc' dir='ltr'>τύ-</span> 
     </span>
    </p>
   </div>
   <div class='ocr_carea' id='block_1_36' title="bbox 147 1228 925 1266">
    <p class='ocr_par' dir='ltr' id='par_1_36' title="bbox 147 1228 925 1266">
     <span class='ocr_line' id='line_1_36' title="bbox 147 1228 925 1266; baseline -0.004 -9"><span class='ocrx_word' id='word_1_258' title='bbox 147 1240 197 1266; x_wconf 85' lang='grc' dir='ltr'><strong>φου</strong></span> <span class='ocrx_word' id='word_1_259' title='bbox 213 1231 261 1258; x_wconf 80' lang='grc' dir='ltr'>καὶ</span> <span class='ocrx_word' id='word_1_260' title='bbox 273 1231 433 1263; x_wconf 80' lang='grc' dir='ltr'>ἀλαζονείας</span> <span class='ocrx_word' id='word_1_261' title='bbox 448 1232 539 1263; x_wconf 79' lang='grc' dir='ltr'>αὐτοῖς</span> <span class='ocrx_word' id='word_1_262' title='bbox 555 1230 743 1266; x_wconf 76' lang='grc' dir='ltr'>προσάψωσιν,</span> <span class='ocrx_word' id='word_1_263' title='bbox 754 1230 801 1256; x_wconf 60' lang='grc' dir='ltr'><strong>ἐπὶ⁹</strong></span> <span class='ocrx_word' id='word_1_264' title='bbox 821 1228 925 1265; x_wconf 84' lang='grc' dir='ltr'>μακρό-</span> 
     </span>
    </p>
   </div>
   <div class='ocr_carea' id='block_1_37' title="bbox 145 1276 733 1313">
    <p class='ocr_par' dir='ltr' id='par_1_37' title="bbox 145 1276 733 1313">
     <span class='ocr_line' id='line_1_37' title="bbox 145 1276 733 1313; baseline -0.003 -9"><span class='ocrx_word' id='word_1_265' title='bbox 145 1285 225 1313; x_wconf 79' lang='grc' dir='ltr'>τερον</span> <span class='ocrx_word' id='word_1_266' title='bbox 237 1279 267 1304; x_wconf 86' lang='grc' dir='ltr'><strong>ἐν</strong></span> <span class='ocrx_word' id='word_1_267' title='bbox 281 1277 411 1312; x_wconf 79' lang='grc' dir='ltr'>ἀλλοτρίᾳ</span> <span class='ocrx_word' id='word_1_268' title='bbox 430 1278 504 1304; x_wconf 91' lang='grc' dir='ltr'>πόλει</span> <span class='ocrx_word' id='word_1_269' title='bbox 523 1276 733 1312; x_wconf 71' lang='grc' dir='ltr'>ἐνδιατρίϐουσι.</span> 
     </span>
    </p>
   </div>
   <div class='ocr_carea' id='block_1_38' title="bbox 437 1322 628 1350">
    <p class='ocr_par' dir='ltr' id='par_1_38' title="bbox 437 1322 628 1350">
     <span class='ocr_line' id='line_1_38' title="bbox 437 1322 628 1350; baseline -0.005 0"><span class='ocrx_word' id='word_1_270' title='bbox 437 1324 556 1350; x_wconf 81' lang='grc' dir='ltr'>ΚΑΝΩΝ</span> <span class='ocrx_word' id='word_1_271' title='bbox 580 1322 628 1350; x_wconf 81' lang='lat' dir='ltr'><strong>ll&quot;.</strong></span> 
     </span>
    </p>
   </div>
   <div class='ocr_carea' id='block_1_39' title="bbox 149 1367 926 1410">
    <p class='ocr_par' dir='ltr' id='par_1_39' title="bbox 149 1367 926 1410">
     <span class='ocr_line' id='line_1_39' title="bbox 149 1367 926 1410; baseline -0.004 -14"><span class='ocrx_word' id='word_1_272' title='bbox 149 1379 159 1396; x_wconf 81' lang='grc' dir='ltr'><strong>ι</strong></span> <span class='ocrx_word' id='word_1_273' title='bbox 181 1371 272 1402; x_wconf 88' lang='grc' dir='ltr'>Ὀσιος</span> <span class='ocrx_word' id='word_1_274' title='bbox 287 1370 439 1402; x_wconf 74' lang='grc' dir='ltr'>ἐπίσκοπος</span> <span class='ocrx_word' id='word_1_275' title='bbox 464 1368 543 1396; x_wconf 74' lang='grc' dir='ltr'>είπεσ</span> <span class='ocrx_word' id='word_1_276' title='bbox 563 1370 626 1410; x_wconf 66' lang='grc' dir='ltr'><strong>’ξὶάν</strong></span> <span class='ocrx_word' id='word_1_277' title='bbox 643 1378 684 1401; x_wconf 85' lang='grc' dir='ltr'><strong>τις</strong></span> <span class='ocrx_word' id='word_1_278' title='bbox 708 1369 842 1400; x_wconf 81' lang='grc' dir='ltr'>διάκονος,</span> <span class='ocrx_word' id='word_1_279' title='bbox 865 1367 926 1403; x_wconf 73' lang='grc' dir='ltr'>ἦτοι</span> 
     </span>
    </p>
   </div>
   <div class='ocr_carea' id='block_1_40' title="bbox 185 1412 926 1452">
    <p class='ocr_par' dir='ltr' id='par_1_40' title="bbox 185 1412 926 1452">
     <span class='ocr_line' id='line_1_40' title="bbox 185 1412 926 1452; baseline -0.005 -9"><span class='ocrx_word' id='word_1_280' title='bbox 185 1426 194 1442; x_wconf 81' lang='grc' dir='ltr'><strong>ι</strong></span> <span class='ocrx_word' id='word_1_281' title='bbox 213 1417 407 1451; x_wconf 70' lang='grc' dir='ltr'>πρεσϐύτερος,</span> <span class='ocrx_word' id='word_1_282' title='bbox 420 1416 436 1452; x_wconf 89' lang='grc' dir='ltr'>ἢ</span> <span class='ocrx_word' id='word_1_283' title='bbox 451 1415 498 1442; x_wconf 89' lang='grc' dir='ltr'><strong>καί</strong></span> <span class='ocrx_word' id='word_1_284' title='bbox 511 1424 553 1447; x_wconf 82' lang='grc' dir='ltr'><strong>τις</strong></span> <span class='ocrx_word' id='word_1_285' title='bbox 568 1415 622 1442; x_wconf 88' lang='grc' dir='ltr'>τῶν</span> <span class='ocrx_word' id='word_1_286' title='bbox 649 1414 791 1450; x_wconf 85' lang='grc' dir='ltr'>κληρικῶν</span> <span class='ocrx_word' id='word_1_287' title='bbox 808 1412 926 1440; x_wconf 67' lang='grc' dir='ltr'>ἀκοινώε</span> 
     </span>
    </p>
   </div>
   <div class='ocr_carea' id='block_1_41' title="bbox 184 1457 961 1502">
    <p class='ocr_par' dir='ltr' id='par_1_41' title="bbox 184 1457 961 1502">
     <span class='ocr_line' id='line_1_41' title="bbox 184 1457 961 1502; baseline -0.008 -13"><span class='ocrx_word' id='word_1_288' title='bbox 184 1471 193 1488; x_wconf 77' lang='grc' dir='ltr'><strong>ι</strong></span> <span class='ocrx_word' id='word_1_289' title='bbox 212 1471 293 1495; x_wconf 88' lang='grc' dir='ltr'>νητος</span> <span class='ocrx_word' id='word_1_290' title='bbox 305 1463 433 1497; x_wconf 82' lang='grc' dir='ltr'>γένηται,</span> <span class='ocrx_word' id='word_1_291' title='bbox 447 1463 496 1488; x_wconf 83' lang='grc' dir='ltr'>καὶ</span> <span class='ocrx_word' id='word_1_292' title='bbox 514 1462 583 1497; x_wconf 80' lang='grc' dir='ltr'>πρὸς</span> <span class='ocrx_word' id='word_1_293' title='bbox 603 1461 701 1495; x_wconf 73' lang='grc' dir='ltr'>ἕτερον</span> <span class='ocrx_word' id='word_1_294' title='bbox 714 1460 866 1486; x_wconf 81' lang='grc' dir='ltr'>ἐπίσκοπον</span> <span class='ocrx_word' id='word_1_295' title='bbox 880 1457 926 1484; x_wconf 74' lang='grc' dir='ltr'>τὸν</span> <span class='ocrx_word' id='word_1_296' title='bbox 939 1472 961 1502; x_wconf 78' lang='lat' dir='ltr'><strong>c</strong></span> 
     </span>
    </p>
   </div>
   <div class='ocr_carea' id='block_1_42' title="bbox 183 1505 927 1543">
    <p class='ocr_par' dir='ltr' id='par_1_42' title="bbox 183 1505 927 1543">
     <span class='ocr_line' id='line_1_42' title="bbox 183 1505 927 1543; baseline -0.007 -8"><span class='ocrx_word' id='word_1_297' title='bbox 183 1518 192 1535; x_wconf 76' lang='grc' dir='ltr'><strong>ι</strong></span> <span class='ocrx_word' id='word_1_298' title='bbox 209 1508 299 1535; x_wconf 69' lang='grc' dir='ltr'>εἰδότα</span> <span class='ocrx_word' id='word_1_299' title='bbox 318 1508 402 1534; x_wconf 79' lang='grc' dir='ltr'>αὑτὸν</span> <span class='ocrx_word' id='word_1_300' title='bbox 416 1507 575 1543; x_wconf 79' lang='grc' dir='ltr'>καταφύγῃ,</span> <span class='ocrx_word' id='word_1_301' title='bbox 601 1506 770 1541; x_wconf 80' lang='grc' dir='ltr'>γινώσκοντα</span> <span class='ocrx_word' id='word_1_302' title='bbox 795 1505 927 1531; x_wconf 75' lang='grc' dir='ltr'>ἀποκεκι-</span> 
     </span>
    </p>
   </div>
   <div class='ocr_carea' id='block_1_43' title="bbox 183 1549 926 1590">
    <p class='ocr_par' dir='ltr' id='par_1_43' title="bbox 183 1549 926 1590">
     <span class='ocr_line' id='line_1_43' title="bbox 183 1549 926 1590; baseline -0.008 -9"><span class='ocrx_word' id='word_1_303' title='bbox 183 1564 192 1581; x_wconf 79' lang='lat' dir='ltr'><strong>t</strong></span> <span class='ocrx_word' id='word_1_304' title='bbox 212 1554 311 1590; x_wconf 85' lang='grc' dir='ltr'>νῆσθαι</span> <span class='ocrx_word' id='word_1_305' title='bbox 344 1554 425 1581; x_wconf 77' lang='grc' dir='ltr'>αὐτὸν</span> <span class='ocrx_word' id='word_1_306' title='bbox 453 1555 503 1588; x_wconf 85' lang='grc' dir='ltr'><strong>τῆς</strong></span> <span class='ocrx_word' id='word_1_307' title='bbox 524 1553 669 1584; x_wconf 76' lang='grc' dir='ltr'>κοινωνίας</span> <span class='ocrx_word' id='word_1_308' title='bbox 694 1551 770 1587; x_wconf 83' lang='grc' dir='ltr'>παρὰ</span> <span class='ocrx_word' id='word_1_309' title='bbox 788 1550 835 1577; x_wconf 86' lang='grc' dir='ltr'>τοῦ</span> <span class='ocrx_word' id='word_1_310' title='bbox 860 1549 926 1576; x_wconf 88' lang='grc' dir='ltr'>ίδίου</span> 
     </span>
    </p>
   </div>
   <div class='ocr_carea' id='block_1_44' title="bbox 186 1595 928 1635">
    <p class='ocr_par' dir='ltr' id='par_1_44' title="bbox 186 1595 928 1635">
     <span class='ocr_line' id='line_1_44' title="bbox 186 1595 928 1635; baseline -0.008 -8"><span class='ocrx_word' id='word_1_311' title='bbox 186 1610 195 1627; x_wconf 83' lang='lat' dir='ltr'><strong>t</strong></span> <span class='ocrx_word' id='word_1_312' title='bbox 212 1600 377 1633; x_wconf 82' lang='grc' dir='ltr'>ἐπισκόπου,</span> <span class='ocrx_word' id='word_1_313' title='bbox 391 1599 428 1635; x_wconf 85' lang='grc' dir='ltr'>μὴ</span> <span class='ocrx_word' id='word_1_314' title='bbox 441 1599 542 1635; x_wconf 80' lang='grc' dir='ltr'>χρῆναι</span> <span class='ocrx_word' id='word_1_315' title='bbox 552 1599 592 1634; x_wconf 78' lang='grc' dir='ltr'>τῷ</span> <span class='ocrx_word' id='word_1_316' title='bbox 605 1599 747 1633; x_wconf 78' lang='grc' dir='ltr'>ἐπισκόπῳ</span> <span class='ocrx_word' id='word_1_317' title='bbox 760 1596 807 1624; x_wconf 79' lang='grc' dir='ltr'>καὶ</span> <span class='ocrx_word' id='word_1_318' title='bbox 820 1595 928 1630; x_wconf 82' lang='grc' dir='ltr'>ἀδελφῷ</span> 
     </span>
    </p>
   </div>
   <div class='ocr_carea' id='block_1_45' title="bbox 187 1640 927 1682">
    <p class='ocr_par' dir='ltr' id='par_1_45' title="bbox 187 1640 927 1682">
     <span class='ocr_line' id='line_1_45' title="bbox 187 1640 927 1682; baseline -0.008 -10"><span class='ocrx_word' id='word_1_319' title='bbox 187 1656 196 1672; x_wconf 79' lang='grc' dir='ltr'><strong>ι</strong></span> <span class='ocrx_word' id='word_1_320' title='bbox 214 1646 297 1674; x_wconf 77' lang='grc' dir='ltr'>αὑτοῦ</span> <span class='ocrx_word' id='word_1_321' title='bbox 315 1646 393 1682; x_wconf 74' lang='grc' dir='ltr'>ὓϐριν</span> <span class='ocrx_word' id='word_1_322' title='bbox 403 1645 533 1672; x_wconf 80' lang='grc' dir='ltr'>ποιοῦντα</span> <span class='ocrx_word' id='word_1_323' title='bbox 546 1645 677 1680; x_wconf 81' lang='grc' dir='ltr'>παρέχειν</span> <span class='ocrx_word' id='word_1_324' title='bbox 685 1643 759 1678; x_wconf 79' lang='grc' dir='ltr'><strong>αὐτῷ</strong></span> <span class='ocrx_word' id='word_1_325' title='bbox 773 1640 927 1669; x_wconf 84' lang='grc' dir='ltr'>κοινωνίαν.</span> 
     </span>
    </p>
   </div>
   <div class='ocr_carea' id='block_1_46' title="bbox 182 1689 929 1727">
    <p class='ocr_par' dir='ltr' id='par_1_46' title="bbox 182 1689 929 1727">
     <span class='ocr_line' id='line_1_46' title="bbox 182 1689 929 1727; baseline -0.008 -8"><span class='ocrx_word' id='word_1_326' title='bbox 182 1702 191 1719; x_wconf 78' lang='grc' dir='ltr'><strong>ι</strong></span> <span class='ocrx_word' id='word_1_327' title='bbox 211 1693 242 1720; x_wconf 82' lang='lat' dir='ltr'><strong>El.</strong></span> <span class='ocrx_word' id='word_1_328' title='bbox 255 1692 284 1719; x_wconf 81' lang='grc' dir='ltr'><strong>δέ</strong></span> <span class='ocrx_word' id='word_1_329' title='bbox 300 1692 433 1727; x_wconf 75' lang='grc' dir='ltr'>τολμήσαι</span> <span class='ocrx_word' id='word_1_330' title='bbox 448 1691 529 1718; x_wconf 83' lang='grc' dir='ltr'>τοῦτο</span> <span class='ocrx_word' id='word_1_331' title='bbox 553 1691 676 1727; x_wconf 79' lang='grc' dir='ltr'>ποιῆσαι,</span> <span class='ocrx_word' id='word_1_332' title='bbox 691 1689 850 1724; x_wconf 74' lang='grc' dir='ltr'>γινωσκέτω</span> <span class='ocrx_word' id='word_1_333' title='bbox 865 1695 929 1714; x_wconf 85' lang='grc' dir='ltr'>συν-</span> 
     </span>
    </p>
   </div>
   <div class='ocr_carea' id='block_1_47' title="bbox 181 1732 928 1772">
    <p class='ocr_par' dir='ltr' id='par_1_47' title="bbox 181 1732 928 1772">
     <span class='ocr_line' id='line_1_47' title="bbox 181 1732 928 1772; baseline -0.007 -8"><span class='ocrx_word' id='word_1_334' title='bbox 181 1748 190 1764; x_wconf 81' lang='lat' dir='ltr'><strong>t</strong></span> <span class='ocrx_word' id='word_1_335' title='bbox 210 1738 342 1765; x_wconf 80' lang='grc' dir='ltr'>ελθόντων</span> <span class='ocrx_word' id='word_1_336' title='bbox 356 1737 513 1764; x_wconf 79' lang='grc' dir='ltr'>ἐπισκόπων</span> <span class='ocrx_word' id='word_1_337' title='bbox 527 1736 659 1772; x_wconf 76' lang='grc' dir='ltr'>ἀπολογίᾳ</span> <span class='ocrx_word' id='word_1_338' title='bbox 670 1735 766 1762; x_wconf 80' lang='grc' dir='ltr'>ἑαυτὸν</span> <span class='ocrx_word' id='word_1_339' title='bbox 775 1732 928 1760; x_wconf 86' lang='grc' dir='ltr'>ὑπεύθυνον</span> 
     </span>
    </p>
   </div>
   <div class='ocr_carea' id='block_1_48' title="bbox 183 1782 412 1809">
    <p class='ocr_par' dir='ltr' id='par_1_48' title="bbox 183 1782 412 1809">
     <span class='ocr_line' id='line_1_48' title="bbox 183 1782 412 1809; baseline -0.004 0"><span class='ocrx_word' id='word_1_340' title='bbox 183 1793 192 1809; x_wconf 77' lang='grc' dir='ltr'><strong>ι</strong></span> <span class='ocrx_word' id='word_1_341' title='bbox 210 1782 380 1809; x_wconf 82' lang='grc' dir='ltr'>καθεστάναι.</span> <span class='ocrx_word' id='word_1_342' title='bbox 402 1791 412 1808; x_wconf 84' lang='grc'><strong>»</strong></span> 
     </span>
    </p>
   </div>
   <div class='ocr_carea' id='block_1_49' title="bbox 180 1824 928 1862">
    <p class='ocr_par' dir='ltr' id='par_1_49' title="bbox 180 1824 928 1862">
     <span class='ocr_line' id='line_1_49' title="bbox 180 1824 928 1862; baseline -0.008 -6"><span class='ocrx_word' id='word_1_343' title='bbox 180 1829 279 1856; x_wconf 76' lang='grc' dir='ltr'><strong>ΒΔΛΣ.</strong></span> <span class='ocrx_word' id='word_1_344' title='bbox 296 1827 447 1862; x_wconf 77' lang='grc' dir='ltr'>Ἀνάγνωθι</span> <span class='ocrx_word' id='word_1_345' title='bbox 461 1827 507 1853; x_wconf 87' lang='grc' dir='ltr'><strong>τδν</strong></span> <span class='ocrx_word' id='word_1_346' title='bbox 530 1826 574 1862; x_wconf 86' lang='grc' dir='ltr'>ιβ’,</span> <span class='ocrx_word' id='word_1_347' title='bbox 601 1826 643 1857; x_wconf 83' lang='grc' dir='ltr'>ιδ’,</span> <span class='ocrx_word' id='word_1_348' title='bbox 660 1825 699 1861; x_wconf 73' lang='grc' dir='ltr'><strong>λβ¹</strong></span> <span class='ocrx_word' id='word_1_349' title='bbox 711 1825 759 1853; x_wconf 83' lang='grc' dir='ltr'>καὶ</span> <span class='ocrx_word' id='word_1_350' title='bbox 770 1825 812 1859; x_wconf 81' lang='grc' dir='ltr'>λγ’</span> <span class='ocrx_word' id='word_1_351' title='bbox 827 1824 928 1852; x_wconf 82' lang='grc' dir='ltr'>κανόνα</span> 
     </span>
    </p>
   </div>
   <div class='ocr_carea' id='block_1_50' title="bbox 145 1869 929 1908">
    <p class='ocr_par' dir='ltr' id='par_1_50' title="bbox 145 1869 929 1908">
     <span class='ocr_line' id='line_1_50' title="bbox 145 1869 929 1908; baseline -0.006 -7"><span class='ocrx_word' id='word_1_352' title='bbox 145 1875 200 1902; x_wconf 80' lang='grc' dir='ltr'>τῶν</span> <span class='ocrx_word' id='word_1_353' title='bbox 213 1875 298 1908; x_wconf 83' lang='grc' dir='ltr'>ἁγίων</span> <span class='ocrx_word' id='word_1_354' title='bbox 308 1873 476 1905; x_wconf 75' lang='grc' dir='ltr'>ἀποστόλων,</span> <span class='ocrx_word' id='word_1_355' title='bbox 492 1872 541 1898; x_wconf 79' lang='grc' dir='ltr'>καὶ</span> <span class='ocrx_word' id='word_1_356' title='bbox 560 1873 609 1906; x_wconf 86' lang='grc' dir='ltr'>τῆς</span> <span class='ocrx_word' id='word_1_357' title='bbox 628 1873 656 1898; x_wconf 89' lang='grc' dir='ltr'><strong>ἐν</strong></span> <span class='ocrx_word' id='word_1_358' title='bbox 683 1869 835 1906; x_wconf 69' lang='grc' dir='ltr'>Ἀντιοχείᾳ</span> <span class='ocrx_word' id='word_1_359' title='bbox 850 1870 929 1896; x_wconf 87' lang='grc' dir='ltr'>συνό-</span> 
     </span>
    </p>
   </div>
   <div class='ocr_carea' id='block_1_51' title="bbox 144 1918 630 1953">
    <p class='ocr_par' dir='ltr' id='par_1_51' title="bbox 144 1918 630 1953">
     <span class='ocr_line' id='line_1_51' title="bbox 144 1918 630 1953; baseline -0.01 -5"><span class='ocrx_word' id='word_1_360' title='bbox 144 1922 190 1948; x_wconf 69' lang='grc' dir='ltr'><strong>δου</strong></span> <span class='ocrx_word' id='word_1_361' title='bbox 202 1920 302 1947; x_wconf 84' lang='grc' dir='ltr'>κανόνα</span> <span class='ocrx_word' id='word_1_362' title='bbox 313 1918 351 1952; x_wconf 84' lang='grc' dir='ltr'>ς’,</span> <span class='ocrx_word' id='word_1_363' title='bbox 363 1919 397 1946; x_wconf 84' lang='grc' dir='ltr'><strong>τὰ</strong></span> <span class='ocrx_word' id='word_1_364' title='bbox 408 1918 479 1945; x_wconf 79' lang='grc' dir='ltr'>αὐτὰ</span> <span class='ocrx_word' id='word_1_365' title='bbox 490 1918 630 1953; x_wconf 87' lang='grc' dir='ltr'>λέγοντας.</span> 
     </span>
    </p>
   </div>
   <div class='ocr_carea' id='block_1_52' title="bbox 181 1962 928 1994">
    <p class='ocr_par' dir='ltr' id='par_1_52' title="bbox 181 1962 928 1994">
     <span class='ocr_line' id='line_1_52' title="bbox 181 1962 928 1994; baseline -0.007 -1"><span class='ocrx_word' id='word_1_366' title='bbox 181 1967 303 1994; x_wconf 79' lang='grc' dir='ltr'><strong>ΖΩΝΛΡ.</strong></span> <span class='ocrx_word' id='word_1_367' title='bbox 332 1965 417 1992; x_wconf 87' lang='grc' dir='ltr'>Τοῦτο</span> <span class='ocrx_word' id='word_1_368' title='bbox 454 1965 502 1991; x_wconf 80' lang='grc' dir='ltr'>καὶ</span> <span class='ocrx_word' id='word_1_369' title='bbox 530 1963 709 1992; x_wconf 80' lang='grc' dir='ltr'>ἀποστολικοὶ</span> <span class='ocrx_word' id='word_1_370' title='bbox 738 1963 851 1994; x_wconf 84' lang='grc' dir='ltr'>κανόνες</span> <span class='ocrx_word' id='word_1_371' title='bbox 880 1962 928 1989; x_wconf 77' lang='grc' dir='ltr'>καὶ</span> 
     </span>
    </p>
   </div>
   <div class='ocr_carea' id='block_1_53' title="bbox 147 2007 927 2044">
    <p class='ocr_par' dir='ltr' id='par_1_53' title="bbox 147 2007 927 2044">
     <span class='ocr_line' id='line_1_53' title="bbox 147 2007 927 2044; baseline -0.008 -5"><span class='ocrx_word' id='word_1_372' title='bbox 147 2014 282 2040; x_wconf 70' lang='grc' dir='ltr'>συνοδικοὶ</span> <span class='ocrx_word' id='word_1_373' title='bbox 296 2011 391 2038; x_wconf 78' lang='grc' dir='ltr'>πολλοὶ</span> <span class='ocrx_word' id='word_1_374' title='bbox 407 2010 578 2043; x_wconf 78' lang='grc' dir='ltr'>διετάξαντο.</span> <span class='ocrx_word' id='word_1_375' title='bbox 596 2009 662 2038; x_wconf 77' lang='grc' dir='ltr'><strong>Ὅτε</strong></span> <span class='ocrx_word' id='word_1_376' title='bbox 684 2009 740 2044; x_wconf 77' lang='grc' dir='ltr'>γὰρ</span> <span class='ocrx_word' id='word_1_377' title='bbox 753 2007 794 2044; x_wconf 83' lang='grc' dir='ltr'><strong>λβ¹</strong></span> <span class='ocrx_word' id='word_1_378' title='bbox 805 2008 877 2035; x_wconf 84' lang='grc' dir='ltr'>καὶό</span> <span class='ocrx_word' id='word_1_379' title='bbox 887 2007 927 2041; x_wconf 85' lang='grc' dir='ltr'>λγ⁴</span> 
     </span>
    </p>
   </div>
   <div class='ocr_carea' id='block_1_54' title="bbox 145 2053 929 2092">
    <p class='ocr_par' dir='ltr' id='par_1_54' title="bbox 145 2053 929 2092">
     <span class='ocr_line' id='line_1_54' title="bbox 145 2053 929 2092; baseline -0.008 -6"><span class='ocrx_word' id='word_1_380' title='bbox 145 2059 200 2086; x_wconf 82' lang='grc' dir='ltr'>τῶν</span> <span class='ocrx_word' id='word_1_381' title='bbox 220 2059 308 2092; x_wconf 80' lang='grc' dir='ltr'>ἁγίων</span> <span class='ocrx_word' id='word_1_382' title='bbox 319 2056 480 2084; x_wconf 84' lang='grc' dir='ltr'>ἀποστόλων</span> <span class='ocrx_word' id='word_1_383' title='bbox 493 2054 594 2088; x_wconf 85' lang='grc' dir='ltr'>κανὼν,</span> <span class='ocrx_word' id='word_1_384' title='bbox 607 2056 656 2082; x_wconf 78' lang='grc' dir='ltr'>καὶ</span> <span class='ocrx_word' id='word_1_385' title='bbox 666 2056 681 2082; x_wconf 84' lang='grc' dir='ltr'><strong>ό</strong></span> <span class='ocrx_word' id='word_1_386' title='bbox 709 2058 744 2090; x_wconf 83' lang='grc' dir='ltr'>ιγ’</span> <span class='ocrx_word' id='word_1_387' title='bbox 760 2053 810 2090; x_wconf 86' lang='grc' dir='ltr'>τῆς</span> <span class='ocrx_word' id='word_1_388' title='bbox 820 2055 849 2081; x_wconf 81' lang='grc' dir='ltr'><strong>ἐν</strong></span> <span class='ocrx_word' id='word_1_389' title='bbox 867 2053 929 2080; x_wconf 76' lang='grc' dir='ltr'><strong>Ἀν-</strong></span> 
     </span>
    </p>
   </div>
   <div class='ocr_carea' id='block_1_55' title="bbox 144 2101 717 2140">
    <p class='ocr_par' dir='ltr' id='par_1_55' title="bbox 144 2101 717 2140">
     <span class='ocr_line' id='line_1_55' title="bbox 144 2101 717 2140; baseline -0.005 -9"><span class='ocrx_word' id='word_1_390' title='bbox 144 2105 248 2140; x_wconf 62' lang='grc' dir='ltr'><strong>τοχείᾳ⁵</strong></span> <span class='ocrx_word' id='word_1_391' title='bbox 268 2104 377 2131; x_wconf 82' lang='grc' dir='ltr'>συνόδου</span> <span class='ocrx_word' id='word_1_392' title='bbox 388 2104 423 2130; x_wconf 81' lang='grc' dir='ltr'>τὰ</span> <span class='ocrx_word' id='word_1_393' title='bbox 432 2103 502 2130; x_wconf 81' lang='grc' dir='ltr'>αὐτὰ</span> <span class='ocrx_word' id='word_1_394' title='bbox 512 2101 717 2129; x_wconf 78' lang='grc' dir='ltr'>τεθισπίκασιν.</span> 
     </span>
    </p>
   </div>
   <div class='ocr_carea' id='block_1_56' title="bbox 975 681 1751 717">
    <p class='ocr_par' dir='ltr' id='par_1_56' title="bbox 975 681 1751 717">
     <span class='ocr_line' id='line_1_56' title="bbox 975 681 1751 717; baseline 0.006 -9"><span class='ocrx_word' id='word_1_395' title='bbox 975 681 1089 708; x_wconf 76' lang='lat' dir='ltr'><strong>AillST.</strong></span> <span class='ocrx_word' id='word_1_396' title='bbox 1108 690 1117 707; x_wconf 78' lang='grc' dir='ltr'><strong>ι</strong></span> <span class='ocrx_word' id='word_1_397' title='bbox 1138 681 1284 716; x_wconf 72' lang='lat' dir='ltr'><strong>Episcopus</strong></span> <span class='ocrx_word' id='word_1_398' title='bbox 1300 682 1346 716; x_wconf 91' lang='lat' dir='ltr'><strong>qui</strong></span> <span class='ocrx_word' id='word_1_399' title='bbox 1371 684 1556 717; x_wconf 82' lang='lat' dir='ltr'><strong>possessiones</strong></span> <span class='ocrx_word' id='word_1_400' title='bbox 1572 684 1651 712; x_wconf 89' lang='lat' dir='ltr'><strong>habet</strong></span> <span class='ocrx_word' id='word_1_401' title='bbox 1673 690 1751 713; x_wconf 78' lang='lat' dir='ltr'><strong>extra</strong></span> 
     </span>
    </p>
   </div>
   <div class='ocr_carea' id='block_1_57' title="bbox 1015 727 1758 766">
    <p class='ocr_par' dir='ltr' id='par_1_57' title="bbox 1015 727 1758 766">
     <span class='ocr_line' id='line_1_57' title="bbox 1015 727 1758 766; baseline 0.005 -12"><span class='ocrx_word' id='word_1_402' title='bbox 1015 727 1155 755; x_wconf 70' lang='lat' dir='ltr'><strong>(dioecesis</strong></span> <span class='ocrx_word' id='word_1_403' title='bbox 1175 735 1230 754; x_wconf 65' lang='lat' dir='ltr'><strong>suae</strong></span> <span class='ocrx_word' id='word_1_404' title='bbox 1242 727 1375 760; x_wconf 85' lang='lat' dir='ltr'><strong>limites,si</strong></span> <span class='ocrx_word' id='word_1_405' title='bbox 1391 735 1437 756; x_wconf 84' lang='lat' dir='ltr'><strong>eas</strong></span> <span class='ocrx_word' id='word_1_406' title='bbox 1450 729 1487 756; x_wconf 87' lang='lat' dir='ltr'><strong>sit</strong></span> <span class='ocrx_word' id='word_1_407' title='bbox 1499 729 1643 764; x_wconf 89' lang='lat' dir='ltr'><strong>lnvisurus,</strong></span> <span class='ocrx_word' id='word_1_408' title='bbox 1651 739 1684 757; x_wconf 91' lang='lat' dir='ltr'><strong>ne</strong></span> <span class='ocrx_word' id='word_1_409' title='bbox 1696 732 1758 766; x_wconf 77' lang='lat' dir='ltr'><strong>plus</strong></span> 
     </span>
    </p>
   </div>
   <div class='ocr_carea' id='block_1_58' title="bbox 1014 773 1756 810">
    <p class='ocr_par' dir='ltr' id='par_1_58' title="bbox 1014 773 1756 810">
     <span class='ocr_line' id='line_1_58' title="bbox 1014 773 1756 810; baseline 0.004 -10"><span class='ocrx_word' id='word_1_410' title='bbox 1014 783 1024 800; x_wconf 75' lang='grc' dir='ltr'><strong>ι</strong></span> <span class='ocrx_word' id='word_1_411' title='bbox 1040 781 1121 808; x_wconf 90' lang='lat' dir='ltr'><strong>quam</strong></span> <span class='ocrx_word' id='word_1_412' title='bbox 1137 773 1429 802; x_wconf 87' lang='lat' dir='ltr'><strong>trianominicarum</strong></span> <span class='ocrx_word' id='word_1_413' title='bbox 1457 776 1546 810; x_wconf 87' lang='lat' dir='ltr'><strong>spatio</strong></span> <span class='ocrx_word' id='word_1_414' title='bbox 1575 776 1610 803; x_wconf 89' lang='lat' dir='ltr'><strong>ibi</strong></span> <span class='ocrx_word' id='word_1_415' title='bbox 1637 781 1756 804; x_wconf 73' lang='lat' dir='ltr'><strong>maneat.</strong></span> 
     </span>
    </p>
   </div>
   <div class='ocr_carea' id='block_1_59' title="bbox 1013 819 1756 857">
    <p class='ocr_par' dir='ltr' id='par_1_59' title="bbox 1013 819 1756 857">
     <span class='ocr_line' id='line_1_59' title="bbox 1013 819 1756 857; baseline 0.007 -11"><span class='ocrx_word' id='word_1_416' title='bbox 1013 829 1023 846; x_wconf 78' lang='grc' dir='ltr'><strong>ι</strong></span> <span class='ocrx_word' id='word_1_417' title='bbox 1042 820 1087 847; x_wconf 91' lang='lat' dir='ltr'><strong>Sic</strong></span> <span class='ocrx_word' id='word_1_418' title='bbox 1100 819 1172 847; x_wconf 87' lang='lat' dir='ltr'><strong>enim</strong></span> <span class='ocrx_word' id='word_1_419' title='bbox 1190 819 1272 854; x_wconf 88' lang='lat' dir='ltr'><strong>ipsius</strong></span> <span class='ocrx_word' id='word_1_420' title='bbox 1284 827 1349 855; x_wconf 74' lang='lat' dir='ltr'><strong>grex</strong></span> <span class='ocrx_word' id='word_1_421' title='bbox 1367 828 1400 848; x_wconf 91' lang='lat' dir='ltr'><strong>eo</strong></span> <span class='ocrx_word' id='word_1_422' title='bbox 1411 821 1526 854; x_wconf 86' lang='lat' dir='ltr'><strong>fruetur,</strong></span> <span class='ocrx_word' id='word_1_423' title='bbox 1541 821 1652 857; x_wconf 89' lang='lat' dir='ltr'><strong>ipseque</strong></span> <span class='ocrx_word' id='word_1_424' title='bbox 1668 822 1756 852; x_wconf 72' lang='lat' dir='ltr'><strong>fastus</strong></span> 
     </span>
    </p>
   </div>
   <div class='ocr_carea' id='block_1_60' title="bbox 1015 864 1526 899">
    <p class='ocr_par' dir='ltr' id='par_1_60' title="bbox 1015 864 1526 899">
     <span class='ocr_line' id='line_1_60' title="bbox 1015 864 1526 899; baseline 0.006 -10"><span class='ocrx_word' id='word_1_425' title='bbox 1015 873 1024 889; x_wconf 86' lang='grc' dir='ltr'><strong>ι</strong></span> <span class='ocrx_word' id='word_1_426' title='bbox 1039 864 1191 899; x_wconf 85' lang='lat' dir='ltr'><strong>suspicione</strong></span> <span class='ocrx_word' id='word_1_427' title='bbox 1203 866 1314 892; x_wconf 83' lang='lat' dir='ltr'><strong>carebit.</strong></span> <span class='ocrx_word' id='word_1_428' title='bbox 1333 875 1342 891; x_wconf 76' lang='grc' dir='ltr'><strong>ι</strong></span> <span class='ocrx_word' id='word_1_429' title='bbox 1523 868 1526 869; x_wconf 67' lang='grc'><strong><em>⁷</em></strong></span> 
     </span>
    </p>
   </div>
   <div class='ocr_carea' id='block_1_61' title="bbox 1011 909 1798 949">
    <p class='ocr_par' dir='ltr' id='par_1_61' title="bbox 1011 909 1798 949">
     <span class='ocr_line' id='line_1_61' title="bbox 1011 909 1798 949; baseline 0.008 -13"><span class='ocrx_word' id='word_1_430' title='bbox 1011 909 1039 936; x_wconf 87' lang='lat' dir='ltr'><strong>Si</strong></span> <span class='ocrx_word' id='word_1_431' title='bbox 1050 910 1096 944; x_wconf 89' lang='lat' dir='ltr'><strong>qui</strong></span> <span class='ocrx_word' id='word_1_432' title='bbox 1109 910 1298 945; x_wconf 82' lang='lat' dir='ltr'><strong>episcoporum</strong></span> <span class='ocrx_word' id='word_1_433' title='bbox 1325 913 1511 946; x_wconf 86' lang='lat' dir='ltr'><strong>possessiones</strong></span> <span class='ocrx_word' id='word_1_434' title='bbox 1529 914 1555 941; x_wconf 91' lang='lat' dir='ltr'><strong>in</strong></span> <span class='ocrx_word' id='word_1_435' title='bbox 1583 914 1677 942; x_wconf 83' lang='lat' dir='ltr'><strong>alienis</strong></span> <span class='ocrx_word' id='word_1_436' title='bbox 1697 910 1756 949; x_wconf 76' lang='lat' dir='ltr'><strong>cpi-</strong></span> <span class='ocrx_word' id='word_1_437' title='bbox 1795 922 1798 923; x_wconf 71' lang='lat'><strong><em>&#39;</em></strong></span> 
     </span>
    </p>
   </div>
   <div class='ocr_carea' id='block_1_62' title="bbox 974 956 1756 992">
    <p class='ocr_par' dir='ltr' id='par_1_62' title="bbox 974 956 1756 992">
     <span class='ocr_line' id='line_1_62' title="bbox 974 956 1756 992; baseline 0.008 -10"><span class='ocrx_word' id='word_1_438' title='bbox 974 956 1130 990; x_wconf 81' lang='lat' dir='ltr'><strong>scopatibus</strong></span> <span class='ocrx_word' id='word_1_439' title='bbox 1142 957 1243 990; x_wconf 84' lang='lat' dir='ltr'><strong>positas</strong></span> <span class='ocrx_word' id='word_1_440' title='bbox 1262 958 1464 991; x_wconf 83' lang='lat' dir='ltr'><strong>habeant,illuc</strong></span> <span class='ocrx_word' id='word_1_441' title='bbox 1485 960 1568 992; x_wconf 86' lang='lat' dir='ltr'><strong>adire,</strong></span> <span class='ocrx_word' id='word_1_442' title='bbox 1586 966 1615 986; x_wconf 91' lang='lat' dir='ltr'><strong>ut</strong></span> <span class='ocrx_word' id='word_1_443' title='bbox 1635 967 1681 987; x_wconf 88' lang='lat' dir='ltr'><strong>eas</strong></span> <span class='ocrx_word' id='word_1_444' title='bbox 1706 961 1756 988; x_wconf 90' lang='lat' dir='ltr'><strong>ob-</strong></span> 
     </span>
    </p>
   </div>
   <div class='ocr_carea' id='block_1_63' title="bbox 973 1000 1753 1038">
    <p class='ocr_par' dir='ltr' id='par_1_63' title="bbox 973 1000 1753 1038">
     <span class='ocr_line' id='line_1_63' title="bbox 973 1000 1753 1038; baseline 0.009 -12"><span class='ocrx_word' id='word_1_445' title='bbox 973 1004 1081 1027; x_wconf 85' lang='lat' dir='ltr'><strong>servent</strong></span> <span class='ocrx_word' id='word_1_446' title='bbox 1095 1005 1122 1026; x_wconf 88' lang='lat' dir='ltr'><strong>et</strong></span> <span class='ocrx_word' id='word_1_447' title='bbox 1142 1000 1246 1028; x_wconf 88' lang='lat' dir='ltr'><strong>fructus</strong></span> <span class='ocrx_word' id='word_1_448' title='bbox 1261 1002 1398 1036; x_wconf 81' lang='lat' dir='ltr'><strong>colligant,</strong></span> <span class='ocrx_word' id='word_1_449' title='bbox 1421 1011 1474 1030; x_wconf 87' lang='lat' dir='ltr'><strong>non</strong></span> <span class='ocrx_word' id='word_1_450' title='bbox 1489 1004 1681 1038; x_wconf 90' lang='lat' dir='ltr'><strong>prohibentur.</strong></span> <span class='ocrx_word' id='word_1_451' title='bbox 1698 1005 1753 1034; x_wconf 86' lang='lat' dir='ltr'><strong>Sed</strong></span> 
     </span>
    </p>
   </div>
   <div class='ocr_carea' id='block_1_64' title="bbox 974 1045 1756 1084">
    <p class='ocr_par' dir='ltr' id='par_1_64' title="bbox 974 1045 1756 1084">
     <span class='ocr_line' id='line_1_64' title="bbox 974 1045 1756 1084; baseline 0.008 -12"><span class='ocrx_word' id='word_1_452' title='bbox 974 1050 1002 1072; x_wconf 89' lang='lat' dir='ltr'><strong>ct</strong></span> <span class='ocrx_word' id='word_1_453' title='bbox 1016 1045 1044 1072; x_wconf 86' lang='lat' dir='ltr'><strong>hi</strong></span> <span class='ocrx_word' id='word_1_454' title='bbox 1057 1045 1198 1081; x_wconf 84' lang='lat' dir='ltr'><strong>plusquam</strong></span> <span class='ocrx_word' id='word_1_455' title='bbox 1215 1051 1270 1074; x_wconf 86' lang='lat' dir='ltr'><strong>tres</strong></span> <span class='ocrx_word' id='word_1_456' title='bbox 1289 1048 1471 1076; x_wconf 84' lang='lat' dir='ltr'><strong>liebdomadcs</strong></span> <span class='ocrx_word' id='word_1_457' title='bbox 1487 1049 1514 1076; x_wconf 96' lang='lat' dir='ltr'><strong>ln</strong></span> <span class='ocrx_word' id='word_1_458' title='bbox 1525 1050 1623 1078; x_wconf 80' lang='lat' dir='ltr'><strong>alienis</strong></span> <span class='ocrx_word' id='word_1_459' title='bbox 1648 1051 1756 1084; x_wconf 84' lang='lat' dir='ltr'><strong>cpisco-</strong></span> 
     </span>
    </p>
   </div>
   <div class='ocr_carea' id='block_1_65' title="bbox 975 1091 1754 1128">
    <p class='ocr_par' dir='ltr' id='par_1_65' title="bbox 975 1091 1754 1128">
     <span class='ocr_line' id='line_1_65' title="bbox 975 1091 1754 1128; baseline 0.009 -11"><span class='ocrx_word' id='word_1_460' title='bbox 975 1091 1083 1125; x_wconf 87' lang='lat' dir='ltr'><strong>patibus</strong></span> <span class='ocrx_word' id='word_1_461' title='bbox 1108 1092 1246 1120; x_wconf 87' lang='lat' dir='ltr'><strong>immorari</strong></span> <span class='ocrx_word' id='word_1_462' title='bbox 1277 1101 1329 1120; x_wconf 88' lang='lat' dir='ltr'><strong>non</strong></span> <span class='ocrx_word' id='word_1_463' title='bbox 1356 1095 1558 1128; x_wconf 90' lang='lat' dir='ltr'><strong>permittunlur.</strong></span> <span class='ocrx_word' id='word_1_464' title='bbox 1574 1095 1607 1123; x_wconf 89' lang='lat' dir='ltr'><strong>Ut</strong></span> <span class='ocrx_word' id='word_1_465' title='bbox 1632 1104 1682 1124; x_wconf 92' lang='lat' dir='ltr'><strong>nec</strong></span> <span class='ocrx_word' id='word_1_466' title='bbox 1699 1105 1754 1124; x_wconf 72' lang='lat' dir='ltr'><strong>suos</strong></span> 
     </span>
    </p>
   </div>
   <div class='ocr_carea' id='block_1_66' title="bbox 975 1138 1771 1176">
    <p class='ocr_par' dir='ltr' id='par_1_66' title="bbox 975 1138 1771 1176">
     <span class='ocr_line' id='line_1_66' title="bbox 975 1138 1771 1176; baseline 0.006 -11"><span class='ocrx_word' id='word_1_467' title='bbox 975 1138 1096 1165; x_wconf 82' lang='lat' dir='ltr'><strong>ecclesiae</strong></span> <span class='ocrx_word' id='word_1_468' title='bbox 1108 1139 1214 1172; x_wconf 82' lang='lat' dir='ltr'><strong>negotia</strong></span> <span class='ocrx_word' id='word_1_469' title='bbox 1229 1146 1277 1174; x_wconf 90' lang='lat' dir='ltr'><strong>per</strong></span> <span class='ocrx_word' id='word_1_470' title='bbox 1303 1139 1453 1167; x_wconf 81' lang='lat' dir='ltr'><strong>absentiam</strong></span> <span class='ocrx_word' id='word_1_471' title='bbox 1468 1140 1545 1176; x_wconf 78' lang='lat'><strong>501</strong></span> <span class='ocrx_word' id='word_1_472' title='bbox 1563 1149 1655 1169; x_wconf 83' lang='lat' dir='ltr'><strong>eorum</strong></span> <span class='ocrx_word' id='word_1_473' title='bbox 1680 1144 1771 1170; x_wconf 84' lang='lat' dir='ltr'><strong>dam-‘</strong></span> 
     </span>
    </p>
   </div>
   <div class='ocr_carea' id='block_1_67' title="bbox 977 1184 1758 1220">
    <p class='ocr_par' dir='ltr' id='par_1_67' title="bbox 977 1184 1758 1220">
     <span class='ocr_line' id='line_1_67' title="bbox 977 1184 1758 1220; baseline 0.009 -11"><span class='ocrx_word' id='word_1_474' title='bbox 977 1191 1039 1209; x_wconf 89' lang='lat' dir='ltr'><strong>num</strong></span> <span class='ocrx_word' id='word_1_475' title='bbox 1057 1184 1204 1218; x_wconf 78' lang='lat' dir='ltr'><strong>patiantur,</strong></span> <span class='ocrx_word' id='word_1_476' title='bbox 1235 1192 1284 1211; x_wconf 88' lang='lat' dir='ltr'><strong>nec</strong></span> <span class='ocrx_word' id='word_1_477' title='bbox 1305 1185 1439 1220; x_wconf 75' lang='lat' dir='ltr'><strong>superbius</strong></span> <span class='ocrx_word' id='word_1_478' title='bbox 1459 1191 1487 1213; x_wconf 86' lang='lat' dir='ltr'><strong>et</strong></span> <span class='ocrx_word' id='word_1_479' title='bbox 1511 1189 1698 1216; x_wconf 69' lang='lat' dir='ltr'><strong>ostentationis</strong></span> <span class='ocrx_word' id='word_1_480' title='bbox 1711 1197 1758 1216; x_wconf 80' lang='lat' dir='ltr'><strong>ac-</strong></span> 
     </span>
    </p>
   </div>
   <div class='ocr_carea' id='block_1_68' title="bbox 976 1229 1753 1268">
    <p class='ocr_par' dir='ltr' id='par_1_68' title="bbox 976 1229 1753 1268">
     <span class='ocr_line' id='line_1_68' title="bbox 976 1229 1753 1268; baseline 0.008 -13"><span class='ocrx_word' id='word_1_481' title='bbox 976 1229 1146 1257; x_wconf 87' lang='lat' dir='ltr'><strong>cusationem</strong></span> <span class='ocrx_word' id='word_1_482' title='bbox 1163 1230 1214 1257; x_wconf 89' lang='lat' dir='ltr'><strong>sibi</strong></span> <span class='ocrx_word' id='word_1_483' title='bbox 1225 1230 1346 1265; x_wconf 75' lang='lat' dir='ltr'><strong>alligant,</strong></span> <span class='ocrx_word' id='word_1_484' title='bbox 1362 1238 1395 1258; x_wconf 93' lang='lat' dir='ltr'><strong>eo</strong></span> <span class='ocrx_word' id='word_1_485' title='bbox 1409 1232 1480 1266; x_wconf 87' lang='lat' dir='ltr'><strong>qttod</strong></span> <span class='ocrx_word' id='word_1_486' title='bbox 1491 1232 1552 1266; x_wconf 89' lang='lat' dir='ltr'><strong>plus</strong></span> <span class='ocrx_word' id='word_1_487' title='bbox 1575 1234 1704 1268; x_wconf 84' lang='lat' dir='ltr'><strong>temporis</strong></span> <span class='ocrx_word' id='word_1_488' title='bbox 1726 1235 1753 1261; x_wconf 89' lang='lat' dir='ltr'><strong>in</strong></span> 
     </span>
    </p>
   </div>
   <div class='ocr_carea' id='block_1_69' title="bbox 976 1274 1366 1304">
    <p class='ocr_par' dir='ltr' id='par_1_69' title="bbox 976 1274 1366 1304">
     <span class='ocr_line' id='line_1_69' title="bbox 976 1274 1366 1304; baseline 0.003 -2"><span class='ocrx_word' id='word_1_489' title='bbox 976 1274 1064 1302; x_wconf 87' lang='lat' dir='ltr'><strong>aliena</strong></span> <span class='ocrx_word' id='word_1_490' title='bbox 1078 1275 1186 1303; x_wconf 84' lang='lat' dir='ltr'><strong>civitate</strong></span> <span class='ocrx_word' id='word_1_491' title='bbox 1197 1281 1366 1304; x_wconf 86' lang='lat' dir='ltr'><strong>consumant.</strong></span> 
     </span>
    </p>
   </div>
   <div class='ocr_carea' id='block_1_70' title="bbox 1253 1322 1477 1351">
    <p class='ocr_par' dir='ltr' id='par_1_70' title="bbox 1253 1322 1477 1351">
     <span class='ocr_line' id='line_1_70' title="bbox 1253 1322 1477 1351; baseline 0.009 -3"><span class='ocrx_word' id='word_1_492' title='bbox 1253 1322 1368 1350; x_wconf 80' lang='lat' dir='ltr'><strong>CANON</strong></span> <span class='ocrx_word' id='word_1_493' title='bbox 1406 1323 1477 1351; x_wconf 83' lang='lat' dir='ltr'><strong>Xlll.</strong></span> 
     </span>
    </p>
   </div>
   <div class='ocr_carea' id='block_1_71' title="bbox 979 1367 1756 1407">
    <p class='ocr_par' dir='ltr' id='par_1_71' title="bbox 979 1367 1756 1407">
     <span class='ocr_line' id='line_1_71' title="bbox 979 1367 1756 1407; baseline 0.008 -13"><span class='ocrx_word' id='word_1_494' title='bbox 979 1376 989 1393; x_wconf 79' lang='grc' dir='ltr'><strong>ι</strong></span> <span class='ocrx_word' id='word_1_495' title='bbox 1011 1367 1090 1395; x_wconf 88' lang='lat' dir='ltr'><strong>Osius</strong></span> <span class='ocrx_word' id='word_1_496' title='bbox 1106 1368 1248 1403; x_wconf 86' lang='lat' dir='ltr'><strong>episcOpus</strong></span> <span class='ocrx_word' id='word_1_497' title='bbox 1263 1369 1349 1397; x_wconf 71' lang='lat' dir='ltr'><strong>tlislt:</strong></span> <span class='ocrx_word' id='word_1_498' title='bbox 1369 1370 1396 1397; x_wconf 89' lang='lat' dir='ltr'><strong>Si</strong></span> <span class='ocrx_word' id='word_1_499' title='bbox 1411 1372 1471 1405; x_wconf 83' lang='lat' dir='ltr'><strong>quis</strong></span> <span class='ocrx_word' id='word_1_500' title='bbox 1486 1372 1622 1404; x_wconf 84' lang='lat' dir='ltr'><strong>diaconus,</strong></span> <span class='ocrx_word' id='word_1_501' title='bbox 1639 1373 1680 1400; x_wconf 95' lang='lat' dir='ltr'><strong>vel</strong></span> <span class='ocrx_word' id='word_1_502' title='bbox 1693 1377 1756 1407; x_wconf 78' lang='lat' dir='ltr'><strong>pre-</strong></span> 
     </span>
    </p>
   </div>
   <div class='ocr_carea' id='block_1_72' title="bbox 1015 1411 1755 1451">
    <p class='ocr_par' dir='ltr' id='par_1_72' title="bbox 1015 1411 1755 1451">
     <span class='ocr_line' id='line_1_72' title="bbox 1015 1411 1755 1451; baseline 0.008 -12"><span class='ocrx_word' id='word_1_503' title='bbox 1015 1422 1024 1439; x_wconf 84' lang='grc' dir='ltr'><strong>ι</strong></span> <span class='ocrx_word' id='word_1_504' title='bbox 1040 1414 1140 1449; x_wconf 82' lang='lat' dir='ltr'><strong>sbyter,</strong></span> <span class='ocrx_word' id='word_1_505' title='bbox 1160 1414 1200 1441; x_wconf 89' lang='lat' dir='ltr'><strong>vel</strong></span> <span class='ocrx_word' id='word_1_506' title='bbox 1215 1411 1329 1442; x_wconf 79' lang='lat' dir='ltr'><strong>clericus</strong></span> <span class='ocrx_word' id='word_1_507' title='bbox 1347 1416 1384 1442; x_wconf 89' lang='lat' dir='ltr'><strong>sit</strong></span> <span class='ocrx_word' id='word_1_508' title='bbox 1398 1418 1661 1451; x_wconf 82' lang='lat' dir='ltr'><strong>excommunicatus,</strong></span> <span class='ocrx_word' id='word_1_509' title='bbox 1679 1423 1706 1445; x_wconf 84' lang='lat' dir='ltr'><strong>et</strong></span> <span class='ocrx_word' id='word_1_510' title='bbox 1723 1418 1755 1445; x_wconf 84' lang='lat' dir='ltr'><strong>:id</strong></span> 
     </span>
    </p>
   </div>
   <div class='ocr_carea' id='block_1_73' title="bbox 1015 1461 1756 1499">
    <p class='ocr_par' dir='ltr' id='par_1_73' title="bbox 1015 1461 1756 1499">
     <span class='ocr_line' id='line_1_73' title="bbox 1015 1461 1756 1499; baseline 0.004 -12"><span class='ocrx_word' id='word_1_511' title='bbox 1015 1469 1025 1487; x_wconf 77' lang='grc' dir='ltr'><strong>ι</strong></span> <span class='ocrx_word' id='word_1_512' title='bbox 1041 1461 1123 1488; x_wconf 91' lang='lat' dir='ltr'><strong>alittm</strong></span> <span class='ocrx_word' id='word_1_513' title='bbox 1140 1461 1306 1496; x_wconf 86' lang='lat' dir='ltr'><strong>episcopum,</strong></span> <span class='ocrx_word' id='word_1_514' title='bbox 1322 1462 1363 1489; x_wconf 92' lang='lat' dir='ltr'><strong>cui</strong></span> <span class='ocrx_word' id='word_1_515' title='bbox 1378 1467 1458 1489; x_wconf 87' lang='lat' dir='ltr'><strong>notus</strong></span> <span class='ocrx_word' id='word_1_516' title='bbox 1472 1463 1517 1496; x_wconf 88' lang='lat' dir='ltr'><strong>sit,</strong></span> <span class='ocrx_word' id='word_1_517' title='bbox 1534 1463 1696 1498; x_wconf 73' lang='lat' dir='ltr'><strong>confugerit,</strong></span> <span class='ocrx_word' id='word_1_518' title='bbox 1711 1464 1756 1499; x_wconf 85' lang='lat' dir='ltr'><strong>qui</strong></span> 
     </span>
    </p>
   </div>
   <div class='ocr_carea' id='block_1_74' title="bbox 1016 1507 1758 1543">
    <p class='ocr_par' dir='ltr' id='par_1_74' title="bbox 1016 1507 1758 1543">
     <span class='ocr_line' id='line_1_74' title="bbox 1016 1507 1758 1543; baseline 0.004 -10"><span class='ocrx_word' id='word_1_519' title='bbox 1016 1515 1026 1532; x_wconf 82' lang='grc' dir='ltr'><strong>ι</strong></span> <span class='ocrx_word' id='word_1_520' title='bbox 1041 1507 1092 1534; x_wconf 80' lang='lat' dir='ltr'><strong>scit</strong></span> <span class='ocrx_word' id='word_1_521' title='bbox 1108 1513 1169 1533; x_wconf 85' lang='lat' dir='ltr'><strong>eum</strong></span> <span class='ocrx_word' id='word_1_522' title='bbox 1186 1514 1201 1534; x_wconf 89' lang='lat' dir='ltr'><strong>a</strong></span> <span class='ocrx_word' id='word_1_523' title='bbox 1220 1508 1330 1542; x_wconf 89' lang='lat' dir='ltr'><strong>proprio</strong></span> <span class='ocrx_word' id='word_1_524' title='bbox 1344 1507 1469 1543; x_wconf 84' lang='lat' dir='ltr'><strong>episcopo</strong></span> <span class='ocrx_word' id='word_1_525' title='bbox 1493 1516 1553 1536; x_wconf 79' lang='lat' dir='ltr'><strong>esse</strong></span> <span class='ocrx_word' id='word_1_526' title='bbox 1569 1510 1758 1536; x_wconf 84' lang='lat' dir='ltr'><strong>communione</strong></span> 
     </span>
    </p>
   </div>
   <div class='ocr_carea' id='block_1_75' title="bbox 1015 1554 1759 1589">
    <p class='ocr_par' dir='ltr' id='par_1_75' title="bbox 1015 1554 1759 1589">
     <span class='ocr_line' id='line_1_75' title="bbox 1015 1554 1759 1589; baseline 0.004 -10"><span class='ocrx_word' id='word_1_527' title='bbox 1015 1561 1024 1579; x_wconf 83' lang='lat' dir='ltr'><strong>I</strong></span> <span class='ocrx_word' id='word_1_528' title='bbox 1042 1558 1161 1586; x_wconf 74' lang='lat' dir='ltr'><strong>motam;</strong></span> <span class='ocrx_word' id='word_1_529' title='bbox 1190 1560 1242 1580; x_wconf 91' lang='lat' dir='ltr'><strong>non</strong></span> <span class='ocrx_word' id='word_1_530' title='bbox 1268 1558 1393 1587; x_wconf 89' lang='lat' dir='ltr'><strong>oportere</strong></span> <span class='ocrx_word' id='word_1_531' title='bbox 1415 1554 1541 1589; x_wconf 87' lang='lat' dir='ltr'><strong>episcopo</strong></span> <span class='ocrx_word' id='word_1_532' title='bbox 1559 1560 1586 1582; x_wconf 92' lang='lat' dir='ltr'><strong>et</strong></span> <span class='ocrx_word' id='word_1_533' title='bbox 1611 1555 1687 1582; x_wconf 77' lang='lat' dir='ltr'><strong>fratri</strong></span> <span class='ocrx_word' id='word_1_534' title='bbox 1709 1563 1759 1583; x_wconf 89' lang='lat' dir='ltr'><strong>suo</strong></span> 
     </span>
    </p>
   </div>
   <div class='ocr_carea' id='block_1_76' title="bbox 1015 1598 1757 1636">
    <p class='ocr_par' dir='ltr' id='par_1_76' title="bbox 1015 1598 1757 1636">
     <span class='ocr_line' id='line_1_76' title="bbox 1015 1598 1757 1636; baseline 0.005 -11"><span class='ocrx_word' id='word_1_535' title='bbox 1015 1607 1026 1624; x_wconf 74' lang='grc' dir='ltr'><strong>ι</strong></span> <span class='ocrx_word' id='word_1_536' title='bbox 1041 1598 1168 1634; x_wconf 73' lang='lat' dir='ltr'><strong>iniuriam</strong></span> <span class='ocrx_word' id='word_1_537' title='bbox 1185 1598 1284 1633; x_wconf 84' lang='lat' dir='ltr'><strong>facere,</strong></span> <span class='ocrx_word' id='word_1_538' title='bbox 1304 1605 1332 1626; x_wconf 91' lang='lat' dir='ltr'><strong>et</strong></span> <span class='ocrx_word' id='word_1_539' title='bbox 1345 1600 1370 1627; x_wconf 87' lang='lat' dir='ltr'><strong>ei</strong></span> <span class='ocrx_word' id='word_1_540' title='bbox 1386 1601 1613 1634; x_wconf 87' lang='lat' dir='ltr'><strong>communionem-</strong></span> <span class='ocrx_word' id='word_1_541' title='bbox 1625 1601 1757 1636; x_wconf 66' lang='lat' dir='ltr'><strong>praebere.</strong></span> 
     </span>
    </p>
   </div>
   <div class='ocr_carea' id='block_1_77' title="bbox 1016 1644 1756 1680">
    <p class='ocr_par' dir='ltr' id='par_1_77' title="bbox 1016 1644 1756 1680">
     <span class='ocr_line' id='line_1_77' title="bbox 1016 1644 1756 1680; baseline 0.005 -8"><span class='ocrx_word' id='word_1_542' title='bbox 1016 1654 1026 1671; x_wconf 79' lang='grc' dir='ltr'><strong>ι</strong></span> <span class='ocrx_word' id='word_1_543' title='bbox 1040 1644 1087 1673; x_wconf 89' lang='lat' dir='ltr'><strong>Sin</strong></span> <span class='ocrx_word' id='word_1_544' title='bbox 1103 1650 1193 1673; x_wconf 87' lang='lat' dir='ltr'><strong>autem</strong></span> <span class='ocrx_word' id='word_1_545' title='bbox 1211 1645 1262 1673; x_wconf 86' lang='lat' dir='ltr'><strong>hoc</strong></span> <span class='ocrx_word' id='word_1_546' title='bbox 1284 1645 1374 1674; x_wconf 78' lang='lat' dir='ltr'><strong>facere</strong></span> <span class='ocrx_word' id='word_1_547' title='bbox 1390 1654 1474 1674; x_wconf 80' lang='lat' dir='ltr'><strong>ausus</strong></span> <span class='ocrx_word' id='word_1_548' title='bbox 1492 1647 1584 1679; x_wconf 79' lang='lat' dir='ltr'><strong>fuerit.</strong></span> <span class='ocrx_word' id='word_1_549' title='bbox 1602 1648 1682 1680; x_wconf 73' lang='lat' dir='ltr'><strong>sciat,</strong></span> <span class='ocrx_word' id='word_1_550' title='bbox 1694 1655 1756 1676; x_wconf 87' lang='lat' dir='ltr'><strong>cum</strong></span> 
     </span>
    </p>
   </div>
   <div class='ocr_carea' id='block_1_78' title="bbox 1014 1692 1762 1727">
    <p class='ocr_par' dir='ltr' id='par_1_78' title="bbox 1014 1692 1762 1727">
     <span class='ocr_line' id='line_1_78' title="bbox 1014 1692 1762 1727; baseline 0.005 -9"><span class='ocrx_word' id='word_1_551' title='bbox 1014 1700 1024 1718; x_wconf 71' lang='grc' dir='ltr'><strong>ι</strong></span> <span class='ocrx_word' id='word_1_552' title='bbox 1040 1692 1215 1720; x_wconf 85' lang='lat' dir='ltr'><strong>convenerint</strong></span> <span class='ocrx_word' id='word_1_553' title='bbox 1228 1692 1359 1727; x_wconf 85' lang='lat' dir='ltr'><strong>episcopi,</strong></span> <span class='ocrx_word' id='word_1_554' title='bbox 1375 1693 1493 1727; x_wconf 85' lang='lat' dir='ltr'><strong>seipsum</strong></span> <span class='ocrx_word' id='word_1_555' title='bbox 1508 1700 1618 1722; x_wconf 68' lang='lat' dir='ltr'><strong>causam</strong></span> <span class='ocrx_word' id='word_1_556' title='bbox 1644 1700 1705 1722; x_wconf 77' lang='lat' dir='ltr'><strong>esse</strong></span> <span class='ocrx_word' id='word_1_557' title='bbox 1719 1694 1762 1722; x_wconf 84' lang='lat' dir='ltr'><strong>di-</strong></span> 
     </span>
    </p>
   </div>
   <div class='ocr_carea' id='block_1_79' title="bbox 1018 1742 1187 1765">
    <p class='ocr_par' dir='ltr' id='par_1_79' title="bbox 1018 1742 1187 1765">
     <span class='ocr_line' id='line_1_79' title="bbox 1018 1742 1187 1765; baseline 0 -1"><span class='ocrx_word' id='word_1_558' title='bbox 1018 1746 1028 1764; x_wconf 82' lang='grc'><strong>(</strong></span> <span class='ocrx_word' id='word_1_559' title='bbox 1042 1742 1158 1765; x_wconf 89' lang='lat' dir='ltr'><strong>cturum.</strong></span> <span class='ocrx_word' id='word_1_560' title='bbox 1177 1747 1187 1764; x_wconf 69' lang='grc' dir='ltr'><strong>ι</strong></span> 
     </span>
    </p>
   </div>
   <div class='ocr_carea' id='block_1_80' title="bbox 1013 1821 1758 1862">
    <p class='ocr_par' dir='ltr' id='par_1_80' title="bbox 1013 1821 1758 1862">
     <span class='ocr_line' id='line_1_80' title="bbox 1013 1821 1758 1862; baseline 0.008 -10"><span class='ocrx_word' id='word_1_561' title='bbox 1013 1825 1109 1854; x_wconf 80' lang='lat' dir='ltr'><strong>BALS.</strong></span> <span class='ocrx_word' id='word_1_562' title='bbox 1131 1826 1202 1862; x_wconf 84' lang='lat' dir='ltr'><strong>Lege</strong></span> <span class='ocrx_word' id='word_1_563' title='bbox 1215 1821 1346 1856; x_wconf 79' lang='lat' dir='ltr'><strong>canonetn</strong></span> <span class='ocrx_word' id='word_1_564' title='bbox 1364 1828 1408 1861; x_wconf 73' lang='lat' dir='ltr'><strong>l2,</strong></span> <span class='ocrx_word' id='word_1_565' title='bbox 1427 1829 1471 1862; x_wconf 76' lang='lat' dir='ltr'><strong>M,</strong></span> <span class='ocrx_word' id='word_1_566' title='bbox 1498 1829 1534 1857; x_wconf 69' lang='lat'><strong>53</strong></span> <span class='ocrx_word' id='word_1_567' title='bbox 1549 1833 1576 1857; x_wconf 87' lang='lat' dir='ltr'><strong>et</strong></span> <span class='ocrx_word' id='word_1_568' title='bbox 1590 1829 1626 1857; x_wconf 74' lang='lat'><strong>53</strong></span> <span class='ocrx_word' id='word_1_569' title='bbox 1647 1834 1758 1858; x_wconf 81' lang='lat' dir='ltr'><strong>sancto-</strong></span> 
     </span>
    </p>
   </div>
   <div class='ocr_carea' id='block_1_81' title="bbox 978 1873 1757 1909">
    <p class='ocr_par' dir='ltr' id='par_1_81' title="bbox 978 1873 1757 1909">
     <span class='ocr_line' id='line_1_81' title="bbox 978 1873 1757 1909; baseline 0.006 -12"><span class='ocrx_word' id='word_1_570' title='bbox 978 1878 1037 1898; x_wconf 88' lang='lat' dir='ltr'><strong>rum</strong></span> <span class='ocrx_word' id='word_1_571' title='bbox 1052 1873 1243 1906; x_wconf 83' lang='lat' dir='ltr'><strong>apostolorum,</strong></span> <span class='ocrx_word' id='word_1_572' title='bbox 1259 1878 1286 1900; x_wconf 91' lang='lat' dir='ltr'><strong>et</strong></span> <span class='ocrx_word' id='word_1_573' title='bbox 1300 1873 1474 1901; x_wconf 76' lang='lat' dir='ltr'><strong>Antiochense</strong></span> <span class='ocrx_word' id='word_1_574' title='bbox 1483 1875 1578 1909; x_wconf 85' lang='lat' dir='ltr'><strong>synodi</strong></span> <span class='ocrx_word' id='word_1_575' title='bbox 1588 1881 1719 1902; x_wconf 87' lang='lat' dir='ltr'><strong>canoneui</strong></span> <span class='ocrx_word' id='word_1_576' title='bbox 1730 1875 1757 1907; x_wconf 78' lang='grc' dir='ltr'><strong>θ,</strong></span> 
     </span>
    </p>
   </div>
   <div class='ocr_carea' id='block_1_82' title="bbox 977 1917 1250 1952">
    <p class='ocr_par' dir='ltr' id='par_1_82' title="bbox 977 1917 1250 1952">
     <span class='ocr_line' id='line_1_82' title="bbox 977 1917 1250 1952; baseline 0.004 -8"><span class='ocrx_word' id='word_1_577' title='bbox 977 1917 1023 1952; x_wconf 85' lang='grc' dir='ltr'><strong>(ιυὶ</strong></span> <span class='ocrx_word' id='word_1_578' title='bbox 1038 1917 1133 1944; x_wconf 91' lang='lat' dir='ltr'><strong>dicunt</strong></span> <span class='ocrx_word' id='word_1_579' title='bbox 1147 1919 1250 1945; x_wconf 87' lang='lat' dir='ltr'><strong>eadem.</strong></span> 
     </span>
    </p>
   </div>
   <div class='ocr_carea' id='block_1_83' title="bbox 1013 1962 1754 2000">
    <p class='ocr_par' dir='ltr' id='par_1_83' title="bbox 1013 1962 1754 2000">
     <span class='ocr_line' id='line_1_83' title="bbox 1013 1962 1754 2000; baseline 0.005 -10"><span class='ocrx_word' id='word_1_580' title='bbox 1013 1962 1141 1991; x_wconf 80' lang='lat' dir='ltr'><strong>ZONAR.</strong></span> <span class='ocrx_word' id='word_1_581' title='bbox 1162 1963 1254 1992; x_wconf 84' lang='lat' dir='ltr'><strong>Plures</strong></span> <span class='ocrx_word' id='word_1_582' title='bbox 1280 1964 1332 1992; x_wconf 86' lang='lat' dir='ltr'><strong>hoc</strong></span> <span class='ocrx_word' id='word_1_583' title='bbox 1345 1964 1416 1992; x_wconf 83' lang='lat' dir='ltr'><strong>idem</strong></span> <span class='ocrx_word' id='word_1_584' title='bbox 1445 1969 1501 1992; x_wconf 91' lang='lat' dir='ltr'><strong>tum</strong></span> <span class='ocrx_word' id='word_1_585' title='bbox 1531 1966 1670 2000; x_wconf 78' lang='lat' dir='ltr'><strong>apostolici</strong></span> <span class='ocrx_word' id='word_1_586' title='bbox 1697 1972 1754 1995; x_wconf 84' lang='lat' dir='ltr'><strong>tum</strong></span> 
     </span>
    </p>
   </div>
   <div class='ocr_carea' id='block_1_84' title="bbox 978 2009 1758 2046">
    <p class='ocr_par' dir='ltr' id='par_1_84' title="bbox 978 2009 1758 2046">
     <span class='ocr_line' id='line_1_84' title="bbox 978 2009 1758 2046; baseline 0.003 -9"><span class='ocrx_word' id='word_1_587' title='bbox 978 2010 1102 2045; x_wconf 85' lang='lat' dir='ltr'><strong>synodiei</strong></span> <span class='ocrx_word' id='word_1_588' title='bbox 1117 2017 1233 2038; x_wconf 81' lang='lat' dir='ltr'><strong>canones</strong></span> <span class='ocrx_word' id='word_1_589' title='bbox 1249 2010 1401 2037; x_wconf 85' lang='lat' dir='ltr'><strong>decrevere.</strong></span> <span class='ocrx_word' id='word_1_590' title='bbox 1415 2009 1514 2038; x_wconf 83' lang='lat' dir='ltr'><strong>Eadem</strong></span> <span class='ocrx_word' id='word_1_591' title='bbox 1540 2018 1655 2046; x_wconf 85' lang='lat' dir='ltr'><strong>namque</strong></span> <span class='ocrx_word' id='word_1_592' title='bbox 1668 2018 1695 2039; x_wconf 87' lang='lat' dir='ltr'><strong>et</strong></span> <span class='ocrx_word' id='word_1_593' title='bbox 1710 2013 1758 2040; x_wconf 88' lang='lat' dir='ltr'><strong>tri-</strong></span> 
     </span>
    </p>
   </div>
   <div class='ocr_carea' id='block_1_85' title="bbox 978 2054 1758 2091">
    <p class='ocr_par' dir='ltr' id='par_1_85' title="bbox 978 2054 1758 2091">
     <span class='ocr_line' id='line_1_85' title="bbox 978 2054 1758 2091; baseline 0.001 -9"><span class='ocrx_word' id='word_1_594' title='bbox 978 2054 1080 2082; x_wconf 87' lang='lat' dir='ltr'><strong>cesimo</strong></span> <span class='ocrx_word' id='word_1_595' title='bbox 1093 2054 1213 2082; x_wconf 83' lang='lat' dir='ltr'><strong>secundo</strong></span> <span class='ocrx_word' id='word_1_596' title='bbox 1226 2058 1253 2081; x_wconf 88' lang='lat' dir='ltr'><strong>et</strong></span> <span class='ocrx_word' id='word_1_597' title='bbox 1267 2054 1408 2082; x_wconf 84' lang='lat' dir='ltr'><strong>treceslmo</strong></span> <span class='ocrx_word' id='word_1_598' title='bbox 1425 2055 1505 2082; x_wconf 82' lang='lat' dir='ltr'><strong>tertio</strong></span> <span class='ocrx_word' id='word_1_599' title='bbox 1521 2059 1673 2084; x_wconf 87' lang='lat' dir='ltr'><strong>sanctorum</strong></span> <span class='ocrx_word' id='word_1_600' title='bbox 1691 2065 1758 2091; x_wconf 79' lang='lat' dir='ltr'><strong>apo-</strong></span> 
     </span>
    </p>
   </div>
   <div class='ocr_carea' id='block_1_86' title="bbox 956 2100 1758 2136">
    <p class='ocr_par' dir='ltr' id='par_1_86' title="bbox 956 2100 1758 2136">
     <span class='ocr_line' id='line_1_86' title="bbox 956 2100 1758 2136; baseline 0.005 -9"><span class='ocrx_word' id='word_1_601' title='bbox 956 2110 957 2114; x_wconf 55' lang='grc' dir='ltr'><strong>η</strong></span> <span class='ocrx_word' id='word_1_602' title='bbox 978 2100 1106 2128; x_wconf 85' lang='lat' dir='ltr'><strong>stolorum</strong></span> <span class='ocrx_word' id='word_1_603' title='bbox 1122 2107 1237 2133; x_wconf 83' lang='lat' dir='ltr'><strong>canone,</strong></span> <span class='ocrx_word' id='word_1_604' title='bbox 1249 2104 1276 2128; x_wconf 90' lang='lat' dir='ltr'><strong>et</strong></span> <span class='ocrx_word' id='word_1_605' title='bbox 1290 2100 1464 2129; x_wconf 69' lang='lat' dir='ltr'><strong>Antiocheoa</strong></span> <span class='ocrx_word' id='word_1_606' title='bbox 1476 2102 1569 2136; x_wconf 82' lang='lat' dir='ltr'><strong>synodi</strong></span> <span class='ocrx_word' id='word_1_607' title='bbox 1581 2101 1687 2130; x_wconf 83' lang='lat' dir='ltr'><strong>decimo</strong></span> <span class='ocrx_word' id='word_1_608' title='bbox 1701 2107 1758 2132; x_wconf 84' lang='lat' dir='ltr'><strong>ter-</strong></span> 
     </span>
    </p>
   </div>
   <div class='ocr_carea' id='block_1_87' title="bbox 942 2144 1274 2181">
    <p class='ocr_par' dir='ltr' id='par_1_87' title="bbox 942 2144 1274 2181">
     <span class='ocr_line' id='line_1_87' title="bbox 942 2144 1274 2181; baseline 0.003 -8"><span class='ocrx_word' id='word_1_609' title='bbox 942 2144 965 2173; x_wconf 86' lang='lat' dir='ltr'><strong>D</strong></span> <span class='ocrx_word' id='word_1_610' title='bbox 981 2146 1018 2173; x_wconf 90' lang='lat' dir='ltr'><strong>tio</strong></span> <span class='ocrx_word' id='word_1_611' title='bbox 1031 2150 1129 2173; x_wconf 86' lang='lat' dir='ltr'><strong>statuta</strong></span> <span class='ocrx_word' id='word_1_612' title='bbox 1143 2147 1274 2181; x_wconf 87' lang='lat' dir='ltr'><strong>reperias.</strong></span> 
     </span>
    </p>
   </div>
   <div class='ocr_carea' id='block_1_88' title="bbox 144 2184 924 2226">
    <p class='ocr_par' dir='ltr' id='par_1_88' title="bbox 144 2184 924 2226">
     <span class='ocr_line' id='line_1_88' title="bbox 144 2184 924 2226; baseline -0.005 -6"><span class='ocrx_word' id='word_1_613' title='bbox 144 2193 256 2222; x_wconf 78' lang='grc' dir='ltr'><strong>ΔΡΙΣΤ.</strong></span> <span class='ocrx_word' id='word_1_614' title='bbox 275 2203 284 2219; x_wconf 85' lang='grc' dir='ltr'><strong>ι</strong></span> <span class='ocrx_word' id='word_1_615' title='bbox 306 2192 335 2219; x_wconf 88' lang='lat'><strong>&#39;0</strong></span> <span class='ocrx_word' id='word_1_616' title='bbox 358 2191 405 2218; x_wconf 75' lang='grc' dir='ltr'>τὸν</span> <span class='ocrx_word' id='word_1_617' title='bbox 436 2190 513 2226; x_wconf 77' lang='grc' dir='ltr'>παρὰ</span> <span class='ocrx_word' id='word_1_618' title='bbox 535 2190 582 2217; x_wconf 83' lang='grc' dir='ltr'>τοῦ</span> <span class='ocrx_word' id='word_1_619' title='bbox 608 2188 674 2217; x_wconf 74' lang='grc' dir='ltr'>ἰδίου</span> <span class='ocrx_word' id='word_1_620' title='bbox 692 2184 843 2224; x_wconf 73' lang='grc' dir='ltr'>ἐπισκόπου</span> <span class='ocrx_word' id='word_1_621' title='bbox 857 2189 924 2224; x_wconf 86' lang='grc' dir='ltr'>ἀφο-</span> 
     </span>
    </p>
   </div>
   <div class='ocr_carea' id='block_1_89' title="bbox 183 2235 926 2275">
    <p class='ocr_par' dir='ltr' id='par_1_89' title="bbox 183 2235 926 2275">
     <span class='ocr_line' id='line_1_89' title="bbox 183 2235 926 2275; baseline -0.005 -9"><span class='ocrx_word' id='word_1_622' title='bbox 183 2250 193 2266; x_wconf 79' lang='grc' dir='ltr'><strong>ι</strong></span> <span class='ocrx_word' id='word_1_623' title='bbox 214 2239 341 2275; x_wconf 82' lang='grc' dir='ltr'>ρισθὲντα</span> <span class='ocrx_word' id='word_1_624' title='bbox 361 2239 506 2270; x_wconf 76' lang='grc' dir='ltr'>κοινωνίας</span> <span class='ocrx_word' id='word_1_625' title='bbox 536 2238 605 2273; x_wconf 82' lang='grc' dir='ltr'>μετὰ</span> <span class='ocrx_word' id='word_1_626' title='bbox 619 2236 736 2272; x_wconf 72' lang='grc' dir='ltr'>’γνῶσιν</span> <span class='ocrx_word' id='word_1_627' title='bbox 762 2235 845 2269; x_wconf 82' lang='grc' dir='ltr'>ἀξιῶν</span> <span class='ocrx_word' id='word_1_628' title='bbox 874 2235 926 2263; x_wconf 80' lang='grc' dir='ltr'>οὐκ</span> 
     </span>
    </p>
   </div>
   <div class='ocr_carea' id='block_1_90' title="bbox 183 2285 391 2315">
    <p class='ocr_par' dir='ltr' id='par_1_90' title="bbox 183 2285 391 2315">
     <span class='ocr_line' id='line_1_90' title="bbox 183 2285 391 2315; baseline -0.01 -4"><span class='ocrx_word' id='word_1_629' title='bbox 183 2295 192 2311; x_wconf 80' lang='grc' dir='ltr'><strong>ι</strong></span> <span class='ocrx_word' id='word_1_630' title='bbox 211 2285 367 2315; x_wconf 80' lang='grc' dir='ltr'>ἀνεύθυνος.</span> <span class='ocrx_word' id='word_1_631' title='bbox 381 2292 391 2309; x_wconf 76' lang='grc' dir='ltr'><strong>ι</strong></span> 
     </span>
    </p>
   </div>
   <div class='ocr_carea' id='block_1_91' title="bbox 186 2327 925 2365">
    <p class='ocr_par' dir='ltr' id='par_1_91' title="bbox 186 2327 925 2365">
     <span class='ocr_line' id='line_1_91' title="bbox 186 2327 925 2365; baseline -0.005 -8"><span class='ocrx_word' id='word_1_632' title='bbox 186 2331 214 2357; x_wconf 90' lang='lat'><strong>&#39;0</strong></span> <span class='ocrx_word' id='word_1_633' title='bbox 233 2331 261 2357; x_wconf 78' lang='grc' dir='ltr'>ὲν</span> <span class='ocrx_word' id='word_1_634' title='bbox 282 2329 384 2365; x_wconf 82' lang='grc' dir='ltr'>είδήσει</span> <span class='ocrx_word' id='word_1_635' title='bbox 399 2329 545 2365; x_wconf 75' lang='grc' dir='ltr'>δεξάμενος</span> <span class='ocrx_word' id='word_1_636' title='bbox 557 2328 602 2356; x_wconf 75' lang='grc' dir='ltr'><strong>τὸν</strong></span> <span class='ocrx_word' id='word_1_637' title='bbox 617 2327 692 2362; x_wconf 80' lang='grc' dir='ltr'>παρὰ</span> <span class='ocrx_word' id='word_1_638' title='bbox 707 2327 755 2354; x_wconf 83' lang='grc' dir='ltr'>τοῦ</span> <span class='ocrx_word' id='word_1_639' title='bbox 771 2327 837 2354; x_wconf 87' lang='grc' dir='ltr'>ίδίου</span> <span class='ocrx_word' id='word_1_640' title='bbox 865 2328 925 2354; x_wconf 77' lang='grc' dir='ltr'>ἐπι-</span> 
     </span>
    </p>
   </div>
   <div class='ocr_carea' id='block_1_92' title="bbox 145 2373 924 2412">
    <p class='ocr_par' dir='ltr' id='par_1_92' title="bbox 145 2373 924 2412">
     <span class='ocr_line' id='line_1_92' title="bbox 145 2373 924 2412; baseline -0.004 -8"><span class='ocrx_word' id='word_1_641' title='bbox 145 2377 248 2404; x_wconf 74' lang='grc' dir='ltr'>σκόπου</span> <span class='ocrx_word' id='word_1_642' title='bbox 267 2375 452 2412; x_wconf 79' lang='grc' dir='ltr'>ἀφορισθέντα</span> <span class='ocrx_word' id='word_1_643' title='bbox 462 2374 659 2410; x_wconf 68' lang='grc' dir='ltr'>πρεσϐύτερον,</span> <span class='ocrx_word' id='word_1_644' title='bbox 675 2373 692 2409; x_wconf 76' lang='grc' dir='ltr'><strong>ἢ</strong></span> <span class='ocrx_word' id='word_1_645' title='bbox 709 2373 924 2408; x_wconf 80' lang='grc' dir='ltr'>διάκονον,ῆκαι</span> 
     </span>
    </p>
   </div>
   <div class='ocr_carea' id='block_1_93' title="bbox 143 2419 925 2456">
    <p class='ocr_par' dir='ltr' id='par_1_93' title="bbox 143 2419 925 2456">
     <span class='ocr_line' id='line_1_93' title="bbox 143 2419 925 2456; baseline -0.004 -7"><span class='ocrx_word' id='word_1_646' title='bbox 143 2430 205 2449; x_wconf 82' lang='grc' dir='ltr'>τινα</span> <span class='ocrx_word' id='word_1_647' title='bbox 216 2421 270 2448; x_wconf 85' lang='grc' dir='ltr'>τῶν</span> <span class='ocrx_word' id='word_1_648' title='bbox 287 2419 436 2456; x_wconf 82' lang='grc' dir='ltr'>κληρικῶν,</span> <span class='ocrx_word' id='word_1_649' title='bbox 450 2419 497 2446; x_wconf 72' lang='grc' dir='ltr'>καὶ</span> <span class='ocrx_word' id='word_1_650' title='bbox 507 2419 739 2455; x_wconf 78' lang='grc' dir='ltr'>συγκοινωνήσας,</span> <span class='ocrx_word' id='word_1_651' title='bbox 751 2419 811 2454; x_wconf 85' lang='grc' dir='ltr'>ἦτοι</span> <span class='ocrx_word' id='word_1_652' title='bbox 822 2419 925 2446; x_wconf 84' lang='grc' dir='ltr'>συλλει-</span> 
     </span>
    </p>
   </div>
   <div class='ocr_carea' id='block_1_94' title="bbox 144 2464 924 2503">
    <p class='ocr_par' dir='ltr' id='par_1_94' title="bbox 144 2464 924 2503">
     <span class='ocr_line' id='line_1_94' title="bbox 144 2464 924 2503; baseline -0.004 -9"><span class='ocrx_word' id='word_1_653' title='bbox 144 2477 191 2494; x_wconf 81' lang='grc' dir='ltr'><strong>του</strong></span> <span class='ocrx_word' id='word_1_654' title='bbox 197 2468 301 2503; x_wconf 87' lang='grc' dir='ltr'>ργήσας</span> <span class='ocrx_word' id='word_1_655' title='bbox 317 2466 403 2501; x_wconf 82' lang='grc' dir='ltr'>αὐτῷ,</span> <span class='ocrx_word' id='word_1_656' title='bbox 415 2465 465 2492; x_wconf 87' lang='grc' dir='ltr'>οὐκ</span> <span class='ocrx_word' id='word_1_657' title='bbox 476 2464 633 2499; x_wconf 83' lang='grc' dir='ltr'>ἀνεύθυνος,</span> <span class='ocrx_word' id='word_1_658' title='bbox 643 2465 700 2492; x_wconf 82' lang='grc' dir='ltr'>ἀλλ’</span> <span class='ocrx_word' id='word_1_659' title='bbox 711 2465 924 2500; x_wconf 73' lang='grc' dir='ltr'>ἀφορισθήσεται</span> 
     </span>
    </p>
   </div>
   <div class='ocr_carea' id='block_1_95' title="bbox 146 2510 924 2546">
    <p class='ocr_par' dir='ltr' id='par_1_95' title="bbox 146 2510 924 2546">
     <span class='ocr_line' id='line_1_95' title="bbox 146 2510 924 2546; baseline -0.005 -5"><span class='ocrx_word' id='word_1_660' title='bbox 146 2515 192 2542; x_wconf 84' lang='grc' dir='ltr'><strong>καί</strong></span> <span class='ocrx_word' id='word_1_661' title='bbox 210 2514 302 2546; x_wconf 82' lang='grc' dir='ltr'>αὐτὸς,</span> <span class='ocrx_word' id='word_1_662' title='bbox 320 2514 393 2539; x_wconf 79' lang='grc' dir='ltr'><strong>κατά</strong></span> <span class='ocrx_word' id='word_1_663' title='bbox 413 2511 460 2538; x_wconf 71' lang='grc' dir='ltr'>τὸν</span> <span class='ocrx_word' id='word_1_664' title='bbox 481 2511 632 2538; x_wconf 83' lang='grc' dir='ltr'>δωδέκατον</span> <span class='ocrx_word' id='word_1_665' title='bbox 647 2511 747 2538; x_wconf 87' lang='grc' dir='ltr'>κανόνα</span> <span class='ocrx_word' id='word_1_666' title='bbox 763 2511 818 2538; x_wconf 84' lang='grc' dir='ltr'>τῶν</span> <span class='ocrx_word' id='word_1_667' title='bbox 839 2510 924 2545; x_wconf 86' lang='grc' dir='ltr'>ἁγίων</span> 
     </span>
    </p>
   </div>
   <div class='ocr_carea' id='block_1_96' title="bbox 145 2559 316 2588">
    <p class='ocr_par' dir='ltr' id='par_1_96' title="bbox 145 2559 316 2588">
     <span class='ocr_line' id='line_1_96' title="bbox 145 2559 316 2588; baseline -0.012 0"><span class='ocrx_word' id='word_1_668' title='bbox 145 2559 316 2588; x_wconf 81' lang='grc' dir='ltr'>ἀποστόλων.</span> 
     </span>
    </p>
   </div>
   <div class='ocr_carea' id='block_1_97' title="bbox 428 2603 608 2631">
    <p class='ocr_par' dir='ltr' id='par_1_97' title="bbox 428 2603 608 2631">
     <span class='ocr_line' id='line_1_97' title="bbox 428 2603 608 2631; baseline -0.006 0"><span class='ocrx_word' id='word_1_669' title='bbox 428 2603 546 2631; x_wconf 79' lang='grc' dir='ltr'><strong>ΚΑΝΩΝ</strong></span> <span class='ocrx_word' id='word_1_670' title='bbox 560 2604 608 2630; x_wconf 87' lang='lat' dir='ltr'><strong>l.\’.</strong></span> 
     </span>
    </p>
   </div>
   <div class='ocr_carea' id='block_1_98' title="bbox 150 2649 922 2686">
    <p class='ocr_par' dir='ltr' id='par_1_98' title="bbox 150 2649 922 2686">
     <span class='ocr_line' id='line_1_98' title="bbox 150 2649 922 2686; baseline -0.004 -8"><span class='ocrx_word' id='word_1_671' title='bbox 150 2661 160 2678; x_wconf 78' lang='grc' dir='ltr'><strong>ι</strong></span> <span class='ocrx_word' id='word_1_672' title='bbox 179 2651 213 2679; x_wconf 74' lang='lat' dir='ltr'><strong>Ei</strong></span> <span class='ocrx_word' id='word_1_673' title='bbox 222 2660 264 2684; x_wconf 85' lang='grc' dir='ltr'><strong>τις</strong></span> <span class='ocrx_word' id='word_1_674' title='bbox 280 2651 432 2682; x_wconf 84' lang='grc' dir='ltr'>ἐπίσκοπος</span> <span class='ocrx_word' id='word_1_675' title='bbox 453 2649 508 2686; x_wconf 82' lang='grc'><strong>(79)</strong></span> <span class='ocrx_word' id='word_1_676' title='bbox 523 2649 650 2684; x_wconf 77' lang='grc' dir='ltr'>ὀξύχολος</span> <span class='ocrx_word' id='word_1_677' title='bbox 674 2649 839 2685; x_wconf 80' lang='grc' dir='ltr'>εὑρίσκοιτο,</span> <span class='ocrx_word' id='word_1_678' title='bbox 854 2650 922 2685; x_wconf 74' lang='grc' dir='ltr'>ὅπερ</span> 
     </span>
    </p>
   </div>
   <div class='ocr_carea' id='block_1_99' title="bbox 976 2191 1757 2228">
    <p class='ocr_par' dir='ltr' id='par_1_99' title="bbox 976 2191 1757 2228">
     <span class='ocr_line' id='line_1_99' title="bbox 976 2191 1757 2228; baseline 0.008 -11"><span class='ocrx_word' id='word_1_679' title='bbox 976 2191 1090 2218; x_wconf 77' lang='lat' dir='ltr'><strong>ARIST.</strong></span> <span class='ocrx_word' id='word_1_680' title='bbox 1114 2199 1124 2217; x_wconf 81' lang='grc' dir='ltr'><strong>ι</strong></span> <span class='ocrx_word' id='word_1_681' title='bbox 1144 2191 1194 2224; x_wconf 86' lang='lat' dir='ltr'><strong>Qui</strong></span> <span class='ocrx_word' id='word_1_682' title='bbox 1209 2199 1223 2217; x_wconf 88' lang='lat' dir='ltr'><strong>a</strong></span> <span class='ocrx_word' id='word_1_683' title='bbox 1237 2191 1347 2227; x_wconf 91' lang='lat' dir='ltr'><strong>proprio</strong></span> <span class='ocrx_word' id='word_1_684' title='bbox 1356 2191 1483 2228; x_wconf 85' lang='lat' dir='ltr'><strong>episcopo</strong></span> <span class='ocrx_word' id='word_1_685' title='bbox 1494 2194 1757 2223; x_wconf 80' lang='lat' dir='ltr'><strong>excommunicatutn</strong></span> 
     </span>
    </p>
   </div>
   <div class='ocr_carea' id='block_1_100' title="bbox 1013 2235 1760 2272">
    <p class='ocr_par' dir='ltr' id='par_1_100' title="bbox 1013 2235 1760 2272">
     <span class='ocr_line' id='line_1_100' title="bbox 1013 2235 1760 2272; baseline 0.008 -10"><span class='ocrx_word' id='word_1_686' title='bbox 1013 2243 1023 2262; x_wconf 80' lang='grc' dir='ltr'><strong>ι</strong></span> <span class='ocrx_word' id='word_1_687' title='bbox 1039 2235 1227 2264; x_wconf 89' lang='lat' dir='ltr'><strong>communione</strong></span> <span class='ocrx_word' id='word_1_688' title='bbox 1250 2237 1339 2265; x_wconf 79' lang='lat' dir='ltr'><strong>sciens</strong></span> <span class='ocrx_word' id='word_1_689' title='bbox 1365 2237 1502 2272; x_wconf 82' lang='lat' dir='ltr'><strong>dignatur,</strong></span> <span class='ocrx_word' id='word_1_690' title='bbox 1531 2245 1584 2266; x_wconf 90' lang='lat' dir='ltr'><strong>non</strong></span> <span class='ocrx_word' id='word_1_691' title='bbox 1614 2244 1657 2267; x_wconf 81' lang='lat' dir='ltr'><strong>est</strong></span> <span class='ocrx_word' id='word_1_692' title='bbox 1681 2239 1760 2269; x_wconf 88' lang='lat' dir='ltr'><strong>Inoo-</strong></span> 
     </span>
    </p>
   </div>
   <div class='ocr_carea' id='block_1_101' title="bbox 1012 2281 1132 2309">
    <p class='ocr_par' dir='ltr' id='par_1_101' title="bbox 1012 2281 1132 2309">
     <span class='ocr_line' id='line_1_101' title="bbox 1012 2281 1132 2309; baseline -0.008 0"><span class='ocrx_word' id='word_1_693' title='bbox 1012 2291 1023 2308; x_wconf 85' lang='grc'><strong><em>‹</em></strong></span> <span class='ocrx_word' id='word_1_694' title='bbox 1037 2281 1106 2309; x_wconf 71' lang='lat' dir='ltr'><strong>sius.</strong></span> <span class='ocrx_word' id='word_1_695' title='bbox 1122 2291 1132 2308; x_wconf 74' lang='grc' dir='ltr'><strong>ι</strong></span> 
     </span>
    </p>
   </div>
   <div class='ocr_carea' id='block_1_102' title="bbox 1010 2328 1756 2369">
    <p class='ocr_par' dir='ltr' id='par_1_102' title="bbox 1010 2328 1756 2369">
     <span class='ocr_line' id='line_1_102' title="bbox 1010 2328 1756 2369; baseline 0.007 -14"><span class='ocrx_word' id='word_1_696' title='bbox 1010 2328 1061 2362; x_wconf 85' lang='lat' dir='ltr'><strong>Qui</strong></span> <span class='ocrx_word' id='word_1_697' title='bbox 1078 2329 1276 2364; x_wconf 80' lang='lat' dir='ltr'><strong>presbyterum,</strong></span> <span class='ocrx_word' id='word_1_698' title='bbox 1302 2329 1344 2358; x_wconf 88' lang='lat' dir='ltr'><strong>vel</strong></span> <span class='ocrx_word' id='word_1_699' title='bbox 1368 2329 1512 2359; x_wconf 80' lang='lat' dir='ltr'><strong>diaconum</strong></span> <span class='ocrx_word' id='word_1_700' title='bbox 1529 2332 1572 2360; x_wconf 85' lang='lat' dir='ltr'><strong>vel</strong></span> <span class='ocrx_word' id='word_1_701' title='bbox 1587 2337 1615 2361; x_wconf 88' lang='lat' dir='ltr'><strong>et</strong></span> <span class='ocrx_word' id='word_1_702' title='bbox 1639 2332 1756 2369; x_wconf 86' lang='lat' dir='ltr'><strong>aliquem</strong></span> 
     </span>
    </p>
   </div>
   <div class='ocr_carea' id='block_1_103' title="bbox 977 2374 1778 2412">
    <p class='ocr_par' dir='ltr' id='par_1_103' title="bbox 977 2374 1778 2412">
     <span class='ocr_line' id='line_1_103' title="bbox 977 2374 1778 2412; baseline 0.006 -11"><span class='ocrx_word' id='word_1_703' title='bbox 977 2374 1136 2402; x_wconf 84' lang='lat' dir='ltr'><strong>clericorum</strong></span> <span class='ocrx_word' id='word_1_704' title='bbox 1163 2382 1179 2402; x_wconf 93' lang='lat' dir='ltr'><strong>a</strong></span> <span class='ocrx_word' id='word_1_705' title='bbox 1204 2375 1314 2410; x_wconf 90' lang='lat' dir='ltr'><strong>proprio</strong></span> <span class='ocrx_word' id='word_1_706' title='bbox 1341 2376 1470 2412; x_wconf 88' lang='lat' dir='ltr'><strong>episcopo</strong></span> <span class='ocrx_word' id='word_1_707' title='bbox 1494 2380 1778 2412; x_wconf 26' lang='lat' dir='ltr'><strong>excommunicatum‘</strong></span> 
     </span>
    </p>
   </div>
   <div class='ocr_carea' id='block_1_104' title="bbox 977 2419 1759 2456">
    <p class='ocr_par' dir='ltr' id='par_1_104' title="bbox 977 2419 1759 2456">
     <span class='ocr_line' id='line_1_104' title="bbox 977 2419 1759 2456; baseline 0.005 -9"><span class='ocrx_word' id='word_1_708' title='bbox 977 2419 1067 2447; x_wconf 88' lang='lat' dir='ltr'><strong>sciens</strong></span> <span class='ocrx_word' id='word_1_709' title='bbox 1080 2419 1227 2454; x_wconf 84' lang='lat' dir='ltr'><strong>acceperit,</strong></span> <span class='ocrx_word' id='word_1_710' title='bbox 1243 2425 1270 2447; x_wconf 88' lang='lat' dir='ltr'><strong>et</strong></span> <span class='ocrx_word' id='word_1_711' title='bbox 1298 2423 1550 2456; x_wconf 85' lang='lat' dir='ltr'><strong>communicaverit,</strong></span> <span class='ocrx_word' id='word_1_712' title='bbox 1576 2428 1623 2450; x_wconf 85' lang='lat' dir='ltr'><strong>aut</strong></span> <span class='ocrx_word' id='word_1_713' title='bbox 1644 2431 1706 2451; x_wconf 85' lang='lat' dir='ltr'><strong>cum</strong></span> <span class='ocrx_word' id='word_1_714' title='bbox 1724 2430 1759 2450; x_wconf 90' lang='lat' dir='ltr'><strong>eo</strong></span> 
     </span>
    </p>
   </div>
   <div class='ocr_carea' id='block_1_105' title="bbox 977 2466 1759 2504">
    <p class='ocr_par' dir='ltr' id='par_1_105' title="bbox 977 2466 1759 2504">
     <span class='ocr_line' id='line_1_105' title="bbox 977 2466 1759 2504; baseline 0.005 -11"><span class='ocrx_word' id='word_1_715' title='bbox 977 2473 1054 2494; x_wconf 89' lang='lat' dir='ltr'><strong>sacra</strong></span> <span class='ocrx_word' id='word_1_716' title='bbox 1082 2466 1225 2501; x_wconf 80' lang='lat' dir='ltr'><strong>peregerit,</strong></span> <span class='ocrx_word' id='word_1_717' title='bbox 1253 2467 1367 2495; x_wconf 88' lang='lat' dir='ltr'><strong>crimine</strong></span> <span class='ocrx_word' id='word_1_718' title='bbox 1393 2475 1445 2496; x_wconf 91' lang='lat' dir='ltr'><strong>non</strong></span> <span class='ocrx_word' id='word_1_719' title='bbox 1475 2474 1563 2503; x_wconf 85' lang='lat' dir='ltr'><strong>vacat,</strong></span> <span class='ocrx_word' id='word_1_720' title='bbox 1592 2470 1638 2497; x_wconf 80' lang='lat' dir='ltr'><strong>sed</strong></span> <span class='ocrx_word' id='word_1_721' title='bbox 1661 2474 1688 2496; x_wconf 88' lang='lat' dir='ltr'><strong>et</strong></span> <span class='ocrx_word' id='word_1_722' title='bbox 1702 2471 1759 2504; x_wconf 85' lang='lat' dir='ltr'><strong>ipse</strong></span> 
     </span>
    </p>
   </div>
   <div class='ocr_carea' id='block_1_106' title="bbox 978 2513 1759 2550">
    <p class='ocr_par' dir='ltr' id='par_1_106' title="bbox 978 2513 1759 2550">
     <span class='ocr_line' id='line_1_106' title="bbox 978 2513 1759 2550; baseline 0.005 -11"><span class='ocrx_word' id='word_1_723' title='bbox 978 2513 1172 2548; x_wconf 82' lang='lat' dir='ltr'><strong>segregabitut&#39;,</strong></span> <span class='ocrx_word' id='word_1_724' title='bbox 1210 2513 1359 2541; x_wconf 84' lang='lat' dir='ltr'><strong>secundum</strong></span> <span class='ocrx_word' id='word_1_725' title='bbox 1393 2518 1548 2543; x_wconf 78' lang='lat' dir='ltr'><strong>sanctorum</strong></span> <span class='ocrx_word' id='word_1_726' title='bbox 1573 2515 1759 2550; x_wconf 81' lang='lat' dir='ltr'><strong>apostolorum</strong></span> 
     </span>
    </p>
   </div>
   <div class='ocr_carea' id='block_1_107' title="bbox 977 2558 1168 2586">
    <p class='ocr_par' dir='ltr' id='par_1_107' title="bbox 977 2558 1168 2586">
     <span class='ocr_line' id='line_1_107' title="bbox 977 2558 1168 2586; baseline 0 -1"><span class='ocrx_word' id='word_1_727' title='bbox 977 2565 1108 2586; x_wconf 86' lang='lat' dir='ltr'><strong>canonetn</strong></span> <span class='ocrx_word' id='word_1_728' title='bbox 1124 2558 1168 2586; x_wconf 79' lang='grc'><strong>12.</strong></span> 
     </span>
    </p>
   </div>
   <div class='ocr_carea' id='block_1_108' title="bbox 1254 2605 1478 2634">
    <p class='ocr_par' dir='ltr' id='par_1_108' title="bbox 1254 2605 1478 2634">
     <span class='ocr_line' id='line_1_108' title="bbox 1254 2605 1478 2634; baseline -0.004 0"><span class='ocrx_word' id='word_1_729' title='bbox 1254 2605 1370 2634; x_wconf 66' lang='grc' dir='ltr'><strong>ΟΑΝΟΝ</strong></span> <span class='ocrx_word' id='word_1_730' title='bbox 1408 2606 1441 2634; x_wconf 79' lang='lat' dir='ltr'><strong>XI</strong></span> <span class='ocrx_word' id='word_1_731' title='bbox 1448 2607 1478 2634; x_wconf 87' lang='lat' dir='ltr'><strong>V.</strong></span> 
     </span>
    </p>
   </div>
   <div class='ocr_carea' id='block_1_109' title="bbox 973 2648 1758 2688">
    <p class='ocr_par' dir='ltr' id='par_1_109' title="bbox 973 2648 1758 2688">
     <span class='ocr_line' id='line_1_109' title="bbox 973 2648 1758 2688; baseline 0.005 -12"><span class='ocrx_word' id='word_1_732' title='bbox 973 2648 995 2676; x_wconf 63' lang='grc'><strong>«⁷</strong></span> <span class='ocrx_word' id='word_1_733' title='bbox 1007 2649 1035 2677; x_wconf 89' lang='lat' dir='ltr'><strong>Si</strong></span> <span class='ocrx_word' id='word_1_734' title='bbox 1051 2649 1204 2680; x_wconf 84' lang='lat' dir='ltr'><strong>inveniatur</strong></span> <span class='ocrx_word' id='word_1_735' title='bbox 1218 2651 1279 2687; x_wconf 91' lang='lat' dir='ltr'><strong>quis</strong></span> <span class='ocrx_word' id='word_1_736' title='bbox 1292 2653 1433 2687; x_wconf 87' lang='lat' dir='ltr'><strong>episcopus</strong></span> <span class='ocrx_word' id='word_1_737' title='bbox 1446 2652 1481 2679; x_wconf 88' lang='lat' dir='ltr'><strong>ad</strong></span> <span class='ocrx_word' id='word_1_738' title='bbox 1505 2651 1571 2680; x_wconf 83' lang='lat' dir='ltr'><strong>iram</strong></span> <span class='ocrx_word' id='word_1_739' title='bbox 1599 2660 1758 2688; x_wconf 83' lang='lat' dir='ltr'><strong>propensus,</strong></span> 
     </span>
    </p>
   </div>
   <div class='ocr_carea' id='block_1_110' title="bbox 727 2696 1131 2737">
    <p class='ocr_par' dir='ltr' id='par_1_110' title="bbox 727 2696 1131 2737">
     <span class='ocr_line' id='line_1_110' title="bbox 727 2696 1131 2737; baseline 0.007 -11"><span class='ocrx_word' id='word_1_740' title='bbox 727 2696 828 2727; x_wconf 88' lang='lat' dir='ltr'><strong>Guill.</strong></span> <span class='ocrx_word' id='word_1_741' title='bbox 851 2697 1018 2737; x_wconf 79' lang='lat' dir='ltr'><strong>Beveregii</strong></span> <span class='ocrx_word' id='word_1_742' title='bbox 1035 2701 1131 2729; x_wconf 65' lang='lat' dir='ltr'><strong>notae.</strong></span> 
     </span>
    </p>
   </div>
   <div class='ocr_carea' id='block_1_111' title="bbox 180 2746 925 2784">
    <p class='ocr_par' dir='ltr' id='par_1_111' title="bbox 180 2746 925 2784">
     <span class='ocr_line' id='line_1_111' title="bbox 180 2746 925 2784; baseline -0.001 -8"><span class='ocrx_word' id='word_1_743' title='bbox 180 2747 236 2784; x_wconf 84' lang='lat'><strong>(&#39;19)</strong></span> <span class='ocrx_word' id='word_1_744' title='bbox 257 2749 290 2776; x_wconf 82' lang='lat' dir='ltr'><strong>El</strong></span> <span class='ocrx_word' id='word_1_745' title='bbox 312 2755 357 2784; x_wconf 78' lang='grc' dir='ltr'><strong>τις</strong></span> <span class='ocrx_word' id='word_1_746' title='bbox 378 2747 555 2784; x_wconf 60' lang='grc' dir='ltr'>ἐπίσκοπος.</span> <span class='ocrx_word' id='word_1_747' title='bbox 575 2746 644 2784; x_wconf 79' lang='lat' dir='ltr'><strong>lluic</strong></span> <span class='ocrx_word' id='word_1_748' title='bbox 665 2746 747 2774; x_wconf 91' lang='lat' dir='ltr'><strong>etiam</strong></span> <span class='ocrx_word' id='word_1_749' title='bbox 773 2748 871 2784; x_wconf 75' lang='lat' dir='ltr'><strong>cationi</strong></span> <span class='ocrx_word' id='word_1_750' title='bbox 898 2749 925 2775; x_wconf 92' lang='lat' dir='ltr'><strong>in</strong></span> 
     </span>
    </p>
   </div>
   <div class='ocr_carea' id='block_1_112' title="bbox 145 2782 926 2816">
    <p class='ocr_par' dir='ltr' id='par_1_112' title="bbox 145 2782 926 2816">
     <span class='ocr_line' id='line_1_112' title="bbox 145 2782 926 2816; baseline -0.003 -4"><span class='ocrx_word' id='word_1_751' title='bbox 145 2782 238 2812; x_wconf 82' lang='lat' dir='ltr'><strong>codice</strong></span> <span class='ocrx_word' id='word_1_752' title='bbox 247 2783 461 2810; x_wconf 81' lang='lat' dir='ltr'><strong>Amerbachiano</strong></span> <span class='ocrx_word' id='word_1_753' title='bbox 469 2784 540 2810; x_wconf 89' lang='lat' dir='ltr'><strong>aliud</strong></span> <span class='ocrx_word' id='word_1_754' title='bbox 552 2782 656 2816; x_wconf 85' lang='grc' dir='ltr'>σχόλιον</span> <span class='ocrx_word' id='word_1_755' title='bbox 665 2788 798 2809; x_wconf 83' lang='lat' dir='ltr'><strong>annexum</strong></span> <span class='ocrx_word' id='word_1_756' title='bbox 812 2783 926 2810; x_wconf 83' lang='lat' dir='ltr'><strong>habetur</strong></span> 
     </span>
    </p>
   </div>
   <div class='ocr_carea' id='block_1_113' title="bbox 147 2815 927 2854">
    <p class='ocr_par' dir='ltr' id='par_1_113' title="bbox 147 2815 927 2854">
     <span class='ocr_line' id='line_1_113' title="bbox 147 2815 927 2854; baseline -0.003 -7"><span class='ocrx_word' id='word_1_757' title='bbox 147 2820 187 2848; x_wconf 75' lang='lat' dir='ltr'><strong>sic</strong></span> <span class='ocrx_word' id='word_1_758' title='bbox 209 2826 239 2846; x_wconf 79' lang='lat' dir='ltr'><strong>Is</strong></span> <span class='ocrx_word' id='word_1_759' title='bbox 260 2817 375 2852; x_wconf 81' lang='lat' dir='ltr'><strong>habens,</strong></span> <span class='ocrx_word' id='word_1_760' title='bbox 399 2816 482 2850; x_wconf 68' lang='grc' dir='ltr'>Οὗτος</span> <span class='ocrx_word' id='word_1_761' title='bbox 497 2818 512 2844; x_wconf 81' lang='grc' dir='ltr'><strong>ὀ</strong></span> <span class='ocrx_word' id='word_1_762' title='bbox 529 2815 619 2844; x_wconf 72' lang='grc' dir='ltr'>κανὼν</span> <span class='ocrx_word' id='word_1_763' title='bbox 644 2816 774 2849; x_wconf 81' lang='grc' dir='ltr'>ἐναντίοις</span> <span class='ocrx_word' id='word_1_764' title='bbox 795 2818 851 2850; x_wconf 78' lang='grc' dir='ltr'>τοῖς</span> <span class='ocrx_word' id='word_1_765' title='bbox 874 2818 927 2854; x_wconf 78' lang='grc' dir='ltr'>πρὸ</span> 
     </span>
    </p>
   </div>
   <div class='ocr_carea' id='block_1_114' title="bbox 979 2747 1758 2781">
    <p class='ocr_par' dir='ltr' id='par_1_114' title="bbox 979 2747 1758 2781">
     <span class='ocr_line' id='line_1_114' title="bbox 979 2747 1758 2781; baseline 0.005 -7"><span class='ocrx_word' id='word_1_766' title='bbox 979 2748 1061 2775; x_wconf 80' lang='grc' dir='ltr'>αὐτοῦ</span> <span class='ocrx_word' id='word_1_767' title='bbox 1074 2749 1133 2775; x_wconf 84' lang='grc' dir='ltr'>ἐστι</span> <span class='ocrx_word' id='word_1_768' title='bbox 1148 2749 1196 2774; x_wconf 73' lang='grc' dir='ltr'><strong>καὶ</strong></span> <span class='ocrx_word' id='word_1_769' title='bbox 1212 2747 1366 2781; x_wconf 79' lang='grc' dir='ltr'>συγχύσεων</span> <span class='ocrx_word' id='word_1_770' title='bbox 1380 2750 1426 2775; x_wconf 76' lang='grc' dir='ltr'>καὶ</span> <span class='ocrx_word' id='word_1_771' title='bbox 1440 2748 1594 2777; x_wconf 75' lang='grc' dir='ltr'>σκανδάλων</span> <span class='ocrx_word' id='word_1_772' title='bbox 1607 2750 1691 2781; x_wconf 68' lang='lat' dir='ltr'><strong>alno;</strong></span> <span class='ocrx_word' id='word_1_773' title='bbox 1705 2758 1712 2766; x_wconf 84' lang='grc'><strong>·</strong></span> <span class='ocrx_word' id='word_1_774' title='bbox 1728 2750 1758 2778; x_wconf 73' lang='grc' dir='ltr'><strong>τὸ</strong></span> 
     </span>
    </p>
   </div>
   <div class='ocr_carea' id='block_1_115' title="bbox 981 2783 1758 2818">
    <p class='ocr_par' dir='ltr' id='par_1_115' title="bbox 981 2783 1758 2818">
     <span class='ocr_line' id='line_1_115' title="bbox 981 2783 1758 2818; baseline 0.005 -10"><span class='ocrx_word' id='word_1_775' title='bbox 981 2783 1031 2818; x_wconf 81' lang='grc' dir='ltr'>μὲν</span> <span class='ocrx_word' id='word_1_776' title='bbox 1055 2784 1108 2818; x_wconf 75' lang='grc' dir='ltr'><strong>γὰρ</strong></span> <span class='ocrx_word' id='word_1_777' title='bbox 1132 2783 1178 2818; x_wconf 74' lang='grc' dir='ltr'><strong>τὸν</strong></span> <span class='ocrx_word' id='word_1_778' title='bbox 1203 2783 1435 2818; x_wconf 75' lang='grc' dir='ltr'>καταδικασθέντα</span> <span class='ocrx_word' id='word_1_779' title='bbox 1458 2784 1510 2811; x_wconf 63' lang='grc' dir='ltr'>ὑπο</span> <span class='ocrx_word' id='word_1_780' title='bbox 1535 2786 1582 2811; x_wconf 83' lang='grc' dir='ltr'>τοῦ</span> <span class='ocrx_word' id='word_1_781' title='bbox 1608 2785 1758 2813; x_wconf 83' lang='grc' dir='ltr'>ἐπισκόπου</span> 
     </span>
    </p>
   </div>
   <div class='ocr_carea' id='block_1_116' title="bbox 980 2817 1759 2856">
    <p class='ocr_par' dir='ltr' id='par_1_116' title="bbox 980 2817 1759 2856">
     <span class='ocr_line' id='line_1_116' title="bbox 980 2817 1759 2856; baseline 0.004 -12"><span class='ocrx_word' id='word_1_782' title='bbox 980 2817 1110 2853; x_wconf 66' lang='grc' dir='ltr'>κληρικὺν</span> <span class='ocrx_word' id='word_1_783' title='bbox 1133 2817 1179 2843; x_wconf 76' lang='grc' dir='ltr'>ἐπὶ</span> <span class='ocrx_word' id='word_1_784' title='bbox 1201 2817 1246 2844; x_wconf 78' lang='grc' dir='ltr'>τὸν</span> <span class='ocrx_word' id='word_1_785' title='bbox 1268 2818 1355 2844; x_wconf 85' lang='grc' dir='ltr'>κοινὸν</span> <span class='ocrx_word' id='word_1_786' title='bbox 1380 2819 1533 2855; x_wconf 81' lang='grc' dir='ltr'>ἐπιτρέχειν</span> <span class='ocrx_word' id='word_1_787' title='bbox 1560 2821 1759 2856; x_wconf 71' lang='grc' dir='ltr'>μητροπολίτην</span> 
     </span>
    </p>
   </div>
  </div>
