1938 3085
202 85 273 120 1479

832 86 969 118 THEOD.
992 84 1194 116 BALSAMON

1764 83 1850 116 1480

238 144 365 173 ZONAR.
383 144 412 173 Si
437 145 498 180 quis
523 145 676 187 cpiscopus,
693 144 819 180 inquiunt
834 143 939 177 Patres,
956 143 988 172 sit

1074 142 1196 170 ΖΩΝΔΡ.
1217 141 1282 170 Ἐὰν
1302 141 1465 174 ἐπίσκοπος,
1483 140 1566 176 ψασὶν
1582 141 1608 168 οἱ
1620 141 1757 176 Πατέρες,
1769 141 1848 173 ὀξύ-

199 194 234 219 ad
249 191 415 219 iracundiam
430 190 586 225 proclivior,
603 191 748 226 (quamvis
764 191 832 218 tales
847 191 990 225 episcopos

200 245 262 265 esse
277 237 482 272 haudquaquam
496 237 589 264 deceat
603 237 623 272 ),
643 237 720 272 isque
736 238 878 265 diaconum
895 244 991 271 quem—

201 285 286 318 piam,
301 288 348 310 aut
374 283 572 317 presbyterum,
597 282 623 310 in
641 290 688 310 eos
705 283 894 310 vehementius
916 289 991 310 com-

202 333 303 361 motus,
317 333 390 354 extra
406 328 549 355 ecclesiam
564 328 665 363 eiiciat,
676 328 727 355 hoc
741 332 793 360 est,
807 328 992 363 segregatione

201 374 296 408 puniat
311 382 317 400 :
334 381 367 401 ne
383 374 426 401 ille
439 379 561 408 repente,
588 374 638 401 hoc
664 378 715 405 est,
733 374 825 402 subito
843 377 870 401 et
887 373 992 408 absque

201 427 284 447 causa
300 420 489 447 communione
511 420 652 454 privetur,
667 420 860 455 providendum
888 419 992 447 scilicet

199 470 230 493 ct
242 466 392 493 curandum
409 469 463 494 est.
493 465 639 502 Confugiat
668 473 733 493 vero
762 466 797 499 is,
824 465 869 501 qui
886 466 991 501 eiectus

199 516 254 544 est,
270 512 303 538 ad
320 512 557 547 metropolitanum
586 512 747 547 provinciae,
763 519 824 539 eutn
850 511 990 544 videlicet,

203 557 248 585 tui
265 558 408 593 episcopus
423 565 532 593 quoque
549 557 594 585 ille
606 562 701 585 auctor
715 557 911 592 scgregationis
925 557 991 584 sub-

200 605 289 638 jectus
303 610 361 638 est;
379 605 509 638 illumque
526 609 601 640 roget
617 609 646 631 ut
670 605 818 639 negotium,
844 603 870 630 id
887 602 991 630 scilicet

200 649 273 684 quod
288 656 382 677 contra
398 649 485 684 ipsum
504 650 537 677 ab
553 650 680 684 episcopo
695 656 786 677 actum
806 653 859 683 est,
875 648 990 684 diligen-

202 702 243 722 ter
258 695 406 722 examinet.
430 694 522 730 Neque
537 703 601 723 vero
625 700 672 722 aut
694 695 829 730 supplices
856 694 992 729 negligere

201 741 243 766 tas
254 744 305 773 est,
321 744 367 767 aut
389 740 544 774 episcopus,
572 748 586 766 a
604 747 658 775 quo
686 739 805 775 irrogata
838 739 990 774 segregatio

199 790 254 818 est,
269 792 300 812 ea
313 785 492 821 inquisitione
514 785 615 813 oﬂ‘endi
631 806 638 818 ,
659 786 724 820 quin
746 786 772 813 id
787 786 877 820 potius
893 792 991 820 magno

202 832 294 859 animo
309 831 381 860 ferre
397 831 489 864 debcl:
513 835 542 858 ut
557 831 597 860 vel
613 831 788 866 pronuntiata
806 832 952 864 sententia,
964 830 988 857 si

197 878 272 913 justa
290 877 383 911 fuerit,
398 879 594 906 confirmetur:
615 877 667 909 vel,
684 878 706 904 si
722 878 756 905 ab
782 877 910 912 aquitate
933 877 989 904 dis-

201 923 365 958 crepaverit,
390 923 554 958 corrigatur.
566 922 618 956 Qui
631 922 710 958 503
723 930 787 951 vero
800 923 990 958 segregatione

201 969 347 997 damnatus
363 974 415 1001 est,
442 973 505 997 ante
521 977 610 996 causa:
637 969 819 1004 cognitionem
846 978 880 997 ne
903 976 933 997 se
959 969 988 996 in

199 1014 420 1042 communionem
437 1013 557 1042 ﬁdelium
573 1014 745 1049 impudenter
759 1015 889 1042 insinuet.
911 1014 990 1048 Quod

203 1058 228 1087 si
245 1058 292 1094 qui
307 1066 340 1086 ex
353 1059 461 1087 clericis
487 1060 558 1088 illius
581 1060 713 1095 episcopi,
729 1068 744 1087 ιι
759 1068 814 1095 quo
831 1066 990 1096 segregatus

199 1109 254 1138 est,
269 1104 402 1133 adversus
431 1106 520 1141 ipsum
546 1106 705 1133 insolentius
728 1105 817 1134 eﬂ'erri
835 1106 911 1134 illum
933 1107 991 1135 aui-

202 1150 407 1183 madverterint,
425 1151 514 1178 verbis
526 1158 587 1178 eum
597 1151 793 1184 acerbioribus,
807 1149 999 1187 gravioribus,"

200 1196 428 1224 vehementiorem
439 1196 544 1224 scilicet
552 1197 766 1233 obiurgationem
777 1199 989 1232 continentibus,

203 1240 365 1274 dettrquere
379 1247 411 1267 ac
426 1240 545 1273 nectere,
561 1241 612 1268 hoc
623 1247 676 1274 est,
691 1242 724 1269 ad
742 1242 826 1270 animi
851 1243 990 1272 remissio-

202 1292 264 1311 nem
293 1285 502 1321 modestamque
528 1287 724 1322 subiectionem
742 1295 871 1316 revocare
886 1296 990 1317 conen-

203 1335 248 1357 tur
261 1339 268 1357 :
282 1331 355 1365 quod
371 1332 479 1366 quidem
495 1340 552 1365 eos,
568 1338 696 1368 tanquam
713 1335 841 1369 episcopo
855 1341 906 1362 suo
920 1334 989 1362 sub-

202 1376 352 1404 servientes
382 1384 414 1405 ac
448 1378 607 1413 morigeros,
632 1384 761 1414 praestare
790 1381 878 1409 decet.
909 1381 989 1409 Sicut

201 1422 287 1455 enim,
307 1423 406 1457 inquit,
421 1424 541 1459 episcopi
553 1432 617 1460 erga
635 1425 773 1453 ministros
782 1434 860 1460 suos,
874 1427 989 1457 clericos

201 1467 338 1501 videlicet,
352 1470 487 1506 sinceram
502 1470 584 1498 animi
597 1470 768 1499 affectionem
783 1480 839 1508 prae
854 1481 884 1502 se
898 1474 988 1509 ferre,

201 1513 242 1541 sic
259 1513 297 1542 illi
313 1514 430 1543 vicissim
446 1515 580 1550 episcopis
593 1516 776 1544 ministerium
802 1517 873 1545 nulla
897 1522 991 1547 conta-

198 1559 282 1595 gione
309 1560 363 1588 doli
390 1561 606 1590 contaminatum
633 1567 763 1597 prtestare
786 1564 895 1592 debent.
913 1564 990 1599 Quod

199 1611 290 1634 autem
307 1607 346 1635 ait
369 1615 456 1636 canon
483 1609 576 1641 licere,
592 1608 705 1637 absente
728 1611 947 1645 metropolitano,
963 1612 990 1640 ei

199 1650 246 1685 qui
262 1657 419 1687 segregatus
430 1656 483 1686 est,
500 1653 533 1681 ad
546 1653 704 1682 vicinioretn
719 1654 873 1690 episcopum
886 1664 986 1692 provo-

200 1705 274 1732 care,
300 1706 439 1734 nunquam
457 1704 616 1734 ulurpatum
633 1699 716 1729 fuisse
740 1702 885 1737 existimo;
901 1705 988 1733 nostri

199 1749 277 1772 certe
299 1746 429 1780 temporis
442 1745 611 1774 consuetudo
627 1754 680 1774 non
696 1747 826 1777 admittit.
843 1748 988 1783 Quomodo

1041 188 1119 223 χολος
1131 186 1159 224 ᾗ,
1176 189 1237 224 ἦτοι
1264 187 1386 224 ὀργίλος,
1402 188 1427 214 εί
1443 188 1490 214 καὶ
1511 187 1562 214 οὐκ
1577 187 1715 222 ἐνδέχεται
1739 187 1845 213 τοιού-

1042 243 1104 266 τους
1119 232 1264 266 εἶναιτοὺς
1282 235 1462 266 ἐπισκόπους,
1476 235 1525 260 καὶ
1540 233 1662 269 κινηθεὶς
1679 234 1721 265 είς
1743 233 1846 268 θυμὸν

1042 280 1114 306 κατὰ
1130 279 1286 316 διακόνουῆ
1309 279 1499 315 πρεσὸυτέρου
1524 279 1630 316 ἐκϐάλῃ
1653 280 1705 316 τῆς
1728 280 1847 315 ἐκκληο

1043 325 1104 357 σίας
1120 326 1191 358 τινὰ,
1215 325 1301 361 ᾔγουν
1324 325 1454 362 ἀφορίσῃ,
1472 326 1636 362 προνοητέον
1666 327 1725 362 ἦτοι
1750 335 1849 362 φρον-

1041 371 1158 402 τιστέον,
1189 371 1227 407 μὴ
1255 371 1364 407 ἀθρόον,
1397 371 1483 406 ἡγουν
1509 371 1652 406 αἰφνιδίως
1679 371 1727 398 καὶ
1747 372 1849 407 χωρὶς

1043 417 1157 450 σκοποῦ,
1171 417 1218 444 τὸν
1229 417 1351 445 τοιοῦτον
1365 418 1415 454 τῆς
1429 419 1572 450 κοινωνίας
1585 418 1844 453 ἀωστρεφείσθαι.

1043 464 1250 498 Καταφευγέτω
1263 464 1292 491 δὲ
1304 464 1318 490 ὀ
1334 464 1482 500 ἐγκληθεὶς
1494 464 1563 500 πρὸς
1571 465 1617 491 τὸν
1625 464 1844 500 μητροπολίτην

1042 509 1091 544 τῆς
1122 510 1270 545 ἐπαρχίας,
1295 506 1317 544 ᾧ
1332 510 1454 546 δηλονότι
1488 510 1633 537 ὑπόκειται
1656 510 1671 536 ὀ
1699 510 1847 545 ἀφορίσας

1042 555 1204 589 ἐπίσκοπος,
1220 556 1268 582 καὶ
1299 555 1428 589 ἀξιούτω,
1445 556 1490 583 ἶνα
1518 556 1584 591 παρ’
1603 555 1685 583 αὑτοῦ
1708 556 1846 591 ἀκριϐῶς

1045 600 1177 636 ἐξετασθῇ
1203 601 1234 627 τδ
1247 602 1375 637 πρᾶγμα,
1392 602 1452 638 ἦτοι
1467 603 1485 638 ἡ
1511 602 1554 630 ἐπ’
1580 602 1654 638 αὐτῷ
1667 602 1769 638 πρᾶξις
1785 602 1845 629 τοῦ

1042 647 1206 674 ἐπισκόπου.
1229 647 1268 674 Οὺ
1283 648 1337 683 χρὴ
1364 648 1419 683 γὰρ
1433 648 1609 684 παρορᾶσθαι
1624 649 1688 681 τοὺς
1702 649 1845 683 αίτουμὲ-

1043 701 1118 725 νους,
1132 693 1180 720 καὶ
1193 693 1263 729 μηδὲ
1272 694 1286 720 ὁ
1301 694 1436 730 ἀφορίσας
1455 694 1607 727 ἐπίσκοπος
1622 695 1824 729 ἁγανακτείτω
1834 702 1843 710 ·

1042 738 1111 766 ἀλλᾶ
1121 739 1230 775 φερέτω
1245 739 1381 773 γενναίως
1396 740 1447 775 τὴν
1464 739 1600 774 ἐξέτασιν,
1624 741 1669 768 ἵνα
1683 741 1700 776 ἢ
1717 742 1843 777 κυρωθῇ

1043 785 1060 819 ὴ
1074 785 1215 819 ἀπόφασις
1228 785 1311 812 αὑτοῦ
1325 785 1418 813 δικαία
1430 785 1510 819 οὖσα,
1534 787 1551 822 ῆ
1579 786 1726 823 ὁιορθωθῇ,
1747 787 1780 814 '0
1808 788 1842 814 δὲ

1004 824 1026 854 Β
1041 831 1233 867 ἀφωρισμένος
1247 831 1299 858 οὐκ
1313 831 1418 866 ὀφείλει
1430 832 1485 867 πρὸ
1495 832 1545 868 τῆς
1559 832 1735 867 διαγνώσεως
1752 834 1840 861 ἀναι-

1040 877 1094 910 δῶς
1108 877 1251 913 προσιέναι
1266 879 1298 913 τῇ
1329 878 1471 914 κοινωνίᾳ.
1490 878 1554 906 Ἐὰν
1579 879 1608 906 δέ
1625 879 1717 906 ίδιυσιν
1748 880 1841 907 αὐτόν

1039 930 1116 954 τινες
1137 923 1194 950 τῶν
1209 923 1350 958 κληρικῶν
1366 924 1414 951 τοῦ
1426 924 1612 960 ἀφορίσαντος
1623 925 1707 952 αὐτὸν
1718 925 1840 952 ἐπισκό-

1042 975 1095 994 που
1115 967 1299 1003 ἐπαιρόμενόν
1313 977 1345 995 τε
1358 969 1405 996 καὶ
1430 969 1663 1005 ἀλαζονευόμενον
1689 969 1762 996 κατὰ
1782 970 1838 997 τοῦ

1039 1013 1224 1049 ἀφορίσαντος
1237 1013 1331 1047 αὐτὸν,
1346 1014 1503 1050 ὀφείλουσιν
1528 1015 1705 1051 ἐπιστρέφειν
1732 1016 1834 1049 αὐτὸν,

1039 1059 1178 1088 τουτέστιν
1189 1060 1230 1092 είς
1239 1061 1404 1088 ταπείνωσιν
1434 1061 1512 1097 ἄγειν
1532 1061 1579 1089 καὶ
1605 1062 1759 1098 ὑποταγὴν,
1784 1072 1835 1090 πι-

1043 1105 1184 1141 κροτέροις
1210 1107 1259 1134 καὶ
1284 1106 1447 1143 βαρυτέροις
1476 1108 1609 1144 ῥήμασιν,
1642 1109 1836 1140 ὀνειδιπικοίς

1041 1151 1145 1188 δηλαδὴ
1159 1152 1207 1180 καὶ
1223 1152 1469 1186 ὲπεξελευστικοῖς·
1483 1154 1563 1182 τοῦτο
1585 1155 1614 1182 δὲ
1638 1156 1726 1182 ποιεῖν
1755 1156 1836 1189 ὀφεί-

1040 1197 1141 1231 λουσιν,
1153 1198 1192 1230 ὠς
1205 1198 1410 1234 ὑπηρετοῦντες
1425 1200 1474 1227 καὶ
1490 1200 1677 1235 ὑπακούοντες
1687 1202 1735 1229 τοῦ
1769 1203 1833 1228 ἐπι-

1042 1244 1147 1271 σκόπου
1177 1244 1277 1272 αὐτῶν.
1304 1245 1411 1282 Ὠσπερ
1437 1246 1502 1282 γὰρ,
1518 1246 1597 1283 φησι,
1627 1248 1706 1284 χρέος
1730 1248 1790 1283 εχει
1821 1250 1837 1276 ό

1041 1290 1190 1323 ἐπίσκοπος
1202 1291 1392 1319 ἐνδείκνυσθαι
1408 1291 1533 1328 καθαρὰν
1542 1293 1665 1320 διάθεσιν
1678 1294 1748 1329 πρὸς
1767 1295 1835 1326 τοὺς

1041 1335 1191 1371 ὑπηρέτας,
1204 1338 1264 1373 ῆτοι
1280 1336 1344 1369 τοὺς
1356 1337 1504 1373 κληρικοὺς
1520 1339 1616 1371 αὑτοῦ,
1633 1339 1723 1372 οὕτως
1734 1340 1835 1376 ἀρίδη-

1040 1381 1087 1408 λόν
1113 1382 1173 1409 ἐστι
1195 1381 1341 1416 κάκείνους
1368 1382 1489 1417 ὀφείλειν
1516 1383 1566 1417 τὴν
1591 1384 1745 1422 ὑπηρεσίαν
1775 1386 1834 1417 τοῖς

1040 1428 1204 1461 ἐπισκόποις
1219 1427 1312 1456 ἄδολον
1325 1429 1457 1457 ἐκτελεῖν.
1477 1429 1514 1457 Th
1525 1429 1554 1457 δέ
1566 1429 1658 1465 λέγειν
1670 1430 1716 1458 τὸν
1727 1431 1830 1458 κανόνα

1043 1475 1082 1511 μὴ
1108 1475 1290 1510 ἐνδημοῦντας
1313 1475 1362 1503 τοῦ
1386 1475 1588 1512 μητροπολίτου
1610 1476 1661 1509 τῆς
1691 1476 1830 1513 ἐπαρχίας

1042 1520 1229 1556 καταφεύγειν
1240 1520 1287 1548 τὸν
1304 1520 1488 1556 ἀφορισθέντα
1508 1521 1554 1548 ἐπὶ
1568 1521 1615 1549 τὸν
1625 1521 1827 1559 πλησιόχωρον,

1040 1563 1120 1600 οἶμαι
1132 1565 1268 1601 μηδέποτε
1279 1565 1439 1602 ἐνεργῆσαι,
1466 1566 1536 1598 τέως
1552 1566 1582 1594 δὲ
1603 1567 1650 1594 νῦν
1665 1568 1695 1594 οὺ
1708 1569 1828 1603 γίνεται,

1041 1612 1104 1644 Πῶς
1115 1612 1171 1647 γὰρ
1182 1612 1247 1649 παρ’
1258 1612 1353 1649 ἐτέρου
1367 1613 1580 1649 μητροπολίτου,
1594 1611 1616 1650 ᾧ
1624 1614 1673 1650 οὐχ
1684 1614 1828 1642 ὑπέκειται

1042 1659 1057 1686 ό
1072 1658 1208 1694 ἀφορίσας
1219 1659 1382 1692 ἐπίσκοπος,
1408 1659 1591 1695 πεισθήσεται
1617 1661 1828 1697 δοκιμασθῆναι,

1041 1705 1067 1733 εί
1081 1705 1193 1738 δικαίως
1204 1705 1345 1742 ἀφώρισεν
1370 1706 1387 1742 ἢ
1409 1707 1468 1742 μή;
1487 1706 1567 1743 Ζήτει
1581 1708 1630 1734 καὶ
1643 1708 1692 1743 τῆς
1705 1709 1736 1735 ἐν
1751 1709 1827 1744 Καρ·

1042 1751 1145 1788 θαγινη
1158 1751 1258 1780 κανόνα
1271 1751 1323 1780 κθ’.
1375 1755 1377 1758 ’

197 1787 272 1841 enim
288 1789 324 1842 ab
347 1790 432 1819 altero
459 1792 676 1827 metropolitano,
702 1793 746 1821 cui
769 1794 909 1830 subjectus
924 1804 977 1825 non
1006 1802 1049 1827 est
1075 1787 1221 1834 episcopus
1237 1799 1435 1835 segregatiouis
1457 1804 1564 1835 auctor,
1582 1801 1615 1828 de
1635 1807 1666 1828 ea
1698 1808 1826 1836 segrega-

201 1838 282 1869 tione,
296 1838 397 1884 jurene
414 1845 449 1865 an
465 1838 592 1873 injuriam
616 1840 724 1869 decreta
760 1840 853 1877 fuerit,
879 1844 1060 1878 ouationem
1091 1846 1186 1877 haberi
1214 1847 1380 1882 permittat?
1398 1846 1466 1876 Vide
1488 1847 1585 1883 synodi
1605 1847 1825 1884 Carthaginiensis

197 1889 327 1910 canouem
345 1883 582 1913 undetricesimlttn

197 1939 312 1968 ARIST.
333 1949 343 1966 ι
364 1941 405 1968 Ab
419 1940 548 1969 iracundo
564 1943 768 1977 condemnatus,
781 1944 804 1972 si
821 1945 924 1974 auxilio
941 1945 983 1973 itt-

237 1994 248 2012 ι
267 1987 366 2022 uigeat.
383 1987 532 2015 audiendus
547 1996 554 2014 :
569 1989 656 2016 donec
670 1997 739 2017 vero
753 1990 884 2018 auxilium
900 1992 986 2028 impe-

237 2040 248 2059 ι
266 2033 386 2065 iuverit,
401 2034 650 2063 excommunicatus
666 2041 783 2064 maneat.
798 2046 807 2062 ι

233 2077 286 2111 Qui
301 2078 336 2105 ab
347 2078 473 2113 episcopo
489 2079 523 2106 ad
541 2080 608 2106 iram
622 2079 736 2109 forsitan
749 2086 885 2110 commoto
896 2089 987 2117 segre-

197 2129 278 2159 gatur
295 2124 428 2157 clericus,
444 2125 467 2152 si
483 2124 516 2151 ad
532 2125 731 2160 metropolitam
743 2146 751 2159 ,
768 2128 812 2154 cui
839 2128 984 2162 subjicitur

197 2170 352 2207 episcopos,
366 2171 481 2204 accedit,
499 2175 527 2198 ut
545 2172 742 2206 segregationis
753 2180 863 2201 causam
880 2176 984 2203 exami-

196 2222 262 2250 net;
293 2217 350 2245 sive
363 2224 396 2244 ea
406 2217 479 2252 just:
503 2217 559 2251 sit,
575 2218 632 2246 sive
657 2226 711 2246 non
732 2219 788 2253 sit,
812 2221 980 2249 admittetur.

196 2263 347 2298 Antequam
364 2269 451 2290 autem
467 2265 650 2299 examinelur,
663 2270 692 2293 et
708 2271 800 2294 notum
812 2268 848 2295 sit
866 2275 899 2296 an
913 2269 985 2304 juste

196 2313 353 2345 segregatus
377 2308 458 2336 fuerit
480 2316 587 2343 necne,
613 2312 646 2338 ad
674 2313 984 2350 cetutnunioneminon

196 2355 364 2389 admittetur,
378 2356 424 2384 sed
438 2356 464 2384 in
478 2364 557 2391 pmna
572 2358 701 2387 manebit.

494 2446 608 2475 CANON
630 2447 687 2476 XV.

199 2502 213 2520 ι
231 2492 261 2521 Si
274 2493 338 2528 quis
346 2492 488 2528 episcopus
509 2500 542 2521 ex
571 2494 624 2521 alia
646 2495 764 2529 partncia
785 2495 851 2524 velit
869 2497 986 2526 alienum

238 2548 249 2566 ι
267 2539 432 2572 ministrum,
448 2539 506 2566 sine
527 2546 658 2567 consensu
682 2540 783 2574 proprii
800 2543 936 2578 episcopi,
959 2543 986 2572 in

238 2594 248 2612 ‹
265 2586 355 2620 aliquo
370 2585 452 2620 gradu
464 2586 649 2618 constituere;
665 2586 742 2614 irrita
754 2592 781 2615 et
797 2588 903 2616 inllrma
917 2590 988 2624 ejusr

236 2639 246 2656 ι
263 2631 335 2659 modi
347 2631 506 2662 constitutio
519 2631 700 2659 existimetur.
720 2631 748 2659 Si
772 2632 818 2667 qui
830 2638 918 2661 autem
935 2636 986 2663 hoc

234 2687 245 2703 ι
262 2677 313 2704 sibi
328 2677 393 2712 ipsis
405 2677 586 2712 permiserint,
602 2686 618 2705 a
641 2677 772 2706 fratribus
781 2683 806 2706 et
820 2680 986 2716 coepiscopis

232 2732 242 2748 ι
259 2726 287 2750 et
300 2722 439 2750 admoneri
455 2728 483 2751 et
499 2723 597 2759 corrigi
613 2723 718 2752 debent.
729 2723 827 2752 Omnes
838 2725 982 2753 dixerunt:

236 2777 246 2794 ι
344 2775 450 2806 quoque
474 2770 631 2808 decretum“
641 2774 695 2800 stet
718 2771 825 2801 tlrmum
839 2775 866 2800 et
885 2771 982 2799 immo-

236 2822 246 2839 α
282 2821 324 2842 Ie.
343 2823 354 2841 ι

235 2822 246 2839 ι
263 2814 324 2843 bile.
343 2823 354 2841 ι

1035 1936 1148 1966 ΑΡ1ΣΤ.
1180 1945 1191 1963 ι
1216 1936 1246 1964 '0
1277 1937 1344 1973 παρ’
1364 1936 1493 1973 ὀξυχόλου
1508 1937 1685 1972 κακάκριτος,
1711 1938 1823 1965 ἐπικου-

1075 1993 1086 2010 t
1111 1983 1169 2019 ρίας
1181 1982 1320 2019 δεόμενος,
1346 1983 1395 2011 οὐκ
1410 1983 1536 2019 ἀνήκοος.
1554 1984 1635 2019 ’Δχρι
1649 1984 1678 2011 δὲ
1693 1984 1743 2020 τῆς
1759 1985 1822 2012 ἐπι-

1075 2041 1085 2057 t
1109 2030 1223 2066 κουρίας
1237 2031 1339 2067 δηλαδὴ
1354 2031 1548 2067 ἀκοινώνητος.
1564 2040 1575 2058 ι

1077 2078 1108 2106 '0
1122 2078 1187 2112 παρ’
1204 2078 1352 2106 ἐπισκόπου
1368 2079 1408 2111 είς
1421 2078 1508 2114 θυμὸν
1517 2079 1556 2111 ὡς
1567 2079 1646 2114 ἔτυχε
1662 2080 1823 2115 κινουμένου

1038 2125 1202 2160 ἀφορισθιὶς
1217 2124 1359 2160 κληρικδς,
1370 2126 1395 2152 εί
1405 2125 1541 2161 προσέλθῃ
1556 2125 1596 2159 τῷ
1605 2126 1790 2163 μητροπολίτῃ
1801 2125 1822 2161 ᾧ

1035 2170 1050 2196 ὸ
1064 2171 1214 2203 ἐπίσκοπος
1229 2171 1382 2204 ὑπόκειται,
1395 2170 1441 2198 ἐπὶ
1456 2171 1487 2197 τὸ
1500 2171 1628 2204 ἐξετάσαι
1656 2172 1705 2207 τὴν
1733 2173 1821 2200 αἰτίαν

1034 2216 1082 2243 τοῦ
1105 2217 1270 2252 ἀφορισμοῦ,
1293 2217 1349 2243 εἴτε
1377 2216 1487 2251 εὔλογός
1516 2218 1600 2249 ἐστιν,
1623 2218 1679 2244 εἴτε
1703 2219 1750 2245 καὶ
1770 2219 1821 2254 μὴν

1038 2262 1276 2298 παραδεχθήσεται
1289 2270 1296 2278 ·
1316 2261 1370 2297 πρὸ
1380 2261 1409 2288 δὲ
1424 2261 1471 2289 τοῦ
1495 2261 1674 2298 ἐξετασθῆναι
1691 2265 1739 2290 καὶ
1765 2264 1820 2291 δια-

1036 2308 1204 2344 γνωσθῆναι,
1221 2308 1277 2336 εἴτε
1292 2308 1383 2340 καλῶς
1394 2308 1550 2344 ἀφωρίσθη,
1574 2309 1630 2336 εἴτε
1652 2310 1700 2336 καὶ
1718 2311 1768 2345 μὴ,
1791 2311 1820 2337 οὐ

1036 2354 1274 2393 παρῶεχθήσεται
1284 2355 1325 2387 εις
1335 2355 1490 2389 κοινωνίαν,
1506 2355 1567 2382 ἀλλ’
1591 2356 1621 2383 ἐν
1634 2355 1675 2391 τῷ
1693 2357 1820 2392 ἐπιτιμίῳ

1034 2401 1122 2430 ἔσται,

1339 2449 1459 2476 ΚΔΝΩΝ
1473 2448 1525 2477 IE'.

1043 2504 1054 2521 t
1072 2495 1106 2522 Εί
1115 2488 1157 2527 τις
1175 2494 1324 2526 ἐπίσκοπος
1345 2495 1375 2528 ἐξ
1401 2495 1496 2530 ἐτέρας
1526 2496 1674 2531 παροικίας
1703 2495 1817 2533 {acumen

1077 2549 1089 2566 ι
1105 2539 1244 2575 ἀλλότριον
1261 2540 1401 2576 ὑπηρέτην
1417 2541 1501 2576 χωρὶς
1519 2541 1570 2575 τῆς
1593 2542 1818 2576 συγκαταθέσεως

1075 2596 1086 2612 ι
1101 2586 1150 2614 τοῦ
1164 2585 1230 2613 ίδίου
1244 2586 1393 2614 ἐπισκόπου
1408 2587 1447 2619 είς
1455 2595 1514 2614 τινα
1525 2587 1629 2622 βαθμὸν
1639 2588 1818 2623 καταστῆσαι,

1077 2640 1087 2657 ι
1106 2631 1208 2667 ἄκυρος
1223 2630 1269 2658 καὶ
1285 2630 1412 2662 ἀὸέῦαιος
1433 2632 1450 2666 ἡ
1474 2631 1585 2667 τοιαύτη
1611 2632 1627 2667 ἡ
1652 2633 1818 2664 κατάστασις

1076 2685 1087 2703 t
1107 2675 1254 2712 νομίζοιτο.
1273 2676 1306 2703 Ei
1321 2684 1392 2708 τινες
1406 2676 1427 2704 δ’
1443 2677 1476 2704 ἂν
1492 2677 1570 2704 τοῦτο
1581 2677 1686 2709 ἑαυτοῖς
1712 2678 1815 2713 ἐπιτρέ-

1073 2731 1083 2748 t
1103 2722 1203 2758 ψειαν,
1221 2723 1297 2758 παρὰ
1315 2722 1370 2749 τῶν
1392 2723 1513 2758 ἀδελφῶν
1538 2722 1585 2749 καὶ
1608 2723 1816 2751 συνεπισκόπων

1076 2779 1086 2796 ι
1103 2769 1149 2796 καὶ
1161 2769 1417 2806 ὑπομιμνήσκεσθαι
1436 2769 1483 2796 καὶ
1500 2768 1673 2804 διορθοῦσθαι
1694 2769 1816 2804 ὀφείλου-

1073 2825 1083 2842 t
1102 2824 1156 2842 σιν.
1174 2815 1311 2849 Ἅπαντες
1327 2816 1454 2853 εἰρήκασι
1465 2823 1471 2831 ³
1481 2816 1536 2843 Καὶ
1547 2813 1624 2850 οὗτος
1634 2816 1647 2842 6
1656 2816 1721 2852 ὄρος
1732 2817 1816 2851 στήτω

1075 2870 1086 2890 ι
1103 2861 1260 2895 ἀσάλευτος.
1278 2871 1288 2888 ι
