1938 3085
109 108 174 143 1481

672 105 713 138 IN
727 105 811 138 CAN.
829 104 897 138 XVI
910 103 1015 137 CONC.
1032 105 1185 137 SARDIC.

1646 104 1714 137 1482

133 165 232 194 ΒΔΛΣ.
253 163 283 191 '0
302 162 334 196 ιζ’
364 162 455 191 κανὼν
485 164 536 200 τῆς
559 163 642 200 ἑκτης
666 165 789 198 συνόδου,
807 171 890 200 μετα.

975 164 1073 193 BALS.
1087 164 1226 200 Septimus
1240 164 1361 192 decimus
1375 170 1463 192 canon
1476 168 1559 191 sexu:
1572 162 1668 199 synodi
1681 160 1726 198 qui

99 212 262 247 γενέστερος
273 209 323 243 ὣν,
337 209 529 245 καθαιρεῖσθαι
546 209 696 245 διορίζεται
707 210 755 237 καὶ
767 209 830 241 τοὺς
843 209 889 236 δε·-

101 257 236 292 ξαμένους
252 256 299 283 καὶ
313 255 377 286 τοὺς
392 254 547 290 δεχθέντας.
566 254 715 289 Ἀνάγνωθι
730 255 777 282 καὶ
788 254 837 290 τῆς
859 255 890 281 ἐν

100 302 206 338 Νικαίᾳ
223 300 332 328 συνόδου
347 300 449 327 κανόνα
465 299 516 334 ις’,
533 300 583 337 τῆς
608 301 638 328 ἐν
663 300 829 336 Καρθαγένῃ
852 299 889 327 νόν

100 348 149 374 καὶ
159 349 184 380 ιιι
200 346 270 382 (80).

136 394 261 421 ΖΩΝΑΡ.
278 393 348 429 Περὶ
362 393 459 421 τούτου
472 392 522 420 καὶ
533 393 548 420 ό
560 386 598 426 ις’
611 391 702 420 κανὼν
724 392 774 427 τῆς
796 392 826 420 ἐν
840 392 890 419 Νι-

100 439 170 475 καίᾳ
185 439 300 476 πρώτης
315 439 437 473 συνόδου,
455 439 503 467 καὶ
517 440 531 466 ό
549 438 582 471 ιζ’
593 439 642 474 τῆς
656 442 684 471 ς’
699 438 820 472 συνόδου,
842 438 891 466 καὶ

99 486 115 512 ὸ
127 486 175 521 τῆς
191 485 221 512 ἐν
236 485 404 522 Καρθαγένῃ
415 485 452 512 νδ¹
464 485 511 512 καὶ
537 486 562 518 1,]
578 484 759 518 διαλέγονται,
776 484 821 511 ῐνα
850 484 889 520 μή

100 539 143 563 τις
155 531 309 564 ἐπίσκοπος
323 532 418 567 ἐτέρου
431 530 583 558 ἐπισκόπου
604 531 735 566 κληρικὺν
764 530 889 567 δέχηται,

100 575 117 611 ἢ
134 577 275 612 χειροτονῇ
292 576 375 603 αὐτὸν
390 577 431 608 εἰς
445 575 558 611 μείζονα
577 575 706 611 προάγων
717 574 833 610 βαθμόν.
857 575 890 602 El.

100 622 129 648 δὲ
142 622 339 658 χειροτονήσει,
352 621 455 658 ἄκυρος
471 622 488 658 ἡ
503 621 657 657 χειροτονία
675 621 729 656 εἴη,
758 621 784 648 εί
808 621 846 657 μὴ
874 621 889 647 ό

101 667 234 702 πρότερος
249 668 401 705 ἐπίσκοπος
413 668 460 695 τοῦ
473 667 607 703 κληρικοῡ
633 667 740 694 ἐκείνου
754 667 890 703 ἐπιτρέψῃ

101 712 152 747 τὴν
165 713 344 748 χειροτονίαν.
364 713 396 740 οι
417 713 446 739 δὲ
464 712 544 740 τοῦτο
557 713 665 745 ἑαυτοῖς
682 712 889 749 ἐπιτρέψαντες,

100 758 225 784 τουτέστι
236 758 267 785 τὸ
281 758 477 786 οἰκειώσασθαι
499 758 515 794 ἦ
530 758 580 786 καὶ
593 760 782 795 χειροτονῆσαι
811 758 890 785 ἀλλό-

101 812 180 840 τριον
193 804 337 840 κληρικὺν,
362 804 516 840 ὀφείλουσιν
541 804 802 840 ὑπομιμνήσκεσθαι
825 806 891 841 περὶ

100 850 198 877 τούτου
210 851 260 877 καὶ
274 850 449 886 διορθοῦσθαι
462 849 538 887 παρὰ
548 850 604 878 τῶν
626 850 750 885 ἀδελφῶν
764 850 810 877 καὶ¹
825 858 888 877 συν·
902 843 927 874 Β

101 896 272 924 επισχόπων.
294 897 323 923 '0
336 896 364 923 δὲ
377 894 409 923 ιλ¹
423 895 514 923 κανὼν
529 895 579 931 τῆς
605 894 633 928 ς’
659 895 781 930 συνόδου,
805 904 889 931 μετα-

101 941 268 976 γενεστέρας
285 940 370 976 οὔσης
385 940 461 975 παρὰ
483 939 587 975 ταύτην
598 939 648 975 τὴν
677 939 796 972 σύνοδον,
824 940 889 972 τοὺς

101 985 197 1012 ἔκτοτε
223 985 308 1020 χωρὶς
336 984 453 1020 γνώμης
482 984 529 1011 τοῦ
550 984 652 1010 οίκείου
674 983 825 1011 ἐπισκόπου
848 985 889 1016 είς

102 1030 200 1064 ἑτέραν
217 1029 446 1065 μεταχωροῦντας
460 1029 609 1064 ἐκκλησίαν
627 1029 820 1065 καθαιρεῖσθαι
844 1036 890 1056 κε-

101 1079 185 1112 λεύει,
202 1079 250 1106 κα¹ι
262 1079 327 1111 τοὺς
346 1077 564 1113 ὑποδεξαμένους
583 1077 694 1110 αὐτούς.

102 1167 216 1197 ΛΡΙΣΤ.
239 1176 250 1193 ι
270 1166 322 1193 Τὸν
337 1166 478 1202 ἀλλότριον
501 1165 641 1201 ὑπηρέτην
669 1163 809 1200 ἀλλότριος
829 1164 890 1200 δίχα

108 1213 112 1216 ⁷
137 1222 148 1238 ι
163 1213 213 1248 τῆς
227 1212 333 1239 ἐκείνου
352 1212 466 1247 γνώμης
491 1211 633 1247 ἐμϐαθμον
648 1210 781 1242 καθιστὰς
798 1210 891 1237 καθίσ-

140 1267 150 1285 ι
169 1266 258 1294 τησιν,
277 1257 335 1285 ἀλλ’
348 1257 484 1285 άὸέόαιον.
497 1265 506 1283 ι

138 1347 177 1374 Οὐ
191 1347 233 1374 δεῖ
255 1346 406 1375 ἐπίσκοπον
422 1346 565 1382 ἀλλότριον
582 1346 716 1382 κληρικδν
740 1345 894 1382 παραδέχε-

101 1393 176 1426 σθαι,
191 1392 238 1420 καὶ
262 1394 303 1425 είς
320 1392 425 1428 βαθμόν
435 1400 496 1420 τινα
512 1392 620 1419 τάττειν
637 1392 719 1419 αὐτὸν
742 1391 805 1418 ἄνευ
821 1391 892 1426 γνὼ-

101 1447 157 1475 μης
172 1438 218 1466 τοῦ
233 1438 299 1466 ἰδίου
316 1439 479 1466 ἐπισκόπου.
497 1439 529 1466 El
542 1438 571 1465 δέ
592 1438 737 1470 τιςτοῦτο
765 1438 891 1473 ποιήσει,

101 1485 149 1512 καὶ
164 1485 209 1511 τὸν
224 1484 367 1520 ἀλλότριον
378 1485 408 1511 ἑν
418 1484 458 1521 τῷ
475 1484 534 1520 ἰδίῳ
549 1484 645 1520 κλήρῳ
670 1485 891 1519 ἐγκαταστήσει·

100 1530 203 1566 ἄκυρος
229 1529 277 1558 καὶ
307 1530 435 1562 ἁσέσαιος
459 1531 476 1566 ἠ
503 1530 618 1566 τοιαύτῃ
643 1529 720 1558 ἔσται
750 1529 889 1558 κατάστα-

102 1585 158 1609 σις.

399 1622 519 1650 ΚΑΝΩΝ
535 1623 593 1657 ις’.

106 1680 116 1697 ι
143 1670 246 1702 ’Δέτιος
261 1669 414 1702 ἐπίσκοπος
426 1667 503 1698 εἶπεν
514 1677 522 1686 ·
541 1670 598 1697 Οὐκ
612 1670 734 1704 ἀγνοεῖτε
753 1669 834 1698 ὁποία
846 1671 894 1698 καὶ

146 1725 156 1742 ι
177 1715 280 1751 πηλίκη
297 1715 427 1750 τυγχάνει
442 1715 460 1750 ἡ
481 1714 536 1742 τῶν
552 1715 777 1742 Θεσσαλονικέων
791 1716 892 1752 μητρό-

144 1770 153 1788 ι
172 1761 258 1792 πολις.
272 1760 407 1792 Πολλάκις
419 1760 566 1795 τοιγαροῦν
579 1761 620 1792 είς
630 1760 715 1796 αὐτὴν
728 1761 781 1788 ἀπὸ
791 1761 892 1796 ἐτέρων

143 1817 154 1833 ι
173 1807 314 1842 ἐπαρχιῶν
333 1806 518 1842 πρεσϐύτεροι
543 1806 591 1833 καὶ
630 1805 750 1834 διάκονοι
774 1806 893 1843 παρατί-

146 1863 156 1880 ι
174 1861 276 1887 νονται,
293 1852 342 1880 καὶ
368 1853 420 1879 οὐκ
443 1851 609 1888 ἀρκούμενοι
628 1851 745 1888 βραχέος
767 1851 891 1887 διαγωγῇ

147 1910 156 1926 ι
174 1901 284 1936 χρόνου,
297 1898 508 1934 ἐναπομένουσι,
526 1898 574 1925 καὶ
587 1898 698 1925 ἅπαντα
726 1897 773 1925 τὸν
797 1898 892 1934 χρόνον

147 1955 156 1972 ι
172 1945 266 1972 αὐτόθι
295 1943 437 1976 ποιοῦντες
457 1942 636 1977 διατελοῦσιν,
671 1942 688 1978 ἢ
716 1942 793 1978 μόλις
821 1943 892 1978 μετὰ

147 2000 157 2017 ι
175 1991 304 2018 πλεῖστον
323 1990 418 2026 χρόνον
436 1991 475 2022 είς
489 1989 538 2022 τὰς
555 1988 661 2016 ἑαυτῶν
675 1989 819 2016 ἐπανιέναι
843 1990 891 2016 ἑκ-

149 2045 159 2063 (
177 2035 293 2072 κλησίας
307 2035 520 2070 ἀναγκάζονται.
541 2034 610 2070 Περὶ
628 2034 734 2061 τούτων
763 2034 810 2062 οὖν
831 2035 891 2070 όριη

144 2091 153 2108 ι
173 2083 260 2109 στέον.
279 2081 372 2113 ὀσιος
389 2081 539 2112 ἐπίσκοπος
558 2079 654 2107 εἶπεν
672 2077 752 2107 οὗτοι
771 2080 796 2107 οι
821 2080 890 2115 ὅροι,

146 2139 155 2155 ι
172 2129 198 2156 οἶ
212 2129 259 2156 καὶ
273 2128 319 2155 ἐπὶ
347 2127 402 2155 τῶν
423 2127 582 2154 ἐπισκόπων
605 2126 765 2162 ὡρισμένοι,
789 2125 891 2160 φυλατο

148 2186 158 2202 ι
177 2176 318 2203 τέσθωσαν
331 2175 378 2203 καὶ
400 2174 448 2201 ἐπὶ
462 2172 564 2200 τούτων
579 2172 634 2200 τῶν
653 2171 818 2208 προσώπων.

88 2219 92 2221 “
144 2221 240 2248 ΒΔΔΣ.
257 2221 313 2247 Καὶ
323 2217 400 2251 οὗτος
412 2219 426 2246 ό
442 2219 533 2246 κανῶν
549 2219 614 2254 περὶ
627 2217 681 2245 τῶν
708 2217 890 2253 μετατιθεμέ-

108 2275 162 2294 νων
174 2265 315 2302 κληρικῶν
329 2265 385 2292 ἀπὸ
404 2265 510 2297 πόλεως
523 2265 563 2297 είς
578 2263 658 2291 πόλιν
672 2263 769 2299 ἑτέραν
797 2263 891 2299 διαγο-

110 2312 196 2347 ρεύει.
211 2311 268 2338 Καὶ
282 2309 419 2345 ἀνάγνωθι
433 2310 468 2337 τὰ
490 2309 555 2345 περὶ
568 2308 678 2341 τούτους
701 2308 841 2344 γραφέντα
862 2309 892 2336 ἐν

109 2358 249 2393 διαφόροις
263 2357 371 2385 κανόσι,

148 2403 273 2431 ΖΩΝΔΡ,
290 2402 346 2429 Καὶ
361 2398 438 2433 οὗτος
451 2401 465 2427 ὸ
481 2401 573 2429 κανὼν
596 2401 661 2437 περὶ
680 2400 735 2428 τῶν
752 2399 894 2436 μετατιθε-

111 2451 199 2488 μένων
220 2448 360 2485 κληρικῶν
376 2448 431 2475 ἀπὸ
453 2447 557 2479 πόλεως
573 2449 614 2480 είς
632 2447 711 2475 πόλιν
723 2447 820 2483 ἑτέραν
835 2447 894 2474 δια-

110 2497 229 2533 γορεύει,
246 2497 337 2524 καὶτὰ
352 2497 402 2533 ἠδη
419 2496 484 2532 περὶ
492 2495 581 2522 αὐτῶν
595 2495 736 2532 ὡρισμένα
750 2495 893 2531 τηρεῖσθαι

110 2544 307 2572 διακελεύεται.

941 215 983 238 est
995 211 1140 243 recentior,
1157 210 1234 246 jubet
1245 218 1292 239 eos
1308 210 1405 246 deponi
1434 215 1461 238 et
1489 210 1534 245 qui
1551 214 1729 245 susceperunt

941 261 969 284 et
985 257 1031 292 qui
1045 257 1163 292 suscepti
1180 260 1253 286 sunt.
1272 256 1344 292 Lege
1360 261 1388 284 et
1403 255 1519 284 Nicaeum
1534 256 1630 291 synodi
1645 263 1729 284 cano-

942 311 1004 331 nem
1020 303 1065 337 16,
1082 303 1306 338 Carthaginensis
1315 309 1434 331 canones
1446 301 1481 330 64
1493 307 1520 330 et
1537 301 1585 329 90.

963 409 965 411 -
979 393 1105 421 ΖΟΝΑΕ.
1122 393 1179 421 Hac
1193 393 1227 422 de
1240 401 1269 421 re
1278 393 1392 421 Nicaeae
1403 382 1510 428 quoque
1522 392 1616 428 prima
1630 393 1728 426 synodi

943 447 1034 469 canon
1048 440 1169 468 decimus
1192 442 1308 472 sextus,
1327 443 1355 467 et
1384 443 1468 466 sextae
1494 438 1588 473 synodi
1608 438 1730 466 decimus

941 487 1083 522 septimus,
1095 490 1123 514 et
1135 485 1357 521 Carthaginensis
1368 484 1608 520 quinquagesimus
1616 488 1729 519 quartus

942 538 969 561 ct
984 533 1174 570 nonagesimus
1191 532 1338 560 disserunt.
1353 531 1404 564 Qui
1416 531 1526 566 quidem
1543 537 1559 558 ο
1569 537 1729 565 quocunque

941 580 1068 615 episcopo
1078 578 1190 607 alterius
1200 579 1318 615 episcopl
1338 578 1469 606 clericum
1493 576 1622 609 admitti,
1647 580 1730 611 atque

942 627 978 655 ab
988 634 1021 655 eo
1033 627 1067 654 ad
1082 626 1206 654 altiorem
1218 625 1324 654 ordinis
1332 625 1444 660 gradum
1461 622 1614 658 promoveri
1625 626 1729 649 vetant.

942 673 982 701 Ac
994 673 1017 701 si
1031 673 1103 708 quis,
1120 672 1176 699 nisi
1191 671 1271 707 primi
1284 670 1417 706 episcopi,
1429 669 1508 704 cujus
1521 675 1537 696 e
1555 668 1658 696 ditione
1672 666 1730 695 cle-

942 719 1017 746 ricus
1029 721 1080 751 est,
1101 716 1231 745 facultate
1245 715 1431 744 intercedente
1446 733 1454 746 ,
1471 717 1612 749 promotus
1627 711 1729 743 fuerit,

943 763 1114 792 collationem
1136 761 1324 798 ejusordinis
1346 760 1452 788 irritam
1480 765 1542 786 esse
1570 758 1730 786 decernunt.

943 810 994 843 Qui
1009 816 1076 837 vero
1086 809 1136 837 sibi
1152 808 1205 836 hoc
1219 807 1412 843 permiserint,
1424 810 1453 833 ut
1468 805 1510 832 vel
1534 804 1652 832 alienum
1674 802 1731 830 cle-

941 856 1026 883 ricum
1043 855 1096 882 sibi
1111 853 1261 887 vindicent,
1277 852 1319 880 vel
1332 852 1420 880 eidem
1440 850 1638 878 ecclesiasticos
1657 847 1731 878 ordi-

941 908 990 930 nes
1006 901 1149 929 conferant
1159 919 1168 933 ,
1183 907 1215 928 ea
1228 900 1262 927 de
1277 906 1307 926 re
1322 905 1337 926 a
1357 896 1488 925 fratribus
1513 899 1541 924 et
1564 894 1730 930 coepiscopis

941 946 1081 976 admoneri
1094 951 1122 974 et
1135 945 1234 979 corrigi
1251 944 1358 972 debent.
1376 943 1465 971 Sexta:
1476 948 1542 969 vero
1553 940 1660 976 synodi,
1669 946 1732 975 quas

943 994 994 1022 liae
1008 993 1142 1028 posterior
1155 978 1220 1024 fuit,
1237 990 1359 1017 decimus
1375 978 1506 1024 septimus
1521 994 1619 1020 canon,
1637 986 1682 1020 qui
1695 992 1731 1012 ex

942 1047 975 1067 eo
988 1043 1107 1074 tempore
1120 1038 1224 1072 absque
1240 1035 1360 1071 episcopi
1376 1035 1419 1063 sui
1445 1033 1575 1061 facultate
1599 1033 1625 1060 in
1649 1031 1729 1061 aliam

943 1085 1085 1114 ecclesiam
1112 1082 1293 1115 transierint,
1329 1081 1429 1116 quique
1461 1082 1592 1115 praeterea
1620 1075 1730 1105 eosdem

943 1129 1105 1166 receperint,
1123 1127 1311 1164 segregatione
1335 1125 1490 1154 multandos
1516 1131 1577 1165 esse
1595 1121 1729 1150 decernit.

943 1175 1059 1206 ARIST.
1079 1184 1089 1202 ι
1107 1175 1230 1202 Alienum
1243 1173 1418 1204 ministrum,
1435 1171 1457 1198 si
1475 1170 1579 1198 alienus
1602 1168 1670 1196 citra
1698 1166 1731 1194 il-

983 1233 994 1250 ι
1012 1223 1065 1250 lius
1081 1220 1201 1257 episcopi
1215 1225 1377 1247 consensum
1404 1217 1431 1245 in
1445 1216 1535 1251 aliquo
1557 1215 1641 1250 gradu
1666 1220 1733 1240 cono

984 1278 994 1295 ι
1013 1269 1118 1299 stituat,
1133 1265 1273 1294 constituit
1285 1264 1407 1300 quidem,
1422 1263 1469 1291 sed
1481 1260 1617 1290 ordinatio
1631 1263 1674 1288 est
1690 1259 1731 1286 in-

985 1325 995 1342 s
1014 1314 1112 1342 valida.
1133 1322 1144 1339 ι

980 1361 1039 1389 Non
1051 1363 1159 1395 oportet
1177 1359 1334 1393 episcopum
1358 1356 1477 1384 alienum
1503 1353 1632 1382 clericum
1659 1352 1732 1380 reci-

947 1415 1022 1444 pere,
1039 1403 1108 1436 etin
1126 1406 1216 1441 aliquo
1230 1405 1315 1440 gradu
1332 1411 1393 1431 eum
1421 1401 1567 1433 collocare.
1589 1400 1647 1427 slne
1668 1405 1732 1434 pro-

946 1455 997 1490 prii
1010 1453 1130 1490 episcopi
1145 1452 1294 1480 voluntate.
1311 1450 1339 1478 Si
1359 1449 1419 1485 quis
1433 1451 1522 1476 autem
1548 1446 1600 1474 hoc
1615 1444 1730 1477 fecerit,

947 1507 975 1531 et
989 1501 1105 1529 alienum
1117 1499 1145 1527 in
1162 1505 1210 1527 sua
1222 1496 1343 1525 Ecclesia
1356 1493 1537 1527 constituerit,
1551 1492 1629 1521 irrita
1645 1495 1672 1520 et
1688 1490 1731 1518 in-

945 1549 1023 1577 ﬁrma
1041 1547 1094 1576 erit
1107 1543 1260 1574 istiusmodi
1274 1541 1447 1571 constitutio.

1183 1633 1263 1671 504
1274 1631 1388 1662 cauos
1407 1631 1476 1659 xvr.

946 1694 956 1712 ι
977 1683 1071 1712 Aetius
1087 1682 1230 1717 episcopus
1244 1680 1314 1708 dixit
1330 1688 1337 1706 :
1357 1679 1415 1707 Non
1434 1677 1566 1712 ignoratis
1581 1674 1731 1710 cuiusmodi

980 1739 991 1756 ι
1010 1734 1038 1757 et
1053 1733 1154 1764 quanta
1184 1728 1220 1756 sit
1246 1723 1532 1754 Thessalonicensium
1560 1721 1731 1757 metropolis.

985 1785 994 1802 ι
1015 1776 1092 1810 saepe
1106 1775 1199 1809 itaque
1213 1773 1246 1801 ad
1266 1780 1327 1800 eam
1338 1779 1372 1800 ex
1384 1771 1445 1798 aliis
1459 1768 1605 1806 provinciis
1621 1767 1733 1804 presby-

984 1832 993 1850 ι
1012 1822 1063 1850 terl
1077 1825 1104 1849 et
1121 1819 1226 1850 diaconi
1246 1819 1397 1850 accedunt;
1424 1820 1451 1844 et
1478 1815 1569 1843 brevis
1602 1812 1732 1847 temporis

980 1877 990 1894 ι
1011 1874 1086 1895 mora
1103 1872 1156 1893 non
1171 1864 1310 1895 contenti,
1329 1864 1499 1896 permanent,
1518 1863 1545 1886 et
1558 1865 1638 1885 omne
1663 1860 1733 1884 tem-

984 1923 993 1940 ι
1012 1921 1063 1949 pus
1077 1912 1131 1941 illic
1148 1914 1260 1946 agentes
1274 1908 1448 1942 transigunt;
1473 1905 1520 1932 ,vel
1551 1904 1595 1931 vix
1622 1903 1730 1931 tandem

985 1970 994 1987 ι
1014 1965 1076 1997 post
1085 1958 1232 1995 plurimum
1245 1961 1350 1991 tempus
1362 1955 1388 1982 in
1401 1960 1464 1981 suas
1483 1950 1615 1979 ecclesias
1631 1949 1730 1976 reverti

981 2016 992 2034 ι
1011 1994 1154 2042 coguntur.
1171 2003 1210 2031 De
1230 2002 1263 2031 iis
1291 2007 1356 2036 ergo
1379 1997 1562 2027 deﬁniendum
1581 2000 1632 2024 est;
1649 1994 1732 2022 Osius

982 2062 991 2079 ι
1011 2041 1154 2088 episcopus
1171 2049 1239 2078 dixit
1253 2056 1261 2075 :
1280 2047 1317 2075 Ea
1331 2047 1451 2078 decreta,
1466 2051 1526 2079 qua:
1541 2041 1585 2088 der
1597 2041 1731 2088 episcopis

980 2107 990 2125 ι
1007 2085 1154 2126 constituta
1169 2098 1245 2128 sunt,
1257 2096 1399 2121 serventur
1421 2089 1503 2118 etiam
1526 2088 1554 2116 in
1578 2085 1731 2122 hujusmodi

981 2153 991 2170 ‹
1009 2140 1145 2178 personis.
1165 2148 1175 2165 ι

961 2260 970 2267 _
980 2231 1078 2261 BALS.
1097 2229 1146 2257 Hic
1160 2235 1267 2264 quoque
1279 2234 1366 2255 canon
1382 2226 1415 2254 de
1429 2223 1547 2267 clericis,
1560 2222 1605 2258 qui
1623 2228 1639 2249 ο
1665 2220 1732 2267 civi-
1751 2206 1753 2208 ⁷

946 2264 1002 2305 tate
1027 2276 1055 2303 in
1075 2275 1154 2302 aliam
1168 2273 1305 2301 civitatem
1334 2275 1485 2304 transeunt,
1512 2264 1642 2304 l'oqultur.
1665 2265 1733 2294 Vide

946 2330 1005 2359 qua
1019 2323 1052 2351 de
1068 2329 1101 2350 eo
1115 2321 1214 2355 scripta
1232 2324 1295 2347 sunt
1308 2319 1335 2346 in
1348 2317 1463 2346 diversis
1480 2315 1639 2344 canonibus.

982 2409 1109 2439 ZONAB.
1126 2408 1175 2437 Hic
1189 2414 1298 2444 quoque
1313 2413 1401 2435 canon
1421 2406 1455 2434 de
1469 2404 1575 2433 clericis
1592 2411 1626 2431 ex
1637 2402 1689 2430 alia
1704 2402 1730 2429 iu

948 2457 1029 2485 aliam
1042 2456 1135 2484 urbem
1165 2453 1348 2490 migrantibus
1373 2451 1512 2488 loquitur;
1537 2456 1651 2486 qumque
1677 2448 1732 2484 iam

948 2509 1011 2533 ante
1023 2504 1057 2532 de
1071 2503 1104 2532 iis
1120 2501 1271 2531 constituta
1288 2504 1351 2529 sunt
1367 2499 1470 2528 servari
1482 2497 1568 2532 jubet.

721 2614 818 2647 Guill.
836 2615 1004 2658 Beveregii
1023 2617 1118 2648 note’.

114 2725 133 2752 Β
149 2689 204 2752 ἳεο)
226 2689 284 2731 Τῆς
295 2689 329 2717 ἐν
339 2690 512 2730 Καρθαγᾷνῃ
524 2689 568 2717 γε’
583 2689 632 2718 καί
654 2691 690 2732 ιις.
703 2691 776 2733 Loco
795 2690 894 2719 horum

136 2733 149 2752 a
163 2732 284 2752 samoms
305 2727 450 2752 verborum
464 2733 491 2751 In
515 2732 567 2752 ms.
586 2725 754 2752 Etcmensi.
778 2726 835 2752 haec
851 2729 891 2752 le-

136 2725 284 2753 alsamonls
305 2727 450 2752 verborum
464 2725 491 2751 in
515 2732 567 2753 ms.
586 2725 754 2759 Etcniensi,
778 2726 835 2754 haec
851 2729 891 2754 Ie-

110 2764 226 2796 ‘guntur,
246 2760 301 2796 Τῆς
316 2761 348 2796 ἐν
361 2759 515 2796 Ἀντιοχείᾳ
532 2762 632 2796 κανόνα
648 2760 699 2796 κβ¹·
713 2762 764 2796 τῆς
784 2762 814 2788 ἐν
826 2761 900 2789 Χαλ¹

113 2794 206 2830 ἱιηδόνι
222 2794 322 2822 κανόνα
338 2795 450 2822 δέκατον
471 2794 519 2822 καὶ
534 2794 569 2822 κ’·
581 2794 697 2822 ἐνταῦθα
709 2794 808 2823 κανόνα
825 2797 900 2830 πρῶ-

113 2828 169 2865 τον,
183 2828 217 2865 β’,
232 2833 263 2857 ιε’
281 2830 407 2857 συνόδου·
423 2830 604 2866 Καρθαγένης
627 2831 663 2857 νϐ’
685 2833 732 2858 καὶ
754 2830 779 2865 ι(
792 2828 900 2868 συνόδου

272 2876 404 2909 Psmon.
425 2877 481 2908 Gn.
501 2876 673 2908 CXXXVII.

949 2694 973 2726 ιιι
988 2691 1089 2719 κανόνα
1107 2689 1139 2722 ιζ’
1164 2687 1217 2726 καὶ.
1239 2689 1275 2716 κ’.
1295 2686 1396 2726 δῃῃοάἰ
1416 2682 1585 2726 έῃιίοῇίιεμαξ
1600 2689 1732 2726 functum

948 2717 1231 2755 ξῖξγῖἓίῖαίσειίόηεηιίι
1252 2717 1366 2750 εοη,Ἱυ
1379 2726 1403 2748 et
1416 2720 1463 2747 ‘20.
1491 2717 1580 2755 Hujus
1595 2723 1654 2755 μνη.
1672 2724 1733 2743 can.

952 2753 1051 2794 71:27“
1067 2761 1111 2789 15.
1136 2759 1237 2795 δυιιοᾴί
1249 2756 1466 2795 ϐαννιίιιιρρπςηρὶι
1486 2754 1554 2795 Stet
1567 2753 1602 2795 90
1617 2756 1734 2795 είξᾳιιιξ

952 2786 1048 2832 turgidi-
1066 2786 1194 2824 5,1055...
1211 2794 1243 2821 ΓΙ
1257 2792 1339 2820 c120.
1352 2786 1407 2833 :Sed
1424 2791 1483 2831 lucc
1507 2786 1663 2830 Balsamoni
1681 2794 1734 2814 non

955 2831 1136 2861 adscribeuda
1151 2833 1230 2858 sunt-
1249 2835 1339 2864 neque
1354 2835 1381 2854 In
1395 2827 1449 2854 alio
1463 2823 1558 2852 codice
1572 2824 1692 2850 exstant.

1516 2870 1551 2901 47
