1938 3085
249 176 364 205 Αιιιετ.
377 186 387 202 ι
401 175 465 209 Ωυιε
480 173 515 202 de
528 172 643 209 longiori
658 171 846 207 episcoporum
859 176 935 197 mora
951 170 998 197 de-
1014 176 1036 200 Α

253 234 262 251 ι
281 224 354 252 ﬁnita
369 227 441 254 sunt,
458 221 490 248 de
516 218 683 256 presbyteris
713 217 793 246 etiam
822 223 855 243 ac
883 215 1002 243 diaconis

251 279 261 296 ι
280 269 333 297 vim
350 266 471 295 habent.’
483 275 492 292 ι

250 316 392 342 Decretum
407 316 449 340 est
464 311 618 346 episcopum
640 316 719 337 suum
745 315 852 344 gregem
877 314 929 335 non
956 306 1005 334 de-

214 367 315 391 serere,
331 363 358 386 et
373 357 400 385 in
418 357 503 384 aliena
516 356 628 383 civitate
643 355 786 388 plusquam
804 359 862 381 tres
875 353 1004 388 septima-

214 412 263 432 nas
279 411 367 439 agere.
379 402 453 431 idem
469 402 561 437 itaque
578 400 647 428 etde
663 399 828 436 presbyteris
840 404 868 426 et
878 398 1004 426 diaconis

216 457 335 486 priesens
347 456 434 477 canon
451 447 590 480 decernit;
609 451 636 474 et
651 452 698 473 eos
712 445 840 472 nimirum
863 443 1004 478 plusquam

217 501 271 525 tres
291 495 454 532 septimanas
482 493 611 522 ecclesias
634 498 697 520 sua:
725 499 780 519 non
808 490 1005 525 derelinquere.

508 580 621 609 CANON
635 578 718 607 XVII.

219 641 228 656 σ
248 630 304 658 lloc
317 635 422 665 quoque
435 627 546 663 placuit,
562 631 590 653 ut
606 626 628 654 si
639 626 699 660 quis
714 625 856 660 episcopus
873 624 926 650 vim
938 630 1003 657 pas-

255 686 264 703 ι
284 684 330 704 sus
346 675 443 709 injuste
458 673 561 708 cjectus
575 674 620 706 sit,
639 672 680 700 vel
706 675 817 707 propter
840 670 982 697 scientiam
994 687 1003 700 ν

254 731 263 748 ι
283 722 323 749 vel
340 725 449 756 propter
459 719 600 747 catholica:
621 718 750 746 Ecclesiae
782 716 980 744 confessionem
997 735 1003 746 ,

255 776 264 793 ι
281 767 323 794 vel
339 770 449 800 propter
469 764 592 791 veritatis
620 763 803 791 defensionem
818 780 826 793 ,
854 765 882 789 et
904 760 1009 796 fugiens

256 822 265 839 ι
286 811 447 847 perieulum,
462 810 595 838 innocens
615 815 643 836 et
670 807 853 836 exsecrationi
873 807 1009 841 subjectus

256 868 266 885 |
283 843 310 885 in
326 857 407 885 aliam
428 855 522 884 urbem
545 856 672 887 venerit,
698 861 732 881 ne
754 853 927 888 prohibeatur
949 851 1006 879 illic
1020 843 1044 872 Β

258 912 267 929 ι
283 902 374 930 tandiu
389 909 478 936 agerc,
493 901 579 928 donec
597 903 761 931 revertatur,
778 898 819 926 vel
833 906 846 924 a
864 897 936 925 facta
953 897 1003 924 sibi

257 957 266 974 ι
283 947 380 982 injuria
406 945 491 981 possit
517 944 703 972 liberationem
731 944 875 971 invenire.
906 943 1006 970 Durum

258 1003 266 1020 ι
285 994 355 1021 enim
371 996 428 1024 est,
447 996 529 1026 atque
544 991 612 1018 adeo
629 989 819 1026 gravissimum
835 1008 843 1022 ,
861 995 922 1015 eum
937 1007 945 1021 ,
961 988 1007 1022 qni

258 1048 268 1066 ι
283 1039 409 1074 injustam
434 1037 592 1072 ejectionem
607 1042 703 1070 passus
719 1039 780 1068 est,
809 1041 824 1060 a
849 1034 925 1061 nobis
951 1041 1004 1060 non

258 1096 267 1113 ι
284 1085 395 1120 suscipi.
410 1084 517 1112 lsenim
532 1083 610 1111 debet
639 1090 653 1109 a
679 1082 757 1109 nobis
785 1081 902 1116 plurima
933 1081 1009 1109 beni-

258 1140 268 1157 ι
287 1130 390 1165 guitate
402 1133 430 1158 et
449 1129 616 1157 humanitate
631 1127 730 1162 excipi.
750 1136 759 1153 I

255 1175 354 1202 BALS.
380 1174 449 1202 Cum
473 1174 581 1209 plurimi
606 1180 724 1201 canones
754 1177 876 1200 statuant
895 1180 948 1200 non
962 1173 1007 1200 de-

221 1224 285 1250 bere
312 1222 466 1257 episcopum
493 1221 519 1248 in
548 1219 635 1247 aliena
659 1219 766 1254 regione
794 1218 863 1246 ultra
895 1223 1003 1254 tempus

224 1268 384 1303 praefinitum
399 1266 521 1298 versari,
540 1273 613 1293 nunc
639 1265 731 1292 dicunt
752 1264 845 1291 Patres
866 1265 915 1291 hoc
949 1272 1002 1292 non

224 1311 325 1340 habere
340 1313 427 1339 locum
448 1312 474 1339 in
492 1311 625 1346 episcopis
640 1317 673 1338 ex
693 1310 818 1338 ecclesiis
832 1310 888 1336 suis
900 1309 1007 1344 ejectis,

223 1358 264 1385 vel
280 1361 390 1393 propter
408 1356 598 1388 scientiam,id
615 1359 667 1388 est,
683 1355 836 1382 divinorum
851 1355 1005 1390 dogmatum

224 1404 321 1430 bonam
337 1401 497 1434 doctrinam,
512 1401 552 1429 vel
562 1401 632 1436 quod
648 1401 827 1428 orthodoxam
847 1400 926 1428 fidem
943 1408 1009 1428 con-

225 1449 361 1481 fiteantur,
389 1447 430 1475 vel
451 1447 522 1482 quod
536 1454 582 1474 eos
597 1447 744 1474 defetlllant
758 1466 765 1480 ,
784 1447 830 1481 qui
858 1446 955 1481 injuria
971 1446 1012 1474 af-

224 1495 285 1522 fecti
303 1498 385 1527 sunt;
403 1497 432 1521 et
457 1493 517 1520 ideo
538 1497 648 1527 propter
674 1499 800 1526 magnam
823 1500 932 1520 causam
947 1511 955 1524 ,
980 1489 1036 1527 et)

226 1515 285 1522 ω-..
303 1515 385 1527 -.....,
405 1515 432 1521 ν.
458 1515 516 1520 ,ην
538 1515 585 1527 ι..-
609 1515 644 1519 .--
674 1515 717 1519 .__
825 1515 932 1520 ___.__,__
947 1515 955 1524 ,
982 1515 1008 1519 __

226 1547 352 1575 tauquam
370 1539 518 1574 perieulum
533 1515 682 1573 fugientes,
703 1515 735 1564 ui:
746 1537 790 1572 qui
803 1538 836 1564 ab
849 1538 888 1565 eis
900 1557 908 1569 ,
926 1544 941 1564 a
955 1537 1014 1572 qui-
1026 1515 1049 1547 Ο

226 1588 276 1615 bus
293 1585 398 1620 expulsi
412 1589 487 1617 sunt,
499 1591 547 1619 pro
558 1583 706 1610 exsecratis
720 1583 881 1614 habeantur,
898 1583 952 1609 sint
967 1590 1015 1608 au—

227 1636 280 1659 tem
295 1638 388 1658 rcvera
399 1631 519 1657 insontes
533 1637 541 1655 :
558 1629 604 1655 sed
619 1628 674 1655 sint
690 1629 716 1655 in
740 1627 801 1655 aliis
818 1630 926 1662 duoque
947 1627 1015 1653 civi-

228 1677 327 1704 tatibus
338 1676 397 1703 sine
415 1675 617 1710 impedimento,
633 1674 718 1700 donec
735 1673 815 1700 mina:
827 1672 940 1706 periculi
952 1679 1015 1700 ces-

227 1721 323 1753 sarint,
351 1725 379 1747 et
409 1719 529 1754 potuerit
559 1718 704 1753 episcopus
725 1718 752 1745 in
776 1717 920 1745 ecclesiam
950 1724 1011 1752 quae

227 1766 302 1793 illum
313 1765 406 1793 sortita
422 1769 475 1796 est,
490 1763 587 1790 reverti
602 1783 610 1796 ,
625 1763 665 1790 vel
687 1763 712 1790 ei
737 1763 808 1790 facta
835 1763 862 1789 in
884 1762 1016 1797 ejeelione

230 1810 327 1845 injuria
341 1809 478 1837 vindicata
494 1808 585 1836 fuerit.
600 1808 700 1835 Durum
723 1812 764 1835 est
786 1807 858 1834 enim
879 1811 906 1835 et
936 1807 1015 1834 inhu-

229 1864 350 1888 manum,
366 1862 426 1882 eum
441 1861 494 1881 non
512 1861 573 1881 cum
588 1853 660 1880 omni
686 1853 854 1887 benignitate
881 1860 896 1879 a
926 1851 1016 1880 fratri-

228 1903 278 1930 bus
292 1902 347 1929 suis
362 1900 458 1935 excipi.
473 1899 564 1932 Quare
577 1904 651 1931 uotn,
664 1898 737 1932 quod
753 1899 787 1926 ab
801 1898 907 1925 urbium
926 1897 1016 1932 regina

227 1947 326 1983 expelli
342 1954 396 1974 non
423 1945 523 1973 debent
546 1943 697 1972 Orientales
727 1943 845 1979 episcopi
868 1943 914 1978 qui
941 1942 1018 1970 sedes

229 2001 283 2021 non
299 1993 409 2024 habent,
427 1998 524 2026 nempe
543 1998 603 2018 cum
620 1988 743 2017 ecclesiae
767 1997 782 2016 a
797 1988 923 2024 gentibus
948 1987 1018 2015 deti—

230 2044 346 2066 neantur
366 2041 416 2066 :et
432 2037 480 2072 qui
501 2037 535 2064 ah
560 2036 660 2070 iniquis
680 2035 853 2062 exactoribus
876 2032 1018 2067 expellun-

230 2089 283 2118 tur,
297 2091 330 2112 eo
344 2084 415 2118 quod
427 2090 477 2118 pro
488 2083 533 2110 eis
546 2082 646 2114 dicant,
663 2080 708 2116 qui
729 2080 827 2115 injuria
855 2078 1017 2106 adiciuntur.

269 2216 392 2245 ZONAR.
413 2217 480 2244 Cum
493 2215 628 2250 episcopis
654 2214 680 2242 iu
706 2213 786 2241 aliam
809 2213 902 2241 urbem
931 2212 1019 2248 profe-

230 2263 293 2295 ctis,
311 2263 337 2290 in
353 2269 406 2296 qua
418 2261 487 2289 alter
502 2260 645 2296 episcopus
661 2259 708 2292 sit,
723 2259 793 2286 ultra
807 2263 862 2286 tres
874 2258 1022 2286 hebdoma-

231 2311 280 2336 das
303 2309 329 2335 in
352 2314 385 2335 ea
410 2305 572 2334 commorari
596 2305 708 2332 vetitum
737 2311 797 2332 esse
825 2303 905 2338 hujus
924 2303 1020 2339 synodi

233 2355 327 2382 Patres
345 2353 371 2380 in
387 2351 571 2387 superioribus
586 2350 774 2383 deliniverint;
787 2349 840 2377 hoc
870 2349 929 2376 loco
952 2356 1020 2375 non-

233 2401 314 2429 nullis
324 2398 521 2427 diuturniorem
542 2397 569 2424 iu
586 2396 672 2424 aliena
696 2395 808 2423 civitate
834 2402 940 2422 moram
965 2399 1021 2422 tra-

234 2445 315 2473 hendi
330 2443 486 2472 facultatem
501 2449 562 2470 esse
576 2441 735 2470 decernunt.
763 2439 842 2476 505
868 2438 938 2467 Sunt
956 2446 1021 2467 vero

232 2491 263 2522 ii,
276 2490 321 2525 qui
339 2495 387 2524 per
401 2487 526 2523 injuriam
539 2487 573 2513 ab
587 2485 711 2513 ecclesiis
730 2485 788 2512 suis
813 2483 914 2519 depulsi
938 2487 1019 2516 sunt;

233 2536 291 2562 sive
303 2541 396 2562 casum
415 2535 486 2561 hunc
502 2532 555 2560 illis
569 2531 683 2559 scientia
703 2529 871 2563 conciliarit,
894 2529 955 2564 quia
978 2528 1021 2556 ni-

232 2582 343 2614 mirum,
364 2585 489 2614 tanquam
529 2578 591 2605 ﬁdci
616 2577 740 2611 degmala
763 2576 869 2611 egregie
892 2575 1020 2602 eallereut

232 2633 395 2662 operamque
408 2625 502 2653 iisdem
521 2623 659 2652 tradendis
681 2622 876 2656 impenderent,
906 2620 1016 2647 haereti-

232 2679 325 2700 corum
338 2670 538 2704 conspiratione
558 2668 638 2704 ejecti
667 2666 766 2694 fuerint
788 2666 888 2700 :cuins
913 2665 1020 2700 generis

233 2717 317 2745 multa
343 2716 551 2752 imperatoribus
582 2713 741 2742 Constantio
769 2717 798 2739 ct
832 2709 944 2738 Valente
985 2710 1020 2738 ab

233 2762 341 2790 Arionis
357 2766 461 2797 patrata
479 2765 560 2794 sunt:
587 2760 645 2787 sive
667 2759 702 2786 ob
728 2756 856 2785 Ecclesiae
879 2754 1019 2783 catholicae

233 2801 449 2838 confessionem,
470 2807 532 2841 quia
559 2805 662 2832 scilicet
688 2809 853 2839 quaecunque
880 2800 1015 2827 catholica

230 2851 355 2881 Ecclesia
376 2852 469 2888 tradit,
481 2852 512 2880 de
528 2850 722 2880 iucarnatitmis
735 2848 858 2877 videlicet
876 2845 1015 2881 mysterio,

850 115 986 147 THEOD.
1010 113 1212 146 BALSAMON

1788 106 1880 138 11-85

1052 168 1161 195 ΑΡΙΣΤ.
1181 176 1190 193 ι
1219 167 1251 194 οι
1281 164 1328 194 ἰπὶ
1346 166 1396 202 τῆς
1420 165 1476 193 τῶν
1496 164 1654 192 ἐπισκόπων
1677 162 1878 200 βραδύτητος

1091 223 1100 239 ι
1120 214 1177 249 ὅροι
1192 214 1240 240 καὶ
1255 214 1301 239 ἐπὶ
1316 211 1513 249 πρεσϐυτέρων
1529 211 1577 238 καὶ
1605 210 1742 238 διακόνων
1759 210 1840 245 ἔχον-ι
1849 219 1877 236 σι

1064 254 1067 261 λ
1092 269 1100 286 ι
1121 259 1245 295 δύναμιν.
1259 268 1270 286 ι

1089 306 1216 341 Ὧρισται
1230 306 1277 333 etv
1294 305 1446 333 ἐπίσκοπον
1469 304 1507 341 μὴ
1529 304 1580 340 τὴν
1595 303 1702 331 οἰκείαν
1726 302 1877 338 ποίμνην

1055 352 1284 388 καταλιμπάνειν,
1305 352 1351 379 καὶ
1365 352 1393 379 ὲν
1409 351 1492 387 ἑτέρᾳ
1510 352 1587 378 πόλει
1600 350 1681 377 πλέον
1696 349 1794 385 τριῶν
1816 349 1877 375 ἑϐ-

1055 397 1180 433 δομάδων
1193 397 1384 434 ἐνδιατρίϐειν.
1401 397 1489 425 Τοῦτο
1498 397 1565 433 γοῦν
1579 396 1626 423 καὶ
1643 397 1691 423 ἐπὶ
1724 395 1875 432 πρεσϐυ-

1055 443 1144 479 τέρων
1159 444 1206 471 καὶ
1223 444 1356 472 διακόνων
1369 445 1383 472 ό
1399 443 1495 480 παρὼν
1512 443 1599 479 ὁρίζει
1626 441 1730 474 κανὼν,
1759 442 1796 468 τὸ
1827 441 1873 476 μὴ

1058 488 1141 516 πλέον
1155 489 1240 525 τριῶν
1253 490 1410 525 ἑϐδομάδων
1423 489 1470 518 καὶ
1482 490 1582 522 αὐτοὺς
1598 487 1647 521 τὰς
1664 488 1780 515 ἑαυτῶν
1815 488 1875 513 ἑκ-

1057 535 1172 571 κλησίας
1195 536 1446 572 ἀπολιμπάνεσθαι.

1363 582 1481 609 ΚΔΝΩΝ
1502 581 1554 609 ΙΖ’.

1061 654 1069 669 ι
1089 644 1144 670 Καὶ
1156 641 1235 670 τοῦτο
1252 642 1361 676 ήρεσεν,
1379 639 1432 671 ἵνα,
1450 638 1477 665 εί
1493 647 1535 670 τις
1550 637 1699 670 ἐπίσκοπος
1713 637 1782 674 βῑαν
1795 639 1873 665 ὕπο-

1092 698 1102 714 ι
1121 688 1216 724 μείνας
1239 687 1339 715 ἀδίκως
1354 684 1472 719 ἐκϐληθῇ
1490 683 1564 718 ἢδιά
1584 683 1632 718 τὴν
1648 683 1831 718 ἐπιστήμην,
1849 684 1868 719 ἢ

1097 743 1106 761 ι
1124 734 1169 761 διὰ
1179 734 1227 769 τὴν
1241 731 1390 768 ὁμολογίαν
1408 731 1457 764 τῆς
1476 728 1622 762 καθολικῆς
1640 728 1830 763 Ἐκκλησίας,
1850 728 1870 763 ἧ

1097 791 1106 807 ι
1127 781 1170 807 διὰ
1187 780 1236 814 τὴν
1264 778 1314 812 τῆς
1330 776 1460 812 ἀληθείας
1475 775 1607 807 ἐκδικίαν,
1622 775 1669 801 καὶ
1682 774 1802 809 φεύγων
1815 774 1870 801 τὸν

1098 836 1107 852 ι
1125 826 1258 856 κίνδυνον,
1271 824 1357 854 aeuo;
1367 823 1414 849 καὶ
1424 820 1636 855 καθωσιωμένος
1649 820 1687 847 ὢν
1700 821 1740 851 είς
1756 820 1869 855 ἑτέραν

1098 881 1108 899 ι
1131 871 1196 907 ἔλθῃ
1215 871 1304 903 πόλιν,
1323 869 1361 904 μὴ
1371 868 1510 902 κωλύηται
1524 867 1613 894 ἐκεῖσε
1646 867 1692 893 ἐπὶ
1723 865 1869 893 τοσοῦτον

1099 927 1108 943 ι
1128 917 1241 952 διάγειν,
1266 917 1319 948 ἱως
1334 916 1368 942 ἂν
1390 913 1540 950 ἐπανέλθῃ,
1560 913 1576 948 ἢ
1600 913 1647 948 τῆς
1663 913 1775 948 ὕϐρεως
1809 913 1867 949 τῆς

1103 973 1111 989 ι
1129 964 1279 998 γενομένης
1297 962 1373 997 αὐτῷ
1394 961 1559 996 ἀπαλλαγὴν
1584 960 1714 996 εὑρέσθαι
1737 960 1866 996 δυνηθῇ.

1105 1019 1114 1035 ι
1135 1009 1255 1044 Σκληρδν
1267 1008 1320 1044 γὰρ
1329 1008 1378 1035 καὶ
1389 1006 1542 1042 βαρύτατον
1557 1005 1669 1032 ἐλασίαν
1677 1006 1774 1033 ἄδικον
1788 1007 1865 1032 ὑπιο-

1101 1065 1110 1081 ι
1130 1055 1305 1090 μεμενηκότα
1319 1054 1356 1089 μὴ
1370 1053 1551 1087 ὑποδέχεσθαι
1566 1052 1612 1087 ὑφ’
1627 1052 1717 1087 ἡμῶν.
1731 1051 1788 1078 Ill:
1795 1051 1864 1087 ίστῃ

1103 1109 1112 1126 ι
1133 1100 1186 1135 γὰρ
1201 1099 1392 1134 καλοκαγαθίᾳ
1407 1098 1452 1125 καὶ
1469 1098 1656 1134 φιλοφροσύνῃ
1672 1097 1782 1133 ὀφείλει
1805 1107 1865 1125 πα.-

1100 1155 1110 1172 ι
1129 1145 1285 1182 ραδὲχεσθαι
1296 1147 1309 1172 ό
1319 1144 1448 1177 τοιοῦτος.
1465 1154 1474 1171 ι

1098 1193 1196 1219 ΒΔΛΣ.
1211 1192 1351 1227 Διαφόρων
1369 1191 1488 1218 κανόνων
1508 1189 1704 1226 διοριζομένων
1735 1189 1775 1225 μὴ
1801 1190 1862 1217 διά-

1061 1247 1120 1273 γειν
1138 1238 1288 1265 ἐπίσκοπον
1303 1238 1342 1268 είς
1357 1238 1454 1272 ἑτέραν
1467 1236 1576 1270 ἐνορίαν
1590 1235 1722 1262 ἐπέκεινα
1745 1235 1797 1262 τοῦ
1814 1244 1860 1263 νε-

1063 1284 1229 1320 νομισμένου
1255 1284 1363 1319 καιροῦ,
1385 1283 1447 1317 ἄρτι
1474 1282 1556 1317 φασὶν
1576 1281 1600 1308 οἱ
1625 1281 1748 1317 Πατὲρες
1775 1281 1860 1308 τοῦτο

1063 1331 1102 1366 μὴ
1116 1332 1226 1366 κρατεῖν
1243 1331 1282 1362 είς
1295 1329 1358 1362 τοὺς
1374 1329 1543 1360 ἐπισκόπους
1558 1328 1621 1359 τοὺς
1631 1327 1856 1362 ἐκϐαλλομένους

1061 1377 1114 1403 ἀπὸ
1128 1375 1182 1402 τῶν
1198 1374 1349 1410 ἐκκλησιῶν
1367 1374 1475 1406 αὐτῶν,
1493 1373 1510 1408 ἢ
1536 1372 1581 1399 διὰ
1607 1372 1656 1407 τὴν
1684 1373 1857 1407 ἐπιστήμην,

1062 1422 1187 1449 τουτέστι
1202 1422 1251 1456 τὴν
1269 1420 1335 1455 περὶ
1349 1420 1384 1446 τὰ
1405 1419 1464 1446 θεῖα
1492 1418 1617 1454 δόγματα
1638 1418 1791 1445 σπουδαίαν
1821 1419 1858 1444 δι-

1061 1468 1247 1502 δασκαλίαν,ἢ
1260 1467 1303 1494 διὰ
1317 1468 1347 1493 τὸ
1361 1466 1502 1502 ὁμολογεῖν
1511 1465 1560 1500 τὴν
1584 1464 1725 1500 ὀρθόδοξον
1747 1465 1853 1496 πίστεν,

1065 1515 1136 1550 ἤδιά
1148 1515 1178 1541 τὸ
1190 1515 1312 1541 ἐκδικεῖν
1330 1512 1394 1544 τοὺς
1416 1511 1611 1547 ἠδικημένους,
1635 1510 1787 1536 κάντεῦθεν
1815 1510 1856 1536 δια

1070 1560 1192 1596 μεγάλην
1207 1560 1295 1586 αἰτίαν
1313 1558 1360 1585 καὶ
1373 1558 1410 1589 ὡς
1427 1557 1579 1592 φεύγοντας
1594 1555 1641 1582 τὸν
1656 1555 1798 1588 κίνδυνον,
1814 1555 1855 1581 λο-

1068 1605 1229 1640 γιζομένους
1245 1605 1295 1640 μὲν
1315 1603 1544 1637 καθωσιωμένους
1557 1601 1633 1636 παρά
1646 1600 1701 1627 τῶν
1712 1600 1856 1627 ἐκϐαλλόν-

1067 1661 1121 1679 των
1136 1651 1246 1683 αὐτοὺς,
1259 1650 1338 1682 ὄντας
1347 1649 1376 1676 δὲ
1390 1650 1423 1684 τῇ
1437 1648 1551 1684 ἀληθείᾳ
1563 1648 1667 1679 ἁθὼους
1678 1654 1687 1662 ’
1704 1646 1763 1674 ἀλλ’
1772 1647 1855 1673 εστω-

1069 1706 1118 1725 σαν
1135 1696 1183 1724 κα¹ι
1212 1697 1252 1728 είς
1273 1696 1371 1731 ἑτέρας
1397 1695 1491 1725 πόλεις
1519 1693 1679 1724 ἀκωλύτως,
1707 1692 1764 1719 εςτν
1788 1693 1854 1727 avi)

1069 1743 1169 1779 ἀπειλὴ
1185 1743 1232 1770 τοῦ
1248 1742 1376 1769 κινδύνου
1387 1741 1489 1776 παυθῇ,
1503 1740 1551 1767 καὶ
1562 1739 1663 1774 δυνηθῇ
1675 1740 1689 1765 ό
1703 1740 1853 1770 ὲπῐσκοπος

1070 1791 1109 1822 εἰς
1124 1789 1174 1825 τὴν
1186 1787 1322 1824 λαχοῦσαν
1341 1788 1422 1815 αὐτὸν
1437 1787 1575 1819 ἀπελθεῖν,
1589 1786 1605 1821 ἢ
1623 1785 1755 1820 ἐκδικηθῇ
1783 1786 1802 1820 ἡ
1825 1787 1854 1811 ὲκ

1070 1836 1118 1871 τῆς
1134 1835 1293 1866 ἀπελάσεως
1305 1834 1486 1869 ἐπιγενομένη
1507 1832 1596 1868 τούτῳ
1620 1831 1709 1868 ὕϐρις.
1734 1832 1853 1867 Σχληρδν

1070 1881 1125 1916 γὰρ
1137 1881 1183 1908 καὶ
1200 1879 1410 1915 ἀφιλάνθρωπόν
1426 1880 1484 1905 ἐστι
1499 1877 1538 1914 μὴ
1550 1876 1772 1913 φιλοφρονεῖσθαι
1786 1877 1853 1911 μετὰ

1071 1927 1161 1963 πάσης
1178 1926 1346 1961 ἀγαθότητος
1362 1926 1407 1952 τὶν
1421 1924 1542 1952 τοιοῦτον
1557 1924 1634 1959 παρά
1648 1923 1702 1950 τῶν
1729 1923 1853 1950 συναδέλ-

1071 1981 1128 2008 φων
1144 1972 1238 2000 αὐτοῦ.
1265 1972 1346 1998 Ὥστε
1375 1971 1528 2006 σημείωσαι
1554 1970 1596 1997 ὃτι
1626 1970 1676 1996 οὐκ
1700 1968 1853 2003 ὀφείλουσιν

1071 2019 1126 2047 ἀπὸ
1142 2019 1191 2054 τῆς
1205 2017 1398 2054 βασιλευούσης
1412 2017 1466 2043 τῶν
1497 2017 1602 2043 πόλεων
1627 2014 1806 2043 ἐκϐάλλεσθαι
1828 2015 1852 2040 οι

1071 2064 1224 2094 ἀνατολικοὶ
1241 2063 1396 2096 ἐπίσκοποι,
1413 2063 1436 2089 ei
1454 2062 1492 2097 μὴ
1507 2062 1616 2097 ἔχοντες
1633 2060 1801 2095 καθίσματα,
1815 2059 1850 2091 ὡς

1070 2111 1126 2138 τῶν
1141 2109 1294 2146 ἐκκλησιῶν
1310 2108 1400 2136 αὐτῶν
1414 2107 1607 2143 κατεχομένων
1633 2106 1711 2142 παρά
1735 2106 1788 2132 τῶν
1807 2106 1848 2131 illo

1072 2156 1142 2187 νῶν,”
1156 2157 1203 2184 καὶ
1219 2156 1244 2182 οἱ
1260 2154 1335 2190 παρὰ
1349 2154 1404 2181 τῶν
1424 2153 1524 2180 ἀδίκων
1541 2152 1705 2188 πρακτόρων
1727 2151 1849 2185 διοιχόμε-

1032 2191 1058 2221 D
1072 2211 1122 2235 νοι,
1141 2201 1185 2228 διὰ
1198 2201 1228 2228 me
1241 2201 1332 2234 λέγειν
1346 2200 1416 2235 ὑπὲρ
1435 2199 1489 2226 τῶν
1504 2198 1701 2233 ἀδικουμένων,

1106 2247 1230 2274 ΖΩΝΔΡ.
1251 2246 1392 2282 Ἀνωτέρω
1414 2244 1608 2279 διαταξάμενοι
1633 2244 1659 2270 οί
1678 2242 1728 2278 τῆς
1748 2241 1847 2268 συνόδου

1072 2294 1172 2328 ταύτης
1187 2292 1309 2327 Πατέρες
1325 2292 1387 2322 τοὺς
1406 2290 1540 2320 ἀπιόντας
1555 2289 1723 2320 ἐπισκόπους
1736 2289 1774 2319 είς
1795 2287 1848 2313 ἑτέ‹

1073 2347 1122 2374 ραν
1139 2339 1215 2365 πόλιν
1231 2337 1347 2372 ἔχουσαν
1363 2337 1514 2363 ἐπίσκοπον
1531 2335 1569 2370 μὴ
1587 2334 1669 2361 πλέον
1691 2333 1746 2360 τῶν
1772 2333 1847 2368 τριῶν

1071 2384 1227 2420 ἑϐδομάδων
1246 2385 1304 2410 ἐκεῖ
1321 2382 1482 2419 διατρίϐειν,
1505 2380 1625 2408 ἐνταῦθα
1649 2387 1706 2406 τισι
1737 2380 1782 2405 καὶ
1805 2378 1846 2404 ἐπὶ

1072 2431 1139 2458 πολὺ
1156 2429 1322 2466 προσμένειν
1349 2426 1550 2463 συγχωροῦσιν.
1576 2422 1656 2453 οὗτοι
1684 2424 1708 2451 δ’
1736 2424 1802 2450 εἰσιν
1823 2423 1845 2448 ol

1072 2477 1170 2508 ἀδίκως
1182 2475 1377 2510 ἐκϐαλλόμενοι
1392 2473 1447 2500 τῶν
1472 2471 1628 2506 ἐκκλησιῶν
1649 2470 1741 2497 αὐτῶν
1765 2468 1781 2504 ἢ
1807 2468 1846 2495 διὰ

1071 2523 1120 2560 τὴν
1146 2523 1314 2557 ἐπιστήμην,
1341 2521 1427 2556 ἦγουν
1456 2518 1495 2550 ὡς
1520 2517 1699 2552 ἐπιστάμενοι
1732 2515 1779 2550 τὴν
1798 2514 1845 2540 τῶν

1071 2559 1214 2604 δογμάτων
1226 2566 1277 2601 τῆς
1293 2565 1412 2596 πίστεως
1423 2562 1579 2598 ἀκρίϐειαν,
1593 2562 1642 2587 καὶ
1657 2561 1760 2604 ταύτην
1781 2559 1846 2586 διδά-

1074 2602 1197 2647 σκοντες,
1211 2612 1259 2639 καὶ
1270 2612 1345 2647 παρὰ
1358 2608 1504 2646 αἱρετικῶν
1521 2607 1706 2642 ἐλαυνόμενοι,
1719 2602 1763 2632 οἶα
1776 2605 1845 2639 γεγό-

1071 2658 1134 2686 νασι
1154 2660 1230 2693 παρά
1239 2658 1294 2685 τῶν
1311 2655 1458 2692 Ἀρειανῶν
1470 2654 1516 2681 ἐπὶ
1538 2652 1586 2680 τοῦ
1605 2650 1793 2680 Κωνσταντίου
1806 2650 1845 2677 καὶ

1071 2705 1118 2732 τοῦ
1133 2704 1294 2737 Οὖάλεντος,
1309 2703 1326 2739 ἦ
1338 2702 1383 2729 διὰ
1396 2701 1447 2738 τὴν
1458 2699 1607 2736 ὁμολογίαν
1634 2698 1684 2733 τῆς
1709 2695 1846 2730 καθολικῆς

1077 2750 1252 2786 Ἐκκλησίας,
1268 2750 1307 2781 ὡς
1325 2746 1532 2784 ὁμολογοῦντες,
1549 2746 1600 2772 ὅσα
1613 2744 1630 2778 ἡ
1644 2742 1778 2777 καθολικὴ
1793 2741 1845 2768 ‘Ex-

1071 2797 1183 2831 κλησία,
1205 2797 1290 2831 ἧγουν
1316 2794 1366 2830 τὴν
1386 2793 1521 2827 ἐνσαρκον
1545 2788 1712 2824 οῑκονομίςιν,
1742 2787 1786 2813 καὶ
1807 2786 1844 2831 δτι

1072 2829 1136 2876 Gai;
1149 2829 1274 2878 ἀληθινός
1290 2829 1364 2868 ἐστιν
1376 2840 1390 2867 ό
1404 2836 1531 2873 Χριστὸς,
1547 2835 1593 2863 καὶ
1604 2833 1764 2870 διωκόμενοι
1774 2829 1845 2858 πάλαι
