1938 3085
124 93 193 127 “85

668 96 708 129 IN
723 98 808 130 CAN.
825 96 894 130 XIX
910 94 1015 129 CONC.
1029 97 1178 132 SARDIC.

1679 105 1746 136 1486

127 150 176 185 μὲν
192 149 268 185 παρά
289 150 345 176 τῶν
363 150 554 186 παλαιοτέρων
577 152 720 187 βασιλέων,
742 153 855 190 ὕστερον
887 155 931 183 δὲ,

1002 164 1054 191 quo
1066 165 1129 185 vera
1142 157 1243 187 Christi
1258 159 1406 191 divinitate,
1421 159 1505 188 teneri
1528 167 1542 187 a
1569 166 1599 189 se
1626 161 1753 189 universa

124 196 174 222 καὶ
191 195 267 231 παρά
281 195 329 223 τοῦ
349 196 506 238 Ἰουλιανοῦ,
521 198 536 232 ἢ
557 197 595 230 ὡς
617 199 687 234 ὑπὲρ
705 200 756 234 τῆς
783 200 912 236 ἀληθείας

125 242 261 276 λέγοντες,
281 243 328 268 καὶ
358 242 545 277 ἀδικουμένων
571 244 618 270 καὶ
642 245 911 280 καταδυναστευομέ-

126 295 180 313 νων
194 286 430 322 ὑπερμαχοῦντες,
449 285 494 314 οἷα
509 287 547 323 τῷ
564 289 675 324 μεγάλῳ
703 290 839 327 Βασιλείῳ
863 301 912 326 γε-

127 333 222 366 γόνασι
238 334 285 360 καὶ
299 333 338 368 τῷ
353 334 548 369 Χρυσοστόμῳ,
562 336 609 362 καὶ
624 335 715 368 ἄλλοις
726 337 842 369 πολλοῖς.
860 339 913 365 Τὸν

127 379 193 413 γοῦν
208 379 278 407 οὕτω
296 380 460 415 διωκόμενον
476 381 508 407 ὲκ
522 382 571 416 τῆς
592 382 741 417 ἐκκλησίας
755 383 839 411 αὐτοῦ
854 385 912 411 dai—

127 434 184 456 κως
197 426 304 460 ἀνάγκη
320 427 361 457 είς
372 426 468 462 ἑτέραν
487 427 568 454 πόλιν
583 428 696 455 ἀπιέναι
717 429 852 464 φεύγοντα
868 430 913 457 τὸν

128 470 259 504 κίνδυνον,
274 471 362 496 ἀθῶον
384 471 433 506 μὲν
457 473 524 499 ὄντα
555 472 627 500 κατὰ
642 473 673 500 τὸ
706 474 786 506 εὐθές
816 483 846 501 τε
865 476 914 502 καὶ

127 517 242 547 δίκαιον,
256 516 467 552 καθωσιωμένον
480 518 508 545 δὲ
522 518 567 546 διὰ
588 518 639 553 τὴν
668 520 829 548 δυναστείαν
858 521 914 547 τῶν

127 562 280 588 διωκόντων
303 562 395 588 αὐτόν.
425 563 643 598 Καθωσιωμένος
671 565 694 591 δ’
721 565 794 593 ἐστὶν
822 566 836 592 ό
863 566 915 600 ἁφ-

127 616 278 650 ωρισμένος
294 616 334 647 είς
351 616 470 644 κόλασιν.
481 616 532 643 Τὸν
553 617 682 652 τοιοῦτον,
693 619 776 654 φησὶν
788 619 802 645 ὁ
814 619 914 653 κανὼν,

965 203 1177 238 proﬁterentur:
1195 211 1247 240 qua
1269 212 1301 233 ex
1327 212 1407 233 causa
1434 206 1549 241 primum
1570 206 1694 241 quaedam
1718 206 1753 234 ab

965 250 1084 284 antiquis
1101 250 1318 285 imperatoribus,
1346 256 1438 286 postea
1460 258 1474 278 a
1499 250 1607 280 Iuliano
1633 253 1754 280 adversm

966 302 1139 333 tempestates
1151 298 1295 332 exstitere;
1308 298 1365 326 siue
1378 298 1412 326 ob
1423 298 1544 326 veritatis
1557 298 1752 333 patrocinium,

967 353 1070 380 proque
1084 345 1116 372 iis
1130 344 1174 380 qui
1190 344 1369 379 potentiorum
1389 344 1528 372 dominatu
1550 341 1651 379 injuste
1663 344 1755 378 oppri-

967 398 1106 419 merentur
1120 395 1272 425 susceptam
1286 390 1486 418 dimicationem
1501 410 1508 422 ,
1521 390 1591 425 quod
1613 390 1640 417 in
1658 398 1757 424 magno

967 433 1076 468 Basilio,
1092 435 1294 472 Chrysostomo,
1313 435 1426 470 aliisque
1447 435 1537 462 multis
1555 434 1683 469 contigit,
1697 434 1758 462 fue-

968 483 1022 510 rint
1037 483 1184 510 exturbati.
1208 481 1367 517 Quicunque
1393 481 1477 517 igitur
1507 480 1558 508 hac
1587 481 1692 508 ratione
1721 480 1758 508 ab

969 529 1082 557 ecclesia
1097 536 1145 556 sua
1162 535 1208 564 per
1223 528 1350 564 injuriam
1365 527 1511 562 depellitur
1527 547 1535 559 ,
1553 526 1581 553 in
1610 524 1691 553 aliam
1711 533 1758 552 nr-

969 576 1029 603 bem
1053 574 1154 602 vitandi
1180 574 1293 610 periculi
1316 581 1396 601 causa
1425 572 1535 601 secedat
1558 579 1669 600 necesse
1693 575 1757 603 est;

970 621 1096 648 innoxius
1109 621 1132 648 is
1143 620 1259 655 quidem,
1275 619 1296 646 si
1316 627 1358 646 res
1373 625 1448 654 :equa
1465 619 1543 646 lance
1557 618 1674 645 librctur
1689 637 1696 650 ,
1712 618 1760 644 sed

131 661 167 696 μὴ
187 661 342 688 κωλύεσθαι
357 662 507 696 διατρίϐειν
523 663 551 689 ὲν
565 664 648 700 ἑτέρᾳ
679 664 768 697 πόλει,
798 666 851 697 ἕως
876 667 916 698 είς

1002 673 1110 693 reorum
1131 666 1299 701 potentiam,
1322 665 1370 700 qni
1397 665 1534 692 hominem
1570 663 1759 695 insectantur,

129 707 178 742 τὴν
193 707 298 734 οἰκείαν
314 708 451 744 ἐπανέλθῃ
468 709 556 741 πόλιν,
573 710 618 737 τὸν
631 710 715 744 φόϐον
727 711 775 737 τοῦ
791 710 915 739 κινδύνου

1002 712 1150 740 :secrationi
1175 712 1321 746 subjectus.
1349 709 1531 738 Exsecrationi
1560 714 1651 737 autem
1672 709 1762 743 subje-

130 753 267 787 ἐκφυγὼν.
286 753 302 789 ἢ
329 754 378 789 τῆς
400 754 506 789 ὕϐρεως
522 755 572 790 τῆς
590 756 736 791 γινομένης
747 756 821 792 αὐτῷ
833 758 919 784 ἀπαλ-

1002 767 1032 786 us
1047 762 1088 787 est
1102 759 1244 792 quisquam
1259 757 1391 792 supplicio
1405 757 1566 784 destinatus.
1589 755 1658 783 lluic
1678 755 1762 790 igitur

130 800 233 834 λαγείς.
248 800 346 835 ’Ύδριν
361 800 389 826 δὲ
411 798 488 835 οἴμαι
510 800 560 835 τὴν
583 802 715 829 ἀπέλασιν
732 802 782 837 τὴν
809 803 841 829 ὲκ
870 803 917 830 τοῦ

1002 805 1084 838 ιηιὶηί,
1100 806 1162 831 dum
1179 804 1205 830 in
1219 811 1294 831 suam
1307 801 1413 836 urbem,
1426 803 1527 830 evitato
1547 800 1660 836 periculi
1675 805 1761 833 metu,

131 845 226 880 θρόνου
243 844 328 871 αὑτοῦ
341 845 481 879 ὀνομάζει.
499 845 621 880 Σκληρὺν
636 848 700 881 γὰρ,
718 848 795 881 φησὶ.
810 849 858 873 καὶ
876 848 919 883 βα-

1002 857 1018 879 ιι
1034 849 1186 886 ignominia:
1200 853 1259 876 nota
1275 849 1389 876 liberato
1403 867 1410 881 ,
1427 848 1525 875 reverti
1551 847 1631 875 liceat
1649 846 1762 882 (notam

132 891 257 926 ρύτατον,
274 891 320 918 τὸν
335 891 434 922 ἀδίκως
445 891 496 926 τῆς
514 891 620 922 πόλεως
643 892 725 919 αὑτοῦ
749 892 920 932 ἀπελαθέντα

1002 903 1052 923 ιτνο
1065 896 1237 931 ignominiaa,
1256 895 1325 929 quod
1344 902 1359 921 a
1375 901 1423 921 sua
1439 893 1504 921 sede
1521 892 1650 928 depulsus
1666 896 1739 919 esset
1752 911 1761 924 ,

133 937 171 971 μὴ
204 936 382 972 ὑποδέχεσθαι
406 937 482 972 παρά
521 937 576 963 τῶν
612 939 821 966 συνεπισκόπων
852 940 921 973 μετά

1002 949 1024 968 ιο
1041 941 1100 968 loco
1112 940 1207 974 opinor
1221 940 1358 974 intelligi),
1375 940 1402 966 in
1439 938 1525 966 aliena
1556 934 1622 965 urbe
1651 935 1763 971 (tegendi

132 982 233 1017 πολλῆς
250 981 452 1016 φιλοφροσύνης
469 982 516 1009 καὶ
531 983 710 1018 ἀγαθὸτητος,
723 984 807 1019 ἤγουν
822 985 922 1020 προθύ-

1002 987 1127 1014 cultatem
1147 993 1206 1013 esse
1224 992 1310 1012 canon
1328 984 1461 1011 decernit.
1481 983 1580 1010 Durum
1605 982 1678 1010 enim
1693 1002 1700 1014 ,
1718 981 1762 1010 in-

135 1036 191 1062 μως
203 1029 248 1055 καὶ
264 1028 372 1062 ἱλαρῶς.

1002 1033 1044 1064 Iit,
1059 1037 1086 1060 et
1101 1039 1182 1065 grave
1197 1031 1340 1058 admodum
1356 1030 1447 1062 fuerit,
1462 1029 1485 1057 si
1500 1028 1639 1057 hominem
1670 1036 1684 1055 a
1713 1036 1763 1056 sua

133 1074 241 1102 civitate
256 1075 440 1110 pcrinjuriam
458 1075 608 1108 exclusum,
630 1076 711 1103 multa
732 1083 791 1104 cum
816 1078 985 1107 humanitate
998 1086 1030 1107 ac
1043 1079 1176 1110 bonitate,
1202 1078 1252 1104 hoc
1278 1081 1330 1109 est,
1356 1080 1480 1111 prompto
1504 1074 1642 1110 alacriqne
1663 1074 1765 1103 animos

134 1122 284 1156 coepist-opi
300 1129 351 1148 non
368 1122 513 1157 excipiant.
556 1112 560 1116 I

134 1166 247 1194 ΑΡΙΣΤ.
265 1176 274 1193 ι
299 1166 413 1198 ’Λδίκως
444 1168 594 1200 ἐπίσκοπος
607 1168 798 1204 ἐλαυνόμενος,
823 1172 847 1198 εἰ
874 1173 920 1200 ἐπὶ

1002 1172 1085 1201 RIST.
1109 1181 1118 1197 ‹
1136 1170 1283 1205 Episcopus
1305 1167 1402 1202 injuste
1419 1168 1556 1202 expulsus,
1577 1166 1599 1194 si
1625 1166 1652 1194 in
1678 1166 1764 1193 aliena

176 1222 185 1238 ι
203 1213 252 1247 τῆς
266 1213 411 1248 ἀλλοτρίας
427 1213 528 1248 διάγοι,
553 1214 673 1248 δεκτέος,
688 1215 740 1249 ἕως
766 1217 815 1253 τὴν
843 1217 922 1254 ὓϐριν

1014 1230 1023 1247 ‹
1040 1218 1178 1254 provincia
1194 1217 1286 1253 degat,
1304 1214 1502 1250 suscipiendus,
1523 1213 1608 1240 donec
1619 1210 1652 1239 ab
1669 1209 1767 1246 injuria

173 1268 183 1284 ε
200 1259 415 1287 ὲπανασώσαιτο.
432 1269 441 1286 ι

1015 1276 1024 1293 ι
1043 1266 1186 1293 liberetur.
1206 1275 1215 1291 ι

175 1314 184 1330 ι
203 1305 255 1332 Τὸν
268 1305 351 1340 τῦφον
364 1306 412 1333 καὶ
426 1306 476 1341 τὴν
499 1305 661 1338 ἀλαζονείαν
676 1308 701 1334 ei
719 1308 841 1343 Πατέρες
867 1317 924 1336 κω-

1014 1312 1127 1341 Fastnm
1145 1316 1172 1340 et
1188 1310 1395 1340 ostentationem
1422 1306 1596 1344 prohibentes
1610 1304 1704 1333 Patres
1717 1326 1724 1339 ,
1741 1305 1767 1332 in

137 1351 246 1384 λῦοντες
262 1352 433 1387 προσέταξαν
451 1352 487 1387 μὴ
500 1352 545 1386 ἐφ’
557 1353 651 1380 ίκανδν
664 1353 760 1390 καιρὸν
776 1355 925 1382 ἐπίσκοπον

1002 1358 1112 1387 ιίιηὰοιῑε
1130 1358 1262 1386 dederunt
1283 1357 1439 1391 episcopum
1458 1354 1484 1381 in
1511 1352 1599 1380 alieno
1613 1351 1768 1386 episcopatu

139 1398 168 1423 ἐν
180 1397 311 1432 ἀλλοτρίᾳ
326 1398 464 1434 ἐπισκοπῇ
488 1398 656 1434 διατρίϐειν·
686 1400 711 1426 εί
729 1399 757 1426 δέ
778 1409 822 1432 τις
847 1401 863 1436 ἢ
882 1401 926 1428 διὰ

1002 1406 1092 1432 mltum
1107 1404 1236 1439 temporis
1249 1411 1304 1431 non
1321 1403 1472 1430 absumere.
1489 1399 1518 1427 Si
1535 1398 1596 1433 quis
1620 1402 1710 1425 autem
1726 1396 1770 1423 vel

138 1444 188 1477 τὴν
199 1443 343 1478 ὁμολογίαν
358 1443 407 1478 τῆς
421 1444 560 1480 ἡμετέρας
579 1444 708 1478 πίστεως,
729 1445 745 1481 ἢ
761 1446 804 1472 διὰ
815 1446 864 1482 τὴν
879 1447 927 1481 τῆς

139 1489 269 1524 ἀληθείας
283 1489 435 1524 ἐκδίκησιν,
459 1490 508 1524 τῆς
538 1490 606 1522 ιδίας
632 1490 737 1521 πόλεως
769 1491 926 1527 ἐκϐληθείη,

980 1456 1089 1488 propter
1102 1451 1160 1478 Iidei
1175 1453 1275 1487 nostra:
1295 1447 1503 1478 confessionem,
1525 1443 1566 1471 vel
1593 1445 1703 1478 propter
1722 1448 1771 1469 ve-

982 1487 1069 1525 ritatis
1081 1496 1306 1527 vindicationem,
1320 1501 1367 1522 sua
1382 1492 1491 1520 civitate
1504 1490 1639 1525 ejiciatur,
1652 1492 1679 1517 et
1691 1487 1770 1515 aliam

140 1536 187 1562 καὶ
198 1536 238 1568 είς
257 1535 354 1570 ἑτέραν
371 1536 475 1572 ἀπέλθῃ
494 1537 580 1569 πόλιν,
597 1537 628 1564 οὐ
645 1537 832 1572 κωλυθήσεται
871 1539 929 1566 ἐκεῖ

1002 1543 1058 1570 leat
1075 1541 1220 1571 civitatem,
1240 1539 1276 1566 ibi
1294 1539 1393 1573 degere
1408 1544 1460 1563 non
1472 1532 1674 1570 prohibebitur,
1685 1537 1772 1567 usque

140 1581 253 1615 διάγειν,
269 1581 367 1617 μέχρις
390 1582 424 1609 ἂν
448 1583 612 1619 ἀπαλλαγὴν
637 1584 729 1618 εὑρεῖν
753 1585 853 1620 δυνηθῇ
881 1586 929 1621 τῆς

141 1628 210 1662 πρὺς
221 1626 302 1654 αὐτὸν
316 1627 468 1663 γενομένης
491 1627 609 1662 ὕϐρεως.

439 1673 559 1700 ΚΔΝΩΝ
574 1672 628 1701 lH'.

147 1726 156 1741 I
174 1716 333 1749 Γαυδέντιος
350 1718 500 1750 ἐπίσκοπος
513 1716 590 1745 εἶπεν
601 1727 607 1733 ’
625 1718 717 1751 Οἶδας,
742 1720 839 1755 ἀδελφέ
871 1722 932 1748 ’Λέ-

182 1771 191 1787 ‹
209 1770 262 1794 τιε,
276 1762 315 1794 ὥς
327 1762 357 1789 τὸ
372 1764 525 1797 τηνικαῦτά
553 1772 617 1790 ποτε
645 1766 864 1798 κατασταθέντος
885 1767 931 1793 σιιῦ

183 1815 193 1832 ‹
212 1807 365 1834 ἐπισκόπου
394 1808 410 1843 ἡ
444 1808 540 1844 εἰρήνη
565 1809 658 1836 λοιπὸν
680 1809 865 1845 έῆρὰὃευσεν·
889 1813 933 1839 ἵνα

183 1863 191 1878 ι
213 1853 250 1888 μή
268 1861 330 1880 τινα
344 1853 459 1887 λείψανα
474 1853 608 1888 διχονοίας
620 1855 750 1890 περὶτῶν
780 1857 933 1892 ἐκκλησιῶν

187 1907 196 1923 ι
215 1897 395 1933 ὲναπομείνῃ,
424 1896 498 1930 ἔδοξε
526 1898 575 1924 καὶ
602 1899 666 1931 τοὺς
691 1901 767 1936 παρά
792 1901 933 1928 Μουσαίου

186 1952 195 1968 ι
213 1943 431 1975 κατασταθέντας
440 1943 487 1970 καὶ
501 1944 564 1976 τοὺς
575 1944 650 1979 παρὰ
663 1944 843 1980 Εὑτυχιανοῧ,
859 1947 935 1974 ἐπει-

187 1999 195 2014 ι
215 1989 246 2024 δὴ
263 1989 353 2016 αὐτῶν
367 1989 479 2025 οὐδεμία
487 1990 632 2026 εὑρίσκετο
648 1992 733 2025 αἰτία,
751 1992 854 2024 πάντας
865 1993 936 2020 ὑπο-
959 1989 963 1995 ’

181 2044 191 2061 ‹
210 2035 347 2071 δεχθῆναι.
374 2046 383 2062 ι

452 2081 570 2109 ΚΔΝΩΝ
587 2082 636 2110 IG'.

153 2137 162 2154 ι
183 2129 276 2160 Ὀσιος
289 2128 439 2160 ἐπίσκοπος
451 2128 530 2155 εἷπευ
549 2129 604 2164 Τῆς
617 2129 688 2164 ἐμῆς
717 2130 896 2165 μετριότητος
919 2132 936 2165 ὴ

984 1588 1046 1615 dum
1062 1587 1094 1614 ab
1108 1585 1204 1621 injuria
1218 1585 1271 1612 sibi
1285 1584 1354 1611 facta
1370 1581 1478 1609 liberari
1493 1584 1591 1616 potest.

1267 1671 1381 1701 CANON
1398 1669 1490 1698 XVIII.

990 1731 999 1747 ‹
1021 1721 1187 1748 Gaudentius
1202 1719 1346 1755 episcopus
1361 1717 1429 1744 dixit
1445 1725 1452 1743 :
1472 1716 1532 1743 Scis
1545 1735 1553 1748 ,
1576 1714 1662 1742 frater
1675 1712 1753 1741 Aetie
1765 1733 1773 1744 ,

1025 1777 1033 1794 ι
1052 1767 1122 1802 quod
1139 1771 1201 1794 tunc
1213 1786 1220 1798 ,
1234 1772 1297 1793 cum
1323 1764 1465 1799 episcopus
1481 1762 1643 1789 constitutus
1657 1766 1687 1788 es
1698 1779 1706 1792 ,
1723 1765 1774 1793 pas

1026 1821 1035 1838 ι
1053 1812 1179 1846 deinceps
1200 1811 1302 1846 viguit;
1319 1817 1352 1837 ne
1370 1809 1466 1843 aliqua:
1481 1807 1677 1835 discordiarum
1709 1804 1776 1832 reli—

1027 1866 1036 1882 ι
1054 1857 1123 1891 qniaa
1135 1857 1167 1883 de
1177 1856 1298 1883 ecclesiis
1314 1856 1480 1885 remaneant,
1493 1852 1581 1878 visum
1608 1854 1661 1883 est,
1682 1854 1711 1876 ut
1730 1849 1776 1884 qui

1029 1912 1036 1927 ι
1056 1909 1070 1928 a
1087 1901 1184 1928 Musaeo
1202 1904 1229 1927 et
1245 1897 1414 1934 Entychiano
1438 1896 1577 1924 constituti
1603 1899 1666 1922 sunt
1683 1914 1690 1928 ,
1713 1893 1776 1929 quia

1017 1957 1038 1982 ,ε
1058 1946 1130 1974 nulla
1148 1952 1240 1973 eorum
1256 1944 1333 1978 culpa
1349 1942 1536 1978 inveniebatur
1548 1961 1555 1974 ,
1578 1946 1674 1968 omnes
1692 1939 1778 1968 suscia

1031 2003 1041 2020 ι
1061 1996 1199 2029 perenttlr.
1220 2000 1229 2016 ι

1289 2078 1403 2109 CANON
1415 2077 1487 2105 XIX.

997 2141 1007 2158 ι
1026 2130 1105 2158 Osins
1120 2129 1264 2164 episcopus
1273 2126 1341 2154 dixit
1359 2133 1365 2151 :
1386 2124 1450 2152 Mea:
1462 2122 1656 2151 mediocritatis
1667 2122 1724 2149 haec
1737 2126 1779 2149 est

187 2184 196 2200 ι
214 2174 350 2208 ἀπόφασίς
366 2175 425 2201 ἐστι
452 2174 540 2209 αὖτη”
568 2174 662 2209 ἐπειδὴ
673 2174 772 2210 ἥσυχοι
800 2175 846 2202 καὶ
867 2175 931 2202 ὑπο‹

1028 2187 1037 2203 ι
1056 2175 1200 2204 sententia.
1215 2173 1282 2206 Quia
1299 2171 1380 2207 quieti
1408 2175 1435 2197 ct
1457 2169 1589 2204 patientes
1613 2174 1673 2195 esse
1697 2167 1779 2195 debe-

191 2230 199 2245 ι
220 2221 359 2255 μονητικοὶ
374 2220 519 2256 ὀφείλομεν
535 2217 616 2250 εἶναι.
638 2220 687 2246 καὶ
699 2220 798 2256 διαρκῆ
812 2221 856 2249 τὸν
872 2221 939 2257 πρὸς

194 2274 204 2291 ‹
223 2265 325 2296 πάντας
338 2265 410 2300 ἔχειν
429 2263 531 2299 οἶκτον,
554 2265 628 2298 exue
645 2267 707 2298 τοὺς
728 2269 769 2298 είς
783 2267 883 2302 κλῆρον
897 2268 942 2294 ὲκ-

193 2320 202 2336 ι
221 2310 416 2346 κλησιαστικδν
427 2311 618 2346 προαχθέντας
642 2311 695 2338 ὑπό
709 2320 792 2338 τινων
819 2313 942 2347 ἀδελφῶν

194 2365 203 2381 ‹
219 2355 310 2390 ἡμῶν,
325 2355 349 2381 εί
377 2356 415 2390 μὴ
429 2355 565 2391 βούλοιντο
584 2356 780 2392 ἐπανέρχεσθαι
795 2357 834 2389 είς
847 2356 878 2389 ἃς
893 2365 942 2384 κα-

192 2412 201 2427 ί
217 2401 430 2437 τωνομάσθησαν
458 2402 616 2438 ἐκκλησίας,
632 2402 678 2429 τοῦ
705 2402 800 2430 λοιποῦ
820 2403 857 2438 μὴ
875 2404 942 2430 ὑπο-

197 2458 206 2475 s
226 2448 365 2483 δέχεσθαι·
383 2448 549 2483 Εὑτυχιανδν
563 2448 592 2475 δὲ
615 2450 685 2483 μήτε
702 2449 854 2476 ἐπισκόπου
876 2450 942 2476 ἑαυ-

199 2506 208 2521 ι
225 2496 262 2531 τῷ
275 2495 417 2522 διεκδικεϊν
443 2495 530 2530 ὄνομα
544 2503 550 2510 ·
572 2495 628 2522 ἀλλ’
650 2496 711 2523 οὐδὲ
740 2496 878 2523 Μουσαῖον
906 2495 942 2528 ὡς

197 2551 207 2568 ι
224 2542 372 2570 ἐπίσκοπον
387 2540 558 2577 νομίζεσθαι.
580 2542 611 2568 Ei
631 2542 661 2569 δι
678 2542 776 2575 λαῖκὴν
799 2545 944 2570 κοινωνίαν

195 2597 203 2614 ι
223 2588 376 2621 ἀπαιτοῖεν,
395 2587 431 2623 μὴ
445 2588 545 2623 χρῆναι
562 2587 654 2619 αὐτοῖς
668 2587 821 2621 ἀρνεῖσθαι.
837 2587 941 2619 Πάντες

196 2643 205 2660 ι
225 2632 324 2661 εἶπαν·
345 2633 484 2669 Ἀρέσκει.

196 2680 297 2706 ΒΑΛΣ.
317 2679 349 2706 '0
364 2679 503 2711 Μουσαῖος
516 2678 562 2706 καὶ
574 2679 589 2705 ὸ
611 2679 790 2715 Εὑτυχιανδς,
804 2679 945 2717 ἀχειροτό-

158 2734 234 2760 νητοι
246 2726 334 2759 ὅντες,
348 2725 385 2758 ὡς
400 2725 547 2753 ἐπίσκοποι
567 2725 718 2761 κληρικοΰς
744 2735 821 2758 τινας
838 2727 945 2762 ἐχειρο-

159 2770 287 2805 τόνησαν.
303 2770 357 2797 Τοῦ
377 2769 443 2804 γοῦν
464 2769 628 2798 Γαυδεντίου
654 2769 823 2806 ζητήσαντος
835 2771 880 2799 διὰ
896 2771 946 2807 τὴν

162 2816 232 2843 κατὰ
250 2816 316 2843 Θεδν
346 2816 458 2852 εἰρήνην
486 2815 614 2852 δεχθῆναι
639 2816 702 2848 τοὺς
730 2816 807 2852 παρὰ
841 2817 944 2847 τούτων

1032 2232 1040 2249 ι
1061 2230 1130 2253 mus,
1148 2225 1173 2248 et
1188 2219 1364 2247 sunicientem
1380 2223 1443 2250 erga
1462 2222 1557 2242 omnes
1573 2213 1675 2241 habere
1698 2213 1780 2240 mise-

1031 2278 1040 2293 ‹
1061 2266 1205 2295 ricordiam
1221 2272 1279 2297 eos,
1298 2263 1343 2298 qui
1358 2261 1440 2290 semel
1453 2262 1479 2288 in
1496 2259 1598 2288 clerum
1609 2258 1783 2287 “ecclesiasti-

1033 2323 1042 2340 α
1061 2321 1122 2341 cum
1156 2312 1189 2338 ab
1217 2310 1351 2344 aliquibus
1378 2307 1507 2335 fratribus
1536 2306 1636 2334 nostris
1664 2305 1779 2340 promoti

1034 2369 1043 2385 ι
1062 2363 1135 2390 sunt,
1155 2358 1177 2385 si
1194 2356 1280 2383 nolint
1289 2355 1321 2382 ad
1335 2354 1463 2382 ecclesias
1478 2373 1486 2386 ,
1509 2353 1537 2380 in
1553 2360 1621 2388 quas
1649 2351 1780 2378 nominati

1034 2415 1043 2431 ι
1064 2409 1128 2432 sunt
1142 2403 1240 2434 redire,
1256 2402 1383 2436 deinceps
1411 2408 1463 2428 nun
1489 2399 1614 2427 admitti:
1633 2397 1780 2432 Eutycbia-

1033 2460 1042 2477 ι
1059 2458 1122 2478 num
1148 2453 1236 2476 autem
1266 2456 1300 2475 ne
1324 2446 1442 2481 episcopi
1469 2446 1576 2480 quidem
1601 2443 1653 2470 sibi
1682 2449 1780 2470 nomen

1034 2503 1043 2521 ‹
1061 2501 1208 2529 usurpare;
1234 2493 1279 2520 sed
1310 2500 1396 2528 neque
1425 2491 1552 2517 ldusmum
1578 2493 1606 2515 et
1618 2487 1777 2522 episcopum

1035 2550 1044 2567 ι
1063 2540 1223 2568 existimari.
1252 2539 1280 2567 Si
1316 2544 1405 2566 autem
1437 2538 1542 2573 Iaieam’
1563 2533 1780 2562 communionem

1035 2596 1043 2612 ι
1062 2585 1217 2621 petiverint,
1233 2592 1287 2611 non
1315 2587 1439 2618 oportere
1455 2581 1495 2608 eis
1520 2579 1658 2614 denegari.
1682 2577 1782 2605 Omnes

1037 2640 1046 2658 ‹
1067 2631 1194 2659 dixerunt
1209 2639 1216 2658 ι
1232 2630 1332 2657 Placet.
1349 2637 1358 2654 ι

1033 2677 1129 2706 BALS.
1145 2676 1261 2704 Musaus
1277 2679 1304 2702 et
1321 2673 1505 2707 Eutychianus
1521 2692 1528 2705 ,
1543 2679 1603 2699 cum
1620 2679 1674 2699 non
1692 2675 1783 2699 essent

997 2724 1124 2756 ordinati,
1136 2728 1263 2756 tanquam
1283 2719 1402 2754 episcopi
1417 2719 1532 2746 clericos
1553 2718 1658 2753 aliquos
1673 2718 1782 2746 ordina-

997 2774 1069 2798 runt.
1088 2770 1156 2798 Gnm
1171 2767 1261 2802 itaque
1277 2765 1444 2794 Gaudentius
1457 2765 1609 2800 petivisset,
1626 2769 1655 2791 nt
1672 2769 1782 2800 propter

999 2823 1104 2852 pacem,
1133 2813 1260 2843 omnibus
1291 2811 1378 2840 modis
1406 2811 1559 2840 divinorum
1588 2814 1783 2845 prmceptoruzu
