1938 3085
126 153 203 187 1493

682 157 724 187 IN
741 137 825 188 CAN.
845 155 916 186 xxr
935 154 1042 186 CONC.
1063 155 1215 188 SARDIC.

1692 158 1761 192 “9i

123 212 208 243 νόνα,
226 210 272 239 καὶ
290 211 407 238 ἐκλαϐοῢ
422 211 461 245 τὸ,
473 211 537 244 Καὶ,
550 211 584 239 τὺ
601 212 750 248 προστεθὶν
777 212 838 239 ἀντὶ
863 212 919 244 τοῦ,

980 211 1047 245 Seu;
1063 216 1089 239 et
1104 213 1148 240 dic
1168 217 1370 249 contemptores
1393 214 1519 244 amittere
1549 216 1678 245 honorem
1711 225 1760 246 seu

128 258 214 284 Ἤτοι
225 266 232 274 ·
257 257 305 284 καὶ
319 257 382 292 λέγε
397 258 561 285 ἀποϐάλλειν
574 259 639 290 τοὺς
654 258 789 294 ἀθετητὰς
813 259 864 294 τὴν
879 267 921 285 τις

101 337 107 340 .
129 304 189 339 μὴν
201 304 261 339 ἦτοι
279 303 311 331 τὸ
324 304 433 339 at:th
444 305 492 340 τῆς
510 304 677 339 ἐπισκοπῆς.

170 349 296 376 ΖΩΝΔΡ.
316 348 422 382 Ταῦτα,
452 350 536 384 φησιν
562 351 575 376 ὁ
598 349 698 383 κανὼν,
723 351 770 377 ἐπὶ
796 350 921 386 σωτηρίᾳ

132 393 292 428 ὁρισθέντα,
304 393 352 421 καὶ
365 394 437 421 κατὰ
450 395 481 421 τὸ
493 395 599 430 πρέπον
611 396 644 431 τῇ
658 395 789 428 τάξεικαὶ
801 396 835 432 τῇ
852 397 919 431 τιμῇ

131 441 168 475 ’τῇ
198 440 336 476 ίερατικῇ,
366 441 414 467 καὶ
438 440 573 476 θεάρεστα
596 441 661 467 ὄντα
689 442 736 468 καὶ
765 441 921 477 ἀνθρώποις

135 486 287 520 ἀποδεκτὲι,
302 486 352 514 οὐκ
369 486 535 522 ἰσχύσουσιν,
552 487 613 514 οὐδὲ
630 488 824 523 κρατήσουσιν,
841 489 865 514 εί
882 488 921 524 μὴ

132 534 184 559 καὶ
199 532 282 566 φόϐος
297 532 435 560 κολάσεων
449 534 496 560 καὶ
508 534 656 569 ἐπιτιμίων
672 535 734 566 ταῖς
749 534 921 569 ἀποφάσεσιν

132 578 361 614 ἐπακολουθήσει,
375 579 444 606 ὥστε
459 580 602 614 φοϐεῖσθαι
616 581 678 612 τοὺς
690 580 919 616 παραϐαίνοντας,

131 625 179 652 ὅτε
193 625 450 661 ὲπιτιμηθήσονται.
465 626 640 661 Γινώσκομεν
658 626 713 661 γὰρ
727 627 768 653 ὅτι
789 626 921 658 πολλάκις

131 671 216 698 τινῶν
226 671 326 705 ὀλίγων
340 663 375 705 ἐξ
389 672 582 708 ἀναισχυντίας
606 673 831 708 παραϐαινόντων
857 674 921 705 τοὺς

132 718 253 749 κανόνας
270 719 509 753 καταγινώσκεται
531 719 562 746 τὸ
577 719 649 746 θιῖον
664 719 752 754 ὄνομα
777 719 828 754 τῆς
843 719 921 754 ἱερω-

132 763 230 800 σύνης,
245 765 275 791 οὺ
291 765 346 792 τῶν
361 764 576 800 ἁμαρτανόντων
587 765 685 800 ῑιρὲων
701 764 781 800 μόνον
797 763 922 799 βλασφη-

135 811 294 846 μουμὲνων,
311 811 370 838 ἀλλ’
385 811 454 846 όμοΰ
468 811 593 838 πάντων
620 811 664 838 διὰ
675 811 729 846 γὰρ
744 811 794 846 τῆς
807 810 922 845 ίερωσύ-

134 867 186 893 νης
204 859 308 889 πάντας
320 858 383 889 τοὺς
405 858 490 893 lapsi;
517 857 657 892 ἐνέφηνεν.
673 857 704 883 Εί
717 854 765 883 οὖν
789 856 920 892 τολμήσει

132 913 178 936 τις
194 904 258 931 ἄλλο
271 913 296 931 τι
307 903 510 938 διαπράξασθαι
536 903 613 940 παρὰ
638 902 672 930 τὰ
693 903 807 936 δόξαντα
837 904 922 930 πᾶσιν

133 949 369 984 ἀλαζονευόμενος
392 949 441 976 καὶ
458 949 651 984 ἑπαιρόμινος,
669 949 768 985 καὶμὴ
798 949 922 976 σπεύδων

133 994 174 1028 τῷ
186 995 245 1029 Θιῷ
263 994 374 1030 ἀρέσαι,
398 995 558 1028 γινωσκέτω
590 994 631 1020 ὅτι
654 993 804 1020 ὑπεύθυνον
826 994 922 1020 ἑαυτὸν

135 1041 307 1076 καταστήσει
337 1040 491 1075 ἐγκλήματι
524 1039 685 1074 ἀπολογίας,
715 1039 856 1066 τουτέστιν
890 1039 921 1066 οὐ

137 1085 297 1121 μονομερῶς
311 1085 555 1121 κατακριθήσεται,
567 1085 636 1112 ἀλλὰ
651 1086 699 1113 καὶ
720 1085 920 1121 ἑλκυσθήσεται

134 1131 176 1162 εἰς
186 1131 374 1166 δικαστήριον,
392 1131 440 1157 καὶ
454 1130 491 1162 ὡς
502 1130 628 1166 ἔγκλημα
651 1132 770 1166 ποιήσας
784 1132 923 1166 ἀπολογή-

137 1176 236 1203 σασθαι
252 1176 483 1212 ἁπαιτηθήσεται,
496 1177 545 1203 καὶ
555 1177 689 1204 ἀποϐαλεῖ
700 1177 819 1212 ἀξίωμα,
838 1178 922 1212 ἧγουν

137 1222 337 1261 στερηθήσεται
349 1223 399 1258 τῆς
414 1224 497 1258 τιμῆς
514 1223 560 1249 τοῦ
576 1223 733 1259 ἀξιώματος
744 1224 793 1259 τῆς
808 1224 921 1251 ἐπισκο-

136 1269 203 1304 πῆς,
217 1269 302 1303 ἡγουν
316 1269 562 1305 καθαιρεθήσεται.
658 1270 659 1274 “

433 1356 553 1383 ΚΑΝΩΝ
576 1355 641 1383 KA’.

139 1412 148 1428 ι
170 1402 226 1429 Καὶ
239 1401 319 1429 τοῦτο
333 1401 362 1428 δι
373 1401 478 1429 ἐκεῖθεν
491 1401 610 1436 μάλιστα
619 1401 757 1437 γνώριμον
765 1402 921 1437 γενήσεται,

175 1458 185 1475 ι
207 1451 254 1476 καὶ
272 1448 496 1484 πληρωθήσεται,
511 1448 559 1475 ἐὰν
575 1447 692 1479 ἕκαστος
708 1448 799 1483 ἡμῶν,
811 1448 868 1475 τῶν
893 1449 923 1475 ὲν

175 1505 184 1520 ι
203 1496 262 1526 rat;
292 1494 430 1530 παρόδοις,
464 1494 548 1529 ἤγουν
583 1493 713 1529 καναλῖῳ,
742 1493 922 1522 καθεστώτων

175 1550 185 1567 ι
204 1541 373 1574 ἐπισκόπων,
404 1540 573 1575 θεασάμενος
592 1539 754 1573 ιπίσκοπον,
777 1539 919 1576 ὲπιζητοίη
934 1551 956 1581 c

172 1596 182 1612 ι
202 1587 251 1622 τὴν
267 1586 358 1613 αἰτίαν
374 1586 422 1622 τῆς
435 1586 564 1621 παρόδου,
588 1588 635 1614 καὶ
651 1585 703 1613 ποῦ
730 1586 780 1620 τὴν
805 1585 921 1620 πορείαν

175 1643 186 1661 ι
206 1633 341 1660 ποιεῖταμ
358 1633 407 1659 καὶ
423 1633 470 1659 ἐὰν
488 1632 538 1667 μὲν
554 1632 622 1668 εὕρῃ
637 1632 720 1659 αὐτὸν
740 1631 789 1658 ἐπὶ
804 1631 920 1667 στρατό-

173 1688 184 1705 ι
203 1679 283 1705 πεδον
312 1679 436 1709 ἀπιόντα,
461 1678 624 1713 ἐπιζητήσει
648 1677 699 1709 τὰς
726 1678 848 1712 αἱρέσεις
870 1675 920 1708 τὰς

173 1733 184 1750 ι
205 1725 299 1751 ἐπάνω
329 1723 526 1758 προκειμένας.
545 1723 604 1750 Κᾶν
618 1723 787 1757 κεκλημένος
803 1723 921 1758 ἀφικνῇ-

174 1779 183 1794 ι
205 1777 261 1801 ται,
275 1769 382 1795 ἀπιόντι
395 1769 470 1803 αὑτῷ
486 1769 570 1803 μηδλν
586 1769 717 1803 ἐμπόδιον
744 1768 882 1802 γίγνοιτο·
895 1768 921 1794 ει

174 1825 184 1842 ι
202 1816 231 1842 δι
262 1815 422 1847 ἐπιδείξεως
451 1815 542 1849 χάριν,
580 1816 670 1847 καθὼς
698 1815 860 1850 προείρηται
885 1815 919 1849 τῇ

173 1872 183 1888 ι
203 1861 325 1897 ὑμετέρᾳ
337 1861 445 1896 ἀγάπῃ,
458 1861 474 1896 ἢ
489 1861 534 1888 διά
555 1869 638 1888 τινων
658 1861 786 1893 ἀξιώσεις
804 1860 920 1887 σπουδά-

173 1917 182 1934 t
201 1908 243 1940 ζει
256 1908 303 1934 ἐπὶ
319 1908 350 1934 τὸ
363 1907 555 1942 στρατόπεδον,
582 1908 652 1943 μήτε
665 1908 723 1939 τοῖς
751 1907 914 1942 γράμμασιν

175 1963 184 1979 ι
207 1953 292 1981 αὑτοῦ
306 1953 487 1988 ὑπογράφειν,
507 1953 575 1988 μήτε
590 1954 729 1980 κοινωνεῖν
744 1953 782 1988 τῷ
793 1953 918 1987 τοιούτῳ.

168 2010 178 2027 ι
202 1999 339 2031 Ἅπαντες
351 1998 443 2026 εῐπαν·
461 1998 613 2034 ὀριζισθω
628 2000 675 2026 καὶ
691 1999 782 2026 τοῦτο.
799 2009 809 2026 ι

170 2046 269 2074 ΒΔΛΣ.
293 2046 347 2072 Καὶ
370 2044 450 2072 τοῦτο
475 2045 613 2081 γνώριμον
642 2048 797 2081 γενήσεται.
823 2047 918 2081 Τοῦτο,

135 2094 230 2126 miov;
251 2092 288 2118 Τδ
302 2091 340 2127 μὴ
357 2091 615 2126 καταγινώσκεσθαι
632 2092 683 2126 τὴν
706 2093 858 2129 ίερωσύνην
874 2094 920 2121 διὰ

135 2139 183 2174 τὴν
197 2138 252 2165 τῶν
267 2137 367 2171 ὀλίγων
381 2137 587 2172 ἀναισχυντίαν.
616 2138 673 2164 Καὶ
691 2138 916 2174 πληρωθήσεται.

134 2184 216 2216 nec;
237 2184 301 2211 Ἐὰν
316 2184 434 2215 ἕκαστος
461 2184 541 2219 ἡμῶν
564 2185 619 2210 τῶν
639 2185 670 2211 ὲν
698 2186 759 2216 ταῖς
789 2185 919 2220 παρόδοις

973 257 1136 292 dignitatem
1148 258 1329 294 episcopatus.

1007 345 1134 373 ZONAR.
1157 345 1294 375 Salutaria
1321 347 1378 376 hac
1398 349 1518 384 decreta,
1546 350 1634 385 inquit
1658 359 1758 386 canon,

972 392 1044 419 sacri
1069 392 1172 420 ordinis
1198 393 1297 421 decoro
1328 394 1508 430 dignitatique
1543 399 1759 433 accommodata,

974 437 1082 472 Dcoque
1096 442 1184 472 grata,
1200 444 1228 465 et
1243 439 1399 467 hominibus
1413 445 1538 476 accepta,
1562 450 1699 476 nunquam
1712 451 1761 471 ro-

972 483 1023 511 bur
1051 490 1128 511 suum
1156 491 1187 512 ac
1203 486 1275 512 vires
1301 485 1481 519 obtinebunt,
1507 488 1558 515 nisi
1589 489 1761 518 decretorum

972 529 1185 566 promulgationi
1201 539 1342 566 poenarum
1361 537 1448 561 metus
1475 534 1598 567 accedat,
1614 543 1683 569 quas
1698 536 1760 571 sibi,

972 576 1019 611 qui
1035 577 1092 605 haec
1109 577 1281 610 violaverim,
1302 585 1410 614 paratas
1421 579 1584 615 intelligant.
1600 582 1666 609 Illud
1683 590 1761 610 nam-

972 630 1025 657 que
1041 623 1168 651 novimus
1183 625 1304 657 evenire,
1322 630 1351 652 ut
1366 627 1460 661 paucis
1476 627 1637 662 quibusdam
1651 628 1762 657 decreta

972 674 1107 695 canonum
1138 675 1187 703 per
1213 668 1408 704 impudentiam
1434 671 1615 706 violantibus,
1639 673 1761 700 divinum

972 713 1117 741 sacerdotii
1132 721 1230 742 nomen
1245 716 1402 750 damnetur;
1419 724 1469 744 nec
1482 717 1499 744 ii
1516 718 1616 752 solum,
1636 719 1681 754 qui
1699 726 1762 754 pec-

972 765 1082 792 carunt,
1099 761 1146 787 sed
1164 768 1260 789 otnnes
1274 762 1354 789 simul
1379 763 1536 791 sacerdotes
1559 763 1713 799 (universos
1725 764 1763 792 si-

972 806 1081 841 quidem
1100 807 1246 834 sacerdotii
1273 808 1384 836 uomine
1399 808 1550 844 signiﬁcari
1565 808 1660 845 voluit)
1679 810 1763 837 ntale-

974 852 1042 879 dicis
1073 848 1290 880 obtrectatorum
1323 854 1560 882 crimiuationibus
1597 855 1762 883 lacerentur.

972 897 1002 926 Si
1020 898 1083 933 quis
1097 898 1179 934 igitur
1204 899 1335 927 adversus
1358 907 1402 933 ea,
1429 907 1489 935 qua:
1504 901 1623 928 unanimi
1640 902 1762 929 omnium

973 951 1106 972 consensu
1124 944 1232 973 decreta
1247 950 1327 976 sunt.
1344 947 1498 981 arrogantia
1516 954 1547 974 ac
1564 948 1690 982 superbia
1703 948 1762 975 eia-

974 993 1029 1022 tus,
1046 997 1134 1025 neque
1162 991 1283 1018 numinis
1298 990 1427 1026 obsequio
1441 992 1595 1020 detnerendi
1622 993 1762 1020 studiosus

972 1036 1118 1072 quidquam
1131 1037 1273 1064 admittere
1300 1037 1399 1064 audeat
1414 1047 1421 1064 ι
1449 1038 1623 1072 semetipsum
1639 1039 1762 1067 criminis

973 1080 1123 1109 defensioni
1138 1082 1287 1110 obnoxium
1302 1082 1481 1115 constituere,
1510 1083 1562 1110 hoc
1578 1087 1631 1115 est,
1659 1091 1711 1110 non
1729 1091 1761 1111 se

972 1134 1134 1162 quacunque
1147 1128 1253 1155 ratione
1265 1128 1513 1160 condemnandum,
1528 1129 1575 1156 sed
1591 1130 1618 1156 in
1631 1128 1761 1163 judicium

973 1172 1147 1206 trahendum,
1174 1174 1254 1208 eique
1269 1174 1343 1201 velut
1360 1178 1469 1208 patrato
1507 1174 1629 1201 iocinere
1653 1181 1762 1202 causam

972 1225 1034 1246 esse
1060 1219 1213 1253 dicendam,
1241 1219 1454 1256 dignitatemque
1484 1219 1677 1253 abjiciendam,
1711 1222 1763 1248 hoc

972 1268 1026 1296 est,
1045 1264 1192 1300 episcopali
1219 1273 1248 1293 se
1264 1266 1368 1294 honore
1382 1273 1414 1293 ac
1432 1265 1564 1301 dignitate
1589 1265 1762 1300 privandum,

971 1309 1031 1336 sive
1047 1309 1216 1344 depositione
1233 1310 1400 1337 multandum
1416 1317 1476 1338 esse
1495 1310 1638 1345 intelligat.

1259 1355 1375 1384 CANON
1408 1355 1480 1384 XXI.

976 1411 984 1426 I
1001 1400 1087 1429 Porro
1099 1405 1190 1429 autem
1205 1401 1258 1429 hoc
1277 1408 1387 1436 quoque
1404 1401 1482 1429 illinc
1503 1405 1556 1429 erit
1580 1401 1700 1430 maxime
1715 1409 1764 1429 no-

1012 1456 1023 1473 ι
1039 1451 1095 1474 tum
1112 1451 1139 1475 et
1155 1447 1372 1483 comprobatum,
1388 1448 1410 1475 si
1428 1448 1618 1483 unusquisque
1632 1455 1756 1476 nostrum

1010 1501 1021 1519 ι
1036 1493 1082 1528 qui
1096 1494 1124 1521 in
1144 1495 1259 1521 transitu
1273 1501 1321 1521 seu
1336 1493 1424 1522 canali
1438 1495 1578 1522 constituti
1594 1502 1687 1522 sumus
1703 1495 1763 1529 epi-

1010 1546 1022 1565 t
1037 1538 1125 1572 scopi,
1149 1546 1211 1566 cum
1228 1539 1327 1566 viderit
1341 1540 1509 1575 episcopum,
1534 1543 1638 1575 quaerat
1652 1548 1762 1568 causam

1011 1593 1021 1612 ι
1038 1585 1183 1619 adventus,
1198 1590 1225 1613 et
1238 1593 1291 1620 quo
1306 1586 1393 1621 pergit
1408 1595 1416 1614 :
1445 1590 1472 1614 et
1491 1586 1514 1613 si
1532 1595 1592 1614 eutn
1612 1587 1719 1620 quidem
1735 1587 1762 1613 itt

1013 1642 1022 1659 I
1036 1638 1126 1661 castra
1143 1633 1361 1669 proﬁciscentem
1380 1632 1524 1664 invenerit,
1549 1637 1653 1667 quaeret
1667 1633 1763 1660 condi-

1012 1688 1021 1705 ι
1037 1680 1125 1708 tiones
1134 1687 1195 1714 quae
1203 1679 1328 1713 superius
1340 1678 1486 1713 proposita:
1501 1683 1574 1705 sunt.
1589 1678 1653 1706 Etsi
1667 1686 1764 1706 evoca-

1010 1734 1020 1751 t
1036 1730 1080 1753 tus
1094 1725 1194 1757 veniat,
1204 1725 1228 1752 ei
1240 1724 1350 1752 abeunti
1361 1724 1428 1751 nihil
1442 1724 1626 1759 impedimenti
1640 1724 1705 1751 ﬁat:
1721 1725 1762 1751 sin

1012 1779 1022 1796 ι
1038 1776 1130 1798 autem
1146 1769 1336 1797 ostentationis
1359 1769 1455 1804 gratia,
1474 1768 1699 1803 quemadmodum
1718 1775 1763 1795 re-

1014 1827 1023 1843 ι
1040 1823 1104 1846 stne
1119 1817 1257 1844 dilectioni
1274 1815 1507 1850 superiusdictum
1520 1819 1572 1846 est,
1593 1814 1636 1841 vel
1653 1818 1764 1849 propter

1013 1873 1022 1889 ι
1040 1863 1193 1897 aliquorum
1211 1868 1306 1896 preces
1320 1861 1350 1888 in
1361 1866 1452 1888 castra
1473 1860 1607 1892 festinat;
1625 1867 1675 1887 nec
1690 1860 1762 1887 litte-

1013 1919 1023 1935 ι
1042 1908 1080 1936 ris
1096 1908 1155 1942 ejus
1171 1907 1337 1940 subscribat,
1355 1913 1406 1932 nec
1422 1913 1484 1932 cum
1508 1914 1540 1932 eo
1563 1906 1759 1934 communicet.

1013 1964 1024 1981 ι
1038 1954 1138 1981 Omnes
1151 1952 1295 1980 dixerunt:
1313 1951 1370 1979 Hoc
1381 1958 1489 1986 quoque
1504 1951 1677 1978 decernatur.
1696 1961 1707 1978 ι

1009 2053 1107 2082 BALS.
1126 2054 1213 2080 Porro
1230 2052 1282 2080 hoc
1295 2058 1401 2086 quoque
1419 2056 1512 2078 notmn
1528 2051 1590 2079 erit.
1608 2052 1678 2085 Quid
1688 2052 1761 2080 hoc?

972 2098 1030 2126 Non
1051 2098 1173 2126 damnari
1188 2098 1495 2132 sacerdotiumlproptcr
1509 2104 1656 2132 paucorum
1672 2098 1761 2134 impu-

973 2145 1101 2173 dentiam.
1114 2144 1147 2171 Et
1156 2143 1386 2180 comprobabitur.
1398 2144 1560 2176 Quomodo?
1577 2142 1605 2170 Si
1616 2145 1761 2178 unusquis-

972 2198 1025 2226 que
1056 2194 1192 2222 nostrum,
1234 2189 1279 2223 qui
1296 2189 1323 2215 in
1349 2188 1467 2215 aditibus
1498 2188 1638 2215 constituti
1665 2197 1761 2219 sumus

135 2229 314 2256 καθεστώτων
332 2230 503 2262 ἐπισκόπων,
514 2229 568 2257 τῶν
592 2231 622 2257 ιν
637 2231 698 2262 ταῖς
712 2231 822 2258 πόλεσιν
833 2231 918 2258 ὄντων

980 2235 1102 2270 episcopi,
1131 2234 1178 2269 qui
1207 2241 1303 2261 sumus
1326 2233 1429 2260 scilicet
1459 2233 1487 2260 in
1503 2232 1627 2265 urbibus,
1656 2234 1761 2267 qtuein

133 2275 233 2311 δηλαδὴ
245 2277 306 2307 ταῖς
319 2276 349 2302 ὲν
361 2277 422 2307 ταῖς
436 2276 583 2312 δημοσίαις
597 2277 741 2312 κειμέναις
756 2277 836 2310 ὁδοῖς,
857 2278 917 2312 ἤτοι

134 2320 263 2354 καναλίῳ,
273 2319 306 2346 δι’
315 2317 354 2347 ὦν
367 2320 521 2356 διέρχονται
533 2322 557 2348 oi
570 2321 736 2354 διοδεύοντις
749 2322 917 2356 ἀδιακόπως,

133 2365 170 2397 ὼς
182 2365 312 2397 διόξεισιν
337 2365 367 2392 ὲν
391 2365 557 2401 ὑδραγωγιῳ
574 2367 604 2392 τὸ
633 2366 705 2400 ὕδωρ
721 2366 846 2400 (κανάλις
863 2366 917 2402 γὰρ

134 2412 240 2446 ἀγωγὸς
260 2410 357 2443 ὓδατος
369 2411 479 2445 λέγεται
491 2418 499 2426 ·
515 2412 532 2447 ἡ
546 2411 575 2438 δὲ
589 2411 662 2445 λέξις
683 2411 838 2447 Ῥωμαϊκὴ)
853 2412 917 2438 θεα-

136 2458 250 2492 σάμενος
259 2457 408 2485 ἐπίσκοπον
419 2457 536 2484 ἀπιόντα
547 2467 612 2490 που,
623 2458 752 2494 ὲκζητοίη
766 2459 816 2493 τὴν
826 2459 917 2486 αίτιαν

134 2505 181 2540 τῆς
199 2503 330 2539 παρόδου,
356 2505 403 2531 καὶ
432 2503 481 2530 τοῦ
505 2505 556 2539 τὴν
572 2505 686 2540 πορείαν
715 2506 843 2538 ποιεῖται,
869 2504 917 2532 καὶ

134 2552 175 2579 διὰ
192 2551 219 2578 τί
229 2560 235 2567 ·
250 2552 323 2586 καὶὴ
337 2551 413 2578 αἰτία
427 2550 476 2585 τῆς
485 2550 685 2584 καταγνώσεως
696 2550 750 2576 τῶν
758 2549 916 2576 ἐπισκόπων

135 2597 333 2632 κωλυθήσεται.
352 2596 407 2623 Καὶ
424 2596 472 2622 ἐὰν
487 2596 538 2630 μὲν
556 2595 614 2631 γνῷ
629 2596 712 2623 αὑτὸν
726 2595 773 2622 ἐπὶ
787 2596 818 2622 τὸ
831 2603 916 2630 στρα-

135 2642 245 2670 τόπεδον
260 2642 387 2673 ἀπιόντα,
399 2641 551 2676 ικζητείτω
562 2641 612 2672 τὰς
624 2642 745 2677 αἱρέσεις
756 2641 807 2672 τὰς
822 2641 916 2667 indvat

135 2689 272 2723 κειμένας,
301 2687 386 2723 ἤγουν
405 2687 454 2718 τὰς
480 2686 531 2721 ήδη
559 2686 688 2722 ῥηθείσας
711 2686 858 2718 διαστίξεις
886 2687 915 2713 ιν

136 2735 173 2770 τῷ
189 2734 296 2769 ἑϐδόμῳ
304 2734 352 2760 καὶ
373 2733 460 2768 ὀγδόῳ
478 2732 525 2760 καὶ
537 2732 641 2768 ὲννάτῳ
657 2733 750 2760 κανόνι
769 2733 820 2768 τῆς
837 2733 914 2759 συνό-

135 2780 178 2807 dou
189 2780 302 2814 ταύτης.
319 2779 373 2806 Καὶ
391 2780 415 2806 εί
432 2779 482 2815 μὲν
493 2777 663 2814 καλούμενος
677 2781 721 2815 ειη
738 2780 815 2815 παρὰ
837 2779 915 2814 βασι-

134 2826 211 2857 λέως,
227 2825 265 2860 μὴ
277 2824 448 2859 ἐμποδίζοιτο
461 2825 571 2852 ἀπιέναι
585 2832 591 2839 '
609 2825 634 2851 ει
653 2825 682 2851 δέ
696 2834 748 2852 που
765 2827 914 2861 ἀπέρχεται

135 2872 288 2905 ἐπιδείξεως
315 2872 402 2908 χάριν,
430 2872 500 2899 ὥστε
525 2871 712 2904 ἐπιδείξασθαι
742 2873 789 2899 καὶ
806 2872 911 2907 διδάξαι

971 2281 1023 2307 viis
1041 2285 1102 2307 sunt
1118 2279 1246 2315 publicis,
1265 2279 1323 2306 sive
1344 2278 1444 2312 canali,
1468 2286 1518 2314 per
1533 2286 1593 2314 quae
1608 2279 1652 2313 qui
1669 2283 1763 2306 tranat

968 2331 1032 2354 eunt
1059 2325 1117 2353 sine
1144 2325 1235 2352 labore
1265 2329 1415 2360 permeant,
1442 2330 1471 2352 ut
1502 2332 1571 2360 aqua
1604 2326 1702 2352 transit
1731 2326 1762 2353 in

968 2371 1140 2406 aquaeductu.
1156 2369 1282 2405 (Canaiis
1300 2371 1372 2397 enim
1390 2371 1565 2405 aquaaductus
1579 2370 1697 2398 dicitur:
1715 2375 1761 2400 est

967 2421 1057 2444 autem
1067 2415 1217 2443 Romanum
1229 2414 1402 2450 vocabulum)
1414 2423 1476 2443 cum
1492 2416 1589 2443 viderit
1599 2416 1761 2451 episcopum

968 2463 1061 2498 aliquo
1076 2461 1305 2498 proﬁciscentem,
1321 2469 1425 2497 quati-at
1441 2470 1551 2491 causam
1569 2463 1713 2493 adventus,
1729 2466 1759 2489 et

967 2515 1021 2542 quo
1029 2508 1127 2543 pergit,
1141 2513 1168 2535 et
1183 2516 1252 2541 cur;
1265 2512 1293 2535 et
1308 2515 1390 2535 causa
1404 2506 1637 2536 condemnatiouis
1652 2507 1758 2542 cpiscoq

968 2561 1063 2589 porum
1081 2554 1276 2588 prohibebitur.
1289 2554 1322 2581 Et
1333 2554 1355 2582 si
1371 2555 1526 2590 crtgnoverit
1536 2553 1642 2588 quidem
1655 2561 1716 2580 cum
1728 2553 1762 2585 in

967 2605 1054 2627 castra
1071 2601 1216 2635 proﬁcisci,
1233 2602 1358 2636 exquirat
1384 2601 1553 2628 conditiones
1568 2602 1693 2636 superius
1709 2609 1764 2636 μοι

966 2647 1044 2680 sitas,
1060 2654 1106 2674 seu
1117 2647 1172 2682 jam
1189 2647 1277 2675 dictas
1291 2646 1481 2674 distinctiones
1494 2646 1522 2673 in
1536 2647 1686 2674 canouihus
1699 2647 1726 2680 7.
1739 2647 1761 2677 8.

966 2696 994 2719 et
1003 2691 1020 2719 9
1033 2691 1112 2727 hujus
1122 2692 1229 2726 synodi.
1247 2691 1280 2718 Et
1292 2691 1314 2718 si
1331 2690 1412 2717 fuerit
1425 2691 1534 2725 quidem
1549 2691 1582 2717 ab
1594 2692 1759 2726 imperatore

967 2738 1124 2769 accersitus,
1144 2745 1178 2764 ne
1193 2737 1354 2772 impediatur
1368 2736 1444 2764 abire
1461 2745 1470 2764 :
1496 2736 1539 2764 sin
1555 2742 1645 2765 autem
1662 2743 1759 2766 osteu-.

966 2784 1075 2811 talionis
1089 2784 1176 2818 gratia
1202 2783 1292 2817 aliquo
1309 2782 1502 2817 proﬁciscitur,
1529 2787 1559 2810 ut
1587 2790 1617 2811 se
1636 2788 1757 2813 ostentet

966 2834 993 2856 ot
1014 2829 1111 2856 doceat
1125 2828 1152 2856 in
1169 2827 1256 2856 aliena
1272 2829 1394 2863 civitate,
1413 2833 1441 2857 et
1455 2830 1622 2865 episcopum,
1640 2830 1685 2865 qui
1698 2830 1757 2858 illis

967 2875 1129 2904 constitutus
1142 2879 1184 2903 est
1197 2874 1332 2905 dedecore
1346 2875 1463 2911 adiciat;
1489 2881 1535 2905 aut
1553 2876 1580 2905 in
1595 2881 1684 2908 castra
1697 2877 1755 2909 sive
