1938 3085
177 110 244 144 H95

800 107 939 139 THEOD.
963 104 1164 136 BALSAMON

1741 99 1827 130 1496

172 169 206 195 ad
224 168 415 202 imperatorem
431 166 622 201 proﬁciscitur,
640 171 735 200 preces
750 172 798 194 seu
818 165 962 200 petitiones

1029 173 1042 189 ν
1057 162 1127 198 ἄλλῃ
1141 162 1230 191 πόλει,
1245 160 1291 186 καὶ
1309 158 1490 193 καταισχῦναι
1505 158 1551 184 τὸν
1567 158 1625 184 ὲκεί
1638 156 1822 184 καθεστῶτα

173 215 332 247 oblaturus;
363 222 413 241 nec
427 214 525 241 litteris
553 213 614 248 ejus
641 213 808 246 subscribat,
839 211 960 248 paciﬁcis

173 260 276 288 scilicet
290 259 401 292 litteris,
416 265 464 286 nec
476 266 536 287 cum
550 267 582 287 eo
595 259 792 292 communicet,
806 263 835 285 ut
847 257 892 293 qui
905 256 961 292 jam

172 306 208 334 sit
223 313 238 332 a
251 311 355 333 canone
371 305 519 341 depositus.
538 305 645 333 Dictum
661 309 704 333 est
723 303 796 332 enim
811 304 837 331 in
854 302 959 331 decimo
979 320 984 325 -

173 358 277 379 canone
292 350 468 378 Autiocheme
487 351 602 386 synodi,
628 358 682 378 non
697 357 778 385 posse
791 349 908 384 aliquem
927 347 962 375 ad

175 397 364 431 imperatorem
380 395 525 430 proﬁcisci,
542 395 625 431 508
637 395 689 423 nisi
707 395 812 423 litteras
827 399 963 429 metropo-

174 442 252 470 litani
268 442 426 477 provinciae,
449 447 475 469 el
491 442 551 477 ejus
566 442 767 476 episcoporum,
792 440 907 468 ati'erat:
940 439 964 467 is

178 491 268 515 autem
282 488 328 523 qui
343 494 395 517 non
408 487 445 515 ita
459 486 536 521 facit,
551 495 566 514 a
584 487 717 523 dignitate
740 486 859 514 excidat.
875 485 909 512 Et
933 485 963 512 in

178 533 221 561 his
235 533 344 568 quidem
359 532 484 560 consistit
499 540 599 560 canon.
613 533 745 560 Existimo
765 536 856 559 autem
867 550 875 564 ,
891 531 964 566 quod

177 579 230 606 illis
242 578 376 613 episcopis
391 585 552 606 concessum
577 582 619 606 est
635 577 832 605 transeuntium
859 576 965 610 episco-

177 631 273 658 porum
290 631 390 651 causas
406 622 515 651 curiose
531 623 671 659 indagare,
696 622 742 657 qui
763 623 864 650 habent
878 621 923 657 jus
938 621 966 648 in

178 670 249 702 illos,
263 670 481 704 metropolitanis
495 669 599 698 scilicet
612 673 641 696 et
661 668 834 704 patriarchis.
850 667 879 695 Si
893 667 967 695 enim

179 723 235 744 non
251 719 293 744 est
316 715 426 744 omnino
451 715 601 750 subjectus,
625 714 671 750 qui
697 715 796 741 transit
813 713 966 748 episcopus.

179 761 295 789 antistiti
307 761 352 795 qui
376 764 420 789 est
435 761 462 788 in
479 760 607 792 transitu,
633 767 687 787 non
706 759 909 787 examinabitur
933 759 967 786 de

178 807 265 835 aditu.
290 806 324 834 Ut
349 806 371 833 si
390 806 533 841 episcopus
560 804 684 832 Examilii
707 804 750 830 vel
775 802 905 836 Redcsti,
921 809 968 836 per

1013 208 1174 239 ἐπίσκοπον,
1193 207 1210 242 ἢ
1225 205 1272 232 ὲπὶ
1295 205 1325 232 τὸ
1353 204 1535 241 στρατόπεδον
1557 202 1710 238 πορεύεται
1723 223 1732 234 ,
1751 201 1821 236 ἦτοι

1013 254 1082 290 πρός
1101 252 1214 289 βασιλέα
1227 252 1347 283 ἄπεισιν,
1362 250 1500 283 ἀξιώσεις,
1511 249 1650 276 τουτέστιν
1664 247 1821 282 αἰτήσεις,

1013 299 1187 334 ποιούμενος,
1206 297 1274 333 μήτε
1291 298 1346 328 τοῖς
1378 296 1540 331 γράμμασιν
1576 293 1660 321 αὑτοῦ
1679 293 1821 326 ὑπογρα-

1014 345 1100 380 φέτω,
1130 345 1192 374 ταῖς
1215 343 1369 378 εἰρηνικαῖς
1391 341 1514 377 δηλονότι
1535 340 1705 372 ἐπιστολαῖς,
1741 339 1820 373 μήτε

1015 390 1180 419 κοινωνείτω
1195 389 1235 424 τῷ
1249 388 1374 423 τοιούτῳ,
1389 388 1427 420 ὡς
1441 389 1474 414 ὲκ
1484 387 1532 413 τοῦ
1552 386 1666 416 κανόνος
1679 385 1822 420 καθῃρη-

1016 436 1101 472 μένῳ.
1118 436 1234 470 Εἰρηται
1258 436 1311 469 γὰρ
1327 434 1356 460 ὲν
1382 434 1421 468 τῷ
1449 433 1556 468 δεκάτῳ
1577 431 1669 458 κανόνι
1697 430 1757 463 τῆς
1787 430 1820 455 ἐν

1022 480 1176 516 ’Δντιοχιίᾳ
1187 480 1298 507 συνόδου
1317 478 1355 514 μὴ
1370 478 1500 506 δύνασθαί
1514 486 1577 504 τινα
1602 477 1671 512 πρὸς
1690 474 1819 511 βασιλέα

1016 527 1138 560 ἀπιέναι,
1153 528 1177 554 εἰ
1197 526 1235 562 μὴ
1256 526 1412 561 γράμματα
1435 525 1578 560 κομίζεται
1602 523 1649 550 τοῦ
1664 529 1819 557 μητροπο-

1017 573 1091 601 λίτου
1104 573 1155 608 τῆς
1169 573 1315 608 ἐπαρχίας,
1330 572 1378 599 καὶ
1393 572 1448 598 τῶν
1468 571 1630 598 ιπισκόπων
1647 569 1750 603 αὐτῆς·
1766 568 1821 594 τὸν

1017 618 1046 646 δὲ
1073 619 1110 653 μὴ
1125 617 1197 644 οὕτω
1218 617 1345 644 ποιοῦντα
1372 617 1517 644 ἐκπίπτειν
1542 616 1592 651 τῆς
1613 615 1693 648 ἀξίας
1709 612 1819 640 αὑτοῦ.

1018 664 1074 690 Καὶ
1090 663 1124 690 τὰ
1142 663 1193 698 μιν
1205 662 1252 690 τοῦ
1267 663 1379 694 κανόνος
1393 664 1423 689 ιν
1434 661 1550 694 τούτοις.
1578 662 1693 696 Νομίζω
1718 660 1753 686 δὲ
1772 661 1822 687 ὅτι

1020 709 1136 741 ὲκιίνοις
1160 710 1215 742 τοῖς
1239 709 1400 740 ἐπισκόποις
1429 708 1538 744 ἐνεδόθη
1564 708 1821 742 πολυπραγμονεῖν

1020 755 1071 786 τὰς
1095 755 1185 787 αἰτίας
1215 756 1270 782 τῶν
1304 754 1508 789 παροδευόντων
1544 754 1714 786 επισκόπων,
1756 753 1823 783 τοῖς

1019 800 1110 836 ἔχουσι
1125 802 1230 828 δίκαιον
1248 801 1320 828 κατὰ
1336 800 1450 832 τούτων,
1479 800 1692 836 μητροπολίταις
1709 798 1821 833 δηλονιο

179 851 336 879 lleracieam
351 834 491 883 Thr-acim.-
500 850 533 876 ad
549 848 659 876 urbium
682 848 803 883 reginam
822 834 965 882 pervadat,

1029 834 1059 873 ἑτι
1076 847 1123 872 καὶ
1140 847 1333 882 πατριάρχαις.
1353 847 1384 872 ΕΙ
1402 847 1456 881 γὰρ
1480 834 1688 881 οὔχ-ὑπόκειται
1707 845 1786 875 ὅλως
1803 844 1820 870 ὁ

180 900 253 924 recte
269 903 284 923 a
299 903 350 924 suo
365 894 587 930 metropolitano,
601 893 708 922 scilicet
724 892 860 920 Heracleae
874 892 966 920 archi-

179 942 318 977 episcopo,
332 945 444 976 cogetur
459 941 548 968 dicere
562 947 671 972 causas,
688 944 798 974 propter
811 946 878 973 quas
892 938 966 966 Cos-

180 987 385 1022 stantinopolim
398 986 465 1021 petit
479 994 486 1013 :
503 986 525 1013 si
539 985 600 1020 quis
611 990 700 1013 autem
716 985 868 1020 episcopus,
885 984 965 1012 Thes-

180 1033 344 1061 salonicensi
360 1031 504 1067 metropoli
519 1031 672 1066 subjectus,
698 1038 747 1065 per
770 1030 856 1065 ipsam
884 1029 970 1058 Hera-

181 1079 268 1106 cleam
284 1078 317 1106 ad
332 1077 440 1105 urbium
455 1076 576 1112 reginam
591 1076 688 1108 vadat,
701 1082 716 1102 a
733 1074 968 1103 Thessalomcensi

182 1124 290 1159 quidem
303 1123 519 1155 examinabitur;
534 1121 700 1149 lleraeleano
714 1127 777 1148 vero
794 1127 902 1149 causam
915 1127 970 1146 non

183 1170 266 1196 dicet.
296 1167 448 1203 Episcopus
465 1167 551 1199 enim,
573 1165 618 1200 qui
640 1169 792 1197 transeunt,
809 1164 852 1193 sul
867 1164 971 1191 itineris

183 1214 316 1242 rationem
333 1213 447 1241 reddere
460 1211 535 1239 omni
551 1211 688 1246 episcopo,
702 1210 748 1245 qui
763 1215 805 1238 est
822 1209 850 1237 in
864 1210 972 1241 itinere,

189 1264 218 1286 ut
234 1258 299 1286 mihi
317 1257 428 1293 quidem
444 1256 559 1287 videtur,
573 1260 613 1283 est
635 1255 801 1283 contrarium
813 1255 974 1287 canonibus,

184 1304 392 1333 decernentibus
403 1303 615 1337 ineompetentes
629 1301 765 1329 antistites
777 1308 829 1328 non
838 1301 936 1328 debere
946 1308 976 1328 se

185 1354 212 1383 in
225 1359 325 1381 causas
340 1351 489 1379 alienorum
506 1349 696 1384 episcoporum
710 1348 846 1382 ingerere.

1019 892 1193 927 διερχόμενος
1210 894 1360 925 ἐπίσκοπος
1370 893 1409 928 τῷ
1423 893 1494 920 κατὰ
1506 892 1625 928 πάροδον
1642 892 1701 918 δντι
1713 892 1821 926 ἀρχιε-

1021 939 1074 971 ρεῖ,
1085 938 1135 965 οὐκ
1146 937 1362 973 ἁνακριθήσεται
1378 938 1442 974 περί
1455 938 1503 973 τῆς
1510 937 1640 972 παρόδου.
1649 937 1818 968 Τουτέστιν,

1010 983 1068 1010 ἐὰν
1083 983 1232 1014 ἐπίσκοπος
1251 983 1408 1019 Ἐξαμιλίου
1435 984 1452 1019 ἢ
1486 982 1643 1010 Ῥαιδεστοῦ
1669 983 1818 1018 ἀνατρέχῃ

1022 1028 1066 1055 διὰ
1078 1029 1128 1063 τῆς
1151 1028 1294 1064 Θρᾳκικῆς
1314 1029 1479 1064 ’Ἡρακλείας
1495 1029 1534 1061 εἰς
1561 1030 1612 1064 τὴν
1632 1029 1686 1055 τῶν
1705 1029 1818 1055 πόλεων

1023 1073 1229 1109 βασιλεύουσαν,
1238 1074 1328 1107 καλῶς
1342 1075 1418 1110 παρὰ
1437 1074 1484 1102 τοῦ
1502 1075 1700 1110 μητροπολίτου
1712 1074 1817 1107 αὑτοῦ,

1023 1121 1106 1155 ἦγουν
1123 1121 1170 1147 τοῦ
1192 1121 1366 1157 Ἡρακλείας,
1383 1121 1628 1156 ἀναγκασθήσεται
1652 1122 1740 1148 εἰπεῖν
1761 1122 1818 1153 τὰς

1024 1165 1111 1198 αἰτίας
1127 1166 1161 1193 δι’
1176 1166 1210 1198 ἃς
1225 1167 1266 1197 εἰς
1281 1166 1567 1194 Κωνσταντινούπολιν
1596 1166 1758 1202 ἀπέρχεται.
1780 1167 1815 1193 Εἰ

1024 1210 1054 1237 δέ
1068 1219 1109 1242 τις
1122 1211 1275 1243 ἐπίσκοπος
1286 1211 1470 1246 ὑποκείμενος
1485 1211 1524 1246 τῷ
1539 1212 1727 1248 μητροπολίτῃ
1740 1211 1814 1237 Θεσ-

1025 1257 1170 1292 σαλονίκης
1185 1258 1229 1285 διὰ
1250 1258 1300 1293 τῆς
1316 1258 1402 1292 αὐτῆς
1421 1258 1584 1294 Ἡρακλείας
1599 1259 1636 1290 είς
1651 1258 1699 1293 τὴν
1730 1258 1810 1292 βασι-

1024 1302 1156 1330 λεύουσαν
1174 1304 1335 1339 ἀπέρχεται,
1363 1304 1439 1340 παρὰ
1461 1304 1512 1338 μὲν
1537 1303 1584 1331 τοῦ
1607 1304 1814 1338 Θεσσαλονίκης

1028 1347 1257 1384 ἀνακριθήσιται,
1274 1349 1351 1384 παρὰ
1368 1349 1397 1375 δὲ
1415 1349 1463 1376 τοῦ
1493 1348 1658 1384 Ἡρακλείας
1681 1349 1711 1375 οὐ
1734 1349 1817 1382 λογο-

185 1399 406 1437 πραγηθήσεται.
418 1398 457 1425 Τὸ
471 1397 526 1432 γὰρ
539 1396 641 1424 διδόναι
654 1396 753 1430 λόγους
777 1395 840 1427 τοὺς
859 1394 1007 1430 παροδίτας
1019 1395 1190 1432 ἐπισκόπους
1208 1396 1259 1431 τῆς
1293 1395 1400 1422 ἑαυτῶν
1431 1396 1589 1431 ὁδοιπορίας
1623 1395 1691 1431 πρὸς
1721 1396 1813 1422 πάντα

187 1448 316 1485 παρόδιον
334 1447 496 1479 ὶπίσκοπον,
513 1445 551 1476 ὡς
580 1444 643 1480 ἐμοὶ
668 1444 752 1476 δοκεῖ,
767 1443 888 1470 ἐναντίον
915 1443 976 1470 ἐστὶ
987 1444 1044 1474 τοῖς
1067 1445 1172 1477 κανόσι,
1204 1445 1261 1477 τοῖς
1287 1443 1483 1480 διοριζομένοις
1523 1445 1586 1476 τοὺς
1615 1443 1812 1479 ἀπροσφόρους

187 1494 325 1530 ἀρχιερεῖς
343 1493 381 1528 μὴ
398 1491 604 1527 παρεμδάλλειν
625 1491 741 1522 ἑαυτοὺς
766 1491 807 1522 εἰς
830 1490 974 1521 ὑποθέσεις
989 1490 1138 1526 ἀλλοτρίων
1151 1491 1318 1520 ἐπισκόπων.

223 1539 350 1568 ZONAR.
371 1539 455 1567 Porro
477 1543 568 1567 autem
594 1539 646 1567 hoc
668 1545 776 1573 quoque
797 1543 889 1566 notum
908 1537 972 1565 erit.

1062 1539 1183 1566 ΖΩΝΑΡ.
1209 1540 1265 1566 Καὶ
1281 1539 1360 1567 τοῦτο
1373 1539 1512 1575 γνώριμον
1540 1540 1695 1574 γενήσεται.
1713 1538 1811 1572 Τοῦτο,

187 1587 259 1620 Quid
275 1586 349 1614 hoc?
365 1585 423 1613 Non
443 1585 567 1612 damnari
583 1585 764 1612 sacerdotium
780 1589 890 1620 propter
906 1591 975 1619 pau-

188 1640 283 1660 corum
300 1631 506 1665 impudentiam.
520 1630 553 1659 Et
566 1631 799 1666 comprobabitur.
813 1629 977 1664 Quomodo?

190 1678 219 1706 Si
237 1677 423 1712 unusquisque
439 1681 561 1704 nostrum
581 1676 627 1711 qui
653 1676 679 1704 iu
707 1675 825 1703 aditibus
840 1675 977 1703 constituti

189 1730 283 1751 sumus
295 1721 428 1757 episcopi,
444 1721 490 1756 qui
507 1729 600 1749 sumus
615 1721 720 1749 scilicet
735 1722 762 1749 in
780 1721 902 1753 urbibus,
917 1728 977 1756 qua:

191 1769 219 1797 in
250 1768 301 1795 viis
320 1771 384 1795 sunt
414 1766 540 1802 publicis,
572 1766 631 1794 sive
643 1768 743 1798 canali,
771 1773 818 1802 per
832 1773 904 1801 quae.
931 1766 976 1801 qui

193 1817 347 1845 transeunt,
361 1812 423 1840 sine
434 1812 531 1840 labore
545 1816 696 1847 permeant,
723 1817 753 1839 ut
778 1819 849 1847 aqua
880 1811 980 1839 transit

191 1861 218 1889 in
233 1859 395 1895 aquaaduetu
427 1858 541 1894 (canalis
556 1857 630 1886 enim
654 1858 830 1893 aquaeductus
858 1858 978 1885 dicitur:

191 1910 235 1933 est
250 1909 341 1932 autem
359 1904 511 1931 Romanum
529 1902 703 1938 vocabulum)
718 1910 781 1930 cum
802 1903 901 1931 viderit
922 1902 982 1937 epi-

194 1957 306 1984 scopum
318 1949 410 1984 aliquo
425 1947 653 1983 proﬁciscentem,
677 1952 781 1983 quaerat
797 1955 906 1976 musam
932 1947 981 1975 ad-

194 2000 304 2027 ventus,
318 1999 346 2023 et
360 2001 415 2030 quo
428 1995 525 2030 pergit,
543 1998 570 2022 et
586 2001 654 2028 cur;
669 1998 698 2022 et
712 2001 795 2022 causa
812 1995 980 2022 condemna-

198 2042 280 2070 tionis
294 2041 483 2076 episcoporum
501 2040 708 2074 prohibebitur:
733 2044 761 2067 et
786 2040 810 2067 si
825 2040 982 2075 cognoverit

196 2087 305 2124 quidem
326 2094 387 2114 eum
403 2086 430 2113 in
445 2090 534 2114 castra
548 2085 694 2120 proﬁcisci,
708 2087 831 2121 exquirat
846 2085 981 2113 conditio-

198 2141 246 2161 nes
260 2131 384 2168 superius
395 2131 506 2167 positas,
518 2137 566 2159 seu
580 2130 636 2166 jam
652 2130 741 2158 dictas
754 2130 941 2158 distinctiones
954 2130 981 2156 in

197 2179 324 2214 septimo.
339 2181 437 2205 octavo
451 2180 482 2204 et
495 2183 567 2204 nono
585 2183 691 2204 canone
707 2176 787 2210 hujus
811 2175 917 2211 synodi.
949 2174 981 2202 Et

1027 1586 1120 1618 ποτονς
1145 1585 1181 1612 Τδ
1199 1585 1237 1620 μὴ
1248 1585 1503 1620 καταγινώσκισθαι
1524 1586 1575 1621 τὴν
1602 1586 1751 1620 ἱερωσύνην
1763 1585 1808 1612 διὰ

1027 1631 1076 1665 τὴν
1092 1631 1190 1665 ὀλίγων
1205 1632 1410 1667 ἀναισχυντίαν.
1429 1633 1485 1659 Καὶ
1501 1632 1719 1667 πληρωθήσεται,
1730 1631 1805 1664 min;

1034 1676 1098 1704 Ἐὰν
1110 1677 1224 1708 ἕκαστος
1238 1678 1316 1712 ἡμῶν
1330 1678 1384 1704 τῶν
1398 1679 1428 1705 έν
1443 1679 1501 1707 ταῖς
1518 1678 1648 1713 παρόδοις
1669 1677 1811 1704 καθεστὼ-

1028 1730 1083 1749 των
1099 1723 1268 1755 ἐπισκόπων,
1281 1722 1335 1749 τῶν
1351 1723 1380 1750 tv
1396 1724 1456 1754 ταῖς
1476 1723 1587 1750 πόλεσιν
1613 1723 1697 1749 δντων
1711 1723 1813 1758 δηλαδὴ

1029 1767 1084 1794 τῶν
1096 1768 1126 1794 ὲν
1148 1769 1208 1800 ταῖς
1223 1768 1368 1803 δημοσίαις
1389 1769 1525 1804 κειμένων
1537 1769 1616 1802 ὁδοῖς,
1632 1769 1693 1803 ἢτοι
1726 1777 1814 1795 κανα-

1029 1812 1089 1848 λίῳ,
1101 1813 1139 1840 δι’
1155 1810 1193 1840 ὧν
1207 1813 1359 1849 διέρχονται
1371 1814 1396 1840 οἱ
1418 1813 1582 1845 διοδεύοντες
1598 1814 1764 1844 ὰδιακόπως,
1776 1814 1815 1845 ὡς

1029 1858 1128 1885 δίεισιν
1140 1859 1168 1885 έν
1181 1858 1345 1894 ὺδραγωγίῳ
1358 1859 1388 1886 τὸ
1404 1858 1476 1891 ὕδωρ
1496 1859 1622 1896 (κανάλιςη
1641 1859 1695 1894 γὰρ
1707 1859 1815 1892 ἀγωγὸς

1031 1904 1126 1934 ὓδατος
1139 1904 1260 1938 λέγιται,
1275 1905 1291 1940 ἠ
1307 1904 1336 1930 δὲ
1357 1903 1430 1936 λέξις
1453 1904 1621 1940 Ῥωμαϊκὴ),
1639 1907 1663 1930 εί
1676 1903 1723 1930 οὖν
1747 1904 1814 1930 ἓκα-

1031 1959 1093 1982 στος
1120 1950 1209 1985 ἡμῶν,
1225 1950 1302 1985 φασὶ,
1320 1950 1487 1985 θεασάμενος
1514 1952 1673 1983 ἐπίσκοπον,
1699 1951 1815 1977 ἀπιόντα

1031 2005 1094 2028 που,
1108 1995 1237 2031 ὲκζητοίη
1257 1996 1307 2031 τὴν
1320 1996 1410 2023 αἰτίαν
1425 1997 1474 2032 τῆς
1495 1997 1624 2030 παρόδου,
1642 1997 1689 2023 καὶ
1701 1996 1752 2023 ποῦ
1766 1997 1816 2031 τὴν

1031 2043 1147 2078 πορείαν
1163 2043 1279 2069 ποιεῖται
1291 2043 1338 2069 καὶ
1354 2042 1399 2069 διὰ
1417 2043 1456 2074 τί,
1473 2042 1521 2069 καὶ
1535 2043 1552 2078 ὴ
1580 2041 1653 2069 αἰτία
1668 2043 1716 2077 τῆς
1733 2051 1817 2069 κατα-

1031 2088 1159 2123 γνώσεως
1173 2087 1228 2114 τῶν
1242 2088 1398 2114 ἐπισκόπων
1418 2088 1605 2123 κωλυθήσεται
1617 2096 1625 2104 ν
1641 2089 1688 2114 καὶ
1702 2088 1750 2114 ἐὰν
1765 2088 1816 2123 μὲν

1032 2135 1089 2169 γνῷ
1106 2134 1187 2161 αὐτὸν
1202 2134 1248 2160 ἰπὶ
1270 2133 1301 2160 τὸ
1317 2134 1499 2167 στρατόπεδον
1519 2134 1648 2167 ἀπιόντα,
1665 2134 1817 2169 έκζητεὶτω

1033 2179 1081 2210 τὰς
1097 2178 1219 2214 αἱρέσεις
1228 2179 1277 2209 τὰς
1292 2179 1386 2206 ἐπάνω
1412 2179 1542 2212 κειμένας
1553 2198 1561 2211 ,
1587 2178 1672 2212 ἤγουν
1686 2179 1736 2209 τὰς
1766 2179 1816 2213 ήδη

171 2228 176 2231 ‘
197 2225 221 2252 si
239 2224 321 2252 fuerit
337 2223 446 2258 quidem
463 2222 498 2250 ab
516 2222 679 2256 imperatore
702 2221 860 2254 accersitus,
875 2228 909 2248 ne
930 2221 973 2248 im.

1035 2224 1165 2260 ῥηθείσας
1178 2224 1325 2256 διαστίξεις
1337 2224 1366 2250 ὲν
1378 2223 1417 2259 τῷ
1435 2223 1456 2256 ζ’
1469 2224 1518 2251 καὶ
1530 2224 1556 2259 η’
1570 2224 1618 2250 καὶ
1627 2224 1648 2249 Θ·
1663 2224 1755 2250 κανόνι
1768 2224 1818 2258 τῆς

197 2269 323 2304 pediatur
350 2267 445 2295 abire:
481 2266 524 2295 sin
552 2271 641 2294 autem
680 2265 870 2294 ostentationis
897 2265 984 2300 gratia

199 2315 290 2350 aliquo
301 2313 492 2348 proficiscitur,
508 2316 538 2341 ut
551 2319 580 2339 se
593 2316 711 2340 ostentet
724 2316 752 2339 et
768 2312 863 2339 doceat
874 2312 900 2339 in
916 2311 985 2338 alie-

200 2367 235 2388 na
266 2359 394 2391 civitate,
410 2363 437 2386 et
457 2358 583 2391 disserat,
600 2365 632 2385 ac
659 2358 828 2393 episcopum,
854 2357 900 2392 qui
931 2357 986 2384 illic

198 2406 364 2434 constitutus
377 2409 428 2438 est,
445 2403 575 2431 dedecore
589 2403 704 2435 alliciat,
716 2407 764 2430 aut
778 2403 804 2430 in
821 2408 911 2430 castra
928 2403 985 2430 sive

199 2452 232 2479 ad
246 2452 436 2486 imperatorem
453 2449 646 2484 proﬁciscitur,
661 2456 755 2484 preces
771 2456 818 2476 seu
842 2449 984 2484 petitiones

200 2496 360 2533 oblaturus;
387 2502 438 2522 nec
459 2494 559 2522 litteris
578 2494 638 2529 ejus
669 2494 835 2527 subscribat,
864 2493 985 2530 paciiicis

200 2543 304 2570 scilicet
321 2542 430 2574 litteris,
447 2548 497 2569 nec
524 2548 585 2568 eum
600 2548 632 2568 eo
660 2540 854 2573 communicet,
883 2544 914 2567 ut
938 2539 984 2574 qui

197 2588 253 2623 jam
270 2588 334 2615 sita
364 2594 467 2615 canone
495 2587 642 2621 depositus.
671 2585 777 2613 Dictum
803 2590 847 2614 est
870 2586 942 2615 enim
958 2586 985 2614 in

201 2634 308 2662 decimo
322 2641 425 2661 canone
448 2632 623 2660 Antiochena:
639 2631 745 2668 synodi,
771 2638 823 2660 neu
842 2639 920 2667 posse
934 2631 986 2659 ali-

202 2688 282 2716 quem
298 2679 331 2707 ed
346 2679 536 2714 imperatorem
561 2677 708 2712 proficisci,
726 2677 778 2705 nisi
803 2677 909 2705 litteras
926 2685 983 2705 tne-

202 2724 359 2761 tropolitani
382 2724 528 2759 provincia:
543 2728 570 2750 et
586 2722 646 2757 ejus
663 2723 849 2758 episcoporum
865 2722 960 2750 ail'erat
975 2730 983 2750 ε

203 2772 225 2798 is
243 2776 344 2804 autem,
358 2770 404 2805 qui
421 2775 473 2796 non
489 2769 527 2796 ita
546 2767 620 2802 facit,
637 2775 651 2795 a
668 2768 798 2802 dignitate
812 2767 931 2796 excidat.

1036 2271 1145 2297 συνόδου
1161 2271 1275 2307 ταύτης.
1300 2271 1355 2298 Καὶ
1371 2272 1395 2297 si
1411 2271 1462 2306 μὲν
1483 2271 1652 2306 καλούμενος
1679 2272 1721 2306 εῖη
1743 2271 1818 2305 παρὰ

1035 2316 1178 2351 βασιλέως,
1191 2316 1230 2352 μὴ
1247 2316 1420 2351 ἐμποδίζοιτο
1434 2316 1546 2344 ἀπιέναι
1559 2324 1567 2331 ·
1582 2317 1606 2342 εἰ
1619 2316 1648 2342 δέ
1663 2324 1714 2342 που
1732 2316 1818 2350 ἀπέρ-

1035 2370 1114 2397 χεται
1129 2362 1286 2395 ἐπιδείξεως
1297 2362 1389 2397 χάριν,
1404 2362 1473 2388 ὥστε
1487 2361 1676 2393 ἐπιδείξασθαι
1688 2362 1736 2388 καὶ
1747 2362 1816 2389 διδά⁶

1037 2408 1080 2441 ξαι
1097 2409 1127 2435 έν
1142 2408 1211 2444 ἄλλῃ
1223 2409 1309 2440 πόλει,
1326 2407 1500 2440 διαλέεασθαί
1517 2416 1546 2434 τε
1568 2408 1615 2434 καὶ
1639 2408 1817 2443 καταισχῦναι

1037 2454 1084 2481 τὸν
1097 2455 1155 2481 ἐκεῖ
1180 2454 1339 2481 καθεστῶτα
1355 2453 1514 2487 ἐπίσκοπον,
1527 2454 1543 2488 ἢ
1558 2454 1606 2480 ἐπὶ
1621 2453 1651 2480 τὺ
1671 2455 1820 2488 στρατόπε-

1036 2499 1082 2526 δον
1105 2499 1287 2534 πεπόρευται,
1304 2499 1364 2534 ἢτοι
1379 2499 1448 2534 πρὸς
1462 2499 1574 2534 βασιλέα
1599 2499 1720 2531 ἄπεισιν,
1738 2499 1818 2531 ἀξιώ-

1039 2553 1106 2576 σεις,
1142 2544 1283 2571 τουτέστιν
1307 2543 1442 2579 αἰτήσεις,
1473 2544 1644 2577 ποιούμενος,
1670 2543 1739 2577 μήτε
1764 2543 1818 2573 ταῖς

1039 2590 1203 2625 γράμμασιν
1215 2588 1298 2616 αὑτοῦ
1313 2589 1508 2624 ὑπογραφέτω,
1522 2589 1583 2619 ταῖς
1595 2587 1748 2622 εἰρηνικαῖς
1772 2587 1819 2622 δη-

1040 2635 1128 2662 λονότι
1139 2635 1306 2668 ἐπιστολαῖς,
1323 2635 1392 2670 μήτε
1406 2634 1569 2661 κοινωνείτω
1583 2634 1622 2668 τῷ
1639 2632 1765 2668 τοιούτῳ,
1783 2632 1819 2662 ῶς

1040 2681 1072 2707 ἐκ
1086 2681 1134 2707 τοῦ
1159 2681 1272 2712 κανόνος
1300 2680 1498 2716 καθῃρημένῳ.
1527 2680 1643 2714 Εἴρηται
1669 2679 1723 2712 γὰρ
1737 2679 1766 2704 ὲν
1781 2677 1819 2711 τῷ

1038 2726 1145 2761 δεκάτῳ
1158 2726 1251 2753 κανόνι
1270 2726 1321 2761 τῆς
1338 2727 1368 2752 ὲν
1387 2724 1536 2760 ’Δντιοχείᾳ
1551 2725 1663 2751 συνόδου
1686 2725 1722 2759 μὴ
1736 2723 1822 2750 eam.

1039 2772 1103 2798 σοαί
1113 2781 1175 2799 τινα
1194 2772 1262 2808 πρὸς
1275 2772 1390 2807 βασιλέα
1404 2771 1526 2804 ἀπιέναι,
1550 2771 1575 2797 εί
1601 2771 1639 2806 μὴ
1666 2771 1820 2805 γράμματα

203 2817 344 2852 κομίζεται
357 2824 403 2846 suo
417 2823 615 2855 μητροπολιτου
629 2817 677 2851 τῆς
692 2815 826 2851 ἱππαρχίας
852 2816 899 2843 καὶ
922 2817 976 2846 τῶν
991 2818 1147 2847 ἐπισκόπων
1175 2819 1259 2855 αὐτῆς
1276 2827 1283 2835 ο
1301 2820 1347 2847 τὸν
1364 2819 1392 2846 δὲ
1423 2818 1462 2854 μὴ
1489 2817 1559 2844 οὕτω
1591 2817 1718 2862 ποιοῦντα
1741 2814 1820 2842 ἐκπί-

203 2874 277 2893 πτειν
291 2865 337 2900 τῆς
352 2865 428 2899 ἀξίας
445 2864 539 2893 αὗτοῦ.
