1938 3085
113 133 182 164 1497

671 134 709 164 ΙΝ
729 134 812 165 CAN.
835 134 903 164 XXI
924 133 1030 164 CONC.
1049 133 1196 164 SARDIC.

1666 131 1733 164 M95

107 191 222 219 ΔΡΙΣΤ.
242 200 251 216 t
275 191 304 218 ὐ
318 191 350 218 τὰ
368 192 457 224 καλῶς
481 193 528 220 καὶ
544 192 700 228 οεαρέστως
726 193 890 228 ἐνηνεγμενα

954 191 1057 220 iltlS'l‘.
1080 200 1090 218 I
1105 192 1155 225 Qui
1181 199 1214 219 ea
1238 199 1297 227 qua:
1324 190 1434 227 pulchre
1448 196 1475 218 et
1491 191 1545 219 Deo
1561 195 1637 227 grate
1661 191 1732 218 edita

148 247 157 264 σ
174 237 252 273 τύφῳ
268 239 476 273 παρασαλεῦσαι
488 238 658 275 πειρώμενος
672 240 722 267 οὐκ
733 240 893 272 ιπίσκοπος.

149 293 158 310 ε
179 284 352 318 Τεοεαμένος
365 284 516 317 ἐπίσκοπος
532 286 684 313 ἐπίσκοπον
696 287 842 323 ἐρχόμενον
855 287 895 320 εις

149 338 158 355 ι
177 329 368 364 στρατόπεδον,
378 330 502 365 ἐμποδὼν
514 331 552 367 μὴ
565 331 691 365 γινέσθω,
707 333 730 358 ει
739 332 815 367 γνοίη
825 332 894 360 κατά

150 383 160 400 ε
177 384 202 401 τι
220 375 276 402 τῶν
289 376 497 412 προειρημένων
523 378 689 412 ἐρχόμενον·
705 380 728 405 εἰ
756 379 779 405 δ’
794 378 892 411 ἄλλως,

152 430 162 447 ι
177 422 387 457 προαγγελλέτω
400 422 430 449 τὸ
443 422 637 458 ἀκοινώνητον.
658 434 667 450 ι

150 510 180 538 '0
197 510 235 546 μὴ
248 511 391 545 φυλάττων
404 513 438 539 τὰ
460 512 551 544 καλῶς
566 513 613 540 καὶ
637 513 791 548 θεαρέστως
805 523 892 542 καινι-

109 558 219 589 σθέντα,
233 558 301 585 ἀλλὰ
314 558 392 594 τύφῳ
406 560 452 586 καὶ
461 559 607 595 ἀλαζονείᾳ
622 560 662 591 εἰς
674 560 766 595 ἕτερόν
785 569 812 587 τι
837 570 891 596 χω-

108 606 167 640 ρεῖν
179 605 287 641 τολμῶν
312 607 378 641 παρ’
392 605 473 638 αὐτὰ,
491 606 540 642 τὴν
563 607 648 642 τιμὴν
664 607 711 634 καὶ
734 607 765 633 τὸ
783 608 891 642 ἀξέωμα

106 651 156 685 τῆς
175 651 329 686 ἐπισκοπῆς
343 652 573 688 ἀφαιρεθήσεται.
597 652 676 680 Ἐπεὶ
691 653 719 679 δὲ
739 653 790 688 ἦδῆ
806 661 891 680 κεκα-

106 697 228 723 νὸνισται
247 697 284 732 μὴ
298 698 384 729 ἄλλως
397 697 567 733 ἀπέρχεσθαι
585 697 736 725 ἐπίσκοπον
751 699 791 730 εις
806 708 891 734 στρα-

105 743 231 775 τόπεδον,
249 744 274 770 ει
292 743 330 779 μὴ
353 743 505 778 βασιλικοῖς
519 744 666 780 γράμμασι
688 745 867 780 μετακαλςιῖτο
880 753 888 761 ·

105 788 146 814 δεῖ
163 789 208 815 τὸν
220 789 395 825 διερχόμενον
409 790 562 817 ἐπίσκοπον
587 791 638 825 τὴν
656 791 750 817 αἰτίαν
778 792 892 818 ἀπαιτεῖ

108 835 172 862 σθαι
187 835 236 870 τῆς
255 836 375 870 παρόδου
390 836 466 871 παρὰ
476 838 523 863 τοῦ
537 838 697 869 ἐπισκόπου,
717 846 747 864 εν
762 836 784 872 ᾧ
807 847 891 865 κατα-

106 880 184 908 λύσει
196 890 203 898 ·
221 882 268 908 καὶ
278 883 301 908 sl
317 883 366 915 μὲν
378 882 491 917 εὑρήσει
517 882 598 909 αὑτὸν
619 884 833 919 τοιουτοτρόποις
849 885 890 916 εἰς

105 927 136 952 τὸ
162 927 344 962 στρατόπεδον
370 927 568 962 ἀπερχόμενον,
604 929 676 955 κατὰ
705 929 789 964 μηδὲν
815 929 889 965 αὺτῷ

104 973 233 1008 ἐμποδὼν
247 972 384 1006 γίνεσθαι,
397 973 465 1000 ἀλλὰ
480 974 527 1000 καὶ
545 975 614 1009 μετὰ
625 974 707 1009 τιμῆ;
733 976 888 1010 ἐκπέμπειν

104 1018 197 1050 αὑτὸν,
213 1019 260 1043 καὶ
271 1018 389 1052 γράφειν
404 1020 460 1050 τοῖς
475 1019 504 1044 ὲν
525 1019 643 1054 ἐπαρχίᾳ
668 1020 714 1046 καὶ
733 1021 789 1052 τοῖς
807 1029 889 1048 συνα-

104 1063 212 1096 δέλφοις
226 1062 308 1089 αὑτοῦ
325 1063 407 1089 πᾶσιν
423 1063 602 1098 ὑποδέχεσθαι
614 1063 695 1090 αὑτὸν
709 1064 886 1105 ἀδιακρίτως,

105 1109 142 1138 ὡς
154 1109 203 1143 τὴν
213 1108 327 1144 πορείαν
343 1108 505 1144 ποιούμενον
521 1109 670 1142 χανονικῶς
685 1118 714 1136 τε
730 1112 776 1136 καὶ
787 1111 888 1138 donav-

103 1155 229 1182 δάλιστον
241 1163 249 1171 ι
263 1155 287 1181 ει
304 1155 327 1181 δ’
341 1155 429 1187 ἄλλως
454 1155 566 1191 εὑρήσει
583 1155 676 1182 τοῦτον
698 1156 738 1187 εἰς
751 1156 781 1182 τὸ
805 1165 889 1192 στρα-

103 1201 217 1227 τιεπεδον
246 1200 456 1235 ἀφικνούμενον,
482 1201 535 1236 ῆδι
549 1201 692 1234 ἐπίδειξιν,
709 1202 725 1237 ἢ
749 1202 793 1230 διά
806 1211 888 1229 τινων

104 1246 244 1279 ἁξιὼτεις,
277 1245 314 1282 μὴ
336 1248 491 1282 ἀνηκουσας
521 1246 606 1282 αὐτῷ,
632 1247 670 1278 ὡς
696 1247 830 1282 ἀρχιερεῖ,
849 1248 887 1284 μὴ

105 1293 244 1320 κοινωνεῖν
253 1291 363 1328 αὺτῷ,ἢ
379 1294 435 1324 τοῖς
451 1293 613 1327 γράμμασιν
624 1292 706 1319 αὐτοῦ
716 1293 885 1329 ὑπογράφειν

103 1344 120 1377 ἥ
135 1339 262 1374 προνοίας
278 1339 350 1370 τινὶς
365 1338 432 1370 ὅλως
444 1339 524 1366 αὐτὸν
534 1339 637 1373 ἀξιοῦν.

984 248 994 266 ι
1011 242 1084 270 sunt,
1098 245 1152 272 pra:
1167 237 1238 265 fastu
1253 237 1421 265 labefactare
1435 242 1560 270 conatur,
1576 237 1732 272 episcopatu

984 293 993 310 ι
1010 284 1122 312 excidit.
1151 282 1299 318 Episcopus
1314 283 1359 318 qui
1388 283 1545 318 episcopum
1575 282 1674 309 viderit
1699 282 1733 308 ad

982 340 992 357 ι
1009 335 1097 358 castra
1111 329 1341 364 proﬁciscentem,
1364 329 1386 355 si
1414 327 1524 355 sciverit
1539 334 1601 354 eum
1625 331 1734 362 propter

983 386 993 402 ι
1008 377 1126 411 aliquam
1143 384 1175 404 ex
1193 375 1281 403 causis
1297 374 1432 410 praedictis
1448 374 1613 406 venientem,
1631 380 1666 400 ne
1680 373 1732 400 im-

983 432 993 448 ι
1010 423 1163 457 pedimento
1177 422 1201 449 ei
1218 421 1251 449 sit
1265 430 1273 455 ;
1300 421 1342 448 sin
1370 420 1458 454 aliter,
1474 418 1732 448 excommunicatio-

983 476 993 493 ο
1011 474 1070 494 ηοω
1084 467 1109 494 ei
1124 466 1274 494 denuntiet.
1290 475 1299 492 ι

979 533 1029 567 Qui
1044 541 1075 561 ea
1089 540 1150 567 qum
1164 533 1278 568 pulchre
1301 536 1328 560 ct
1356 531 1410 559 Deo
1427 537 1503 567 grate
1527 532 1630 559 sancita
1656 537 1730 564 sunt,

942 587 995 607 nou
1011 579 1147 611 observat,
1163 579 1210 606 sed
1234 586 1289 613 pra:
1302 573 1373 606 ﬁrstu
1390 583 1414 605 et
1434 579 1590 613 arrogantia
1607 578 1640 605 ad
1656 578 1730 605 aliud

943 631 1042 661 praeter
1057 632 1089 652 ea
1113 624 1253 652 discedere
1273 632 1355 651 ausus
1376 623 1466 657 fuerit,
1493 624 1624 651 honorem
1639 628 1666 651 et
1691 624 1731 651 di-

942 671 1071 706 gnitatem
1112 669 1294 704 episcopalem
1324 669 1439 697 amittet.
1477 669 1609 702 Quoniam
1639 673 1729 696 autem

942 717 1077 744 sancitum
1091 720 1143 748 est,
1161 716 1317 751 episcopum
1334 723 1386 742 nou
1403 715 1482 742 aliter
1504 715 1537 742 ad
1561 720 1649 742 castra
1662 723 1728 750 pro-

942 763 1090 796 ﬂcisci,nisi
1105 763 1200 790 litteris
1211 762 1393 797 imperatoriis
1402 766 1566 794 accersatur,
1576 762 1728 796 episcopus.

941 810 1012 844 apud
1026 815 1105 842 quem
1122 807 1240 840 direrlit,
1256 808 1289 834 ab
1302 808 1431 842 episcopo
1447 812 1601 835 transeunte
1618 815 1727 834 causam

909 855 1040 892 “itineris
1063 860 1184 888 quaerere
1199 852 1297 886 debet;
1314 857 1341 880 et
1353 854 1375 880 si
1393 860 1452 883 eum
1466 853 1600 880 invenerit
1612 859 1643 879 eo
1655 858 1730 879 more

942 900 976 927 ad
991 904 1078 927 castra
1095 899 1320 934 proﬁciscentem,
1345 899 1411 926 nihil
1425 898 1449 926 ci
1466 898 1648 933 impedimenti
1666 898 1723 931 ﬁat,

941 945 989 972 sed
1002 953 1064 972 cum
1080 944 1183 972 honore
1196 951 1257 972 eum
1270 943 1480 975 transmittat,et
1496 943 1528 970 ad
1546 950 1592 970 eos
1609 943 1654 977 qui
1666 946 1729 969 sunt

942 989 969 1016 in
989 990 1127 1024 provincia
1141 996 1288 1024 omnesque
1303 989 1401 1016 fratres
1416 995 1480 1016 suos
1495 989 1605 1020 scribat,
1622 992 1651 1015 ut
1665 995 1727 1015 eum

941 1035 1047 1063 sincere
1059 1035 1203 1070 excipiant,
1221 1040 1250 1062 ut
1266 1036 1311 1070 qui
1325 1035 1376 1062 iter
1391 1034 1473 1062 faciat
1485 1034 1614 1062 canonice
1630 1038 1656 1061 et
1669 1034 1728 1062 sine

945 1082 1085 1109 seandalo.
1104 1081 1178 1114 Quod
1204 1082 1227 1109 si
1243 1090 1304 1109 eutn
1322 1082 1454 1109 invenerit
1476 1081 1555 1109 aliter
1579 1081 1613 1108 ad
1639 1085 1727 1108 castra

944 1129 1103 1159 abeuntem,
1120 1127 1161 1154 vel
1176 1127 1368 1163 ostentationis
1383 1128 1481 1161 gratia,
1499 1127 1539 1154 vel
1555 1131 1664 1161 propter
1678 1125 1727 1153 ali-

941 1180 1057 1207 quorum
1075 1180 1183 1208 preces,
1199 1180 1260 1208 qua:
1284 1173 1317 1199 ad
1335 1173 1421 1206 ipsum
1436 1177 1463 1199 ut
1488 1172 1655 1200 sacerdotem
1669 1179 1725 1199 non

942 1219 1091 1254 pertinent,
1107 1219 1130 1245 ei
1146 1225 1179 1246 ne
1203 1218 1394 1250 communicet,
1414 1222 1461 1245 aut
1479 1218 1576 1245 litteris
1591 1217 1650 1252 ejus
1660 1218 1724 1245 sub-

942 1265 1056 1298 scribat,
1074 1268 1120 1291 aut
1134 1264 1290 1299 provisione
1309 1263 1397 1299 aliqua
1414 1264 1500 1300 ipsum
1517 1265 1651 1299 dignetur.

625 1884 1187 1901 ﬂww
