4130 6180
1574 451 1746 499 ANNO
1793 450 2019 498 DOMINI
2067 450 2430 497 DCCCCLXXX
2452 522 2454 524 ν

1649 599 2371 773 WIGO

844 869 1318 940 DECANUS
1417 867 2479 943 PHYUHTWANGENSIS
2581 863 3222 936 MONASTERII

1793 1046 2193 1060 Ψ

1154 1169 1736 1307 WIGON
1752 1173 1904 1305 IS
1993 1163 2844 1302 EPISTOLJE

1607 1414 1747 1478 (Pez,
1781 1414 1897 1464 cod.
1931 1412 2150 1477 diplom.
2183 1426 2235 1477 p.
2271 1412 2402 1473 HO.)

1111 1630 1131 1684 Ι
1973 1634 2031 1700 Α
2061 1629 2284 1685 sionem
2316 1627 2624 1683 nobiscum
2657 1623 2972 1692 recusanti,
3024 1639 3204 1696 penes
3250 1623 3522 1679 abbatem
3571 1638 3708 1680 nos-

2057 1723 2214 1772 trum
2245 1713 2676 1787 querimoniam
2707 1713 3033 1769 feceramus
3065 1711 3308 1767 omniun
3340 1709 3579 1767 illarum
3619 1728 3710 1767 re-

2058 1821 2212 1873 rum,
2238 1819 2385 1876 quas
2416 1801 2834 1875 experientiam
2855 1800 3125 1858 laborum
3142 1803 3470 1858 vestrorum
3491 1799 3712 1874 optime

2059 1909 2234 1951 nosse
2264 1909 2380 1953 non
2410 1893 2772 1966 ignoramus.

633 1772 704 1810 AD
745 1770 1110 1811 ADELHAIDEM
1187 1771 1614 1812 IMPERATRICEM

506 1881 575 1938 Se
602 1897 867 1954 suumque
892 1897 1107 1953 gregem
1134 1881 1391 1938 obnixius
1421 1891 1736 1938 commonet.

2132 1979 2613 2038 Multimodarum
2645 1979 3096 2053 gravitudlnem,
3116 1978 3338 2052 jugiter
3365 1993 3609 2035 onerosa
3629 1978 3712 2036 in-

367 2006 628 2064 Dominze
679 2005 969 2079 pracelsaz
1033 2021 1234 2080 regum
1282 2022 1714 2079 regnorumque
1762 2004 1950 2062 altrici

2059 2069 2488 2137 eumbentium,
2510 2067 2737 2126 nullius
2757 2067 2952 2124 fratris
2984 2067 3189 2125 solatio
3217 2066 3504 2126 habemus
3533 2067 3714 2125 eleva-

297 2095 702 2160 nobilissimze,
730 2097 778 2152 A
805 2097 1104 2169 Augustae,
1138 2113 1370 2168 semper
1399 2094 1817 2163 invictissimm,
1844 2095 1954 2150 fra-

296 2189 420 2240 tres
472 2183 1047 2256 Phyuhtwangensis
1106 2183 1375 2240 Ecclesiae
1435 2183 1667 2240 servitio
1729 2185 1953 2240 noviter

297 2273 655 2350 congregati,
681 2272 920 2329 titulum
952 2289 1198 2330 summa:
1227 2273 1600 2330 salutationis
1632 2274 1688 2328 in
1722 2273 1952 2330 Christo

299 2364 618 2420 Salvatore.

373 2454 517 2509 Cum
550 2469 758 2510 omnes
788 2452 1045 2510 ﬁdelium
1079 2452 1561 2524 congregationes
1590 2458 1792 2508 vestrae
1842 2452 1955 2525 pie-

304 2543 435 2598 tatis
475 2539 777 2598 memorias
809 2558 920 2596 non
952 2541 1296 2613 ignoramus
1318 2541 1544 2613 jugiter
1561 2559 1689 2597 esse
1710 2559 1957 2613 prmsen-

304 2631 451 2698 tes,h
462 2629 646 2688 umile
669 2645 880 2690 nomen
896 2630 1164 2688 Ecclesiae
1176 2629 1378 2702 magni
1398 2630 1500 2686 Dei
1522 2630 1835 2686 Salvatoris
1855 2647 1956 2688 vos

302 2722 478 2777 etiam
515 2735 692 2776 nosse
722 2719 1044 2792 cupientes,
1067 2724 1452 2792 nostrumque
1484 2719 1813 2776 manachile
1836 2738 1959 2792 pro-

301 2809 560 2884 positum
603 2809 661 2864 in
682 2809 886 2865 eodem
917 2807 1043 2865 loco
1076 2809 1411 2881 nuperrime
1441 2810 1649 2881 degere
1682 2808 1960 2881 incipien-

301 2899 475 2966 tium,
508 2897 673 2955 vobis
705 2914 939 2970 aequum
971 2897 1250 2954 duximus
1277 2897 1698 2964 intimandum,
1735 2902 1799 2952 ut
1837 2912 1962 2953 um'

309 2988 415 3044 bra
436 2985 851 3044 dominationis
866 2990 1070 3076 vestrae
1090 2985 1366 3076 deinceps
1388 2985 1650 3076 protecti,
1665 2986 1960 3076 tumultus
1990 3010 2036 3076 B

303 3077 608 3136 salarium
641 3075 1062 3148 impulsionum
1099 3075 1344 3132 suﬂ'erre
1375 3075 1673 3132 valeamus
1709 3075 1919 3132 securi.

382 3163 696 3224 Ecelesiam
728 3164 906 3237 igitur
935 3164 1234 3220 credimus
1262 3165 1518 3220 nimium
1551 3164 1671 3221 fore
1704 3164 1956 3232 beatam,

303 3254 355 3310 si
389 3255 518 3326 ejus
550 3258 795 3310 matrem
840 3258 1042 3310 nostro
1091 3258 1353 3326 tempore
1402 3255 1616 3309 habere
1669 3270 1963 3309 meremur

303 3347 428 3399 tam
459 3341 794 3415 benignam,
827 3342 1025 3398 felices
1064 3359 1194 3399 esse
1244 3343 1595 3398 arbitrantes
1644 3342 1960 3398 monacho-

303 3448 437 3490 rum
467 3431 673 3504 plehes
702 3432 814 3488 sub
847 3430 949 3497 tali
980 3431 1369 3488 defensatrice
1398 3431 1822 3488 monomachia:
1845 3434 1963 3486 stu-

305 3521 400 3577 dio
422 3520 835 3588 descrvientes,
853 3521 1024 3591 cujus
1048 3519 1240 3582 solum
1258 3520 1561 3593 ingenium
1583 3523 1746 3576 tanta
1766 3524 1857 3576 est
1876 3535 1965 3575 sa-

309 3609 524 3682 pientia
555 3614 818 3676 auctum,
845 3614 909 3664 ut
927 3609 1040 3666 sibi
1065 3613 1258 3666 totum
1279 3611 1624 3682 subjugaret
1647 3609 1961 3682 imperium

311 3699 491 3770 Hujus
510 3715 742 3770 magna:
767 3698 890 3769 spei
910 3697 1220 3754 securitate
1240 3698 1483 3756 animati
1524 3717 1628 3771 pro
1665 3697 1959 3754 diuturni-

310 3793 421 3844 tate
449 3805 554 3846 seu
587 3785 946 3842 stabilimine
971 3786 1145 3843 vestri
1177 3787 1341 3859 regni
1375 3787 1476 3842 diu
1521 3791 1812 3859 noctuque
1845 3804 1960 3842 non

305 3893 608 3933 cessamus
640 3877 757 3934 Deo
790 3875 1140 3950 supplicare.
1167 3876 1359 3934 Beatis
1389 3876 1632 3948 insuper
1657 3876 1963 3949 spiritibus

308 3967 735 4039 Imperatorum
760 3970 1094 4022 nostrorum
1113 3965 1509 4024 ammnitatem
1529 3965 1780 4023 ccelestis
1801 3965 1962 4022 Elisii

299 4055 435 4128 jugi
466 4055 798 4128 precamine
827 4072 861 4110 a
891 4053 1121 4110 Christo
1155 4054 1494 4128 deposimus
1542 4055 1801 4112 concedi.
1833 4054 1960 4110 Val.

504 4322 578 4362 AD
618 4321 1025 4364 THEODORICUM
1065 4322 1360 4364 EREMITAM
1403 4324 1461 4363 ΙΝ
1502 4323 1678 4364 SYLVA
1715 4324 1788 4364 ΟΒ

320 4431 520 4485 Scribit
539 4433 756 4503 quantis
786 4433 1013 4500 negotiis
1043 4439 1093 4486 et
1119 4433 1269 4487 curis
1301 4432 1523 4488 obrutus
1570 4434 1643 4487 sit
1673 4435 1731 4486 in
1776 4437 1960 4505 provi-

389 4519 539 4574 sione
566 4521 886 4575 monasterii
912 4521 1021 4587 sui,
1051 4537 1114 4574 ac
1141 4523 1369 4590 fratrem
1400 4521 1729 4592 Adalgozum
1759 4523 1867 4576 sibi
1905 4525 1965 4576 in

395 4607 687 4678 adjutorem
716 4607 967 4679 deposcit.

391 4732 458 4786 T.
496 4731 809 4790 Eremitieze
848 4735 1304 4790 conversationis
1354 4735 1562 4790 cultori
1611 4736 1966 4792 studiosissi-

314 4838 436 4889 mo,
473 4821 568 4877 W.
604 4823 937 4880 monasterii
970 4823 1200 4881 Domini
1234 4823 1550 4881 Salvatoris
1584 4826 1846 4896 provisor
1877 4826 1962 4881 in-

311 4909 556 4981 dignus,
583 4910 777 4966 colore
807 4913 1033 4970 deterso
1066 4911 1477 4982 simulationis,
1507 4903 1719 4978 devotae
1743 4916 1966 4986 subjec-

315 4999 540 5056 tionem
571 4999 940 5057 obeditionis.

389 5088 778 5146 llabitudines
811 5093 1160 5147 cunctorum
1194 5093 1561 5167 negotiorum
1594 5093 1762 5151 nobis
1803 5095 1974 5151 undi-

325 5193 432 5247 que
493 5176 786 5234 laboriose
839 5178 1263 5251 adlabentium,
1332 5188 1534 5240 vestrae
1606 5184 1976 5241 Paternitatis

335 5265 896 5324 commiserationem
928 5269 1116 5326 celare
1149 5271 1483 5342 nequimus,
1531 5273 1671 5346 quia
1717 5273 1978 5330 solamen

334 5361 618 5413 consuetas
658 5357 1086 5431 compatientia
1134 5361 1492 5438 petentibus,
1541 5368 1606 5420 ut
1646 5380 1977 5438 speramus,

320 5441 488 5502 nullo
515 5446 692 5503 modo
725 5447 1109 5511 subtrahetis.
1141 5451 1373 5510 Fratres
1410 5453 1751 5510 monasterii
1797 5451 1981 5511 nostri

317 5533 662 5606 nuperrime
689 5534 1080 5609 visitavimus,
1113 5537 1354 5599 fratrem
1400 5539 1773 5617 Helperlcum
1821 5545 1983 5616 adju-

316 5624 513 5684 torem
542 5622 684 5683 inde
707 5639 1056 5685 concessum
1090 5629 1453 5706 reduximus,
1487 5631 1583 5693 cui
1620 5632 1703 5692 rei
1747 5651 1982 5699 conces-

597 5720 852 5788 Ῥιπιοι..
891 5724 1200 5790 CXXXVII.

217 5861 474 6096 of”?

2063 2163 2350 2228 mentum,
2395 2175 2528 2214 cum
2591 2157 2742 2214 alius
2806 2153 3219 2224 invaletudine,
3281 2156 3433 2214 alius
3487 2157 3716 2216 diverso

2063 2253 2504 2322 praeoccupatus
2537 2247 2883 2313 ministerio,
2920 2251 2984 2302 ut
3008 2245 3097 2302 vel
3131 2247 3201 2301 ad
3255 2246 3512 2320 spatium
3557 2246 3717 2320 parvi

2063 2337 2348 2410 temporis
2378 2338 2500 2393 solo
2541 2335 2829 2393 laboranti
2879 2336 3234 2392 concedatur
3280 2335 3714 2409 respirandum.

2064 2427 2281 2483 Omnes
2312 2426 2501 2482 claves
2532 2424 2871 2482 monasterii
2901 2423 3174 2480 tinnienti
3195 2423 3428 2496 cingulo
3459 2425 3719 2496 undique

2065 2515 2339 2588 appensis
2371 2516 2493 2588 ipse
2526 2519 2709 2587 porto.
2743 2515 2988 2586 Insuper
3017 2512 3399 2570 sollicitudini
3434 2513 3717 2586 regularis

2065 2605 2288 2662 ordinis
2319 2604 2657 2661 cautissime
2687 2604 2866 2659 debeo
2925 2603 3247 2675 providere,
3308 2619 3465 2658 nunc
3511 2618 3716 2661 curam

2067 2693 2300 2767 penoris
2331 2709 2547 2766 gerere,
2582 2709 2739 2748 nunc
2770 2691 2923 2749 cocis
2957 2708 3222 2764 praeesse,
3249 2691 3544 2748 interdum
3578 2691 3716 2747 refe-

2067 2782 2284 2838 ctorius
2316 2784 2377 2853 (f.
2414 2781 2825 2850 refectorium),
2861 2797 3094 2852 semper
3123 2780 3397 2836 omnibus
3443 2779 3716 2836 domesti-

2067 2871 2152 2927 cis
2184 2869 2430 2926 interius
2460 2868 2982 2936 eommorantibus,
3015 2872 3073 2924 et
3100 2867 3353 2924 exterius
3381 2867 3714 2940 hospitibus

2071 2957 2617 3032 supervenientibus
2647 2956 2874 3014 cunctis
2905 2955 3250 3013 serviturus.

2140 3049 2398 3104 Fratrem
2420 3046 2774 3119 Adalgozum
2797 3044 3131 3119 nuperrime
3153 3045 3528 3114 monasterio,
3552 3050 3716 3118 patre

2067 3138 2325 3205 viduato,
2359 3136 2696 3192 restitutum
2728 3135 2983 3207 petimus
3024 3138 3216 3190 vestra
3262 3134 3499 3190 licentia
3547 3134 3719 3191 nobis

2069 3225 2305 3284 concedi
2337 3223 2650 3296 adjutorio.
2683 3225 2752 3279 Et
2781 3223 2920 3296 quia
2941 3223 3000 3278 in
3023 3223 3298 3279 omnibus
3318 3223 3507 3279 devoti
3531 3222 3721 3296 parui-

2069 3330 2224 3381 mus,
2245 3312 2464 3384 quibus
2481 3311 2551 3367 de
2568 3310 2666 3368 illo
2685 3316 2874 3367 vestra
2891 3316 3179 3385 praecepta
3201 3311 3593 3386 suscepimus,
3613 3328 3720 3368 nec

2073 3401 2294 3476 aliquid
2322 3400 2570 3456 invitum
2603 3400 2788 3456 facere
2811 3399 3130 3473 coegimus,
3155 3399 3488 3456 communis
3518 3399 3718 3473 petitio

2072 3491 2318 3546 fratrum
2351 3493 2682 3546 nostrorum
2714 3493 3004 3561 precatur,
3026 3493 3089 3546 ut
3120 3493 3404 3562 praecepto
3435 3488 3598 3546 vobis
3628 3489 3723 3544 de-

2074 3579 2203 3634 bitae
2235 3576 2573 3634 obedientizn
2604 3577 2712 3634 sibi
2737 3578 3107 3646 concedatur,
3131 3577 3494 3634 ordinandus
3516 3577 3575 3632 in
3601 3576 3723 3634 om-

2073 3669 2226 3724 cium
2263 3666 2692 3735 monasteriale,
2728 3685 2842 3722 non
2883 3667 3052 3742 quasi
3085 3667 3422 3724 eliminatus
3453 3667 3721 3725 custodia

2069 3763 2279 3824 vestra,
2339 3774 2474 3814 cum
2525 3757 2725 3813 nullus
2775 3761 3042 3814 nostrum
3088 3774 3149 3814 se
3198 3757 3505 3814 subtrahat
3542 3758 3720 3829 jussu

2069 3850 2258 3902 vestro
2295 3863 2307 3900 :
2340 3847 2441 3901 sed
2477 3845 2616 3917 quia
2665 3849 2910 3918 oportet,
2961 3847 3010 3901 si
3063 3847 3349 3902 audemus
3398 3845 3608 3913 dicere,
3656 3849 3723 3900 ut

2072 3934 2294 3990 bonum
2325 3934 2658 4006 rependatis
2707 3933 3059 3990 charitativze
3109 3933 3553 3990 vicissitudinis.
3591 3933 3723 3990 Fra-

2071 4028 2219 4080 trem
2237 4021 2638 4096 Engilpertum
2662 4022 2917 4095 petimus
2941 4026 3004 4080 ut
3023 4021 3256 4095 scriptis
3276 4022 3485 4080 vestris
3507 4021 3722 4096 smpius

2073 4111 2607 4170 commonefaciatis
2637 4112 2706 4170 de
2740 4112 2909 4170 bonis
2943 4112 3013 4169 ad
3047 4111 3307 4171 meliora.
3341 4112 3557 4170 Valete.

2861 4255 2937 4314 III

2684 4405 2756 4445 AD
2797 4405 3112 4447 DIETRICUM

2079 4526 2139 4580 Ut
2169 4524 2236 4578 ad
2267 4539 2322 4578 se
2353 4522 2559 4577 librum
2588 4537 2858 4578 canonum
2900 4524 3096 4588 mittat,
3145 4526 3276 4578 usui
3321 4524 3430 4580 sibi
3473 4525 3724 4594 futurum

2124 4616 2182 4668 in
2214 4629 2379 4668 causa
2407 4611 2692 4684 cujusdam
2725 4612 2930 4674 clerici,
2963 4629 2995 4666 η
3028 4612 3184 4668 (uicis
3210 4614 3444 4684 pessime
3474 4613 3668 4670 habili.

2145 4745 2368 4801 Domno
2404 4748 2693 4802 DIETRICO.
2729 4747 2899 4802 W100
2930 4748 3219 4803 confrater
3250 4746 3308 4802 in
3344 4747 3458 4804 Deo
3492 4763 3725 4803 summo

2074 4835 2344 4892 salutem.

2145 4923 2309 4980 Sicut
2341 4941 2442 4997 per
2473 4926 2727 4998 pastoris
2761 4926 3088 4999 neglectum
3121 4940 3275 4996 saepe
3296 4923 3538 4980 veniunt
3557 4925 3728 4982 detri-

2081 5016 2279 5068 menta
2296 5014 2490 5069 ovium
2512 5032 2524 5070 :
2553 5015 2633 5071 ita
2649 5017 2720 5072 de
2737 5013 3090 5070 hebetudine
3107 5016 3317 5070 nostrae
3335 5014 3726 5088 improvinciaa

2081 5104 2182 5172 (ita
2211 5103 2349 5174 cod.)
2382 5109 2717 5160 nostrorum
2761 5101 3084 5157 vicinorum
3134 5103 3348 5160 servuli
3395 5103 3729 5178 congregati

2084 5192 2401 5264 quemdam
2433 5192 2706 5249 clericum
2741 5194 3007 5247 nostrum
3057 5194 3431 5250 membratim
3483 5193 3728 5250 detrive-

2085 5284 2242 5337 runt.
2277 5281 2346 5336 Et
2383 5297 2512 5336 ecce
2563 5279 3007 5351 subsequuntur
3050 5281 3222 5341 varie:
3269 5282 3729 5340 conflictatione:

2086 5367 2432 5436 multorum,
2466 5367 2581 5424 Has
2615 5368 2688 5424 ad
2720 5368 3051 5443 nullandas,
3083 5375 3142 5428 et
3181 5373 3463 5430 canonica
3508 5371 3732 5430 ratione

2087 5457 2491 5526 destruendas,
2526 5457 2578 5512 si
2608 5456 2766 5515 ullus
2794 5458 2944 5516 liber
2973 5476 3153 5532 penes
3181 5475 3281 5518 vos
3312 5460 3600 5518 factorum
3630 5460 3730 5519 ha-

2086 5546 2278 5618 betur,
2311 5543 2480 5629 nobis
2504 5561 2782 5624 rogamus
2809 5547 3092 5625 praestari,
3133 5551 3191 5610 et
3234 5566 3340 5628 per
3383 5555 3729 5630 prasentem

2091 5637 2368 5703 nuntium
2396 5639 2739 5708 transmitti.
2771 5640 2924 5704 Bene
2949 5639 3211 5706 valeatis.

3406 5741 3438 5811 1
