4148 6184
379 343 448 400 11

1153 479 1244 537 IV.

562 581 636 622 AD
676 581 1009 626 ιιῦτοιυωι
1047 585 1372 628 EPISCOPUM
1409 588 1824 632 AUGUSTANUM.

373 652 543 725 Rogat
568 661 631 710 at
656 654 816 712 rebus
854 657 914 713 in
953 673 1052 715 suo
1093 657 1414 802 Eff'onatstcrio
1459 663 1842 734 afﬂictissimis
1872 679 2025 738 opem

1137 747 1232 786 cra
1260 775 1272 786 .

1137 747 1272 786 erat.

449 813 512 868 L.
547 814 726 872 Pallio
748 817 967 874 summi
999 821 1307 876 sacerdotii
1332 821 1559 880 cmlitus
1581 823 1898 892 indusiato,
1923 823 2018 882 W.

372 905 761 976 congregandi
813 907 1170 982 gregaminis
1220 909 1460 967 inermis
1509 912 1702 984 opilio,
1737 913 2020 984 gaudium

373 1006 644 1064 superna:
674 992 969 1052 felicitatis
997 996 1059 1051 in
1090 997 1340 1054 Christo.

443 1079 695 1137 Cursum
713 1082 1036 1141 ell'ectuoszs
1061 1083 1370 1157 legationis
1387 1089 1458 1144 ad
1483 1090 1906 1146 monasterium
1925 1108 2023 1147 no-

373 1173 563 1224 strum
593 1170 716 1226 fore
736 1177 1168 1246 prosperatum,
1185 1192 1418 1233 summo
1441 1179 1556 1232 Deo
1578 1179 1835 1250 primum
1859 1179 2022 1253 hym-

372 1257 661 1329 nizamus,
677 1259 778 1333 qui
807 1259 1136 1321 directaneo
1167 1265 1662 1339 gressu,vialique
1682 1267 2018 1324 ductamine

372 1365 607 1421 semper
635 1349 837 1424 dirigit
864 1367 1067 1410 secum
1113 1353 1306 1412 cordis
1354 1355 1660 1412 conamine
1696 1360 2016 1414 versantes.

373 1437 664 1496 Fraternzs
701 1443 898 1498 autem
944 1442 1312 1502 deductionis
1364 1450 1750 1518 augmentum
1810 1446 2018 1505 merito
2097 1493 2102 1500 .

368 1530 573 1585 vestra:
603 1528 838 1602 pietatis
867 1531 1242 1602 ascribimus,
1276 1533 1416 1607 quia
1444 1534 1774 1609 pelliferum
1819 1539 2022 1594 nostra

368 1615 679 1675 inscientia
707 1618 952 1678 minime
998 1621 1292 1694 edoctum,
1316 1628 1373 1680 et
1419 1624 1676 1698 tepentia
1726 1624 2018 1683 schedulee

369 1706 567 1776 verba,
597 1707 790 1766 vivida
817 1715 992 1768 aucta
1021 1711 1322 1770 facecitate
1367 1713 1472 1770 viae
1501 1713 1817 1770 direxistis.
1851 1713 2017 1771 Illam

371 1793 912 1857 incommoditatem
959 1799 1296 1874 importune
1325 1800 1710 1872 sustinemus,
1743 1818 1878 1858 cum
1909 1801 2014 1860 Dei

370 1884 696 1944 ministerio
717 1886 988 1945 Ecclesia;
1010 1905 1454 1962 congregemur,
1469 1891 1624 1963 quod
1647 1890 2014 1965 conglobata-

369 1989 503 2029 rnm
535 1974 730 2032 avium
755 1975 1012 2050 garritus
1041 1980 1330 2038 cantando
1360 1995 1638 2052 superare
1678 1981 2014 2054 nequimus,

380 2063 537 2134 quod
571 2063 830 2138 undique
853 2067 1170 2141 pennigero
1199 2067 1393 2126 volatu
1424 2067 1780 2126 invehuntur
1802 2070 2017 2143 patulis

367 2155 658 2226 fenestris,
672 2158 730 2213 et
749 2157 986 2229 quando
1008 2157 1208 2215 nivoso
1228 2157 1657 2232 prosternimur
1683 2159 2015 2232 pavimento

367 2264 438 2304 ex
467 2245 630 2304 omni
659 2249 822 2319 parte
854 2245 982 2304 nive
1024 2246 1226 2316 afﬂati,
1259 2247 1476 2305 ccenosi
1507 2247 1860 2304 volutamur.
1902 2249 2015 2306 Sed

369 2339 568 2393 tamen
597 2333 990 2393 communiter
1016 2337 1292 2410 degentes
1313 2337 1435 2392 hac
1465 2342 1792 2410 opportune
1813 2339 2016 2395 tolera-

371 2441 589 2495 remus,
621 2424 673 2482 si
703 2423 1076 2482 Dominicum
1107 2425 1288 2485 altare
1317 2443 1351 2482 a
1391 2425 1675 2499 ninguine
1707 2428 2016 2484 defendam

370 2531 705 2587 possemus.
725 2516 996 2572 Accensae
1017 2513 1272 2572 candelae
1302 2515 1539 2572 flamine
1568 2520 1876 2573 ventorum
1896 2521 2017 2572 tur-

367 2605 538 2674 bate,
561 2603 817 2661 multum
845 2601 1236 2678 lacrymantes
1261 2603 1736 2677 exstinguuntur.
1755 2606 1842 2661 Ad
1864 2605 2018 2662 clau-

367 2710 570 2750 suram
599 2693 1012 2762 fenestrarum,
1045 2693 1095 2748 si
1125 2693 1354 2765 aliquos
1382 2693 1569 2749 lineos
1599 2693 1858 2750 tribuitis
1879 2711 2018 2768 pan-

369 2800 498 2852 nos,
551 2781 794 2856 potestis
841 2781 1012 2840 facile
1057 2782 1233 2838 istam
1281 2783 1713 2856 querimoniam
1775 2784 2012 2842 sarcire.

367 2871 812 2938 Quantumlibet
841 2870 1104 2944 chalybis
1135 2871 1488 2930 ferramenta
1529 2872 1852 2942 sarcienda,
1885 2891 2015 2946 quas

367 2961 538 3019 nobis
569 2967 710 3017 sunt
739 2961 1088 3030 necessaria,
1122 2962 1268 3018 ﬂexo
1317 2960 1573 3034 petimus
1611 2961 1780 3029 collo,
1816 2966 2014 3018 nostro

358 3049 618 3122 jubeatis
648 3049 971 3106 transmitti
999 3048 1280 3107 Vulcano.

1153 3171 1223 3228 V.

539 3297 611 3338 AD
651 3296 992 3339 GOZPERTUM
1029 3297 1293 3338 ABBATEM
1329 3295 1830 3338 TEGERNSEENSEM.

366 3387 608 3464 Exponit
631 3389 684 3446 ei
711 3387 1110 3460 difﬁcultatem,
1131 3391 1262 3444 novi
1287 3387 1603 3464 Monasterii
1628 3387 1719 3444 sui
1749 3397 2017 3464 construc—

439 3460 585 3534 tione
641 3467 948 3534 cqusatam,
965 3467 1242 3534 rogatque
1296 3468 1360 3516 ut
1418 3460 1752 3534 Weichcrum
1807 3461 2012 3528 solatii,

439 3531 796 3606 Sigihardum
823 3531 1132 3589 stadiorum
1149 3531 1346 3604 'gratca
1374 3531 1446 3588 ad
1471 3547 1528 3588 se
1549 3533 1746 3588 mittat.

438 3639 650 3697 Abbati
679 3639 746 3696 G.
782 3639 1108 3696 monastica
1139 3638 1501 3695 firmitudine
1534 3639 1862 3712 priscorum
1892 3639 2016 3695 vice

371 3731 721 3788 Sanctorum
746 3727 1106 3804 patrissanti,
1119 3727 1292 3784 cho
1315 3745 1449 3785 cum
1468 3727 1800 3797 fratesculo,
1815 3745 2014 3786 secum

369 3819 431 3876 in
461 3817 857 3876 ministerium
898 3818 1196 3889 deputato,
1232 3816 1520 3889 quidquid
1553 3817 1754 3873 tenelli
1785 3821 2016 3873 maturo

375 3908 624 3983 parenti.

438 3999 606 4056 Nova:
638 3997 1018 4070 plantationis
1047 3996 1313 4071 germina
1341 3995 1594 4054 brumali
1630 4000 1890 4069 tempore
1914 4011 2018 4050 vos

365 4085 508 4144 velle
529 4102 871 4160 propagare,
886 4086 1226 4142 mirandum
1249 4101 1394 4142 nova
1413 4085 1860 4158 conscriptione,
1877 4099 2018 4138 cura

367 4176 570 4235 nivosa
593 4175 800 4248 hyems
826 4191 942 4230 non
977 4173 1322 4230 viridescere
1354 4173 1414 4228 in
1443 4175 1660 4246 fruges,
1695 4173 1794 4229 sed
1826 4171 2017 4244 magis

367 4266 551 4324 soleat
564 4264 626 4322 in
641 4263 866 4336 lapides
884 4263 1172 4337 rigescere
1189 4261 1530 4318 albicantes.
1547 4263 1767 4317 Tamen
1785 4259 2017 4317 ornatui

367 4352 787 4414 Salomonisczs
809 4352 1022 4409 domus
1043 4350 1296 4408 nimium
1325 4349 1552 4408 habiles
1573 4349 1624 4408 si
1644 4349 1916 4406 volumus
1929 4349 2019 4420 ja-

368 4457 496 4504 cere
530 4441 742 4504 similis
764 4445 1073 4501 structurea
1101 4438 1550 4514 profunditates,
1567 4437 1888 4513 gloriosum
1919 4439 2016 4494 Sa-

364 4535 658 4593 lomonem
690 4531 882 4590 omnis
909 4531 1078 4606 copia
1105 4529 1390 4588 Davidica:
1425 4527 1866 4602 preparationis
1897 4543 2015 4584 non

363 4629 596 4684 tantum
627 4623 988 4692 sublevabat,
1021 4623 1310 4694 quantum
1337 4617 1520 4676 nostri
1551 4617 1743 4675 cordis
1773 4616 2012 4674 domici-

363 4715 511 4772 lium
539 4713 800 4772 ltstiﬁcat
823 4713 1034 4770 decora
1063 4709 1390 4779 aedificatio,
1423 4724 1552 4780 qua:
1583 4723 1702 4764 non
1749 4705 2018 4780 lapidosa

365 4803 630 4873 materia,
645 4807 702 4859 et
721 4801 1076 4876 quandoque
1097 4815 1327 4866 casura,
1340 4813 1541 4855 verum
1565 4795 1727 4854 cultu
1751 4793 2014 4852 mansuri

363 4891 730 4950 fundaminis
745 4895 948 4950 vestra:
965 4886 1332 4948 celsitudinis
1340 4886 1644 4960 juvamine
1656 4889 1854 4942 nostro
1875 4884 2016 4942 Pon-

361 4963 506 5039 tifici
523 4985 612 5038 est
628 4981 996 5038 stabilienda.
1012 4978 1386 5037 Gaudeamus
1408 4993 1514 5032 nos
1537 4975 1787 5032 directos
1808 4989 2016 5031 norma

365 5068 682 5129 Dominicae
727 5068 1134 5138 ordinationis,
1165 5083 1285 5140 qua
1327 5065 1630 5122 duodenos
1689 5063 2012 5138 discipulos

365 5159 530 5219 misit
544 5157 617 5216 ad
637 5155 1038 5232 praedicandos
1059 5155 1336 5231 populos;
1369 5158 1428 5212 et
1445 5153 1678 5211 illorum
1701 5151 2011 5210 ministerii

362 5267 512 5326 opus
542 5266 661 5307 non
682 5263 856 5322 posse
885 5245 1104 5302 imitari
1135 5245 1430 5315 dolemus;
1463 5261 1599 5302 cum
1629 5243 1714 5300 illi
1739 5243 1932 5300 tricies
1954 5246 2012 5300 et

363 5339 554 5404 sexies
583 5337 646 5396 in
676 5334 974 5395 binarium
1001 5332 1196 5403 divisi,
1226 5335 1277 5390 si
1308 5351 1425 5392 non
1456 5331 1785 5404 sanctitate,
1817 5331 1906 5389 vel
1944 5335 2011 5388 ut

361 5424 445 5488 ita
472 5423 1136 5503 poetizemus,etfectum
1167 5421 1279 5480 sibi
1298 5422 1574 5495 injunctzs
1601 5419 2007 5498 praeceptionis

363 5515 783 5578 numerositate
814 5512 1088 5588 supplere
1119 5510 1688 5585 potuissent.Nullos
1707 5511 2006 5586 adjutores

362 5606 672 5666 nobiscum
700 5605 989 5663 habemus
1008 5603 1218 5676 praeter
1236 5600 1384 5658 duos
1413 5600 1753 5672 grandaevos
1789 5600 2006 5660 silicer-

356 5712 489 5784 pos,
511 5710 660 5784 quos
690 5689 1044 5782 {mirimodis
1071 5687 1218 5772 nihil
1251 5687 1458 5754 alludit
1485 5687 1702 5770 operis,
1721 5687 2002 5770 Goelicole

1432 349 1769 413 WIGONlS
1815 352 2100 414 DECANI
2141 353 2730 418 PHYU'HTWANG.

2051 497 2102 556 Α
2140 491 2370 544 tantum
2403 489 2666 548 arrident
2692 507 2810 559 eos,
2843 491 3101 549 volentes
3131 510 3198 549 eo
3241 512 3303 551 se
3337 497 3594 568 quotidie
3625 501 3779 573 apud

3705 367 3781 426 12

2131 592 2380 649 superos
2409 578 2658 637 deficare
2689 579 2786 652 (ita
2809 580 2924 638 cod.
2957 583 3000 652 Γ.
3034 581 3348 656 deiﬁcare).
3379 587 3660 652 Quocirca
3689 605 3782 662 pe-

2091 745 2094 748 .
2130 665 2316 722 timus
2342 667 2414 722 de
2434 671 2636 724 vestra:
2658 669 3026 743 paternitatis
3050 671 3364 730 clemantia
3385 693 3493 731 nos
3515 677 3782 748 adjuvari

2131 751 2338 812 solatio
2359 755 2558 813 fratris
2580 758 2764 814 nostri
2792 759 3075 827 Weichcri,
3090 765 3156 817 ut
3185 761 3350 818 radix
3370 763 3622 837 alicujus
3643 766 3782 823 boni

2130 843 2358 901 fructus
2369 845 2730 918 profluxione
2749 849 3362 924 majorisirrigationis
3378 853 3566 926 possit
3580 856 3780 928 augeri

2129 931 2190 988 in
2212 932 2338 990 loco
2360 935 2529 990 nobis
2551 936 2889 1006 commisso,
2906 943 3199 1009 quatenus
3216 941 3490 997 cumulus
3512 959 3778 1017 supernas

2130 1022 2418 1078 mercedis
2466 1041 2500 1078 a
2548 1024 2796 1080 Domino
2855 1025 3152 1083 Salvatore
3209 1031 3548 1088 remetiatur
3591 1033 3776 1089 vobis.

2129 1109 2507 1182 Sigihardum
2541 1113 2778 1170 fratrem
2815 1119 3103 1182 nostrum,
3138 1133 3313 1187 quem
3345 1123 3605 1194 tempore
3642 1121 3776 1177 viri-

2128 1200 2420 1256 dcscentis
2449 1201 2590 1258 anni
2620 1203 2869 1275 dirigere
2899 1204 3237 1261 decrevistis
3267 1224 3450 1264 causa
3489 1209 3775 1279 discendi,

2129 1286 2179 1344 si
2207 1288 2352 1357 vult,
2385 1294 2442 1344 et
2485 1290 2535 1346 si
2584 1290 2930 1363 dignemini,
2966 1309 3122 1348 nunc
3169 1295 3345 1351 etiam
3394 1297 3546 1354 mitti
3579 1317 3776 1370 preca-

2128 1393 2284 1432 mur.
2307 1377 2526 1434 Valete.

2903 1479 2996 1535 VI.

2323 1590 2394 1630 AD
2436 1592 2767 1634 LIUTOLDUM
2806 1567 3129 1636 missorum
3169 1595 3580 1642 succensum.

2131 1672 2194 1728 Ut
2219 1687 2318 1767 eos.
2352 1675 2576 1767 fratres,
2601 1691 2735 1767 quos
2776 1679 3096 1767 monasterii
3129 1681 3222 1762 sai
3256 1682 3533 1767 commodo
3573 1701 3606 1738 a
3629 1684 3775 1767 .Goz-

2192 1750 2346 1815 perte
2375 1744 2567 1804 abbate
2601 1744 2846 1818 Tegerns.
2890 1749 3218 1820 impetravit,
3250 1751 3480 1822 benigne
3521 1756 3772 1829 accipiat,

2199 1821 2254 1872 ct
2277 1814 2349 1870 ad
2376 1833 2434 1872 se
2463 1817 2623 1874 rebus
2653 1821 2976 1876 necessariis
2999 1821 3245 1892 provisos
3273 1824 3470 1880 mittat.

2201 1921 2439 1978 Prtesuli
2463 1924 2525 1978 L.
2541 1940 2684 1981 cura
2704 1927 2983 2000 pastorali
3005 1928 3320 1984 custodelae
3341 1928 3536 1986 ovium
3555 1931 3774 1990 Christi

2125 2009 2366 2081 provida
2396 2013 2622 2070 cautela
2651 2015 2996 2089 invigilanti,
3021 2017 3116 2072 W.
3147 2033 3283 2073 cum
3317 2019 3506 2076 adelto
3525 2016 3630 2077 Dei
3655 2021 3775 2078 Sal-

2123 2099 2340 2156 vatoris
2369 2100 2611 2176 indigno
2641 2103 2952 2174 tirunculo,
2986 2123 3251 2178 supernae
3283 2107 3777 2184 salvationisjuge

2123 2202 2436 2258 precamen
2464 2190 2524 2246 in
2555 2191 2804 2250 Christo.

2193 2278 2556 2366 Auctoritate
2617 2285 2946 2344 sanctitatis
2992 2293 3220 2356 vestrm,
3264 2305 3496 2350 summe
3553 2297 3770 2366 pastor,

2123 2363 2315 2436 lepide
2346 2369 3052 2446 persuasi,solidariaaque
3084 2379 3542 2436 conversationis
3556 2363 3770 2438 nostras

2125 2453 2532 2543 singularitate
2548 2460 2838 2532 compulsi
2855 2463 3283 2524 solidissimum
3305 2467 3469 2526 littus
3481 2471 3773 2543 stagnina-

2125 2557 2258 2598 rum
2277 2541 2724 2634 impulsionum,
2741 2552 3180 2628 anchoramque
3193 2557 3510 2616 verissimae
3529 2541 3654 2634 spei
3672 2577 3775 2634 per

2125 2631 2404 2688 nuntium
2431 2635 2800 2706 adnavimus,
2824 2643 3156 2702 tutissimos
3185 2645 3452 2703 videlicet
3479 2631 3648 2706 sinus
3673 2631 3774 2708 ab-

2125 2719 2280 2776 batis
2311 2723 2516 2792 nostri,
2533 2741 2648 2798 quo
2683 2728 3092 2788 fluctuationes
3123 2733 3380 2791 fraterna
3408 2737 3644 2794 raritate
3674 2757 3772 2795 no-

2123 2806 2214 2864 bis
2261 2807 2466 2881 illisas,
2500 2811 2696 2886 aliquo
2747 2818 3133 2876 consolatorie
3163 2824 3523 2882 stabilimine
3565 2828 3770 2889 sedare

2124 2895 2221 2989 pia
2251 2903 2724 2989 augmentatione
2757 2907 3008 2966 fratrum
3034 2910 3326 2985 dignetur.
3360 2917 3515 2981 Quos
3543 2915 3594 2972 si
3621 2934 3768 2989 pra:-

2123 2984 2534 3078 destinationis
2561 2993 2665 3050 Dei
2693 2994 2785 3053 via
2815 2997 3090 3056 direxerit
3111 2984 3190 3058 ad
3219 3003 3545 3078 Angustam
3576 2984 3771 3063 civita-

2119 3075 2652 3148 tem,adjunctione
2681 3085 2974 3145 sociorum
3003 3089 3251 3160 itineris,
3267 3075 3568 3151 fulcimine
3588 3111 3768 3168 equo-

2121 3177 2275 3257 rum,
2335 3181 2739 3246 equorumque
2795 3175 3015 3251 aurigis
3072 3179 3404 3240 sublevatos
3458 3201 3770 3257 precamur

2051 3229 2094 3296 (ἶ
2125 3247 2381 3341 humane
2411 3258 2634 3333 suscipi
2673 3229 2961 3335 jubeatisf
2989 3273 3292 3341 susceptos
3338 3229 3508 3329 nobis
3539 3272 3768 3330 mittere

2125 3339 2476 3412 dignemini.

2195 3428 2598 3523 Vuillihardus
2628 3439 2875 3501 clericus
2905 3461 2940 3502 a
2965 3446 3132 3504 vobis
3159 3464 3460 3523 regressus
3510 3452 3670 3508 venit
3694 3454 3767 3510 ad

2125 3533 2234 3575 nos
2264 3520 2470 3612 quinta
2495 3526 2638 3584 feria
2667 3536 2803 3590 ante
2832 3520 3294 3609 Theophaniam,
3321 3539 3423 3612 qui
3453 3539 3764 3610 intimavit,

2126 3611 2282 3682 quod
2315 3613 2710 3689 admiramini,
2743 3624 2899 3694 quod
2945 3641 3136 3698 neque
3185 3643 3289 3698 per
3333 3611 3632 3697 nuntium,
3666 3633 3771 3685 aut

2125 3714 2230 3771 per
2255 3701 2562 3774 epistolam
2604 3707 2994 3782 innotuimus,
3028 3715 3170 3786 quid
3203 3717 3550 3786 faceremus,
3584 3717 3773 3790 quali-

2124 3791 2279 3846 terve
2309 3795 2937 3864 possemus.Valetudo
2971 3804 3298 3862 sanctitatis
3318 3810 3520 3864 vestra
3541 3811 3772 3863 tantum

2126 3885 2304 3948 queat
2331 3881 2392 3938 in
2423 3883 2700 3942 Domino!
2738 3887 2891 3946 circa
2925 3907 3031 3948 nos
3061 3891 3134 3946 ob
3165 3892 3416 3964 gratiam
3447 3894 3624 3952 vestri
3657 3910 3778 3952 om-

2125 3966 2224 4024 nia
2253 3969 2400 4026 bene
2430 3978 2705 4046 aguntur.
2721 3975 2792 4032 Ut
2823 3979 2896 4034 de
2925 3979 3084 4036 omni
3116 3979 3528 4040 incertitudine
3547 3999 3778 4041 conver-

2126 4058 2369 4118 sationis
2400 4067 2613 4120 nostraa
2634 4065 3044 4138 certiflcemus,
3059 4071 3258 4126 omnia
3277 4071 3592 4128 ordinatim
3615 4071 3778 4130 inno-

2125 4152 2322 4206 tamus
2349 4151 2587 4224 scripta.
2614 4154 2787 4212 Sexta
2817 4155 2978 4226 feria,
3010 4174 3138 4230 quae
3171 4159 3436 4232 proxima
3480 4161 3606 4219 dies
3653 4166 3778 4218 erat

2126 4241 2260 4308 post
2308 4239 2500 4297 natale
2559 4241 2894 4314 infantium,
2930 4245 3251 4306 direximus
3309 4248 3619 4322 epistolam
3675 4267 3778 4324 per

2126 4327 2422 4399 nuntium,
2456 4334 2522 4387 ut
2550 4332 2734 4390 oculis
2763 4334 2972 4394 vestris
3002 4340 3330 4410 perspecta,
3363 4337 3414 4394 si
3467 4340 3677 4397 essetis
3715 4339 3778 4396 in

2121 4417 2404 4490 Augusta,
2428 4418 2817 4493 impressione
2847 4423 3024 4498 sigilli
3049 4426 3226 4484 vestri
3283 4425 3627 4486 bullaretur.
3659 4428 3777 4487 Hoc

2126 4510 2322 4563 autem
2354 4509 2651 4583 exemplar
2679 4513 2960 4585 epistolae.

2888 4639 3010 4697 VII.

2444 4742 2728 4784 EPISTOLAE
2766 4744 3075 4786 ΡΒΕΒῙΟΤΕ
3112 4745 3454 4790 IXEMPLUM.

2127 4815 2474 4891 Commendat
2509 4817 2654 4890 Wigo
2683 4817 2816 4891 duos
2832 4820 3061 4891 juvenes
3105 4821 3398 4878 monachos
3429 4823 3487 4876 F.
3529 4819 3772 4876 scholas-

2191 4891 2316 5032 )tiigo‘
2344 4889 2673 5017 Aungtano,
2707 4889 2921 4962 sibique
2959 4893 3244 4950 Prisciani
3290 4893 3511 4964 majoris
3561 4892 3772 4962 copiam

2263 4978 2314 5016 ri
2343 4977 2473 5032 roga
2501 5001 2514 5016 .

2263 4978 2314 5016 ri
2343 4977 2514 5032 rogat.

2189 5058 2538 5132 Apostolicis
2559 5059 2895 5132 agminibus
2925 5061 3126 5120 ordine
3155 5058 3518 5118 hmreditario
3567 5058 3766 5117 caalico

2121 5152 2269 5206 nutu
2291 5153 2708 5206 connumerato
2731 5150 2792 5206 F.
2808 5167 3076 5225 superna:
3093 5147 3427 5223 sponsionis
3449 5149 3766 5224 perdignos

2110 5237 2509 5310 judicantium
2539 5240 2779 5312 gradus.

2187 5326 2559 5386 Institutione
2583 5327 2714 5386 vitae
2753 5329 3116 5386 Bcncdictinaz
3145 5325 3374 5397 nutriti,
3407 5329 3762 5388 monarchiaa

2117 5416 2382 5491 cogimur
2411 5417 2727 5476 obeditioni
2757 5419 2948 5474 mente
2975 5416 3242 5488 subesse,
3263 5423 3555 5492 praecepta
3584 5419 3763 5488 majo-

2115 5521 2249 5565 rum
2298 5505 2471 5566 celeri
2519 5508 2734 5581 pedum
2781 5505 3168 5580 suspensione
3215 5506 3458 5579 perfecti
3507 5507 3568 5561 in
3597 5503 3758 5561 omni

2113 5595 2486 5672 praecipimur
2555 5611 2702 5654 esse.
2774 5593 2847 5652 θ.
2905 5594 3225 5668 (Gozpertus
3301 5596 3394 5652 ab.
3456 5592 3756 5666 Tegerns.)

2112 5702 2359 5751 summae
2388 5681 2756 5768 perfectionis
2787 5688 3033 5766 amator,
3047 5683 3469 5773 Monacborum
3487 5679 3753 5762 fidelium

3588 5860 3816 6093 θεῖς

2048 4604 2095 4671 D
