  <div class='ocr_page' id='page_1' title='image "/cluster/home/n/w/nwhite01/storage/ocr_20150623/137/hvd.32044054759972/016.png"; bbox 0 0 4166 6172; ppageno 0'>
   <div class='ocr_carea' id='block_1_1' title="bbox 439 369 2080 432">
    <p class='ocr_par' dir='ltr' id='par_1_1' title="bbox 439 369 2080 432">
     <span class='ocr_line' id='line_1_1' title="bbox 439 369 2080 432; baseline 0.001 -3"><span class='ocrx_word' id='word_1_1' title='bbox 439 372 512 432; x_wconf 85' lang='grc'><strong>13</strong></span> <span class='ocrx_word' id='word_1_2' title='bbox 1925 369 2080 430; x_wconf 80' lang='grc' dir='ltr'>ΕΡΙΕ</span> 
     </span>
    </p>
   </div>
   <div class='ocr_carea' id='block_1_2' title="bbox 2197 369 3839 432">
    <p class='ocr_par' dir='ltr' id='par_1_2' title="bbox 2197 371 3839 432">
     <span class='ocr_line' id='line_1_2' title="bbox 2197 371 3839 432; baseline 0 -1"><span class='ocrx_word' id='word_1_3' title='bbox 2197 371 2346 431; x_wconf 60' lang='grc' dir='ltr'>νΙιιΕ.</span> <span class='ocrx_word' id='word_1_4' title='bbox 3763 374 3839 432; x_wconf 76' lang='grc'>14</span> 
     </span>
    </p>
   </div>
   <div class='ocr_carea' id='block_1_3' title="bbox 431 501 3842 577">
    <p class='ocr_par' dir='ltr' id='par_1_3' title="bbox 431 501 3842 577">
     <span class='ocr_line' id='line_1_3' title="bbox 431 501 3842 577; baseline 0 -20"><span class='ocrx_word' id='word_1_5' title='bbox 431 501 741 575; x_wconf 80' lang='lat' dir='ltr'>piissimus</span> <span class='ocrx_word' id='word_1_6' title='bbox 760 504 1302 577; x_wconf 87' lang='lat' dir='ltr'>pastor,quemdam</span> <span class='ocrx_word' id='word_1_7' title='bbox 1322 502 1562 558; x_wconf 80' lang='lat' dir='ltr'>fratrem</span> <span class='ocrx_word' id='word_1_8' title='bbox 1581 503 1768 558; x_wconf 80' lang='lat' dir='ltr'>vivida</span> <span class='ocrx_word' id='word_1_9' title='bbox 1778 503 2084 573; x_wconf 89' lang='lat' dir='ltr'>juventute</span> <span class='ocrx_word' id='word_1_10' title='bbox 2114 505 2168 569; x_wconf 81' lang='grc' dir='ltr'><strong>Α</strong></span> <span class='ocrx_word' id='word_1_11' title='bbox 2200 503 2527 575; x_wconf 84' lang='lat' dir='ltr'>ingerenda</span> <span class='ocrx_word' id='word_1_12' title='bbox 2558 505 2786 560; x_wconf 70' lang='lat' dir='ltr'>ditl‘erre</span> <span class='ocrx_word' id='word_1_13' title='bbox 2802 503 2990 559; x_wconf 78' lang='lat' dir='ltr'>velitis</span> <span class='ocrx_word' id='word_1_14' title='bbox 3015 505 3088 560; x_wconf 91' lang='lat' dir='ltr'>ob</span> <span class='ocrx_word' id='word_1_15' title='bbox 3111 521 3352 562; x_wconf 81' lang='lat' dir='ltr'>causam</span> <span class='ocrx_word' id='word_1_16' title='bbox 3386 508 3596 561; x_wconf 87' lang='lat' dir='ltr'>nostra</span> <span class='ocrx_word' id='word_1_17' title='bbox 3630 502 3842 558; x_wconf 84' lang='lat' dir='ltr'>humil-</span> 
     </span>
    </p>
   </div>
   <div class='ocr_carea' id='block_1_4' title="bbox 433 591 2092 662">
    <p class='ocr_par' dir='ltr' id='par_1_4' title="bbox 433 591 2092 662">
     <span class='ocr_line' id='line_1_4' title="bbox 433 591 2092 662; baseline 0 -15"><span class='ocrx_word' id='word_1_18' title='bbox 433 592 737 648; x_wconf 84' lang='lat' dir='ltr'>florentem</span> <span class='ocrx_word' id='word_1_19' title='bbox 774 593 1070 650; x_wconf 77' lang='lat' dir='ltr'>commisit</span> <span class='ocrx_word' id='word_1_20' title='bbox 1102 592 1250 648; x_wconf 92' lang='lat' dir='ltr'>mihi</span> <span class='ocrx_word' id='word_1_21' title='bbox 1282 593 1352 647; x_wconf 87' lang='lat' dir='ltr'>ad</span> <span class='ocrx_word' id='word_1_22' title='bbox 1387 593 1732 660; x_wconf 89' lang='lat' dir='ltr'>docendum,</span> <span class='ocrx_word' id='word_1_23' title='bbox 1753 591 2004 662; x_wconf 86' lang='lat' dir='ltr'>alicujus</span> <span class='ocrx_word' id='word_1_24' title='bbox 2021 592 2092 647; x_wconf 87' lang='lat' dir='ltr'>ri-</span> 
     </span>
    </p>
   </div>
   <div class='ocr_carea' id='block_1_5' title="bbox 428 681 2085 754">
    <p class='ocr_par' dir='ltr' id='par_1_5' title="bbox 428 681 2085 754">
     <span class='ocr_line' id='line_1_5' title="bbox 428 681 2085 754; baseline 0 -18"><span class='ocrx_word' id='word_1_25' title='bbox 428 681 550 736; x_wconf 93' lang='lat' dir='ltr'>vuli</span> <span class='ocrx_word' id='word_1_26' title='bbox 577 681 870 754; x_wconf 88' lang='lat' dir='ltr'>guttulam</span> <span class='ocrx_word' id='word_1_27' title='bbox 896 700 992 738; x_wconf 90' lang='lat' dir='ltr'>me</span> <span class='ocrx_word' id='word_1_28' title='bbox 1017 699 1265 754; x_wconf 85' lang='lat' dir='ltr'>sperans</span> <span class='ocrx_word' id='word_1_29' title='bbox 1287 682 1491 754; x_wconf 85' lang='lat' dir='ltr'>sapida</span> <span class='ocrx_word' id='word_1_30' title='bbox 1511 686 1701 737; x_wconf 89' lang='lat' dir='ltr'>mente</span> <span class='ocrx_word' id='word_1_31' title='bbox 1722 682 2085 752; x_wconf 83' lang='lat' dir='ltr'>degustasse.</span> 
     </span>
    </p>
   </div>
   <div class='ocr_carea' id='block_1_6' title="bbox 433 771 2086 844">
    <p class='ocr_par' dir='ltr' id='par_1_6' title="bbox 433 771 2086 844">
     <span class='ocr_line' id='line_1_6' title="bbox 433 771 2086 844; baseline 0 -18"><span class='ocrx_word' id='word_1_32' title='bbox 433 771 712 827; x_wconf 86' lang='lat' dir='ltr'>Omnium</span> <span class='ocrx_word' id='word_1_33' title='bbox 744 777 1006 844; x_wconf 84' lang='lat' dir='ltr'>namque</span> <span class='ocrx_word' id='word_1_34' title='bbox 1036 774 1337 829; x_wconf 89' lang='lat' dir='ltr'>doctorum</span> <span class='ocrx_word' id='word_1_35' title='bbox 1373 773 1526 827; x_wconf 85' lang='lat' dir='ltr'>fama</span> <span class='ocrx_word' id='word_1_36' title='bbox 1560 789 1618 826; x_wconf 90' lang='lat' dir='ltr'>se</span> <span class='ocrx_word' id='word_1_37' title='bbox 1649 775 1900 826; x_wconf 89' lang='lat' dir='ltr'>testatur</span> <span class='ocrx_word' id='word_1_38' title='bbox 1929 789 2086 826; x_wconf 86' lang='lat' dir='ltr'>com-</span> 
     </span>
    </p>
   </div>
   <div class='ocr_carea' id='block_1_7' title="bbox 426 859 2087 932">
    <p class='ocr_par' dir='ltr' id='par_1_7' title="bbox 426 859 2087 932">
     <span class='ocr_line' id='line_1_7' title="bbox 426 859 2087 932; baseline 0 -16"><span class='ocrx_word' id='word_1_39' title='bbox 426 861 670 932; x_wconf 90' lang='lat' dir='ltr'>perisse,</span> <span class='ocrx_word' id='word_1_40' title='bbox 705 862 961 917; x_wconf 80' lang='lat' dir='ltr'>maxime</span> <span class='ocrx_word' id='word_1_41' title='bbox 996 863 1292 917; x_wconf 78' lang='lat' dir='ltr'>abundare</span> <span class='ocrx_word' id='word_1_42' title='bbox 1343 859 1632 916; x_wconf 89' lang='lat' dir='ltr'>civitatem</span> <span class='ocrx_word' id='word_1_43' title='bbox 1684 863 1887 916; x_wconf 86' lang='lat' dir='ltr'>vestra</span> <span class='ocrx_word' id='word_1_44' title='bbox 1932 861 2087 916; x_wconf 85' lang='lat' dir='ltr'>sedis</span> 
     </span>
    </p>
   </div>
   <div class='ocr_carea' id='block_1_8' title="bbox 426 945 2086 1022">
    <p class='ocr_par' dir='ltr' id='par_1_8' title="bbox 426 945 2086 1022">
     <span class='ocr_line' id='line_1_8' title="bbox 426 945 2086 1022; baseline 0 -18"><span class='ocrx_word' id='word_1_45' title='bbox 426 955 778 1006; x_wconf 89' lang='lat' dir='ltr'>cunctarum</span> <span class='ocrx_word' id='word_1_46' title='bbox 795 950 1125 1005; x_wconf 87' lang='lat' dir='ltr'>liberalium</span> <span class='ocrx_word' id='word_1_47' title='bbox 1143 950 1353 1005; x_wconf 82' lang='lat' dir='ltr'>artium</span> <span class='ocrx_word' id='word_1_48' title='bbox 1367 948 1741 1005; x_wconf 86' lang='lat' dir='ltr'>docibililate.</span> <span class='ocrx_word' id='word_1_49' title='bbox 1759 951 1944 1020; x_wconf 86' lang='lat' dir='ltr'>Cujus</span> <span class='ocrx_word' id='word_1_50' title='bbox 1962 945 2086 1022; x_wconf 84' lang='lat' dir='ltr'>spei</span> 
     </span>
    </p>
   </div>
   <div class='ocr_carea' id='block_1_9' title="bbox 427 1039 2084 1112">
    <p class='ocr_par' dir='ltr' id='par_1_9' title="bbox 427 1039 2084 1112">
     <span class='ocr_line' id='line_1_9' title="bbox 427 1039 2084 1112; baseline 0 -18"><span class='ocrx_word' id='word_1_51' title='bbox 427 1040 742 1094; x_wconf 79' lang='lat' dir='ltr'>securitate</span> <span class='ocrx_word' id='word_1_52' title='bbox 783 1039 1104 1105; x_wconf 85' lang='lat' dir='ltr'>roboratus,</span> <span class='ocrx_word' id='word_1_53' title='bbox 1129 1041 1441 1110; x_wconf 85' lang='lat' dir='ltr'>vestraque</span> <span class='ocrx_word' id='word_1_54' title='bbox 1479 1039 1662 1095; x_wconf 86' lang='lat' dir='ltr'>fultus</span> <span class='ocrx_word' id='word_1_55' title='bbox 1697 1039 1910 1095; x_wconf 85' lang='lat' dir='ltr'>suabili</span> <span class='ocrx_word' id='word_1_56' title='bbox 1941 1040 2084 1112; x_wconf 88' lang='lat' dir='ltr'>peti-</span> 
     </span>
    </p>
   </div>
   <div class='ocr_carea' id='block_1_10' title="bbox 426 1126 2083 1199">
    <p class='ocr_par' dir='ltr' id='par_1_10' title="bbox 426 1126 2083 1199">
     <span class='ocr_line' id='line_1_10' title="bbox 426 1126 2083 1199; baseline 0.001 -17"><span class='ocrx_word' id='word_1_57' title='bbox 426 1127 584 1184; x_wconf 90' lang='lat' dir='ltr'>tione</span> <span class='ocrx_word' id='word_1_58' title='bbox 612 1128 784 1183; x_wconf 89' lang='lat' dir='ltr'>etiam</span> <span class='ocrx_word' id='word_1_59' title='bbox 818 1126 997 1182; x_wconf 86' lang='lat' dir='ltr'>alium</span> <span class='ocrx_word' id='word_1_60' title='bbox 1031 1144 1138 1183; x_wconf 81' lang='lat' dir='ltr'>sua</span> <span class='ocrx_word' id='word_1_61' title='bbox 1165 1132 1375 1199; x_wconf 85' lang='lat' dir='ltr'>sponte</span> <span class='ocrx_word' id='word_1_62' title='bbox 1398 1128 1725 1184; x_wconf 82' lang='lat' dir='ltr'>admiserat</span> <span class='ocrx_word' id='word_1_63' title='bbox 1745 1130 2002 1184; x_wconf 90' lang='lat' dir='ltr'>fratrem.</span> <span class='ocrx_word' id='word_1_64' title='bbox 2021 1130 2083 1184; x_wconf 91' lang='lat' dir='ltr'>In</span> 
     </span>
    </p>
   </div>
   <div class='ocr_carea' id='block_1_11' title="bbox 426 1215 2083 1290">
    <p class='ocr_par' dir='ltr' id='par_1_11' title="bbox 426 1215 2083 1290">
     <span class='ocr_line' id='line_1_11' title="bbox 426 1215 2083 1290; baseline -0.001 -17"><span class='ocrx_word' id='word_1_65' title='bbox 426 1215 640 1290; x_wconf 86' lang='lat' dir='ltr'>quibus</span> <span class='ocrx_word' id='word_1_66' title='bbox 671 1233 788 1271; x_wconf 84' lang='lat' dir='ltr'>sua</span> <span class='ocrx_word' id='word_1_67' title='bbox 811 1233 1186 1288; x_wconf 84' lang='lat' dir='ltr'>nequaquam</span> <span class='ocrx_word' id='word_1_68' title='bbox 1209 1234 1534 1288; x_wconf 88' lang='lat' dir='ltr'>possumus</span> <span class='ocrx_word' id='word_1_69' title='bbox 1558 1218 1799 1290; x_wconf 88' lang='lat' dir='ltr'>implere</span> <span class='ocrx_word' id='word_1_70' title='bbox 1819 1218 2083 1273; x_wconf 87' lang='lat' dir='ltr'>volunta-</span> 
     </span>
    </p>
   </div>
   <div class='ocr_carea' id='block_1_12' title="bbox 410 1305 2085 1375">
    <p class='ocr_par' dir='ltr' id='par_1_12' title="bbox 410 1305 2085 1375">
     <span class='ocr_line' id='line_1_12' title="bbox 410 1305 2085 1375; baseline 0.002 -16"><span class='ocrx_word' id='word_1_71' title='bbox 410 1306 498 1360; x_wconf 68' lang='lat' dir='ltr'>&quot;tis</span> <span class='ocrx_word' id='word_1_72' title='bbox 536 1305 888 1375; x_wconf 89' lang='lat' dir='ltr'>jussienem,</span> <span class='ocrx_word' id='word_1_73' title='bbox 924 1305 1036 1360; x_wconf 88' lang='lat' dir='ltr'>nisi</span> <span class='ocrx_word' id='word_1_74' title='bbox 1069 1311 1272 1362; x_wconf 85' lang='lat' dir='ltr'>vestra</span> <span class='ocrx_word' id='word_1_75' title='bbox 1307 1305 1639 1362; x_wconf 87' lang='lat' dir='ltr'>habeamus</span> <span class='ocrx_word' id='word_1_76' title='bbox 1669 1307 2085 1362; x_wconf 82' lang='lat' dir='ltr'>consolationis</span> 
     </span>
    </p>
   </div>
   <div class='ocr_carea' id='block_1_13' title="bbox 415 1393 2084 1466">
    <p class='ocr_par' dir='ltr' id='par_1_13' title="bbox 415 1393 2084 1466">
     <span class='ocr_line' id='line_1_13' title="bbox 415 1393 2084 1466; baseline 0 -16"><span class='ocrx_word' id='word_1_77' title='bbox 415 1393 1014 1466; x_wconf 85' lang='lat' dir='ltr'>fulcimen.Majorcm</span> <span class='ocrx_word' id='word_1_78' title='bbox 1045 1395 1267 1450; x_wconf 91' lang='lat' dir='ltr'>librum</span> <span class='ocrx_word' id='word_1_79' title='bbox 1291 1395 1575 1451; x_wconf 87' lang='lat' dir='ltr'>Prisciani</span> <span class='ocrx_word' id='word_1_80' title='bbox 1608 1396 1867 1466; x_wconf 88' lang='lat' dir='ltr'>petimus</span> <span class='ocrx_word' id='word_1_81' title='bbox 1893 1396 2084 1461; x_wconf 88' lang='lat' dir='ltr'>nobis,</span> 
     </span>
    </p>
   </div>
   <div class='ocr_carea' id='block_1_14' title="bbox 415 1482 2087 1557">
    <p class='ocr_par' dir='ltr' id='par_1_14' title="bbox 415 1482 2087 1557">
     <span class='ocr_line' id='line_1_14' title="bbox 415 1482 2087 1557; baseline 0 -17"><span class='ocrx_word' id='word_1_82' title='bbox 415 1488 482 1540; x_wconf 87' lang='lat' dir='ltr'>ut</span> <span class='ocrx_word' id='word_1_83' title='bbox 510 1483 778 1556; x_wconf 87' lang='lat' dir='ltr'>jubeatis</span> <span class='ocrx_word' id='word_1_84' title='bbox 827 1482 1264 1555; x_wconf 87' lang='lat' dir='ltr'>aliquantulam</span> <span class='ocrx_word' id='word_1_85' title='bbox 1311 1483 1596 1557; x_wconf 92' lang='lat' dir='ltr'>temporis</span> <span class='ocrx_word' id='word_1_86' title='bbox 1648 1483 1932 1555; x_wconf 88' lang='lat' dir='ltr'>prastari,</span> <span class='ocrx_word' id='word_1_87' title='bbox 1971 1501 2087 1556; x_wconf 90' lang='lat' dir='ltr'>quo</span> 
     </span>
    </p>
   </div>
   <div class='ocr_carea' id='block_1_15' title="bbox 413 1571 2090 1645">
    <p class='ocr_par' dir='ltr' id='par_1_15' title="bbox 413 1571 2090 1645">
     <span class='ocr_line' id='line_1_15' title="bbox 413 1571 2090 1645; baseline -0.002 -15"><span class='ocrx_word' id='word_1_88' title='bbox 413 1573 505 1631; x_wconf 87' lang='lat' dir='ltr'>vel</span> <span class='ocrx_word' id='word_1_89' title='bbox 536 1575 688 1630; x_wconf 90' lang='lat' dir='ltr'>duos</span> <span class='ocrx_word' id='word_1_90' title='bbox 711 1571 942 1628; x_wconf 90' lang='lat' dir='ltr'>libellos</span> <span class='ocrx_word' id='word_1_91' title='bbox 973 1571 1273 1645; x_wconf 88' lang='lat' dir='ltr'>legendos,</span> <span class='ocrx_word' id='word_1_92' title='bbox 1291 1571 1445 1628; x_wconf 91' lang='lat' dir='ltr'>sicut</span> <span class='ocrx_word' id='word_1_93' title='bbox 1468 1572 1626 1644; x_wconf 86' lang='lat' dir='ltr'>jussi</span> <span class='ocrx_word' id='word_1_94' title='bbox 1659 1572 2090 1641; x_wconf 87' lang='lat' dir='ltr'>sumus,facul-</span> 
     </span>
    </p>
   </div>
   <div class='ocr_carea' id='block_1_16' title="bbox 417 1660 2084 1734">
    <p class='ocr_par' dir='ltr' id='par_1_16' title="bbox 417 1660 2084 1734">
     <span class='ocr_line' id='line_1_16' title="bbox 417 1660 2084 1734; baseline -0.001 -14"><span class='ocrx_word' id='word_1_95' title='bbox 417 1667 602 1721; x_wconf 84' lang='lat' dir='ltr'>tatem</span> <span class='ocrx_word' id='word_1_96' title='bbox 628 1662 976 1728; x_wconf 86' lang='lat' dir='ltr'>habeamus,</span> <span class='ocrx_word' id='word_1_97' title='bbox 1010 1678 1080 1716; x_wconf 91' lang='lat' dir='ltr'>ne</span> <span class='ocrx_word' id='word_1_98' title='bbox 1113 1660 1521 1718; x_wconf 88' lang='lat' dir='ltr'>inobedientia</span> <span class='ocrx_word' id='word_1_99' title='bbox 1573 1666 1815 1734; x_wconf 88' lang='lat' dir='ltr'>cutpam</span> <span class='ocrx_word' id='word_1_100' title='bbox 1855 1661 2084 1718; x_wconf 88' lang='lat' dir='ltr'>incida-</span> 
     </span>
    </p>
   </div>
   <div class='ocr_carea' id='block_1_17' title="bbox 418 1749 2086 1823">
    <p class='ocr_par' dir='ltr' id='par_1_17' title="bbox 418 1749 2086 1823">
     <span class='ocr_line' id='line_1_17' title="bbox 418 1749 2086 1823; baseline -0.001 -14"><span class='ocrx_word' id='word_1_101' title='bbox 418 1769 571 1820; x_wconf 89' lang='lat' dir='ltr'>mus,</span> <span class='ocrx_word' id='word_1_102' title='bbox 588 1751 636 1807; x_wconf 88' lang='lat' dir='ltr'>si</span> <span class='ocrx_word' id='word_1_103' title='bbox 669 1750 933 1823; x_wconf 89' lang='lat' dir='ltr'>injuncta</span> <span class='ocrx_word' id='word_1_104' title='bbox 951 1749 1120 1822; x_wconf 88' lang='lat' dir='ltr'>quasi</span> <span class='ocrx_word' id='word_1_105' title='bbox 1146 1749 1538 1822; x_wconf 90' lang='lat' dir='ltr'>despicientcs</span> <span class='ocrx_word' id='word_1_106' title='bbox 1574 1750 1948 1820; x_wconf 89' lang='lat' dir='ltr'>omittamus;</span> <span class='ocrx_word' id='word_1_107' title='bbox 1985 1751 2086 1808; x_wconf 79' lang='lat' dir='ltr'>aut</span> 
     </span>
    </p>
   </div>
   <div class='ocr_carea' id='block_1_18' title="bbox 414 1839 2072 1898">
    <p class='ocr_par' dir='ltr' id='par_1_18' title="bbox 414 1839 2072 1898">
     <span class='ocr_line' id='line_1_18' title="bbox 414 1839 2072 1898; baseline -0.001 -1"><span class='ocrx_word' id='word_1_108' title='bbox 414 1858 487 1898; x_wconf 90' lang='lat' dir='ltr'>ne</span> <span class='ocrx_word' id='word_1_109' title='bbox 540 1840 906 1896; x_wconf 84' lang='lat' dir='ltr'>inexhausta</span> <span class='ocrx_word' id='word_1_110' title='bbox 959 1839 1336 1894; x_wconf 87' lang='lat' dir='ltr'>abundantia</span> <span class='ocrx_word' id='word_1_111' title='bbox 1388 1839 1752 1896; x_wconf 83' lang='lat' dir='ltr'>bibliotheca</span> <span class='ocrx_word' id='word_1_112' title='bbox 1806 1840 2072 1897; x_wconf 88' lang='lat' dir='ltr'>Ecclesia</span> 
     </span>
    </p>
   </div>
   <div class='ocr_carea' id='block_1_19' title="bbox 410 1927 2075 2002">
    <p class='ocr_par' dir='ltr' id='par_1_19' title="bbox 410 1927 2075 2002">
     <span class='ocr_line' id='line_1_19' title="bbox 410 1927 2075 2002; baseline -0.001 -15"><span class='ocrx_word' id='word_1_113' title='bbox 410 1933 614 1987; x_wconf 86' lang='lat' dir='ltr'>vestra</span> <span class='ocrx_word' id='word_1_114' title='bbox 675 1929 911 2001; x_wconf 88' lang='lat' dir='ltr'>culpam</span> <span class='ocrx_word' id='word_1_115' title='bbox 972 1927 1181 2000; x_wconf 87' lang='lat' dir='ltr'>inopia</span> <span class='ocrx_word' id='word_1_116' title='bbox 1243 1933 1711 2002; x_wconf 88' lang='lat' dir='ltr'>prasumptuose</span> <span class='ocrx_word' id='word_1_117' title='bbox 1767 1929 2075 1986; x_wconf 87' lang='lat' dir='ltr'>videamur</span> 
     </span>
    </p>
   </div>
   <div class='ocr_carea' id='block_1_20' title="bbox 410 2017 2074 2092">
    <p class='ocr_par' dir='ltr' id='par_1_20' title="bbox 410 2017 2074 2092">
     <span class='ocr_line' id='line_1_20' title="bbox 410 2017 2074 2092; baseline -0.001 -16"><span class='ocrx_word' id='word_1_118' title='bbox 410 2020 692 2092; x_wconf 86' lang='lat' dir='ltr'>irrogare,</span> <span class='ocrx_word' id='word_1_119' title='bbox 711 2017 760 2074; x_wconf 88' lang='lat' dir='ltr'>si</span> <span class='ocrx_word' id='word_1_120' title='bbox 784 2017 1042 2090; x_wconf 88' lang='lat' dir='ltr'>cuipiam</span> <span class='ocrx_word' id='word_1_121' title='bbox 1067 2021 1437 2073; x_wconf 83' lang='lat' dir='ltr'>externorum</span> <span class='ocrx_word' id='word_1_122' title='bbox 1462 2035 1566 2090; x_wconf 91' lang='lat' dir='ltr'>pro</span> <span class='ocrx_word' id='word_1_123' title='bbox 1591 2018 1690 2073; x_wconf 86' lang='lat' dir='ltr'>tali</span> <span class='ocrx_word' id='word_1_124' title='bbox 1727 2019 2074 2075; x_wconf 88' lang='lat' dir='ltr'>necessitate</span> 
     </span>
    </p>
   </div>
   <div class='ocr_carea' id='block_1_21' title="bbox 413 2105 1774 2182">
    <p class='ocr_par' dir='ltr' id='par_1_21' title="bbox 413 2105 1774 2182">
     <span class='ocr_line' id='line_1_21' title="bbox 413 2105 1774 2182; baseline -0.001 -19"><span class='ocrx_word' id='word_1_125' title='bbox 413 2109 607 2182; x_wconf 89' lang='lat' dir='ltr'>inepte</span> <span class='ocrx_word' id='word_1_126' title='bbox 639 2122 795 2180; x_wconf 90' lang='lat' dir='ltr'>genu</span> <span class='ocrx_word' id='word_1_127' title='bbox 827 2107 1056 2163; x_wconf 83' lang='lat' dir='ltr'>flectere</span> <span class='ocrx_word' id='word_1_128' title='bbox 1087 2105 1519 2179; x_wconf 88' lang='lat' dir='ltr'>compellimur.</span> <span class='ocrx_word' id='word_1_129' title='bbox 1551 2106 1774 2163; x_wconf 86' lang='lat' dir='ltr'>Valete.</span> 
     </span>
    </p>
   </div>
   <div class='ocr_carea' id='block_1_22' title="bbox 1169 2204 1321 2262">
    <p class='ocr_par' dir='ltr' id='par_1_22' title="bbox 1169 2204 1321 2262">
     <span class='ocr_line' id='line_1_22' title="bbox 1169 2204 1321 2262; baseline 0.013 -5"><span class='ocrx_word' id='word_1_130' title='bbox 1169 2204 1321 2262; x_wconf 83' lang='lat' dir='ltr'>VIII.</span> 
     </span>
    </p>
   </div>
   <div class='ocr_carea' id='block_1_23' title="bbox 412 2289 2074 2336">
    <p class='ocr_par' dir='ltr' id='par_1_23' title="bbox 412 2289 2074 2336">
     <span class='ocr_line' id='line_1_23' title="bbox 412 2289 2074 2336; baseline -0.001 -1"><span class='ocrx_word' id='word_1_131' title='bbox 412 2295 682 2336; x_wconf 74' lang='lat' dir='ltr'>COMMUNI</span> <span class='ocrx_word' id='word_1_132' title='bbox 740 2294 981 2334; x_wconf 77' lang='lat' dir='ltr'><strong>SUORUM</strong></span> <span class='ocrx_word' id='word_1_133' title='bbox 1030 2289 1252 2333; x_wconf 76' lang='lat' dir='ltr'>NOMINE</span> <span class='ocrx_word' id='word_1_134' title='bbox 1311 2293 1383 2332; x_wconf 99' lang='lat' dir='ltr'>AD</span> <span class='ocrx_word' id='word_1_135' title='bbox 1441 2294 1768 2334; x_wconf 73' lang='lat' dir='ltr'>HEINRICUM</span> <span class='ocrx_word' id='word_1_136' title='bbox 1827 2295 2074 2335; x_wconf 66' lang='grc' dir='ltr'>ΒΟῙΛΒΙΑΕ</span> 
     </span>
    </p>
   </div>
   <div class='ocr_carea' id='block_1_24' title="bbox 1139 2364 1477 2404">
    <p class='ocr_par' dir='ltr' id='par_1_24' title="bbox 1139 2364 1477 2404">
     <span class='ocr_line' id='line_1_24' title="bbox 1139 2364 1477 2404; baseline -0.009 0"><span class='ocrx_word' id='word_1_137' title='bbox 1139 2364 1356 2404; x_wconf 74' lang='lat' dir='ltr'>DUCEM.</span> <span class='ocrx_word' id='word_1_138' title='bbox 1473 2368 1477 2372; x_wconf 87' lang='grc'><strong>”</strong></span> 
     </span>
    </p>
   </div>
   <div class='ocr_carea' id='block_1_25' title="bbox 513 2446 1995 2520">
    <p class='ocr_par' dir='ltr' id='par_1_25' title="bbox 513 2446 1995 2520">
     <span class='ocr_line' id='line_1_25' title="bbox 513 2446 1995 2520; baseline 0.001 -18"><span class='ocrx_word' id='word_1_139' title='bbox 513 2450 691 2504; x_wconf 84' lang='lat' dir='ltr'>Pisces</span> <span class='ocrx_word' id='word_1_140' title='bbox 721 2449 829 2504; x_wconf 86' lang='lat' dir='ltr'>sibi</span> <span class='ocrx_word' id='word_1_141' title='bbox 854 2465 952 2520; x_wconf 86' lang='lat' dir='ltr'>pro</span> <span class='ocrx_word' id='word_1_142' title='bbox 978 2446 1298 2504; x_wconf 81' lang='lat' dir='ltr'>celebrando</span> <span class='ocrx_word' id='word_1_143' title='bbox 1321 2449 1571 2518; x_wconf 81' lang='lat' dir='ltr'>festivius</span> <span class='ocrx_word' id='word_1_144' title='bbox 1601 2450 1823 2504; x_wconf 83' lang='lat' dir='ltr'>Pascate</span> <span class='ocrx_word' id='word_1_145' title='bbox 1849 2451 1995 2504; x_wconf 80' lang='lat' dir='ltr'>mitti</span> 
     </span>
    </p>
   </div>
   <div class='ocr_carea' id='block_1_26' title="bbox 1164 2526 1338 2589">
    <p class='ocr_par' dir='ltr' id='par_1_26' title="bbox 1164 2526 1338 2589">
     <span class='ocr_line' id='line_1_26' title="bbox 1164 2526 1338 2589; baseline -0.011 -14"><span class='ocrx_word' id='word_1_146' title='bbox 1164 2526 1338 2589; x_wconf 85' lang='lat' dir='ltr'>rogat.</span> 
     </span>
    </p>
   </div>
   <div class='ocr_carea' id='block_1_27' title="bbox 496 2617 2070 2690">
    <p class='ocr_par' dir='ltr' id='par_1_27' title="bbox 496 2617 2070 2690">
     <span class='ocr_line' id='line_1_27' title="bbox 496 2617 2070 2690; baseline 0.001 -18"><span class='ocrx_word' id='word_1_147' title='bbox 496 2617 562 2672; x_wconf 90' lang='grc' dir='ltr'>Η.</span> <span class='ocrx_word' id='word_1_148' title='bbox 595 2618 940 2674; x_wconf 86' lang='lat' dir='ltr'>Christiana</span> <span class='ocrx_word' id='word_1_149' title='bbox 993 2617 1179 2690; x_wconf 75' lang='lat' dir='ltr'>genti:</span> <span class='ocrx_word' id='word_1_150' title='bbox 1233 2618 1458 2673; x_wconf 90' lang='lat' dir='ltr'>ductori</span> <span class='ocrx_word' id='word_1_151' title='bbox 1511 2618 2070 2689; x_wconf 86' lang='lat' dir='ltr'>pracellentissimo,</span> 
     </span>
    </p>
   </div>
   <div class='ocr_carea' id='block_1_28' title="bbox 423 2706 2071 2779">
    <p class='ocr_par' dir='ltr' id='par_1_28' title="bbox 423 2706 2071 2779">
     <span class='ocr_line' id='line_1_28' title="bbox 423 2706 2071 2779; baseline -0.001 -18"><span class='ocrx_word' id='word_1_152' title='bbox 423 2709 629 2763; x_wconf 88' lang='lat' dir='ltr'>fratres</span> <span class='ocrx_word' id='word_1_153' title='bbox 699 2707 1237 2779; x_wconf 85' lang='lat' dir='ltr'>Pbyuhtwangensi</span> <span class='ocrx_word' id='word_1_154' title='bbox 1302 2706 1637 2778; x_wconf 83' lang='lat' dir='ltr'>congregati</span> <span class='ocrx_word' id='word_1_155' title='bbox 1696 2707 2071 2775; x_wconf 87' lang='lat' dir='ltr'>monasterio,</span> 
     </span>
    </p>
   </div>
   <div class='ocr_carea' id='block_1_29' title="bbox 423 2793 1680 2867">
    <p class='ocr_par' dir='ltr' id='par_1_29' title="bbox 423 2793 1680 2867">
     <span class='ocr_line' id='line_1_29' title="bbox 423 2793 1680 2867; baseline -0.002 -17"><span class='ocrx_word' id='word_1_156' title='bbox 423 2795 800 2852; x_wconf 90' lang='lat' dir='ltr'>devotissima</span> <span class='ocrx_word' id='word_1_157' title='bbox 830 2795 1034 2850; x_wconf 89' lang='lat' dir='ltr'>munia</span> <span class='ocrx_word' id='word_1_158' title='bbox 1063 2811 1304 2867; x_wconf 89' lang='lat' dir='ltr'>precum</span> <span class='ocrx_word' id='word_1_159' title='bbox 1336 2794 1396 2848; x_wconf 93' lang='lat' dir='ltr'>in</span> <span class='ocrx_word' id='word_1_160' title='bbox 1428 2793 1680 2849; x_wconf 88' lang='lat' dir='ltr'>Christo.</span> 
     </span>
    </p>
   </div>
   <div class='ocr_carea' id='block_1_30' title="bbox 493 2882 2073 2953">
    <p class='ocr_par' dir='ltr' id='par_1_30' title="bbox 493 2882 2073 2953">
     <span class='ocr_line' id='line_1_30' title="bbox 493 2882 2073 2953; baseline -0.002 -12"><span class='ocrx_word' id='word_1_161' title='bbox 493 2884 760 2941; x_wconf 87' lang='lat' dir='ltr'>Monachi</span> <span class='ocrx_word' id='word_1_162' title='bbox 794 2884 980 2941; x_wconf 90' lang='lat' dir='ltr'>solius</span> <span class='ocrx_word' id='word_1_163' title='bbox 1011 2883 1268 2938; x_wconf 88' lang='lat' dir='ltr'>nominis</span> <span class='ocrx_word' id='word_1_164' title='bbox 1298 2882 1624 2953; x_wconf 86' lang='lat' dir='ltr'>adjectionc</span> <span class='ocrx_word' id='word_1_165' title='bbox 1644 2884 1896 2950; x_wconf 86' lang='lat' dir='ltr'>vocitati,</span> <span class='ocrx_word' id='word_1_166' title='bbox 1923 2884 2073 2939; x_wconf 90' lang='lat' dir='ltr'>servi</span> 
     </span>
    </p>
   </div>
   <div class='ocr_carea' id='block_1_31' title="bbox 421 2971 2074 3046">
    <p class='ocr_par' dir='ltr' id='par_1_31' title="bbox 421 2971 2074 3046">
     <span class='ocr_line' id='line_1_31' title="bbox 421 2971 2074 3046; baseline -0.001 -17"><span class='ocrx_word' id='word_1_167' title='bbox 421 2974 634 3046; x_wconf 80' lang='lat' dir='ltr'>egregii</span> <span class='ocrx_word' id='word_1_168' title='bbox 682 2976 1020 3046; x_wconf 87' lang='lat' dir='ltr'>potentatus</span> <span class='ocrx_word' id='word_1_169' title='bbox 1068 2971 1266 3037; x_wconf 89' lang='lat' dir='ltr'>vestri,</span> <span class='ocrx_word' id='word_1_170' title='bbox 1301 2976 1358 3026; x_wconf 91' lang='lat' dir='ltr'>et</span> <span class='ocrx_word' id='word_1_171' title='bbox 1405 2971 1702 3026; x_wconf 88' lang='lat' dir='ltr'>fraterculi</span> <span class='ocrx_word' id='word_1_172' title='bbox 1736 2972 2074 3028; x_wconf 88' lang='lat' dir='ltr'>monasterii</span> 
     </span>
    </p>
   </div>
   <div class='ocr_carea' id='block_1_32' title="bbox 421 3060 2072 3134">
    <p class='ocr_par' dir='ltr' id='par_1_32' title="bbox 421 3060 2072 3134">
     <span class='ocr_line' id='line_1_32' title="bbox 421 3060 2072 3134; baseline -0.001 -17"><span class='ocrx_word' id='word_1_173' title='bbox 421 3063 608 3118; x_wconf 87' lang='lat' dir='ltr'>sancti</span> <span class='ocrx_word' id='word_1_174' title='bbox 665 3061 899 3128; x_wconf 87' lang='lat' dir='ltr'>Quirini</span> <span class='ocrx_word' id='word_1_175' title='bbox 958 3064 1244 3134; x_wconf 89' lang='lat' dir='ltr'>pracepto</span> <span class='ocrx_word' id='word_1_176' title='bbox 1301 3061 1484 3134; x_wconf 87' lang='lat' dir='ltr'>patris</span> <span class='ocrx_word' id='word_1_177' title='bbox 1536 3060 1719 3116; x_wconf 91' lang='lat' dir='ltr'>nostri</span> <span class='ocrx_word' id='word_1_178' title='bbox 1786 3062 2072 3133; x_wconf 89' lang='lat' dir='ltr'>Gozperti,</span> 
     </span>
    </p>
   </div>
   <div class='ocr_carea' id='block_1_33' title="bbox 426 3150 2074 3208">
    <p class='ocr_par' dir='ltr' id='par_1_33' title="bbox 426 3150 2074 3208">
     <span class='ocr_line' id='line_1_33' title="bbox 426 3150 2074 3208; baseline 0.001 -3"><span class='ocrx_word' id='word_1_179' title='bbox 426 3151 651 3207; x_wconf 88' lang='lat' dir='ltr'>cateris</span> <span class='ocrx_word' id='word_1_180' title='bbox 679 3150 1195 3208; x_wconf 89' lang='lat' dir='ltr'>commanentibus</span> <span class='ocrx_word' id='word_1_181' title='bbox 1236 3167 1671 3205; x_wconf 91' lang='lat' dir='ltr'>commoramur</span> <span class='ocrx_word' id='word_1_182' title='bbox 1714 3150 1773 3204; x_wconf 89' lang='lat' dir='ltr'>in</span> <span class='ocrx_word' id='word_1_183' title='bbox 1814 3151 2074 3206; x_wconf 75' lang='lat' dir='ltr'>cmnobio</span> 
     </span>
    </p>
   </div>
   <div class='ocr_carea' id='block_1_34' title="bbox 2205 591 3840 666">
    <p class='ocr_par' dir='ltr' id='par_1_34' title="bbox 2205 591 3840 666">
     <span class='ocr_line' id='line_1_34' title="bbox 2205 591 3840 666; baseline 0.001 -21"><span class='ocrx_word' id='word_1_184' title='bbox 2205 592 2357 648; x_wconf 83' lang='lat' dir='ltr'>lima</span> <span class='ocrx_word' id='word_1_185' title='bbox 2389 593 2705 666; x_wconf 87' lang='lat' dir='ltr'>petitionis,</span> <span class='ocrx_word' id='word_1_186' title='bbox 2743 610 2929 665; x_wconf 90' lang='lat' dir='ltr'>usque</span> <span class='ocrx_word' id='word_1_187' title='bbox 2959 594 3100 650; x_wconf 90' lang='lat' dir='ltr'>dum</span> <span class='ocrx_word' id='word_1_188' title='bbox 3146 612 3252 651; x_wconf 90' lang='lat' dir='ltr'>nos</span> <span class='ocrx_word' id='word_1_189' title='bbox 3299 595 3618 651; x_wconf 87' lang='lat' dir='ltr'>facietenus</span> <span class='ocrx_word' id='word_1_190' title='bbox 3667 591 3840 648; x_wconf 90' lang='lat' dir='ltr'>collo-</span> 
     </span>
    </p>
   </div>
   <div class='ocr_carea' id='block_1_35' title="bbox 2200 681 3843 755">
    <p class='ocr_par' dir='ltr' id='par_1_35' title="bbox 2200 681 3843 755">
     <span class='ocr_line' id='line_1_35' title="bbox 2200 681 3843 755; baseline 0 -19"><span class='ocrx_word' id='word_1_191' title='bbox 2200 687 2448 753; x_wconf 86' lang='lat' dir='ltr'>quentes</span> <span class='ocrx_word' id='word_1_192' title='bbox 2479 683 2804 739; x_wconf 87' lang='lat' dir='ltr'>videamus.</span> <span class='ocrx_word' id='word_1_193' title='bbox 2837 683 2961 737; x_wconf 88' lang='lat' dir='ltr'>Non</span> <span class='ocrx_word' id='word_1_194' title='bbox 3013 683 3140 739; x_wconf 91' lang='lat' dir='ltr'>ideo</span> <span class='ocrx_word' id='word_1_195' title='bbox 3187 683 3297 739; x_wconf 89' lang='lat' dir='ltr'>hoc</span> <span class='ocrx_word' id='word_1_196' title='bbox 3347 688 3540 740; x_wconf 84' lang='lat' dir='ltr'>autem</span> <span class='ocrx_word' id='word_1_197' title='bbox 3578 681 3843 755; x_wconf 82' lang='lat' dir='ltr'>deposci-</span> 
     </span>
    </p>
   </div>
   <div class='ocr_carea' id='block_1_36' title="bbox 2198 771 3846 840">
    <p class='ocr_par' dir='ltr' id='par_1_36' title="bbox 2198 771 3846 840">
     <span class='ocr_line' id='line_1_36' title="bbox 2198 771 3846 840; baseline 0.001 -16"><span class='ocrx_word' id='word_1_198' title='bbox 2198 788 2354 838; x_wconf 88' lang='lat' dir='ltr'>mus,</span> <span class='ocrx_word' id='word_1_199' title='bbox 2393 775 2454 825; x_wconf 92' lang='lat' dir='ltr'>ut</span> <span class='ocrx_word' id='word_1_200' title='bbox 2485 789 2620 825; x_wconf 90' lang='lat' dir='ltr'>eum</span> <span class='ocrx_word' id='word_1_201' title='bbox 2654 775 2843 827; x_wconf 85' lang='lat' dir='ltr'>vestro</span> <span class='ocrx_word' id='word_1_202' title='bbox 2877 771 3108 826; x_wconf 67' lang='lat' dir='ltr'>servit-io</span> <span class='ocrx_word' id='word_1_203' title='bbox 3155 788 3521 840; x_wconf 76' lang='lat' dir='ltr'>excusemus,</span> <span class='ocrx_word' id='word_1_204' title='bbox 3555 772 3695 826; x_wconf 89' lang='lat' dir='ltr'>dum</span> <span class='ocrx_word' id='word_1_205' title='bbox 3739 787 3846 826; x_wconf 84' lang='lat' dir='ltr'>nos</span> 
     </span>
    </p>
   </div>
   <div class='ocr_carea' id='block_1_37' title="bbox 2198 860 3844 933">
    <p class='ocr_par' dir='ltr' id='par_1_37' title="bbox 2198 860 3844 933">
     <span class='ocr_line' id='line_1_37' title="bbox 2198 860 3844 933; baseline 0 -19"><span class='ocrx_word' id='word_1_206' title='bbox 2198 875 2332 914; x_wconf 92' lang='lat' dir='ltr'>cum</span> <span class='ocrx_word' id='word_1_207' title='bbox 2365 861 2643 915; x_wconf 89' lang='lat' dir='ltr'>omnibus</span> <span class='ocrx_word' id='word_1_208' title='bbox 2677 860 2892 916; x_wconf 89' lang='lat' dir='ltr'>nostris</span> <span class='ocrx_word' id='word_1_209' title='bbox 2914 862 3120 916; x_wconf 88' lang='lat' dir='ltr'>devota</span> <span class='ocrx_word' id='word_1_210' title='bbox 3145 863 3380 918; x_wconf 86' lang='lat' dir='ltr'>servitia</span> <span class='ocrx_word' id='word_1_211' title='bbox 3400 861 3807 933; x_wconf 86' lang='lat' dir='ltr'>impendamus</span> <span class='ocrx_word' id='word_1_212' title='bbox 3831 877 3844 914; x_wconf 90' lang='lat'>:</span> 
     </span>
    </p>
   </div>
   <div class='ocr_carea' id='block_1_38' title="bbox 2197 948 3844 1022">
    <p class='ocr_par' dir='ltr' id='par_1_38' title="bbox 2197 948 3844 1022">
     <span class='ocr_line' id='line_1_38' title="bbox 2197 948 3844 1022; baseline -0.001 -18"><span class='ocrx_word' id='word_1_213' title='bbox 2197 950 2296 1004; x_wconf 87' lang='lat' dir='ltr'>sed</span> <span class='ocrx_word' id='word_1_214' title='bbox 2331 948 2517 1003; x_wconf 90' lang='lat' dir='ltr'>multa</span> <span class='ocrx_word' id='word_1_215' title='bbox 2548 950 2725 1005; x_wconf 90' lang='lat' dir='ltr'>etiam</span> <span class='ocrx_word' id='word_1_216' title='bbox 2759 949 2873 1004; x_wconf 90' lang='lat' dir='ltr'>alia</span> <span class='ocrx_word' id='word_1_217' title='bbox 2906 966 3086 1020; x_wconf 86' lang='lat' dir='ltr'>penes</span> <span class='ocrx_word' id='word_1_218' title='bbox 3115 967 3238 1016; x_wconf 91' lang='lat' dir='ltr'>vos,</span> <span class='ocrx_word' id='word_1_219' title='bbox 3273 950 3321 1005; x_wconf 93' lang='lat' dir='ltr'>si</span> <span class='ocrx_word' id='word_1_220' title='bbox 3367 950 3716 1022; x_wconf 88' lang='lat' dir='ltr'>dignamini,</span> <span class='ocrx_word' id='word_1_221' title='bbox 3744 949 3844 1004; x_wconf 88' lang='lat' dir='ltr'>ha-</span> 
     </span>
    </p>
   </div>
   <div class='ocr_carea' id='block_1_39' title="bbox 2195 1038 3006 1095">
    <p class='ocr_par' dir='ltr' id='par_1_39' title="bbox 2195 1038 3006 1095">
     <span class='ocr_line' id='line_1_39' title="bbox 2195 1038 3006 1095; baseline 0 -2"><span class='ocrx_word' id='word_1_222' title='bbox 2195 1038 2401 1094; x_wconf 90' lang='lat' dir='ltr'>bemus</span> <span class='ocrx_word' id='word_1_223' title='bbox 2433 1039 2757 1095; x_wconf 86' lang='lat' dir='ltr'>tractanda.</span> <span class='ocrx_word' id='word_1_224' title='bbox 2790 1038 3006 1095; x_wconf 88' lang='lat' dir='ltr'>Valete.</span> 
     </span>
    </p>
   </div>
   <div class='ocr_carea' id='block_1_40' title="bbox 2990 1136 3056 1192">
    <p class='ocr_par' dir='ltr' id='par_1_40' title="bbox 2990 1136 3056 1192">
     <span class='ocr_line' id='line_1_40' title="bbox 2990 1136 3056 1192; baseline 0 0"><span class='ocrx_word' id='word_1_225' title='bbox 2990 1136 3056 1192; x_wconf 82' lang='grc' dir='ltr'><strong>Χ.</strong></span> 
     </span>
    </p>
   </div>
   <div class='ocr_carea' id='block_1_41' title="bbox 2778 1252 3255 1293">
    <p class='ocr_par' dir='ltr' id='par_1_41' title="bbox 2778 1252 3255 1293">
     <span class='ocr_line' id='line_1_41' title="bbox 2778 1252 3255 1293; baseline 0 -3"><span class='ocrx_word' id='word_1_226' title='bbox 2778 1254 2849 1290; x_wconf 88' lang='lat' dir='ltr'>AD</span> <span class='ocrx_word' id='word_1_227' title='bbox 2890 1253 2939 1290; x_wconf 77' lang='grc' dir='ltr'>Ε.</span> <span class='ocrx_word' id='word_1_228' title='bbox 2982 1252 3255 1293; x_wconf 76' lang='lat' dir='ltr'>COMITEM.</span> 
     </span>
    </p>
   </div>
   <div class='ocr_carea' id='block_1_42' title="bbox 2193 1333 3840 1406">
    <p class='ocr_par' dir='ltr' id='par_1_42' title="bbox 2193 1333 3840 1406">
     <span class='ocr_line' id='line_1_42' title="bbox 2193 1333 3840 1406; baseline 0.002 -20"><span class='ocrx_word' id='word_1_229' title='bbox 2193 1333 2346 1386; x_wconf 76' lang='lat' dir='ltr'>Hunc</span> <span class='ocrx_word' id='word_1_230' title='bbox 2373 1334 2566 1387; x_wconf 65' lang='lat' dir='ltr'>salitur:</span> <span class='ocrx_word' id='word_1_231' title='bbox 2612 1334 2895 1406; x_wconf 70' lang='lat' dir='ltr'>cujusdam</span> <span class='ocrx_word' id='word_1_232' title='bbox 2937 1352 3112 1406; x_wconf 80' lang='lat' dir='ltr'>nuper</span> <span class='ocrx_word' id='word_1_233' title='bbox 3157 1335 3265 1390; x_wconf 80' lang='lat' dir='ltr'>sibi</span> <span class='ocrx_word' id='word_1_234' title='bbox 3309 1334 3539 1400; x_wconf 53' lang='lat' dir='ltr'>donem),</span> <span class='ocrx_word' id='word_1_235' title='bbox 3573 1337 3840 1406; x_wconf 75' lang='lat' dir='ltr'>totiusque</span> 
     </span>
    </p>
   </div>
   <div class='ocr_carea' id='block_1_43' title="bbox 2264 1405 3835 1478">
    <p class='ocr_par' dir='ltr' id='par_1_43' title="bbox 2264 1405 3835 1478">
     <span class='ocr_line' id='line_1_43' title="bbox 2264 1405 3835 1478; baseline 0.004 -22"><span class='ocrx_word' id='word_1_236' title='bbox 2264 1407 2582 1458; x_wconf 73' lang='lat' dir='ltr'>monasterii</span> <span class='ocrx_word' id='word_1_237' title='bbox 2613 1405 2668 1458; x_wconf 90' lang='lat' dir='ltr'>S.</span> <span class='ocrx_word' id='word_1_238' title='bbox 2702 1405 2996 1460; x_wconf 81' lang='lat' dir='ltr'>Saluatoris</span> <span class='ocrx_word' id='word_1_239' title='bbox 3018 1405 3551 1478; x_wconf 24' lang='lat' dir='ltr'>’Phyuhtwangensis</span> <span class='ocrx_word' id='word_1_240' title='bbox 3591 1405 3835 1477; x_wconf 75' lang='lat' dir='ltr'>defenso-</span> 
     </span>
    </p>
   </div>
   <div class='ocr_carea' id='block_1_44' title="bbox 2268 1478 2718 1546">
    <p class='ocr_par' dir='ltr' id='par_1_44' title="bbox 2268 1478 2718 1546">
     <span class='ocr_line' id='line_1_44' title="bbox 2268 1478 2718 1546; baseline 0.002 -19"><span class='ocrx_word' id='word_1_241' title='bbox 2268 1490 2384 1528; x_wconf 81' lang='lat' dir='ltr'>rem</span> <span class='ocrx_word' id='word_1_242' title='bbox 2412 1490 2526 1530; x_wconf 82' lang='lat' dir='ltr'>esse</span> <span class='ocrx_word' id='word_1_243' title='bbox 2553 1478 2718 1546; x_wconf 85' lang='lat' dir='ltr'>cupit.</span> 
     </span>
    </p>
   </div>
   <div class='ocr_carea' id='block_1_45' title="bbox 2270 1571 3838 1645">
    <p class='ocr_par' dir='ltr' id='par_1_45' title="bbox 2270 1571 3838 1645">
     <span class='ocr_line' id='line_1_45' title="bbox 2270 1571 3838 1645; baseline 0.004 -19"><span class='ocrx_word' id='word_1_244' title='bbox 2270 1571 2333 1626; x_wconf 91' lang='lat' dir='ltr'>E.</span> <span class='ocrx_word' id='word_1_245' title='bbox 2371 1571 2689 1628; x_wconf 88' lang='lat' dir='ltr'>Functione</span> <span class='ocrx_word' id='word_1_246' title='bbox 2720 1572 2977 1628; x_wconf 91' lang='lat' dir='ltr'>comitali</span> <span class='ocrx_word' id='word_1_247' title='bbox 3008 1573 3348 1645; x_wconf 82' lang='lat' dir='ltr'>famosoque</span> <span class='ocrx_word' id='word_1_248' title='bbox 3366 1572 3647 1631; x_wconf 87' lang='lat' dir='ltr'>virtutum</span> <span class='ocrx_word' id='word_1_249' title='bbox 3679 1575 3838 1632; x_wconf 89' lang='lat' dir='ltr'>cultu</span> 
     </span>
    </p>
   </div>
   <div class='ocr_carea' id='block_1_46' title="bbox 2197 1659 3841 1734">
    <p class='ocr_par' dir='ltr' id='par_1_46' title="bbox 2197 1659 3841 1734">
     <span class='ocr_line' id='line_1_46' title="bbox 2197 1659 3841 1734; baseline 0.004 -20"><span class='ocrx_word' id='word_1_250' title='bbox 2197 1659 2536 1716; x_wconf 90' lang='lat' dir='ltr'>alterutrius</span> <span class='ocrx_word' id='word_1_251' title='bbox 2565 1661 2972 1734; x_wconf 88' lang='lat' dir='ltr'>generositatis</span> <span class='ocrx_word' id='word_1_252' title='bbox 3002 1661 3323 1734; x_wconf 88' lang='lat' dir='ltr'>gloriosum</span> <span class='ocrx_word' id='word_1_253' title='bbox 3354 1666 3605 1719; x_wconf 86' lang='lat' dir='ltr'>stemma</span> <span class='ocrx_word' id='word_1_254' title='bbox 3634 1664 3841 1720; x_wconf 88' lang='lat' dir='ltr'>nobili-</span> 
     </span>
    </p>
   </div>
   <div class='ocr_carea' id='block_1_47' title="bbox 2193 1747 3842 1821">
    <p class='ocr_par' dir='ltr' id='par_1_47' title="bbox 2193 1747 3842 1821">
     <span class='ocr_line' id='line_1_47' title="bbox 2193 1747 3842 1821; baseline 0.004 -18"><span class='ocrx_word' id='word_1_255' title='bbox 2193 1747 2339 1803; x_wconf 90' lang='lat' dir='ltr'>tanti</span> <span class='ocrx_word' id='word_1_256' title='bbox 2392 1749 2486 1804; x_wconf 90' lang='lat' dir='ltr'>W.</span> <span class='ocrx_word' id='word_1_257' title='bbox 2523 1753 2721 1806; x_wconf 91' lang='lat' dir='ltr'>custos</span> <span class='ocrx_word' id='word_1_258' title='bbox 2764 1749 3118 1806; x_wconf 86' lang='lat' dir='ltr'>constitutus</span> <span class='ocrx_word' id='word_1_259' title='bbox 3163 1750 3222 1806; x_wconf 91' lang='lat' dir='ltr'>in</span> <span class='ocrx_word' id='word_1_260' title='bbox 3270 1749 3417 1821; x_wconf 87' lang='lat' dir='ltr'>loco,</span> <span class='ocrx_word' id='word_1_261' title='bbox 3454 1750 3842 1810; x_wconf 86' lang='lat' dir='ltr'>Phiuhtwanc</span> 
     </span>
    </p>
   </div>
   <div class='ocr_carea' id='block_1_48' title="bbox 2197 1836 3840 1913">
    <p class='ocr_par' dir='ltr' id='par_1_48' title="bbox 2197 1836 3840 1913">
     <span class='ocr_line' id='line_1_48' title="bbox 2197 1836 3840 1913; baseline 0.005 -22"><span class='ocrx_word' id='word_1_262' title='bbox 2197 1836 2517 1906; x_wconf 88' lang='lat' dir='ltr'>nominato,</span> <span class='ocrx_word' id='word_1_263' title='bbox 2555 1855 2688 1894; x_wconf 90' lang='lat' dir='ltr'>cum</span> <span class='ocrx_word' id='word_1_264' title='bbox 2722 1839 2954 1913; x_wconf 86' lang='lat' dir='ltr'>agmine</span> <span class='ocrx_word' id='word_1_265' title='bbox 3004 1840 3256 1897; x_wconf 86' lang='lat' dir='ltr'>fraterno</span> <span class='ocrx_word' id='word_1_266' title='bbox 3294 1841 3568 1898; x_wconf 90' lang='lat' dir='ltr'>devotum</span> <span class='ocrx_word' id='word_1_267' title='bbox 3617 1841 3840 1899; x_wconf 80' lang='lat' dir='ltr'>saluta-</span> 
     </span>
    </p>
   </div>
   <div class='ocr_carea' id='block_1_49' title="bbox 2188 1925 2694 1983">
    <p class='ocr_par' dir='ltr' id='par_1_49' title="bbox 2188 1925 2694 1983">
     <span class='ocr_line' id='line_1_49' title="bbox 2188 1925 2694 1983; baseline 0.004 -2"><span class='ocrx_word' id='word_1_268' title='bbox 2188 1941 2321 1982; x_wconf 90' lang='lat' dir='ltr'>men</span> <span class='ocrx_word' id='word_1_269' title='bbox 2353 1925 2411 1982; x_wconf 92' lang='lat' dir='ltr'>in</span> <span class='ocrx_word' id='word_1_270' title='bbox 2443 1927 2694 1983; x_wconf 87' lang='lat' dir='ltr'>Christo.</span> 
     </span>
    </p>
   </div>
   <div class='ocr_carea' id='block_1_50' title="bbox 2257 2017 3832 2090">
    <p class='ocr_par' dir='ltr' id='par_1_50' title="bbox 2257 2017 3832 2090">
     <span class='ocr_line' id='line_1_50' title="bbox 2257 2017 3832 2090; baseline 0.003 -18"><span class='ocrx_word' id='word_1_271' title='bbox 2257 2017 2593 2073; x_wconf 85' lang='lat' dir='ltr'>Fructuosis</span> <span class='ocrx_word' id='word_1_272' title='bbox 2625 2017 3165 2090; x_wconf 89' lang='lat' dir='ltr'>dispensationibus</span> <span class='ocrx_word' id='word_1_273' title='bbox 3195 2019 3516 2076; x_wconf 90' lang='lat' dir='ltr'>multorum</span> <span class='ocrx_word' id='word_1_274' title='bbox 3567 2020 3832 2080; x_wconf 80' lang='lat' dir='ltr'>{ldelium</span> 
     </span>
    </p>
   </div>
   <div class='ocr_carea' id='block_1_51' title="bbox 2184 2106 3834 2177">
    <p class='ocr_par' dir='ltr' id='par_1_51' title="bbox 2184 2106 3834 2177">
     <span class='ocr_line' id='line_1_51' title="bbox 2184 2106 3834 2177; baseline 0.004 -17"><span class='ocrx_word' id='word_1_275' title='bbox 2184 2106 2584 2176; x_wconf 89' lang='lat' dir='ltr'>possessiones</span> <span class='ocrx_word' id='word_1_276' title='bbox 2614 2107 2684 2163; x_wconf 91' lang='lat' dir='ltr'>ad</span> <span class='ocrx_word' id='word_1_277' title='bbox 2712 2111 2916 2164; x_wconf 89' lang='lat' dir='ltr'>sancta</span> <span class='ocrx_word' id='word_1_278' title='bbox 2944 2106 3071 2164; x_wconf 89' lang='lat' dir='ltr'>loca</span> <span class='ocrx_word' id='word_1_279' title='bbox 3099 2108 3637 2177; x_wconf 87' lang='lat' dir='ltr'>traditas,omnium</span> <span class='ocrx_word' id='word_1_280' title='bbox 3660 2110 3834 2166; x_wconf 89' lang='lat' dir='ltr'>bono-</span> 
     </span>
    </p>
   </div>
   <div class='ocr_carea' id='block_1_52' title="bbox 2184 2196 3834 2270">
    <p class='ocr_par' dir='ltr' id='par_1_52' title="bbox 2184 2196 3834 2270">
     <span class='ocr_line' id='line_1_52' title="bbox 2184 2196 3834 2270; baseline 0.003 -20"><span class='ocrx_word' id='word_1_281' title='bbox 2184 2212 2312 2250; x_wconf 91' lang='lat' dir='ltr'>rum</span> <span class='ocrx_word' id='word_1_282' title='bbox 2374 2197 2589 2269; x_wconf 84' lang='lat' dir='ltr'>gaudet</span> <span class='ocrx_word' id='word_1_283' title='bbox 2636 2197 3014 2264; x_wconf 89' lang='lat' dir='ltr'>conscientia,</span> <span class='ocrx_word' id='word_1_284' title='bbox 3049 2196 3150 2270; x_wconf 90' lang='lat' dir='ltr'>qui</span> <span class='ocrx_word' id='word_1_285' title='bbox 3210 2197 3546 2254; x_wconf 82' lang='lat' dir='ltr'>hareditate</span> <span class='ocrx_word' id='word_1_286' title='bbox 3602 2202 3834 2256; x_wconf 84' lang='lat' dir='ltr'>terrena</span> 
     </span>
    </p>
   </div>
   <div class='ocr_carea' id='block_1_53' title="bbox 2183 2284 3832 2358">
    <p class='ocr_par' dir='ltr' id='par_1_53' title="bbox 2183 2284 3832 2358">
     <span class='ocr_line' id='line_1_53' title="bbox 2183 2284 3832 2358; baseline 0.004 -20"><span class='ocrx_word' id='word_1_287' title='bbox 2183 2284 2506 2356; x_wconf 88' lang='lat' dir='ltr'>comparari</span> <span class='ocrx_word' id='word_1_288' title='bbox 2529 2301 2698 2357; x_wconf 90' lang='lat' dir='ltr'>posse</span> <span class='ocrx_word' id='word_1_289' title='bbox 2718 2302 2832 2340; x_wconf 89' lang='lat' dir='ltr'>non</span> <span class='ocrx_word' id='word_1_290' title='bbox 2851 2285 3124 2340; x_wconf 86' lang='lat' dir='ltr'>dubitant</span> <span class='ocrx_word' id='word_1_291' title='bbox 3141 2302 3416 2357; x_wconf 88' lang='lat' dir='ltr'>superna.</span> <span class='ocrx_word' id='word_1_292' title='bbox 3431 2287 3832 2358; x_wconf 84' lang='lat' dir='ltr'>Amorehujus</span> 
     </span>
    </p>
   </div>
   <div class='ocr_carea' id='block_1_54' title="bbox 2183 2372 3833 2446">
    <p class='ocr_par' dir='ltr' id='par_1_54' title="bbox 2183 2372 3833 2446">
     <span class='ocr_line' id='line_1_54' title="bbox 2183 2372 3833 2446; baseline 0.004 -20"><span class='ocrx_word' id='word_1_293' title='bbox 2183 2372 2362 2428; x_wconf 85' lang='lat' dir='ltr'>beata</span> <span class='ocrx_word' id='word_1_294' title='bbox 2384 2372 2602 2445; x_wconf 90' lang='lat' dir='ltr'>spei,ut</span> <span class='ocrx_word' id='word_1_295' title='bbox 2625 2373 2957 2428; x_wconf 86' lang='lat' dir='ltr'>audivimus</span> <span class='ocrx_word' id='word_1_296' title='bbox 2979 2391 3012 2428; x_wconf 89' lang='lat' dir='ltr'>a</span> <span class='ocrx_word' id='word_1_297' title='bbox 3034 2372 3430 2442; x_wconf 87' lang='lat' dir='ltr'>narrantibus,</span> <span class='ocrx_word' id='word_1_298' title='bbox 3451 2374 3610 2430; x_wconf 90' lang='lat' dir='ltr'>ducti</span> <span class='ocrx_word' id='word_1_299' title='bbox 3632 2392 3833 2446; x_wconf 87' lang='lat' dir='ltr'>paren-</span> 
     </span>
    </p>
   </div>
   <div class='ocr_carea' id='block_1_55' title="bbox 2181 2461 3831 2535">
    <p class='ocr_par' dir='ltr' id='par_1_55' title="bbox 2181 2461 3831 2535">
     <span class='ocr_line' id='line_1_55' title="bbox 2181 2461 3831 2535; baseline 0.004 -21"><span class='ocrx_word' id='word_1_300' title='bbox 2181 2463 2270 2515; x_wconf 89' lang='lat' dir='ltr'>tes</span> <span class='ocrx_word' id='word_1_301' title='bbox 2300 2461 2477 2517; x_wconf 86' lang='lat' dir='ltr'>vestri</span> <span class='ocrx_word' id='word_1_302' title='bbox 2509 2467 2736 2533; x_wconf 89' lang='lat' dir='ltr'>partem</span> <span class='ocrx_word' id='word_1_303' title='bbox 2766 2461 2966 2530; x_wconf 83' lang='lat' dir='ltr'>fontis,</span> <span class='ocrx_word' id='word_1_304' title='bbox 3001 2462 3192 2518; x_wconf 91' lang='lat' dir='ltr'>vivida</span> <span class='ocrx_word' id='word_1_305' title='bbox 3243 2462 3601 2535; x_wconf 87' lang='lat' dir='ltr'>scaturigine</span> <span class='ocrx_word' id='word_1_306' title='bbox 3647 2462 3831 2520; x_wconf 87' lang='lat' dir='ltr'>salem</span> 
     </span>
    </p>
   </div>
   <div class='ocr_carea' id='block_1_56' title="bbox 2184 2549 3834 2618">
    <p class='ocr_par' dir='ltr' id='par_1_56' title="bbox 2184 2549 3834 2618">
     <span class='ocr_line' id='line_1_56' title="bbox 2184 2549 3834 2618; baseline 0.004 -16"><span class='ocrx_word' id='word_1_307' title='bbox 2184 2549 2576 2618; x_wconf 89' lang='lat' dir='ltr'>scaturientis,</span> <span class='ocrx_word' id='word_1_308' title='bbox 2592 2551 2960 2606; x_wconf 89' lang='lat' dir='ltr'>tradiderunt</span> <span class='ocrx_word' id='word_1_309' title='bbox 2981 2551 3334 2608; x_wconf 89' lang='lat' dir='ltr'>monasterio</span> <span class='ocrx_word' id='word_1_310' title='bbox 3366 2550 3680 2607; x_wconf 87' lang='lat' dir='ltr'>Salvatoris</span> <span class='ocrx_word' id='word_1_311' title='bbox 3704 2569 3834 2608; x_wconf 81' lang='lat' dir='ltr'>nos-</span> 
     </span>
    </p>
   </div>
   <div class='ocr_carea' id='block_1_57' title="bbox 2185 2639 3831 2711">
    <p class='ocr_par' dir='ltr' id='par_1_57' title="bbox 2185 2639 3831 2711">
     <span class='ocr_line' id='line_1_57' title="bbox 2185 2639 3831 2711; baseline 0.001 -17"><span class='ocrx_word' id='word_1_312' title='bbox 2185 2639 2278 2706; x_wconf 85' lang='lat' dir='ltr'>tri,</span> <span class='ocrx_word' id='word_1_313' title='bbox 2314 2640 2469 2710; x_wconf 88' lang='lat' dir='ltr'>quod</span> <span class='ocrx_word' id='word_1_314' title='bbox 2502 2639 2720 2711; x_wconf 91' lang='lat' dir='ltr'>optime</span> <span class='ocrx_word' id='word_1_315' title='bbox 2747 2657 2850 2695; x_wconf 91' lang='lat' dir='ltr'>vos</span> <span class='ocrx_word' id='word_1_316' title='bbox 2895 2657 3066 2695; x_wconf 88' lang='lat' dir='ltr'>nosse</span> <span class='ocrx_word' id='word_1_317' title='bbox 3113 2640 3402 2707; x_wconf 88' lang='lat' dir='ltr'>novimus,</span> <span class='ocrx_word' id='word_1_318' title='bbox 3435 2639 3574 2710; x_wconf 92' lang='lat' dir='ltr'>quid</span> <span class='ocrx_word' id='word_1_319' title='bbox 3626 2641 3831 2696; x_wconf 87' lang='lat' dir='ltr'>datum</span> 
     </span>
    </p>
   </div>
   <div class='ocr_carea' id='block_1_58' title="bbox 2188 2727 3832 2797">
    <p class='ocr_par' dir='ltr' id='par_1_58' title="bbox 2188 2727 3832 2797">
     <span class='ocr_line' id='line_1_58' title="bbox 2188 2727 3832 2797; baseline -0.001 -15"><span class='ocrx_word' id='word_1_320' title='bbox 2188 2729 2282 2794; x_wconf 89' lang='lat' dir='ltr'>sit,</span> <span class='ocrx_word' id='word_1_321' title='bbox 2317 2731 2373 2781; x_wconf 92' lang='lat' dir='ltr'>et</span> <span class='ocrx_word' id='word_1_322' title='bbox 2402 2744 2519 2797; x_wconf 88' lang='lat' dir='ltr'>qua</span> <span class='ocrx_word' id='word_1_323' title='bbox 2557 2727 2682 2797; x_wconf 89' lang='lat' dir='ltr'>lege</span> <span class='ocrx_word' id='word_1_324' title='bbox 2732 2728 3102 2782; x_wconf 78' lang='lat' dir='ltr'>serviendum</span> <span class='ocrx_word' id='word_1_325' title='bbox 3153 2727 3230 2781; x_wconf 89' lang='lat' dir='ltr'>sit</span> <span class='ocrx_word' id='word_1_326' title='bbox 3278 2727 3349 2780; x_wconf 88' lang='lat' dir='ltr'>ad</span> <span class='ocrx_word' id='word_1_327' title='bbox 3394 2727 3504 2780; x_wconf 89' lang='lat' dir='ltr'>hoc</span> <span class='ocrx_word' id='word_1_328' title='bbox 3541 2728 3832 2782; x_wconf 86' lang='lat' dir='ltr'>concessis</span> 
     </span>
    </p>
   </div>
   <div class='ocr_carea' id='block_1_59' title="bbox 2189 2812 3833 2886">
    <p class='ocr_par' dir='ltr' id='par_1_59' title="bbox 2189 2812 3833 2886">
     <span class='ocr_line' id='line_1_59' title="bbox 2189 2812 3833 2886; baseline 0 -17"><span class='ocrx_word' id='word_1_329' title='bbox 2189 2813 2515 2886; x_wconf 89' lang='lat' dir='ltr'>mancipiis.</span> <span class='ocrx_word' id='word_1_330' title='bbox 2550 2816 2738 2879; x_wconf 86' lang='lat' dir='ltr'>Quare</span> <span class='ocrx_word' id='word_1_331' title='bbox 2767 2818 2959 2868; x_wconf 89' lang='lat' dir='ltr'>ratum</span> <span class='ocrx_word' id='word_1_332' title='bbox 2993 2815 3112 2868; x_wconf 82' lang='lat' dir='ltr'>fore</span> <span class='ocrx_word' id='word_1_333' title='bbox 3143 2812 3436 2868; x_wconf 89' lang='lat' dir='ltr'>consiliati</span> <span class='ocrx_word' id='word_1_334' title='bbox 3460 2829 3667 2867; x_wconf 91' lang='lat' dir='ltr'>sumus</span> <span class='ocrx_word' id='word_1_335' title='bbox 3699 2831 3833 2869; x_wconf 86' lang='lat' dir='ltr'>con-</span> 
     </span>
    </p>
   </div>
   <div class='ocr_carea' id='block_1_60' title="bbox 2187 2900 3834 2960">
    <p class='ocr_par' dir='ltr' id='par_1_60' title="bbox 2187 2900 3834 2960">
     <span class='ocr_line' id='line_1_60' title="bbox 2187 2900 3834 2960; baseline -0.001 0"><span class='ocrx_word' id='word_1_336' title='bbox 2187 2904 2342 2960; x_wconf 90' lang='lat' dir='ltr'>cordi</span> <span class='ocrx_word' id='word_1_337' title='bbox 2376 2903 2749 2959; x_wconf 90' lang='lat' dir='ltr'>concessione</span> <span class='ocrx_word' id='word_1_338' title='bbox 2774 2902 2954 2959; x_wconf 78' lang='lat' dir='ltr'>nostri</span> <span class='ocrx_word' id='word_1_339' title='bbox 2976 2901 3239 2958; x_wconf 88' lang='lat' dir='ltr'>advocati</span> <span class='ocrx_word' id='word_1_340' title='bbox 3263 2900 3401 2957; x_wconf 88' lang='lat' dir='ltr'>talia</span> <span class='ocrx_word' id='word_1_341' title='bbox 3423 2903 3834 2959; x_wconf 89' lang='lat' dir='ltr'>commendare</span> 
     </span>
    </p>
   </div>
   <div class='ocr_carea' id='block_1_61' title="bbox 2184 2991 3833 3065">
    <p class='ocr_par' dir='ltr' id='par_1_61' title="bbox 2184 2991 3833 3065">
     <span class='ocr_line' id='line_1_61' title="bbox 2184 2991 3833 3065; baseline -0.002 -15"><span class='ocrx_word' id='word_1_342' title='bbox 2184 3000 2384 3050; x_wconf 87' lang='lat' dir='ltr'>vestra</span> <span class='ocrx_word' id='word_1_343' title='bbox 2415 2992 2758 3060; x_wconf 81' lang='lat' dir='ltr'>defensioni,</span> <span class='ocrx_word' id='word_1_344' title='bbox 2783 2992 2983 3065; x_wconf 88' lang='lat' dir='ltr'>qualia</span> <span class='ocrx_word' id='word_1_345' title='bbox 3005 2996 3144 3048; x_wconf 90' lang='lat' dir='ltr'>sunt</span> <span class='ocrx_word' id='word_1_346' title='bbox 3173 2991 3454 3047; x_wconf 89' lang='lat' dir='ltr'>attributa</span> <span class='ocrx_word' id='word_1_347' title='bbox 3476 2992 3833 3048; x_wconf 90' lang='lat' dir='ltr'>monasterio</span> 
     </span>
    </p>
   </div>
   <div class='ocr_carea' id='block_1_62' title="bbox 2186 3080 3834 3153">
    <p class='ocr_par' dir='ltr' id='par_1_62' title="bbox 2186 3080 3834 3153">
     <span class='ocr_line' id='line_1_62' title="bbox 2186 3080 3834 3153; baseline 0 -15"><span class='ocrx_word' id='word_1_348' title='bbox 2186 3089 2619 3139; x_wconf 88' lang='lat' dir='ltr'>antecessorum</span> <span class='ocrx_word' id='word_1_349' title='bbox 2651 3087 2973 3138; x_wconf 89' lang='lat' dir='ltr'>vestrorum</span> <span class='ocrx_word' id='word_1_350' title='bbox 3024 3081 3323 3137; x_wconf 81' lang='lat' dir='ltr'>beneficio.</span> <span class='ocrx_word' id='word_1_351' title='bbox 3348 3080 3536 3135; x_wconf 86' lang='lat' dir='ltr'>Alieni</span> <span class='ocrx_word' id='word_1_352' title='bbox 3579 3097 3834 3153; x_wconf 89' lang='lat' dir='ltr'>namque</span> 
     </span>
    </p>
   </div>
   <div class='ocr_carea' id='block_1_63' title="bbox 2187 3169 3828 3246">
    <p class='ocr_par' dir='ltr' id='par_1_63' title="bbox 2187 3169 3828 3246">
     <span class='ocr_line' id='line_1_63' title="bbox 2187 3169 3828 3246; baseline 0.001 -18"><span class='ocrx_word' id='word_1_353' title='bbox 2187 3172 2523 3246; x_wconf 86' lang='lat' dir='ltr'>superducti</span> <span class='ocrx_word' id='word_1_354' title='bbox 2571 3189 2677 3227; x_wconf 89' lang='lat' dir='ltr'>sua</span> <span class='ocrx_word' id='word_1_355' title='bbox 2727 3172 2910 3239; x_wconf 92' lang='lat' dir='ltr'>lucra,</span> <span class='ocrx_word' id='word_1_356' title='bbox 2955 3189 3070 3226; x_wconf 91' lang='lat' dir='ltr'>non</span> <span class='ocrx_word' id='word_1_357' title='bbox 3111 3172 3339 3243; x_wconf 90' lang='lat' dir='ltr'>justam</span> <span class='ocrx_word' id='word_1_358' title='bbox 3397 3169 3828 3230; x_wconf 82' lang='lat' dir='ltr'>amulationem</span> 
     </span>
    </p>
   </div>
   <div class='ocr_carea' id='block_1_64' title="bbox 422 3239 2080 3331">
    <p class='ocr_par' dir='ltr' id='par_1_64' title="bbox 422 3239 2072 3313">
     <span class='ocr_line' id='line_1_64' title="bbox 422 3239 2072 3313; baseline 0 -18"><span class='ocrx_word' id='word_1_359' title='bbox 422 3240 991 3313; x_wconf 79' lang='lat' dir='ltr'>Phyuhtwangcnsi,</span> <span class='ocrx_word' id='word_1_360' title='bbox 1008 3239 1414 3296; x_wconf 88' lang='lat' dir='ltr'>consuetudini</span> <span class='ocrx_word' id='word_1_361' title='bbox 1435 3239 1787 3295; x_wconf 82' lang='lat' dir='ltr'>monachica</span> <span class='ocrx_word' id='word_1_362' title='bbox 1801 3241 2072 3295; x_wconf 89' lang='lat' dir='ltr'>constitu-</span> 
     </span>
    </p>
   </div>
   <div class='ocr_carea' id='block_1_65' title="bbox 2197 3239 3829 3331">
    <p class='ocr_par' dir='ltr' id='par_1_65' title="bbox 2197 3259 3829 3331">
     <span class='ocr_line' id='line_1_65' title="bbox 2197 3259 3829 3331; baseline -0.002 -15"><span class='ocrx_word' id='word_1_363' title='bbox 2197 3264 2391 3317; x_wconf 76' lang='lat' dir='ltr'>3ectari</span> <span class='ocrx_word' id='word_1_364' title='bbox 2425 3261 2774 3316; x_wconf 88' lang='lat' dir='ltr'>referuntur.</span> <span class='ocrx_word' id='word_1_365' title='bbox 2808 3260 2955 3325; x_wconf 88' lang='lat' dir='ltr'>Quia</span> <span class='ocrx_word' id='word_1_366' title='bbox 2974 3259 3032 3314; x_wconf 91' lang='lat' dir='ltr'>in</span> <span class='ocrx_word' id='word_1_367' title='bbox 3052 3259 3306 3314; x_wconf 90' lang='lat' dir='ltr'>onnibus</span> <span class='ocrx_word' id='word_1_368' title='bbox 3330 3259 3598 3331; x_wconf 88' lang='lat' dir='ltr'>negotiis,</span> <span class='ocrx_word' id='word_1_369' title='bbox 3618 3259 3690 3313; x_wconf 90' lang='lat' dir='ltr'>ad</span> <span class='ocrx_word' id='word_1_370' title='bbox 3723 3274 3829 3314; x_wconf 89' lang='lat' dir='ltr'>nos</span> 
     </span>
    </p>
   </div>
   <div class='ocr_carea' id='block_1_66' title="bbox 421 3327 2066 3402">
    <p class='ocr_par' dir='ltr' id='par_1_66' title="bbox 421 3327 2066 3402">
     <span class='ocr_line' id='line_1_66' title="bbox 421 3327 2066 3402; baseline 0 -18"><span class='ocrx_word' id='word_1_371' title='bbox 421 3329 616 3397; x_wconf 81' lang='lat' dir='ltr'>tionis,</span> <span class='ocrx_word' id='word_1_372' title='bbox 633 3334 808 3402; x_wconf 87' lang='lat' dir='ltr'>prout</span> <span class='ocrx_word' id='word_1_373' title='bbox 833 3346 1170 3402; x_wconf 90' lang='lat' dir='ltr'>possumus,</span> <span class='ocrx_word' id='word_1_374' title='bbox 1187 3327 1596 3384; x_wconf 87' lang='lat' dir='ltr'>dcscrvientes.</span> <span class='ocrx_word' id='word_1_375' title='bbox 1615 3327 1772 3383; x_wconf 81' lang='lat' dir='ltr'>Felix</span> <span class='ocrx_word' id='word_1_376' title='bbox 1790 3328 2066 3397; x_wconf 87' lang='lat' dir='ltr'>Ecclesia,</span> 
     </span>
    </p>
   </div>
   <div class='ocr_carea' id='block_1_67' title="bbox 423 3416 2071 3492">
    <p class='ocr_par' dir='ltr' id='par_1_67' title="bbox 423 3416 2071 3492">
     <span class='ocr_line' id='line_1_67' title="bbox 423 3416 2071 3492; baseline -0.001 -19"><span class='ocrx_word' id='word_1_377' title='bbox 423 3435 550 3490; x_wconf 89' lang='lat' dir='ltr'>qua</span> <span class='ocrx_word' id='word_1_378' title='bbox 572 3418 851 3491; x_wconf 90' lang='lat' dir='ltr'>perdigne</span> <span class='ocrx_word' id='word_1_379' title='bbox 872 3417 1202 3492; x_wconf 88' lang='lat' dir='ltr'>gratulatur</span> <span class='ocrx_word' id='word_1_380' title='bbox 1224 3416 1321 3472; x_wconf 88' lang='lat' dir='ltr'>tali</span> <span class='ocrx_word' id='word_1_381' title='bbox 1350 3416 1613 3490; x_wconf 91' lang='lat' dir='ltr'>principe</span> <span class='ocrx_word' id='word_1_382' title='bbox 1636 3416 1808 3472; x_wconf 87' lang='lat' dir='ltr'>fulta!</span> <span class='ocrx_word' id='word_1_383' title='bbox 1836 3417 2071 3472; x_wconf 85' lang='lat' dir='ltr'>Celebre</span> 
     </span>
    </p>
   </div>
   <div class='ocr_carea' id='block_1_68' title="bbox 423 3505 2070 3579">
    <p class='ocr_par' dir='ltr' id='par_1_68' title="bbox 423 3505 2070 3579">
     <span class='ocr_line' id='line_1_68' title="bbox 423 3505 2070 3579; baseline 0 -17"><span class='ocrx_word' id='word_1_384' title='bbox 423 3524 635 3564; x_wconf 90' lang='lat' dir='ltr'>nomen</span> <span class='ocrx_word' id='word_1_385' title='bbox 664 3510 945 3574; x_wconf 86' lang='lat' dir='ltr'>vestrum,</span> <span class='ocrx_word' id='word_1_386' title='bbox 971 3507 1124 3579; x_wconf 92' lang='lat' dir='ltr'>quod</span> <span class='ocrx_word' id='word_1_387' title='bbox 1160 3505 1383 3578; x_wconf 89' lang='lat' dir='ltr'>jugiter</span> <span class='ocrx_word' id='word_1_388' title='bbox 1411 3505 1720 3561; x_wconf 87' lang='lat' dir='ltr'>amorifcro</span> <span class='ocrx_word' id='word_1_389' title='bbox 1744 3506 1914 3561; x_wconf 91' lang='lat' dir='ltr'>corde</span> <span class='ocrx_word' id='word_1_390' title='bbox 1933 3506 2070 3562; x_wconf 89' lang='lat' dir='ltr'>hinc</span> 
     </span>
    </p>
   </div>
   <div class='ocr_carea' id='block_1_69' title="bbox 425 3593 2071 3666">
    <p class='ocr_par' dir='ltr' id='par_1_69' title="bbox 425 3593 2071 3666">
     <span class='ocr_line' id='line_1_69' title="bbox 425 3593 2071 3666; baseline 0.001 -18"><span class='ocrx_word' id='word_1_391' title='bbox 425 3595 561 3650; x_wconf 90' lang='lat' dir='ltr'>inde</span> <span class='ocrx_word' id='word_1_392' title='bbox 581 3596 1027 3652; x_wconf 87' lang='lat' dir='ltr'>sermocinando</span> <span class='ocrx_word' id='word_1_393' title='bbox 1050 3594 1321 3661; x_wconf 89' lang='lat' dir='ltr'>volitans,</span> <span class='ocrx_word' id='word_1_394' title='bbox 1339 3593 1556 3666; x_wconf 87' lang='lat' dir='ltr'>ubique</span> <span class='ocrx_word' id='word_1_395' title='bbox 1577 3611 1811 3649; x_wconf 90' lang='lat' dir='ltr'>summo</span> <span class='ocrx_word' id='word_1_396' title='bbox 1835 3611 2071 3649; x_wconf 90' lang='lat' dir='ltr'>rumore</span> 
     </span>
    </p>
   </div>
   <div class='ocr_carea' id='block_1_70' title="bbox 429 3681 2072 3753">
    <p class='ocr_par' dir='ltr' id='par_1_70' title="bbox 429 3681 2072 3753">
     <span class='ocr_line' id='line_1_70' title="bbox 429 3681 2072 3753; baseline -0.002 -14"><span class='ocrx_word' id='word_1_397' title='bbox 429 3683 792 3753; x_wconf 72' lang='lat' dir='ltr'>diffunditur,</span> <span class='ocrx_word' id='word_1_398' title='bbox 820 3685 1028 3740; x_wconf 86' lang='lat' dir='ltr'>vilitati</span> <span class='ocrx_word' id='word_1_399' title='bbox 1061 3687 1272 3739; x_wconf 85' lang='lat' dir='ltr'>nostra</span> <span class='ocrx_word' id='word_1_400' title='bbox 1304 3681 1670 3737; x_wconf 89' lang='lat' dir='ltr'>denuntiavit</span> <span class='ocrx_word' id='word_1_401' title='bbox 1701 3682 2072 3753; x_wconf 82' lang='lat' dir='ltr'>prasentiam</span> 
     </span>
    </p>
   </div>
   <div class='ocr_carea' id='block_1_71' title="bbox 425 3769 2070 3840">
    <p class='ocr_par' dir='ltr' id='par_1_71' title="bbox 425 3769 2070 3840">
     <span class='ocr_line' id='line_1_71' title="bbox 425 3769 2070 3840; baseline -0.002 -13"><span class='ocrx_word' id='word_1_402' title='bbox 425 3772 600 3828; x_wconf 89' lang='lat' dir='ltr'>vestri</span> <span class='ocrx_word' id='word_1_403' title='bbox 622 3773 740 3828; x_wconf 91' lang='lat' dir='ltr'>fore</span> <span class='ocrx_word' id='word_1_404' title='bbox 768 3773 827 3828; x_wconf 90' lang='lat' dir='ltr'>in</span> <span class='ocrx_word' id='word_1_405' title='bbox 857 3773 1156 3829; x_wconf 90' lang='lat' dir='ltr'>vicinitate</span> <span class='ocrx_word' id='word_1_406' title='bbox 1186 3769 1356 3826; x_wconf 91' lang='lat' dir='ltr'>nobis</span> <span class='ocrx_word' id='word_1_407' title='bbox 1379 3769 1695 3825; x_wconf 90' lang='lat' dir='ltr'>admodum</span> <span class='ocrx_word' id='word_1_408' title='bbox 1719 3772 2070 3840; x_wconf 87' lang='lat' dir='ltr'>opportuna.</span> 
     </span>
    </p>
   </div>
   <div class='ocr_carea' id='block_1_72' title="bbox 429 3856 2076 3934">
    <p class='ocr_par' dir='ltr' id='par_1_72' title="bbox 429 3856 2076 3934">
     <span class='ocr_line' id='line_1_72' title="bbox 429 3856 2076 3934; baseline -0.001 -18"><span class='ocrx_word' id='word_1_409' title='bbox 429 3861 646 3918; x_wconf 84' lang='lat' dir='ltr'>Idcirco</span> <span class='ocrx_word' id='word_1_410' title='bbox 677 3862 846 3934; x_wconf 90' lang='lat' dir='ltr'>quasi</span> <span class='ocrx_word' id='word_1_411' title='bbox 879 3863 950 3916; x_wconf 90' lang='lat' dir='ltr'>de</span> <span class='ocrx_word' id='word_1_412' title='bbox 976 3859 1289 3933; x_wconf 86' lang='lat' dir='ltr'>asperitate</span> <span class='ocrx_word' id='word_1_413' title='bbox 1313 3857 1616 3925; x_wconf 88' lang='lat' dir='ltr'>eremitali,</span> <span class='ocrx_word' id='word_1_414' title='bbox 1634 3858 1732 3913; x_wconf 92' lang='lat' dir='ltr'>ubi</span> <span class='ocrx_word' id='word_1_415' title='bbox 1753 3856 1926 3913; x_wconf 90' lang='lat' dir='ltr'>tellus</span> <span class='ocrx_word' id='word_1_416' title='bbox 1951 3874 2076 3914; x_wconf 87' lang='lat' dir='ltr'>nes-</span> 
     </span>
    </p>
   </div>
   <div class='ocr_carea' id='block_1_73' title="bbox 427 3946 2071 4023">
    <p class='ocr_par' dir='ltr' id='par_1_73' title="bbox 427 3946 2071 4023">
     <span class='ocr_line' id='line_1_73' title="bbox 427 3946 2071 4023; baseline -0.002 -18"><span class='ocrx_word' id='word_1_417' title='bbox 427 3951 504 4005; x_wconf 90' lang='lat' dir='ltr'>cit</span> <span class='ocrx_word' id='word_1_418' title='bbox 534 3954 877 4023; x_wconf 87' lang='lat' dir='ltr'>stagnorum</span> <span class='ocrx_word' id='word_1_419' title='bbox 909 3951 1146 4022; x_wconf 90' lang='lat' dir='ltr'>gignerc</span> <span class='ocrx_word' id='word_1_420' title='bbox 1167 3948 1354 4016; x_wconf 89' lang='lat' dir='ltr'>sinus,</span> <span class='ocrx_word' id='word_1_421' title='bbox 1379 3951 1434 4004; x_wconf 91' lang='lat' dir='ltr'>et</span> <span class='ocrx_word' id='word_1_422' title='bbox 1466 3951 1530 4002; x_wconf 93' lang='lat' dir='ltr'>ut</span> <span class='ocrx_word' id='word_1_423' title='bbox 1557 3947 1636 4002; x_wconf 90' lang='lat' dir='ltr'>ita</span> <span class='ocrx_word' id='word_1_424' title='bbox 1666 3946 1913 4015; x_wconf 89' lang='lat' dir='ltr'>dicatur,</span> <span class='ocrx_word' id='word_1_425' title='bbox 1930 3946 2071 4018; x_wconf 91' lang='lat' dir='ltr'>quid</span> 
     </span>
    </p>
   </div>
   <div class='ocr_carea' id='block_1_74' title="bbox 428 4035 2071 4111">
    <p class='ocr_par' dir='ltr' id='par_1_74' title="bbox 428 4035 2071 4111">
     <span class='ocr_line' id='line_1_74' title="bbox 428 4035 2071 4111; baseline -0.002 -16"><span class='ocrx_word' id='word_1_426' title='bbox 428 4039 505 4096; x_wconf 89' lang='lat' dir='ltr'>sit</span> <span class='ocrx_word' id='word_1_427' title='bbox 533 4039 731 4111; x_wconf 86' lang='lat' dir='ltr'>piscis,</span> <span class='ocrx_word' id='word_1_428' title='bbox 764 4039 999 4111; x_wconf 90' lang='lat' dir='ltr'>penitus</span> <span class='ocrx_word' id='word_1_429' title='bbox 1030 4037 1350 4110; x_wconf 89' lang='lat' dir='ltr'>ignoretur,</span> <span class='ocrx_word' id='word_1_430' title='bbox 1384 4035 1673 4092; x_wconf 89' lang='lat' dir='ltr'>mittimus</span> <span class='ocrx_word' id='word_1_431' title='bbox 1710 4037 1782 4091; x_wconf 93' lang='lat' dir='ltr'>ad</span> <span class='ocrx_word' id='word_1_432' title='bbox 1815 4035 2071 4092; x_wconf 89' lang='lat' dir='ltr'>nobilem</span> 
     </span>
    </p>
   </div>
   <div class='ocr_carea' id='block_1_75' title="bbox 430 4124 2073 4199">
    <p class='ocr_par' dir='ltr' id='par_1_75' title="bbox 430 4124 2073 4199">
     <span class='ocr_line' id='line_1_75' title="bbox 430 4124 2073 4199; baseline -0.002 -15"><span class='ocrx_word' id='word_1_433' title='bbox 430 4127 839 4184; x_wconf 88' lang='lat' dir='ltr'>celsitudinem</span> <span class='ocrx_word' id='word_1_434' title='bbox 870 4131 1143 4194; x_wconf 88' lang='lat' dir='ltr'>vestram,</span> <span class='ocrx_word' id='word_1_435' title='bbox 1162 4125 1212 4182; x_wconf 91' lang='lat' dir='ltr'>si</span> <span class='ocrx_word' id='word_1_436' title='bbox 1234 4125 1427 4182; x_wconf 90' lang='lat' dir='ltr'>debita</span> <span class='ocrx_word' id='word_1_437' title='bbox 1447 4125 1612 4199; x_wconf 89' lang='lat' dir='ltr'>copia</span> <span class='ocrx_word' id='word_1_438' title='bbox 1632 4124 1847 4181; x_wconf 90' lang='lat' dir='ltr'>vivaria</span> <span class='ocrx_word' id='word_1_439' title='bbox 1864 4124 2000 4193; x_wconf 87' lang='lat' dir='ltr'>lata,</span> <span class='ocrx_word' id='word_1_440' title='bbox 2017 4129 2073 4180; x_wconf 91' lang='lat' dir='ltr'>et</span> 
     </span>
    </p>
   </div>
   <div class='ocr_carea' id='block_1_76' title="bbox 431 4213 2072 4290">
    <p class='ocr_par' dir='ltr' id='par_1_76' title="bbox 431 4213 2072 4290">
     <span class='ocr_line' id='line_1_76' title="bbox 431 4213 2072 4290; baseline -0.002 -18"><span class='ocrx_word' id='word_1_441' title='bbox 431 4216 640 4290; x_wconf 83' lang='lat' dir='ltr'>sapius</span> <span class='ocrx_word' id='word_1_442' title='bbox 663 4217 870 4273; x_wconf 91' lang='lat' dir='ltr'>merito</span> <span class='ocrx_word' id='word_1_443' title='bbox 893 4233 926 4272; x_wconf 90' lang='lat' dir='ltr'>a</span> <span class='ocrx_word' id='word_1_444' title='bbox 945 4215 1060 4272; x_wconf 90' lang='lat' dir='ltr'>Deo</span> <span class='ocrx_word' id='word_1_445' title='bbox 1083 4213 1383 4271; x_wconf 89' lang='lat' dir='ltr'>dilatanda</span> <span class='ocrx_word' id='word_1_446' title='bbox 1408 4214 1731 4271; x_wconf 89' lang='lat' dir='ltr'>scaturiant</span> <span class='ocrx_word' id='word_1_447' title='bbox 1748 4214 2072 4271; x_wconf 88' lang='lat' dir='ltr'>abundanti</span> 
     </span>
    </p>
   </div>
   <div class='ocr_carea' id='block_1_77' title="bbox 431 4302 2073 4376">
    <p class='ocr_par' dir='ltr' id='par_1_77' title="bbox 431 4302 2073 4376">
     <span class='ocr_line' id='line_1_77' title="bbox 431 4302 2073 4376; baseline 0 -17"><span class='ocrx_word' id='word_1_448' title='bbox 431 4307 488 4360; x_wconf 85' lang='lat' dir='ltr'>et</span> <span class='ocrx_word' id='word_1_449' title='bbox 517 4304 1032 4362; x_wconf 88' lang='lat' dir='ltr'>consuctudinaria</span> <span class='ocrx_word' id='word_1_450' title='bbox 1061 4302 1312 4376; x_wconf 90' lang='lat' dir='ltr'>piscium</span> <span class='ocrx_word' id='word_1_451' title='bbox 1345 4303 1549 4371; x_wconf 88' lang='lat' dir='ltr'>fetura,</span> <span class='ocrx_word' id='word_1_452' title='bbox 1565 4307 1831 4359; x_wconf 89' lang='lat' dir='ltr'>nostrum</span> <span class='ocrx_word' id='word_1_453' title='bbox 1852 4302 2073 4359; x_wconf 87' lang='lat' dir='ltr'>Pascha</span> 
     </span>
    </p>
   </div>
   <div class='ocr_carea' id='block_1_78' title="bbox 431 4392 2075 4467">
    <p class='ocr_par' dir='ltr' id='par_1_78' title="bbox 431 4392 2075 4467">
     <span class='ocr_line' id='line_1_78' title="bbox 431 4392 2075 4467; baseline -0.001 -18"><span class='ocrx_word' id='word_1_454' title='bbox 431 4394 730 4466; x_wconf 87' lang='lat' dir='ltr'>piscigena</span> <span class='ocrx_word' id='word_1_455' title='bbox 757 4393 1064 4467; x_wconf 87' lang='lat' dir='ltr'>largitione</span> <span class='ocrx_word' id='word_1_456' title='bbox 1087 4392 1344 4464; x_wconf 90' lang='lat' dir='ltr'>jubeatis</span> <span class='ocrx_word' id='word_1_457' title='bbox 1360 4392 1695 4465; x_wconf 89' lang='lat' dir='ltr'>jucundari,</span> <span class='ocrx_word' id='word_1_458' title='bbox 1715 4392 1946 4448; x_wconf 91' lang='lat' dir='ltr'>solitam</span> <span class='ocrx_word' id='word_1_459' title='bbox 1970 4394 2075 4447; x_wconf 91' lang='lat' dir='ltr'>im-</span> 
     </span>
    </p>
   </div>
   <div class='ocr_carea' id='block_1_79' title="bbox 431 4480 2071 4555">
    <p class='ocr_par' dir='ltr' id='par_1_79' title="bbox 431 4480 2071 4555">
     <span class='ocr_line' id='line_1_79' title="bbox 431 4480 2071 4555; baseline -0.002 -16"><span class='ocrx_word' id='word_1_460' title='bbox 431 4484 730 4555; x_wconf 88' lang='lat' dir='ltr'>pertiendo</span> <span class='ocrx_word' id='word_1_461' title='bbox 762 4482 1249 4548; x_wconf 89' lang='lat' dir='ltr'>misericordiam,</span> <span class='ocrx_word' id='word_1_462' title='bbox 1271 4499 1448 4553; x_wconf 90' lang='lat' dir='ltr'>quam</span> <span class='ocrx_word' id='word_1_463' title='bbox 1478 4481 1642 4536; x_wconf 89' lang='lat' dir='ltr'>vobis</span> <span class='ocrx_word' id='word_1_464' title='bbox 1674 4480 1893 4536; x_wconf 89' lang='lat' dir='ltr'>fecistis</span> <span class='ocrx_word' id='word_1_465' title='bbox 1916 4482 2071 4553; x_wconf 90' lang='lat' dir='ltr'>apud</span> 
     </span>
    </p>
   </div>
   <div class='ocr_carea' id='block_1_80' title="bbox 2181 3348 3825 3424">
    <p class='ocr_par' dir='ltr' id='par_1_80' title="bbox 2181 3348 3825 3424">
     <span class='ocr_line' id='line_1_80' title="bbox 2181 3348 3825 3424; baseline -0.002 -19"><span class='ocrx_word' id='word_1_466' title='bbox 2181 3350 2628 3424; x_wconf 89' lang='lat' dir='ltr'>pertinentibus,</span> <span class='ocrx_word' id='word_1_467' title='bbox 2661 3353 2919 3405; x_wconf 86' lang='lat' dir='ltr'>vestrum</span> <span class='ocrx_word' id='word_1_468' title='bbox 2969 3348 3337 3421; x_wconf 76' lang='lat' dir='ltr'>sulfragium,</span> <span class='ocrx_word' id='word_1_469' title='bbox 3371 3349 3420 3402; x_wconf 90' lang='lat' dir='ltr'>si</span> <span class='ocrx_word' id='word_1_470' title='bbox 3471 3348 3825 3420; x_wconf 89' lang='lat' dir='ltr'>dignamini,</span> 
     </span>
    </p>
   </div>
   <div class='ocr_carea' id='block_1_81' title="bbox 2181 3436 3827 3509">
    <p class='ocr_par' dir='ltr' id='par_1_81' title="bbox 2181 3436 3827 3509">
     <span class='ocr_line' id='line_1_81' title="bbox 2181 3436 3827 3509; baseline -0.004 -13"><span class='ocrx_word' id='word_1_471' title='bbox 2181 3440 2394 3496; x_wconf 89' lang='lat' dir='ltr'>habere</span> <span class='ocrx_word' id='word_1_472' title='bbox 2425 3439 2850 3506; x_wconf 90' lang='lat' dir='ltr'>desideramus,</span> <span class='ocrx_word' id='word_1_473' title='bbox 2867 3439 3026 3494; x_wconf 86' lang='lat' dir='ltr'>hunc</span> <span class='ocrx_word' id='word_1_474' title='bbox 3048 3439 3287 3493; x_wconf 86' lang='lat' dir='ltr'>fratrem</span> <span class='ocrx_word' id='word_1_475' title='bbox 3310 3436 3602 3492; x_wconf 88' lang='lat' dir='ltr'>mittimus</span> <span class='ocrx_word' id='word_1_476' title='bbox 3626 3436 3827 3509; x_wconf 88' lang='lat' dir='ltr'>pietati</span> 
     </span>
    </p>
   </div>
   <div class='ocr_carea' id='block_1_82' title="bbox 2178 3528 3828 3600">
    <p class='ocr_par' dir='ltr' id='par_1_82' title="bbox 2178 3528 3828 3600">
     <span class='ocr_line' id='line_1_82' title="bbox 2178 3528 3828 3600; baseline -0.003 -17"><span class='ocrx_word' id='word_1_477' title='bbox 2178 3534 2400 3596; x_wconf 86' lang='lat' dir='ltr'>vestra,</span> <span class='ocrx_word' id='word_1_478' title='bbox 2433 3545 2608 3600; x_wconf 92' lang='lat' dir='ltr'>quem</span> <span class='ocrx_word' id='word_1_479' title='bbox 2639 3529 2874 3584; x_wconf 87' lang='lat' dir='ltr'>easdem</span> <span class='ocrx_word' id='word_1_480' title='bbox 2907 3544 2997 3582; x_wconf 90' lang='lat' dir='ltr'>res</span> <span class='ocrx_word' id='word_1_481' title='bbox 3033 3528 3357 3583; x_wconf 89' lang='lat' dir='ltr'>feceramus</span> <span class='ocrx_word' id='word_1_482' title='bbox 3397 3542 3728 3597; x_wconf 87' lang='lat' dir='ltr'>procurare,</span> <span class='ocrx_word' id='word_1_483' title='bbox 3762 3529 3828 3579; x_wconf 88' lang='lat' dir='ltr'>ut</span> 
     </span>
    </p>
   </div>
   <div class='ocr_carea' id='block_1_83' title="bbox 2182 3615 3826 3690">
    <p class='ocr_par' dir='ltr' id='par_1_83' title="bbox 2182 3615 3826 3690">
     <span class='ocr_line' id='line_1_83' title="bbox 2182 3615 3826 3690; baseline -0.002 -17"><span class='ocrx_word' id='word_1_484' title='bbox 2182 3635 2412 3690; x_wconf 90' lang='lat' dir='ltr'>semper</span> <span class='ocrx_word' id='word_1_485' title='bbox 2442 3617 2915 3674; x_wconf 88' lang='lat' dir='ltr'>reclamationem</span> <span class='ocrx_word' id='word_1_486' title='bbox 2945 3634 3048 3690; x_wconf 92' lang='lat' dir='ltr'>per</span> <span class='ocrx_word' id='word_1_487' title='bbox 3073 3633 3208 3671; x_wconf 90' lang='lat' dir='ltr'>cum</span> <span class='ocrx_word' id='word_1_488' title='bbox 3238 3615 3583 3682; x_wconf 88' lang='lat' dir='ltr'>habeamus,</span> <span class='ocrx_word' id='word_1_489' title='bbox 3619 3632 3826 3671; x_wconf 87' lang='lat' dir='ltr'>secun-</span> 
     </span>
    </p>
   </div>
   <div class='ocr_carea' id='block_1_84' title="bbox 2183 3703 3824 3778">
    <p class='ocr_par' dir='ltr' id='par_1_84' title="bbox 2183 3703 3824 3778">
     <span class='ocr_line' id='line_1_84' title="bbox 2183 3703 3824 3778; baseline -0.002 -17"><span class='ocrx_word' id='word_1_490' title='bbox 2183 3709 2324 3761; x_wconf 91' lang='lat' dir='ltr'>dum</span> <span class='ocrx_word' id='word_1_491' title='bbox 2355 3707 2508 3778; x_wconf 89' lang='lat' dir='ltr'>quod</span> <span class='ocrx_word' id='word_1_492' title='bbox 2541 3706 2704 3761; x_wconf 89' lang='lat' dir='ltr'>scitis</span> <span class='ocrx_word' id='word_1_493' title='bbox 2733 3707 2998 3776; x_wconf 90' lang='lat' dir='ltr'>ejusdem</span> <span class='ocrx_word' id='word_1_494' title='bbox 3031 3704 3263 3760; x_wconf 83' lang='lat' dir='ltr'>familia</span> <span class='ocrx_word' id='word_1_495' title='bbox 3293 3703 3481 3775; x_wconf 86' lang='lat' dir='ltr'>legem</span> <span class='ocrx_word' id='word_1_496' title='bbox 3521 3707 3824 3773; x_wconf 87' lang='lat' dir='ltr'>statutam,</span> 
     </span>
    </p>
   </div>
   <div class='ocr_carea' id='block_1_85' title="bbox 2185 3789 3829 3863">
    <p class='ocr_par' dir='ltr' id='par_1_85' title="bbox 2185 3789 3829 3863">
     <span class='ocr_line' id='line_1_85' title="bbox 2185 3789 3829 3863; baseline -0.003 -15"><span class='ocrx_word' id='word_1_497' title='bbox 2185 3811 2256 3848; x_wconf 91' lang='lat' dir='ltr'>ne</span> <span class='ocrx_word' id='word_1_498' title='bbox 2285 3811 2383 3848; x_wconf 91' lang='lat' dir='ltr'>eos</span> <span class='ocrx_word' id='word_1_499' title='bbox 2415 3793 2627 3863; x_wconf 88' lang='lat' dir='ltr'>aliquis</span> <span class='ocrx_word' id='word_1_500' title='bbox 2659 3793 2878 3862; x_wconf 91' lang='lat' dir='ltr'>injusto</span> <span class='ocrx_word' id='word_1_501' title='bbox 2935 3797 3163 3862; x_wconf 88' lang='lat' dir='ltr'>premat</span> <span class='ocrx_word' id='word_1_502' title='bbox 3211 3791 3465 3856; x_wconf 90' lang='lat' dir='ltr'>servitio,</span> <span class='ocrx_word' id='word_1_503' title='bbox 3497 3790 3586 3844; x_wconf 90' lang='lat' dir='ltr'>vel</span> <span class='ocrx_word' id='word_1_504' title='bbox 3635 3791 3705 3843; x_wconf 90' lang='lat' dir='ltr'>ab</span> <span class='ocrx_word' id='word_1_505' title='bbox 3745 3789 3829 3843; x_wconf 79' lang='lat' dir='ltr'>eis</span> 
     </span>
    </p>
   </div>
   <div class='ocr_carea' id='block_1_86' title="bbox 2185 3875 3834 3955">
    <p class='ocr_par' dir='ltr' id='par_1_86' title="bbox 2185 3875 3834 3955">
     <span class='ocr_line' id='line_1_86' title="bbox 2185 3875 3834 3955; baseline -0.005 -17"><span class='ocrx_word' id='word_1_506' title='bbox 2185 3881 2519 3955; x_wconf 89' lang='lat' dir='ltr'>negligatur</span> <span class='ocrx_word' id='word_1_507' title='bbox 2548 3879 2740 3951; x_wconf 88' lang='lat' dir='ltr'>colligi</span> <span class='ocrx_word' id='word_1_508' title='bbox 2773 3883 2829 3934; x_wconf 90' lang='lat' dir='ltr'>et</span> <span class='ocrx_word' id='word_1_509' title='bbox 2858 3878 3020 3933; x_wconf 91' lang='lat' dir='ltr'>reddi</span> <span class='ocrx_word' id='word_1_510' title='bbox 3045 3875 3492 3944; x_wconf 90' lang='lat' dir='ltr'>census,domui</span> <span class='ocrx_word' id='word_1_511' title='bbox 3515 3875 3616 3931; x_wconf 88' lang='lat' dir='ltr'>Dei</span> <span class='ocrx_word' id='word_1_512' title='bbox 3644 3875 3834 3947; x_wconf 90' lang='lat' dir='ltr'>inqui-</span> 
     </span>
    </p>
   </div>
   <div class='ocr_carea' id='block_1_87' title="bbox 2182 3963 3835 4038">
    <p class='ocr_par' dir='ltr' id='par_1_87' title="bbox 2182 3963 3835 4038">
     <span class='ocr_line' id='line_1_87' title="bbox 2182 3963 3835 4038; baseline -0.005 -10"><span class='ocrx_word' id='word_1_513' title='bbox 2182 3972 2400 4028; x_wconf 91' lang='lat' dir='ltr'>rendus</span> <span class='ocrx_word' id='word_1_514' title='bbox 2432 3974 2490 4026; x_wconf 92' lang='lat' dir='ltr'>et</span> <span class='ocrx_word' id='word_1_515' title='bbox 2519 3967 2870 4024; x_wconf 91' lang='lat' dir='ltr'>reddendus.</span> <span class='ocrx_word' id='word_1_516' title='bbox 2888 3968 3237 4038; x_wconf 90' lang='lat' dir='ltr'>Quanquam</span> <span class='ocrx_word' id='word_1_517' title='bbox 3269 3964 3424 4022; x_wconf 91' lang='lat' dir='ltr'>enim</span> <span class='ocrx_word' id='word_1_518' title='bbox 3447 3963 3689 4038; x_wconf 89' lang='lat' dir='ltr'>quidam</span> <span class='ocrx_word' id='word_1_519' title='bbox 3710 3963 3835 4037; x_wconf 79' lang='lat' dir='ltr'>qui—-</span> 
     </span>
    </p>
   </div>
   <div class='ocr_carea' id='block_1_88' title="bbox 2182 4053 3836 4128">
    <p class='ocr_par' dir='ltr' id='par_1_88' title="bbox 2182 4053 3836 4128">
     <span class='ocr_line' id='line_1_88' title="bbox 2182 4053 3836 4128; baseline -0.005 -10"><span class='ocrx_word' id='word_1_520' title='bbox 2182 4065 2293 4119; x_wconf 89' lang='lat' dir='ltr'>bus</span> <span class='ocrx_word' id='word_1_521' title='bbox 2324 4061 2595 4116; x_wconf 83' lang='lat' dir='ltr'>humana</span> <span class='ocrx_word' id='word_1_522' title='bbox 2628 4058 2977 4128; x_wconf 85' lang='lat' dir='ltr'>caducaque</span> <span class='ocrx_word' id='word_1_523' title='bbox 2999 4072 3091 4112; x_wconf 90' lang='lat' dir='ltr'>res</span> <span class='ocrx_word' id='word_1_524' title='bbox 3115 4054 3366 4111; x_wconf 90' lang='lat' dir='ltr'>nimium</span> <span class='ocrx_word' id='word_1_525' title='bbox 3398 4053 3836 4123; x_wconf 86' lang='lat' dir='ltr'>adharent,hu-</span> 
     </span>
    </p>
   </div>
   <div class='ocr_carea' id='block_1_89' title="bbox 2171 4141 3837 4246">
    <p class='ocr_par' dir='ltr' id='par_1_89' title="bbox 2171 4141 3837 4246">
     <span class='ocr_line' id='line_1_89' title="bbox 2171 4141 3837 4246; baseline -0.005 -39"><span class='ocrx_word' id='word_1_526' title='bbox 2171 4149 2437 4246; x_wconf 69' lang='lat' dir='ltr'>jusmodi</span> <span class='ocrx_word' id='word_1_527' title='bbox 2457 4150 2595 4204; x_wconf 90' lang='lat' dir='ltr'>data</span> <span class='ocrx_word' id='word_1_528' title='bbox 2615 4145 2986 4220; x_wconf 89' lang='lat' dir='ltr'>patrimonia,</span> <span class='ocrx_word' id='word_1_529' title='bbox 3003 4145 3116 4245; x_wconf 75' lang='lat' dir='ltr'>sibi</span> <span class='ocrx_word' id='word_1_530' title='bbox 3145 4143 3378 4245; x_wconf 75' lang='lat' dir='ltr'>penitus</span> <span class='ocrx_word' id='word_1_531' title='bbox 3401 4141 3635 4244; x_wconf 76' lang='lat' dir='ltr'>sublata</span> <span class='ocrx_word' id='word_1_532' title='bbox 3659 4141 3837 4246; x_wconf 58' lang='lat' dir='ltr'>pani-</span> 
     </span>
    </p>
   </div>
   <div class='ocr_carea' id='block_1_90' title="bbox 2180 4231 3830 4309">
    <p class='ocr_par' dir='ltr' id='par_1_90' title="bbox 2180 4231 3830 4309">
     <span class='ocr_line' id='line_1_90' title="bbox 2180 4231 3830 4309; baseline -0.007 -8"><span class='ocrx_word' id='word_1_533' title='bbox 2180 4231 2357 4309; x_wconf 67' lang='lat' dir='ltr'>icant,</span> <span class='ocrx_word' id='word_1_534' title='bbox 2390 4243 2586 4294; x_wconf 89' lang='lat' dir='ltr'>tamen</span> <span class='ocrx_word' id='word_1_535' title='bbox 2618 4253 2732 4293; x_wconf 90' lang='lat' dir='ltr'>non</span> <span class='ocrx_word' id='word_1_536' title='bbox 2764 4236 2876 4291; x_wconf 89' lang='lat' dir='ltr'>erit</span> <span class='ocrx_word' id='word_1_537' title='bbox 2904 4233 3189 4291; x_wconf 80' lang='lat' dir='ltr'>exstincta</span> <span class='ocrx_word' id='word_1_538' title='bbox 3218 4233 3332 4305; x_wconf 91' lang='lat' dir='ltr'>piis</span> <span class='ocrx_word' id='word_1_539' title='bbox 3381 4231 3628 4305; x_wconf 88' lang='lat' dir='ltr'>posteris</span> <span class='ocrx_word' id='word_1_540' title='bbox 3669 4231 3830 4290; x_wconf 75' lang='lat' dir='ltr'>clara</span> 
     </span>
    </p>
   </div>
   <div class='ocr_carea' id='block_1_91' title="bbox 2181 4321 3835 4402">
    <p class='ocr_par' dir='ltr' id='par_1_91' title="bbox 2181 4321 3835 4402">
     <span class='ocr_line' id='line_1_91' title="bbox 2181 4321 3835 4402; baseline -0.007 -13"><span class='ocrx_word' id='word_1_541' title='bbox 2181 4338 2237 4390; x_wconf 91' lang='lat' dir='ltr'>et</span> <span class='ocrx_word' id='word_1_542' title='bbox 2265 4326 2516 4402; x_wconf 88' lang='lat' dir='ltr'>insignis</span> <span class='ocrx_word' id='word_1_543' title='bbox 2544 4323 2933 4381; x_wconf 89' lang='lat' dir='ltr'>remuneratio</span> <span class='ocrx_word' id='word_1_544' title='bbox 2964 4324 3230 4395; x_wconf 89' lang='lat' dir='ltr'>ejusdem</span> <span class='ocrx_word' id='word_1_545' title='bbox 3259 4321 3641 4388; x_wconf 83' lang='lat' dir='ltr'>hareditatis,</span> <span class='ocrx_word' id='word_1_546' title='bbox 3660 4321 3710 4376; x_wconf 89' lang='lat' dir='ltr'>si</span> <span class='ocrx_word' id='word_1_547' title='bbox 3736 4337 3835 4378; x_wconf 77' lang='lat' dir='ltr'>eos</span> 
     </span>
    </p>
   </div>
   <div class='ocr_carea' id='block_1_92' title="bbox 2181 4408 3832 4489">
    <p class='ocr_par' dir='ltr' id='par_1_92' title="bbox 2181 4408 3832 4489">
     <span class='ocr_line' id='line_1_92' title="bbox 2181 4408 3832 4489; baseline -0.009 -11"><span class='ocrx_word' id='word_1_548' title='bbox 2181 4421 2382 4477; x_wconf 88' lang='lat' dir='ltr'>eadem</span> <span class='ocrx_word' id='word_1_549' title='bbox 2414 4415 2674 4489; x_wconf 91' lang='lat' dir='ltr'>priorum</span> <span class='ocrx_word' id='word_1_550' title='bbox 2695 4414 3008 4469; x_wconf 86' lang='lat' dir='ltr'>comitatur</span> <span class='ocrx_word' id='word_1_551' title='bbox 3026 4411 3252 4469; x_wconf 89' lang='lat' dir='ltr'>devotio</span> <span class='ocrx_word' id='word_1_552' title='bbox 3281 4410 3341 4466; x_wconf 91' lang='lat' dir='ltr'>in</span> <span class='ocrx_word' id='word_1_553' title='bbox 3369 4409 3680 4467; x_wconf 84' lang='lat' dir='ltr'>excolendo</span> <span class='ocrx_word' id='word_1_554' title='bbox 3706 4408 3832 4464; x_wconf 86' lang='lat' dir='ltr'>Dei-</span> 
     </span>
    </p>
   </div>
   <div class='ocr_carea' id='block_1_93' title="bbox 2183 4497 3829 4583">
    <p class='ocr_par' dir='ltr' id='par_1_93' title="bbox 2183 4497 3829 4583">
     <span class='ocr_line' id='line_1_93' title="bbox 2183 4497 3829 4583; baseline -0.009 -17"><span class='ocrx_word' id='word_1_555' title='bbox 2183 4528 2296 4583; x_wconf 90' lang='lat' dir='ltr'>que</span> <span class='ocrx_word' id='word_1_556' title='bbox 2327 4505 2559 4563; x_wconf 88' lang='lat' dir='ltr'>servitio</span> <span class='ocrx_word' id='word_1_557' title='bbox 2590 4505 2790 4559; x_wconf 87' lang='lat' dir='ltr'>devote</span> <span class='ocrx_word' id='word_1_558' title='bbox 2821 4501 3231 4573; x_wconf 90' lang='lat' dir='ltr'>mancipando,</span> <span class='ocrx_word' id='word_1_559' title='bbox 3266 4503 3332 4555; x_wconf 91' lang='lat' dir='ltr'>ut</span> <span class='ocrx_word' id='word_1_560' title='bbox 3361 4500 3490 4567; x_wconf 91' lang='lat' dir='ltr'>hoc,</span> <span class='ocrx_word' id='word_1_561' title='bbox 3521 4497 3675 4569; x_wconf 92' lang='lat' dir='ltr'>quod</span> <span class='ocrx_word' id='word_1_562' title='bbox 3723 4513 3829 4552; x_wconf 88' lang='lat' dir='ltr'>na-</span> 
     </span>
    </p>
   </div>
   <div class='ocr_carea' id='block_1_94' title="bbox 432 4570 3838 4685">
    <p class='ocr_par' dir='ltr' id='par_1_94' title="bbox 432 4570 3838 4685">
     <span class='ocr_line' id='line_1_94' title="bbox 432 4570 3838 4685; baseline -0.004 -30"><span class='ocrx_word' id='word_1_563' title='bbox 432 4571 618 4685; x_wconf 48' lang='lat' dir='ltr'>Deunz</span> <span class='ocrx_word' id='word_1_564' title='bbox 648 4572 801 4685; x_wconf 48' lang='lat' dir='ltr'>pii“:</span> <span class='ocrx_word' id='word_1_565' title='bbox 836 4577 1162 4685; x_wconf 60' lang='lat' dir='ltr'>?atr°nam&#39;</span> <span class='ocrx_word' id='word_1_566' title='bbox 1198 4587 1428 4642; x_wconf 60' lang='lat' dir='ltr'>semper</span> <span class='ocrx_word' id='word_1_567' title='bbox 1459 4570 1880 4627; x_wconf 59' lang='lat' dir='ltr'>commiserans</span> <span class='ocrx_word' id='word_1_568' title='bbox 1929 4570 2072 4625; x_wconf 67' lang='lat' dir='ltr'>indi&#39;</span> <span class='ocrx_word' id='word_1_569' title='bbox 2117 4619 2166 4685; x_wconf 78' lang='grc' dir='ltr'>Ι)</span> <span class='ocrx_word' id='word_1_570' title='bbox 2196 4570 2329 4655; x_wconf 63' lang='lat' dir='ltr'>iura</span> <span class='ocrx_word' id='word_1_571' title='bbox 2358 4594 2558 4652; x_wconf 90' lang='lat' dir='ltr'>debuit</span> <span class='ocrx_word' id='word_1_572' title='bbox 2584 4593 2777 4660; x_wconf 89' lang='lat' dir='ltr'>homo,</span> <span class='ocrx_word' id='word_1_573' title='bbox 2814 4570 3336 4662; x_wconf 35' lang='lat' dir='ltr'>animavpossidcat</span> <span class='ocrx_word' id='word_1_574' title='bbox 3367 4588 3425 4642; x_wconf 91' lang='lat' dir='ltr'>in</span> <span class='ocrx_word' id='word_1_575' title='bbox 3457 4588 3650 4643; x_wconf 86' lang='lat' dir='ltr'>futuro</span> <span class='ocrx_word' id='word_1_576' title='bbox 3694 4602 3838 4656; x_wconf 82' lang='lat' dir='ltr'>pra-</span> 
     </span>
     <span class='ocr_line' id='line_1_95' title="bbox 433 4661 2868 4685; baseline 0 0"><span class='ocrx_word' id='word_1_577' title='bbox 433 4661 589 4685; x_wconf 65' lang='grc' dir='ltr'>ι-Α-ιξ</span> <span class='ocrx_word' id='word_1_578' title='bbox 621 4677 706 4685; x_wconf 57' lang='grc' dir='ltr'>ι--ιι-</span> <span class='ocrx_word' id='word_1_579' title='bbox 806 4678 830 4685; x_wconf 67' lang='grc' dir='ltr'>ι.</span> <span class='ocrx_word' id='word_1_580' title='bbox 864 4664 944 4685; x_wconf 53' lang='grc' dir='ltr'>κιρ.</span> <span class='ocrx_word' id='word_1_581' title='bbox 2550 4683 2557 4685; x_wconf 88' lang='grc'>.</span> <span class='ocrx_word' id='word_1_582' title='bbox 2662 4682 2671 4685; x_wconf 84' lang='lat'><em>_</em></span> <span class='ocrx_word' id='word_1_583' title='bbox 2767 4682 2814 4685; x_wconf 95' lang='lat'>__</span> <span class='ocrx_word' id='word_1_584' title='bbox 2855 4680 2868 4685; x_wconf 85' lang='lat'><em>_</em></span> 
     </span>
    </p>
   </div>
   <div class='ocr_carea' id='block_1_95' title="bbox 431 4659 1282 4788">
    <p class='ocr_par' dir='ltr' id='par_1_95' title="bbox 431 4659 1282 4788">
     <span class='ocr_line' id='line_1_96' title="bbox 431 4659 1282 4788; baseline 0.001 -73"><span class='ocrx_word' id='word_1_585' title='bbox 431 4661 727 4732; x_wconf 87' lang='lat' dir='ltr'>gentibus.</span> <span class='ocrx_word' id='word_1_586' title='bbox 752 4659 967 4716; x_wconf 88' lang='lat' dir='ltr'>Valete.</span> <span class='ocrx_word' id='word_1_587' title='bbox 1213 4731 1282 4788; x_wconf 75' lang='lat' dir='ltr'>IX</span> 
     </span>
    </p>
   </div>
   <div class='ocr_carea' id='block_1_96' title="bbox 863 4836 1661 4878">
    <p class='ocr_par' dir='ltr' id='par_1_96' title="bbox 863 4836 1661 4878">
     <span class='ocr_line' id='line_1_97' title="bbox 863 4836 1661 4878; baseline 0.001 -2"><span class='ocrx_word' id='word_1_588' title='bbox 863 4836 932 4876; x_wconf 86' lang='lat' dir='ltr'>AD</span> <span class='ocrx_word' id='word_1_589' title='bbox 972 4836 1026 4876; x_wconf 89' lang='lat' dir='ltr'>G.</span> <span class='ocrx_word' id='word_1_590' title='bbox 1067 4837 1661 4878; x_wconf 75' lang='lat' dir='ltr'>ARCHIPRESBYTERUM</span> 
     </span>
    </p>
   </div>
   <div class='ocr_carea' id='block_1_97' title="bbox 445 4899 2092 4975">
    <p class='ocr_par' dir='ltr' id='par_1_97' title="bbox 445 4899 2092 4975">
     <span class='ocr_line' id='line_1_98' title="bbox 445 4899 2092 4975; baseline -0.002 -17"><span class='ocrx_word' id='word_1_591' title='bbox 445 4901 509 4958; x_wconf 85' lang='lat' dir='ltr'>Ut</span> <span class='ocrx_word' id='word_1_592' title='bbox 536 4899 898 4972; x_wconf 80' lang='lat' dir='ltr'>inﬂigendam</span> <span class='ocrx_word' id='word_1_593' title='bbox 928 4900 1191 4975; x_wconf 80' lang='lat' dir='ltr'>0rtwino_</span> <span class='ocrx_word' id='word_1_594' title='bbox 1214 4902 1525 4975; x_wconf 73' lang='lat' dir='ltr'>presbytero</span> <span class='ocrx_word' id='word_1_595' title='bbox 1568 4918 1785 4975; x_wconf 77' lang='lat' dir='ltr'>panem</span> <span class='ocrx_word' id='word_1_596' title='bbox 1831 4903 2092 4972; x_wconf 84' lang='lat' dir='ltr'>tantisper</span> 
     </span>
    </p>
   </div>
   <div class='ocr_carea' id='block_1_98' title="bbox 1159 4973 1380 5045">
    <p class='ocr_par' dir='ltr' id='par_1_98' title="bbox 1159 4973 1380 5045">
     <span class='ocr_line' id='line_1_99' title="bbox 1159 4973 1380 5045; baseline 0.005 -18"><span class='ocrx_word' id='word_1_597' title='bbox 1159 4973 1380 5045; x_wconf 77' lang='lat' dir='ltr'>differat</span> 
     </span>
    </p>
   </div>
   <div class='ocr_carea' id='block_1_99' title="bbox 507 5060 2095 5136">
    <p class='ocr_par' dir='ltr' id='par_1_99' title="bbox 507 5060 2095 5136">
     <span class='ocr_line' id='line_1_100' title="bbox 507 5060 2095 5136; baseline -0.001 -21"><span class='ocrx_word' id='word_1_598' title='bbox 507 5060 572 5115; x_wconf 87' lang='lat' dir='ltr'>G.</span> <span class='ocrx_word' id='word_1_599' title='bbox 587 5060 931 5118; x_wconf 89' lang='lat' dir='ltr'>Venerando</span> <span class='ocrx_word' id='word_1_600' title='bbox 955 5060 1455 5134; x_wconf 86' lang='lat' dir='ltr'>archipresbytero</span> <span class='ocrx_word' id='word_1_601' title='bbox 1471 5062 1566 5118; x_wconf 87' lang='lat' dir='ltr'>W.</span> <span class='ocrx_word' id='word_1_602' title='bbox 1585 5061 2095 5136; x_wconf 78' lang='lat' dir='ltr'>Phyuhtwangcu-</span> 
     </span>
    </p>
   </div>
   <div class='ocr_carea' id='block_1_100' title="bbox 449 5148 2096 5224">
    <p class='ocr_par' dir='ltr' id='par_1_100' title="bbox 449 5148 2096 5224">
     <span class='ocr_line' id='line_1_101' title="bbox 449 5148 2096 5224; baseline -0.002 -22"><span class='ocrx_word' id='word_1_603' title='bbox 449 5148 528 5204; x_wconf 87' lang='lat' dir='ltr'>sis</span> <span class='ocrx_word' id='word_1_604' title='bbox 558 5149 827 5206; x_wconf 87' lang='lat' dir='ltr'>Ecclesia</span> <span class='ocrx_word' id='word_1_605' title='bbox 871 5152 1136 5224; x_wconf 89' lang='lat' dir='ltr'>provisor</span> <span class='ocrx_word' id='word_1_606' title='bbox 1164 5148 1445 5220; x_wconf 88' lang='lat' dir='ltr'>indignus</span> <span class='ocrx_word' id='word_1_607' title='bbox 1476 5149 1724 5207; x_wconf 86' lang='lat' dir='ltr'>salutem</span> <span class='ocrx_word' id='word_1_608' title='bbox 1755 5151 1816 5205; x_wconf 93' lang='lat' dir='ltr'>in</span> <span class='ocrx_word' id='word_1_609' title='bbox 1847 5148 2096 5204; x_wconf 89' lang='lat' dir='ltr'>Christo.</span> 
     </span>
    </p>
   </div>
   <div class='ocr_carea' id='block_1_101' title="bbox 517 5235 2094 5312">
    <p class='ocr_par' dir='ltr' id='par_1_101' title="bbox 517 5235 2094 5312">
     <span class='ocr_line' id='line_1_102' title="bbox 517 5235 2094 5312; baseline 0.001 -22"><span class='ocrx_word' id='word_1_610' title='bbox 517 5235 848 5295; x_wconf 87' lang='lat' dir='ltr'>Ortwinum</span> <span class='ocrx_word' id='word_1_611' title='bbox 868 5241 1275 5312; x_wconf 77' lang='lat' dir='ltr'>presbyterum</span> <span class='ocrx_word' id='word_1_612' title='bbox 1293 5240 1484 5293; x_wconf 89' lang='lat' dir='ltr'>vestro</span> <span class='ocrx_word' id='word_1_613' title='bbox 1503 5237 1879 5310; x_wconf 88' lang='lat' dir='ltr'>discipulatui</span> <span class='ocrx_word' id='word_1_614' title='bbox 1902 5237 2094 5307; x_wconf 86' lang='lat' dir='ltr'>subje-</span> 
     </span>
    </p>
   </div>
   <div class='ocr_carea' id='block_1_102' title="bbox 441 5325 2090 5399">
    <p class='ocr_par' dir='ltr' id='par_1_102' title="bbox 441 5325 2090 5399">
     <span class='ocr_line' id='line_1_103' title="bbox 441 5325 2090 5399; baseline -0.001 -17"><span class='ocrx_word' id='word_1_615' title='bbox 441 5330 599 5383; x_wconf 89' lang='lat' dir='ltr'>ctum</span> <span class='ocrx_word' id='word_1_616' title='bbox 630 5328 966 5387; x_wconf 87' lang='lat' dir='ltr'>audivimus</span> <span class='ocrx_word' id='word_1_617' title='bbox 997 5329 1058 5386; x_wconf 91' lang='lat' dir='ltr'>in</span> <span class='ocrx_word' id='word_1_618' title='bbox 1081 5346 1182 5386; x_wconf 91' lang='lat' dir='ltr'>vos</span> <span class='ocrx_word' id='word_1_619' title='bbox 1199 5345 1328 5385; x_wconf 87' lang='lat' dir='ltr'>esse</span> <span class='ocrx_word' id='word_1_620' title='bbox 1348 5325 1722 5399; x_wconf 87' lang='lat' dir='ltr'>culpabilem.</span> <span class='ocrx_word' id='word_1_621' title='bbox 1737 5327 1806 5381; x_wconf 86' lang='lat' dir='ltr'>Et</span> <span class='ocrx_word' id='word_1_622' title='bbox 1828 5343 1942 5383; x_wconf 93' lang='lat' dir='ltr'>non</span> <span class='ocrx_word' id='word_1_623' title='bbox 1966 5341 2090 5382; x_wconf 88' lang='lat' dir='ltr'>mo-</span> 
     </span>
    </p>
   </div>
   <div class='ocr_carea' id='block_1_103' title="bbox 439 5412 2092 5491">
    <p class='ocr_par' dir='ltr' id='par_1_103' title="bbox 439 5412 2092 5491">
     <span class='ocr_line' id='line_1_104' title="bbox 439 5412 2092 5491; baseline 0 -21"><span class='ocrx_word' id='word_1_624' title='bbox 439 5415 638 5473; x_wconf 92' lang='lat' dir='ltr'>dicum</span> <span class='ocrx_word' id='word_1_625' title='bbox 669 5419 993 5489; x_wconf 88' lang='lat' dir='ltr'>doluimus,</span> <span class='ocrx_word' id='word_1_626' title='bbox 1029 5417 1170 5491; x_wconf 90' lang='lat' dir='ltr'>quia</span> <span class='ocrx_word' id='word_1_627' title='bbox 1195 5416 1464 5475; x_wconf 88' lang='lat' dir='ltr'>videlicet</span> <span class='ocrx_word' id='word_1_628' title='bbox 1495 5431 1600 5471; x_wconf 93' lang='lat' dir='ltr'>nec</span> <span class='ocrx_word' id='word_1_629' title='bbox 1631 5429 1736 5468; x_wconf 90' lang='lat' dir='ltr'>nos</span> <span class='ocrx_word' id='word_1_630' title='bbox 1766 5413 1942 5470; x_wconf 88' lang='lat' dir='ltr'>habet</span> <span class='ocrx_word' id='word_1_631' title='bbox 1962 5412 2092 5486; x_wconf 88' lang='lat' dir='ltr'>pla-</span> 
     </span>
    </p>
   </div>
   <div class='ocr_carea' id='block_1_104' title="bbox 442 5500 2094 5576">
    <p class='ocr_par' dir='ltr' id='par_1_104' title="bbox 442 5500 2094 5576">
     <span class='ocr_line' id='line_1_105' title="bbox 442 5500 2094 5576; baseline -0.003 -15"><span class='ocrx_word' id='word_1_632' title='bbox 442 5510 660 5576; x_wconf 87' lang='lat' dir='ltr'>catum,</span> <span class='ocrx_word' id='word_1_633' title='bbox 695 5507 745 5564; x_wconf 91' lang='lat' dir='ltr'>si</span> <span class='ocrx_word' id='word_1_634' title='bbox 775 5525 879 5564; x_wconf 90' lang='lat' dir='ltr'>vos</span> <span class='ocrx_word' id='word_1_635' title='bbox 919 5507 1096 5564; x_wconf 52' lang='lat' dir='ltr'>habet</span> <span class='ocrx_word' id='word_1_636' title='bbox 1126 5508 1435 5564; x_wconf 73' lang='lat' dir='ltr'>offensum.</span> <span class='ocrx_word' id='word_1_637' title='bbox 1479 5505 1592 5563; x_wconf 89' lang='lat' dir='ltr'>Sed</span> <span class='ocrx_word' id='word_1_638' title='bbox 1639 5500 1781 5574; x_wconf 90' lang='lat' dir='ltr'>quia</span> <span class='ocrx_word' id='word_1_639' title='bbox 1830 5501 2094 5574; x_wconf 84' lang='lat' dir='ltr'>synodali</span> 
     </span>
    </p>
   </div>
   <div class='ocr_carea' id='block_1_105' title="bbox 438 5590 2093 5670">
    <p class='ocr_par' dir='ltr' id='par_1_105' title="bbox 438 5590 2093 5670">
     <span class='ocr_line' id='line_1_106' title="bbox 438 5590 2093 5670; baseline -0.001 -18"><span class='ocrx_word' id='word_1_640' title='bbox 438 5611 689 5654; x_wconf 86' lang='lat' dir='ltr'>censura</span> <span class='ocrx_word' id='word_1_641' title='bbox 709 5596 1013 5653; x_wconf 91' lang='lat' dir='ltr'>convictus</span> <span class='ocrx_word' id='word_1_642' title='bbox 1038 5600 1129 5654; x_wconf 90' lang='lat' dir='ltr'>est</span> <span class='ocrx_word' id='word_1_643' title='bbox 1151 5615 1286 5656; x_wconf 90' lang='lat' dir='ltr'>reus</span> <span class='ocrx_word' id='word_1_644' title='bbox 1308 5590 1882 5670; x_wconf 81' lang='lat' dir='ltr'>cxstitisse,petimus</span> <span class='ocrx_word' id='word_1_645' title='bbox 1912 5591 2093 5668; x_wconf 84' lang='lat' dir='ltr'>pieta-</span> 
     </span>
    </p>
   </div>
   <div class='ocr_carea' id='block_1_106' title="bbox 435 5681 2094 5762">
    <p class='ocr_par' dir='ltr' id='par_1_106' title="bbox 435 5681 2094 5762">
     <span class='ocr_line' id='line_1_107' title="bbox 435 5681 2094 5762; baseline -0.002 -17"><span class='ocrx_word' id='word_1_646' title='bbox 435 5691 556 5745; x_wconf 84' lang='lat' dir='ltr'>tem</span> <span class='ocrx_word' id='word_1_647' title='bbox 605 5689 882 5758; x_wconf 88' lang='lat' dir='ltr'>vestram,</span> <span class='ocrx_word' id='word_1_648' title='bbox 918 5689 982 5743; x_wconf 87' lang='lat' dir='ltr'>ut</span> <span class='ocrx_word' id='word_1_649' title='bbox 1031 5686 1272 5745; x_wconf 86' lang='lat' dir='ltr'>modum</span> <span class='ocrx_word' id='word_1_650' title='bbox 1319 5683 1692 5762; x_wconf 73' lang='lat' dir='ltr'>panitentia,</span> <span class='ocrx_word' id='word_1_651' title='bbox 1727 5681 1840 5745; x_wconf 87' lang='lat' dir='ltr'>sibi</span> <span class='ocrx_word' id='word_1_652' title='bbox 1887 5681 2094 5742; x_wconf 87' lang='lat' dir='ltr'>merito</span> 
     </span>
    </p>
   </div>
   <div class='ocr_carea' id='block_1_107' title="bbox 2199 4680 3038 4815">
    <p class='ocr_par' dir='ltr' id='par_1_107' title="bbox 2199 4680 3038 4815">
     <span class='ocr_line' id='line_1_108' title="bbox 2199 4680 3038 4815; baseline -0.011 -71"><span class='ocrx_word' id='word_1_653' title='bbox 2199 4689 2314 4744; x_wconf 88' lang='lat' dir='ltr'>mio</span> <span class='ocrx_word' id='word_1_654' title='bbox 2349 4682 2733 4741; x_wconf 52' lang='lat' dir='ltr'>ha‘reditario.</span> <span class='ocrx_word' id='word_1_655' title='bbox 2766 4680 3038 4815; x_wconf 54' lang='lat' dir='ltr'>Valeteiu</span> 
     </span>
    </p>
   </div>
   <div class='ocr_carea' id='block_1_108' title="bbox 2392 4847 3648 4902">
    <p class='ocr_par' dir='ltr' id='par_1_108' title="bbox 2392 4847 3648 4902">
     <span class='ocr_line' id='line_1_109' title="bbox 2392 4847 3648 4902; baseline -0.012 0"><span class='ocrx_word' id='word_1_656' title='bbox 2392 4863 2463 4902; x_wconf 79' lang='lat' dir='ltr'>AD</span> <span class='ocrx_word' id='word_1_657' title='bbox 2505 4859 2832 4902; x_wconf 82' lang='lat' dir='ltr'>LUITOLDUM</span> <span class='ocrx_word' id='word_1_658' title='bbox 2871 4854 3198 4896; x_wconf 80' lang='lat' dir='ltr'>EPISCOPUM</span> <span class='ocrx_word' id='word_1_659' title='bbox 3235 4847 3648 4890; x_wconf 77' lang='lat' dir='ltr'><strong>AUGUSTANUM.</strong></span> 
     </span>
    </p>
   </div>
   <div class='ocr_carea' id='block_1_109' title="bbox 2335 4931 3708 5018">
    <p class='ocr_par' dir='ltr' id='par_1_109' title="bbox 2335 4931 3708 5018">
     <span class='ocr_line' id='line_1_110' title="bbox 2335 4931 3708 5018; baseline -0.012 -16"><span class='ocrx_word' id='word_1_660' title='bbox 2335 4947 2409 5002; x_wconf 84' lang='lat' dir='ltr'><strong>De</strong></span> <span class='ocrx_word' id='word_1_661' title='bbox 2456 4944 2682 5018; x_wconf 79' lang='lat' dir='ltr'>injuriis</span> <span class='ocrx_word' id='word_1_662' title='bbox 2724 4941 2835 4996; x_wconf 87' lang='lat' dir='ltr'>sibi</span> <span class='ocrx_word' id='word_1_663' title='bbox 2876 4955 2912 4994; x_wconf 86' lang='grc' dir='ltr'><em>α</em></span> <span class='ocrx_word' id='word_1_664' title='bbox 2958 4931 3225 4992; x_wconf 82' lang='lat' dir='ltr'>Rihhardi</span> <span class='ocrx_word' id='word_1_665' title='bbox 3269 4931 3386 5002; x_wconf 80' lang='lat' dir='ltr'>ﬁlio</span> <span class='ocrx_word' id='word_1_666' title='bbox 3436 4932 3708 5005; x_wconf 78' lang='lat' dir='ltr'>irrogatis.</span> 
     </span>
    </p>
   </div>
   <div class='ocr_carea' id='block_1_110' title="bbox 2277 5029 3849 5105">
    <p class='ocr_par' dir='ltr' id='par_1_110' title="bbox 2277 5029 3849 5105">
     <span class='ocr_line' id='line_1_111' title="bbox 2277 5029 3849 5105; baseline -0.01 -5"><span class='ocrx_word' id='word_1_667' title='bbox 2277 5046 2340 5100; x_wconf 91' lang='lat' dir='ltr'>L.</span> <span class='ocrx_word' id='word_1_668' title='bbox 2372 5040 2722 5099; x_wconf 82' lang='lat' dir='ltr'>Prasulatus</span> <span class='ocrx_word' id='word_1_669' title='bbox 2752 5035 2944 5093; x_wconf 83' lang='lat' dir='ltr'>ofﬁcio</span> <span class='ocrx_word' id='word_1_670' title='bbox 2967 5029 3167 5087; x_wconf 85' lang='lat' dir='ltr'>coclica</span> <span class='ocrx_word' id='word_1_671' title='bbox 3187 5029 3535 5104; x_wconf 89' lang='lat' dir='ltr'>prasulante</span> <span class='ocrx_word' id='word_1_672' title='bbox 3554 5031 3744 5105; x_wconf 89' lang='lat' dir='ltr'>gratia</span> <span class='ocrx_word' id='word_1_673' title='bbox 3764 5029 3849 5086; x_wconf 83' lang='lat' dir='ltr'>in-</span> 
     </span>
    </p>
   </div>
   <div class='ocr_carea' id='block_1_111' title="bbox 2209 5118 3846 5208">
    <p class='ocr_par' dir='ltr' id='par_1_111' title="bbox 2209 5118 3846 5208">
     <span class='ocr_line' id='line_1_112' title="bbox 2209 5118 3846 5208; baseline -0.012 -16"><span class='ocrx_word' id='word_1_674' title='bbox 2209 5134 2446 5208; x_wconf 85' lang='lat' dir='ltr'>signito,</span> <span class='ocrx_word' id='word_1_675' title='bbox 2482 5132 2660 5186; x_wconf 90' lang='lat' dir='ltr'>frater</span> <span class='ocrx_word' id='word_1_676' title='bbox 2703 5126 2800 5180; x_wconf 87' lang='lat' dir='ltr'>W.</span> <span class='ocrx_word' id='word_1_677' title='bbox 2837 5120 3260 5194; x_wconf 86' lang='lat' dir='ltr'>praordinatus</span> <span class='ocrx_word' id='word_1_678' title='bbox 3307 5118 3846 5208; x_wconf 81' lang='lat' dir='ltr'>Phyuhtwangensi</span> 
     </span>
    </p>
   </div>
   <div class='ocr_carea' id='block_1_112' title="bbox 2198 5207 3846 5285">
    <p class='ocr_par' dir='ltr' id='par_1_112' title="bbox 2198 5207 3846 5285">
     <span class='ocr_line' id='line_1_113' title="bbox 2198 5207 3846 5285; baseline -0.01 -5"><span class='ocrx_word' id='word_1_679' title='bbox 2198 5219 2572 5283; x_wconf 88' lang='lat' dir='ltr'>monasterio,</span> <span class='ocrx_word' id='word_1_680' title='bbox 2605 5210 2891 5285; x_wconf 88' lang='lat' dir='ltr'>quidquid</span> <span class='ocrx_word' id='word_1_681' title='bbox 2925 5228 3127 5268; x_wconf 86' lang='lat' dir='ltr'>servus</span> <span class='ocrx_word' id='word_1_682' title='bbox 3157 5209 3518 5268; x_wconf 90' lang='lat' dir='ltr'>devotissimi</span> <span class='ocrx_word' id='word_1_683' title='bbox 3561 5207 3846 5264; x_wconf 85' lang='lat' dir='ltr'>oraminis</span> 
     </span>
    </p>
   </div>
   <div class='ocr_carea' id='block_1_113' title="bbox 2199 5295 3846 5376">
    <p class='ocr_par' dir='ltr' id='par_1_113' title="bbox 2199 5295 3846 5376">
     <span class='ocr_line' id='line_1_114' title="bbox 2199 5295 3846 5376; baseline -0.01 -8"><span class='ocrx_word' id='word_1_684' title='bbox 2199 5312 2285 5368; x_wconf 91' lang='lat' dir='ltr'>vel</span> <span class='ocrx_word' id='word_1_685' title='bbox 2362 5301 2763 5365; x_wconf 83' lang='lat' dir='ltr'>famulaminis</span> <span class='ocrx_word' id='word_1_686' title='bbox 2820 5301 3066 5358; x_wconf 90' lang='lat' dir='ltr'>Domino</span> <span class='ocrx_word' id='word_1_687' title='bbox 3134 5299 3547 5376; x_wconf 88' lang='lat' dir='ltr'>perpetualiter</span> <span class='ocrx_word' id='word_1_688' title='bbox 3602 5295 3846 5353; x_wconf 62' lang='lat' dir='ltr'>haeredi-</span> 
     </span>
    </p>
   </div>
   <div class='ocr_carea' id='block_1_114' title="bbox 2200 5408 2369 5464">
    <p class='ocr_par' dir='ltr' id='par_1_114' title="bbox 2200 5408 2369 5464">
     <span class='ocr_line' id='line_1_115' title="bbox 2200 5408 2369 5464; baseline -0.018 0"><span class='ocrx_word' id='word_1_689' title='bbox 2200 5408 2369 5464; x_wconf 88' lang='lat' dir='ltr'>tario.</span> 
     </span>
    </p>
   </div>
   <div class='ocr_carea' id='block_1_115' title="bbox 2272 5484 3846 5554">
    <p class='ocr_par' dir='ltr' id='par_1_115' title="bbox 2272 5484 3846 5554">
     <span class='ocr_line' id='line_1_116' title="bbox 2272 5484 3846 5554; baseline -0.008 -2"><span class='ocrx_word' id='word_1_690' title='bbox 2272 5496 2510 5554; x_wconf 90' lang='lat' dir='ltr'>Detersa</span> <span class='ocrx_word' id='word_1_691' title='bbox 2539 5491 2717 5548; x_wconf 89' lang='lat' dir='ltr'>totius</span> <span class='ocrx_word' id='word_1_692' title='bbox 2750 5487 3240 5548; x_wconf 88' lang='lat' dir='ltr'>murmurationis</span> <span class='ocrx_word' id='word_1_693' title='bbox 3266 5485 3567 5545; x_wconf 89' lang='lat' dir='ltr'>occasione</span> <span class='ocrx_word' id='word_1_694' title='bbox 3587 5484 3846 5542; x_wconf 79' lang='lat' dir='ltr'>cordate-</span> 
     </span>
    </p>
   </div>
   <div class='ocr_carea' id='block_1_116' title="bbox 2204 5573 3847 5660">
    <p class='ocr_par' dir='ltr' id='par_1_116' title="bbox 2204 5573 3847 5660">
     <span class='ocr_line' id='line_1_117' title="bbox 2204 5573 3847 5660; baseline -0.012 -12"><span class='ocrx_word' id='word_1_695' title='bbox 2204 5604 2316 5648; x_wconf 88' lang='lat' dir='ltr'>nus</span> <span class='ocrx_word' id='word_1_696' title='bbox 2345 5586 2680 5660; x_wconf 82' lang='lat' dir='ltr'>frequenter</span> <span class='ocrx_word' id='word_1_697' title='bbox 2708 5583 3055 5641; x_wconf 87' lang='lat' dir='ltr'>revolvimus</span> <span class='ocrx_word' id='word_1_698' title='bbox 3087 5577 3304 5636; x_wconf 81' lang='lat' dir='ltr'>ﬂebilia</span> <span class='ocrx_word' id='word_1_699' title='bbox 3331 5576 3608 5644; x_wconf 86' lang='lat' dir='ltr'>lamenta,</span> <span class='ocrx_word' id='word_1_700' title='bbox 3630 5573 3847 5646; x_wconf 81' lang='lat' dir='ltr'>quibus</span> 
     </span>
    </p>
   </div>
   <div class='ocr_carea' id='block_1_117' title="bbox 2205 5662 3854 5745">
    <p class='ocr_par' dir='ltr' id='par_1_117' title="bbox 2205 5662 3854 5745">
     <span class='ocr_line' id='line_1_118' title="bbox 2205 5662 3854 5745; baseline -0.01 -2"><span class='ocrx_word' id='word_1_701' title='bbox 2205 5680 2452 5743; x_wconf 74' lang='lat' dir='ltr'>Hebraeae</span> <span class='ocrx_word' id='word_1_702' title='bbox 2480 5682 2720 5745; x_wconf 77' lang='lat' dir='ltr'>caterva</span> <span class='ocrx_word' id='word_1_703' title='bbox 2751 5673 3002 5737; x_wconf 85' lang='lat' dir='ltr'>nimium</span> <span class='ocrx_word' id='word_1_704' title='bbox 3036 5669 3291 5740; x_wconf 85' lang='lat' dir='ltr'>doluere,</span> <span class='ocrx_word' id='word_1_705' title='bbox 3311 5669 3547 5745; x_wconf 80' lang='lat' dir='ltr'>Moysen</span> <span class='ocrx_word' id='word_1_706' title='bbox 3566 5667 3623 5724; x_wconf 88' lang='lat' dir='ltr'>et</span> <span class='ocrx_word' id='word_1_707' title='bbox 3656 5662 3854 5745; x_wconf 62' lang='lat' dir='ltr'>Aaropj</span> 
     </span>
    </p>
   </div>
  </div>
