4148 6184
371 409 452 482 is
1470 393 1882 470 HELPERICI
1927 405 2278 472 MONACHI
2322 407 2386 468 s.
2437 408 2683 470 GALLI.
2951 396 2958 402 '
3685 411 3778 490 “re

375 555 438 596 se
465 539 643 597 fetere
663 539 870 599 fecisse
899 555 1096 598 coram
1128 539 1425 598 Pharaone
1455 545 1512 596 et
1539 539 1843 614 Egyptiis,
1877 540 2020 596 dum
2047 540 2105 610 Α
2130 539 2332 614 inopia
2361 541 2643 598 frumenti
2675 557 2862 614 nuper
2905 541 3070 597 vobis
3117 541 3418 616 incassum
3455 541 3776 616 demanda-

377 629 637 702 quotidie
660 633 719 686 et
745 629 858 704 ipsi
889 629 1230 688 durioribus
1263 629 1392 686 dive
1403 647 1634 688 rsarnm
1655 629 2022 688 sarcinarum

377 717 668 791 premitur
697 718 1046 792 opprobriis.
1082 718 1352 776 Cruentis
1399 717 1740 776 vulneribus
1780 717 2024 775 sauciati

375 805 807 880 querimoniam
837 808 1164 867 feceramus
1194 809 1266 864 de
1309 808 1676 864 multimodis
1726 806 1960 878 injuriis
1992 823 2027 860 a

374 896 496 952 lilio
527 896 812 953 Rihhardi
845 896 1014 955 nobis
1045 914 1196 970 saepe
1219 897 1432 970 saepius
1455 899 1794 969 arroganter
1812 895 2027 968 irroga-

377 985 475 1053 tis,
493 1003 600 1042 nec
620 985 800 1042 ullam
825 986 1296 1044 emendationem
1327 986 1562 1057 penitus
1594 983 2022 1054 sentiebamus;

373 1075 472 1130 sed
507 1079 744 1146 propter
763 1075 894 1143 hoc,
913 1074 1068 1145 quod
1090 1073 1256 1128 vobis
1279 1072 1501 1128 causati
1533 1090 1762 1140 sumus,
1777 1070 2024 1128 odibiles

371 1162 684 1218 existimus
717 1161 993 1218 omnibus
1043 1159 1251 1217 incolis
1300 1160 1459 1217 illius
1507 1161 1783 1234 regionis.
1817 1159 2025 1216 Nullus

371 1251 528 1308 enim
579 1256 759 1321 amat,
794 1249 996 1308 nullus
1044 1254 1383 1318 veneratur;
1416 1249 1556 1321 qnia
1605 1247 1801 1304 nullus
1859 1249 2026 1304 timet

370 1345 782 1414 supratonsus,
815 1356 920 1397 nec
951 1339 1404 1405 circumtonsus,
1436 1355 1541 1394 nec
1572 1337 1755 1394 Deum
1787 1354 1892 1392 nec
1917 1337 2023 1392 ho-

370 1430 612 1486 minem.
647 1428 855 1487 Cuncti
886 1446 992 1485 nos
1042 1425 1478 1484 inimicabiliter
1527 1425 1938 1504 insequuntur,
1969 1429 2027 1480 et

370 1519 624 1576 maxime
659 1517 756 1575 ille
787 1517 1122 1592 praedictus,
1156 1515 1277 1588 qui,
1313 1519 1626 1588 postquam
1657 1531 1691 1570 a
1718 1513 1883 1570 vobis
1921 1513 2024 1568 do-

369 1627 532 1668 mum
591 1607 811 1666 reversi
862 1623 1094 1676 sumus,
1121 1607 1343 1678 majore
1389 1603 1716 1660 temeritate
1760 1602 2021 1670 inflatus,

367 1701 510 1774 quia
537 1699 788 1756 civicum
830 1694 1192 1770 adiutorium
1224 1712 1342 1752 non
1373 1693 1692 1762 invenerat,
1707 1708 2024 1766 congrega-

363 1793 528 1846 verat
555 1787 932 1859 Suevigenas,
951 1801 1100 1860 quos
1133 1787 1380 1857 poterat,
1397 1786 1454 1840 et
1473 1785 1644 1856 prata
1671 1785 1872 1838 nostra
1887 1797 2022 1838 cum

367 1894 572 1937 eorum
601 1875 769 1949 equis
801 1892 870 1932 ex
903 1874 1162 1932 maxima
1191 1876 1354 1946 parte
1383 1872 1665 1944 depastus
1703 1875 1822 1940 est;
1854 1869 2018 1926 illam
2045 1915 2095 1984 Β

498 1983 505 1984 ,
528 1982 575 1984 η-
625 1968 827 1984 ,_,,,,1_,,
868 1979 1032 1984 _______.
1063 1961 1280 1984 _.__II__._.
1309 1961 1594 1984 L_L-_.___
1630 1959 1796 1984 -13-...
1841 1975 2012 1984 ..η-Α...

370 1982 606 2040 aquam,
624 1968 832 2038 praeter
861 1979 1040 2037 quam
1063 1961 1286 2018 nullam
1309 1961 1596 2018 habemus
1627 1959 2018 2034 aliam,quam

369 2055 422 2114 ci
453 2071 607 2128 saepe
637 2051 1068 2122 interdiximus,
1101 2050 1419 2124 exspiscari
1450 2049 1659 2106 furtive
1689 2055 1746 2105 et
1793 2047 2028 2122 publice

369 2162 488 2204 non
509 2142 816 2201 cessat.De
836 2141 932 2198 his
959 2139 1236 2198 omnibus
1265 2139 1495 2196 nullum
1521 2138 1815 2196 hubemus
1836 2137 2030 2194 defen-

371 2233 592 2294 sorem!
627 2231 767 2307 quia
785 2231 950 2288 vobis
980 2229 1275 2289 variarum
1312 2244 1508 2287 rerum
1543 2228 1776 2302 negotia
1803 2227 2028 2300 jugiter

370 2322 730 2390 allabuntur,
764 2323 1076 2392 nosterque
1107 2319 1424 2374 advocatus
1472 2315 1734 2388 undique
1783 2315 1855 2372 ab
1887 2314 2024 2372 hos-

371 2413 523 2468 tium
556 2408 786 2466 insidiis
817 2409 1090 2466 detentus
1109 2407 1491 2473 dilaceratur;
1525 2410 1582 2462 et
1601 2405 1729 2461 ideo
1753 2423 1789 2460 a
1820 2408 2023 2460 neutro

369 2499 594 2558 defensi
644 2498 783 2554 hinc
827 2496 964 2552 inde
1012 2494 1426 2552 miserabiliter
1455 2511 1490 2550 a
1527 2493 1630 2550 tali
1671 2509 2024 2566 quassamus

377 2587 640 2658 homullo
687 2587 789 2659 (ita
816 2585 958 2659 cod.)
989 2590 1188 2642 tamen
1237 2600 1274 2640 a
1317 2581 1517 2656 Capite
1564 2582 1742 2656 Regio
1789 2581 2023 2638 defendi

371 2679 595 2750 absque
614 2673 984 2734 dubitatione
1013 2689 1343 2754 speramus.
1376 2671 1596 2728 Valete.

1137 2772 1258 2829 XII.

1001 2886 1074 2926 AD
1113 2885 1380 2926 ευΜοιΜ.

476 2973 793 3028 Extremam
820 2985 1054 3026 αηηοηιε
1075 2969 1371 3040 penuriam
1398 2969 1514 3039 ejus
1547 2965 1917 3036 beneﬁcientia

889 3039 1279 3096 sublevandam
1307 3046 1508 3111 sperat.

437 3139 698 3196 Antistiti
759 3138 822 3194 L.
883 3137 1022 3211 (cod.
1071 3138 1144 3208 1.,
1176 3136 1288 3205 sed,
1321 3145 1385 3194 ut
1437 3135 1672 3202 videtur,
1721 3135 2019 3207 mendose,)

367 3227 547 3286 tutori
574 3229 676 3286 Dei
725 3226 997 3284 Ecclesia:
1047 3225 1333 3284 catholico
1371 3224 1613 3299 pastori,
1643 3223 1740 3280 W.
1775 3223 2018 3281 humilis

367 3317 693 3388 homullus,
726 3317 932 3374 devota
962 3315 1167 3373 munia
1209 3313 1549 3372 sedulorum
1600 3313 2020 3386 praeeaminum
2050 3290 2094 3360 (ἶ

359 3406 430 3464 .in
459 3405 710 3466 Christo.

437 3495 622 3554 Solita
639 3495 951 3554 sedulitate
972 3493 1345 3568 loquacitatis
1365 3493 1574 3568 inepta:
1592 3493 1786 3551 nimias
1808 3491 2023 3550 insisti-

365 3600 501 3642 mus
555 3585 764 3658 grandi
807 3584 1094 3658 petitioni,
1125 3583 1414 3657 valdeque
1461 3581 1706 3656 grandia
1743 3581 2018 3654 petimus,

367 3673 508 3747 quia
533 3691 636 3732 vos
667 3673 912 3749 grandia
937 3673 1140 3748 largiri
1171 3690 1360 3746 usque
1393 3673 1568 3730 modo
1597 3670 2016 3728 sentiebamus.

363 3764 583 3828 ,Sericis
611 3764 849 3832 tunicis,
882 3780 1031 3837 quas
1062 3779 1249 3835 usque
1277 3778 1434 3818 nunc
1480 3761 1552 3818 ob
1591 3759 2020 3831 eleemosynam

365 3855 543 3910 vestri
574 3853 936 3912 sufficienter
959 3853 1346 3920 habebamus,
1366 3851 1538 3909 modo
1569 3867 1686 3906 non
1707 3849 2018 3918 habemus,

367 3943 480 4002 nisi
516 3942 734 4016 singuli
763 3943 974 3999 fratres
1001 3940 1546 4014 singulas,ipsaque
1565 3943 1852 3995 vetustate
1874 3953 2021 4008 pene

367 4034 768 4102 consumptas.
801 4030 975 4086 Nullo
1005 4030 1161 4086 enim
1210 4029 1428 4086 femina
1452 4033 1643 4085 vestro
1667 4029 1804 4099 jure
1851 4023 2019 4082 nobis

367 4134 647 4176 concessa
686 4116 1010 4174 laniﬁcium
1042 4120 1344 4190 operatur;
1379 4117 1519 4188 quia
1537 4113 1818 4171 utincola:
1841 4111 2022 4184 regio-

367 4207 461 4268 nis
491 4209 810 4278 decertant,
826 4204 988 4263 nullo
1019 4205 1192 4262 modo
1221 4203 1326 4259 tali
1351 4202 1474 4276 lege
1499 4199 2019 4274 infringuntur.De

2131 646 2424 700 voramus,
2455 630 2597 703 quia
2627 629 2809 704 priori
2839 647 2994 686 anno
3023 633 3188 685 terrm
3239 629 3592 704 infertilitas,
3625 631 3776 702 aeris

2131 719 2520 791 inaequalitas,
2535 724 2602 775 ut
2629 719 2802 776 etiam
2825 719 3010 779 horno
3032 718 3298 776 videmus
3318 719 3778 796 evenire,fruges

2131 808 2412 864 ditiorum
2459 808 2743 878 locorum,
2787 826 2914 882 qua:
2965 809 3024 865 in
3076 807 3418 880 alimoniam
3466 807 3776 878 habemus,

2132 897 2344 954 hiemis
2373 897 2678 972 asperitas,
2712 897 3054 972 pruinasque
3101 897 3455 956 mordacitas
3504 897 3780 970 utrinque

2133 987 2267 1060 plus
2295 1006 2474 1060 quam
2506 1005 2572 1044 ω(
2595 989 2808 1062 jugera
2835 987 3244 1053 decoxit.Quid
3271 986 3356 1044 illi
3385 985 3678 1044 familiolae
3699 987 3780 1043 fa-

2131 1075 2404 1136 ciendum
2435 1077 2530 1146 sit,
2565 1077 2882 1143 nescimus,
2915 1093 3043 1149 qua:
3075 1077 3211 1132 hinc
3261 1077 3396 1131 inde
3434 1075 3644 1150 vagula
3677 1093 3780 1149 per

2129 1165 2291 1222 varia
2309 1165 2634 1240 dissipatur
2659 1165 2804 1232 loca,
2838 1184 2952 1223 non
2981 1164 3207 1221 habens
3229 1162 3408 1222 debiti
3437 1162 3625 1220 victus
3655 1164 3776 1220 suf-

2132 1255 2450 1312 ﬁcientiam
2483 1254 2830 1312 necessaria.

2203 1345 2337 1399 Istis
2367 1343 2704 1417 creterisque
2732 1341 3140 1417 praetermissis
3171 1343 3240 1398 de
3261 1340 3597 1398 domesticis
3627 1359 3780 1399 com-

2131 1433 2406 1505 patiendo
2436 1433 2892 1504 tractamus,qui
2926 1450 3030 1488 nos
3060 1431 3320 1504 quotidie
3343 1430 3778 1488 conclamantes

2133 1523 2466 1593 pertubant,
2497 1521 2715 1578 victum
2745 1523 3140 1592 vestitumque
3170 1517 3540 1594 hyperbolice
3571 1536 3777 1594 expos-

2131 1615 2348 1678 centes,
2373 1615 2626 1668 sartores
2682 1609 2947 1666 videlicet
2992 1608 3258 1664 Ecclesiae
3319 1613 3781 1686 caeterorumque

2133 1699 2509 1756 mdificiorum
2569 1699 3014 1756 instauratores.
3049 1697 3172 1754 Duo
3221 1695 3399 1756 etiam
3449 1695 3591 1766 coci,
3625 1715 3780 1754 unus

2131 1785 2312 1862 ligna,
2345 1787 2492 1845 alter
2521 1786 2798 1863 colligens
2825 1785 3016 1854 olera;
3050 1786 3168 1841 duo
3194 1783 3466 1858 pistores,
3487 1784 3780 1842 bubulcus

2135 1881 2310 1949 atque
2329 1875 2634 1946 subulcus,
2650 1875 2972 1950 caprarius,
2987 1878 3186 1930 custos
3207 1889 3515 1946 equorum,
3529 1877 3777 1943 sutores,

2133 1964 2409 2034 lautores,
2434 1966 2766 2024 brazatores
2785 1961 3304 2038 (braxatores),qui
3335 1979 3494 2024 nunc
3523 1962 3782 2034 quotidie

2133 2053 2614 2112 vacant.Nullum
2637 2053 2796 2110 enim
2826 2051 3118 2125 hospitem
3147 2067 3466 2128 possumus
3487 2049 3782 2124 suscipere

2135 2148 2236 2199 aut
2265 2147 2406 2216 potu
2435 2144 2706 2202 reﬁcere:
2733 2143 2876 2216 quia
2893 2159 3010 2198 non
3029 2141 3314 2200 dederunt
3333 2139 3502 2216 nobis
3521 2139 3778 2210 brazam,

2134 2214 2378 2304 quibusj
2388 2214 3056 2304 usseratis.Pauperibus
3075 2245 3330 2301 namque
3344 2214 3445 2286 vos
3466 2227 3526 2284 in
3541 2227 3783 2286 eleemo—

2133 2337 2339 2393 synam
2371 2321 2836 2394 suscepimus,et
2865 2316 2978 2386 his,
2999 2319 3101 2391 qui
3131 2316 3268 2376 hinc
3299 2317 3434 2379 inde
3453 2317 3776 2388 conﬂuunt,

2135 2427 2250 2465 non
2295 2412 2582 2468 audemus
2641 2411 2928 2482 denegare
2985 2406 3212 2464 solatia.
3272 2405 3570 2463 Fratribus
3618 2405 3778 2461 omni

2133 2499 2389 2556 Sabbato
2419 2517 2524 2574 pro
2555 2497 2837 2556 charitate
2865 2496 3234 2554 miscendum
3255 2499 3390 2568 post
3414 2495 3775 2563 Mandatum,

2134 2589 2382 2660 aliisque
2410 2587 2662 2644 summis
2682 2587 2846 2644 festis
2875 2586 3315 2652 utendum,non
3342 2584 3638 2640 modicum
3661 2582 3781 2639 vini

2132 2677 2385 2751 empturi
2433 2693 2642 2733 sumus
2695 2691 2830 2732 cum
2875 2673 2975 2730 illa
3021 2672 3272 2745 pecunia
3325 2681 3502 2744 quam
3545 2671 3780 2744 utrique

2133 2767 2316 2825 nostri
2347 2766 2720 2824 dominorum
2751 2763 2946 2838 largiti
2977 2765 3138 2819 sunt.
3160 2761 3378 2818 Cretera
3406 2759 3780 2834 plurimaque

2133 2859 2190 2914 id
2221 2875 2430 2931 genus,
2463 2873 2593 2930 quae
2620 2857 2853 2924 desuut,
2878 2867 3183 2926 speramus
3228 2848 3527 2907 emendari
3547 2866 3583 2906 a
3611 2853 3774 2922 patre

2131 2946 2490 3014 monasterii,
2526 2961 2702 3018 quem
2729 2961 2832 3001 vos
2862 2958 2990 3000 esse
3020 2941 3382 3015 profitemur.
3415 2937 3634 2996 Valete.

2481 3169 2644 3220 IDEM,
2679 3167 2753 3207 UT
2781 3165 3048 3215 VIDETUR,
3081 3164 3153 3202 AD
3185 3162 3240 3203 Ο.
3276 3163 3343 3202 ET
3369 3163 3422 3201 Ε.

2309 3262 2451 3318 Petit
2476 3259 2872 3334 frequentiores
2904 3257 3114 3311 litteras
3143 3261 3194 3310 et
3219 3255 3313 3308 sui
3337 3267 3598 3309 amorem.

2202 3386 2592 3447 Dilectissimo
2623 3381 2782 3458 patri
2819 3382 2886 3439 G.
2919 3380 3228 3454 dignasque
3266 3375 3440 3434 matri
3489 3377 3552 3434 E.
3587 3374 3781 3433 senior

2129 3480 2224 3534 W.
2253 3477 2546 3549 fraterque
2567 3473 2771 3546 junior
2801 3487 2939 3540 aevo,
2973 3469 3223 3526 salutem
3255 3467 3314 3524 in
3345 3463 3613 3526 Domino.

2203 3567 2364 3636 Quod
2395 3565 2570 3638 longo
2597 3567 2860 3635 tempore
2889 3557 3099 3632 privati
3129 3571 3339 3612 sumus
3369 3556 3563 3612 vestro
3603 3550 3776 3610 cello-

2132 3659 2290 3732 quio,
2325 3655 2538 3729 saepius
2583 3653 2891 3710 tristamnr
2931 3659 3178 3706 mcerore
3226 3661 3342 3702 non
3399 3642 3648 3702 modico.
3679 3639 3779 3697 Ni-

2131 3729 2318 3804 mium
2349 3751 2548 3802 tamen
2579 3740 2784 3800 conﬁsi
2812 3743 3016 3795 vestra:
3047 3734 3248 3810 pietati
3280 3731 3424 3791 nihil
3445 3729 3605 3790 aliud
3625 3734 3784 3802 peta-

2132 3854 2268 3894 mus
2299 3836 2412 3892 nisi
2444 3831 2868 3906 plenitudinem
2900 3825 3204 3884 eharitatis
3235 3827 3291 3878 et
3330 3817 3776 3892 compatientiae,

2132 3942 2310 3999 quam
2343 3940 2574 3996 semper
2603 3923 2664 3975 in
2695 3919 2858 3975 vobis
2891 3916 3277 3972 habebamus.
3301 3907 3636 3999 Nihilaliud
3659 3921 3780 3999 ser-

2129 3993 2252 4071 vitii
2285 3993 2574 4068 habemus
2605 4025 2736 4080 prae.
2751 4005 3050 4062 manibus.
3066 4002 3186 4058 Hoc
3206 3999 3414 4057 scitote
3426 3997 3560 4056 sine
3577 3993 3777 4062 dubio,

2131 4103 2287 4176 quod
2313 4100 2536 4174 jugiter
2565 4077 2969 4170 supplicamus
2999 4095 3197 4148 coram
3227 4103 3464 4176 summo
3513 4085 3630 4144 Deo
3675 4097 3778 4156 pro
3889 4077 3898 4090 ⁸

2130 4175 2322 4250 vestra
2348 4185 2710 4247 beatitudine
2737 4185 2834 4242 hic
2860 4188 2917 4240 et
2948 4183 3008 4238 in
3041 4178 3204 4236 coelo.
3238 4175 3458 4235 Valete.

365 4350 3778 4444 Μ

1684 4559 1837 4601 ANNO
1876 4555 2084 4600 DOMINI
2121 4551 2463 4594 DCCCCLXXX.

957 5001 962 5007 ,
1154 4690 2840 4947 HELPEBICU

1639 5025 2068 5094 MONACHUS
2114 5025 2180 5086 S.
2229 5021 2482 5084 GALLI.

2778 5124 2790 5138 ο

1009 5261 1475 5353 ΝΟΤΙΤΙΑ
1531 5249 2022 5348 HISTOth

2138 5329 2141 5336 .
2195 5249 2311 5336 IN
2367 5238 3146 5334 HELPERICUM.

1397 5409 1606 5484 (Apud.
1641 5405 1867 5467 Fabric.
1901 5401 2178 5462 Biblioth.
2210 5399 2365 5458 med.
2397 5401 2456 5456 et
2484 5399 2588 5456 inf.
2624 5396 2774 5470 Lat.)

1868 5531 2293 5552 ﬂ

443 5651 750 5727 Helpricus,
803 5644 1076 5724 Elpricus,
1121 5640 1436 5716 Hulpricus,
1502 5638 1835 5712 Helpericus,
1893 5640 2018 5700 Ποῖ·
2048 5635 2100 5704 D
2129 5628 2648 5727 nachusprGa-lli,
2681 5625 2903 5727 ordipis
2933 5627 2992 5684 S.
3027 5623 3346 5727 Benedicti,
3376 5618 3531 5727 circa
3559 5628 3780 5727 annum

343 5751 348 5756 ’
365 5744 647 5826 πλαίσια-ς,
699 5740 1061 5820 Chilpericus,
1109 5733 1476 5813 Hilphericus,
1521 5727 1852 5807 Hilpericus,
1893 5746 2026 5796 mo-

2135 5727 2242 5788 980
2266 5721 2502 5798 scripsit
2529 5719 2748 5780 librum
2793 5718 2868 5780 De
2909 5723 3157 5792 computo
3198 5709 3572 5778 ecclesiastico,
3603 5717 3778 5778 quem
