4148 6184
443 260 529 335 1⁸1

1712 258 1946 333 LIBER
1989 269 2099 331 DE
2142 264 2548 335 COMPUTO.
3805 262 3885 335 18

441 378 1125 462 θᾱίἀὶῐΒθιιιιὸιιιᾶιιεῬθῑ
1149 395 1308 458 temo
1334 403 1382 459 ΙΙ
1402 404 1829 461 Αηθοάοιοιιιιιιι
1862 407 2024 475 parte
2052 419 2117 469 ιι,

2233 405 2523 474 signorum
2554 403 2632 479 (in
2664 403 2919 476 zodiaco)
2961 403 3274 478 Helpricum
3319 404 3449 479 lege.
3475 404 3549 461 At
3586 403 3743 465 enim
3787 406 3878 462 El-

442 482 593 570 pag.
618 494 898 567 182L222.
930 492 1085 549 Idem
1135 490 1285 548 liber
1313 498 1403 550 est
1431 492 1531 567 qui
1562 494 1622 550 in
1655 492 1782 550 aliis
1813 490 2123 548 codicibus

441 587 518 641 De
574 591 700 640 arte
763 580 1121 639 cdtcutatoria
1174 581 1538 639 inscribitur.
1593 582 1987 639 Praefationem
2039 580 2121 636 ad

441 661 709 747 Asprum,
743 672 1020 728 abbatem
1051 670 1171 727 sive
1203 671 1492 728 decanum
1526 670 1856 728 monasterii
1880 672 1939 726 S;
1963 670 2121 725 Ger-

443 763 611 821 mani
642 763 806 836 apud
829 759 1325 829 Antissiodorum,
1345 762 1605 817 ediderat
1636 759 2008 817 Mabillonius
2030 764 2123 814 to-

443 873 544 911 mo
576 854 599 909 Ι
628 850 897 918 Analect,
921 859 1055 923 pag.
1092 851 1197 906 113
1218 849 1509 922 (editionis
1541 867 1699 906 novae
1728 866 1858 923 pag.
1885 848 2010 921 431)
2048 864 2121 904 ex

443 943 646 999 codice
696 938 1067 996 bibliothecae
1115 938 1176 995 S.
1208 923 1599 996 Germani'de
1649 939 1852 1009 Pratis,
1887 939 1944 993 in
1995 954 2116 1011 quo

441 1030 799 1105 Helpericus
828 1028 938 1084 iste
967 1028 1178 1084 abbatis
1195 1028 1355 1084 venit
1374 1027 1564 1084 titulo.
1589 1030 1635 1084 A
1661 1029 1957 1102 Sigeberto
1979 1044 2111 1101 cap.

446 1123 555 1178 M5
582 1122 655 1176 de
688 1120 749 1175 S.
776 1119 843 1174 E.
870 1120 927 1174 et
947 1123 1006 1173 in
1037 1116 1325 1173 Chronico
1348 1117 1595 1174 refertur
1617 1119 1685 1174 ad
1709 1135 1929 1174 annum
1952 1118 2111 1174 1005.

442 1211 672 1267 Verum
704 1206 956 1279 exempli
983 1206 1180 1273 verba,
1213 1224 1340 1279 quae
1390 1207 1647 1274 adducit,
1679 1208 1737 1262 in
1769 1224 1902 1277 ms.,
1936 1224 2112 1280 quem

448 1297 711 1372 inspexit
733 1294 1131 1363 Mabillonius,
1159 1295 1586 1365 desiderantur,
1610 1297 1996 1370 videnturque
2018 1298 2115 1353 ad-

443 1390 572 1445 dita
603 1404 638 1443 a
670 1385 958 1458 scriptore
1001 1384 1240 1453 codicis,
1276 1400 1391 1456 quo
1440 1403 1583 1442 usus
1618 1389 1707 1442 est
1753 1387 2109 1460 Sigebertus.

438 1479 593 1535 Nam
626 1493 738 1531 nec
768 1474 831 1530 in
860 1473 1010 1529 Pezii
1055 1473 1311 1529 editione
1360 1473 1461 1530 illa
1501 1474 1751 1531 invenio.
1786 1475 2113 1531 Guilelmus

440 1568 515 1624 de
544 1563 806 1622 Concbis
850 1561 997 1619 libro
1030 1563 1203 1619 tertio
1237 1563 1596 1619 secundariae
1637 1564 1756 1619 sive
1789 1563 2010 1637 Dialogi
2041 1566 2112 1620 de

440 1652 830 1721 Substantiis,
854 1651 1020 1726 p.89.
1043 1651 1107 1707 Si
1128 1667 1323 1708 causas
1349 1655 1637 1709 nominum
1661 1654 1890 1711 illorum
1913 1656 2112 1726 quaeris

2230 494 2382 564 prici
2424 494 2676 552 monachi
2722 495 2965 567 epistola,
3008 511 3109 550 cur
3153 486 3409 551 natalitia
3452 493 3775 550 Sanctam
3819 498 3881 552 in

2239 583 2448 649 laetitia,
2487 586 2782 640 Parasceve
2808 601 2934 640 vero
2985 587 3046 639 in
3090 586 3317 641 tristitia
3362 570 3711 648 celebremus,
3748 598 3880 657 qua)

2236 672 2411 745 capiti
2444 676 2510 729 18
2537 673 2765 730 Alcuini
2795 675 2866 729 de
2897 674 3117 730 Divinis
3147 673 3368 731 Ofﬁciis
3399 673 3718 746 subjuncta
3744 672 3881 747 legi-

2234 764 2349 829 tur,
2373 761 2460 818 vel
2493 767 2624 835 post
2651 762 2878 819 Alcuini
2909 766 3175 836 tempora
3204 760 3469 830 accessit,
3492 759 3581 816 vel
3607 761 3655 816 si
3688 762 3759 818 ad
3788 762 3881 818 Al-

2234 850 2473 906 cuinum
2507 853 2723 923 scripta
2751 856 2858 919 est,
2895 849 3080 907 alium
3129 857 3303 924 atque
3336 849 3693 921 antiquirem
3743 852 3879 908 Hel-

2231 938 2494 1010 pericum
2526 940 2701 996 habet
2731 943 3049 995 auctorem.
3077 938 3435 996 Erithemius
3460 937 3607 995 libro
3630 942 3702 998 de
3725 942 3881 999 Viris

2228 1027 2558 1086 illustribus
2598 1027 2920 1086 Germaniae
2952 1045 3079 1101 cap.
3113 1045 3227 1084 xm
3272 1026 3643 1099 Helpericum
3684 1049 3883 1090 mona-

2229 1118 2405 1174 chum
2457 1120 2514 1175 S.
2551 1118 2718 1186 Galli,
2750 1134 2925 1190 quem
2979 1115 3423 1190 philosophum,
3475 1123 3880 1180 astronomum

2225 1213 2282 1264 et
2324 1212 2553 1281 poetam
2605 1206 3048 1264 celeberrimum
3098 1204 3375 1278 appellat,
3407 1209 3658 1266 testatur
3703 1212 3881 1270 etiam

2226 1297 2459 1354 liberum
2488 1298 2553 1353 de
2581 1297 2803 1363 Nasica,
2835 1300 2891 1353 et
2921 1297 3198 1368 quaedam
3230 1293 3490 1355 Carmina
3528 1300 3834 1376 scripsisse
3866 1320 3880 1361 :

2225 1391 2452 1444 aetatem
2485 1390 2612 1459 ejus
2644 1386 2733 1442 ibi‘
2757 1385 2929 1442 refert
2958 1386 3032 1441 ad
3066 1399 3295 1441 annum
3327 1387 3467 1443 1040
3498 1405 3511 1445 :
3545 1391 3645 1448 sed
3676 1391 3776 1449 lib.
3812 1394 3886 1452 de

2225 1475 2618 1548 Scriptoribus
2647 1472 3079 1530 Ecclesiasticis
3105 1488 3234 1546 cap.
3257 1475 3365 1535 325
3386 1480 3459 1537 ad
3480 1468 3701 1541 annum
3727 1485 3887 1544 1096.

2225 1563 2310 1621 Ita
2339 1570 2394 1621 et
2425 1564 2493 1632 II,
2525 1566 2616 1631 76,
2651 1562 2862 1619 illustr.
2894 1561 3271 1622 Benedictin.

440 1835 3898 1876 Μ

1623 1996 2718 2145 HELPEBICI

1759 2261 2049 2308 ΗΟΝΔΟΗῙ
2098 2261 2562 2309 SANGALLENSIS

1314 2428 1803 2558 LIBER
1896 2427 2108 2557 DE
2203 2374 3009 2565 COMPUTO

1494 2653 1673 2718 (Apud
1702 2654 1818 2713 Pez,
1850 2651 2011 2702 Thes.
2044 2652 2187 2704 Anec
2222 2654 2262 2702 1.
2298 2654 2497 2704 novies.
2528 2653 2589 2718 ll,
2622 2671 2677 2719 ιι,
2710 2658 2823 2722 182)

1557 2909 2074 2983 PRIEFATIO
2138 2910 2661 2986 HELPERICI
2699 2911 2782 3009 (ι)

1704 3084 1883 3152 (Apud
1910 3084 2090 3136 Mabil.
2124 3085 2369 3139 Analect.
2395 3101 2448 3152 p.
2481 3089 2613 3153 431.)

1940 3237 2366 3253 _-—--—_

514 3345 762 3401 Domino
798 3344 953 3400 Patri
986 3340 1387 3407 sanctissimo,
1412 3337 1647 3394 nomine
1673 3339 1887 3407 Asrno,
1917 3340 2099 3396 mori-
2128 3342 2178 3407 Β
2208 3357 2342 3396 cum
2376 3357 2529 3397 anno
2560 3342 2848 3415 praeterito
2892 3341 3180 3415 legatione
3228 3346 3475 3401 fratrum
3525 3350 3862 3402 nostrorum

443 3436 560 3491 bus
592 3437 784 3489 autem
828 3431 1255 3506 placidissimo,
1289 3429 1651 3485 HstsnIcus
1700 3427 1945 3484 humilis
1974 3446 2106 3485 ver-

448 3525 610 3591 nula,
642 3528 869 3579 aeternae
900 3514 1309 3595 prosperitatis
1341 3517 1718 3574 adminicula.

516 3615 667 3669 Dum
694 3608 1061 3686 patbrnitAtis
1075 3612 1282 3666 vestra:
1296 3606 1669 3679 jussionibus
1690 3607 1880 3663 libens
1903 3625 2099 3680 parco,

447 3700 767 3759 multorum
787 3702 859 3757 de
874 3696 1137 3757 ridiculis
1156 3712 1251 3753 me
1266 3696 1644 3755 lacerandum
1665 3713 1890 3770 expono
1910 3713 1923 3753 :
1948 3700 2106 3757 unde

442 3795 699 3849 vestram
750 3789 1084 3847 submissus
1123 3803 1297 3845 exoro
1329 3786 1760 3859 paternitatem,
1796 3790 1861 3841 ut
1908 3803 2102 3845 meam

444 3898 626 3955 super
654 3882 765 3939 hoc
814 3874 1102 3936 excusetis
1130 3873 1542 3933 temeritatem.
1577 3874 1819 3948 Exigitis
1851 3874 2007 3931 enim
2039 3880 2106 3932 ut

444 3969 822 4045 opusculum,
852 3968 1007 4043 quod
1037 3981 1229 4039 nuper
1251 3968 1455 4037 rogatu
1486 3964 1735 4020 fratrum
1767 3967 2104 4022 nostrorum

432 4058 743 4132 juniorum
792 4058 864 4113 de
907 4062 1030 4113 arte
1058 4053 1329 4126 Gompoti
1360 4052 1656 4113 rusticano
1688 4069 1956 4110 sermone
1983 4053 2103 4110 edi-

443 4149 669 4214 deram,
702 4140 977 4219 quodque
1006 4144 1091 4203 eis
1137 4142 1281 4200 solis
1328 4142 1642 4215 legendum
1674 4142 1969 4209 dederam,
2002 4144 2104 4199 uni

446 4235 739 4310 praecipue
768 4250 971 4293 eorum
993 4233 1092 4307 qui
1125 4248 1221 4289 me
1243 4231 1525 4304 pertinaci
1557 4230 2001 4304 importunitate
2032 4234 2102 4289 ad

450 4325 561 4382 hoc
582 4324 1057 4399 praesumendum
1082 4316 1418 4395 impulerat,
1433 4325 1492 4378 et
1513 4321 1609 4376 cui
1626 4319 1770 4376 illud
1785 4321 1912 4393 jam
1931 4321 2107 4379 Gran-

451 4413 693 4471 di-Valle
709 4413 899 4487 posito
911 4412 1237 4469 direxeram
1254 4429 1266 4478 ;
1293 4411 1422 4479 hoc,
1442 4409 1708 4483 inquam,
1724 4409 2101 4483 praecepistis,

522 4592 600 4663 (ll
622 4591 1008 4663 Helpericum,
1029 4608 1165 4649 mox
1185 4590 1405 4663 laudati
1426 4588 1562 4663 libri
1584 4589 1964 4663 conditorem,
1986 4606 2106 4647 mo-

443 4660 707 4723 naéhum
728 4660 910 4721 fuisse
931 4660 1179 4721 emnobii
1200 4661 1388 4719 sancti
1410 4660 1578 4731 Galli,
1602 4661 1783 4717 tradit
1802 4660 2101 4718 Johannes

440 4734 865 4793 Trihemiusin
885 4735 986 4791 lib.
1010 4753 1072 4791 ιι.
1096 4735 1169 4791 de
1188 4734 1343 4790 Viris
1364 4732 1694 4789 illustribus
1716 4732 1950 4789 Ordinis
1974 4751 2104 4791 san-

442 4806 521 4862 cti
548 4805 843 4880 Benedicti
867 4824 993 4880 cap.
1015 4808 1110 4880 7οτ
1133 4806 1299 4880 Hunc
1331 4804 1550 4880 librum
1572 4804 1861 4880 habemus
1882 4803 1940 4880 in
1963 4822 2099 4880 apo-

441 4876 675 4951 grapho
720 4876 1336 4951 nostro'Bibliothecan
1358 4877 1803 4951 ‘Germanensis,
1839 4876 1940 4951 sed
1991 4876 2100 4951 sub

442 4946 688 5006 nomine
718 4949 926 5017 Herici,
949 4953 1009 5005 et
1030 4950 1255 5021 absque
1287 4947 1462 5022 priori
1496 4946 1832 5022 praefatione
1864 4947 1959 5022 hic
1979 4948 2101 5022 edi-

442 5025 525 5089 ta,
553 5037 733 5092 quam
758 5037 826 5075 ex
846 5018 1222 5077 membraneo
1246 5018 1443 5077 codice
1470 5018 1715 5092 coenobii
1737 5018 2102 5092 Viconiensis

443 5090 628 5173 prope
659 5092 1035 5173 V'alentianas
1065 5091 1506 5173 descripsimus.
1536 5092 1615 5146 Eo
1648 5090 1934 5173 inpudice
1968 5090 2102 5173 Hel-.-

445 5162 682 5235 pericus
705 5163 935 5220 abbatis
962 5164 1196 5218 nomine
1218 5162 1471 5235 donatur
1494 5163 1552 5217 in
1573 5163 1764 5234 Oporis
1786 5162 1974 5229 titulo,
2001 5162 2102 5235 qui

445 5234 531 5290 sic
560 5235 785 5318 habet:
820 5236 1086 5318 Helperici
1112 5236 1332 5318 ‘Ablgqtis
1362 5234 1428 5289 de
1472 5234 1739 5318 (Ionzp‘oto.
1772 5235 1973 5318 Asper,
2008 5234 2097 5287 cui

445 5304 710 5380 praefatio
740 5304 1149 5380 inscriptaest,
1174 5308 1365 5365 abbas
1379 5310 1532 5380 erat,
1549 5304 1649 5360 aut
1670 5310 1822 5380 certe
1840 5306 2102 5380 decanus

441 5375 561 5435 sub
608 5378 822 5434 abbate
868 5375 1155 5447 saeculari,
1196 5376 1537 5435 monasterii
1584 5377 1770 5432 sancti
1828 5375 2102 5432 Germani

440 5449 604 5523 apud
634 5448 1126 5532 Autissiodorum.
1162 5450 1360 5507 lsthuc
1399 5447 1616 5504 missus
1656 5452 1752 5532 est.
1776 5447 2100 5532 liilpericus

438 5519 844 5595 quorumdam
875 5522 1242 5595 negotiorum
1273 5538 1450 5577 causa
1475 5537 1545 5575 ex
1574 5519 1833 5574 coenobio
1862 5519 2101 5575 Grandi-

434 5590 713 5660 vallensi,
746 5596 874 5648 tum
915 5592 1136 5649 ordinis
1168 5592 1354 5649 sancti
1408 5589 1722 5657 Benedicti,
1756 5588 1815 5644 in
1868 5590 2101 5647 dimcesi

435 5662 788 5734 Basileensi,
808 5666 966 5737 quod
980 5667 1107 5737 jam
1125 5666 1350 5722 dudum
1372 5665 1445 5721 ad
1465 5661 1772 5720 saecularcs
1793 5662 2101 5720 c‘anonicos

2216 3430 2623 3486 GrandinValle
2639 3431 2978 3504 degentium
2996 3433 3069 3488 ad
3081 3450 3183 3489 vos
3195 3432 3549 3490 Autisiodori
3568 3434 3859 3507 fungerer,

2215 3523 2281 3574 ut
2299 3520 2723 3592 transcriptum
2740 3525 2944 3576 vestris
2961 3523 3293 3592 paternitati
3309 3523 3766 3579 examinandum
3784 3522 3867 3578 di-

2216 3607 2402 3681 rigam
2430 3628 2443 3677 ;
2468 3613 2550 3677 ut,
2575 3609 2685 3666 hoc
2705 3610 2877 3679 facto,
2903 3627 2970 3665 ac
2991 3609 3043 3665 si
3064 3629 3254 3680 sorex,
3287 3628 3416 3667 meo
3448 3611 3628 3668 miser
3646 3610 3860 3669 indicio

2215 3714 2473 3771 parcam.
2507 3699 2624 3771 Ego
2656 3699 2813 3755 enim
2860 3698 3229 3756 decreveram
3275 3717 3567 3774 nugarum
3597 3717 3863 3757 mearum

2214 3787 2464 3860 ineptias
2514 3788 2709 3862 dignis
2746 3787 3010 3845 occulere
3047 3788 3434 3857 latebris:ne,
3457 3805 3594 3845 cum
3632 3789 3865 3862 prodire

2216 3878 2515 3949 cmperint,
2538 3877 2861 3934 multorum
2902 3875 2962 3931 in
3013 3894 3107 3933 me
3156 3876 3231 3933 fel
3280 3881 3701 3944 commoveant,
3727 3880 3864 3950 jure

2216 3965 2587 4022 causantium
2616 3964 2952 4022 vanissimis
2995 3965 3198 4023 nazniis
3227 3982 3321 4024 me
3360 3982 3646 4039 occupare
3676 3982 3860 4025 mem-

2214 4056 2448 4112 branas.

2287 4146 2398 4202 Sed
2428 4144 2563 4217 quis
2581 4144 2789 4201 vestris
2818 4161 2935 4202 non
2957 4145 3316 4218 obtemperet
3336 4144 3544 4219 jussis,
3570 4144 3704 4204 licet
3724 4161 3861 4203 cum

2216 4233 2565 4290 detrimento
2597 4233 2728 4289 sui?
2758 4234 2877 4307 Ego
2908 4234 3198 4307 praecipue
3227 4234 3331 4307 qui
3358 4234 3680 4292 mearestris
3702 4235 3864 4293 obse-

2217 4322 2371 4395 quiis
2390 4322 2473 4379 ita
2494 4322 2973 4396 mancipaverim,
2992 4326 3056 4378 ut
3076 4323 3232 4395 quod
3252 4323 3418 4380 vobis
3441 4328 3635 4381 ratum
3658 4337 3864 4397 cogno-

2141 4396 2184 4463 C
2211 4412 2416 4482 verim,
2451 4411 2885 4483 quantumlibet
2922 4412 3196 4481 arduum,
3228 4411 3686 4486 aggrediendum
3713 4411 3861 4469 mihi

2214 4591 2482 4648 mutavit.
2511 4590 2870 4663 Trithemius
2890 4590 2949 4646 in
2980 4589 3105 4648 loco
3129 4593 3273 4663 jam,
3292 4591 3466 4663 citato
3496 4590 3700 4663 scribit
3728 4589 3859 4663 Hel-

2210 4663 2472 4736 pericum
2496 4662 2763 4736 ﬂoruisse
2782 4679 2935 4736 anno
2958 4664 3116 4718 1020.
3133 4661 3211 4718 λι
3239 4661 3576 4736 Helpericus
3600 4661 3726 4734 ipse
3746 4661 3856 4736 sub

2210 4730 2389 4808 iincm
2419 4734 2553 4790 libri
2575 4734 2664 4808 sui
2688 4733 3005 4808 designans
3026 4737 3258 4807 tempus
3280 4730 3396 4805 quo
3416 4733 3564 4808 libro
3587 4730 3694 4808 suo
3714 4730 3857 4808 scri-

2209 4806 2400 4862 bendo
2433 4806 2680 4861 navabat
2700 4802 2958 4877 operam,
2982 4802 3386 4877 notat—annum
3409 4806 3534 4877 8§0,
3559 4808 3623 4877 ut
3641 4802 3857 4877 legitur

2211 4878 2271 4933 in
2304 4878 2640 4951 apographo
2662 4874 2881 4951 nostro,
2905 4878 3064 4951 quod
3084 4875 3413 4951 principatu
3437 4874 3675 4951 Henr’ci_
3686 4874 3859 4951 Fran-
3958 4932 3965 4939 ί

2211 4945 2598 5021 coru'm'regis
2629 4966 2694 5004 eo
2724 4945 2960 5021 nomine
2981 4945 3153 5021 primi
3174 4945 3475 5021 exaratum
3496 4949 3603 5021 est.
3631 4945 3857 5021 Hocid-

2211 5020 2364 5077 circo
2395 5017 2657 5087 observo,
2691 5022 2845 5091 quod
2880 5017 3217 5091 Sigebertus
3245 5017 3304 5072 in
3337 5017 3622 5074 Chronico
3654 5017 3859 5091 probet

2212 5091 2427 5147 librum
2460 5092 2617 5147 hunc
2646 5089 2726 5147 ab
2748 5089 2982 5146 auctore
3012 5089 3312 5144 conditum
3343 5106 3471 5145 esse
3502 5089 3668 5145 anno
3693 5089 3853 5144 1005.

2210 5163 2425 5220 Verum
2457 5162 2703 5235 exempli
2732 5164 2907 5216 verba
2930 5177 3061 5235 qua:
3104 5160 3488 5235 adducitgnon
3520 5163 3859 5235 comparent

2214 5235 2271 5290 in
2295 5230 2867 5307 apographo'nostro,
2892 5230 3287 5307 videnturque
3304 5232 3504 5307 addita
3523 5250 3556 5287 a
3576 5230 3857 5307 scriptore
3947 5290 3952 5302 ι

2212 5301 2437 5362 οι)ίὶἰόἰὲ
2459 5301 2573 5377 quo
2605 5322 2749 5377 usus
2780 5308 2868 5359 est
2889 5301 3243 5377 Sigebertus.
3270 5306 3324 5361 ls
3343 5309 3466 5360 tum
3491 5304 3550 5358 in
3570 5301 3855 5377 Chronico

2212 5379 2281 5433 ad
2307 5373 2525 5448 annum
2554 5376 2938 5448 prae-citatum,
2963 5373 3089 5448 tum
3114 5376 3183 5448 in,
3204 5376 3353 5432 libro
3374 5377 3444 5432 de
3464 5373 3857 5447 Scriptoribus

2211 5446 2619 5521 ecclesiasticis
2641 5464 2769 5521 cap.
2796 5448 2917 5521 145,
2937 5446 3328 5521 Chilpericum
3349 5452 3514 5521 vocat
3535 5446 3853 5521 auctorem,

2212 5521 2420 5592 dequo
2447 5515 2813 5592 hicagim—us.
2837 5515 3192 5592 Crediderim
3218 5519 3721 5592 eumgipsumesse
3741 5515 3855 5592 Hi1:

2210 5586 2438 5720 pricum
2473 5586 2641 5663 cujus
2672 5590 2917 5673 cpistola
2947 5591 3192 5647 refertur
3220 5591 3281 5647 in
3307 5586 3415 5648 lib:
3434 5590 3504 5648 de
3535 5587 3744 5648 divinis
3765 5586 3855 5645 Of-

2232 5680 2359 5720 10118
2390 5664 2546 5720 apud
2575 5663 2887 5720 Alcumum
2917 5679 3045 5720 can.
3080 5664 3166 5719 18.

2232 5662 2359 5722 iciis
2390 5662 2555 5736 apud
2575 5662 2887 5720 Alcuinum
2917 5679 3045 5735 cap.
3080 5664 3166 5719 18.
