4148 6184
333 251 410 313 19
586 333 589 337 ι
1343 256 1756 321 HELPERICI
1799 256 2151 321 MONAGHI
2196 258 2259 321 s.
2308 258 2559 321 GALLI.
2826 224 2835 234 ’
3659 263 3739 329 20

330 400 460 442 esse
490 402 607 443 non
638 386 955 462 ambigam.
977 387 1172 446 Unum
1199 406 1336 464 ergo
1366 407 1401 445 a
1419 394 1611 448 vestra
1630 392 1975 465 paternitate
1996 392 2051 460 Α
2079 391 2180 447 lito
2201 392 2456 464 flagrans
2475 391 2799 465 paternitas
2816 409 3016 451 secum
3039 393 3288 452 retinere
3309 394 3623 454 voluisset:
3641 398 3739 455 ad-

329 475 601 548 deposco,
626 478 692 532 ut
710 477 867 549 quod
888 482 1080 535 vestra
1099 479 1369 551 jussione
1388 484 1626 538 coactus
1648 480 1974 555 aggredior,

328 568 521 621 vestro
551 565 880 623 munimine
899 567 1085 624 fretus
1104 567 1399 625 indemnis
1420 570 1692 638 evadam;
1716 570 1872 643 quod
1898 570 1979 627 ita

328 652 455 709 ﬁeri
500 653 730 726 poterit,
764 655 815 713 si
863 656 1182 715 fastidiosis
1213 659 1567 731 quibusque,
1599 662 1657 716 et
1683 658 1785 731 qui
1833 658 1977 715 alios

327 744 559 799 tantum
590 745 1014 818 reprehendere
1041 747 1254 816 valent,
1280 747 1461 819 hujus
1480 746 1649 804 lectio
1671 748 1976 804 subtraha-

327 834 428 887 tur
459 848 472 887 :
504 835 562 890 et
601 834 766 891 vobis
796 835 1091 909 vestrique
1136 835 1453 905 similibus,
1486 837 1587 909 qui
1617 837 1743 893 sine
1774 836 1971 904 livore,

328 921 496 979 oculo
541 922 898 994 columbino,
934 929 999 981 ut
1045 926 1128 981 ita
1155 925 1369 994 dciam,
1404 928 1614 981 cuncta
1662 925 1970 998 respicitis,

327 1010 784 1068 examinandum
819 1014 1164 1086 praebeatur.

398 1098 616 1156 Verum
638 1101 761 1158 hinc
792 1101 1099 1160 haereticus
1119 1103 1369 1176 quisque
1400 1105 1692 1176 quomodo
1713 1104 1864 1161 volet
1885 1122 1973 1161 ac-

328 1186 531 1258 cipiat:
559 1188 704 1245 mihi
734 1195 993 1247 vestrum
1016 1191 1311 1263 judicium
1333 1192 1477 1248 satis
1504 1193 1778 1249 idoneum
1800 1210 1973 1249 cons-

326 1278 432 1344 tat,
447 1276 541 1332 cui
563 1294 798 1335 summa
822 1280 1084 1349 [Veritas]
1107 1281 1217 1337 hoc
1236 1298 1388 1338 anno
1410 1282 1715 1354 perspicue
1734 1283 1975 1356 dignata

328 1367 418 1420 est
436 1366 1020 1440 manifestare,quam
1042 1370 1337 1427 sitinutile
1358 1370 1750 1427 sanctissimis
1770 1376 1973 1428 vestrae

326 1454 696 1525 paternitatis
724 1456 989 1531 imperiis
1018 1476 1365 1533 repugnare.
1398 1459 1638 1517 Evenire
1658 1464 1855 1516 autem
1881 1461 1975 1532 ju-

327 1539 588 1601 stissima
615 1545 781 1615 solet,
817 1551 883 1603 ut
908 1548 1009 1620 qui
1040 1548 1224 1621 patris
1254 1548 1514 1605 salubria
1543 1548 1825 1621 spreverit
1843 1566 1976 1605 con-

326 1628 480 1699 illia,
505 1634 701 1690 debita
728 1636 1063 1708 pertinacia:
1085 1655 1204 1694 suae
1224 1639 1578 1710 quandoque
1603 1637 1729 1694 luat
1756 1637 1976 1712 suppli-

327 1717 437 1790 cia,
473 1725 628 1793 quod
672 1741 739 1780 eo
770 1724 964 1782 verius
1014 1744 1256 1799 possum
1289 1727 1475 1795 fa;eri,
1507 1744 1623 1799 quo
1674 1726 1888 1800 saepius
1919 1731 1977 1784 et

325 1807 438 1866 hoc
467 1828 622 1869 anno
653 1813 916 1871 crebrius
946 1818 1121 1888 atque
1168 1815 1455 1886 acerbius,
1490 1816 1609 1873 imo
1638 1819 1696 1872 et
1727 1817 1972 1886 justius,

325 1914 445 1955 non
474 1900 677 1959 desino
707 1904 975 1975 experiri.

397 1988 514 2045 Nec
542 1990 839 2049 immerito
873 2009 887 2048 :
923 2008 1060 2049 cum
1089 1994 1248 2050 enim
1288 2010 1383 2051 me
1412 1993 1609 2050 divina
1636 1994 1822 2067 pietas
1847 1994 1975 2051 loco

326 2074 426 2132 illo
447 2078 821 2150 restituisset,
847 2098 963 2154 quo
984 2068 1077 2139 me
1098 2084 1168 2138 ad
1197 2082 1310 2140 sibi
1331 2083 1703 2141 serviendum
1726 2084 1853 2155 jam
1875 2085 1978 2140 du-

327 2165 472 2221 dum
503 2166 816 2241 delegerat,
850 2174 908 2226 et
936 2171 1093 2228 unde
1124 2186 1229 2244 ego
1252 2171 1451 2229 infelix
1470 2171 1871 2229 instabilitatis
1890 2190 1978 2229 so-

330 2252 633 2313 lummodo
666 2274 845 2314 causa
872 2259 1147 2329 exieram,
1182 2277 1318 2316 cum
1348 2260 1567 2317 ibidem
1587 2261 1862 2318 omnibus
1882 2263 1978 2319 bo-

328 2341 423 2399 nis
451 2343 839 2414 abundarem,
871 2348 1147 2419 quodque
1191 2364 1297 2422 ego
1349 2365 1528 2422 super
1574 2349 1772 2405 omnia
1801 2351 1972 2417 duco,

332 2431 706 2490 sanctissima
734 2440 1071 2492 sanctorum
1116 2436 1353 2494 Patrum
1383 2437 1691 2495 dilectione
1720 2439 1972 2506 foverer;

328 2520 857 2593 oum,inquam,me
877 2540 1135 2597 superna
1152 2525 1461 2584 clementia
1478 2530 1611 2601 post
1634 2527 1974 2584 diuturnam

328 2610 729 2684 evagationem
750 2610 891 2669 illuc
910 2618 1256 2684 revocasset,
1278 2621 1586 2690 vestraque
1615 2632 1753 2689 erga
1776 2633 1871 2674 me
1890 2634 1977 2675 so-

2083 497 2269 550 versa,
2304 486 2370 536 ut
2419 486 2597 554 patet,
2630 482 2964 555 impellente
2992 484 3246 554 fortuna,
3280 503 3398 543 non
3447 486 3734 560 acquievi,

2084 570 2185 627 sed
2215 569 2466 643 pristina
2504 589 2649 629 usus
2696 571 2927 628 levitate
2957 572 3121 644 redii,
3155 590 3271 647 quo
3301 591 3396 632 me
3444 580 3502 632 et
3549 575 3738 634 multa

2084 677 2326 731 passum
2348 660 2695 729 recolebam,
2716 666 2773 718 et
2792 662 3077 718 deteriora
3096 679 3415 735 passurum
3438 681 3556 721 non
3579 663 3739 739 igno-

2084 748 2307 805 rabam.
2324 751 2446 817 Quo
2467 751 2619 807 facto
2640 752 2698 806 et
2716 748 2862 807 illud
2886 749 3062 807 didici
3094 749 3347 807 multum
3370 754 3526 825 apud
3550 753 3736 811 Deum

2081 836 2271 893 valere
2300 855 2522 911 preces,
2545 855 2696 911 quas
2724 838 2813 894 illi
2838 857 2906 896 ex
2928 839 3123 896 animo
3147 840 3433 909 funditus,
3459 858 3595 898 cum
3618 861 3737 899 una

2082 926 2403 999 eademque
2419 926 2619 983 leviter
2635 928 2769 984 fusa
2784 928 3045 985 oratione
3065 932 3294 985 tantum
3311 931 3621 988 adversum
3643 948 3737 989 me

2083 1014 2473 1071 obtinueritis.
2499 1016 2864 1073 Reminiscor
2886 1017 3045 1073 enim
3065 1035 3188 1087 vos,
3203 1034 3342 1075 cum
3364 1034 3458 1074 me
3488 1020 3737 1078 retinere

2084 1102 2422 1174 nequiretis,
2440 1104 2827 1177 imprecatum
2846 1105 3011 1174 mihi,
3029 1110 3093 1161 ut
3111 1105 3431 1164 invenirem
3455 1107 3733 1181 aliquem,

2083 1190 2185 1262 qui
2215 1210 2306 1248 me
2336 1193 2616 1249 acerrime
2647 1194 2980 1250 verberaret
3019 1194 3081 1249 in
3110 1194 3258 1264 loco,
3290 1196 3361 1251 ad
3395 1213 3571 1268 quem
3600 1200 3736 1254 tan-

2082 1284 2278 1354 topere
2307 1282 2689 1352 festinabam;
2732 1300 2911 1356 quam
2952 1284 3275 1340 orationem
3315 1285 3555 1342 effectus
3586 1292 3676 1343 est
3705 1304 3735 1343 e

2080 1371 2322 1445 vestigio
2353 1376 2723 1429 consecutus.
2757 1375 2983 1440 Quanta
3034 1374 3191 1429 enim
3242 1373 3733 1433 contumeliarum

2081 1461 2275 1528 verba,
2310 1466 2453 1532 quot
2493 1462 2811 1534 proborum
2842 1461 3118 1531 ludibria,
3147 1480 3276 1533 qua:
3309 1466 3367 1518 et
3406 1462 3605 1535 qualia
3633 1465 3731 1521 de-

2083 1548 2371 1607 risionum
2395 1554 2688 1608 tormenta
2712 1549 2984 1623 deinceps
3008 1551 3198 1623 patiar
3222 1550 3296 1606 ab
3327 1550 3420 1607 his
3444 1553 3734 1626 praecipue

2084 1639 2186 1710 qui
2215 1643 2383 1695 erant
2411 1640 2710 1711 quondam
2740 1639 2967 1711 pacifici
2999 1639 3134 1707 mei,
3158 1656 3426 1712 quosque
3445 1657 3551 1713 ego
3578 1643 3735 1714 apud

2083 1744 2186 1783 vos
2216 1729 2466 1783 summis
2498 1727 2772 1784 laudibus
2791 1728 2991 1797 extuli,
3014 1728 3219 1802 lingua
3239 1746 3358 1784 non
3378 1729 3532 1785 valet
3550 1731 3732 1787 effari.

2084 1817 2246 1883 Quod
2270 1816 2409 1889 quia
2427 1818 2499 1873 ob
2522 1817 2919 1873 ulciscendam
2948 1816 3029 1873 im
3051 1833 3146 1874 me
3174 1817 3466 1874 levitatem
3483 1819 3620 1891 jure
3640 1821 3738 1889 ob:

2082 1905 2287 1979 tigisse
2316 1923 2624 1980 cognosco,
2651 1906 2908 1963 divinam
2942 1924 3119 1979 super
3164 1905 3258 1963 his
3290 1906 3523 1963 laudem
3556 1909 3733 1980 aequi-

2083 2000 2263 2052 tatem
2289 2012 2301 2050 :
2327 1999 2383 2051 et
2412 2000 2477 2050 ut
2504 1996 2579 2052 ab
2610 1995 2703 2051 his
2726 1997 2963 2052 tandem
2984 1995 3131 2069 eripi
3156 2013 3389 2069 queam,
3408 2000 3733 2055 vestrarum

2084 2083 2293 2141 obnixe
2323 2083 2554 2155 postulo
2586 2083 2867 2158 suffragia
2886 2101 3126 2157 precum
3155 2102 3169 2140 :
3195 2089 3260 2142 ut
3281 2102 3456 2158 quem
3488 2085 3621 2144 licet
3640 2105 3738 2145 no-

2081 2173 2210 2230 lens
2239 2178 2402 2228 tauto
2435 2172 2730 2247 malignus
2779 2175 2936 2230 fasce
2974 2174 3300 2248 gravitatis,
3325 2176 3542 2234 orando
3572 2181 3733 2234 tanto

2084 2262 2315 2318 releveti
2368 2262 2442 2318 ob
2462 2279 2638 2319 onere
2659 2262 3002 2319 dexterioris
3032 2280 3280 2320 manum
3301 2264 3580 2322 orationis
3600 2283 3731 2340 por-

2085 2350 2346 2423 rigendo.
2378 2350 2595 2408 Verum
2625 2351 2748 2407 haec
2779 2351 3032 2425 plenius,
3066 2352 3115 2408 si
3151 2352 3437 2411 Dominus
3469 2354 3732 2429 cupitum

2084 2440 2399 2512 praebuerit
2437 2439 2817 2512 colloquium,
2852 2441 2978 2498 vivo
3020 2457 3290 2500 sermone
3337 2444 3732 2517 expedientur.

2085 2530 2248 2595 Quod
2282 2532 2345 2583 ut
2375 2528 2546 2585 citius
2577 2529 2702 2585 fieri
2744 2529 2951 2598 valeat,
2984 2535 3175 2588 vestra
3215 2532 3523 2590 exorabilis
3551 2533 3733 2592 oratio

2084 2616 2356 2693 precibus
2387 2617 2608 2676 crebris
2637 2617 2918 2679 obtineat.

1749 3010 2298 3104 PROLOGUS.

391 3427 533 3481 Cum
560 3425 839 3483 fratribus
859 3425 1417 3484 adolescentioribus
1443 3427 1658 3484 nostris
1689 3428 1959 3501 quaedam
1991 3411 2034 3479 C
2069 3427 2239 3500 plura
2292 3427 2684 3484 excusationis
2731 3428 3037 3484 obtentum
3086 3429 3182 3494 [sic
3218 3428 3333 3485 cod.
3376 3430 3421 3498 Γ.
3453 3428 3717 3497 obtentu]

320 3513 707 3571 calculatoriaa
763 3516 905 3572 artis
961 3516 1294 3573 rudimenta
1340 3510 1641 3573 communi
1696 3534 1967 3574 sermone

317 3602 605 3675 explicare
634 3604 962 3678 coepissem,
994 3622 1110 3678 quo
1156 3605 1242 3664 eis
1289 3606 1537 3678 hujusce
1566 3622 1801 3680 quoque
1845 3624 1962 3663 non

317 3695 777 3763 contemnendis,
795 3699 862 3751 ut
879 3695 1048 3751 multi
1071 3694 1449 3764 arbitrantur,
1465 3695 1717 3752 scientiae
1739 3695 1961 3768 aliquid

313 3779 666 3853 impertirer,
698 3799 847 3855 quos
876 3784 936 3840 in
977 3788 1100 3841 arte
1128 3784 1533 3858 grammatica,
1566 3789 1742 3857 prout
1767 3784 1964 3841 divina

314 3869 592 3929 auxiliata
619 3876 709 3929 est
736 3874 1160 3941 munificentia,
1191 3873 1563 3946 aliquatenus
1593 3873 1956 3944 induxeram,

315 3960 512 4018 nescio
532 3978 647 4034 quo
670 3962 898 4020 accensi
916 3963 1204 4021 desiderio
1223 3962 1442 4020 instare
1459 3963 1834 4020 vehementer
1853 3981 1959 4021 cce-

312 4053 546 4120 perunt,
570 4054 862 4122 quatenus
892 4069 979 4120 ea,
1004 4068 1132 4124 quae
1153 4051 1282 4108 viva
1299 4069 1435 4109 voce
1456 4054 1954 4125 deprompseram,

312 4135 634 4194 multorum
667 4136 903 4195 utilitati
952 4140 1257 4211 profutura
1286 4139 1704 4212 qualicumque
1742 4140 1957 4213 scripto

310 4225 564 4293 ederem,
596 4230 680 4295 ut,
716 4226 764 4282 si
793 4228 1028 4299 quando
1054 4227 1196 4295 haec,
1231 4232 1297 4283 ut
1324 4227 1472 4284 solet
1502 4245 1668 4285 mens
1698 4228 1958 4286 humana

310 4312 557 4371 diversis
575 4315 773 4374 dedita
791 4316 949 4374 curis
979 4316 1166 4373 multa
1185 4315 1467 4384 oblivisci,
1496 4316 1790 4374 memoria:
1811 4319 1957 4374 exci-

308 4402 530 4474 derent,
553 4403 879 4463 litterarum
904 4405 1200 4479 suffragiis
1230 4422 1297 4462 ea
1327 4422 1562 4479 quoquo
1593 4406 1767 4463 modo
1798 4423 1957 4479 repa-

308 4506 438 4548 rare
484 4492 759 4550 valerent.
792 4494 1016 4561 Quibus
1064 4510 1200 4551 cum
1249 4494 1534 4551 obnoxius
1568 4498 1629 4566 [Γ.
1662 4494 1949 4565 obnixius]

306 4579 585 4651 renitens,
619 4582 677 4639 id
710 4584 866 4655 quod
896 4587 1021 4640 erat
1066 4583 1463 4652 obtenderem,
1496 4600 1805 4657 superesse
1835 4584 1952 4641 sci-

304 4666 441 4724 licet
471 4669 652 4728 libros
684 4673 755 4728 de
785 4672 896 4728 hac
925 4672 1128 4728 eadem
1160 4689 1220 4728 re
1249 4676 1373 4727 tum
1407 4671 1681 4741 dilucide,
1704 4676 1832 4728 tum
1858 4690 1952 4730 ve-

2073 3517 2424 3589 objicerem;
2456 3521 2584 3573 tum
2632 3533 2765 3572 vero
2797 3516 3153 3589 pertinacius
3199 3516 3482 3586 institere,
3515 3520 3573 3572 et
3606 3534 3723 3573 non

2072 3604 2224 3674 novi,
2250 3605 2546 3678 inquiunt,
2571 3604 2792 3678 aliquid
2824 3609 2879 3662 te
2911 3607 3121 3663 cudere
3149 3605 3425 3679 petimus,
3450 3604 3553 3678 qui
3576 3605 3721 3661 nihil

2062 3695 2191 3765 jam
2214 3695 2451 3767 reperiri
2472 3711 2645 3768 posse
2666 3710 2883 3763 remur,
2900 3695 3055 3767 quod
3078 3694 3150 3752 ab
3171 3693 3300 3752 aliis
3322 3711 3438 3751 non
3462 3694 3719 3752 invenia-

2070 3787 2169 3840 tur
2197 3783 2450 3853 dictum;
2480 3785 2581 3841 sed
2604 3801 2673 3840 ex
2694 3783 2807 3852 his,
2832 3800 2961 3856 qua:
2983 3784 3055 3841 ab
3076 3783 3209 3841 aliis
3230 3785 3445 3841 asseris
3464 3783 3717 3856 sparsim

2072 3874 2419 3946 copioseque
2446 3878 2713 3940 tractata,
2731 3873 3032 3944 poscimus
3066 3872 3304 3928 utiliora
3333 3888 3584 3944 quisque
3629 3888 3726 3929 no-

2070 3963 2277 4032 bisque
2322 3959 2669 4025 necessaria,
2705 3960 2899 4015 studio
2950 3960 3048 4015 fuo
3101 3959 3393 4030 decerpta,
3427 3958 3487 4016 in
3536 3976 3722 4017 unum

2069 4048 2282 4121 colligi,
2298 4053 2355 4105 et
2369 4047 2547 4105 veluti
2568 4051 2789 4104 sertum
2808 4048 3105 4119 quoddam
3126 4062 3196 4102 ex
3215 4047 3460 4104 diversis
3477 4046 3719 4107 ﬂoribus

2068 4136 2381 4211 compingi.
2400 4139 2461 4194 In
2487 4153 2603 4209 quo
2626 4154 2797 4210 opere
2829 4153 2945 4193 non
2977 4135 3387 4208 pompacitatis
3409 4136 3718 4195 verborum

2066 4225 2405 4295 faleras,aut
2426 4224 2774 4283 urbanitatis
2795 4224 3086 4298 exigimus
3102 4240 3362 4292 veneres,
3387 4241 3536 4297 quas
3558 4229 3719 4285 utras

2069 4316 2276 4388 [supple
2304 4314 2382 4384 in]
2416 4315 2794 4388 antiquorum
2824 4320 2915 4370 est
2951 4313 3211 4369 invenire
3255 4314 3713 4372 commentariis.

2063 4404 2370 4462 Enimvero
2401 4422 2531 4478 quae
2560 4405 2632 4461 ab
2664 4402 2794 4461 aliis
2825 4402 3136 4460 obscurius
3158 4407 3299 4458 sunt
3319 4402 3565 4475 prolata,
3590 4407 3713 4474 tuo,

2064 4509 2426 4565 quaesumus,
2461 4492 2860 4549 manifestiora
2890 4494 3034 4548 fiant
3083 4489 3293 4548 relatu.
3329 4491 3447 4548 Hac
3494 4492 3715 4550 evictus

2063 4582 2523 4654 importunitate,
2547 4587 2605 4639 et
2623 4583 2695 4638 de
2716 4580 2914 4638 divina
2937 4597 3301 4654 prmsumens
3330 4579 3602 4654 largiﬂua
3622 4582 3719 4639 bo-

2061 4672 2271 4740 nitate,
2323 4672 2590 4728 studiosa
2638 4670 3024 4727 nihilominus
3071 4674 3419 4742 provocatus
3465 4670 3712 4727 fratrum

301 4767 476 4818 nuste
498 4762 789 4833 majorum
807 4766 1142 4817 nostrorum
1163 4764 1424 4834 tempore
1440 4761 1953 4835 editos,przecipue
1980 4781 2029 4847 Β
2060 4759 2360 4830 charitate,
2385 4778 2513 4833 qua:
2544 4758 2846 4817 humiliter
2874 4777 2973 4817 eos
3004 4758 3305 4832 postulare
3335 4758 3513 4847 sensi,
3540 4776 3605 4816 eo
3634 4764 3711 4816 te-

299 4850 649 4910 venerabilis
676 4850 785 4905 viri
815 4848 1048 4906 Domini
1087 4849 1252 4906 Beda:
1302 4850 1644 4923 presbyteri,
1678 4850 1779 4923 qui
1812 4868 1947 4908 eum
1983 4846 2011 4847 η
2060 4867 2199 4905 nore
2236 4854 2459 4906 tentare
2510 4849 2879 4923 praesumpsi,
2924 4853 2989 4904 ut
3044 4848 3167 4903 haec
3225 4846 3374 4903 nulli
3421 4864 3704 4920 unquam,

300 4943 361 4997 in
392 4940 555 5011 aliis,
575 4944 702 4995 tum
734 4938 909 4995 etiam
938 4940 997 4994 in
1030 4939 1139 4995 hoc
1168 4945 1379 4995 sanela:
1410 4939 1679 4995 Ecclesiae
1712 4939 1946 4996 utilitati
2056 4942 2264 5010 praeter
2305 4956 2387 5006 se,
2431 4938 2677 5011 legenda
2724 4938 2999 5009 praebere,
3029 4936 3119 4994 vel
3169 4940 3465 4993 auctorem
3515 4935 3706 5009 Operis

299 5030 623 5103 plurimum
660 5028 953 5095 esudavit;
988 5027 1223 5084 illorum
1272 5027 1577 5084 lectionem
1629 5028 1942 5097 instarent;

298 5119 430 5174 illos
451 5116 681 5173 diutina
704 5116 1079 5173 meditatione
1100 5118 1426 5190 perdiscere
1452 5118 1772 5186 studerent,
1797 5134 1830 5172 a
1852 5135 1945 5173 me

2056 5026 2354 5099 publicare
2386 5027 2818 5099 pollicerentur.

2125 5116 2236 5173 Sed
2266 5121 2321 5172 et
2352 5116 2399 5171 si
2430 5117 2601 5187 cujus
2633 5115 2951 5188 peritorum
2986 5116 3107 5171 haec
3137 5130 3305 5169 aures
3334 5112 3699 5183 oﬂ'enderint,

295 5205 679 5263 intentionem
734 5209 1077 5271 averterent,
1112 5224 1215 5261 nec
1248 5223 1342 5262 me
1389 5206 1623 5279 aggredi
1674 5211 1945 5279 cogerent
2054 5221 2125 5260 ne
2147 5222 2239 5260 me
2256 5204 2599 5261 temeritatis
2622 5208 2781 5260 notet
2800 5204 3008 5277 elogio,
3033 5203 3131 5258 sed
3157 5200 3379 5257 noverit
3401 5218 3493 5258 me
3516 5202 3703 5258 chari-

295 5312 444 5369 opus
474 5294 738 5349 omnium
761 5293 951 5365 sputis
983 5294 1321 5363 obnoxium,
1347 5299 1710 5363 cunctorum,
1735 5295 1943 5350 deridi-

295 5383 444 5442 culis
474 5383 741 5456 dignum,
774 5380 1095 5455 praesertim
1135 5398 1269 5437 cum
1311 5383 1423 5438 sim
1475 5384 1707 5457 ingenio
1753 5384 1937 5453 rudis,

295 5489 564 5530 sermone
615 5469 951 5544 impeditus,
986 5473 1042 5525 et
1083 5485 1155 5524 ne
1193 5470 1487 5527 rusticano
1538 5472 1774 5545 quidem
1823 5472 1937 5529 elo‘

2051 5294 2185 5348 tatis
2217 5293 2480 5366 paruisse
2511 5293 2775 5366 imperio,
2810 5311 2877 5349 ac
2922 5294 3185 5347 fraterna:
3236 5289 3471 5346 utilitati
3504 5292 3700 5349 deser-

2048 5381 2220 5450 visse,
2255 5386 2427 5454 prout
2456 5382 2568 5437 fuit
2600 5383 2795 5438 studio
2816 5378 3112 5453 possibile.
3139 5377 3490 5444 Quotidiano.
3521 5380 3701 5454 igitur

2048 5486 2360 5543 annuaque
2383 5470 2645 5543 Compoti
2669 5472 3010 5541 argumenta
3032 5465 3374 5539 vulgatiora,
3399 5472 3457 5524 et
3474 5486 3601 5542 quae
3622 5486 3693 5524 ne

293 5562 431 5634 quio
459 5559 750 5619 balbutire
781 5559 1092 5627 sufficiam,
1118 5558 1335 5614 nedum
1358 5560 1613 5615 veritatis
1635 5561 1937 5634 quippiam
2045 5560 2230 5617 laicus
2253 5559 2512 5631 quidem,
2548 5576 2618 5615 ne
2639 5560 2781 5613 dum
2813 5556 3058 5613 clericus
3080 5555 3321 5629 impune
3343 5555 3692 5631 ignoraverit

294 5649 662 5711 comminisci
721 5664 1098 5723 praesumam.
1152 5648 1298 5709 Cum
1347 5647 1488 5716 haec,
1524 5647 1935 5720 hujuscemodi
2047 5650 2459 5721 undecumque
2480 5646 2800 5716 collecta,et
2822 5644 3291 5720 planiore,quam
3309 5646 3513 5707 sintah
3535 5644 3687 5716 aliis,
