4166 6172
339 318 423 401 ει,
1624 316 1861 382 LIBER
1901 318 2003 380 ns
2059 316 2218 380 com
2228 318 2448 381 PUTO.

341 471 609 514 sermone
640 453 813 524 edita,
847 451 1131 529 congessi,
1164 454 1235 511 de
1266 468 1397 510 meo
1427 451 1577 508 nihil
1609 453 1844 519 addens,
1880 454 1981 507 sed
2017 454 2071 519 Α
2104 451 2184 506 ita
2214 453 2284 506 ab
2317 451 2474 507 omni
2507 452 2683 509 fuerit
2706 449 2856 510 serio
2887 452 3149 524 feriatus,
3175 453 3364 528 legere
3386 451 3501 512 ista
3538 453 3742 527 digne-

341 560 471 618 quaa
490 545 567 601 ab
587 543 717 601 aliis
728 560 793 599 eo
804 544 1256 617 obscurius,quo
1268 546 1411 601 sunt
1420 541 1647 615 prolata
1656 558 1761 598 ven
1768 540 1977 608 ustius,

340 633 640 690 rusticano
658 648 922 691 sermone
938 632 1306 692 enucleatius
1316 630 1645 689 edisserens
1664 648 1677 698 ;
1694 634 1758 686 ut
1777 629 1826 686 si
1847 629 1983 702 quis

2092 544 2210 609 tur,
2241 556 2359 613 quo
2391 541 2618 598 lacilius
2665 542 2766 599 illa
2813 543 3119 601 doctorum
3169 542 3518 601 sublimiora
3568 542 3738 599 rime-

2091 632 2208 686 tur.

1093 948 1510 1022 INCIPIUNT
1559 947 1977 1021 CAPITULA
2026 948 2556 1024 REGULARUM
2611 950 2981 1021 COMPOTI

411 1208 454 1264 I.
490 1208 655 1264 Unde
685 1206 1023 1264 conﬁciatur
1050 1224 1242 1264 annus
1272 1207 1500 1277 solaris,
1534 1213 1589 1264 et
1638 1209 1707 1265 dc
1755 1209 1975 1267 ratione
2005 1213 2053 1279 B
2152 1209 2317 1281 XXII.
2353 1211 2476 1277 Qua
2506 1210 2650 1265 hora
2679 1210 3049 1276 accendatur,
3084 1208 3173 1265 vel
3207 1225 3323 1281 qua
3367 1207 3425 1264 in
3482 1225 3589 1264 sua
3642 1225 3738 1264 ac—

338 1279 597 1337 bissexti.

410 1352 481 1423 ΙΙ.Δ
496 1349 738 1423 Physica
768 1350 1072 1423 signorum
1104 1351 1270 1417 ratio,
1288 1358 1344 1407 et
1371 1352 1444 1406 de
1469 1351 1704 1407 soltitiis
1739 1357 1795 1408 et
1811 1351 1984 1423 {equi-

334 1421 562 1478 noctiis.

401 1493 814 1565 IIl.Quomodo
840 1492 924 1565 sol
944 1493 1004 1548 in
1023 1493 1218 1565 aliquo
1238 1494 1405 1565 signo
1428 1509 1557 1565 esse
1585 1492 1833 1560 dicatur,
1850 1511 1984 1549 cum

330 1564 501 1631 signa
528 1565 592 1619 in
621 1564 786 1631 cmlo,
809 1564 896 1619 sol
929 1569 1127 1619 autem
1158 1564 1218 1618 in
1252 1564 1461 1619 aethere
1496 1564 1735 1618 feratur.

486 1677 500 1690 .
532 1636 751 1691 Contra
783 1652 890 1707 eos
948 1635 1050 1706 qui
1101 1634 1301 1691 dicunt
1349 1634 1610 1707 planetas
1658 1652 1737 1689 vn
1786 1640 1987 1691 contra

336 1708 630 1763 mundum
661 1706 818 1762 ferri.

406 1778 475 1834 V.
492 1779 656 1835 Unde
681 1775 1251 1849 orianturregulares
1271 1778 1338 1833 ad
1358 1776 1563 1833 feriam
1588 1776 1980 1833 Kalendarum

336 1847 769 1905 inveniendam.

402 1920 495 1975 VI.
531 1920 694 1976 Unde
718 1922 1131 1975 concurrentes
1164 1917 1444 1974 oriantur.

398 1991 520 2048 VII.
550 1990 812 2058 Qualiter
840 1990 1194 2055 inveniatur,
1226 1996 1408 2061 quota
1436 1989 1590 2046 feriae
1622 1990 1743 2047 sint
1774 1991 1978 2048 Kalen~

332 2063 443 2135 das,
467 2066 524 2119 et
553 2079 657 2135 per
683 2061 809 2135 dies
840 2061 1062 2135 mensis
1090 2061 1179 2117 vel
1210 2060 1369 2117 anni.

399 2132 843 2205 VIIIIQualiter
873 2132 1204 2205 inveniatur
1233 2132 1492 2205 quotidie
1522 2132 1685 2188 feria.

332 2206 492 2335 (ΓΙΧ.
526 2205 642 2263 Cur
670 2200 893 2280 praefati
924 2204 1221 2277 regulares
1248 2200 1531 2260 a'Marcio
1563 2210 1801 2261 sumant
1819 2222 1977 2261 exor-

373 2294 517 2334 lum.

373 2294 517 2334 lum.

402 2349 468 2405 X.
500 2348 664 2406 Unde
693 2348 792 2405 alii
818 2347 1115 2406 regulares
1144 2348 1212 2403 ad
1246 2346 1449 2403 lunam
1478 2347 1539 2403 in
1582 2347 1854 2405 Kalendis
1884 2347 1973 2403 in-

332 2421 680 2492 veniendam
711 2421 1047 2492 procedant.

405 2491 504 2575 2Q;
529 2490 697 2575 0.1196
715 2490 959 2575 specte-

408 2562 527 2635 XII.
558 2563 643 2635 Ad
676 2562 813 2635 quid
844 2562 1074 2635 valeant
1105 2566 1342 2635 epactze.

407 2633 551 2706 XIII.
579 2632 710 2690 Cur'
727 2651 760 2706 a
789 2633 1132 2706 Septembre
1142 2632 1459 2706 incipiant.

406 2705 546 2777 XIV.
581 2706 700 2761 Cur
728 2704 788 2760 in
811 2703 1004 2761 medio
1029 2704 1200 2777 nulla
1227 2703 1658 2777 pronuntietur.

402 2776 522 2858 XV.
551 2777 852 2858 Quomodo
882 2774 1313 2858 quotidie‘luZna
1343 2774 1771 2858 pronuntietur.

402 2848 544 2905 XVI.
578 2849 695 2904 Cur
724 2865 881 2904 nunc
899 2846 1042 2914 axx,
1072 2846 1162 2902 vel
1193 2846 1473 2902 vicesima
1514 2863 1671 2901 nona
1718 2862 1977 2914 pronun-

332 2919 526 2993 tietur,
549 2920 637 2975 vel
668 2925 958 2993 quantum
990 2918 1050 2974 in
1080 2934 1436 2989 unoquoque
1468 2917 1634 2991 signo
1664 2916 1753 2972 vel
1784 2916 1842 2972 in
1860 2922 1979 2972 toto

331 2991 565 3048 zodiaco
595 2991 877 3048 moretur.

402 3063 575 3120 XVII.
607 3064 682 3120 Ut
710 3080 745 3119 a
772 3061 1068 3119 veteribus
1098 3058 1323 3116 lunaris
1374 3062 1602 3115 tantum
1638 3060 1979 3115 observatus

335 3135 417 3207 sit
437 3152 648 3207 annus,
666 3138 724 3191 et
752 3133 1047 3207 quomodo
1074 3146 1447 3188 communem
1479 3129 1764 3197 dicamus,
1785 3134 1842 3187 et
1861 3147 1979 3187 em-

332 3206 722 3264 bolismalem.

404 3278 601 3335 XVIII.
633 3277 797 3334 Unde
823 3275 1164 3332 conﬁciatur
1194 3275 1353 3331 salus
1381 3274 1553 3343 lunae,
1586 3274 1673 3329 vel
1719 3274 1820 3330 ubi
1862 3291 1976 3330 rcc-

332 3349 450 3405 tius
482 3348 924 3405 intermittatur.

401 3421 543 3477 XIX.
575 3422 726 3486 Quot
753 3418 913 3475 horis
944 3418 1086 3474 luna
1113 3417 1305 3473 luceat
1327 3417 1579 3490 singulis
1610 3417 1902 3490 noctibus.

402 3492 515 3548 XX.
550 3494 676 3558 Qua
703 3491 850 3547 hora
876 3490 1112 3562 eclipsis
1141 3490 1283 3546 solis
1313 3506 1379 3545 ac
1407 3488 1903 3616 lunmJJroveniat.

405 3563 544 3616 XXI.
580 3563 641 3616 In
674 3579 791 3616 auo
822 3562 987 3616 sisne
1020 3561 1096 3616 sit
1119 3562 1260 3616 luna
1291 3560 1539 3616 singulis
1610 3560 1797 3616 iebus.

405 3563 544 3621 XXI.
580 3563 641 3619 In
674 3579 791 3635 quo
822 3560 1007 3636 signo
1020 3561 1096 3618 sit
1119 3562 1260 3617 luna
1291 3560 1539 3635 singulis
1569 3560 1797 3618 diebus.

2093 1280 2365 1337 censione
2397 1285 2581 1336 mutet
2613 1285 2859 1337 nitatem.

2093 1423 2137 1479 D
2162 1353 2356 1436 XXIII.
2391 1353 2649 1419 Qualiter
2676 1352 3049 1410 inveniantur
3070 1351 3209 1407 anni
3241 1353 3313 1407 ab
3336 1350 3739 1407 incarnatione

2142 1440 2344 1479 omini.

2142 1440 2344 1479 0min].

2163 1495 2354 1576 XXIV.
2407 1495 2588 1576 Origo.
2628 1495 3035 1562 indictionum,
3083 1500 3138 1551 et
3188 1494 3439 1567 qualiter
3486 1493 3738 1567 singulis

2097 1565 2268 1620 annis
2299 1565 2688 1620 inveniantur.

2166 1636 2329 1708 XXV.
2363 1635 2624 1702 Qualiter
2652 1640 2866 1708 epactze
2896 1636 3290 1708 inveniantur.

2163 1707 2354 1764 XXVI.
2404 1708 2647 1773 Quando
2689 1705 2891 1780 cyclus
2948 1705 3089 1763 solis
3138 1706 3486 1773 inveniatur,
3535 1712 3594 1763 et
3637 1725 3743 1765 cur

2091 1794 2392 1851 pergravia
2419 1795 2606 1851 annos
2639 1782 2920 1851 recurrat.

2158 1848 2375 1931 XXVII.
2408 1849 2491 1904 Ad
2545 1848 2922 1904 inveniendas
2975 1852 3390 1904 concurrentes
3451 1848 3741 1921 cujusque

2090 1936 2249 1977 811111.

2156 1991 2399 2048 XXVIII.
2437 1993 2659 2058 Quotus
2691 2008 2883 2048 annus
2904 1990 3036 2047 sita
3064 1990 3341 2047 bissexto.

2156 2064 2344 2136 XXIX.
2399 2063 3080 2136 Quomodoinveniatur
3137 2062 3352 2136 cyclus
3383 2062 3629 2129 lunaris,
3679 2068 3737 2119 et

2085 2153 2215 2218 qua:
2247 2134 2324 2217 sit
2353 2134 2683 2218 ditl‘erentia
2711 2134 2864 2218 inter
2891 2135 3090 2207 ipsum
3119 2132 3476 2202 et'xixalem,
3506 2138 3565 2190 et
3595 2151 3736 2205 qua-

2084 2206 2223 2279 liter
2231 2206 2578 2279 inveniatur
2609 2223 2710 2279 per
2738 2206 3063 2279 zodiacum.

2154 2277 2315 2335 XXX.
2349 2278 2495 2346 Quid
2527 2276 2922 2334 sit'terminus
2954 2277 3208 2347 Paschze,
3243 2277 3330 2333 vel
3362 2276 3600 2349 quando
3631 2277 3732 2333 ob-

2084 2354 2365 2407 servetur.

2153 2421 2456 2505 XXXILDe
2488 2421 2851 2505 asquinoctiis
2865 2424 2931 2505 et
2960 2419 3249 2505 solstitiis,
3284 2419 3537 2505 qualiter
3554 2419 3732 2476 etiam

2084 2491 2367 2575 corporali
2422 2490 2638 2575 intuitu
2687 2492 3220 2565 deprehendantur,
3267 2490 3325 2547 et
3373 2490 3445 2548 de
3486 2508 3733 2548 ascensu

2006 2586 2047 2652 c
2083 2563 2488 2652 νοζξίέξξεθηξυ
2521 2563 2684 2652 89.13.8-

2156 2634 2369 2707 XXXII.
2405 2634 2780 2707 RepetitioAde
2808 2633 3070 2707 termino
3083 2631 3369 2707 Paschgali,
3392 2638 3449 2689 et
3480 2651 3584 2690 cur
3606 2633 3735 2707 ipsa

2086 2705 2366 2761 festivitas
2398 2703 2514 2761 non
2544 2705 2657 2759 nisi
2682 2705 2987 2760 Dominica
3017 2704 3111 2759 die
3141 2703 3480 2759 celebretur.

2156 2777 2397 2847 XXXIII.
2432 2776 2732 2841 Quomodo
2776 2774 3105 2829 inveniatur
3133 2773 3261 2845 ipse
3290 2774 3580 2830 terminus
3631 2792 3734 2847 per

2090 2846 2354 2903 singulos
2386 2862 2592 2901 annos.

2154 2911 2398 3001 XXXIV.
2432 2916 2596 2973 Unde
2628 2915 2999 2971 inveniantur
3046 2911 3344 2987 regulares
3394 2913 3580 2987 ipsius
3628 2920 3735 2973 ter-

2089 3005 2255 3044 ωιτη.

2158 3059 2367 3117 XXXV.
2403 3057 2661 3127 Qualiter
2690 3074 2793 3132 per
2822 3056 3159 3115 Paschalem
3193 3057 3513 3115 terminum
3544 3057 3735 3116 caeteri

2086 3131 2477 3188 inveniantur.

2155 3202 2392 3260 XXXVI.
2427 3204 2508 3260 De
2538 3202 2727 3259 tribus
2758 3201 2930 3258 annis
2962 3200 3366 3275 xixaliscycli,
3402 3202 3464 3258 in
3515 3202 3733 3275 quibus

2083 3275 2226 3331 luna
2275 3278 2616 3400 epactarum
2662 3291 2779 3329 non
2829 3278 3020 3330 servat
3065 3273 3354 3341 ordinem,
3386 3277 3444 3331 et
3483 3273 3735 3346 qualiter

2087 3345 2310 3403 Pascha
2335 3346 2384 3399 is
2412 3347 2555 3402 luna
2587 3346 2945 3400 observetur.

2133 3364 2349 3402 ascuan

2357 3364 2384 3399 s
2412 3347 2555 3402 luna
2587 3346 2945 3400 observetur.

2157 3418 2419 3474 XXXVII.
2455 3418 2535 3473 De
2568 3418 2774 3473 ceteris
2822 3416 3188 3473 embolismis
3241 3416 3431 3473 brevis
3472 3433 3729 3474 comme-

2087 3490 2358 3545 moratio.

2160 3560 2452 3618 XXXVIII.
2485 3559 2764 3634 Epilogus
2793 3559 2994 3617 libelli.

1018 3881 1390 3973 INCIPIT
1445 3878 1967 3973 COMPOTUS
2022 3880 2554 3974 HELPERIGI
2614 3881 3063 3973 MONACHI

861 4122 1097 4180 CAPUT
1137 4120 1448 4178 PRIMUM.

482 4234 626 4291 Unde
654 4234 974 4305 conﬁciatur
1002 4246 1180 4305 annus
1210 4229 1430 4305 solaris,
1461 4238 1512 4286 et
1539 4229 1603 4285 de
1634 4231 1843 4285 ratione

1040 4303 1281 4358 bissexti.

394 4406 614 4460 -Annus
644 4402 873 4470 solaris,
899 4405 963 4458 ut
980 4402 1274 4473 majorum
1298 4402 1525 4455 constat
1546 4398 1783 4455 solertia
1804 4398 1989 4454 inves-

340 4493 613 4567 tigatum,
646 4508 860 4548 CCCLXV
910 4489 1139 4557 diebus,
1184 4493 1239 4545 et
1293 4488 1622 4560 quadrante
1674 4487 1990 4543 conﬁcitur

334 4582 397 4640 Si
424 4582 726 4654 quadrans
754 4580 900 4653 quid
924 4578 1001 4636 sit
1031 4577 1284 4634 dilucide
1307 4593 1479 4634 nosse
1499 4576 1819 4645 desideras,
1845 4574 1990 4633 scito

338 4670 486 4743 quia
519 4669 804 4742 quidquid
839 4669 899 4724 in
929 4671 1180 4740 quatuor
1211 4683 1408 4739 eaquae
1446 4670 1641 4739 partes
1689 4664 1987 4733 divideris,

338 4773 720 4832 unaquaeque
761 4773 963 4814 earum
996 4756 1313 4829 quadrans,
1346 4761 1460 4812 tres
1510 4760 1707 4812 autem
1756 4754 1992 4827 reliquae

346 4848 736 4906 nominantur
762 4845 1039 4903 dodrans.
1065 4846 1213 4903 Cum
1244 4861 1380 4918 ergo
1405 4845 1561 4901 diem
1593 4844 1909 4917 integrum,
1934 4844 1992 4899 id

343 4940 433 4994 est
462 4953 598 4992 cum
630 4951 742 4991 sua
767 4939 954 5002 nocte,
976 4951 1109 4990 xxxv
1138 4933 1299 4990 horis
1329 4936 1595 4989 constare
1614 4932 1993 4988 manifestum

345 5028 442 5096 sit,
462 5026 562 5099 qui
596 5043 878 5082 numerus
907 5042 976 5081 ex
992 5024 1223 5081 senario
1254 5026 1460 5095 quater
1474 5024 1648 5078 ducto
1665 5020 1992 5086 conficitur,

346 5114 486 5187 quia
511 5119 717 5195 quater
748 5114 925 5170 habet
954 5129 1127 5169 senas
1151 5110 1346 5178 horas,
1369 5111 1511 5184 ipsa:
1533 5128 1633 5165 sex
1660 5111 1815 5165 hora}
1851 5126 1994 5181 qua-

348 5204 527 5257 drans
547 5202 660 5258 diei
681 5204 816 5273 jure
839 5200 1201 5257 nominatur.
1220 5195 1278 5251 Si
1293 5214 1427 5265 ergo
1450 5199 1603 5253 unde
1619 5198 1680 5252 hi
1703 5198 1829 5253 dies
1846 5213 1999 5251 com-

346 5294 644 5363 putentur,
676 5291 986 5346 manifeste
1016 5286 1184 5360 cupis
1207 5300 1540 5358 agnoscere,
1564 5285 1706 5339 scito
1738 5285 1995 5357 primum

345 5396 569 5436 annum
602 5380 854 5437 solerem
886 5378 1022 5446 dici,
1057 5394 1172 5450 quo
1203 5374 1289 5432 sol
1320 5376 1508 5429 totum
1533 5373 1899 5443 signiferum,
1935 5373 1993 5429 id

343 5471 455 5537 est,
470 5485 569 5536 xn,
585 5468 807 5526 zodiaci
820 5468 992 5541 signa
1005 5465 1344 5539 perlabitur,
1361 5477 1613 5536 quorum
1631 5463 1997 5534 unumquod-

342 5574 480 5630 que,
515 5556 668 5613 sicut
692 5558 949 5627 majores
976 5554 1160 5612 nostri
1191 5551 1458 5627 diligenti
1498 5548 1875 5621 inquisitione
1906 5551 1993 5607 in-

339 5647 794 5720 vestigaverunt,
834 5644 1074 5702 tricenis
1105 5644 1309 5702 diebus
1340 5660 1404 5699 ac
1437 5641 1604 5699 denis
1635 5637 1797 5695 horis
1827 5640 1998 5696 dimi-

2092 4124 2305 4197 diaque
2336 4123 2674 4198 perlustrat.
2707 4122 2854 4191 Quia
2885 4136 3021 4196 ergo
3060 4121 3201 4177 sunt
3243 4133 3327 4175 xu
3374 4117 3561 4191 signa,
3594 4122 3653 4176 et
3679 4119 3741 4178 in

2094 4211 2344 4287 singulis
2375 4228 2577 4268 eorum
2610 4211 2696 4269 sol
2718 4228 2825 4268 xxx
2847 4209 3054 4267 diebus
3086 4207 3737 4276 immoratur,ducduo-

2095 4303 2284 4359 decies
2315 4319 2425 4358 xxx
2449 4305 2505 4358 et
2535 4301 2717 4358 habes
2749 4317 2921 4358 cccnx
2953 4299 3096 4356 dies.
3122 4299 3287 4355 Tunc
3332 4314 3370 4353 x
3414 4297 3590 4367 horae,
3614 4313 3744 4370 quas

2094 4392 2153 4447 in
2187 4391 2436 4464 singulis
2457 4395 2777 4463 supersunt
2796 4390 3000 4463 signis,
3026 4386 3337 4445 duodecies
3364 4387 3572 4455 ductae,
3589 4401 3746 4442 sum-

2098 4498 2256 4537 mam
2284 4496 2391 4535 cxx
2413 4480 2665 4536 reddunt
2694 4480 2993 4536 horarum.
3019 4479 3136 4534 llas
3168 4493 3334 4549 inqua
3360 4475 3623 4550 portione
3643 4490 3747 4546 per

2096 4587 2231 4627 xxxv
2253 4568 2610 4625 distribuens
2624 4569 2846 4641 absque
2864 4567 3042 4623 dubio
3056 4566 3180 4623 dies
3197 4564 3458 4638 quinque
3469 4560 3743 4635 reperies,

2102 4657 2366 4731 singulos
2388 4675 2519 4713 xx1v
2542 4658 2841 4713 horarum.
2870 4658 3017 4713 Istos
3040 4657 3226 4727 junge
3251 4651 3747 4727 superioribus,et

2101 4747 2282 4803 habes
2311 4747 2490 4803 totius
2512 4746 2648 4803 anni
2681 4746 2888 4803 solaris
2920 4761 3130 4801 cccnxv
3159 4744 3303 4799 dies.
3337 4741 3616 4812 Superest
3643 4754 3746 4792 au-

2101 4841 2220 4894 tem
2252 4836 2443 4893 adhuc
2473 4836 2532 4892 in
2565 4835 2814 4910 singulis
2842 4833 3025 4908 signis
3047 4831 3225 4889 unius
3255 4830 3410 4883 horae
3441 4823 3745 4893 medietas,

2105 4944 2223 5000 qua
2250 4926 2389 4982 item
2408 4925 2719 4981 duodecies
2735 4926 2927 4989 ducta,
2944 4922 3001 4977 id
3019 4924 3126 4985 est,
3142 4920 3212 4972 de
3223 4913 3472 4986 singulis
3486 4914 3545 4969 in
3561 4930 3748 4971 unum

2106 5017 2359 5081 redacta,
2392 5032 2448 5069 v1
2481 5015 2739 5086 integras
2784 5012 3059 5083 perficere
3089 5004 3237 5060 nulli
3283 5007 3513 5060 constat
3560 5004 3748 5060 ambi-

2106 5121 2318 5178 guum;
2343 5108 2399 5158 et
2427 5103 2522 5158 hic
2554 5107 2642 5157 est
2672 5100 2990 5173 quadrans,
3014 5094 3071 5149 id
3104 5097 3193 5150 est
3213 5099 3422 5168 quarta
3452 5093 3565 5150 diei
3590 5109 3745 5166 pars,

2106 5197 2172 5248 ut
2203 5211 2381 5265 supra
2411 5188 2841 5246 eviilcntissime
2873 5184 3301 5252 constitit.Qua3
3334 5184 3611 5257 quoniam
3636 5183 3752 5238 sin-

2107 5281 2262 5355 gulis
2294 5298 2464 5336 annis
2496 5275 2819 5347 computari
2853 5279 3169 5345 nequeunt,
3194 5280 3431 5331 cautum
3462 5275 3552 5327 est
3573 5274 3636 5325 ut
3654 5270 3753 5325 tri-

2108 5372 2218 5427 bus
2240 5385 2470 5439 semper
2490 5366 2661 5421 annis
2684 5364 2904 5437 absque
2925 5365 3045 5422 ulla
3062 5362 3496 5437 computatione
3524 5361 3752 5431 praeter-

2109 5463 2335 5523 eantur,
2368 5456 2550 5511 donec
2583 5458 2788 5525 quarto
2843 5473 2994 5511 anno
3042 5454 3103 5510 in
3158 5464 3452 5508 summam
3500 5447 3750 5504 collecta!

2108 5550 2402 5619 integrum
2435 5542 2589 5600 diem
2621 5563 2752 5601 xxxv
2786 5546 3023 5601 reddere
3054 5540 3282 5617 possint
3311 5539 3612 5596 horarum.
3647 5536 3751 5591 Hic

2109 5643 2195 5693 est
2227 5636 2370 5703 dies,
2396 5651 2570 5710 quem
2593 5636 2914 5693 bissextum
2937 5637 3144 5705 quarto
3177 5646 3328 5687 anno
3350 5626 3748 5692 nominamus,
