4166 6172
381 324 465 398 ιε
1474 322 1886 397 HELPERICI
1927 321 2297 395 uomunt
2327 320 2390 394 s'.
2438 320 2688 397 GALLI.
3604 294 3611 299 ’
3701 320 3791 399 94‘

388 466 547 544 quod
574 469 629 525 vi
660 468 784 527 Kal.
809 469 1048 528 Martias
1069 468 1499 544 pronuntietur,
1523 454 1797 542 totusque
1818 469 1915 525 ille
1937 486 2034 525 an-
2061 470 2113 536 Α
2144 468 2356 523 lustrat
2383 453 2849 541 hemispherium
2875 485 2887 537 ;
2921 452 3073 525 sicut
3100 466 3246 524 illud
3277 467 3494 526 animal
3525 471 3644 527 toto
3672 469 3782 525 hoc

386 577 501 617 nus
530 552 847 617 bissextilis
870 560 1216 634 appellatur,
1241 562 1516 616 constans
1544 576 1775 615 caenam
1796 559 2025 615 diebus.

388 649 497 717 Qui
527 649 652 706 dies
683 649 732 705 si
764 648 1113 724 negligatur,
1145 649 1369 706 eveniet
1415 651 1547 721 post
1594 647 1818 721 aliquot
1845 652 2037 704 annos

389 742 457 795 ut
485 738 677 795 hieme
709 738 910 808 aestivi,
943 742 1000 795 et
1030 742 1230 795 contra
1277 741 1473 794 aestate
1520 737 1749 793 hiberni
1799 754 2031 793 menses

387 828 874 886 Occurrant.Nam
898 844 1001 902 per
1025 843 1259 884 cccnxrv
1271 845 1454 884 annos
1474 830 1706 883 tantum
1728 824 2031 882 calculatio

388 918 741 993 regradabit,
762 919 828 974 ut
855 916 915 973 in
946 917 1221 975 Kalendis
1251 918 1729 990 aequinoctiorum
1763 916 2029 984 solstitia,

389 1012 447 1065 et
473 1025 504 1064 e
534 1011 736 1064 contra
765 1007 825 1063 in
856 1006 1243 1064 solstitiorum
1274 1005 1543 1063 eveniant
1580 1004 1944 1077 aequinoctia,
1974 1007 2027 1060 id

390 1101 498 1167 est,
533 1113 667 1154 eum
695 1114 778 1153 xn
816 1096 941 1153 Kal.
991 1096 1173 1170 April,
1207 1094 1695 1170 pronuntiaveris,
1728 1100 1784 1151 et
1830 1096 2035 1150 debeat

388 1202 519 1243 esse
547 1186 959 1259 aequinoctium
988 1186 1240 1254 vernale,
1259 1189 1536 1259 appareat
1564 1183 1877 1240 solstitium
1902 1186 2034 1240 bru-

390 1275 563 1345 male,
597 1274 752 1348 quod
784 1279 872 1332 est
897 1293 977 1331 xu
1008 1274 1132 1331 Kal.
1163 1273 1448 1331 Januarii.
1480 1275 1744 1345 Cumque
1772 1291 2032 1347 pronun-

390 1364 626 1421 tiaveris
652 1382 733 1421 xu
764 1362 886 1421 Kal.
919 1364 1251 1437 Julii,quod
1281 1367 1370 1420 est
1399 1363 1717 1420 solstitium
1745 1364 2030 1432 aestivum,

394 1458 662 1513 occurrat
691 1452 1107 1527 aequinoctium
1136 1453 1388 1523 vernale,
1413 1454 1565 1527 quod
1600 1469 1727 1509 esse
1756 1454 1928 1509 debet
1953 1471 2034 1509 x11

392 1542 519 1601 Kal.
548 1542 730 1618 April.
765 1540 976 1616 Sicque
1005 1542 1066 1599 in
1097 1543 1318 1600 caeteris
1348 1542 1571 1600 eveniet
1617 1543 1755 1600 anni
1802 1543 2031 1600 diebus.

391 1634 477 1691 Ad
509 1634 670 1690 hunc
689 1632 1025 1692 evitandum
1054 1647 1309 1691 errorem
1330 1632 1647 1691 bissextilis
1673 1633 1797 1690 dies
1827 1638 2034 1705 quarto

392 1738 624 1796 semper
651 1740 804 1780 anno
832 1723 1230 1780 intercaletur.
1263 1723 1382 1779 Hoc
1408 1722 1582 1779 veluti
1615 1723 1870 1793 quodam
1901 1720 2033 1777 fun-

393 1815 667 1870 damento
708 1813 1193 1868 inveniendorum
1240 1809 1611 1882 sequentium
1661 1814 2034 1882 argumento-

393 1901 526 1958 rum
556 1901 884 1975 prselocato,
918 1902 991 1955 ad
1020 1899 1151 1972 ipsa
1171 1900 1297 1972 jam
1328 1898 1687 1970 explicanda,
1721 1915 1848 1971 quae
1897 1897 2035 1954 hinc

395 1986 807 2058 conﬁciiintur,
828 1988 1178 2046 accedamus
1210 1989 1576 2062 argumenta.

1046 2068 1280 2125 CAPUT
1319 2068 1389 2124 II.

394 2144 637 2219 Physica
662 2143 949 2214 signorum
976 2142 1136 2209 ratio,
1156 2148 1211 2197 et
1234 2140 1299 2198 de
1327 2140 1576 2197 solstitiis
1603 2148 1658 2197 et
1680 2142 2039 2213 wquinoctiis.

469 2243 587 2301 Sed
617 2239 757 2315 quia
803 2238 1071 2307 rudibus,
1106 2236 1163 2295 id
1214 2243 1304 2295 est
1350 2236 1648 2295 similibus
1696 2238 1900 2308 nostri,
1933 2239 2043 2295 hoc

400 2330 751 2408 opusculum
784 2328 994 2387 cudere
1029 2328 1413 2397 instituimus,
1447 2345 1564 2385 non
1610 2328 2042 2386 infructuosum

396 2424 627 2482 videtur
642 2421 715 2479 de
735 2418 958 2478 ratione
973 2418 1298 2493 signorum,
1317 2422 1603 2491 quantum
1626 2417 1903 2492 ingenioli
1914 2435 2047 2476 nos-

397 2513 475 2573 tri
519 2510 811 2586 capacitas
859 2525 930 2566 ex
976 2509 1268 2582 majorum
1318 2507 1489 2564 dictis
1538 2507 1785 2566 retinere
1833 2509 2040 2581 potuit,

399 2620 594 2679 pauca
624 2599 1035 2676 perstringere.
1066 2598 1146 2654 Ac
1175 2597 1366 2670 primo
1414 2595 1716 2654 sciendum
1747 2595 1847 2657 illa
1876 2596 2047 2672 signa

401 2692 550 2753 nihil
580 2690 741 2749 aliud
762 2705 890 2746 esse
919 2703 1099 2761 quam
1121 2684 1248 2743 cmli
1269 2688 1426 2744 certa
1445 2686 1637 2760 spatia
1654 2704 1722 2743 ex
1742 2684 2043 2743 stellarum

401 2781 690 2860 positione
718 2784 777 2837 et
813 2776 1035 2847 ordine,
1082 2775 1506 2834 calculatorum
1552 2776 1869 2850 sagacitate
1914 2777 2044 2849 qui-

400 2874 653 2932 busdam
684 2868 856 2944 quosi
885 2866 1173 2926 limitibus
1202 2866 1606 2925 determinata.
1631 2866 1856 2925 Primos
1887 2884 2051 2925 nam-

403 2978 517 3039 que
544 2958 864 3035 JEgyptios,
897 2972 1047 3029 quos
1076 2974 1193 3028 pra:
1224 2956 1443 3012 caeteris
1482 2955 1818 3011 nationibus
1864 2957 2046 3027 hujus

404 3052 549 3113 artis,
604 3045 816 3121 peritia
870 3044 1164 3112 calluisse,
1223 3043 1431 3100 divinte
1487 3042 1623 3115 (cod.
1682 3048 1749 3101 ut
1813 3042 2042 3112 divina),

401 3140 496 3199 sed
525 3147 653 3194 tunc
690 3133 915 3190 verbum
957 3131 1315 3202 desideratur)
1369 3135 1427 3186 et
1471 3131 1743 3187 humanae
1790 3132 2051 3205 produnt

2137 561 2399 635 tempore
2431 558 2630 613 dextro
2652 557 2816 614 fateri
2844 558 3033 614 fertur
3055 558 3365 627 incubare;
3390 558 3783 633 nam'reliqna

2139 645 2279 702 anni
2310 646 2620 703 medietate
2649 650 2706 704 et
2735 646 2821 703 sol
2846 646 3153 704 sinistrum
3196 647 3482 704 ambitum
3534 648 3787 722 peragit,

2139 738 2195 791 et
2224 735 2374 791 aries
2404 752 2583 808 super
2611 736 2928 793 sinistrum
2959 736 3114 793 latus
3143 736 3448 792 incumbit.

2211 824 2470 881 Taurum
2503 824 2575 881 ob
2609 824 2667 881 id
2700 843 2830 882 reor
2856 817 2987 883 illos
3025 827 3280 883 secundo
3327 825 3452 882 loco
3492 827 3780 899 posuisse,

2099 965 2109 973 .
2141 915 2295 986 quod
2318 914 2437 970 sole
2468 913 2599 971 illas
2622 919 2818 987 partes
2851 916 3100 973 adeunte
3122 916 3297 972 boum
3328 915 3576 984 labores,
3593 916 3651 972 id
3674 924 3780 988 est,

2141 1006 2365 1076 segetes
2391 1003 2461 1058 ad
2496 1003 2893 1060 maturitatem
2919 1005 3186 1073 tendunt,
3221 1008 3279 1060 et
3324 1004 3384 1059 in
3423 1005 3781 1077 quibusdam

2141 1092 2585 1150 ferventioribus
2610 1093 2783 1149 terris
2813 1093 2990 1149 etiam
3022 1097 3346 1149 metuntur.

2213 1182 2399 1254 Super
2427 1180 2803 1238 Geminorum
2835 1181 3148 1253 allegorica
3174 1180 3607 1253 signiﬁcatione
3638 1185 3784 1240 nihil

2142 1270 2332 1325 adhuc
2362 1268 2612 1342 reperire
2642 1268 2825 1342 potui,
2859 1269 2974 1325 nisi
3005 1285 3234 1342 parum,
3279 1271 3435 1340 quod
3483 1275 3682 1329 tamen
3733 1280 3789 1330 et

2140 1357 2336 1431 ipsum
2379 1358 2537 1414 haud
2571 1357 2825 1414 multum
2875 1376 2909 1413 a
2943 1357 3209 1414 fabuloso
3243 1357 3463 1413 recedit
3482 1359 3783 1433 ﬁgmento.

2144 1447 2349 1503 Fertur
2376 1446 2438 1504 in
2467 1447 2566 1504 illo
2588 1463 2841 1520 namque
2873 1446 3231 1503 mittholoico
3251 1444 3368 1519 (sic)
3382 1446 3697 1506 simulacro
3720 1468 3788 1508 ex

2143 1536 2236 1592 his
2257 1536 2539 1606 Geminis,
2554 1553 2703 1610 quos
2727 1536 3026 1593 Castorem
3045 1540 3260 1593 vocant
3287 1539 3462 1609 atque
3473 1537 3789 1610 Pollucem,

2141 1625 2390 1683 alterum
2420 1625 3107 1695 immortalem,alterum
3144 1625 3326 1682 fuisse
3357 1629 3561 1682 natum
3582 1632 3794 1684 morta-

2140 1714 2278 1769 lem.
2314 1716 2426 1770 Sed
2454 1714 2505 1771 is
2536 1714 2638 1787 qui
2666 1715 2932 1771 mortalis
2962 1714 3281 1784 exstiterat,
3315 1722 3434 1771 suas
3464 1714 3671 1774 mortis
3698 1719 3796 1775 ob-

2140 1803 2302 1875 j‘ectu
2334 1802 2497 1858 fratri
2531 1802 3030 1859 immortalitatem
3064 1802 3406 1875 acquisisse,
3439 1803 3499 1860 id
3548 1809 3713 1878 quod'
3731 1807 3794 1865 in

2147 1889 2293 1963 ipsis
2341 1891 2588 1962 probare
2636 1890 2906 1948 nituntur
2952 1889 3158 1960 stellis,
3203 1892 3357 1964 quod
3408 1909 3524 1949 uno
3573 1895 3794 1954 oriente

2150 1977 2297 2034 alter
2335 1978 2567 2036 occidit.
2602 1979 2720 2036 Hoc
2771 1995 3007 2052 quoque
3035 1979 3144 2037 soli
3175 1979 3259 2037 sic
3308 1986 3605 2054 coeptant,
3635 1988 3791 2057 quod

2152 2085 2308 2124 unus
2339 2068 2614 2140 idemque
2643 2068 2816 2125 modo
2841 2068 2901 2125 in
2933 2068 3051 2126 una
3080 2070 3289 2127 mundi
3320 2071 3653 2144 descendat,
3677 2088 3797 2134 ωσι

2151 2157 2225 2213 do
2254 2156 2315 2213 in
2347 2173 2643 2214 summam
2668 2161 2937 2235 resurgat
2965 2154 3355 2216 altitudinem.

2222 2245 2426 2303 Cancri
2460 2244 2809 2320 signiﬁcatio
2828 2247 2888 2304 in
2920 2248 3228 2322 propatulo
3259 2253 3366 2319 est,
3382 2253 3538 2323 quod
3566 2252 3792 2314 sicutid

2152 2350 2339 2410 genus
2370 2336 2653 2395 animalis
2663 2337 2848 2396 versis
2860 2338 3133 2413 vestigiis
3158 2342 3312 2397 retro
3328 2339 3565 2412 incedit,
3578 2342 3664 2400 ita
3681 2345 3789 2413 sol,

2152 2442 2286 2482 cum
2310 2426 2381 2482 ad
2412 2424 2523 2483 hoc
2544 2426 2782 2501 signum
2812 2428 3052 2499 venerit,
3079 2427 3231 2487 ultra
3252 2431 3537 2489 scandere
3563 2448 3677 2490 non
3695 2450 3792 2490 va-

2152 2514 2279 2572 lens
2309 2515 2584 2574 inferiora
2606 2517 2833 2591 repetit,
2857 2517 3145 2576 celebrato
3165 2518 3226 2576 in
3249 2523 3457 2592 quarta
3485 2520 3614 2593 ejus
3633 2528 3796 2597 parte

2153 2604 2423 2672 solstitio,
2457 2605 2514 2659 id
2563 2609 2654 2660 est
2707 2623 2787 2662 xu
2835 2606 2964 2662 Kal.
2996 2606 3159 2674 Julii,
3200 2608 3355 2664 unde
3405 2608 3561 2669 idem
3609 2617 3793 2671 ortus.

2153 2694 2300 2750 Nam
2330 2696 2449 2749 tres
2480 2697 2622 2749 sunt
2652 2691 3005 2765 principales
3034 2697 3200 2749 ortus
3238 2710 3603 2768 occasusque
3630 2701 3794 2771 solis,

2154 2780 2378 2838 scilicet
2406 2779 2713 2849 brumalis,
2738 2778 3178 2851 aquinoctial-is,
3210 2784 3268 2837 et
3297 2780 3568 2840 borealis.
3594 2786 3709 2845 Iste
3725 2791 3797 2846 de

2154 2882 2270 2945 quo
2318 2869 2635 2944 loquimur,
2682 2862 2754 2937 is,
2804 2866 3070 2941 inquam,
3103 2872 3267 2927 ortus
3314 2868 3620 2943 Therinos,
3657 2870 3800 2935 Tro-

2155 2961 2317 3032 pices
2356 2960 2550 3016 Graece
2596 2960 2838 3014 vocatur
2866 2956 3018 3023 θερος,
3049 2957 3108 3014 id
3167 2963 3258 3017 est
3313 2963 3505 3032 aestas,
3560 2979 3797 3039 compo-

2154 3046 2265 3190 sitlo
2315 3047 2553 3104 nomine
2603 3064 2637 3103 a
2687 3046 2966 3119 qualitate
3005 3049 3285 3123 temporis
3330 3053 3389 3107 et
3422 3054 3798 3114 conversione

2155 3151 2221 3190 so
2246 3152 2319 3190 ιε.

2155 3151 2319 3192 80118.

402 3224 754 3293 litterse,iter
781 3218 927 3278 illud
959 3218 1123 3289 solis,
1136 3236 1240 3292 per
1266 3220 1437 3291 cujus
1466 3219 1799 3277 discursum
1821 3238 2043 3278 annum
2074 3228 2118 3297 α
2230 3225 2494 3297 Sequens
2526 3224 2763 3297 signum
2796 3226 3004 3283 Leonis
3035 3226 3250 3283 dicitur
3271 3229 3344 3285 ob
3374 3228 3534 3287 illius
3552 3234 3795 3304 mensis,

403 3315 595 3390 explet
640 3310 950 3380 circulum,
998 3309 1059 3366 in
1109 3308 1417 3366 duodecim
1464 3309 1731 3383 partibus
1778 3326 2048 3370 emensos

401 3408 653 3466 testatur
667 3398 1019 3459 Macrobius.
1032 3398 1215 3468 Quod,
1232 3414 1350 3471 qua
1361 3398 1658 3478 industria
1677 3399 2046 3475 fecerint,qui

404 3494 637 3572 plenius
658 3506 831 3548 nosse
851 3489 1162 3557 desiderat,
1176 3488 1441 3561 ejusdem
1464 3489 1740 3546 Macrobii
1758 3507 2049 3547 commen-

400 3589 529 3643 tum
560 3584 630 3640 de
658 3582 877 3639 Somno
905 3576 1162 3651 Cipionis
1192 3576 1326 3652 (sic)
1356 3577 1547 3653 legere
1589 3580 1840 3635 studeat.
1883 3580 2045 3652 Ipsas

402 3677 598 3733 autem
623 3674 818 3746 partes
846 3668 1162 3726 subsecuta
1176 3667 1483 3738 posteritas
1494 3667 1684 3742 primo
1705 3668 2049 3742 generaliter

402 3764 572 3838 signo
603 3757 934 3833 appellavit.
958 3756 1121 3813 Unde
1150 3754 1340 3813 eidem
1370 3757 1609 3830 sphaerae
1640 3755 1833 3813 Graece
1860 3757 2052 3814 zodia-

402 3871 522 3921 cos,
555 3848 759 3907 Latine
787 3848 983 3904 autem
1014 3843 1279 3918 signiferi
1310 3861 1523 3903 nomen
1561 3844 1905 3919 impositum
1934 3850 2041 3904 est.

401 3941 624 4000 Deinde
653 3935 903 4012 singulis
933 3933 1117 4009 signis
1149 3938 1304 3992 certa
1333 3933 1547 3991 indidit
1581 3935 1884 4003 vocabula,
1917 3953 2047 4008 quo:

401 4034 581 4104 poetae
613 4027 852 4101 quidem
882 4024 1125 4083 ridicule
1153 4024 1474 4092 ﬂuxerunt;
1506 4024 1607 4080 sed
1638 4025 1739 4096 qui
1770 4025 2049 4081 dicuntur

400 4115 759 4193 philosophi,
791 4112 1147 4185 quibusdam
1185 4113 1446 4186 physicis
1496 4113 2044 4171 adumbrationibus

400 4205 663 4266 colorare
704 4201 820 4259 nisi
861 4204 1021 4257 sunt.
1056 4201 1166 4257 Sed
1218 4216 1323 4257 nos
1353 4201 1453 4273 (ita
1491 4201 1653 4272 cod.),
1687 4202 1949 4274 poeticis,
1984 4203 2045 4259 in

400 4295 620 4370 quibus
639 4290 975 4349 nullainest
989 4288 1108 4345 veri
1131 4288 1418 4358 soliditas,
1437 4289 1788 4363 posthabitis
1806 4290 2044 4363 ﬁgmen.

400 4384 500 4454 tis,
532 4379 892 4441 naturalium
924 4394 1120 4435 rerum
1151 4394 1341 4451 pauca
1367 4394 1496 4451 quis
1534 4379 1606 4435 de
1652 4382 1911 4437 veterum
1942 4396 2042 4453 po-

398 4474 624 4535 tuimus
654 4485 855 4529 eruere
884 4465 1343 4534 commentariis,
1358 4467 1613 4527 inserere
1644 4485 1758 4526 non
1780 4468 2046 4527 videatur

2154 3313 2403 3386 Augusti
2434 3313 2675 3383 scilicet,
2708 3313 3205 3372 ferventissimam
3235 3320 3489 3391 tempus,
3522 3320 3665 3392 quia
3708 3323 3798 3381 leo

2157 3402 2378 3460 casteria
2408 3402 2764 3461 animalibus
2794 3403 2984 3461 calore
3012 3408 3288 3478 praestare
3318 3408 3593 3479 creditur,
3611 3413 3796 3484 quod-

2157 3508 2271 3564 que
2303 3493 2414 3547 Leo
2446 3492 2641 3565 priore
2661 3496 2829 3566 parte
2855 3492 3104 3564 validus,
3120 3495 3438 3567 posteriore
3458 3498 3797 3573 degenerat;

2156 3579 2309 3635 sicut
2364 3579 2449 3637 sol
2501 3599 2533 3638 e
2578 3579 2771 3637 medio
2820 3579 2920 3638 illo
2971 3583 3139 3656 signo
3180 3584 3306 3656 jam
3339 3584 3492 3642 circa
3536 3600 3798 3646 mensem

2155 3668 2558 3741 Septembrem
2605 3673 2784 3727 aestus
2833 3671 2925 3728 sui
2975 3672 3242 3730 ardorem
3288 3674 3458 3733 nobis
3518 3677 3801 3736 duntaxat

2155 3756 2425 3831 mitigare
2444 3758 2669 3834 incipit.

2224 3847 2358 3904 Jam
2381 3864 2516 3905 vero
2544 3848 2659 3922 ipsi
2681 3850 3007 3922 Septembri
3025 3850 3324 3923 Virginem
3346 3853 3798 3925 deputaverunt;

2155 3935 2311 4006 quod
2342 3953 2409 3993 eo
2440 3952 2641 3993 mense
2672 3938 2874 3994 effecta
2896 3939 3023 4008 jam
3053 3940 3208 3994 terra
3238 3938 3652 3998 nihilfructum
3681 3942 3801 4016 gig-

2155 4028 2276 4079 nat.

2228 4111 2678 4184 Libram,quam
2708 4112 2769 4168 in
2799 4113 3032 4169 trutinae
3054 4113 3307 4186 effigiem
3335 4114 3610 4186 formant,
3628 4118 3801 4191 aequi-

2154 4200 2464 4257 noctialem
2495 4199 2607 4257 diei
2639 4200 2943 4275 noctisque
2973 4201 3349 4276 parilitatem,
3368 4220 3552 4276 quam
3580 4205 3640 4262 in
3671 4208 3800 4280 ejus

2153 4292 2362 4361 quarta
2402 4293 2567 4362 parte
2617 4289 2703 4346 sol
2752 4290 3093 4363 exsequitur
3134 4295 3439 4360 autumno,
3472 4292 3530 4348 id
3581 4299 3671 4352 est
3718 4314 3797 4353 ιιι

2154 4375 2279 4434 Kal.
2331 4377 2589 4447 Octobr.,
2638 4378 2964 4447 insinuant,
3015 4378 3170 4445 sicut
3221 4379 3281 4436 in
3334 4380 3546 4439 Arietis
3586 4389 3799 4456 quarta

2151 4470 2316 4538 parte
2345 4483 2542 4536 verno,
2574 4467 2633 4524 id
2660 4471 2751 4525 est
2775 4486 2854 4524 xu
2889 4467 3010 4525 Kal.
3042 4468 3225 4541 April.
3258 4469 3329 4526 Et
3373 4469 3435 4526 hi
3463 4476 3605 4530 sunt
3633 4477 3798 4532 ortus

398 4577 737 4622 onerosum.
772 4556 955 4632 Igitur
983 4556 1220 4616 zodiaco
1266 4556 1381 4630 ipsi
1427 4574 1493 4615 eo
1549 4557 1674 4617 loco
1720 4557 2046 4616 tribuentes
2074 4603 2118 4632 η
2148 4555 2237 4612 vel
2291 4573 2553 4627 occasus,
2605 4573 2859 4630 quorum
2911 4562 3155 4631 uterque
3201 4557 3569 4629 isemerinos,
3600 4561 3660 4618 id
3706 4552 3799 4620 est

396 4650 654 4723 initium,
686 4664 802 4722 quo
832 4645 1016 4705 solem
1045 4661 1181 4703 mox
1208 4646 1427 4705 factum
1459 4649 1689 4705 constat
1726 4662 1855 4703 esse
1882 4644 2040 4704 loca-

397 4738 621 4806 tum,id
650 4734 849 4807 est,ab
879 4752 948 4793 eo
977 4733 1165 4808 signo,
1185 4736 1340 4808 quod
1369 4752 1440 4791 xv
1471 4735 1594 4792 Kal.
1623 4734 1804 4809 April.
1828 4734 2046 4791 intrare

397 4828 634 4896 dicitur,
660 4842 836 4899 quem
866 4823 1121 4899 primum
1147 4824 1328 4881 fuisse
1359 4824 1512 4882 diem
1543 4824 1807 4881 saeculiet
1836 4827 2044 4896 quarto

397 4916 611 4979 abhinc
668 4932 730 4972 se
786 4918 1046 4972 creatum
1104 4912 1493 4986 aequinoctiali
1550 4913 1642 4970 die
1688 4914 1910 4969 ratione
1957 4912 2044 4969 sol

394 5007 517 5063 iose
544 5008 817 5075 testatur,
834 5003 991 5071 idem
1024 5000 1345 5075 principale
1374 5002 1611 5075 signum
1642 5001 1811 5074 quasi
1831 5001 2043 5058 Arietis

395 5093 634 5152 nomine
663 5096 1035 5161 vocaverunt,
1069 5109 1140 5148 ex
1166 5095 1375 5148 natura
1405 5091 1594 5163 ipsius
1623 5090 1896 5147 animalis
1928 5094 2040 5146 tra-

392 5185 568 5240 hente
597 5180 945 5239 vocabulum
978 5179 1385 5236 similitudinis
1415 5181 1488 5236 ad
1537 5180 1912 5236 efﬁcientiam
1943 5197 2033 5235 s0-

391 5273 486 5342 lis,
520 5271 640 5328 sive
669 5270 825 5343 quod
858 5268 915 5324 id
948 5268 1165 5325 animal
1206 5269 1493 5343 praecipue
1540 5267 1816 5325 cornibus
1862 5268 2032 5336 valet,

391 5362 545 5419 sicut
574 5359 659 5417 sel
691 5360 762 5416 ab
803 5375 870 5416 eo
919 5362 1179 5429 tempore
1227 5359 1299 5413 ad
1348 5359 1748 5414 resolvendam
1795 5361 2031 5425 terram,

389 5455 629 5508 eatenus
670 5446 924 5505 brumali
974 5445 1141 5520 rigali
1189 5451 1540 5517 concretam,
1572 5447 1869 5504 radiorum
1915 5447 2033 5504 vim

386 5555 652 5597 exercere
679 5536 903 5610 incipit,
937 5535 1057 5593 sive
1086 5535 1241 5608 quod
1291 5535 1367 5590 ab
1414 5551 1480 5591 eo
1529 5535 1875 5608 aequinoctio
1928 5552 2030 5608 per

385 5633 567 5686 totam
581 5630 842 5683 asstatem
864 5640 1051 5698 usque
1068 5625 1140 5681 ad
1154 5622 1312 5680 aliud
1329 5622 1743 5696 aequinoctium
1764 5625 2033 5682 dextrum

2071 4603 2119 4670 D

2150 4643 2573 4719 aequinoctialis
2602 4645 2950 4720 appellatur.

2220 4737 2294 4792 At
2321 4752 2455 4792 vero
2486 4736 2764 4809 Scorpius
2795 4735 3095 4793 aculeatus
3123 4740 3181 4794 et
3209 4737 3560 4811 Sagittarius
3589 4740 3664 4797 ad
3693 4757 3795 4798 ex-

2151 4824 2491 4897 primendos
2516 4825 2873 4898 grandinum
2903 4825 3056 4883 ictus
3085 4830 3144 4882 et
3180 4830 3587 4900 tempestatem
3632 4827 3794 4888 illius

2151 4913 2430 4986 temporis
2460 4918 2601 4969 sunt
2626 4913 3048 4971 locati.Pra:ter
3074 4915 3234 4972 hunc
3264 4916 3634 4990 Sagittarius,
3666 4935 3797 4991 pos-

2149 5005 2338 5058 trema
2367 5006 2529 5074 parte
2558 5002 2620 5059 in
2652 5002 2837 5059 ferina
2867 5005 3132 5062 membra
3161 5006 3542 5077 degenerans,
3575 5007 3793 5079 signiti-

2150 5095 2243 5146 cat
2272 5090 2455 5147 solem
2488 5096 2628 5148 tunc
2663 5092 2941 5165 temporis
2964 5112 2997 5149 a
3027 5093 3256 5167 superis
3276 5092 3336 5148 in
3368 5093 3793 5152 inﬁmadetru-

2143 5196 2298 5235 sum.

2214 5268 2548 5341 Capricorni
2581 5270 3033 5344 signiﬁcantium
3053 5269 3238 5327 oculis
3262 5269 3439 5326 etiam
3471 5271 3791 5344 deprehen-

2144 5358 2277 5414 dere
2307 5357 2580 5431 perfacile
2599 5365 2706 5417 est.
2722 5361 2968 5432 Capram
2991 5358 3148 5415 enim
3168 5357 3229 5413 in
3251 5360 3546 5429 pascendo
3558 5362 3631 5419 ab
3653 5362 3787 5419 imis

2144 5445 2260 5502 alta
2290 5450 2485 5519 petere
2514 5465 2746 5520 semper
2776 5463 2944 5502 nemo
2974 5449 3064 5503 est
3092 5444 3192 5517 qui
3227 5446 3468 5506 nesciat.
3492 5449 3654 5508 Sicut
3676 5449 3788 5522 sig-

2142 5552 2284 5592 num
2315 5535 2424 5592 hoc
2458 5536 2639 5593 solem
2671 5534 2841 5590 nobis
2871 5535 2943 5591 ab
2975 5534 3180 5592 inferis
3211 5536 3479 5608 partibus
3510 5539 3583 5594 ad
3611 5553 3783 5610 supe-

2143 5624 2295 5682 riora
2324 5625 2586 5694 remittit,
2620 5627 2914 5682 transacto
2960 5623 3021 5682 in
3071 5629 3281 5697 quarta
3328 5628 3492 5700 parte
3532 5625 3646 5695 sui,
3681 5626 3783 5699 qui
