4166 6172
386 318 469 387 25

1671 315 1904 381 LIBER
1959 314 2061 379 DE
2102 310 2494 381 COMPUTO.

3703 310 3791 376 26

390 462 480 517 est
506 474 587 516 χιι
619 456 744 517 Kal.
770 454 1051 527 Januarii,
1075 454 1300 515 solsitio
1331 443 1612 525 brumali,
1630 454 1781 510 sicut
1808 453 1865 509 in
1892 453 2030 509 Can-
2056 456 2116 528 Α
2150 450 2473 510 meditullio
2502 451 2707 522 locata,
2726 454 2781 509 et
2807 455 3043 510 econtra
3074 450 3422 509 altrinsecus
3458 452 3666 524 posita,
3690 468 3785 508 ve-

393 566 490 607 cro
521 547 782 606 mstivali.
818 547 977 605 Unde
1008 546 1183 604 etiam
1215 548 1325 604 hoc
1358 546 1616 618 signum,
1641 543 1792 601 sicut
1808 547 1866 600 et
1884 542 2029 598 illud

392 640 680 712 trepicon,
714 638 770 693 id
821 643 909 694 est
954 636 1352 705 convertibile,
1404 634 1748 708 appellatur.
1780 634 1851 689 Et
1899 633 2035 688 inde

393 728 518 783 haec
549 728 716 800 signa
758 726 1093 800 philosophi
1142 729 1343 797 portas
1390 724 1529 781 solis
1575 721 2030 797 appellaverunt,

396 818 552 890 quod
600 817 658 872 in
712 820 963 889 utroque
1009 832 1236 883 eorum,
1271 814 1534 871 obviante
1576 811 1845 880 solstitio,
1879 811 2033 868 ultra

394 908 523 979 ejus
542 905 923 979 prohibeatur
935 921 1233 960 ascensus.
1248 903 1567 960 Solstitium
1590 905 1787 959 autem
1809 901 2032 958 dictum

394 1014 511 1052 non
544 1011 662 1067 quo
693 993 877 1049 solem
929 991 1239 1065 aliquando
1285 995 1437 1049 stare
1480 991 1557 1048 sit
1602 991 1897 1060 credibile,
1933 992 2031 1048 sed

394 1081 747 1140 brevissima
776 1081 877 1137 illa
906 1081 1109 1154 spatia,
1143 1082 1357 1153 quibus
1390 1097 1685 1137 summam
1733 1080 1821 1137 vel
1852 1080 2033 1135 imam

398 1170 618 1228 zodiaci
645 1174 865 1244 partem
896 1169 1143 1242 attingit,
1170 1170 1277 1226 hoc
1320 1170 1557 1227 nomine
1594 1174 1866 1227 censetur
1896 1170 2031 1241 (cod.

399 1260 706 1330 censetur),
727 1259 879 1331 quod
911 1262 1102 1315 atomo
1130 1259 1253 1315 fieri
1271 1259 1415 1315 nulli
1445 1261 1691 1316 dubium
1724 1260 2039 1317 est.Scien-

399 1336 538 1406 dum
555 1364 782 1421 quoque
800 1347 908 1402 hoc
931 1347 1180 1404 solstitio
1193 1348 1348 1403 diem
1362 1348 2037 1416 brevissimum,noctem

392 1456 524 1494 vero
546 1436 953 1510 longissimam
975 1438 1124 1505 fieri,
1141 1437 1296 1493 sicut
1314 1442 1553 1494 econtra
1571 1439 1821 1495 solstitio
1846 1439 2040 1494 aestivo

392 1531 622 1583 noctem
643 1526 1056 1582 brevissimam
1067 1525 1344 1598 diemque
1359 1527 1760 1599 longissimam
1771 1529 1949 1600 ,quod
1960 1544 2046 1583 ra-

393 1614 554 1672 tione
583 1614 939 1671 circulorum
969 1617 1253 1686 terraque
1284 1613 1628 1686 globositatc
1668 1615 1792 1671 ﬁeri
1824 1615 2045 1688 liquido

400 1707 578 1778 patet.
611 1701 916 1775 Siquidem
949 1702 1177 1776 sphaera
1207 1701 1305 1759 illa
1336 1702 1607 1770 caelestis,
1629 1721 1734 1777 per
1760 1721 1936 1778 quam
1959 1720 2048 1761 ιο-

399 1791 627 1849 diactea
650 1792 806 1848 linea
834 1790 1088 1859 ducitur,
1122 1793 1193 1847 ad
1241 1790 1577 1864 aquilonem
1619 1810 1797 1866 super
1824 1799 2040 1851 terram

396 1881 685 1937 altissime
714 1883 998 1953 porrecta,
1024 1879 1344 1937 breviorem
1377 1882 1468 1937 sui
1499 1885 1720 1954 partem
1754 1884 1865 1939 sub
1886 1887 2043 1940 terra

394 1969 566 2027 nobis
597 1969 870 2026 occultat.
904 1968 1153 2025 Econtra
1184 1969 1253 2026 ad
1288 1974 1555 2027 austrum
1598 1982 1774 2046 snper
1822 1977 2041 2030 terram

395 2076 605 2135 parum
633 2057 881 2128 elata,in
914 2058 1270 2117 immensum
1294 2061 1404 2117 sub
1431 2065 1585 2119 terra
1606 2063 2047 2137 porrigitur.Zo-

397 2149 600 2207 diacus
629 2148 1079 2221 vero,quoniam
1107 2166 1223 2207 non
1253 2149 1313 2206 in
1345 2150 1629 2209 directum
1660 2151 1860 2210 circuli
1882 2169 2044 2210 more

400 2239 652 2307 ducitur,
667 2239 770 2295 sed
803 2239 864 2295 in
889 2256 1046 2297 zonae
1078 2242 1318 2297 modum
1349 2258 1383 2297 a
1412 2241 1849 2315 septentrionali
1870 2243 2043 2319 plaga

401 2330 461 2386 in
492 2327 958 2397 meridionalem,
992 2329 1051 2385 id
1100 2336 1207 2399 est,
1251 2332 1322 2388 ab
1374 2336 1604 2389 arcturo
1652 2335 1724 2389 ad
1777 2338 2042 2391 austrum

405 2417 765 2490 obliquatur,
800 2418 1050 2475 alterum
1095 2436 1127 2476 e
1174 2421 1437 2492 tropicis,
1466 2422 1526 2476 id
1574 2426 1682 2489 est,
1731 2418 2040 2492 Cancrum,

407 2506 624 2564 boreali
650 2524 663 2562 :
699 2506 943 2564 alterum
973 2510 1204 2577 vero,id
1235 2509 2047 2582 est,Capricornum,australi

409 2595 542 2670 polo
562 2597 888 2669 proximum
911 2601 1120 2671 gestat.
1134 2597 1299 2655 Unde
1312 2598 1378 2653 iit
1397 2602 1463 2655 ut
1477 2600 1801 2656 secundum
1824 2600 2047 2673 spherae

408 2684 656 2742 ccelestis
686 2686 1133 2759 positionem,in
1164 2704 1281 2760 qua
1302 2687 1473 2761 signa
1493 2692 1632 2745 sunt
1650 2690 1783 2769 fixa,
1798 2705 2051 2764 superne

406 2775 625 2831 Cancer
653 2776 877 2832 caeteris
906 2776 1094 2850 signis
1111 2795 1147 2833 a
1175 2782 1334 2835 terra
1349 2778 1644 2848 remotior,
1661 2779 2054 2852 Capricornus

404 2864 671 2933 vicinior,
705 2868 763 2921 et
792 2869 1030 2922 econtra
1057 2866 1304 2923 inferius
1333 2867 1552 2923 Cancer
1577 2871 1745 2923 terra;
1786 2867 2049 2935 vicinior,

407 2953 798 3026 Capricornus
825 2954 905 3011 sit
935 2954 1230 3011 remotior.
1264 2955 1362 3012 Sol
1391 2971 1545 3025 vero,
1577 2955 1713 3013 licet
1741 2973 1856 3015 non
1888 2956 1966 3014 sit
1993 2957 2055 3014 in

409 3041 557 3100 caelo
583 3043 758 3111 ﬁxus,
788 3048 989 3101 tamen
1018 3043 1158 3117 quia
1185 3043 1461 3118 signifero
1491 3044 1785 3116 suti‘ertur,
1818 3060 2057 3104 necesse

2142 541 2249 598 luti
2273 544 2526 617 quodam
2548 543 2829 601 diametro
2851 544 3151 601 zodiacum
3174 544 3474 618 aequaliter
3493 546 3782 617 dividunt,

2144 632 2534 705 utrolibetque
2562 648 2759 689 eorum
2791 633 3009 690 oriente
3040 634 3286 690 alterum
3317 634 3546 705 occidit,
3563 642 3619 693 et
3651 655 3784 694 cum

2144 737 2329 775 unum
2363 722 2657 794 superius,
2685 721 2932 778 alterum
2972 722 3213 780 inferius
3262 725 3486 782 obtinet
3516 732 3783 784 centrum

2143 812 2632 883 tantumdemque
2664 812 2733 867 de
2762 812 2997 869 zodiaco
3027 814 3097 868 ab
3130 818 3375 885 utraque
3406 820 3569 887 parte
3590 818 3782 874 habet.

2142 901 2438 966 Quantum
2450 899 2607 956 enim
2622 901 2985 957 ascensionis
2997 906 3085 956 est
3100 903 3614 974 aCapricorno,om
3624 907 3784 962 nium

2142 987 2443 1061 signorum
2478 990 2702 1057 inﬁmo,
2750 1006 2937 1062 usque
2969 991 3039 1046 ad
3070 990 3345 1058 Arietem,
3389 994 3789 1065 mquinortiale

2143 1077 2400 1151 signum,
2436 1079 2800 1135 tantumdem
2834 1079 2905 1134 ab
2938 1078 3065 1152 ipso
3096 1080 3288 1135 Ariete
3315 1098 3503 1155 usque
3536 1086 3607 1140 ad
3642 1086 3790 1141 Can-

2144 1185 2329 1234 crum,
2353 1170 2614 1224 omnium
2649 1185 2949 1225 summum
2983 1168 3467 1243 signorum.ltem
3500 1182 3790 1246 quantum

2144 1261 2233 1312 est
2261 1257 2659 1313 descensionis
2674 1260 2744 1313 ab
2757 1259 2960 1314 eodem
2974 1259 3191 1315 Canem
3220 1276 3408 1333 usque
3435 1263 3507 1318 ad
3532 1262 3786 1330 Libram,

2147 1345 2305 1401 aliud
2325 1347 2726 1419 requinoctiale
2757 1347 3015 1421 signum,
3034 1350 3399 1407 tantumdem
3419 1354 3492 1408 ab
3515 1369 3582 1409 ea
3604 1372 3791 1427 usque

2150 1435 2220 1489 ad
2252 1435 2391 1490 item
2423 1435 2861 1509 Capricornum.
2894 1438 3041 1494 Cum
3071 1455 3206 1512 ergo
3247 1438 3468 1496 Cancer
3515 1443 3792 1501 omnibus

2153 1522 2480 1589 sublimior,
2505 1529 2561 1579 et
2577 1524 2962 1597 Capricornus
2993 1527 3610 1603 sithumilior,liquido
3631 1550 3795 1589 cons-

2152 1614 2241 1666 tat
2271 1610 2371 1667 illo
2400 1612 2462 1668 in
2491 1612 2684 1669 medio
2715 1613 2903 1686 posita
2949 1616 3214 1685 ejusdem
3263 1634 3391 1672 esse
3438 1619 3786 1678 altitudinis.

2153 1700 2305 1757 Hinc
2334 1702 2400 1756 fit
2426 1706 2491 1757 ut
2520 1718 2653 1758 cum
2685 1702 2771 1759 sol
2803 1704 2874 1759 ad
2906 1707 3105 1760 utrum
3138 1704 3347 1762 horum
3380 1707 3681 1779 signorum
3702 1728 3796 1766 ac-

2153 1790 2414 1856 cesserit,
2429 1788 2569 1863 quia
2598 1806 2704 1864 per
2733 1791 2987 1847 mediam
3008 1794 3297 1865 sphaeram
3330 1795 3542 1867 agitur,
3556 1796 3711 1854 diem
3733 1815 3797 1855 ac

2152 1881 2385 1934 noctem
2414 1879 2598 1952 aequis
2628 1880 2835 1953 spatiis
2866 1882 3024 1937 omni
3058 1884 3282 1940 mundo
3314 1885 3436 1940 sive
3466 1903 3664 1959 supra,
3682 1887 3801 1945 sive

2149 1965 2304 2023 infra
2333 1967 2692 2025 dimetiatur.
2708 1971 2890 2037 Quem
2910 1970 3085 2039 diem,
3116 1988 3253 2028 cum
3285 1972 3433 2030 ratio
3453 1974 3526 2030 ab
3549 1979 3799 2049 utraque

2150 2061 2314 2131 parte
2343 2056 2642 2131 et:diurna
2664 2057 2933 2116 videlicet
2976 2065 3034 2116 et
3069 2064 3376 2131 nocturna,
3412 2063 3797 2122 nihilominus

2151 2146 2224 2204 ab
2251 2147 2381 2220 ipsa
2410 2146 2739 2221 aequalitate
2759 2147 2949 2207 vocari
2980 2149 3285 2226 coegisset,
3319 2168 3445 2222 nec,
3468 2156 3535 2209 ut
3565 2168 3713 2224 reor,
3737 2155 3797 2211 in

2152 2240 2359 2293 neutra
2386 2238 2496 2294 hac
2527 2238 2865 2313 linguarum
2898 2239 3096 2296 Graaca
3127 2258 3192 2298 ac
3247 2240 3453 2299 Latina
3498 2258 3567 2299 ex
3608 2243 3800 2301 tribus

2154 2326 2466 2401 generibus
2489 2327 2583 2385 his
2614 2329 2889 2386 omnibus
2924 2346 2936 2385 :
2971 2330 3390 2403 aequitate,die,
3407 2336 3595 2400 nocte,
3612 2349 3797 2389 unum

2151 2417 2501 2473 vocabuium
2532 2419 2828 2476 eufonicos
2858 2419 3224 2476 comminisci
3253 2421 3560 2493 potuisset,
3580 2422 3800 2479 factum

2154 2510 2341 2575 est,ut
2373 2508 2432 2564 in
2466 2505 2646 2564 altera
2667 2525 2701 2563 a
2728 2507 2967 2564 meliore
2988 2512 3172 2583 parte,
3202 2509 3259 2566 id
3282 2514 3370 2567 est
3390 2510 3503 2578 die,
3534 2512 3595 2567 in
3620 2512 3802 2569 altera

2156 2611 2190 2650 a
2219 2596 2522 2665 deteriore,
2557 2597 2616 2653 id
2647 2601 2756 2666 est,
2790 2603 2959 2654 nocte
3003 2597 3396 2672 appellaretur
3442 2600 3504 2656 in
3554 2606 3803 2674 utraque

2157 2682 2361 2756 lingua
2391 2685 2682 2759 aequitatis
2712 2686 3272 2757 adiectioneLatine
3303 2688 3482 2761 igitur
3512 2690 3802 2762 aequinoc-

2159 2772 2310 2827 tium
2343 2774 2413 2828 ab
2446 2774 2738 2845 aequitate,
2772 2779 2829 2829 et
2857 2779 3045 2839 nocte,
3078 2776 3273 2831 Graece
3305 2782 3501 2833 autem
3537 2778 3806 2835 isemeria

2162 2860 2397 2916 dicitur.
2424 2862 2589 2928 Quod
2622 2861 2671 2917 si
2711 2861 3046 2918 absurditas
3095 2861 3331 2932 sineret,
3366 2863 3646 2935 aequidies
3693 2867 3806 2923 dici

2162 2948 2468 3021 potuisset.
2502 2949 2628 3007 Duo
2660 2953 2956 3024 postrema
2986 2950 3206 3007 zodiaci
3238 2946 3734 3025 signa,Aquarius
3753 2960 3809 3012 et

2163 3034 2379 3107 Pisces,
2411 3040 2483 3095 ob
2515 3036 2846 3097 imbriferos
2878 3055 3111 3097 menses
3138 3044 3279 3097 sunt
3310 3038 3621 3115 appellata.
3656 3044 3808 3101 Sane

412 3135 501 3188 est
528 3135 595 3188 ut
624 3132 952 3190 secundum
982 3133 1111 3206 ejus
1140 3132 1558 3191 convexitatem
1586 3133 1674 3192 vel
1713 3137 1941 3213 ρι-ορίθι
1963 3135 2053 3193 νει
2098 3202 2139 3213 Α
2163 3127 2233 3184 de
2281 3126 2549 3185 solstitiis
2593 3129 2681 3187 vel
2728 3127 3094 3203 aaquinoctiis
3152 3129 3501 3188 manifestus
3548 3130 3714 3205 quid,
3758 3131 3806 3189 si

411 3220 644 3277 recedat
670 3238 706 3277 a
736 3202 1088 3280 terra.Unde
1118 3223 1178 3279 in
1208 3222 1430 3281 Cancro
1459 3202 1861 3298 positum-quia
1883 3240 2062 3300 super
2089 3202 2139 3276 (ἶ
2162 3216 2446 3275 Dominus
2476 3202 2992 3289 annuerit,sumus
3020 3218 3336 3293 exposituri
3366 3221 3539 3294 (infra
3557 3202 3675 3295 cap.
3692 3221 3803 3292 31).

410 3313 628 3366 terram
660 3309 987 3367 maximum
1018 3312 1170 3369 aeris
1199 3312 1459 3385 spatium
1490 3314 1579 3371 ab'
1610 3319 1742 3372 ortu
1772 3331 1962 3389 usque
1989 3316 2050 3373 in

413 3415 709 3469 occasum,
742 3403 944 3474 utpote
971 3401 1033 3456 in
1062 3401 1351 3459 altissima
1377 3403 1775 3477 progrediens,
1796 3406 2051 3474 conﬁcit,

414 3489 524 3545 sub
565 3492 723 3545 terra
766 3506 900 3545 vero
946 3490 1381 3560 brevissimum,
1416 3492 1635 3566 quippe
1679 3494 1782 3566 qui
1830 3493 2053 3551 ambitu

413 3580 580 3633 terra;
612 3580 844 3634 tantum
873 3577 1141 3650 lustrato,
1177 3580 1413 3637 festinat
1450 3582 1521 3637 ad
1554 3584 1768 3649 ortum,
1802 3583 2056 3639 tardiore

320 3672 337 3687 ’
416 3674 593 3723 cursu
639 3667 795 3723 diem
853 3668 1021 3724 nobis
1073 3670 1363 3741 producit,
1413 3671 1603 3727 ociore
1645 3674 1775 3727 ortu
1826 3675 2053 3727 noctem

418 3759 839 3824 coarctat.Quaa
860 3757 1063 3814 omnia
1083 3756 1143 3813 in
1166 3758 1517 3831 Capricorno
1566 3774 1669 3830 per
1698 3759 2056 3814 contrarium

414 3844 1509 3919 ﬁeri‘manifestumest,quiaquantum
1542 3846 1603 3901 in
1630 3845 1742 3902 isto
1766 3850 2062 3919 superter-

414 3950 538 3990 ram
567 3933 875 4003 exaltatur,
888 3938 1121 3992 tantum
1152 3935 1211 3991 in
1244 3934 1345 3991 illo
1374 3935 1485 3992 sub
1505 3933 2055 4007 terra-dimergitur;

412 4027 469 4080 et
498 4040 707 4080 rursus
735 4027 1021 4097 quantum
1050 4024 1113 4081 in
1142 4024 1254 4082 hoc
1279 4024 1389 4081 sub
1422 4024 1976 4090 terra,tan-tumdem
1998 4023 2058 4079 in

414 4110 512 4169 illo
541 4129 721 4186 super
745 4117 961 4169 terram
983 4113 1212 4171 itineris
1244 4114 1497 4171 conficit.
1527 4114 1690 4171 Unde
1720 4112 1846 4171 dies
1876 4111 2069 4169 estivi-

415 4218 548 4258 cum
580 4201 1264 4273 brumalibusnootibus,
1279 4207 1336 4259 et
1365 4218 1604 4262 rursum
1623 4206 1823 4260 noctes
1841 4202 2060 4259 hiema-

413 4290 496 4346 les
526 4304 661 4347 cum
694 4291 919 4349 aestivis
937 4291 1147 4349 diebus
1169 4292 1534 4365 longitudine
1555 4292 1673 4350 sive
1692 4292 2058 4349 brevitudine

416 4381 790 4436 concordant.
822 4380 1068 4454 Singula
1095 4382 1253 4438 enim
1283 4380 1454 4456 signa
1482 4399 1596 4439 non
1620 4380 1929 4453 obliquum
1953 4382 2055 4439 ha-

414 4468 552 4524 bent
583 4485 851 4538 cursum,
869 4474 937 4525 ut
963 4485 1034 4526 ea
1056 4486 1185 4543 quae
1220 4471 1279 4527 in
1321 4471 1716 4544 septentrione
1740 4470 2056 4544 aliquando

408 4558 740 4629 vergantad
780 4560 1074 4627 austrum,
1089 4562 1157 4614 ut
1193 4558 1432 4631 quidam
1473 4563 1702 4633 putant,
1730 4563 2057 4617 asserentes
2086 4570 2153 4645 Da

410 4645 617 4714 solem,
632 4663 767 4704 cum
794 4651 886 4704 est
906 4647 965 4703 in
988 4646 1228 4717 Cancro,
1244 4647 1303 4704 in
1325 4649 1418 4706 die
1438 4647 1721 4719 boreales,
1737 4652 2058 4707 noctevero

411 4734 723 4804 australes,
746 4740 803 4790 et
830 4740 1067 4792 econtra
1092 4735 1152 4792 in
1166 4736 1513 4809 Capricorno
1534 4737 1791 4810 positum
1812 4738 1907 4793 die
1928 4753 2059 4792 aus-

411 4822 607 4891 trales,
646 4826 813 4879 nocte
842 4824 1105 4881 boreales
1151 4826 1358 4882 mundi
1406 4826 1659 4883 lustrare
1707 4830 1921 4900 partes,
1955 4827 2055 4883 sed

412 4911 647 4987 singula
676 4911 736 4968 in
768 4912 1057 4970 directum
1088 4918 1306 4971 terram
1335 4917 1625 4985 ambiunt,
1648 4919 1705 4971 et
1735 4931 1913 4987 quam
1933 4931 2059 4988 par-

410 5005 527 5056 tem
560 5001 669 5057 soli
701 5001 793 5058 die
824 5018 1001 5075 super
1028 5007 1266 5072 terram,
1301 5006 1566 5062 eamdem
1619 5008 1786 5060 nocte
1829 5020 2061 5076 semper

412 5088 621 5145 lustrat
645 5091 754 5145 sub
784 5094 959 5148 terra.
979 5091 1345 5163 JEquinoetia
1374 5110 1516 5150 sane
1537 5110 1651 5148 non
1675 5093 1776 5164 ita,
1793 5096 1857 5147 ut
1872 5092 2061 5148 solsti-

410 5177 494 5232 tia
516 5182 744 5235 noctem
768 5180 1046 5251 diemque
1081 5178 1328 5245 variant,
1350 5183 1450 5235 sed
1491 5181 1549 5235 in
1592 5185 1839 5252 utroque
1858 5180 1982 5235 dies
2003 5185 2059 5235 et

418 5281 527 5320 nox
546 5268 728 5340 aequis
740 5284 1043 5325 morarum
1063 5266 1531 5324 dimensionibus
1551 5269 2056 5325 disterminantur.

415 5353 594 5426 Cujus
626 5356 709 5413 rei
732 5359 1023 5414 rationem
1053 5356 1325 5431 perfacile
1354 5354 1717 5429 inspicit,qui
1758 5358 2059 5430 praefatam

412 5442 795 5505 solstitiorum
818 5463 1075 5520 congrue
1097 5446 1396 5520 providam
1418 5444 1726 5501 curaverit.
1750 5446 2059 5518 Equinoc-

410 5532 570 5590 tialia
589 5535 748 5590 enim
772 5536 944 5607 signa
961 5551 1334 5609 nequaquam
1358 5539 1422 5592 ut
1444 5532 1964 5601 solstitia,alterum
1986 5535 2065 5591 al-

410 5625 531 5680 tero
550 5622 870 5681 sublimius
892 5629 982 5681 est
1000 5624 1088 5682 vel
1110 5625 1521 5695 humilius,sed
1535 5621 1705 5698 quasi
1724 5622 1785 5685 in
1806 5626 2062 5701 quodam

2804 3326 3037 3385 CAPUT
3065 3326 3161 3384 III.

2165 3415 2444 3491 Quomodo
2472 3416 2554 3472 sol
2584 3417 2645 3491 in
2672 3416 2859 3491 aliqua
2887 3417 3043 3491 signa
3080 3432 3193 3491 esse
3220 3416 3455 3491 dicatur,
3481 3435 3607 3474 cum
3648 3421 3810 3491 signa

2411 3489 2474 3544 in
2500 3489 2649 3552 acto,
2680 3487 2971 3543 sol’autem
2999 3490 3059 3543 in
3087 3488 3283 3545 (ethera
3310 3490 3561 3559 feratur?

2236 3586 2340 3642 Hic
2371 3589 2567 3642 autem
2597 3586 2931 3642 addendum
2964 3602 3095 3642 reor
3122 3603 3380 3658 quanam
3412 3588 3807 3655 ratione,cum

2164 3673 2437 3730 zodiacus
2468 3690 2586 3730 una
2615 3690 2750 3730 cum
2783 3674 2969 3747 signis
2998 3675 3058 3730 in
3090 3676 3233 3731 oculo
3263 3676 3415 3731 fixus
3445 3675 3695 3744 dicatur,
3722 3676 3807 3732 sol

2165 3765 2360 3816 autem
2391 3763 2561 3835 longe
2587 3763 2659 3817 ab
2688 3779 2754 3818 eo
2786 3762 2938 3818 infra
2964 3762 3195 3819 aetheris
3218 3763 3475 3835 spatium
3504 3764 3811 3833 feratur,in

2167 3849 2297 3919 ejus
2326 3849 2511 3921 signis
2541 3864 2735 3905 meare
2764 3851 3098 3905 asseratur?
3119 3851 3232 3905 Sed
3261 3851 3391 3920 ejus
3422 3851 3503 3904 rei
3525 3850 3671 3906 ratio
3692 3868 3810 3906 non

2167 3934 2457 3992 laborioso
2486 3940 2618 4008 eget
2648 3939 3013 4008 argumento.
3047 3937 3212 3991 Tunc
3242 3935 3397 3990 enim
3435 3950 3570 3990 cum
3604 3935 3665 3991 in
3707 3937 3810 3993 ali-

2167 4041 2285 4097 quo
2317 4023 2484 4097 signo
2515 4040 2642 4080 esse
2666 4022 2941 4089 dicimus,
2961 4038 3093 4079 cum
3126 4024 3185 4079 in
3217 4023 3309 4079 sui
3341 4022 3544 4080 circuli
3576 4024 3811 4099 regione

2167 4113 2469 4186 discurrit,
2484 4128 2613 4187 quae
2645 4112 2835 4169 eidem
2859 4112 3026 4186 signo
3043 4112 3305 4185 subjecta
3332 4118 3441 4183 est,
3456 4114 3539 4171 ita
3559 4118 3622 4171 ut
3644 4115 3810 4191 signo

2168 4218 2367 4276 supra,
2419 4206 2475 4259 et
2532 4201 2653 4258 sole
2701 4202 2912 4258 subtus
2960 4206 3229 4259 currente
3286 4201 3503 4275 pariter
3550 4202 3807 4273 feratur;

2168 4293 2324 4366 quod
2356 4308 2518 4365 seque
2550 4292 2620 4348 de
2651 4292 2875 4349 caateris
2904 4291 3155 4366 planetis
3186 4293 3559 4349 sentiendum
3588 4299 3699 4350 est.

2807 4389 3039 4447 CAPUT
3070 4389 3162 4448 IV.

2221 4481 2420 4538 Contra
2443 4496 2531 4539 eos
2553 4483 2647 4554 qui
2676 4481 2865 4539 dicunt
2887 4480 3137 4623 planam:
3166 4497 3245 4537 vn
3275 4490 3462 4539 contra
3488 4482 3756 4537 mundum

2927 4568 3062 4608 em.

2927 4568 3062 4608 em.

2241 4641 2388 4698 Illud
2402 4646 2598 4698 autem
2622 4657 2717 4699 me
2737 4658 2854 4699 non
2872 4640 3244 4698 mediocriter
3254 4644 3445 4698 movet
3462 4639 3620 4712 quod
3641 4638 3811 4694 multi

2168 4734 2531 4802 asseverant,
2558 4734 2617 4787 et
2645 4745 2790 4802 pene
2820 4744 3026 4786 omnes
3055 4729 3199 4786 artis
3229 4729 3409 4799 hujus
3447 4730 3811 4793 tractaturos,

2168 4820 2350 4877 solem
2365 4836 2430 4875 ac
2443 4819 2645 4874 lunam
2658 4823 3012 4891 caterasque
3023 4818 3288 4891 planetas
3300 4818 3503 4871 contra
3521 4814 3811 4869 mundum

2168 4911 2296 4966 niti.
2326 4910 2454 4965 Non
2485 4908 2641 4965 enim
2674 4908 3001 4982 perspicere
3033 4922 3182 4978 queo
3204 4904 3477 4975 quisnam
3504 4916 3602 4956 eas
3631 4902 3701 4957 ad
3724 4919 3815 4959 oc-

2169 5016 2369 5055 casum
2400 4999 2596 5069 ducat,
2612 4998 2659 5053 si
2691 5014 2893 5054 earum
2912 4992 3196 5050 naturalis
3225 4995 3420 5046 motus
3450 5006 3680 5064 semper
3696 4996 3815 5047 ten-

2168 5088 2255 5144 dit
2283 5088 2355 5142 ad
2386 5089 2620 5143 ortum?
2641 5088 2787 5142 Nam
2819 5084 2972 5155 quod
3006 5081 3209 5135 dicunt
3239 5096 3336 5135 eas
3368 5079 3588 5154 impetu
3620 5081 3813 5137 C(PIBS°

2166 5176 2243 5233 tis
2272 5176 2510 5248 sphmrm
2535 5173 2778 5247 impelli,
2800 5188 2978 5242 quam
3003 5169 3079 5225 sit
3104 5168 3371 5226 frivolum
3390 5169 3613 5243 liquido
3630 5174 3811 5241 patet,

2168 5282 2301 5322 cum
2353 5266 2515 5320 nulla
2562 5277 2765 5319 earum
2816 5259 3004 5333 ipsam
3057 5260 3346 5336 sphaeram
3397 5259 3667 5330 attingat,
3712 5258 3807 5311 sed

2170 5353 2593 5411 maximoint’ra
2622 5366 2749 5406 eam
2772 5348 3073 5408 intervallo
3086 5352 3369 5408 ferantur.
3382 5349 3807 5420 Argumentum

2170 5460 2313 5499 sane
2343 5441 2509 5509 illud,
2535 5456 2653 5511 quo
2685 5455 2746 5496 se
2775 5438 2832 5495 id
2866 5440 3110 5513 probare
3141 5437 3523 5503 contendunt,
3538 5434 3705 5492 facile
3726 5437 3814 5489 est

2171 5546 2462 5587 enervare.
2488 5528 2665 5586 Aiunt
2692 5529 2848 5587 enim
2880 5531 3033 5603 quod
3070 5544 3204 5585 cum
3226 5526 3394 5599 signa
3424 5524 3504 5580 ita
3526 5523 3645 5581 sint
3667 5521 3814 5578 ordi-

2172 5623 2308 5679 nata
2356 5621 2422 5675 ut
2471 5624 2603 5699 post
2646 5621 2899 5678 Arietem
2939 5621 3231 5712 sequatur
3268 5616 3523 5687 Taurus,
3556 5614 3811 5682 itemque
