4148 6184
345 270 424 334 27
1438 270 1854 339 HELPERICI
1896 275 2250 344 MONAGHI
2294 279 2359 345 S.
2407 280 2660 347 GALLI.
3673 292 3752 360 98

345 402 768 503 po.st_Tauru-m
800 398 1053 503 Gemini,
1084 404 1140 503 et
1174 399 1263 503 sic
1294 407 1499 503 caetera
1546 423 1650 482 per
1695 409 1985 480 ordinem,
2014 412 2071 482 Α
2109 413 2350 472 insimul
2401 434 2481 473 vu
2530 417 2900 478 solummodo
2949 420 3187 489 fuerint,
3218 421 3308 482 vel
3357 422 3576 494 minus,
3609 433 3751 503 quot

345 492 430 550 sol
461 493 537 549 de
556 491 752 550 Ariete
781 507 900 548 non
920 490 981 548 in
1004 491 1265 550 anterius
1295 493 1672 568 signum,sed
1703 499 1996 572 posterius
2104 504 2344 576 fuerint,
2375 523 2505 564 eam
2537 507 2684 565 scito
2715 526 2844 566 esse
2872 509 3077 568 feriam
3110 512 3524 576 Kalendarum.

343 583 585 652 secedit,
619 580 677 638 id
705 585 797 638 est
825 582 1112 650 Taurum,
1143 587 1200 638 et
1229 584 1301 640 de
1339 585 1532 642 Tauro
1581 586 1641 642 in
1693 588 1990 662 Geminos,

339 677 397 729 et
429 671 512 727 sic
539 689 644 744 per
669 675 914 738 caetera;
947 671 1116 744 quasi
1161 689 1275 729 non
1326 679 1525 747 posset
1567 675 1717 746 ﬁeri,
1750 682 1815 733 ut
1848 678 1990 736 coelo

338 763 592 834 desuper
623 759 872 816 celerius
904 764 960 816 et
990 759 1111 816 sole
1141 759 1296 818 infra
1313 763 1542 820 tardius
1574 770 1861 835 currente,
1878 767 1989 840 sig-

337 868 479 906 num
512 850 574 906 in
605 849 746 906 cmlo
778 850 960 905 ﬁxum
994 867 1128 906 cum
1162 850 1288 924 ipso
1321 853 1463 909 cmlo
1508 859 1832 926 praetereat,
1866 856 1988 913 sole

333 941 407 995 ob
437 939 751 996 tardiorem
798 937 1097 995 incessum
1147 941 1458 1013 prmterito,
1491 947 1548 998 et
1590 944 1986 1016 subsequente

333 1029 446 1086 alio
478 1029 646 1102 signo
679 1027 764 1082 sol
797 1046 830 1083 a
860 1029 1220 1101 praecedente
1242 1029 1480 1086 relictus
1511 1031 1621 1087 sub
1648 1031 1756 1088 hoc
1776 1050 1982 1090 rursus

330 1117 681 1174 inveniatur.
717 1116 834 1170 Hoc
867 1119 1062 1171 autem
1105 1115 1233 1172 dico
1263 1135 1377 1173 nou
1409 1119 1799 1192 prmjudicans
1833 1121 1980 1178 alio-

330 1224 463 1263 rum
497 1203 778 1274 scientize,
809 1203 908 1258 sed
960 1204 1307 1277 simpliciter
1355 1208 1509 1278 quod
1561 1208 1706 1264 mihi
1751 1209 1981 1266 videtur

329 1296 615 1369 pandens.
651 1291 752 1347 llis
783 1293 853 1346 de
895 1291 1070 1348 solari
1122 1311 1225 1366 per
1271 1295 1576 1352 zodiacum
1637 1314 1816 1353 cursu
1867 1298 1976 1354 etsi

328 1385 546 1456 inepte,
580 1399 696 1438 non
725 1382 1041 1437 admodum
1077 1386 1292 1452 tamen,
1328 1387 1391 1438 ut
1423 1401 1570 1455 reor,
1591 1385 1974 1458 infructuose,

326 1473 538 1530 horum
577 1470 801 1545 ignaris
849 1470 1097 1528 breviter
1138 1471 1430 1542 delibutis,
1471 1474 1600 1544 jam
1649 1491 1754 1548 pro
1802 1492 1974 1548 posse

325 1565 667 1635 susceptum
699 1577 1094 1633 exsequamur
1123 1561 1442 1633 negotium.

973 1673 1206 1731 CAPUT
1245 1676 1314 1730 V.

419 1765 564 1826 Unde
593 1766 849 1822 oriantur
876 1765 1155 1834 regulares
1189 1765 1259 1836 ad
1287 1767 1488 1836 feriam
1517 1767 1884 1823 Kalendarum

940 1835 1323 1892 inveniendam
1341 1840 1364 1892 ἓν

392 1926 652 1984 Primum
697 1925 991 1997 regulares
1031 1924 1324 1983 mensium
1377 1925 1530 1982 unde
1580 1926 1845 1984 oriantur
1885 1929 1968 1985 vi-

321 2018 587 2074 deamus.
616 2013 763 2070 Cum
794 2013 1004 2070 solaris
1035 2030 1249 2086 annus,
1270 2017 1335 2070 ut
1365 2031 1546 2088 supra
1579 2015 1825 2072 relatum
1858 2023 1968 2088 est,

317 2121 528 2163 cccnxv
557 2103 766 2160 diebus
797 2106 1203 2177 peragatur,et
1231 2103 1290 2160 in
1321 2103 1431 2160 hoc
1461 2106 1858 2178 peragendum
1881 2105 1968 2164 sol

316 2212 418 2270 per
449 2191 778 2267 singulaxu
793 2192 966 2266 signa
993 2191 1233 2249 triCenis
1256 2191 1602 2250 immoretur
1621 2193 1849 2264 diebus,
1865 2213 1969 2269 per

315 2302 500 2343 unum
513 2285 724 2340 horum
741 2283 989 2340 alterum
1005 2299 1240 2341 necesse
1253 2283 1612 2340 estmetiaris
1624 2301 1960 2356 numerum.

318 2378 578 2443 Quorum
611 2371 888 2430 utrolibet
925 2389 1030 2446 per
1057 2371 1307 2428 alterum
1349 2372 1758 2446 multiplicato,
1791 2391 1963 2431 cccnx

315 2464 568 2538 reperies
585 2481 598 2532 ;
615 2461 734 2519 sive
763 2461 919 2518 enim
950 2461 1262 2518 duodecies
1285 2478 1418 2533 xxx,
1433 2461 1552 2518 sive
1580 2461 1842 2520 tricesics
1859 2481 1958 2535 xu,

311 2555 579 2612 eamdem
613 2551 932 2608 conficiunt
964 2567 1282 2607 summam.
1316 2551 1577 2624 Qainque
1611 2552 1712 2624 qui
1753 2568 1954 2626 super-

313 2647 451 2700 sunt
484 2659 588 2716 pro
621 2639 988 2714 regularibus
1019 2639 1227 2697 Martio
1249 2640 1781 2714 datis,pronuntia:
1806 2643 1958 2698 Mar-

309 2731 426 2789 tias
456 2749 511 2788 v.
544 2733 618 2786 At
649 2729 709 2788 in
741 2729 964 2786 caeteris
997 2730 1080 2785 sic
1110 2729 1307 2784 facies.
1343 2727 1520 2785 Sume
1552 2746 1784 2802 semper
1812 2748 1956 2804 prae-

309 2819 567 2878 cedentis
596 2818 720 2876 dies
753 2817 998 2886 mensis,
1026 2821 1084 2874 et
1129 2817 1344 2874 additis
1392 2817 1516 2874 suis
1567 2818 1956 2892 regularibus,

310 2925 554 2966 numero
578 2907 679 2982 qui
699 2907 1009 2964 conficitur
1029 2923 1134 2980 per
1161 2924 1239 2964 vn
1270 2906 1502 2980 partito,
1519 2907 1658 2980 quia
1677 2907 1836 2966 hunc
1855 2927 1958 2966 nu-

308 3014 537 3056 merum
559 2995 910 3071 irregulares
941 3012 1057 3053 non
1079 2996 1394 3064 excedunt;
1411 2994 1953 3070 reliquossequenti

305 3087 380 3143 da
411 3084 622 3142 mensi.
652 3084 828 3141 Verbi
858 3083 1084 3157 gratia:
1112 3082 1358 3140 Martius
1379 3082 1555 3139 habet
1593 3083 1716 3141 dies
1735 3103 1868 3142 xxxx
1897 3091 1954 3144 et

306 3173 602 3248 regulares
627 3191 684 3240 v,
716 3176 856 3229 sunt
885 3170 1062 3228 simul
1093 3189 1281 3228 xxxvx.
1313 3171 1537 3245 Septies
1568 3172 1732 3245 quini
1761 3193 1948 3246 xxxv;
1981 3159 2024 3229 C

303 3280 490 3320 unum
523 3262 625 3336 qui
655 3265 919 3318 remanet
948 3261 1026 3332 da.
1051 3259 1330 3335 Aprili,et
1358 3250 1442 3316 sic
1472 3260 1946 3336 deinceps.Quod

304 3353 376 3421 si,
409 3356 529 3409 tota
559 3367 796 3408 summa
823 3367 927 3424 per
955 3367 1038 3407 vu
1069 3367 1343 3424 expensa,
1361 3349 1443 3406 nil
1474 3351 1846 3424 superfuerit,
1861 3353 1944 3410 illi

302 3441 491 3498 mensi
520 3459 600 3499 vn
631 3441 928 3516 regulares
959 3441 1188 3497 dandos
1217 3457 1345 3497 esse
1374 3439 1539 3498 scito.

939 3556 1176 3614 CAPUT
1203 3557 1298 3614 VI.

684 3646 836 3706 Unde
868 3653 1245 3704 concurrentes
1271 3649 1574 3704 oriuntur?

369 3735 874 3815 Concurrentium,
907 3752 1056 3809 quas
1085 3738 1340 3808 epactas,
1375 3733 1436 3792 id
1465 3735 1942 3808 est,adjectiones

299 3827 438 3885 solis
467 3828 699 3894 vocant,
731 3841 977 3899 quisque
1006 3825 1261 3899 praefatis
1296 3824 1668 3900 regularibus
1695 3843 1938 3884 concur-

298 3921 458 3985 runt,
471 3913 755 3989 originem
775 3914 1141 3983 inventurus,
1157 3913 1296 3987 quia
1309 3917 1367 3972 et
1385 3915 1525 3988 ipsa
1544 3915 1938 3988 septenarium

296 4023 412 4062 non
432 4003 776 4062 transiliunt
798 4019 1132 4072 numerum,
1149 4003 1420 4075 praefatos
1433 4003 1641 4060 solaris
1662 4004 1802 4060 anni
1815 4004 1938 4063 dies

297 4110 400 4166 per
427 4109 563 4149 eum
595 4091 913 4164 disponens
943 4091 1121 4148 dicito
1169 4091 1561 4164 quinquagies
1607 4097 1668 4148 et
1714 4092 1804 4148 bis
1834 4110 1934 4149 vn.

295 4197 556 4247 OCCLXIX;
580 4195 766 4236 unum
779 4179 880 4251 qui
903 4179 1234 4236 remanetin
1256 4181 1444 4252 capite
1466 4181 1938 4238 concurrentium

294 4273 539 4344 pone,et
563 4266 820 4341 singulis
849 4268 1020 4324 anuis
1041 4283 1227 4324 unum
1249 4267 1522 4340 adjecies,
1537 4269 1936 4342 septenarium

292 4375 408 4415 nou
437 4357 721 4414 excedens
737 4373 751 4424 ;
767 4358 867 4412 sed
899 4361 1108 4428 quarto
1130 4372 1362 4429 semper
1378 4373 1532 4414 anno
1553 4359 1626 4414 ob
1651 4357 1934 4415 rationem

291 4446 530 4504 bissexti
601 4461 786 4502 unum
843 4443 1206 4514 transiliens,
1265 4450 1322 4502 et
1379 4444 1464 4502 sic
1518 4463 1694 4504 xxvm
1752 4446 1935 4506 lineas

289 4553 510 4593 οιιιτθο.

907 4629 1142 4688 CAPUT
1178 4630 1301 4688 νη.

289 4731 534 4800 Qualiter
562 4730 878 4802 inveniatur
917 4735 1087 4802 quota
1124 4729 1269 4802 feria
1296 4730 1411 4785 sint
1453 4729 1726 4795 Kalendw,
1757 4737 1810 4786 et
1831 4745 1932 4802 per

765 4800 882 4857 dies
909 4800 1115 4856 me
1144 4801 1229 4856 vel
1258 4803 1396 4856 anni
1412 4804 1439 4855 .9

357 4891 418 4948 Si
472 4891 617 4947 forte
662 4888 912 4962 requiris
968 4888 1111 4962 quid
1156 4887 1244 4944 vel
1275 4887 1364 4944 his
1395 4892 1807 4946 concurrentes
1837 4888 1928 4946 vel

287 4980 676 5054 prmcedeutes
689 4979 986 5052 regulares
996 4978 1244 5046 valeant,
1259 4977 1402 5034 scito
1423 4978 1494 5034 ad
1519 4976 1926 5035 inveniendam

285 5081 796 5140 quarumcumque
825 5067 1217 5123 Kalendarum
1260 5066 1465 5122 feriam
1513 5065 1835 5122 institutos.
1865 5067 1925 5124 Si

282 5173 420 5228 ergo
451 5155 597 5210 scire
619 5153 785 5226 cupis
814 5155 1129 5226 cujuslibet
1157 5155 1377 5212 mensis
1397 5154 1926 5228 Kaleudzeinquota

284 5245 403 5301 sint
432 5243 577 5299 feria
598 5246 904 5315 proventu},
933 5261 1101 5299 sume
1133 5245 1430 5317 regulares
1462 5245 1649 5317 ipsius
1677 5245 1919 5316 mensis,

281 5339 338 5391 et
359 5331 584 5408 junctis
615 5330 1100 5388 concurrentibus
1132 5333 1230 5403 qui
1261 5350 1328 5390 eo
1359 5351 1512 5390 anno
1542 5339 1919 5403 concurrunt,

281 5438 534 5496 quorum
586 5420 977 5478 inventionem
1011 5423 1142 5492 post
1169 5421 1530 5492 docebimus,
1571 5421 1620 5480 si
1659 5421 1815 5480 ultra
1841 5441 1921 5480 vn

279 5509 652 5578 excreverint,
685 5509 768 5567 eis
803 5507 1090 5580 subdatis,
1123 5513 1382 5581 quotque
1413 5511 1822 5581 remanserint,
1853 5528 1921 5570 ea

278 5600 419 5659 feria
448 5597 734 5658 Kalendas
765 5615 911 5673 quas
944 5597 1245 5671 quaerebas
1295 5615 1424 5654 esse
1472 5601 1719 5658 noveris.
1754 5602 1916 5667 Quod

2716 607 2950 666 CAPUT
2987 609 3135 666 VIII.

2385 695 2632 762 Qualiter
2661 699 2976 754 inveniatur
3003 699 3243 772 quotidie
3268 703 3415 774 feria
3441 707 3465 760 Ρ

2169 782 2227 838 Si
2259 783 2535 858 deinceps
2555 801 2661 858 per
2688 791 2878 842 totum
2892 804 3156 845 mensem
3179 791 3610 868 cujuscumque
3631 795 3743 853 diei

2095 871 2299 928 feriam
2315 872 2572 931 invenire
2594 874 2869 944 volueris,
2884 893 3050 934 sume
3072 881 3464 952 praecedentes
3475 884 3740 955 ejusdem

2093 961 2314 1017 mensis
2345 962 2468 1019 dies
2499 981 2686 1037 usque
2716 966 2786 1022 ad
2815 963 2983 1022 illum
3008 968 3080 1024 de
3109 985 3225 1042 quo
3255 969 3528 1044 inquiris,
3560 978 3618 1030 et
3647 973 3740 1030 his

2090 1051 2240 1107 adde
2273 1068 2588 1109 numerum
2621 1053 3064 1128 feriarum,quae
3096 1057 3196 1129 (sic
3223 1059 3364 1132 cod.)
3395 1061 3505 1117 fuit
3536 1063 3596 1118 in
3629 1065 3737 1120 Ka-

2089 1139 2300 1208 lendis,
2332 1145 2386 1196 et
2435 1142 2692 1216 primum
2750 1162 2866 1201 uno
2897 1145 2991 1201 die
3033 1146 3444 1220 Kalendarum,
3479 1150 3617 1222 quia
3647 1153 3736 1210 bis

2087 1229 2315 1302 positus
2347 1236 2452 1299 est,
2488 1233 2742 1302 sublato,
2777 1234 2998 1291 caeteris
3048 1253 3150 1307 per
3209 1255 3288 1292 vn
3335 1237 3561 1309 divisis,
3595 1246 3737 1313 quot

2086 1320 2494 1389 remanserint,
2512 1326 2695 1378 totam
2730 1323 2874 1378 scito
2905 1340 3032 1380 esse
3061 1324 3264 1380 feriam
3295 1343 3470 1398 quam
3497 1329 3730 1400 qumris.

2085 1407 2146 1464 Si
2179 1407 2320 1463 nihil
2355 1411 2722 1478 remanserit,
2756 1416 3014 1484 septena,
3038 1411 3097 1468 id
3130 1415 3576 1482 est,Sabbatum
3598 1417 3726 1473 erit.

2083 1495 2142 1552 Si
2175 1495 2284 1551 hoc
2330 1497 2528 1570 ipsum
2586 1515 2689 1571 per
2721 1498 2844 1554 dies
2875 1499 3012 1554 anni
3061 1507 3400 1574 computare
3451 1504 3728 1574 volueris,

2083 1582 2287 1641 itidem
2318 1584 2522 1660 collige
2551 1603 2755 1644 omnes
2786 1587 2910 1644 dies
2943 1588 3082 1644 anni
3109 1593 3460 1660 transactos,
3481 1592 3539 1649 id
3569 1598 3730 1666 est,a

2081 1671 2356 1730 Kalendis
2385 1675 2652 1731 Januarii
2689 1693 2875 1749 usque
2906 1677 2978 1732 ad
3009 1676 3168 1734 hunc
3199 1678 3271 1735 de
3310 1695 3424 1751 quo
3473 1697 3729 1754 quaerere

2083 1761 2412 1834 instituisti,
2445 1769 2502 1821 et
2532 1763 2582 1820 si
2612 1765 2930 1822 bissextilis
2961 1770 3050 1822 est
3079 1784 3296 1836 annus,
3327 1767 3523 1841 ipsum
3551 1769 3727 1828 etiam

2081 1852 2322 1908 bissexti
2355 1853 2532 1923 diem,
2565 1858 2876 1926 postquam
2905 1859 3238 1912 transactus
3280 1856 3474 1929 fuerit,
3503 1875 3723 1917 connu-

2081 1957 2260 1998 mera.
2294 1943 2458 1999 Tunc
2489 1947 2678 2015 quota:
2711 1943 2977 2000 Kalendae
3009 1944 3278 2000 Januarii
3317 1945 3553 2016 fuerint,
3586 1947 3722 2006 huic

2081 2047 2324 2088 numero
2355 2032 2562 2104 adjice,
2598 2037 2653 2089 et
2701 2032 2914 2106 primo,
2948 2033 3101 2090 sicut
3145 2051 3344 2108 supra,
3380 2053 3564 2093 unum
3613 2039 3722 2095 Ka-

2078 2118 2384 2177 lendarum
2417 2120 2570 2178 diem
2602 2123 2814 2190 recide,
2858 2127 3094 2180 cazteros
3143 2123 3334 2179 divide
3384 2141 3486 2198 per
3533 2143 3634 2195 vu,
3665 2131 3720 2183 et

2076 2212 2220 2282 quot
2250 2211 2640 2268 remanserint
2669 2215 2880 2269 teneto.

2715 2310 2944 2368 CAPUT
2983 2311 3073 2368 IX.

2110 2397 2220 2454 Cur
2237 2401 2460 2472 praefati
2488 2401 2765 2472 regulares
2802 2418 2838 2457 a
2865 2401 3056 2458 Martio
3092 2412 3314 2458 sumant
3348 2403 3633 2460 exordium
3659 2406 3681 2458 Ρ

2143 2487 2203 2542 Si
2225 2487 2404 2560 hujus
2435 2489 2577 2546 artis
2597 2489 2802 2547 avidus
2831 2493 2888 2546 et
2907 2490 3016 2547 hoc
3036 2490 3184 2546 forte
3211 2491 3424 2564 quaeris
3447 2509 3550 2548 cur
3569 2509 3712 2564 prte-

2067 2577 2170 2633 t‘ati
2201 2576 2498 2651 regulares
2529 2596 2563 2634 a
2595 2579 2802 2636 Martio
2833 2585 3072 2634 sumant
3098 2581 3426 2650 exordium,
3457 2580 3544 2636 vel
3574 2598 3710 2636 cou-

2068 2670 2370 2723 currentes
2408 2666 2625 2724 ibidem
2673 2671 2996 2736 mutentur,
3045 2667 3192 2723 scito
3241 2667 3398 2724 hunc
3446 2684 3708 2726 mensem

2067 2752 2324 2828 primum
2355 2754 2538 2812 fuisse
2551 2755 2688 2811 anni
2702 2772 2736 2810 a
2749 2755 3017 2824 Romulo,
3031 2755 3429 2813 Romanorum
3450 2762 3708 2826 auctore,

2064 2842 2343 2912 instituti,
2375 2844 2476 2917 qui
2507 2844 2768 2918 primum
2800 2843 3140 2902 Latinorum
3173 2862 3394 2902 annum
3424 2864 3458 2902 x
3489 2848 3706 2904 mensi-

2063 2933 2182 2990 bus
2205 2931 2517 3003 ordinavit,
2547 2937 2606 2990 et
2633 2934 2704 2990 ob
2737 2932 2898 2990 illam
2929 2932 3134 3007 primae
3164 2933 3551 2991 institutionis
3582 2953 3704 2992 me-

2062 3022 2312 3080 moriam
2359 3022 2644 3080 hactenus
2673 3021 2968 3080 observari
2991 3022 3194 3096 jussit.
3229 3023 3396 3081 Hunc
3421 3023 3578 3082 enim
3610 3025 3706 3083 ille

2061 3127 2323 3169 mensem
2357 3127 2392 3168 a
2421 3111 2624 3178 Marte,
2639 3115 2704 3168 ut
2731 3113 3205 3186 credebat,parte
3235 3130 3341 3171 suo
3362 3112 3705 3186 nominavit,

2060 3203 2138 3270 et,
2171 3204 2237 3256 ut
2266 3201 2490 3258 dictum
2530 3204 2639 3270 est,
2667 3201 3025 3276 principium
3072 3203 3211 3258 anni
3257 3218 3385 3260 esse
3422 3202 3700 3260 instituit.

2054 3291 2372 3347 Testantur
2397 3291 2508 3347 hoc
2539 3289 2808 3347 nonnulli
2840 3307 2910 3348 ex
2935 3290 3028 3347 his
3057 3290 3160 3364 qui
3190 3297 3523 3364 sequuntur
3545 3309 3706 3352 meur

2054 3378 2240 3447 sibus,
2256 3379 2476 3451 quibus
2495 3378 2818 3436 nominaab
2831 3379 3054 3448 ordine,
3069 3396 3184 3452 quo
3197 3380 3404 3437 Martio
3421 3381 3705 3439 absuntet

2054 3467 2206 3527 aeris
2237 3467 2517 3541 temperie
2537 3467 2862 3542 composita
2886 3472 2944 3525 et
2963 3467 3150 3526 indita
3169 3472 3328 3526 sunt.
3343 3469 3416 3526 Ut
3447 3471 3703 3544 Septem-

2051 3557 2175 3626 ber,
2202 3557 2359 3630 quod
2387 3557 2460 3614 ab
2481 3573 2548 3615 eo
2578 3557 2656 3614 sit
2685 3557 3499 3632 septimus,etlargioresjam
3521 3560 3702 3618 ﬂuere

2051 3645 2278 3704 soleant
2305 3644 2546 3704 imbres.
2580 3645 2674 3704 Sic
2711 3650 2770 3703 et
2798 3645 3062 3718 October,
3096 3647 3424 3706 November
3471 3666 3538 3706 ac
3588 3649 3696 3706 De-

2051 3737 2304 3807 cember,
2339 3752 2446 3794 nec
2475 3753 2592 3794 non
2620 3736 2815 3795 Julius
2845 3741 2904 3796 et
2928 3739 3518 3812 Augustus,quorum
3549 3738 3698 3796 alter

2049 3843 2084 3882 a
2111 3825 2270 3884 Julio
2289 3825 2534 3897 Caesare,
2549 3825 2696 3885 alter
2713 3827 2785 3884 ah
2806 3826 3118 3885 Octaviano
3137 3830 3400 3901 Augusto
3420 3826 3695 3900 deinceps

2045 3914 2330 3972 vocabula
2359 3919 2750 3972 mutaverunt.
2773 3915 3004 3971 Pridem
3033 3913 3329 3983 Quintilis,
3351 3914 3439 3970 vel
3460 3914 3692 3972 Sextilis

2047 4003 2226 4060 simili
2257 4004 2328 4060 de
2359 4019 2538 4060 causa
2568 4007 2708 4059 sunt
2735 4002 3032 4076 appellati.
3058 4003 3220 4069 Quod
3249 4019 3384 4059 vero
3415 4018 3572 4059 nunc
3591 4019 3692 4058 an-

2045 4108 2191 4148 num
2241 4110 2274 4148 a
2319 4091 2600 4151 Januario
2648 4091 2935 4161 ordimur,
2978 4109 3013 4148 a
3067 4107 3405 4149 successore
3454 4090 3688 4148 Romuli

2044 4179 2238 4237 Numa
2256 4179 2540 4255 Pompilio
2571 4179 3046 4253 institutum,qui
3077 4179 3246 4237 denis
3277 4178 3510 4238 Romuli
3531 4196 3691 4237 men-

2043 4266 2209 4324 sibus
2238 4267 2386 4324 duos
2407 4267 2652 4334 addidit,
2668 4266 3256 4341 primumqueeorum
3279 4285 3314 4324 a
3331 4268 3499 4340 Jano,
3515 4285 3691 4342 quem

2042 4355 2244 4429 gentili
2275 4373 2469 4414 errore
2489 4355 2848 4430 principium
2871 4373 3068 4414 rerum
3099 4357 3485 4427 arbitrantur,
3507 4360 3694 4416 consi-

2041 4445 2254 4503 derans
2283 4445 2633 4502 Januarium
2668 4444 3044 4518 appellari,et
3073 4445 3330 4518 primum
3364 4446 3504 4503 anni
3529 4445 3693 4504 insti-

1961 4535 2010 4602 D
2040 4533 2146 4591 tui.
2178 4535 2442 4592 Alterum
2471 4552 2506 4592 a
2536 4533 2986 4607 Plutone,quem
3019 4535 3292 4604 Februm,
3324 4534 3383 4593 id
3415 4539 3526 4605 est,
3559 4554 3692 4610 pun-

2038 4627 2301 4698 gatorem
2345 4628 2402 4680 et
2457 4623 2774 4681 credebant
2817 4626 2875 4679 et
2905 4622 3303 4697 appellabant,
3365 4624 3690 4683 nominavit

2040 4711 2444 4770 Februarium.

2099 4800 2350 4858 Causam
2361 4799 2777 4857 vocabulorum
2791 4799 3040 4874 singulis
3053 4802 3358 4859 mensibus
3369 4802 3685 4859 inditorum

2036 4888 2228 4946 dicere
2259 4888 2586 4962 supersedi,
2617 4906 2683 4946 eo
2714 4890 2872 4962 quod
2904 4888 2982 4947 sit
3009 4894 3067 4947 et
3095 4889 3154 4946 in
3205 4889 3442 4964 Dialogo
3483 4891 3684 4963 cujus-

2035 4979 2173 5035 dam
2201 4977 2496 5035 Practexati
2512 4977 3011 5034 sufficientissime
3031 4983 3370 5047 tractata,et
3389 4996 3424 5033 a
3443 4979 3681 5036 domino

2035 5067 2192 5124 Beda
2202 5067 2408 5124 exinde
2419 5066 2769 5123 delloratain
2785 5067 2930 5124 libro
2943 5068 3015 5123 de
3027 5067 3411 5140 Temporibus
3424 5069 3680 5123 secundo

2035 5155 2421 5213 nihilominus
2471 5156 2547 5212 sit
2595 5156 3102 5212 abundantissime
3151 5155 3395 5228 digesta.
3451 5156 3511 5210 In
3562 5173 3679 5228 quo

2033 5246 2257 5317 prolixa
2284 5245 2664 5318 quidem,sed
2697 5264 2813 5302 non
2845 5245 3024 5302 sterili
3049 5243 3445 5316 disputatione
3469 5246 3683 5317 plenis-

2032 5335 2181 5391 sime
2210 5339 2300 5391 est
2324 5335 2655 5408 expositum
2682 5334 2934 5408 qualiter
2962 5349 3154 5388 annus
3183 5332 3444 5406 primum
3475 5352 3511 5390 δ.
3567 5337 3680 5392 Ro-

2030 5422 2191 5480 mulo
2223 5423 2283 5480 in
2314 5439 2418 5493 x,a
2449 5423 2639 5480 Numa
2659 5423 2718 5478 in
2751 5439 2828 5478 xu
2855 5421 3160 5477 mensibus
3183 5425 3272 5479 est
3300 5421 3676 5491 distributus,

2029 5511 2130 5569 sed
2161 5529 2265 5569 nec
2297 5511 2380 5570 sic
2410 5513 2480 5569 ad
2512 5511 2714 5569 limam
2746 5509 3228 5586 redactus,longo
3259 5515 3393 5586 post
3415 5515 3675 5584 tempore

2029 5618 2062 5657 a
2089 5600 2245 5662 Julio
2277 5602 2520 5672 Caesare,
2551 5600 2778 5674 sagacis
2809 5599 3027 5673 ingenii
3059 5604 3116 5660 et
3144 5601 3524 5676 praadicandze
3557 5617 3677 5658 me-
