4166 6172
384 204 465 270 29
1673 204 1911 268 LIBER
1952 203 2042 267 DE

2153 203 2487 270 DMPU'I‘O.
3702 202 3783 269 30

382 338 582 398 morias
599 336 745 410 viro,
765 339 838 399 ad
859 351 1115 415 unguem
1135 338 1427 398 modernis
1454 330 1834 412 expositionis
1853 324 2029 427 ἷιιξιιείξ
2056 340 2112 408 Α
2132 324 2733 427 maestamaesta;
2752 338 3048 427 regulares
3076 354 3211 397 cum
3234 341 3718 399 concurrentibus
3750 357 3784 398 a

385 428 694 502 expolitus.
744 430 798 487 Is
845 428 1110 504 dialogus
1155 429 1216 487 in
1267 429 1436 487 libris
1485 428 1771 488 Macrobii
1814 420 2083 500 legitur»

384 518 789 576 Saturnalium
820 520 1055 576 nomine
1084 519 1376 576 titulatus.

391 726 554 782 Unde
581 725 684 781 alii
703 725 1002 796 regulares
1028 726 1108 781 ad
1139 728 1335 780 lunam
1356 726 1416 780 in
1447 718 1711 782 Kalendis
1724 706 2035 782 °inbenién3

953 798 1090 853 dam
1117 799 1429 867 procedant
1440 797 1470 851 ?

453 894 610 951 Alios
642 895 940 967 regulares
968 897 1257 953 mensium
1286 896 1383 969 qui
1414 898 1484 951 ad
1520 896 1910 953 Kalendarum
1944 897 2028 953 lu-

383 999 523 1040 nam
553 982 965 1051 inveniendam
1003 985 1389 1053 ascribuntur,
1421 985 1516 1041 hic
1546 988 1720 1043 modo
1753 987 2023 1059 reperies.

386 1071 608 1129 Solaris
631 1072 769 1127 anni
791 1088 997 1128 cccnxv
1014 1074 1217 1130 diebus
1238 1075 1390 1131 sicut
1410 1093 1589 1149 supra
1615 1093 1720 1149 per
1739 1078 2029 1133 duodena-

389 1159 548 1216 rium
570 1164 627 1217 et
648 1161 1017 1217 tricenarium
1048 1180 1360 1220 numerum
1383 1165 1607 1233 divisis,
1634 1168 1963 1238 superfluos
1994 1183 2030 1221 v

390 1249 464 1304 da
494 1248 815 1320 Septembri
844 1266 948 1321 pro
979 1252 1372 1323 regularibus.
1397 1254 1646 1310 Caeteros
1686 1256 1797 1311 hoc
1828 1257 2031 1311 ordine

384 1336 656 1407 reperies.
689 1337 869 1394 Sume
912 1355 1147 1411 semper
1193 1343 1574 1413 praecedentis
1613 1343 1738 1398 dies
1789 1343 2030 1410 mensis,

382 1423 597 1480 additis
629 1423 876 1498 insuper
909 1426 1037 1482 suis
1080 1429 1474 1500 regularibus,
1506 1436 1564 1486 et
1593 1432 1643 1485 si
1674 1432 1894 1487 mensis
1943 1431 2039 1487 ille

382 1512 747 1570 tricesimum
776 1514 890 1569 fert
915 1515 1144 1583 lunam,
1170 1517 1372 1573 recisis
1401 1536 1510 1574 xxx
1532 1524 1675 1591 quot
1702 1524 2035 1592 supersunt,

386 1600 581 1657 tribue
601 1602 875 1673 sequenti
894 1604 1103 1660 mensi.
1124 1605 1227 1660 Sin
1249 1606 1468 1662 mensis
1493 1624 1609 1663 non
1636 1608 1790 1664 ultra
1808 1624 2037 1664 xxnxam

2137 424 2474 502 Massagetae
2489 428 2579 488 ποῦ
2600 422 2979 489 reverentiam
3000 432 3250 505 hujusce
3276 430 3598 505 magisterii
3630 432 3780 489 hanc

2134 520 2442 605 lectignem
2474 538 2508 577 a
2535 522 2861 605 Septembri
2891 522 3163 605 videntur
3192 521 3466 579 inchoare
3497 521 3707 579 Latini.

2142 626 2148 667 ⁵
2392 610 2473 717 ἲοέ
2498 612 2529 715 ξῖ
2568 610 2581 619 “
2616 621 2699 717 ²·ἓ
2730 610 3001 717 fere
3026 638 3167 717 xlv-

2414 714 2634 785 C‘urnin'
2649 714 2840 784 inedia
2864 714 3031 783 nulla
3047 716 3460 797 pronuntietur
3483 733 3507 786 ἓ

2207 834 2588 890 Pandendum
2611 835 2841 890 videtur
2866 853 2973 891 cur
2994 835 3051 890 in
3074 835 3244 890 initio
3265 838 3602 907 epactarum
3624 836 3783 891 nulla

2135 923 2562 998 pronuntietur.
2590 924 2802 991 Primo,
2819 924 2959 997 quia
2984 924 3292 980 sciendum
3314 924 3583 979 ordinem
3606 925 3783 979 istum

2135 1019 2469 1086 epactarum
2494 1013 2554 1068 in
2578 1013 3024 1069 similitudinem
3043 1012 3247 1069 circuli
3272 1014 3330 1068 in
3352 1019 3539 1069 semet
3559 1013 3786 1069 reverti.

2136 1104 2398 1176 Cumque
2416 1103 2665 1177 singulis
2683 1103 2855 1160 annis
2874 1102 3267 1160 undenarium
3290 1102 3537 1175 singulm
3558 1102 3791 1174 capiant

2138 1197 2541 1265 augmentum,
2593 1210 2744 1250 nono
2795 1193 3044 1261 decimo,
3098 1192 3199 1264 qui
3250 1197 3341 1248 est
3386 1191 3529 1266 cycli
3581 1192 3789 1247 xixalis

2140 1282 2403 1349 ultimus,
2433 1299 2573 1338 xvm
2603 1283 2821 1355 cpactis
2860 1281 3264 1350 existentibus,
3297 1298 3413 1337 non
3449 1285 3511 1336 ut
3538 1280 3599 1337 in
3630 1285 3792 1337 crete-

2142 1372 2224 1427 ris
2271 1389 2348 1439 χι,
2383 1372 2481 1426 sed
2528 1388 2608 1427 χιι
2648 1372 2943 1440 addimus,
2976 1375 3213 1444 propter
3261 1387 3447 1426 unum
3480 1370 3633 1426 diem
3687 1370 3791 1443 qui

2145 1464 2287 1515 tunc
2308 1459 2501 1515 lunari
2525 1477 2676 1516 anno
2697 1459 3071 1527 diminuitur,
3088 1477 3262 1532 quem
3284 1460 3500 1516 saltum
3523 1459 3676 1517 luna:
3698 1477 3793 1517 νου

2148 1554 2300 1605 cant.
2324 1548 2433 1615 Qui
2454 1548 2803 1621 praecedenti
2823 1548 2975 1603 aetati
2995 1549 3313 1614 detractus,
3337 1552 3519 1604 totam
3542 1565 3792 1620 sequen-

2144 1641 2260 1693 tem
2293 1637 2446 1693 lunae
2471 1640 2699 1693 aetatem
2724 1654 2841 1693 uno
2864 1636 2957 1691 die
2982 1637 3265 1707 majorem
3300 1652 3533 1707 semper
3564 1653 3801 1708 compu-

389 1689 1108 1799 ‘jfﬂf‘fn_?‘_’?£‘ffétfpsi§
1130 1693 1397 1799 εξιδέθίέεν
1414 1695 1668 1799 ξζθ¹ίίιυοξ³
1688 1715 1792 1769 PFO
1813 1696 2039 1799 ἵθξωθ·
2065 1718 2113 1785 Β
2142 1689 2267 1782 ac;
2294 1689 3382 1799 egitegerligeac.secem.
3410 1689 3588 1780 tua
3606 1689 3798 1780 an...

390 1778 554 1834 ribus
586 1780 888 1850 sequentis
917 1781 1137 1837 mensis
1168 1782 1398 1840 habeto.
1421 1785 1762 1858 Exemplum
1795 1787 1867 1842 de
1888 1787 2033 1842 duo-

387 1867 502 1923 bus
530 1868 766 1936 damus,
793 1872 859 1924 ut
886 1868 971 1925 sic
1001 1870 1074 1927 de
1104 1871 1326 1928 caeteris
1348 1873 1550 1929 facias.
1568 1874 1910 1946 September
1938 1876 2037 1932 ha-

387 1956 486 2012 bet
514 1956 637 2012 dies
666 1973 781 2012 xxx
808 1962 866 2014 et
895 1959 1190 2032 regulares
1211 1979 1266 2029 v,
1292 1963 1391 2035 qui
1431 1968 1571 2019 sunt
1607 1981 1772 2020 xxxv.
1798 1964 2037 2021 Dimitte

388 2060 517 2115 xxx,
551 2044 810 2118 reliquos
828 2064 867 2102 ν
890 2048 967 2104 da
994 2047 1247 2105 Octobri.
1271 2050 1519 2108 October
1546 2053 1722 2110 habet
1748 2053 1873 2110 dies
1902 2071 2035 2110 XXXI

318 2150 325 2153 '
393 2138 450 2190 et
493 2133 792 2207 regulares
837 2153 894 2204 v,
935 2141 1075 2193 sunt
1121 2138 1297 2196 simul
1325 2158 1492 2198 xxxv.
1522 2142 1682 2199 Tolle
1710 2160 1862 2211 χχιχ,
1897 2142 2038 2215 quia

393 2227 514 2280 tota
542 2226 632 2281 est
659 2222 916 2293 lunatio;
939 2242 1017 2281 vn
1039 2227 1142 2299 qui
1164 2236 1468 2287 remanent
1487 2232 1563 2288 da
1582 2231 2039 2289 Novembri.Cur

396 2316 588 2369 autem
616 2329 736 2369 una
761 2313 915 2370 lunas
955 2318 1095 2372 tetas
1137 2334 1269 2387 xxx,
1301 2318 1483 2376 altera
1508 2337 1644 2377 χχιχ
1670 2325 2040 2393 computetur

397 2401 605 2458 diebus
638 2402 810 2474 paulo
840 2408 972 2475 post
1000 2406 1353 2478 aperiemus.
1389 2409 1565 2481 (Infra
1588 2425 1705 2481 cap.
1739 2409 1853 2481 26.)

1032 2512 1267 2571 CAPUT
1304 2516 1396 2572 XI.

999 2602 1155 2660 Unde
1196 2613 1431 2675 epacta.

462 2697 709 2769 Epactaz,
735 2713 864 2770 qua
886 2698 979 2755 his
1002 2698 1361 2772 adjiciuntur
1382 2703 1773 2776 regularibus,
1789 2706 2042 2760 duorum

398 2801 709 2856 annorum,
743 2786 949 2843 solaris
991 2788 1213 2846 scilicet
1260 2808 1326 2848 ac
1372 2791 1600 2849 lunaris
1649 2793 2045 2865 inaaqualitate

400 2878 691 2930 creantur.
714 2874 796 2932 De
821 2892 940 2949 qua
962 2876 1377 2951 inaequalitate,
1403 2896 1531 2953 quae
1563 2880 1849 2938 Dominus
1880 2883 2046 2938 dede-

397 2962 492 3032 rit,
516 2966 650 3037 post
668 2963 1032 3038 eloquamur.
1058 2966 1277 3025 Solaris
1295 2967 1452 3026 enim
1475 2986 1687 3039 annus,
1712 2971 1813 3043 qui
1835 2987 2047 3027 cccva

2144 1814 2331 1888 ipsius
2353 1815 2636 1871 rationem
2659 1813 3038 1882 ediderimus,
3056 1830 3136 1868 χιι
3152 1829 3289 1885 ergo
3306 1812 3523 1868 additis
3539 1813 3612 1868 ad
3634 1830 3795 1880 xvm,

2144 1905 2294 1960 ﬁunt
2321 1922 2451 1961 xxx.
2477 1905 2604 1961 Istte
2635 1908 2775 1961 sunt
2793 1906 3007 1977 epactas
3029 1901 3205 1975 primi
3228 1900 3367 1957 anni
3390 1900 3534 1974 cycli
3565 1900 3790 1957 xrxalis.

2144 1996 2278 2062 Qum
2337 1995 2386 2050 si
2446 1994 2800 2051 adderentur
2856 1989 3227 2065 regularibus
3287 1988 3604 2058 mensium,
3654 1988 3795 2062 quia

2141 2083 2284 2139 luna
2311 2084 2471 2139 hunc
2500 2099 2815 2139 numerum
2848 2097 2964 2137 non
2994 2079 3375 2147 transcendit,
3404 2095 3641 2136 necesse
3670 2083 3796 2134 erat

2145 2172 2395 2247 singulis
2418 2172 2720 2229 mensibus
2741 2171 2944 2228 eadem
2965 2169 3239 2236 recidere,
3263 2172 3321 2224 et
3341 2168 3670 2224 secundum
3693 2184 3797 2222 nu-

2145 2278 2375 2318 merum
2398 2261 2755 2335 regularium
2777 2260 2837 2316 in
2858 2258 3110 2333 singulis
3129 2256 3400 2315 Kalendis
3420 2255 3622 2312 lunam
3646 2273 3799 2311 com-

2145 2355 2372 2423 putare.
2404 2349 2663 2424 Exempli
2714 2367 2912 2417 causa,
2949 2353 3015 2404 ut
3059 2346 3170 2403 hoc
3216 2344 3501 2418 liquidius
3549 2348 3796 2402 constet.

2149 2440 2489 2512 September
2523 2440 2701 2496 habet
2750 2437 3047 2510 regulares
3077 2454 3132 2492 ν.
3166 2435 3358 2507 Junge
3401 2437 3637 2507 epactas
3665 2450 3795 2500 xxx,

2149 2528 2300 2585 ﬁunt
2327 2546 2492 2585 xxxv.
2529 2528 2671 2585 Item
2721 2527 2967 2584 October
3014 2525 3191 2582 habet
3238 2521 3536 2595 regulares
3565 2540 3620 2591 v,
3650 2522 3797 2578 adde

2150 2622 2384 2691 epactas
2432 2636 2561 2686 xxx,
2613 2618 2765 2672 fiunt
2810 2633 2979 2671 xxxv.
3013 2613 3176 2670 Tolle
3222 2630 3352 2679 xxx,
3395 2614 3699 2667 remanent
3730 2627 3796 2675 v;

2154 2704 2423 2761 similiter
2472 2707 2531 2760 in
2581 2704 2824 2761 caateris.
2858 2702 3007 2768 Quid
3039 2717 3176 2773 ergo
3209 2715 3445 2755 necesse
3493 2702 3582 2753 est
3630 2697 3799 2752 toties

2155 2794 2369 2849 addere
2398 2810 2508 2849 xxx
2538 2796 2596 2848 et
2623 2790 2918 2848 retrahere
2939 2804 3073 2845 cum
3104 2784 3332 2842 lunaris
3356 2789 3494 2839 tetas
3519 2782 3619 2839 illo
3651 2800 3803 2838 anno

2153 2899 2259 2955 per
2286 2880 2552 2956 singulas
2579 2880 2869 2939 Kalendas
2890 2892 3135 2935 numero
3156 2871 3512 2947 regular-ium
3542 2871 3804 2927 constet?

2152 2971 2238 3028 Oh
2268 2971 2379 3028 hoc
2422 2988 2489 3027 eo
2520 2962 2674 3027 anno
2725 2968 2898 3026 nulla;
2948 2963 3407 3042 pronuntiantur
3435 2964 3670 3035 epactas.
3703 2960 3802 3015 Se-

392 3050 601 3160 dtebus
629 3053 1225 3160 exolvitur,‘lunarem
1254 3074 1448 3158 cccuv
1466 3059 1693 3116 dierum
1718 3076 1777 3116 χι
1808 3064 2047 3134 superat
2074 3090 2118 3160 α
2153 3059 2460 3134 quentium
2492 3059 2721 3116 dierum
2751 3061 2884 3132 post
2914 3055 3223 3158 Kalendas,
3252 3052 3458 3160 lunam
3489 3050 3600 3151 hoc
3630 3049 3802 3160 modo

395 3139 624 3199 diebus.
647 3144 805 3209 Quos
835 3160 894 3199 χι
922 3143 1067 3214 dies,
1091 3146 1234 3219 quia
1262 3144 1322 3203 in
1352 3164 1506 3205 anno
1536 3165 1644 3206 suo
1673 3149 1817 3205 luna
1845 3149 2045 3207 minus

395 3227 848 3305 habet,singulis
861 3232 1030 3289 annis
1045 3233 1118 3290 ad
1131 3233 1334 3292 lunam
1348 3236 1740 3294 Kalendarum
1752 3238 2045 3295 invenien-

396 3318 529 3375 dam
559 3336 665 3392 pro
696 3320 917 3393 epactis
937 3327 1342 3381 assumuntur.
1365 3325 1652 3383 Omnibus
1682 3328 1841 3383 enim
1872 3327 2043 3384 annis

394 3424 452 3462 χι
483 3408 783 3465 adduntur
808 3411 878 3465 ad
904 3427 1217 3468 numerum
1239 3417 1597 3487 epactarum,
1621 3417 1761 3490 quia
1791 3417 2043 3491 singulis

396 3496 569 3553 annis
590 3498 796 3554 eadem
817 3499 1013 3556 existit
1036 3517 1325 3559 annorum
1348 3504 1735 3578 intequalitas.
1760 3506 1915 3564 Pone
1934 3507 2041 3581 igi-

394 3588 493 3639 tur
521 3584 581 3640 in
612 3586 801 3658 capite
828 3592 1166 3660 epactarum
1204 3609 1282 3661 χι,
1315 3596 1373 3648 et
1420 3594 1689 3667 singulis,
1716 3599 1783 3650 ut
1819 3596 2042 3651 dictum

396 3676 508 3740 est,
545 3673 715 3729 annis
743 3674 946 3732 itidem
968 3678 1118 3733 adde
1147 3696 1204 3734 x1
1235 3681 1343 3735 etsi
1367 3680 1521 3737 ultra
1537 3699 1647 3737 xxx
1668 3683 2041 3750 excreverint,

397 3778 575 3833 quem
598 3779 910 3822 numerum
930 3765 1158 3822 lunaris
1180 3771 1318 3824 aetas
1340 3785 1642 3841 nunquam
1673 3770 1915 3839 excedit,
1937 3788 2046 3826 xxx

397 3849 665 3919 sublatis,
701 3856 937 3910 caeteros
967 3854 1181 3912 habeto
1212 3873 1316 3929 pro
1348 3856 1586 3930 epactis.
1609 3857 1782 3914 Verbi
1812 3859 2001 3932 gratia
2030 3876 2041 3913 :

396 3939 468 3995 ad
489 3957 545 3996 χι
567 3941 715 3997 adde
734 3958 814 4010 χι,
847 3943 998 4000 fiunt
1025 3961 1164 4000 χχιι.
1190 3945 1308 4001 Ista
1346 3945 1612 4017 sequitur
1641 3952 1864 4020 epacta.
1902 3948 2044 4004 Item

394 4045 513 4084 χχιι
552 4031 741 4104 junge
770 4047 849 4100 χι,
881 4031 1032 4089 ﬁunt
1078 4050 1277 4090 χχχιιι.
1302 4033 1511 4091 Recide
1557 4052 1687 4104 xxx,
1721 4040 1777 4093 et
1808 4054 1871 4093 ιιι
1914 4041 2045 4093 tene

396 4133 501 4190 pro
531 4120 753 4191 epactis
786 4120 1191 4192 sequentibus.
1223 4121 1317 4179 Sic
1346 4124 1415 4179 de
1446 4126 1686 4181 caeteris.

1029 4237 1263 4294 CAPUT
1302 4238 1422 4296 XII.

825 4325 913 4383 Ad
940 4326 1079 4398 quid
1103 4328 1331 4385 valeant
1361 4336 1573 4399 epactas
1593 4329 1623 4384 ἰ)

468 4419 693 4493 Epactaa
726 4423 1132 4531 superioribus
1171 4425 1534 4531 regularibus
1567 4428 1786 4531 junctae
1816 4430 2045 4531 aetatem
2075 4463 2122 4531 Β

393 4508 550 4564 lunae
584 4526 686 4582 per
715 4511 983 4586 singulas
1010 4512 1303 4571 Kalendas
1334 4517 1651 4572 ostendunt
1678 4515 1788 4573 hoc
1817 4516 1992 4573 modo
2027 4534 2039 4571 :

395 4614 571 4654 sume
591 4598 884 4671 regulares
901 4602 1189 4675 cujusque
1207 4604 1449 4674 mensis,
1463 4609 1521 4660 et
1535 4604 1629 4661 his
1644 4605 1793 4661 adde
1810 4609 2046 4680 epactas

398 4703 528 4759 qua:
552 4686 793 4743 fuerunt
810 4688 867 4744 in
889 4689 985 4748 illo
1002 4708 1434 4766 anno,quarum
1456 4711 1559 4768 per
1579 4693 1842 4767 singulos
1858 4711 2045 4751 annos

392 4774 794 4833 inventionem
828 4783 961 4850 post
988 4782 1387 4851 ostendemus,
1422 4786 1478 4838 et
1514 4799 1690 4855 quem
1730 4800 2043 4841 numerum

397 4864 753 4932 suffecerint,
782 4868 909 4940 ipsa
937 4873 1026 4926 est
1045 4875 1184 4928 tetas
1216 4870 1369 4927 lunas
1400 4871 1459 4927 in
1487 4872 1779 4930 Kalendis.
1809 4875 1971 4939 Quod
1995 4873 2045 4930 si

396 4953 774 5010 tricenarium
798 4959 1169 5027 excesserint,
1193 4960 1279 5014 eis
1300 4959 1567 5028 sublatis,
1591 4965 1735 5032 quot
1755 4978 2046 5018 remanse-

400 5041 537 5111 rint,
572 5046 736 5099 tanta
764 5046 892 5101 erit.

1009 5143 1243 5202 CAPUT
1280 5142 1444 5199 XllI..

767 5236 886 5291 Cur
911 5252 950 5292 a
976 5236 1311 5306 Septembre
1340 5231 1670 5302 incipiant?

466 5327 694 5399 Epactae
725 5331 849 5390 ista:
882 5351 1017 5391 cum
1060 5334 1185 5391 suis
1216 5328 1602 5405 regularibus.
1629 5329 1845 5390 Idcirco
1877 5350 1911 5390 a
1942 5336 2039 5391 Sc-

386 5416 647 5489 ptembri
667 5419 901 5478 initium
926 5426 1192 5494 sumunt,
1208 5421 1365 5495 quod
1385 5421 1687 5494 Egyptus,
1704 5424 2042 5481 cmterarum

383 5504 655 5577 gentium
677 5509 737 5566 in
762 5510 873 5567 hac
899 5516 1021 5568 arte
1040 5512 1341 5584 magistra,
1366 5510 1438 5567 ab
1460 5509 1569 5565 hoc
1591 5524 1794 5566 mense
1818 5526 2040 5568 annum

378 5592 705 5660 inchoavit.
731 5597 916 5672 Unde,
949 5598 1102 5661 sicut
1132 5599 1404 5662 Romanae
1445 5596 1811 5672 antiquitatis
1843 5605 2039 5658 aucto-

2154 3148 2427 3222 reperies.
2457 3150 2635 3206 Sume
2664 3147 3059 3222 praecedentes
3102 3143 3369 3217 ejusdem
3402 3137 3622 3196 mensis
3654 3137 3799 3206 dies,

2154 3241 2211 3294 et
2240 3237 2335 3295 his
2365 3238 2512 3295 adde
2543 3241 2772 3295 aetatem
2816 3237 2970 3293 luna:
3000 3251 3129 3308 quae
3162 3232 3274 3288 fuit
3316 3230 3375 3285 in
3408 3226 3703 3285 Kalendis.
3735 3227 3804 3282 Et

2153 3325 2344 3400 primo
2368 3344 2551 3383 unum
2575 3326 2729 3382 diem
2761 3323 3156 3382 Kalendarum
3178 3322 3368 3386 deme,
3390 3314 3602 3389 reliqui
3622 3314 3671 3371 si
3694 3313 3801 3369 mi-

2155 3433 2266 3472 nus
2313 3432 2424 3472 xxx
2472 3414 2706 3482 fuerint,
2737 3414 2866 3487 ipsa
2903 3416 2995 3469 est
3023 3415 3161 3468 satas
3191 3408 3366 3465 lunae.
3401 3405 3461 3462 Si
3510 3403 3667 3460 ultra
3692 3420 3803 3458 xxx

2153 3504 2564 3577 processerint,
2596 3504 2715 3560 illis
2746 3501 2998 3560 sublatis
3029 3499 3129 3573 qui
3160 3494 3578 3570 superiusrint,
3611 3492 3803 3565 ipsam

2154 3596 2380 3649 aetatem
2404 3593 2555 3649 lunae
2578 3593 2843 3665 prodent.
2868 3595 2987 3647 Hoc
3009 3592 3242 3645 tantum
3265 3583 3644 3640 considerans
3668 3579 3804 3635 utsi

2155 3680 2377 3737 mensis
2406 3680 2504 3737 ille
2532 3698 2641 3737 xxx
2673 3681 2782 3735 fert
2829 3678 3053 3744 lunam,
3084 3692 3226 3740 xxx;
3278 3672 3370 3727 sin
3421 3674 3618 3726 autem
3649 3683 3801 3733 xxxx,

2157 3784 2319 3839 aeque
2346 3785 2479 3823 χχιχ
2510 3768 2580 3822 de
2612 3783 2851 3823 summa
2881 3763 3217 3821 subtrahas.

2784 3869 3016 3926 CAPUT
3055 3865 3170 3921 XV.

2368 3961 2662 4033 Quomodo
2699 3958 2956 4032 quotidie
2986 3958 3124 4012 luna
3154 3949 3588 4024 pronuntietur.

2227 4061 2287 4119 Si
2319 4078 2422 4135 per
2452 4060 2591 4117 anni
2621 4058 2747 4116 dies
2776 4057 2833 4114 id
2865 4056 3061 4131 ipsum
3102 4048 3450 4123 investigare
3481 4044 3670 4135 cupis,
3705 4063 3804 4102 su-

2156 4168 2251 4209 me
2276 4134 2479 4208 omnes
2509 4149 2832 4223 prasteritos
2881 4145 3019 4203 anni
3066 4143 3211 4210 dies,
3246 4140 3303 4195 id
3350 4141 3439 4196 est
3465 4154 3500 4194 a
3530 4134 3804 4193 Kalendis

2154 4241 2419 4298 Januarii
2449 4256 2636 4312 usque
2666 4238 2727 4294 in
2754 4238 2909 4294 diem
2933 4238 2992 4291 in
3017 4250 3134 4306 quo
3155 4227 3425 4302 requiris,
3450 4225 3648 4285 addita
3669 4228 3803 4281 acta-

2156 4334 2213 4386 te
2240 4329 2393 4386 lunae
2424 4345 2553 4401 quae
2584 4328 2697 4384 fuit
2736 4327 2797 4382 in
2828 4324 2974 4398 ipsis
3005 4319 3280 4380 Kalendis
3308 4314 3595 4383 Januarii,
3628 4317 3686 4370 et
3715 4312 3803 4368 in-

2157 4417 2365 4491 primis
2393 4433 2579 4474 unum
2611 4414 2891 4473 subtrahe
2939 4414 3173 4486 propter
3212 4406 3522 4465 Kalendas.
3556 4403 3806 4491 Caeteros

2152 4488 2203 4563 si
2232 4507 2305 4562 ad
2336 4505 2446 4575 hoc
2464 4502 2839 4571 excreverint,
2863 4519 2966 4575 per
2988 4517 3080 4557 le
3100 4496 3337 4571 partire,
3363 4493 3465 4586 qui
3496 4492 3637 4546 sunt
3657 4488 3802 4586 ua-

2154 4610 2285 4651 rum
2313 4592 2687 4649 lunationum
2718 4591 2874 4659 dies;
2926 4587 3027 4662 qui
3059 4588 3281 4644 restant
3328 4582 3619 4653 cujusque
3663 4575 3801 4639 diei,

2152 4684 2304 4741 lunae
2335 4685 2563 4739 aetatem
2599 4680 2888 4754 pandunt.
2922 4677 3085 4744 Quod
3135 4673 3186 4729 si
3234 4674 3354 4759 toto
3408 4679 3653 4722 numero
3699 4677 3806 4759 per

2153 4790 2243 4829 ux
2270 4787 2521 4845 expenso
2561 4752 2645 4826 nil
2697 4765 3069 4843 superfuerit,
3102 4761 3190 4817 vel
3241 4757 3343 4829 qui
3394 4752 3802 4845 remanserint,

2152 4841 2531 4918 tricenarium
2582 4841 2897 4915 numerum
2946 4846 3319 4911 excesserint,
3354 4842 3426 4897 ad
3470 4855 3560 4894 ux
3608 4841 3806 4895 tamen

2153 4968 2269 5006 non
2322 4950 2710 5022 pervenerint,
2754 4945 3004 5004 sublatis
3045 4954 3174 5001 xxx,
3206 4936 3349 5004 quot
3394 4928 3802 5022 remanserint,

2153 5038 2281 5111 ipsa
2309 5020 2448 5094 aetas
2470 5036 2621 5092 luna:
2644 5040 2751 5092 est.
2778 5036 2840 5089 ln
2862 5034 2974 5087 hoc
3006 5024 3353 5097 argumento
3386 5020 3625 5078 bissexti
3647 5020 3802 5075 diem

2153 5144 2269 5183 non
2300 5124 2662 5183 numerabis.

2771 5215 3002 5272 CAPUT
3040 5212 3181 5270 XVI.

2179 5314 2294 5370 Cur
2321 5326 2471 5369 nunc
2502 5321 2709 5364 xxxma
2738 5321 2889 5363 nunc
2916 5319 3129 5362 xxxxna
3156 5304 3295 5360 luna
3324 5294 3735 5371 pronuntietur
3753 5296 3778 5347 ἲ

2223 5420 2481 5489 Tempus
2513 5416 2601 5470 est
2645 5413 2932 5487 expedire,
2967 5411 3123 5487 quod
3174 5423 3353 5479 supra
3399 5398 3802 5475 promisimus,

2151 5526 2256 5567 cur
2286 5521 2441 5562 nunc
2484 5502 2705 5561 scilicet
2748 5504 2888 5562 luna
2938 5519 3093 5560 nunc
3122 5511 3353 5561 xxxma,
3383 5506 3540 5547 nunc
3569 5504 3804 5544 xxixma

2151 5593 2569 5671 computetur?
2596 5596 2682 5655 Ad
2725 5594 2882 5668 quod
2929 5588 3187 5666 apertius
3219 5578 3655 5661 inspiciendum
3688 5578 3797 5642 est,
