4148 6184
397 290 474 354 81

1452 281 1870 350 HELPERICI
1911 279 2266 348 MONAGHI
2305 281 2369 346 Β.
2417 284 2667 348 GALLI.

394 443 511 484 non
535 425 858 484 uniformcs
873 424 1025 484 lunai
1047 413 1378 499 computaii
1399 411 1651 494 ἓὼξιὸἇ,
1669 409 2032 492 εόἁξὲιεὲξιιῠῖ

2154 407 2515 492 ξῷἱυηίιεῇξυῐ
2542 440 2622 481 xn
2653 438 2884 499 semper
2911 424 3128 484 exactis
3162 425 3566 484 lunationibns
3597 442 3631 482 a
3658 439 3802 483 xma'

393 533 524 574 esse
570 533 688 590 quo
733 517 1039 576 zodiacum
1081 501 1668 590 pervolétf-iliei'ui'n-
1682 505 1830 585 quo:
1859 503 2084 568 θοίθὶῆῖ

390 607 533 664 luna
561 607 958 680 consequitur.
981 609 1118 672 Quae
1140 610 1353 680 cuncta
1376 609 1442 680 ut
1463 602 1864 680 manifestiora
1882 601 2050 680 fiant,

391 698 706 754 dicendum
739 674 798 754 in
821 697 1072 771 singulis
1093 679 1290 790 sigiiiﬁ
1525 674 1842 790 .de'iiigiﬁin
1867 675 2032 790 tetih}

2111 779 2130 815 δ
2153 779 2295 836 item
2325 779 2584 854 hiberno
2618 786 2990 838 occurrerent
3029 786 3291 856 tempore
3319 785 3478 855 (nam
3511 801 3616 857 per
3644 787 3798 840 octo-

391 787 654 858 signiferi
694 767 1040 844 lustratione
1070 767 1691 858 quantirt‘riv'tbmﬁoﬁs'
1719 767 2058 854 impendat}

393 877 463 932 Ut
495 894 528 930 a
559 874 963 930 solertioribus
985 891 1099 931 non
1124 874 1250 930 sine
1282 889 1497 946 magna
1516 869 1816 942 diligentia
1845 868 2046 942 proba-

391 971 518 1020 tum
551 969 660 1033 cst,
692 963 834 1020 luna
865 964 1331 1035 unumquodque
1363 963 1598 1034 signum
1635 977 1702 1015 ex
1733 955 2043 1014 duodecim

392 1056 624 1111 duobus
672 1052 881 1109 diebus
911 1056 967 1108 et
998 1070 1095 1107 sex
1141 1051 1323 1118 horis,
1359 1067 1423 1106 ac
1455 1049 1611 1105 bisse
1659 1047 1836 1104 unius
1889 1046 2042 1101 hora:

387 1133 617 1192 transit.
643 1135 766 1190 Duc
788 1147 924 1204 ergo
957 1131 1267 1188 duodecies
1287 1133 1433 1188 duos
1457 1130 1600 1199 dies,
1624 1135 1680 1187 et
1708 1128 1857 1186 fiunt
1884 1144 2036 1184 xx1x.

392 1234 535 1291 Item
569 1241 742 1284 senas
767 1223 964 1292 horas,
987 1239 1114 1294 quae
1137 1221 1195 1276 in
1219 1219 1469 1294 singulis
1493 1219 1678 1294 signis
1701 1223 2038 1294 supersunt,

391 1315 702 1378 duodecies
733 1311 1078 1385 multiplica.
1114 1316 1170 1366 et
1199 1310 1381 1366 habes
1413 1326 1560 1366 Lxxn
1591 1309 1766 1366 horas
1797 1326 1926 1382 quis
1957 1309 2039 1364 fa-

396 1411 561 1468 ciunt
589 1409 708 1463 tres
739 1399 882 1468 dies,
904 1399 1170 1473 singulos
1189 1417 1323 1455 xxxv
1351 1401 1648 1456 horarum.
1677 1399 1794 1455 Hos
1822 1415 1887 1455 ιιι
1917 1398 2040 1456 dies

379 1503 566 1574 junge
616 1490 1017 1568 superioribus
1059 1505 1212 1557 xxxv,
1255 1493 1312 1544 et
1359 1487 1509 1544 ﬁunt
1553 1505 1727 1544 xxvn.
1762 1487 2048 1560 Superest

388 1591 579 1650 adhuc
603 1588 662 1644 in
685 1581 936 1656 singulis
953 1578 1138 1654 signis
1160 1577 1338 1634 bissis
1355 1577 1532 1634 unius
1553 1577 1730 1634 horae.
1747 1576 1806 1633 Si
1825 1576 2039 1650 quaeris

387 1681 529 1755 quid
560 1677 638 1736 sit
665 1673 866 1742 bissis,
888 1670 1033 1728 scito
1063 1667 1281 1725 bissem
1312 1668 1426 1723 dici
1456 1667 1928 1740 uniuscujusque
1955 1667 2037 1724 rei

2105 502 2459 570 oohﬁiiition'e
2487 519 2828 588 sequentem
2870 515 3214 574 inchoarent
3243 533 3486 575 annum.
3521 517 3631 574 Sed
3663 528 3806 573 cum‘

2157 601 2602 680 saepeeveniret
2645 609 2883 678 propter
2924 621 2982 660 x1
3030 605 3176 674 dies,
3209 622 3359 680 quos
3409 606 3601 663 lunari
3645 621 3798 664 anno

2695 672 3008 750 ut-hiberni
3038 672 3270 751 menses
3293 695 3509 764 aestivo,
3533 699 3590 751 et
3619 694 3798 750 aestivi

2153 887 2259 926 nos
2291 886 2477 926 annos
2496 869 2685 926 tribus
2707 873 3128 944 regradabatur
3156 873 3480 944 mensibus)
3511 877 3797 929 statutum

2151 963 2242 1015 est
2269 963 2336 1015 ut
2360 962 2560 1016 octavo
2587 976 2740 1016 anno
2769 977 2840 1016 xc
2867 961 2992 1020 dies
3030 961 3534 1030 intercalarentur,
3565 961 3667 1034 qui
3699 978 3799 1033 per

2150 1052 2236 1105 tot
2293 1065 2480 1106 annos
2519 1065 2588 1106 ex
2633 1049 2886 1106 undenis
2947 1049 3154 1108 diebus
3182 1055 3239 1108 et.
3269 1051 3502 1107 duobus
3559 1048 3798 1106 bissexti

2151 1143 2543 1196 accesserunt.
2566 1139 2682 1195 Nos
2707 1154 2841 1195 vero
2873 1144 3106 1212 propter
3126 1139 3466 1198 Paschalem
3489 1141 3793 1197 observan-

2149 1227 2293 1284 tiam
2325 1244 2503 1300 quam
2536 1245 2651 1284 non
2680 1227 2792 1283 nisi
2821 1245 2916 1284 xxv
2937 1227 3078 1282 luna
3106 1232 3239 1300 post
3266 1228 3681 1300 aequinoctium
3701 1245 3793 1284 ce-

2149 1315 2374 1372 labrare
2405 1318 2492 1372 fas
2539 1322 2646 1383 est,
2677 1332 3020 1373 communes
3049 1319 3106 1372 et
3143 1315 3576 1374 embolismales
3608 1334 3794 1374 annos

2150 1407 2210 1460 in
2242 1405 2384 1462 luna
2411 1405 2624 1461 habere
2653 1405 2936 1477 cmpimus
2979 1404 3088 1460 hoc
3117 1406 3292 1461 modo
3324 1421 3338 1460 :
3371 1404 3420 1461 si
3450 1406 3685 1478 quando
3713 1423 3792 1461 xu

2149 1496 2368 1552 exactis
2399 1493 2801 1550 lunationibus
2825 1509 2954 1548 eam
2986 1492 3344 1550 lunationem
3367 1510 3494 1566 quae
3527 1493 3796 1566 sequitur

2146 1583 2235 1642 vel
2266 1583 2326 1640 in
2356 1583 2485 1658 ipso
2515 1581 2885 1656 aequinoctio,
2909 1581 2997 1638 vel
3021 1597 3087 1638 eo
3118 1587 3414 1640 transacto
3441 1599 3635 1640 uvam
3666 1600 3793 1640 eve-

2149 1673 2274 1730 nire
2305 1671 2632 1746 contigerit,
2657 1672 2730 1728 ab
2761 1671 2949 1744 ipsius
2970 1687 3104 1728 mox
3123 1672 3466 1730 aecensione
3493 1673 3795 1745 sequentis

385 1774 532 1829 duas
574 1769 769 1856 partes
813 1759 1047 1856 sublata
1086 1757 1277 1856 ωξιξᾳ.
1312 1756 1607 1830 Quidquid
1630 1755 1885 1856 enim-in
1917 1760 2036 1856 tres
2066 1788 2124 1856 Β
2147 1765 2286 1820 anni
2332 1761 2654 1856 primordia
2687 1761 3015 1856 sumimus,
3065 1761 3428 1856 praecedente
3477 1777 3651 1829 anno,
3693 1759 3794 1834 qui

385 1875 582 1934 aequas
611 1849 877 1912 diviseris
920 1851 1115 1922 partes
1147 1848 1280 1914 [alia
1320 1843 1649 1934 manesve]
1694 1844 2030 1934 portiones],

382 1931 752 2021 unaquaeque
781 1954 984 1996 earum
1022 1935 1204 1992 triens
1242 1935 1332 1990 vel
1369 1931 1516 1990 tricn
1549 1931 1895 2021 appellatur.
1921 1933 2032 1990 Ho-

383 2017 662 2095 rum—uno
685 2027 936 2096 sublato,
965 2024 1175 2098 reliqui
1199 2025 1314 2081 duo
1335 2022 1437 2096 qui
1461 2017 1767 2080 remanent
1791 2022 2032 2080 trientes

383 2123 625 2186 insimul
655 2120 746 2179 bis
775 2118 1076 2176 vocantur.
1111 2113 1294 2171 Bissis
1334 2114 1514 2188 igitur
1544 2113 1672 2170 due:
1704 2117 1898 2188 partes
1927 2112 2032 2169 ho-

385 2235 460 2274 rae
494 2217 652 2272 sunt.
683 2206 1003 2268 Duodecim
1033 2219 1168 2278 ergo
1201 2201 1389 2261 bisses
1419 2207 1546 2261 octo
1579 2201 1801 2260 faciunt
1833 2204 2030 2272 horas,

387 2304 544 2362 binis
591 2317 694 2375 per
735 2301 854 2356 tres
886 2295 1074 2352 bisses
1106 2291 1460 2366 supputatis.
1493 2293 1746 2366 Apparet
1774 2307 1910 2366 ergo
1941 2290 2030 2348 lu-

382 2410 520 2452 nam
553 2405 706 2447 xxvn
735 2386 940 2443 diebus
970 2387 1026 2442 et
1053 2399 1155 2439 vm
1181 2381 1343 2440 horis
1365 2385 1551 2438 totum
1586 2380 1809 2437 ambire
1838 2380 2029 2438 zodia~

381 2499 548 2550 cum;
581 2483 638 2537 et
665 2477 788 2533 haec
829 2477 918 2531 est
947 2489 1066 2530 una
1096 2469 1321 2546 species
1364 2468 1658 2527 mensium
1707 2469 2028 2527 lunarium.

381 2573 492 2630 Sed
517 2569 660 2644 quia
683 2563 971 2623 naturalis
993 2562 1148 2619 lunzn
1170 2561 1392 2618 mensis
1412 2560 1485 2616 ab
1507 2559 1850 2617 aecensione
1871 2575 2029 2617 com-

381 2663 642 2735 putatur,
677 2656 806 2729 ipsa
829 2656 1025 2710 autem
1056 2650 1198 2707 luna
1234 2651 1294 2706 in
1324 2652 1444 2706 toto
1473 2648 1583 2706 hoc
1629 2649 1816 2722 spatio
1845 2647 2028 2705 solem

379 2768 495 2808 non
518 2744 917 2818 consequitur,
941 2746 1008 2798 ut
1027 2741 1099 2797 ab
1123 2755 1190 2796 eo
1212 2738 1647 2806 reaccendatur,
1670 2736 1784 2795 nisi
1815 2737 2029 2794 additis

379 2839 611 2895 duobus
631 2834 840 2892 diebus
860 2835 918 2888 et
947 2847 1003 2886 IV
1029 2827 1212 2897 horis,
1236 2825 1331 2885 his
1361 2827 1433 2884 ad
1460 2826 2028 2900 superioresjunctis

378 2939 641 2985 mensem
671 2923 940 2980 lunarem
969 2933 1102 2976 xxxx
1131 2917 1361 2974 dierum
1391 2921 1448 2972 et
1487 2933 1566 2972 xu
1596 2915 1874 2973 horarum
1900 2932 2029 2972 esse

377 3019 648 3076 fatemur.
682 3009 831 3079 Quia
876 3024 1009 3065 vero
1040 3025 1121 3063 xu
1149 3005 1306 3062 horas
1357 3021 1461 3078 pro
1506 3003 1734 3077 integro
1783 3003 1877 3060 die
1925 3021 2026 3061 ne-

378 3106 604 3180 queunt
623 3096 972 3174 computari,
991 3099 1050 3152 et
1069 3109 1255 3151 unum
1275 3091 1432 3149 diem
1455 3087 1691 3150 difﬁcile
1713 3097 1803 3150 cst
1825 3092 2022 3166 [suppL

2145 1851 2478 1911 communis
2508 1849 2748 1919 exstitit,
2783 1867 2863 1906 XII
2902 1850 3327 1919 lunationibus,
3362 1850 3571 1907 diebus
3599 1865 3798 1907 cccuv

2141 1941 2471 2000 terminato.
2496 1943 2569 1997 At
2597 1941 2647 1997 si
2675 1957 2755 1997 xu
2785 1941 3003 1997 exactis
3045 1938 3470 2008 lunationibus,
3501 1956 3636 1997 iuva
3660 1948 3803 2012 pro-'

2142 2031 2400 2101 cesserit,
2419 2035 2544 2088 tum
2569 2029 2728 2086 illam
2753 2027 3427 2102 praecedentijungimus
3448 2045 3623 2096 anno,
3637 2027 3790 2084 datis

2141 2120 2362 2177 eisdem
2376 2118 2723 2194 praecedenti
2737 2134 2890 2175 anno
2901 2134 3003 2174 xm
3013 2117 3417 2174 lunatiom'bus
3427 2120 3794 2174 etcecuxxxv

2141 2209 2366 2266 diebus.
2401 2209 2471 2266 Et
2507 2208 2604 2264 hic
2647 2225 2836 2266 annus
2865 2205 3310 2275 embolismalis,
3341 2205 3399 2262 id
3444 2211 3552 2275 est,
3584 2222 3790 2279 super-

2141 2315 2410 2356 crescens
2457 2297 2691 2367 dicitur,
2737 2297 3128 2371 praecedentes
3176 2299 3374 2354 autem
3421 2303 3800 2364 communes,

2141 2389 2296 2461 quod
2354 2403 2586 2460 semper
2643 2403 2685 2443 ιι
2740 2384 2992 2458 aequales
3039 2385 3391 2459 praecedant,
3440 2387 3676 2457 excepto
3723 2384 3784 2440 in

2139 2478 2400 2552 ogdoade
2428 2481 2485 2534 et
2512 2475 2803 2533 endecade
2831 2491 3083 2546 quorum
3127 2479 3445 2547 utrumque
3475 2490 3628 2530 unus
3657 2477 3784 2530 tan-

2139 2571 2266 2622 tum
2297 2565 2628 2622 communis
2659 2581 2851 2621 annus
2881 2563 3174 2636 praecedit.
3197 2563 3328 2618 Haec
3354 2563 3427 2618 de
3455 2561 3786 2618 diversitate

2139 2669 2428 2712 annorum
2459 2652 2666 2710 solaris
2696 2655 2755 2707 et
2780 2649 3027 2717 lunaris,
3062 2649 3466 2705 communium
3496 2654 3555 2706 et
3585 2651 3785 2707 embo-

2137 2745 2446 2802 lismorum
2495 2757 2652 2798 nunc
2699 2739 2902 2813 paucis
2954 2737 3109 2794 dicta
3136 2741 3297 2794 sunt.
3331 2738 3390 2794 Si
3421 2754 3540 2810 qua
3586 2742 3784 2794 autem

2138 2835 2379 2900 restant,
2394 2846 2528 2887 cum
2549 2829 2619 2886 ad
2645 2829 2841 2903 ipsum
2856 2823 3094 2884 Pascha
3113 2823 3432 2883 terminum
3446 2825 3782 2884 venerimus

2135 2921 2568 2997 explicandum,
2601 2921 2775 2994 prout
2821 2913 3100 2992 possibile
3147 2914 3342 2986 fuerit,
3373 2931 3780 2989 exsequemur.

2136 3012 2288 3068 Sane
2315 3009 2376 3066 in
2407 3007 2555 3066 serie
2591 3011 2919 3081 temporum
2962 3004 3358 3080 computanda
3389 3021 3548 3062 nunc
3575 3001 3784 3063 solaris

2137 3098 2297 3168 anni,
2329 3097 2431 3171 qui
2459 3096 2671 3154 certior
2697 3094 2966 3164 habetur,
2999 3090 3224 3150 calculo
3253 3085 3497 3151 utimur.

379 3159 642 3250 invenire
671 3159 778 3244 vel.
798 3184 932 3260 quid
975 3183 1198 3250 simile],
1231 3181 1555 3256 praesertim
1605 3197 1741 3238 cum
1791 3180 2032 3238 alternis
2059 3159 2125 3230 C‘

377 3282 604 3338 vicibus
635 3275 829 3334 media
865 3275 960 3332 die
1007 3289 1074 3331 ac
1123 3275 1292 3328 nocte
1338 3269 1715 3344 perhibeatur
1761 3270 2020 3340 accendi,

381 3374 616 3446 propter
653 3365 991 3424 facilitatem
1037 3358 1417 3435 computandi
1446 3376 1565 3416 una
1592 3359 1716 3417 vice
1743 3375 1821 3416 xu
1868 3360 2024 3416 horai

379 3458 748 3523 intermissae,
782 3454 964 3510 altera
1007 3455 1203 3508 autem
1242 3469 1310 3506 ex
1340 3454 1586 3522 utraque
1613 3449 1915 3506 lunatione
1945 3449 2023 3506 si-

382 3549 504 3606 mul
535 3546 787 3604 collectis
819 3560 922 3616 pro
952 3541 1178 3614 integro
1208 3537 1304 3594 die
1333 3541 1766 3610 computantur,
1799 3542 1857 3594 et
1884 3543 2026 3594 tunc

380 3640 521 3696 luna
549 3651 760 3694 xxvma
787 3629 1220 3706 pronuntiatur.
1255 3629 1430 3684 Porro
1459 3625 1543 3683 illi
1573 3627 1688 3685 duo
1717 3643 1850 3684 vero
1876 3627 2022 3695 dies,

379 3727 479 3801 qui
499 3741 634 3782 cum
653 3718 954 3796 quaternis
974 3717 1135 3774 horis
1158 3720 1290 3790 post
1305 3729 1609 3772 emensum
1626 3715 1929 3772 zodiacum
1952 3716 2024 3771 ad

380 3811 858 3886 consequendum
882 3807 1064 3864 solem
1088 3807 1240 3862 luna:
1267 3809 1602 3876 supersunt,
1631 3821 1734 3877 per
1757 3821 1835 3861 xu
1865 3805 2028 3861 luna-

377 3907 568 3962 tiones
587 3902 648 3959 in
670 3915 857 3956 unum
879 3895 1104 3954 collecti
1124 3911 1254 3968 xxv:
1278 3891 1404 3950 dies
1423 3891 1666 3949 insimul
1688 3892 2025 3962 conficiunt,

381 4012 509 4068 qum
535 3994 625 4049 est
654 4006 772 4046 una
800 3987 954 4043 luna:
986 3983 1288 4041 zodiantea
1333 3981 1678 4055 peragratio,
1713 3981 1848 4038 licet
1875 3999 2030 4038 unus

380 4081 532 4139 desit
577 4079 726 4135 dies.
759 4075 830 4131 Et
875 4074 985 4130 hoc
1017 4077 1106 4130 est
1137 4071 1292 4143 quod
1343 4069 1486 4126 dicit
1529 4069 1804 4127 dominus
1853 4071 2026 4136 Beda,

380 4169 583 4226 lunam
637 4163 923 4220 tredecies
953 4161 1012 4216 in
1055 4175 1136 4216 xu
1185 4159 1310 4216 suis
1365 4156 1668 4216 mensibus
1727 4158 2030 4216 zodiacum

386 4268 743 4331 percurrere.
781 4250 850 4306 Hi
875 4263 1082 4306 omnes
1101 4249 1228 4304 dies
1257 4247 1316 4303 in
1349 4262 1643 4304 summam
1669 4246 1885 4304 redacti
1915 4249 2034 4303 etii-

385 4347 550 4403 ciunt
589 4341 862 4398 lunarem
914 4353 1134 4394 annum
1182 4351 1382 4393 cccuv
1428 4336 1676 4393 dierum.
1710 4335 2032 4393 Duodecies

381 4435 539 4493 enim
569 4437 724 4497 xxix,
750 4443 1046 4486 occxmn.
1080 4425 1400 4484 Duodecim
1429 4429 1626 4482 autem
1648 4423 1803 4483 horai
1823 4423 2036 4481 duode-

381 4523 498 4580 cies
531 4521 720 4578 dnetae
753 4521 892 4574 sunt
922 4527 1106 4583 exuv,
1127 4519 1185 4571 et
1213 4513 1582 4604 faciuntdies
1611 4529 1688 4580 vr,
1835 4513 2029 4604 juncti
2059 4536 2108 4604 Ι)

383 4607 806 4686 superioribus,
827 4621 1032 4662 cccuv
1056 4605 1330 4672 reddunt,
1351 4603 1452 4676 qui
1485 4606 1643 4671 sunt,
1667 4606 1733 4658 ut
1747 4599 2026 4672 diximus,

380 4701 506 4757 dies
525 4696 665 4756 anni
685 4693 934 4763 lunaris,
955 4707 1133 4766 quem
1155 4695 1386 4749 constat
1410 4694 1564 4747 retro
1586 4704 1819 4763 semper
1837 4691 2031 4748 obser.

379 4793 600 4855 vatum,
635 4783 943 4851 duodenis,
975 4797 1126 4854 quos
1172 4779 1312 4848 dixi,
1341 4779 1650 4836 mensibus
1680 4779 1760 4836 ita
1799 4794 2032 4852 semper

383 4874 832 4945 alternantibus,
866 4877 924 4930 et
950 4887 1106 4929 unus
1137 4866 1409 4938 tricenos,
1443 4869 1588 4926 alter
1619 4869 2029 4926 undetricenos

381 4969 624 5024 haberet
670 4965 816 5032 dies,
850 4977 1157 5036 quousque
1205 4959 1346 5016 Julii
1375 4959 1621 5015 Czesaris
1671 4951 1908 5016 solertia
1935 4975 2028 5016 so-

380 5055 523 5111 laris
555 5059 821 5125 repertus
853 5058 942 5109 est
972 5068 1184 5118 annus,
1220 5065 1322 5122 pro
1367 5065 1432 5103 eo
1481 5049 1633 5120 quod
1669 5047 1893 5104 lunaris
1923 5063 2027 5103 an-

383 5163 493 5200 nus
541 5143 600 5198 in
652 5142 852 5196 multis
900 5140 1215 5206 vacillaret,
1251 5142 1307 5193 et
1355 5137 1496 5194 solis
1542 5136 1742 5192 cursui
1797 5137 2030 5209 penitus

382 5251 496 5288 non
537 5224 887 5287 conveniret.

977 5351 1211 5407 CAPUT
1260 5352 1427 5408 XVII.

385 5472 455 5526 Ut
475 5483 512 5522 a
534 5463 816 5520 veteribus
852 5459 1078 5517 lunaris
1110 5467 1337 5514 tantum
1363 5464 1699 5518 observatas
1720 5458 1794 5515 sit
1813 5473 2029 5526 mnus;

419 5556 474 5604 et
495 5561 604 5603 cur
619 5544 789 5600 modo
810 5555 1170 5599 communem
1191 5538 1452 5594 dicamus
1471 5549 1527 5594 et
1543 5539 1993 5596 anbolismalem
2005 5542 2032 5596 ἲ

456 5682 542 5742 Ita
571 5679 730 5742 enim
757 5677 854 5741 ille
883 5695 918 5738 θ,
946 5674 1240 5740 veteribus
1260 5672 1474 5734 ercis
1494 5689 1561 5732 ac
1589 5673 1810 5732 Latinis
1841 5675 2034 5735 obser-

2732 3249 2966 3314 CAPUT
3003 3250 3180 3312 XVIII

2138 3395 2295 3456 Unde
2334 3393 2714 3467 conﬁciantur
2755 3393 2942 3486 cauus
2976 3391 3268 3486 turum;ch
3308 3391 3406 3448 ubi
3444 3391 3657 3448 rectius
3687 3391 3779 3446 in-

2768 3479 3152 3528 (emittatur.

2206 3630 2324 3686 Hoc
2366 3627 2491 3684 loco
2541 3639 2866 3698 congruum
2895 3622 3124 3680 videtur
3151 3623 3223 3680 de
3253 3622 3404 3679 saltu
3454 3621 3604 3678 luna:
3654 3640 3780 3695 qum

2136 3733 2454 3793 possumne
2485 3711 2773 3789 explicare
2803 3712 3274 3784 sumendumque
3303 3713 3375 3769 ab
3407 3711 3535 3786 ipsa
3563 3709 3784 3785 origine

2136 3823 2362 3866 censeo.
2400 3804 2664 3863 Diximus
2696 3819 2875 3877 supra
2910 3801 3114 3858 lunam
3163 3818 3232 3857 ex
3277 3819 3394 3874 quo
3441 3803 3534 3858 die
3580 3819 3615 3858 a
3667 3800 3787 3857 sole

2137 3896 2353 3968 recepit
2383 3898 2514 3968 post
2541 3909 2635 3949 xix
2665 3891 2788 3947 dies
2819 3895 2876 3948 et
2903 3891 3078 3946 horas
3109 3906 3188 3943 xu
3222 3905 3427 3944 rursus
3458 3887 3644 3944 eidem
3679 3889 3788 3946 soli

2139 3985 2467 4047 succedere,
2501 3983 2559 4036 et
2587 3979 2744 4034 hunc
2775 3992 3038 4034 mensem
3069 3992 3198 4032 esse
3232 3974 3332 4048 qui
3362 3993 3586 4032 annum
3619 3977 3783 4033 luna-

2140 4089 2284 4141 rem,
2318 4071 2366 4126 si
2409 4066 2740 4126 communis
2789 4064 2866 4121 sit
2908 4081 3009 4132 xn,
3041 4062 3458 4121 embolismum
3505 4082 3639 4122 vero
3685 4083 3785 4122 xm

2139 4162 2510 4233 computatus
2531 4155 2813 4228 perﬁciat.
2839 4153 2952 4211 Sed
2975 4153 3404 4226 deprehensum
3425 4159 3515 4212 est
3534 4153 3785 4228 singulis

2139 4249 2464 4314 mensibus,
2497 4260 2601 4300 nec
2629 4243 2772 4300 dum
2801 4260 2920 4299 vna
2961 4241 3104 4298 hora
3133 4247 3386 4314 peracta,
3419 4242 3605 4300 solem
3634 4261 3668 4300 a
3696 4243 3784 4300 lu-

2142 4359 2219 4400 na
2247 4334 2546 4408 consequi,
2578 4330 2953 4404 vicissimque
3001 4329 3150 4386 luna-
3191 4348 3226 4388 a
3272 4330 3393 4388 sole
3438 4333 3699 4402 accendi,
3731 4339 3787 4390 et

2143 4435 2361 4490 restare
2389 4443 2457 4483 ex
2485 4437 2648 4480 eaem
2699 4420 2847 4478 hora
2875 4435 3056 4478 xnma
3086 4435 3192 4493 per
3237 4419 3516 4495 singulos
3548 4439 3780 4480 menses

2121 4537 2205 4580 av
2223 4519 2542 4583 momenta,
2573 4516 2631 4569 et
2676 4508 2911 4568 unciam
2961 4509 3140 4568 unius
3186 4511 3469 4568 momenti
3498 4515 3556 4568 et
3604 4529 3786 4569 unum

2140 4615 2429 4670 atomum.
2467 4605 2604 4670 Quae
2635 4617 2693 4656 IV
2723 4604 3018 4656 momenta
3049 4615 3152 4672 per
3177 4598 3444 4672 singulos
3474 4616 3706 4658 menses
3727 4599 3786 4656 in

2135 4699 2366 4756 tantum
2380 4691 2928 4764 augmentantur,ut
2939 4703 3042 4760 per
3050 4701 3146 4744 xIx
3162 4686 3652 4762 annosintegrum
3667 4705 3790 4762 per-

2137 4785 2339 4844 ﬁciant
2353 4781 2508 4837 diem
2526 4795 2540 4834 :
2556 4793 2732 4850 quem
2747 4775 2903 4834 diem
2923 4790 3054 4831 ιηχο
3073 4789 3308 4849 semper
3322 4791 3475 4834 anno
3495 4777 3622 4850 ipsa
3634 4781 3792 4832 tran-

2135 4875 2296 4933 silire
2311 4870 2464 4945 cogit
2485 4866 2842 4934 imminutio,
2858 4880 2930 4922 ne
2945 4869 3002 4921 et
3021 4862 3248 4922 lunaris
3266 4865 3570 4924 calculatio
3591 4868 3649 4921 et
3667 4869 3788 4923 tota

2137 4965 2406 5022 turbetur
2450 4954 2748 5014 Paschalis
2785 4955 3168 5010 observantiae
3201 4955 3364 5011 ratio.
3397 4953 3542 5010 Nam
3593 4953 3641 5008 si
3695 4971 3787 5010 ne-

2137 5054 2393 5126 gligatur
2421 5047 2516 5103 ille
2546 5045 2691 5114 dies,
2719 5044 2942 5100 eveniet
2971 5048 3036 5100 ut
3066 5049 3197 5117 post
3223 5061 3298 5099 xv
3323 5042 3540 5096 xixales
3569 5043 3780 5114 cyclos,

2137 5142 2195 5197 id
2227 5144 2315 5197 est
2344 5142 2474 5211 post
2504 5154 2688 5192 annos
2710 5153 2981 5203 ccnxxxv,
3005 5151 3136 5189 eum
3159 5133 3370 5189 debeas
3399 5131 3599 5187 lunam
3625 5149 3783 5188 com-

2139 5234 2344 5304 putare
2377 5226 2648 5299 primam,
2683 5228 2951 5284 occurrat
2977 5239 3103 5288 xva,
3129 5220 3185 5275 id
3213 5224 3302 5276 est
3329 5219 3503 5292 plena
3531 5220 3690 5276 luna.
3717 5223 3787 5277 Et

2137 5321 2394 5382 econtra,
2447 5329 2582 5369 cum
2641 5330 2750 5369 xva
2796 5313 3185 5382 computatur,
3236 5314 3516 5382 appareat
3571 5309 3780 5382 prima.

2139 5406 2252 5463 Sed
2283 5409 2349 5460 ut
2377 5408 2575 5476 aperte
2597 5401 2814 5460 clareat
2838 5397 3088 5471 qualiter
3109 5396 3204 5452 ille
3225 5397 3352 5455 dies
3373 5399 3658 5472 paulatim
3683 5399 3786 5455 mi-

2139 5494 2371 5552 nuendo
2413 5509 2600 5566 usque
2647 5491 2718 5547 ad
2765 5489 3058 5560 integrum
3108 5485 3362 5558 deficiat,
3395 5488 3536 5562 quia
3578 5486 3784 5544 xxxalis

2139 5583 2444 5642 mensibus
2474 5601 2530 5640 ιν
2559 5581 2856 5639 momenta
2883 5575 3237 5652 uneiamque
3266 5577 3546 5639 momenti
3575 5580 3632 5633 et
3658 5580 3782 5636 ato.

2139 5691 2306 5736 mum
2335 5675 2574 5748 perdere
2603 5669 2834 5741 dicitur,
2857 5666 3117 5742 primum
3135 5685 3342 5732 omnes
3369 5683 3464 5727 xix
3481 5674 3780 5725 annorum
