4148 6184
326 333 417 400 33
1665 330 1891 391 LIBER
1934 326 2511 391 nEyGOMPU'ro.
3434 416 3441 421 ‘
3717 348 3795 413 3‘

310 478 573 523 .menses
600 467 748 534 qnot
778 462 901 523 sint
936 461 1262 530 videamus,
1298 468 1365 518 ut
1397 463 1763 537 singulorum
1794 460 2081 534 prmia-1A
2102 459 2465 526 Novembri,
2498 463 2564 515 ut
2612 462 2787 523 multi
2816 463 3061 533 faciunt,
3086 467 3417 539 distuleris,
3452 474 3503 530 si
3533 485 3797 537 occurret

308 560 534 620 -torum
551 555 991 613 momentorum
1017 550 1450 625 unoiarumque
1466 557 1524 608 et
1550 557 1871 609 atomorum
1895 566 1997 608 nu-
2103 549 2256 607 luna
2282 548 2629 607 secundum
2654 555 2996 624 epactarum
3019 558 3308 619 rationem
3341 576 3375 615 a
3403 561 3683 625 Kalendis
3703 569 3799 629 Se-

333 659 568 701 merum
602 639 971 713 colligentes,
992 643 1171 712 atque
1201 656 1271 698 ex
1301 640 1396 697 his
1429 659 1633 699 rursus
1664 641 1839 697 horas
1869 655 1999 696 con-
2104 636 2440 709 pmmbris,
2468 654 2576 710 per
2596 643 2717 698 tres
2737 656 2993 713 menses,
3008 643 3066 701 id
3087 651 3178 707 est
3203 664 3399 720 usque
3415 650 3477 709 in
3510 654 3797 720 Kalendas

310 732 622 799 .ﬁcientes,
638 730 965 803 probemus
995 729 1045 784 si
1066 728 1363 803 integrum
1388 730 1542 786 diem
1572 747 1702 786 χχιν
1722 729 1998 785 horarum
2105 724 2502 814 Decembris;
2537 731 2695 799 quod
2723 730 2772 786 si
2806 730 2866 785 in
2906 748 2973 788 eo
3011 734 3159 805 loco,
3192 736 3251 795 id
3299 716 3406 796 est
3431 740 3490 797 in
3521 716 3698 814 Julio,
3728 716 3799 805 ut

335 822 578 877 reddere
610 820 865 893 possint.
886 818 1332 876 Decemnovalis
1364 819 1511 893 cycli
1530 836 1742 876 ccxxxv
1771 833 1999 877 menses
2109 813 2251 871 Kal.
2270 814 2524 886 Aug.,ut
2545 816 2825 884 diximus,
2840 819 2993 877 diem
3016 823 3177 882 hunc
3198 829 3592 901 transilias,in
3618 813 3795 893 unius

334 911 473 966 hinc
503 928 635 967 esse
656 908 959 981 colligitur
987 909 1144 979 quod
1167 924 1304 963 eum
1326 926 1407 964 xu
1429 924 1768 965 communes
1793 906 2003 963 duode-
2107 906 2365 959 tantum
2388 906 2645 976 Augusti
2670 907 2942 967 Kalendis
2964 914 3036 968 ab
3054 921 3391 987 epactarum
3417 920 3664 981 lectione
3679 926 3798 983 dis-

336 1016 550 1055 norum
585 998 819 1053 scilicet
843 997 1166 1063 mensium,
1202 1014 1281 1051 vn
1331 1014 1467 1053 vero
1515 997 1909 1064 embolismos,
1944 994 2002 1051 id
2109 994 2307 1048 sonat
2330 991 2494 1049 luna.

336 1094 451 1157 est,
485 1105 587 1143 xm
618 1086 919 1142 mensium
952 1089 1185 1147 constat
1210 1102 1400 1142 annos
1429 1087 1663 1143 habere.
1686 1083 2003 1142 Duodecies
2763 1086 2994 1145 CAPUT
3030 1091 3165 1149 XIX.

339 1183 544 1235 autem
575 1194 674 1244 xu,
707 1175 813 1247 qui
845 1180 988 1233 sunt
1014 1191 1203 1242 cxuv,
1237 1180 1296 1232 et
1324 1175 1604 1233 tredecies
1651 1192 1751 1243 vn,
1783 1174 1884 1247 qui
1928 1172 2007 1229 fa—
2317 1174 2464 1242 Qua!
2490 1173 2654 1230 horis
2683 1175 2820 1232 [una
2844 1178 3036 1235 luceat
3060 1182 3302 1251 singulis
3329 1189 3602 1245 noctibus.
3641 1171 3655 1183 ’

338 1267 509 1323 ciunt
537 1283 647 1333 XCI,
679 1263 928 1323 insimul
959 1263 1136 1338 positi
1166 1280 1385 1320 ccxxxv
1415 1263 1744 1336 perﬁciunt,
1768 1264 1869 1336 qui
1903 1280 2006 1320 nu-
2191 1262 2354 1327 Quot
2381 1262 2542 1318 horis
2574 1262 2721 1320 luna
2757 1282 2860 1338 per
2898 1269 3165 1345 singulas
3205 1276 3406 1331 noctes
3442 1275 3633 1335 luceat
3672 1279 3799 1336 hoc

335 1373 540 1413 merus
564 1358 776 1426 quater
798 1354 1014 1411 ductus
1033 1366 1284 1409 neccch
1303 1354 1493 1413 reddit
1508 1354 1618 1409 hoc
1638 1353 1846 1411 modo:
1871 1368 2008 1424 qua-
2115 1350 2302 1414 modo
2333 1350 2558 1423 collige.
2594 1351 2788 1409 Primo
2820 1356 2966 1411 scito
3006 1375 3134 1414 eam
3167 1376 3235 1415 ex
3267 1377 3384 1432 quo
3414 1380 3448 1421 a
3476 1365 3596 1423 sole
3622 1384 3797 1427 rece-

333 1450 428 1501 ter
456 1460 720 1519 namque
751 1459 819 1501 cc
847 1445 990 1500 sunt
1017 1458 1236 1500 ncccxr.
1265 1446 1323 1497 et
1352 1460 1408 1500 ιν
1457 1441 1650 1498 trinici
1681 1459 1807 1511 cxx,
1838 1441 2005 1501 item-
2115 1441 2270 1496 deus
2298 1440 2491 1511 prima
2522 1438 2758 1509 dicitur,
2783 1461 2971 1515 usque
2999 1448 3071 1502 ad
3101 1465 3176 1503 xv
3201 1465 3318 1519 quo
3344 1449 3580 1523 longius
3607 1455 3683 1511 ab
3712 1472 3802 1511 eo

338 1552 457 1607 que
484 1552 560 1589 xx
591 1533 944 1606 praedictum
977 1548 1318 1599 numerum,
1343 1531 1401 1586 id
1432 1534 1730 1599 est,occoc
1757 1529 2010 1603 complet
2117 1530 2393 1587 recedere
2438 1544 2556 1583 non
2607 1535 2820 1602 potest,
2854 1532 3107 1605 singulis
3137 1536 3410 1599 noctibus
3458 1546 3801 1611 quaternos

343 1623 458 1683 hoc
487 1622 686 1690 modo,
710 1637 841 1693 qua:
866 1625 955 1681 est
1000 1636 1243 1681 summa
1290 1622 1713 1691 quaternorum
1744 1635 2006 1683 momen-
2112 1622 2373 1692 .punctos
2418 1616 2568 1685 lucis
2618 1637 2738 1681 sua}
2787 1626 3082 1678 cremento
3131 1624 3362 1691 addere,
3416 1628 3795 1702 totidemque

322 1718 540 1769 Jorum
571 1712 645 1767 de
675 1709 931 1789 singulis
950 1726 1048 1767 χιχ
1074 1724 1369 1770 annorum
1399 1706 1706 1766 mensibus
1739 1706 2005 1764 collecto-
2117 1707 2394 1780 deinceps
2424 1708 2871 1789 reproximando
2900 1710 2990 1771 sol
3038 1727 3107 1769 ex
3146 1710 3329 1771 altera
3358 1719 3521 1787 parte
3566 1716 3787 1779 circuli

314 1818 496 1860 .rum.
545 1802 689 1867 Quae
733 1802 1056 1879 momenta,
1088 1797 1233 1871 quia
1280 1797 1456 1855 horas
1502 1797 1695 1855 facere
1737 1799 2005 1873 possunt,
2023 1844 2087 1913 (Β
2117 1811 2309 1868 usque
2325 1796 2397 1851 ad
2418 1812 2530 1853 xxx
2548 1794 3193 1859 imminuerelluandiu
3214 1818 3352 1874 ergo
3372 1801 3432 1861 in
3455 1810 3781 1877 augmento

336 1892 447 1913 1.--
477 1889 680 1913 --.Ἅι-Α
714 1886 1150 1913 ..Α-,ηεΔΑ-,ηκηη
1191 1886 1332 1913 n..:..
1358 1886 1508 1913 -...:.~.
1534 1885 1671 1913 ιιι-η...
1697 1902 1754 1913 ς..
1777 1884 2008 1913 ..η-...ιερ-
2122 1888 2207 1913 And.
2264 1884 2317 1913 ξιξ
2372 1887 2451 1913 nn]
2508 1901 2695 1913 ...υ-..Α
2727 1887 2794 1913 ..Δ
2829 1905 2903 1913 ---
2958 1888 3025 1913 ...1
3078 1886 3388 1913 1-.--...1--...
3443 1891 3729 1913 μηιιξηιεγ
3754 1912 3763 1913 ,

334 1892 449 1949 hoc
471 1889 684 1951 ordine
708 1886 1338 1953 consideremus.0uia
1354 1886 1513 1947 enim
1534 1885 1754 1947 boraiv
1776 1884 2087 1959 punctis‘”
2119 1888 2230 1953 est,
2264 1884 2323 1939 id
2371 1887 2454 1938 est
2508 1901 2696 1957 usque
2725 1887 2797 1943 ad
2827 1905 2922 1955 xv,
2957 1888 3030 1944 ad
3078 1886 3394 1946 lucendum
3443 1891 3779 1966 multiplica

336 1975 824 2051 constat,singuli
844 1979 1040 2037 autem
1066 1974 1275 2047 puncti
1297 1974 1464 2031 denis
1484 1973 1820 2043 momentis,
1833 1974 2011 2035 horas
2114 1975 2251 2044 ejus
2272 1975 2500 2030 aetatem
2521 1979 2745 2045 quater,
2761 1980 2817 2033 et
2837 1992 2906 2033 ex
2925 1976 3021 2033 his
3036 1993 3187 2049 quos
3204 1976 3495 2037 inveneris
3511 1982 3771 2053 punctis,

334 2066 617 2140 singulas
638 2064 960 2123 metiamur
978 2079 1085 2135 per
1111 2080 1185 2119 χι.
1214 2067 1533 2131 momenta,
1556 2066 1616 2125 et
1642 2061 2010 2119 inveniemus
2118 2059 2298 2118 facito
2340 2059 2515 2118 horas
2544 2062 2808 2138 singulas
2857 2081 2961 2137 per
2990 2065 3202 2137 quinos
3233 2072 3502 2140 punctos.
3532 2071 3618 2129 Ad
3650 2088 3770 2131 non

328 2160 397 2215 in
430 2153 844 2231 suprascripto
875 2157 1310 2217 momentorum
1363 2168 1609 2208 numero
1658 2168 1797 2209 xxm
1830 2151 2010 2209 semis
2119 2150 2440 2207 lucendum
2469 2168 2602 2208 vero
2655 2170 2989 2221 numerum,
3023 2155 3125 2226 qui
3172 2160 3262 2213 est
3308 2157 3380 2219 ab
3427 2158 3556 2229 ejus
3602 2164 3770 2221 atate

337 2248 519 2305 horas
550 2244 666 2303 hoc
695 2242 870 2300 modo
904 2259 917 2298 :
953 2240 1308 2314 quadragies
1338 2259 1411 2296 xx
1460 2246 1518 2299 et
1555 2240 1707 2301 terni
1736 2256 2007 2307 occecxx,
2122 2253 2314 2309 usque
2363 2239 2432 2295 ad
2480 2258 2573 2307 xv,
2607 2241 2809 2300 itidem
2857 2241 3203 2315 multiplica,
3237 2250 3295 2301 et
3341 2246 3513 2304 factis
3560 2247 3769 2308 exinde

338 2336 457 2394 alia
486 2353 563 2392 xx
586 2337 890 2391 momenta
917 2330 1143 2388 faciunt
1163 2329 1471 2387 dimidiam
1494 2330 1723 2398 horam,
1756 2334 1813 2386 et
1843 2335 2008 2396 sunt,
2124 2342 2333 2383 rursus
2362 2327 2541 2398 horis,
2574 2330 2634 2386 in
2673 2348 2968 2393 summam
3018 2331 3250 2405 collige;
3283 2338 3340 2389 et
3369 2333 3419 2391 si
3449 2335 3508 2391 in
3538 2340 3658 2395 toto
3686 2354 3768 2395 xu

340 2433 406 2483 ut
454 2424 685 2481 dictum
736 2425 844 2489 est,
875 2437 1016 2477 χχιιι
1067 2419 1250 2476 semis
1298 2419 1473 2477 horae.
1511 2419 1625 2476 Sed
1678 2424 1743 2475 ut
1780 2418 2011 2490 integes
2123 2416 2300 2472 horas
2366 2417 2582 2489 reperis
2607 2462 2620 2487 ,
2698 2423 2852 2477 recte
2926 2426 3298 2494 computasse
3369 2426 3425 2479 te
3517 2426 3764 2483 noveris.

338 2515 468 2572 dies
496 2530 634 2570 xxxv
664 2512 946 2568 horarum
979 2508 1341 2582 perﬁciatur,
1357 2508 1602 2564 alteram
1634 2508 1816 2580 hujus
1849 2506 2009 2563 hora:
2126 2505 2445 2576 Postquam
2476 2524 2609 2565 vero
2648 2510 2978 2570 decressere
3006 2511 3196 2583 ccepit,
3220 2511 3277 2566 id
3319 2517 3409 2568 est
3438 2531 3473 2570 a
3501 2532 3573 2569 xv
3602 2514 3765 2572 dein-

338 2603 721 2662 medietatem
753 2617 822 2657 ex
843 2598 1032 2656 unciis
1051 2597 1403 2669 atomisque,
1418 2613 1548 2669 qua:
1570 2595 1826 2670 singulis
1844 2612 2013 2655 men-
2120 2611 2282 2667 ceps,
2306 2595 2377 2651 ad
2404 2595 2613 2653 lucend
2625 2615 2721 2654 um
2743 2598 3067 2672 multiplica
3088 2617 3422 2671 numerum,
3446 2603 3548 2676 qui
3576 2607 3666 2662 est
3692 2606 3765 2662 ab

340 2696 508 2752 sibus
521 2690 830 2766 quaternis
847 2689 1059 2746 addita:
1074 2686 1555 2755 sunt,momentis
1578 2685 2006 2758 compleamus.
2114 2686 2255 2757 ejus
2292 2687 2458 2741 (etate
2486 2703 2675 2759 usque
2704 2706 2838 2755 xxx;
2875 2690 2947 2745 ad
2979 2707 3093 2747 non
3124 2689 3440 2749 lucendum
3471 2710 3602 2749 vero
3632 2709 3668 2749 a
3694 2712 3769 2753 xv

342 2784 529 2843 Uncia
560 2780 917 2838 duodecima
936 2794 1072 2850 pars
1092 2780 1182 2833 est
1207 2774 1523 2847 cujuslibet
1563 2773 2009 2831 rei.Duodecim
2124 2790 2314 2845 usque
2345 2774 2415 2829 ad
2447 2775 2578 2845 ejus
2607 2780 2856 2845 aitatem,
2881 2779 3081 2848 sicque
3110 2795 3213 2850 per
3239 2781 3437 2837 omnia
3466 2782 3669 2850 facias,
3704 2787 3771 2840 ut

340 2875 503 2933 enim
520 2871 713 2929 uncia:
734 2871 1101 2925 momentum
1120 2865 1365 2921 faciunt.
1380 2864 1565 2936 Igitur
1584 2863 1769 2920 uncia:
1788 2878 2011 2923 ccxxxv
2124 2863 2346 2921 dictum
2375 2867 2464 2919 est
2509 2880 2710 2937 supra.
2747 2865 2921 2922 Porro
2959 2883 3087 2934 xva,
3119 2866 3260 2939 quia
3304 2868 3480 2939 plena
3508 2874 3616 2938 est,
3648 2874 3771 2929 tota

341 2962 573 3022 faciunt
602 2960 907 3016 momenta
926 2971 1134 3011 novem
1155 2956 1213 3010 et
1233 2953 1456 3020 decem,
1478 2955 1538 3008 et
1566 2954 1874 3008 remanent
1900 2968 2008 3008 vn.
2124 2957 2293 3017 nocte
2324 2952 2496 3009 lucet.
2530 2955 2745 3020 Quater
2772 2955 2931 3011 enini
2961 2955 3241 3027 quindeni
3275 2972 3342 3012 ιχ
3372 2962 3514 3015 sunt
3541 2960 3767 3031 puncti,

342 3049 675 3111 Duodecies
694 3047 856 3103 enim
876 3044 1013 3102 deni
1036 3048 1094 3100 et
1124 3041 1331 3099 noveni
1369 3041 1607 3098 ducenti
1636 3056 1812 3097 xxvm
1844 3045 2010 3109 sunt,
2123 3047 2181 3100 et
2210 3042 2433 3098 faciunt
2478 3042 2655 3100 horas
2703 3061 2803 3101 χιι.
2855 3045 3105 3101 Econtra
3149 3045 3232 3101 nil
3278 3045 3436 3105 lueet
3477 3066 3644 3118 xxxa,
3677 3055 3770 3106 ut-

340 3147 402 3201 et
427 3141 760 3205 remanent,
794 3139 862 3192 ut
899 3134 1124 3205 dictum
1156 3135 1264 3201 est,
1297 3128 1485 3187 uncia
1513 3147 1594 3187 vu
1634 3130 1705 3186 de
1736 3129 2012 3188 ducentis
2124 3134 2258 3206 pote
2307 3130 2416 3187 soli
2474 3134 2799 3206 supposita,
2842 3134 2970 3205 ejus
3027 3136 3235 3207 majori
3292 3135 3516 3197 lumine
3563 3139 3774 3197 obscu-

342 3249 513 3290 xxxv.
528 3227 759 3296 Quibus
786 3241 867 3281 νιι
888 3221 1081 3280 unciis
1104 3221 1178 3277 ad
1202 3218 1618 3292 complendum
1642 3219 2092 3287 momentumli
2124 3224 2268 3277 rata.
2326 3220 2487 3277 Hanc
2543 3221 2749 3279 horam
2803 3222 2984 3280 Graeci
3047 3226 3308 3297 synodon
3366 3232 3602 3299 vocant,
3665 3231 3772 3286 La-

343 3318 693 3379 unevsunt
714 3311 1185 3382 addendae,quas
1207 3306 1419 3366 atomis
1449 3305 1799 3378 ccxxxv,qui
1818 3305 2015 3369 adhuc
2124 3310 2233 3368 tini
2290 3312 2486 3366 autem
2542 3311 2789 3379 coitum,
2848 3314 3003 3385 quod
3061 3318 3187 3370 tum
3256 3318 3476 3389 pariter
3540 3319 3774 3392 utrique

344 3408 693 3483 supersunt,
717 3401 915 3460 taliter
946 3395 1618 3473 suppleamus,singulis
1649 3394 1839 3456 unciis
1858 3412 2016 3454 XLVII
2125 3403 2351 3457 coeant.

344 3505 579 3557 atomos
612 3491 1003 3551 attribuentes
1032 3489 1117 3545 ita
1147 3503 1161 3541 :
1196 3484 1549 3562 quadragies
1579 3485 1799 3559 septies
1847 3485 2015 3556 quini
2758 3490 2990 3550 CAPUT
3026 3492 3139 3550 xx,

347 3592 490 3645 sunt
519 3581 894 3641 ccxxxv.Has
914 3597 951 3637 v
982 3576 1390 3648 uneiasjunge
1410 3573 1814 3647 superioribus
1832 3590 1935 3642 xu,
1959 3579 2017 3632 et
2172 3575 2179 3581 ’
2268 3582 2394 3649 Qua
2424 3584 2569 3637 hora
2606 3581 2831 3652 eclipsis
2858 3583 2992 3639 solis
3022 3599 3092 3641 ac
3120 3585 3267 3641 (unm
3302 3589 3626 3656 proveniat.

347 3680 504 3734 ﬁunt
529 3672 707 3741 xn,id
741 3675 833 3726 est
853 3669 1220 3725 momentum
1242 3664 1734 3737 integrum,quod
1757 3679 2017 3723 momen-
2197 3670 2321 3733 Quo
2351 3672 2613 3741 tempore
2640 3670 2895 3743 eclipsis,
2928 3671 2986 3726 id
3018 3677 3126 3742 est,
3159 3674 3422 3734 defectus
3452 3679 3592 3735 solis
3620 3680 3770 3736 acci-

348 3776 477 3824 tum
503 3767 694 3838 junge
716 3761 791 3817 ad
815 3755 1120 3831 superiora
1152 3771 1268 3822 χιχ,
1286 3756 1344 3810 et
1367 3752 1550 3810 habes
1580 3769 1654 3809 xx
1692 3756 2012 3822 momenta,
2124 3756 2261 3811 dere
2290 3756 2477 3813 solet?
2499 3758 2711 3828 Primo,
2734 3759 2784 3815 si
2814 3759 3017 3816 lunam
3041 3763 3243 3819 eadem
3268 3763 3422 3820 linea
3450 3783 3568 3838 qua
3586 3767 3769 3824 solem

349 3859 409 3913 id
442 3861 529 3913 est
551 3850 863 3910 dimidiam
888 3848 1124 3915 horam;
1149 3860 1327 3921 quam
1352 3859 1533 3917 supra
1552 3859 1690 3898 χχιιι
1711 3841 1888 3898 semis
1911 3841 2014 3898 ho-
2123 3842 2256 3899 vehi
2278 3845 2607 3918 contigerit.
2631 3848 2934 3918 Siquidem
2965 3848 3210 3907 latitudo
3240 3852 3501 3924 signiferi
3531 3872 3608 3910 xu
3635 3873 3767 3927 par-

347 3947 431 4004 ris
462 3945 808 4009 annectens,
836 3937 1096 3995 invenies
1130 3935 1304 3992 horas
1334 3950 1488 3989 xxiv.
1522 3930 1580 3988 id
1611 3935 1699 3989 est
1727 3932 1882 3989 diem
1925 3931 2014 3995 in-
2124 3933 2285 3990 tibus
2312 3934 2591 4003 tenditur,
2614 3952 2867 4007 quarum
2890 3938 3142 3993 mediam
3170 3942 3402 3997 tantum
3423 3942 3508 3998 sol
3539 3959 3767 4016 peram-

348 4042 604 4109 tcgrum,
621 4046 802 4104 quem
825 4044 998 4085 nemo
1021 4025 1248 4084 decimo
1270 4039 1504 4097 semper
1525 4039 1677 4078 anno
1698 4019 2013 4091 transilire,
2124 4022 2308 4079 bnlat.
2325 4024 2489 4079 Luna
2509 4027 2705 4080 autem
2725 4041 2829 4098 per
2850 4028 3031 4082 totam
3044 4027 3173 4099 ejus
3193 4027 3563 4089 latitudinem
3584 4050 3595 4089 :
3614 4038 3771 4092 terra
3834 4096 3839 4099 ν

351 4129 410 4181 et
429 4124 505 4181 ob
538 4123 597 4179 id
628 4119 844 4179 saltem
866 4115 1022 4175 lunas
1051 4112 1248 4173 vocari
1268 4112 1555 4171 hactenus
1578 4109 1842 4184 eXposita
1863 4109 2018 4183 cogit
2125 4116 2342 4181 autem,
2370 4116 2571 4186 utpote
2596 4115 2776 4172 totius
2798 4116 3110 4183 mundanae
3130 4122 3395 4175 centrum
3424 4122 3684 4195 sphaera),
3708 4125 3770 4181 in

353 4212 524 4281 τωο,
561 4211 645 4268 ita
674 4213 742 4266 ut
772 4206 1018 4279 reliquis
1050 4204 1193 4262 luna
1221 4219 1332 4261 xxx
1357 4206 1415 4259 et
1444 4198 1923 4273 undetrigesima,
1955 4197 2015 4254 id
2128 4201 2318 4259 medio
2349 4203 2556 4258 mundi
2583 4202 2792 4270 locata,
2818 4204 3009 4261 eidem
3040 4207 3237 4279 potius
3265 4210 3550 4268 medianas
3576 4213 3774 4284 subje-

356 4306 448 4360 est
471 4298 757 4359 vicesima
786 4313 847 4354 ιχ
894 4292 1134 4353 alternis
1179 4292 1406 4351 vicibus
1453 4292 1845 4365 computetur,
1876 4292 2016 4344 tunc
2125 4294 2216 4346 cet
2243 4292 2413 4363 parti.
2448 4291 2613 4349 Unde
2643 4309 2876 4367 semper
2919 4295 3177 4352 ambitur
3205 4314 3240 4354 a
3268 4297 3409 4355 sole.
3442 4299 3587 4357 Cum
3634 4317 3770 4376 ergo

353 4397 477 4450 tres
523 4406 661 4448 χχιχ
688 4386 820 4445 sine
852 4382 975 4443 ulla
1009 4399 1159 4441 χχχιι
1188 4380 1631 4455 interpositione
1676 4378 2012 4452 procedant.
2125 4377 2212 4435 sol
2242 4395 2442 4452 supra,
2473 4379 2615 4437 luna
2665 4382 2886 4439 feratur
2916 4383 3089 4453 infra,
3120 4390 3275 4441 terra
3312 4391 3508 4445 autem
3539 4391 3773 4463 utrique

355 4482 469 4550 Qui
496 4480 624 4538 dies
653 4473 1010 4553 praecedenti
1043 4472 1198 4532 aetati
1227 4473 1526 4530 detractus
1556 4470 1895 4541 sequentem
1924 4465 2015 4525 lu-
2124 4468 2203 4526 sit
2231 4469 2517 4543 subjecta,
2542 4470 2679 4540 illis,
2703 4471 2824 4529 sole
2843 4472 3067 4531 scilicet
3086 4478 3144 4530 et
3161 4477 3304 4533 luna
3322 4477 3382 4533 in
3405 4478 3599 4541 media
3618 4477 3774 4535 linea

356 4571 660 4629 nationem
682 4571 809 4626 tota
828 4565 924 4623 die
944 4564 1229 4637 majorem
1255 4559 1583 4635 computari
1613 4557 1751 4616 facit
1769 4556 1879 4660 hoc
1899 4573 2017 4657 mo-
2044 4596 2091 4663 Β
2125 4558 2492 4663 coeuntibus,
2524 4566 3041 4663 necesseestterrzn
3071 4564 3261 4621 eidem
3292 4564 3458 4622 linea:
3496 4567 3771 4639 subjecta:

354 4662 432 4718 do
464 4677 479 4716 :
511 4659 566 4717 si
593 4656 757 4716 enim
789 4655 1063 4713 hesterno
1108 4653 1204 4709 die
1250 4666 1480 4723 xxrxam
1532 4647 2015 4724 prenuntiaveris,
2044 4647 2089 4663 ”
2128 4648 2321 4705 lunari
2353 4649 2586 4722 objectu
2616 4650 2867 4709 solarem
2899 4653 3165 4710 subtrahi
3198 4660 3600 4728 conspectum.
3626 4656 3773 4712 Cum

356 4748 532 4809 hodie
577 4762 819 4814 xxxam,
853 4742 1109 4802 crastino
1158 4739 1434 4816 primam,
1468 4743 1525 4796 et
1553 4737 1835 4811 postridie
1877 4752 2017 4795 nam
2124 4755 2258 4795 vero
2280 4755 2349 4795 ex
2375 4738 2491 4796 alia
2514 4739 2776 4813 qualibet
2802 4745 2966 4814 parte
2986 4759 3055 4799 ex
3083 4743 3367 4800 duodenis
3398 4745 3665 4816 partibus
3693 4745 3772 4801 si-

355 4836 695 4912 computari
755 4850 995 4892 necesse
1051 4836 1159 4889 est.
1192 4833 1265 4887 At
1321 4831 1371 4887 si
1424 4830 1698 4887 hesterno
1752 4825 2020 4884 similiter
2122 4828 2335 4901 gniferi
2364 4845 2575 4886 xxxma
2623 4828 2765 4887 luna
2799 4830 2910 4888 soli
2939 4832 3274 4904 opponitur,
3307 4832 3446 4903 quia
3474 4832 3559 4888 illi
3606 4832 3772 4889 lineae

353 4945 594 4987 xxlxam
628 4923 1047 5000 pronuntians,
1066 4920 1422 4989 hodie,xxxa
1441 4917 1751 4987 transilite,
1766 4916 2019 4990 primam
2128 4922 2283 4975 terra
2309 4917 2575 4990 subjecta
2603 4936 2719 4975 non
2748 4922 2857 4988 est,
2879 4937 2985 4975 nec
3014 4920 3156 4976 luna
3185 4919 3339 4976 inter
3363 4936 3493 4977 eam
3513 4926 3571 4979 et
3589 4923 3771 4980 solem

354 5021 547 5087 dicas,
582 5033 717 5073 cras
748 5030 912 5082 nam,
947 5011 1221 5085 perendie
1248 5025 1411 5067 luam
1454 5012 1791 5084 computare
1820 5007 2018 5065 debes.
2127 5011 2238 5076 est,
2271 5008 2400 5079 ejus
2428 5006 2628 5064 lumen
2658 5008 2826 5065 nobis
2863 5009 3145 5064 duntaxat
3174 5009 3233 5064 in
3262 5013 3417 5067 terra
3444 5012 3651 5084 positis
3679 5030 3771 5070 ce-

355 5111 427 5167 Et
446 5110 563 5166 hoc
580 5110 673 5164 est
684 5104 843 5178 quod
854 5099 1287 5160 dicitdominus
1312 5099 1467 5157 Beda
1485 5100 1547 5156 in
1564 5097 1778 5157 minori
1794 5095 2018 5154 libello:
2128 5094 2249 5153 lare
2280 5113 2395 5152 non
2426 5102 2634 5170 potest.
2658 5098 2729 5152 Et
2746 5097 2881 5152 inde
2900 5099 2990 5152 est
3008 5099 3165 5169 quod
3198 5098 3258 5155 in
3283 5099 3533 5174 singulis
3554 5103 3773 5159 mensis

354 5198 573 5257 adimit
588 5194 754 5253 enim
770 5192 965 5251 saltus
986 5190 1139 5248 lunae
1160 5188 1592 5258 noctem,addit
1605 5204 1738 5245 vero
1768 5188 2016 5244 aetatem.
2126 5186 2240 5243 bus
2268 5185 2409 5244 solis
2437 5186 2695 5259 patimur
2731 5184 2997 5258 eclipsin.
3030 5186 3280 5247 Lunaris
3310 5207 3450 5247 sane
3489 5192 3767 5261 defectus,

350 5291 548 5358 Quem
572 5284 734 5343 diem
757 5282 986 5341 diverso
1006 5279 1133 5337 loco
1157 5277 1582 5348 intermittunt;
1614 5277 1717 5336 sed
1754 5274 1901 5333 mihi
1944 5272 2022 5330 vi-
2127 5276 2230 5348 qui
2262 5275 2417 5334 circa
2444 5272 2857 5347 plenilunium,
2888 5274 2948 5331 id
2995 5280 3105 5348 est,
3136 5277 3226 5335 vel
3269 5296 3401 5335 xiva
3428 5279 3516 5335 vel
3543 5296 3653 5338 xva
3681 5279 3771 5337 vel

236 5436 259 5453 ,
350 5381 538 5437 detur
562 5373 712 5449 quia
739 5372 1072 5431 secundum
1099 5367 1396 5443 [Egyptios
1424 5371 1657 5441 epactas
1687 5383 1722 5425 a
1757 5367 2019 5439 Septem-
2124 5382 2256 5425 xvm
2282 5364 2425 5423 luna
2449 5364 2783 5437 cvntingere
2809 5364 2974 5437 solet,
2998 5368 3267 5439 quamvis
3284 5368 3550 5440 ejusdem
3580 5368 3767 5439 lineae,

347 5468 449 5528 bri
468 5465 853 5534 inchoamus,
868 5466 936 5519 ut
957 5459 1283 5519 secundum
1307 5456 1439 5517 illos
1459 5457 1520 5515 in
1539 5456 1682 5514 luna
1701 5454 1844 5514 Julii
1864 5470 2022 5513 men-
2128 5454 2412 5511 medianae
2440 5452 2680 5527 scilicet,
2706 5456 2930 5514 ratione
2957 5458 3277 5531 contingat,
3299 5457 3664 5517 dissimiliter
3689 5464 3769 5519 ta-

344 5560 443 5620 sis
465 5557 643 5615 illum
666 5553 967 5632 praeterire
986 5550 1414 5620 debeamus,nc
1432 5545 1804 5625 sequentium
1821 5544 2024 5605 Kalen—
2128 5560 2265 5606 men
2295 5541 2619 5607 conﬁcitur.
2638 5544 2880 5608 Constat
2898 5546 3053 5608 enim
3083 5547 3285 5609 lunam
3318 5548 3619 5627 proprium
3650 5568 3767 5609 non

344 5653 579 5712 datum
592 5644 827 5708 lunaris
844 5642 1115 5704 turbetur
1134 5636 1508 5718 computatio.
1522 5635 1669 5713 Quia
1680 5633 1729 5700 si
1750 5637 1810 5698 in
1822 5652 2021 5700 mense
2128 5634 2341 5698 habere
2366 5637 2585 5712 lumen,
2611 5641 2714 5699 sed
2734 5641 2794 5700 in
2816 5642 3057 5701 modum
3078 5642 3299 5719 speculi
3320 5660 3354 5703 a
3383 5643 3503 5704 sole
3532 5643 3768 5703 irradia-
