4148 6184
394 389 470 450 35
1447 382 1861 446 HELPERICI
1905 379 2259 444 MONACHI
2300 380 2366 445 S.
2414 383 2670 446 GALLI.
3719 388 3795 450 36

392 527 515 578 tam
547 519 934 593 resplendere.
959 518 1122 576 Unde
1147 533 1452 590 nunquam
1482 517 1675 576 lucere
1706 520 1898 592 potest
1925 516 2041 574 nisi
2069 511 2126 582 Α
2153 518 2239 571 est
2259 515 2346 572 sol
2367 516 2536 590 signo
2559 522 2821 574 moratus
2853 519 2946 588 sit,
2969 521 3353 592 exparmdicta
3371 523 3626 594 partium
3644 537 3799 580 sum-

393 610 574 667 radiis
612 613 914 682 penetrata
952 609 1264 666 solaribus.
1299 607 1394 664 Sol
1434 613 1652 678 autem,
1685 608 1828 682 quia
1865 606 2044 664 octies

391 715 502 758 sua
529 698 936 774 magnitudine
950 703 1183 757 'terram
1210 699 1410 768 vincit,
1438 701 1504 754 ut
1531 697 1734 755 subtili
1765 697 2042 769 indagine

391 793 687 862 repertum
717 792 824 857 est,
850 806 1156 862 nunquam
1191 789 1263 845 ab
1291 805 1360 844 ea
1389 791 1546 844 totus
1576 789 1690 861 tegi
1725 791 1827 844 aut
1855 783 2042 843 occul-

389 879 500 934 tari
533 881 741 950 potest,
775 878 919 950 quin
951 879 1146 935 radios
1177 895 1316 934 suos
1361 882 1419 933 et
1456 893 1591 932 cum
1631 877 1742 932 sub
1771 877 1900 948 ipsa
1928 877 2035 941 est,

390 968 652 1040 undique
683 969 754 1023 ad
789 969 1092 1040 superiora
1119 969 1398 1036 remittat,
1419 966 1631 1021 umbra
1650 969 1817 1020 terra;
1838 966 2041 1020 contra

391 1057 645 1112 mediam
678 1057 938 1128 signiferi
973 1055 1316 1124 lineam,cui
1351 1055 1544 1128 potius
1567 1055 1912 1126 suhjacet,et
1936 1049 2040 1124 per

387 1161 565 1218 quam
599 1144 742 1202 solis
785 1149 874 1200 est
925 1145 1051 1213 iter,
1087 1143 1264 1200 altius
1311 1147 1670 1217 penetrante.
1703 1142 1850 1198 Cum
1899 1158 2036 1215 ergo

387 1235 561 1306 plena
590 1233 732 1290 luna
759 1233 1170 1306 hemisphmrio
1193 1251 1228 1289 a
1257 1232 1378 1290 sole
1399 1233 1628 1289 distans
1646 1249 1750 1305 per
1767 1232 2036 1288 eamdem

386 1323 641 1380 mediam
663 1324 847 1379 fertur
862 1322 1262 1395 lineam,quia,
1283 1321 1402 1379 sole
1423 1321 1700 1378 inferiora
1728 1325 2034 1394 penetran-

383 1418 462 1483 te,
495 1413 688 1486 ipsam
717 1412 921 1468 lunam
949 1427 1186 1468 necesse
1215 1414 1305 1468 est
1328 1411 1609 1467 scandere
1634 1409 1960 1482 superiora,
1980 1412 2038 1464 et

385 1505 622 1560 econtra
649 1501 790 1572 sole,
823 1501 880 1558 id
921 1506 1010 1558 est
1039 1517 1216 1574 super
1261 1504 1478 1557 terram
1525 1499 1874 1572 hyperygeo,
1909 1499 2038 1571 ipsa

383 1589 526 1648 luna
555 1591 808 1648 efﬁcitur
847 1591 957 1646 sub
1007 1593 1162 1646 terra
1211 1589 1494 1663 hypogea,
1527 1603 1766 1645 necesse
1793 1591 1884 1644 est
1905 1602 2035 1643 eam

383 1681 505 1736 sive
535 1679 823 1737 infernam
863 1679 1107 1735 deficere
1153 1677 1272 1735 sive
1321 1693 1659 1751 supernam,
1689 1679 1889 1750 utpote
1935 1691 2040 1748 per

383 1769 656 1826 umbram
687 1772 854 1824 terrae
878 1767 1264 1835 incedentem,
1289 1769 1345 1822 et
1363 1781 1740 1838 nequaquam
1761 1763 1883 1822 sole
1903 1780 2034 1822 eam

2153 620 2269 672 ma,
2295 605 2354 660 in
2383 605 2598 678 quibus
2630 607 2895 679 partibus
2925 607 3127 664 lunam
3149 625 3184 665 a
3203 609 3324 666 sole
3345 615 3628 670 remotam
3648 612 3800 669 inve-

2150 711 2344 762 neras,
2376 694 2574 766 ipsum
2605 712 2917 752 numerum
2950 701 3196 754 sumens’
3219 700 3387 755 dabis
3411 701 3602 758 eidem
3633 701 3797 777 signo

2149 785 2222 838 ad
2256 783 2609 856 explendum
2643 785 2752 840 iter
2791 785 2960 854 solis;
3003 786 3252 859 reliqoos
3288 807 3422 844 vero
3452 791 3553 862 qui
3595 808 3798 864 super-

2149 874 2368 928 fuerint
2379 875 2450 929 de
2471 891 2708 930 summa
2726 877 3392 950 partium,sequentibus
3413 894 3516 951 per
3532 880 3800 937 ordinem

2147 963 2336 1035 signis
2367 980 2470 1035 per
2497 963 2749 1020 tricenos
2778 965 3110 1037 disperties.
3143 968 3213 1021 Et
3241 969 3332 1024 cui
3367 968 3534 1041 signo
3561 987 3676 1024 xxx
3704 970 3799 1026 de-

2149 1051 2385 1120 fuerint,
2418 1051 2476 1106 in
2525 1069 2592 1107 eo
2623 1052 2823 1108 lunam
2875 1071 3004 1109 esse
3053 1057 3281 1112 noveris
3331 1057 3390 1112 in
3439 1061 3561 1114 tota
3609 1057 3796 1131 ipsius

2146 1146 2330 1213 parte,
2363 1145 2506 1213 quot
2536 1141 2619 1196 illi
2651 1141 2818 1214 signo
2849 1160 2918 1198 ex
2949 1144 3188 1216 praefata
3235 1163 3472 1203 summa
3518 1164 3794 1220 provene-

2145 1228 2449 1296 rint.Quod
2481 1231 2528 1284 si
2563 1231 2620 1286 in
2653 1247 2887 1286 summa
2919 1232 3172 1304 partium
3203 1237 3290 1290 tot
3318 1235 3686 1292 solummodo
3714 1238 3798 1295 in-

2142 1319 2368 1374 veneris
2398 1324 2541 1391 quot
2569 1321 2762 1376 adhuc
2791 1321 2916 1376 dies
2946 1319 3007 1377 in
3037 1337 3103 1378 eo
3123 1339 3239 1394 quo
3269 1327 3360 1379 est
3385 1324 3554 1397 signo
3585 1327 3793 1398 degere

2144 1407 2341 1474 habet,
2375 1412 2476 1464 aut
2504 1408 2726 1481 aliquid
2772 1409 2990 1477 minus,
3025 1411 3085 1466 in
3116 1412 3320 1468 eodem
3369 1415 3538 1487 signo
3587 1414 3791 1472 lunam

2146 1511 2281 1552 cum
2315 1496 2436 1552 sole
2466 1513 2594 1554 esse
2624 1497 2797 1566 scito;
2830 1499 2984 1569 quod
3017 1498 3165 1555 solet
3192 1501 3456 1558 accidere
3487 1502 3679 1572 prima
3704 1503 3792 1562 vel

2144 1585 2407 1642 secunda
2431 1585 2590 1654 luna,
2622 1585 2811 1658 posito
2843 1586 2962 1647 sole
2991 1587 3051 1642 in
3083 1586 3380 1660 prioribus
3407 1591 3695 1664 cujusque
3713 1594 3792 1650 si-

2145 1673 2246 1748 gni
2297 1673 2582 1747 partibus.
2631 1675 2733 1731 Sin
2781 1679 2976 1732 autem
3022 1675 3319 1734 intentum
3367 1693 3650 1737 numerus
3698 1679 3796 1738 ille

2145 1764 2401 1836 partium
2433 1765 2768 1834 excreverit,
2801 1768 2867 1820 ut
2913 1763 2997 1820 illi
3028 1765 3197 1840 signo
3226 1765 3286 1823 in
3317 1783 3434 1840 quo
3465 1771 3556 1826 est
3584 1767 3670 1826 sol
3699 1786 3796 1827 ex-

382 1874 545 1916 more
573 1857 744 1914 solito
785 1856 1148 1930 respiciente.
1176 1857 1250 1954 at
1289 1855 1340 1911 si
1372 1871 1475 1927 per
1503 1853 1680 1954 aliam
1711 1853 2036 1954 quamlibet
2059 1883 2112 1954 Β
2143 1851 2318 1952 pleto,
2353 1852 2594 1954 reliquis
2623 1853 2900 1954 omnibus
2949 1853 3136 1928 signis
3183 1871 3315 1926 xxx,
3350 1861 3547 1929 patres
3594 1875 3796 1931 prove-

381 1951 768 2020 utrarumque
815 1945 1142 2024 positarum
1183 1943 1474 2000 linearum
1521 1943 1760 2010 feratur,
1811 1942 2030 2014 quibus

380 2041 536 2092 terra
582 2037 654 2094 ob
703 2036 794 2093 sui
825 2035 1202 2108 exiguitatem
1249 2033 1438 2090 solare
1485 2048 1792 2105 nunquam
1839 2035 2032 2106 potest

379 2126 640 2182 adimere
671 2125 896 2194 lumen,
915 2124 1046 2198 ipsa
1074 2124 1216 2180 luna
1244 2121 1660 2180 adumbraticae
1679 2121 1845 2178 linea:
1864 2138 2028 2178 exor-

379 2213 661 2272 bitatione
680 2214 831 2272 lucis
851 2231 970 2271 suae
991 2214 1276 2271 damnum
1296 2211 1448 2268 valet
1467 2212 1580 2268 ctfu
1587 2226 1741 2285 gere,
1764 2211 1823 2266 id
1845 2215 1954 2280 est,
1977 2212 2028 2268 si

377 2305 465 2363 vel
495 2305 807 2363 sublimior
836 2304 908 2360 ad
958 2304 1216 2372 boream,
1247 2301 1335 2358 vel
1367 2301 1624 2357 divexior
1651 2299 1772 2357 sole
1809 2301 2032 2357 feratur

379 2395 452 2451 ad
483 2399 774 2452 austrum.
809 2393 881 2449 Et
909 2392 1032 2449 haec
1062 2396 1151 2448 est
1178 2391 1320 2448 item
1367 2390 1514 2448 ratio
1545 2407 1650 2447 cur
1697 2407 1813 2446 non
1867 2391 2027 2447 omni

379 2483 700 2557 plenilunio
729 2482 872 2540 luna
901 2481 1133 2538 deﬁciat
1170 2497 1511 2554 quanquam
1559 2479 1828 2536 nonnulli
1878 2496 2030 2536 usse-

379 2576 512 2630 rant
539 2577 878 2645 utrumque,
903 2575 958 2628 et
988 2570 1172 2627 solem
1201 2569 1426 2627 scilicet
1452 2573 1510 2626 et
1533 2569 1757 2638 lunam,
1783 2586 1913 2625 raro
1935 2586 2029 2624 su-

379 2679 576 2734 perne,
609 2662 944 2734 frequenter
985 2664 1180 2716 autem
1229 2659 1475 2716 inferius
1505 2659 1769 2715 deﬁcere.
1802 2659 1886 2714 Ob
1916 2657 2026 2714 hu-

371 2751 635 2822 jusmodi
667 2767 905 2807 causam
926 2749 1164 2822 praefata
1184 2749 1380 2805 media
1399 2747 1553 2804 linea
1573 2747 1840 2820 ecliptica
1857 2763 2026 2804 voca-

378 2843 495 2907 tur,
520 2841 676 2913 quod
708 2841 1017 2912 utriusque
1047 2839 1329 2908 defectus,
1352 2837 1562 2893 solaris
1591 2854 1659 2894 ac
1684 2836 1928 2904 lunaris,
1952 2835 2031 2892 sit

379 2946 578 2985 causa.
602 2929 794 2984 Claret
811 2945 950 3001 ergo
981 2927 1164 2984 solem
1196 2927 1256 2982 in
1288 2944 1398 2982 sua
1423 2925 1624 2998 cclipsi
1647 2926 1794 2982 nihil
1818 2925 2027 2992 minui,

377 3037 440 3076 se
470 3038 584 3076 non
616 3019 746 3089 ejus
790 3021 1029 3089 aspectu
1070 3017 1350 3071 fraudari.
1388 3017 1612 3070 Lunam
1648 3031 1782 3070 vero
1811 3014 2032 3086 eclipti-

379 3125 508 3164 cam
540 3107 776 3180 penitus
812 3105 1034 3160 lumine
1071 3103 1305 3176 privari,
1339 3104 1494 3176 quod
1534 3107 1773 3176 tangere
1803 3103 2032 3158 videtur

375 3195 678 3267 Virgilius,
712 3209 846 3248 cum
879 3192 960 3247 ait
989 3209 1004 3247 :

565 3293 812 3342 Defectus
841 3290 968 3339 solis
995 3291 1188 3352 varios,
1219 3290 1468 3354 lunaeque
1499 3290 1728 3340 labores.

380 3384 633 3440 Labores
661 3381 820 3437 enim
851 3380 1002 3436 luna:
1049 3381 1176 3454 ipsa
1207 3397 1334 3452 quae
1362 3380 1585 3452 patitur
1627 3379 1872 3438 luminis
1900 3380 2026 3436 dis-

379 3473 590 3546 pendia
613 3474 801 3528 vocat.

995 3586 1227 3645 CAPUT
1264 3585 1405 3643 XXI.

611 3681 680 3735 In
709 3693 820 3752 quo
847 3677 1014 3750 signa
1041 3677 1117 3734 sit
1148 3679 1286 3734 (una
1313 3677 1553 3748 singulis
1581 3677 1795 3734 diebus.

453 3805 517 3860 1n
541 3821 658 3876 quo
687 3803 857 3876 signo
878 3803 1021 3859 luna
1039 3807 1302 3860 moretur
1330 3803 1606 3875 quotidie,
1629 3803 1718 3859 vel
1740 3807 1884 3876 quot
1903 3819 2029 3876 par-

378 3896 538 3952 tibus
568 3911 604 3950 a
625 3892 748 3950 sole
780 3909 882 3964 per
903 3892 1169 3966 singulos
1189 3892 1316 3948 dies
1347 3890 1670 3966 elongetur,
1695 3892 1804 3948 hoc
1825 3893 2031 3949 ordine

379 3981 778 4056 investigabis.
793 3982 972 4038 Sume
1001 3998 1234 4054 semper
1254 3985 1482 4038 etatem
1513 3980 1686 4046 luna,
1711 3983 2028 4054 quotacun-

379 4089 493 4144 que
525 4071 718 4136 fuerit,
751 4074 812 4126 at
841 4069 1167 4143 multiplica
1209 4073 1435 4140 quater,
1467 4070 1782 4141 ipsumque
1821 4084 2028 4124 rursus

379 4173 693 4217 numerum
741 4162 831 4214 ter
873 4158 1099 4225 ducito;
1133 4161 1191 4213 et
1221 4162 1360 4229 quot
1391 4157 1452 4213 in
1501 4173 1739 4213 summa
1786 4157 2025 4229 reperis,

378 4253 465 4306 tot
493 4247 760 4322 partibus
779 4263 908 4304 eam
941 4263 974 4302 a
1005 4245 1126 4302 sole
1157 4245 1385 4304 noveris
1415 4245 1722 4318 disparari,
1747 4245 1802 4300 id
1833 4249 1942 4312 est,
1964 4244 2025 4302 in

379 4355 447 4394 eo
475 4337 602 4393 loco
643 4336 851 4410 degere
881 4337 954 4393 ad
985 4351 1160 4410 quem
1191 4338 1474 4391 venturus
1503 4334 1580 4392 sit
1609 4333 1696 4392 sol
1727 4337 1860 4407 post
1885 4334 2026 4391 toti—

380 4427 514 4484 dem
545 4425 691 4482 dies.
726 4425 925 4482 Partes
971 4425 1128 4482 enim
1171 4424 1316 4482 istas
1358 4425 1505 4482 nihil
1534 4425 1692 4482 aliud
1725 4441 1853 4482 esse
1881 4423 2026 4480 dici-

382 4533 516 4572 mus
543 4531 723 4588 quam
754 4513 1128 4587 quotidianos
1150 4531 1252 4587 per
1280 4515 1583 4572 zodiacum
1607 4514 1748 4572 solis
1768 4529 2030 4587 progres-

379 4623 506 4662 sus.
540 4605 682 4660 Item
714 4603 774 4660 in
813 4605 1016 4660 eodem
1047 4609 1394 4677 argumento
1422 4605 1668 4678 probare
1699 4603 2023 4678 contendis,
2054 4624 2104 4692 Β

379 4697 440 4752 in
473 4711 590 4769 quo
620 4695 790 4768 signo
819 4694 960 4751 luna
983 4694 1185 4751 eodem
1207 4693 1301 4750 die
1321 4693 1640 4751 consistat?
1670 4695 1930 4752 Primum
1949 4695 2030 4752 vi-

383 4787 516 4843 deto
543 4786 603 4840 in
635 4801 750 4856 quo
782 4784 869 4842 sol
901 4785 1029 4858 ipso
1050 4788 1310 4841 moretur
1330 4785 1444 4853 die,
1467 4788 1528 4841 et
1553 4785 1614 4841 in
1634 4789 1814 4858 quota
1841 4785 2027 4858 ipsius

383 4875 530 4948 signi
565 4877 746 4948 parte,
768 4874 828 4931 id
850 4879 958 4943 est,
973 4879 1117 4947 quot
1145 4874 1363 4932 ibidem
1383 4874 1510 4934 dies
1527 4880 1759 4934 exactos
1783 4877 2032 4934 habeat?

383 4966 453 5020 Et
481 4963 622 5036 quia
661 4965 1126 5038 unumquodque
1155 4965 1392 5039 signum
1422 4965 1744 5038 perlabitur
1787 4967 1875 5025 sol
1919 4985 2032 5024 xxx

385 5054 613 5122 diebus,
638 5070 845 5110 rursus
863 5054 1055 5112 videto
1074 5059 1218 5127 quot
1235 5054 1308 5110 ab
1330 5071 1397 5110 eo
1419 5054 1546 5112 dies
1566 5059 1906 5113 remaneant
1924 5073 2030 5113 us-

387 5159 502 5215 que
531 5141 602 5196 ad
634 5158 764 5210 xxx,
787 5142 847 5198 id
876 5147 966 5199 est
1012 5145 1084 5200 ad
1135 5143 1581 5217 completionem
1631 5144 1824 5218 signi?
1863 5145 2027 5212 Quod

389 5233 628 5288 inventu
659 5229 1004 5286 facillimum
1041 5235 1150 5302 est,
1182 5249 1316 5288 cum
1348 5233 1435 5290 sol
1479 5233 1714 5307 singula
1733 5235 1901 5308 signa
1922 5251 2037 5292 non

388 5319 760 5378 solummodo
789 5319 966 5376 certis
991 5321 1316 5391 mensibus,
1350 5323 1452 5378 sed
1484 5328 1542 5381 et
1571 5323 1742 5381 certis
1775 5323 2038 5398 ipsorum

391 5409 687 5466 mensium
725 5409 896 5466 adeat
926 5407 1154 5478 diebus,
1176 5413 1465 5485 praecipue
1493 5431 1566 5470 xv
1597 5411 1720 5471 Kal.
1752 5415 2039 5488 cuiusque

391 5497 634 5566 mensis,
667 5497 876 5570 quinta
901 5497 1130 5555 decima
1159 5499 1254 5554 die
1285 5500 1408 5556 Kal.
1440 5503 1622 5575 April.
1653 5503 1912 5576 primum
1945 5520 2038 5560 zo-

392 5587 544 5646 diaci
574 5588 814 5661 signum
858 5587 1216 5662 ingrediens,
1250 5589 1308 5642 id
1356 5593 1444 5645 est
1470 5591 1743 5648 Arietem.
1777 5593 2041 5668 Cumque

391 5679 696 5745 inventum
727 5677 901 5741 fuerit
928 5681 1071 5756 quot
1101 5677 1292 5738 adhuc
1322 5678 1450 5743 dies
1477 5678 1539 5741 in
1570 5697 1636 5740 eo
1667 5697 1782 5760 quo
1813 5685 2039 5761 positus

2139 1941 2306 1998 niant
2333 1959 2439 2016 per
2467 1942 2704 2015 singula
2733 1941 2904 2016 signa
2922 1960 3111 2016 usque
3133 1943 3273 2001 item
3303 1945 3376 2002 ad
3397 1945 3544 2002 illud
3573 1945 3633 2004 in
3677 1964 3794 2021 quo

2139 2031 2323 2089 solem
2357 2048 2486 2088 esse
2515 2035 2738 2088 certum
2766 2036 2874 2104 est,
2908 2036 2966 2090 et
2995 2033 3220 2106 aliquot
3255 2039 3450 2107 partes
3491 2037 3791 2110 superfue-

2137 2123 2277 2194 rint,
2306 2123 2510 2178 itidem
2540 2123 2600 2178 in
2631 2139 2698 2178 eo
2728 2122 2896 2196 signo
2923 2122 3140 2195 pariter
3165 2139 3264 2180 eos
3289 2139 3418 2182 esse
3447 2129 3694 2183 constat.
3717 2126 3789 2182 Et

2137 2211 2248 2268 hoc
2270 2211 2531 2268 accidere
2552 2210 2699 2268 solet
2716 2227 2892 2266 xxvm
2913 2209 3000 2267 vel
3024 2228 3157 2268 xxix
3177 2211 3466 2282 luna,sole
3485 2214 3546 2270 in
3567 2219 3786 2288 postre-

2138 2293 2251 2348 mis
2282 2292 2434 2366 signi
2465 2291 2732 2363 partibus
2757 2291 3141 2365 degente.Sed
3165 2291 3311 2350 illud
3333 2296 3602 2366 superius
3622 2295 3680 2349 in
3703 2311 3786 2352 re-

2137 2381 2400 2438 cesione
2421 2396 2455 2436 a
2474 2379 2615 2449 sole,
2629 2379 2739 2437 hoc
2757 2396 2892 2437 vero
2914 2381 3203 2455 contingit
3222 2381 3283 2439 in
3301 2383 3787 2456 reproximatione

2137 2469 2290 2526 luna
2318 2471 2391 2526 ad
2423 2468 2627 2536 solem.
2661 2471 2958 2536 Quantum
2987 2470 3144 2526 enim
3193 2488 3296 2544 per
3344 2471 3609 2546 singulos
3657 2473 3782 2529 dies

2135 2558 2444 2631 elongatur
2487 2558 2558 2614 ab
2605 2574 2692 2626 eo,
2727 2559 3004 2614 recedens
3049 2574 3119 2614 ex
3170 2575 3289 2614 una
3337 2565 3532 2631 partes
3579 2559 3784 2616 circuli

2137 2663 2325 2720 usque
2344 2647 2416 2702 ad
2440 2645 2939 2717 hemisphaerium,
2959 2646 3114 2717 quod
3135 2651 3226 2701 est
3243 2663 3346 2714 xv;
3370 2650 3600 2702 tantum
3623 2653 3783 2704 tenet

2137 2737 2413 2808 deinceps
2433 2735 2621 2791 eidem
2645 2733 2752 2790 soli
2769 2733 3104 2807 proximans
3121 2751 3190 2789 ex
3205 2733 3388 2790 altera
3408 2737 3783 2808 parte,donec

2137 2826 2210 2882 ad
2233 2827 2490 2899 signum,
2515 2823 2632 2880 imo
2654 2823 2726 2879 ad
2747 2824 3012 2879 eamdem
3032 2821 3221 2896 ipsius
3250 2822 3403 2897 signi
3423 2828 3672 2897 partem,
3695 2841 3786 2880 ve-

2138 2915 2284 2981 niat,
2317 2913 2418 2970 ubi
2458 2929 2594 2970 eum
2642 2911 2957 2984 reliquerat
3004 2915 3127 2968 toto
3176 2917 3480 2986 peragrato
3524 2911 3781 2981 zodiaco',

2137 3003 2316 3076 quod,
2348 3006 2416 3057 ut
2451 3002 2676 3057 dictum
2723 3005 2816 3057 est
2862 3001 3154 3074 superius,
3187 3018 3340 3057 xxvn
3382 3001 3589 3058 diebus
3616 3006 3676 3058 et
3703 3017 3786 3059 vn

2137 3092 2298 3147 horis
2329 3089 2576 3162 perﬁcit.
2601 3089 2714 3146 Sed
2743 3089 2884 3162 quia
2913 3089 3041 3160 jam
3070 3089 3152 3145 ibi
3182 3089 3366 3146 solem
3397 3107 3512 3146 non
3542 3091 3784 3160 invenit,

2138 3185 2342 3252 utpote
2388 3195 2542 3235 xxvn
2590 3179 2879 3251 partibus,
2929 3179 2989 3234 in
3039 3179 3254 3252 quibus
3303 3181 3434 3252 ipsa
3478 3180 3783 3236 zodiacum

2055 3254 2098 3322 C
2132 3269 2502 3338 lustraverat,
2516 3267 2724 3324 exinde
2745 3267 3104 3341 elongatum,
3123 3273 3256 3341 post
3276 3268 3589 3324 circuitum
3611 3268 3786 3343 signi-

2134 3361 2323 3416 ferum
2344 3357 2576 3414 duobus
2597 3357 2804 3412 diebus
2823 3360 2882 3413 et
2902 3373 2962 3412 1v
2988 3355 3148 3412 horis
3171 3358 3498 3430 perliciens,
3520 3359 3675 3431 quod
3697 3357 3783 3415 sol

2136 3447 2430 3522 praedictis
2443 3463 2596 3504 xxvn
2612 3445 2819 3502 diebus
2841 3451 3007 3503 etvm
3030 3445 3190 3502 horis
3211 3453 3532 3520 peregerat,
3547 3463 3782 3504 rursum

2137 3554 2272 3594 eum
2303 3535 2448 3593 luna
2475 3535 2874 3608 consequitur,
2899 3539 2957 3592 et
2977 3535 3166 3592 eidem
3198 3537 3520 3593 succedens
3551 3537 3782 3609 penitus

2137 3627 2508 3692 obscuratur,
2539 3630 2598 3682 et
2627 3641 2770 3682 xxva
2797 3625 3080 3694 efﬁcitur;
3113 3625 3212 3698 qui
3243 3625 3420 3681 etiam
3451 3625 3576 3682 dies
3604 3625 3784 3681 inter-

2137 3717 2368 3773 lunium
2399 3715 2548 3772 solet
2575 3714 2876 3787 appellari,
2913 3715 3067 3786 quod
3106 3715 3260 3772 inter
3295 3715 3579 3772 defectam
3607 3720 3666 3772 et
3696 3730 3784 3770 re-

2140 3811 2477 3863 nascentem
2503 3805 2580 3860 sit
2609 3804 2831 3861 lunam.

2751 3910 2982 3966 CAPUT
3027 3909 3175 3965 XXII

2139 4009 2264 4075 Qua
2287 4007 2432 4058 hora
2457 4003 2592 4056 (una
2612 3997 2988 4068 accendatur,
3003 3998 3089 4054 vel
3106 4014 3220 4069 qua
3244 3999 3302 4054 in
3322 4014 3430 4054 sua
3451 3997 3786 4056 accensiom

2727 4077 2913 4124 mutet
2941 4077 3188 4126 wtatem.

2209 4163 2268 4220 Si
2301 4178 2472 4219 nosse
2500 4160 2666 4232 cupis
2697 4174 2816 4232 qua
2844 4157 2990 4216 hora
3029 4158 3144 4214 diei
3184 4157 3326 4216 luna
3364 4160 3720 4216 accendatur
3750 4175 3784 4216 ι

2138 4251 2277 4320 sole,
2312 4251 2369 4307 id
2403 4255 2493 4308 est
2531 4253 2721 4306 mutet
2765 4251 3016 4317 aetatem,
3047 4246 3178 4304 vide
3204 4254 3420 4322 quotus
3469 4248 3546 4304 sit
3593 4263 3784 4305 annus

2137 4343 2298 4400 illius
2327 4340 2474 4415 cycli
2503 4339 2601 4412 qui
2628 4337 2858 4411 proprie
2880 4336 3102 4394 lunaris
3130 4337 3366 4407 dicitur,
3391 4338 3562 4410 cujus
3593 4337 3788 4395 inven-

2138 4431 2356 4490 tionem
2406 4432 2538 4504 post
2583 4427 2945 4495 docebimus,
2994 4430 3054 4482 et
3099 4443 3411 4484 numerum
3461 4425 3786 4500 multiplica

2139 4520 2472 4595 quinquies,
2487 4519 2698 4590 hisque
2717 4516 2866 4572 addo
2885 4516 3209 4589 praeteritos
3229 4515 3368 4573 anni
3389 4516 3513 4573 dies
3540 4533 3576 4570 a
3607 4515 3783 4572 Kalen

2139 4613 2230 4670 dis
2253 4607 2517 4668 Januarii
2539 4623 2725 4679 usque
2747 4605 2819 4660 ad
2842 4621 2976 4661 eum
3003 4605 3156 4660 diem
3179 4605 3252 4660 de
3273 4623 3388 4678 quo
3411 4605 3646 4679 quaeris.
3661 4605 3796 4672 Oui-

2137 4705 2248 4760 bus
2269 4702 2330 4756 in
2354 4713 2540 4755 unum
2559 4695 2811 4752 redactis
2832 4694 2892 4748 in
2916 4696 3068 4751 infra
3088 4712 3158 4750 ω(
3177 4697 3524 4765 manserint,
3539 4701 3626 4753 tot
3648 4711 3795 4768 punn-

2139 4799 2264 4850 ctos
2296 4805 2427 4848 esse
2477 4787 2630 4842 scias
2677 4783 2958 4841 horarum
3005 4785 3195 4857 ipsius
3244 4785 3395 4856 diei;
3425 4790 3485 4843 et
3527 4785 3793 4858 singulas

2137 4884 2314 4940 horas
2335 4896 2440 4954 per
2459 4876 2669 4950 quinos
2691 4879 2941 4948 punctos
2960 4879 3405 4948 computans,ea
3421 4875 3566 4931 hora
3585 4874 3791 4932 lunam

2139 4969 2360 5030 attendi
2384 4965 2633 5035 noveris,
2648 4964 2744 5021 cui
2765 4962 3026 5036 quinque
3046 4964 3339 5022 defuerint
3361 4964 3565 5036 puncti
3585 4962 3644 5018 in
3667 4967 3788 5018 toto

2136 5060 2324 5134 ipsius
2355 5057 2510 5114 hora:
2541 5058 2780 5128 puncto,
2813 5057 2956 5126 quot
2985 5053 3184 5126 quinis
3211 5055 3551 5108 cmterarum
3583 5067 3786 5124 super-

2137 5149 2355 5208 fuerint
2383 5147 2684 5202 horarum.
2708 5143 2770 5200 Si
2788 5160 2924 5202 vero
2949 5143 3225 5216 praefatus
3253 5156 3536 5196 numerus
3556 5153 3790 5214 sexago

2148 5239 2380 5297 narium
2407 5233 2741 5303 excesserit,
2765 5233 2983 5308 partire
3009 5247 3168 5297 eum,
3191 5229 3289 5301 qui
3320 5232 3461 5286 sunt
3489 5227 3666 5286 unius
3687 5246 3788 5286 cur

2139 5330 2359 5403 jusque
2379 5325 2588 5396 diei,id
2611 5329 2702 5381 est
2721 5340 2820 5393 xu,
2834 5323 3109 5378 horarum
3130 5317 3416 5392 puncti,et
3434 5319 3534 5392 qui
3557 5335 3784 5377 reman-

2148 5417 2352 5486 serint,
2373 5415 2535 5473 illius
2564 5414 2677 5472 diei
2706 5414 2954 5486 punctos
2973 5425 3104 5466 esse
3121 5407 3528 5466 memento.Ee
3548 5409 3778 5482 quibus,

2145 5510 2302 5566 sicut
2331 5509 2722 5563 monstratum
2752 5504 2861 5570 est,
2884 5499 3058 5556 horas
3089 5499 3330 5568 faciens,
3352 5502 3528 5572 quota
3556 5497 3699 5552 hora
3725 5498 3784 5551 et

2147 5604 2324 5674 quoto
2353 5596 2540 5672 ipsius
2564 5594 2718 5650 horae
2747 5593 2962 5665 puncto
2991 5589 3135 5646 luna
3155 5589 3344 5665 ipsius
3363 5587 3474 5647 diei
3503 5585 3781 5644 accenda-

2145 5693 2262 5774 tur,
2290 5686 2567 5748 invenies.
2599 5681 2766 5767 Quod
2795 5681 2846 5746 si
2873 5684 3105 5765 tantum
3135 5696 3206 5742 ιι
3231 5679 3464 5754 fuerint,
3497 5682 3600 5738 aut
3631 5674 3785 5738 ultro.
