4148 6184
318 360 399 422 3‘7

1642 368 1867 430 LIBER
1910 364 2018 429 DE
2066 367 2462 437 COMPUTO.

3671 389 3750 453 38

313 494 1299 571 progredientibusuequaliterque
1315 516 1419 573 per
1439 518 1507 557 1.x
1538 502 1764 576 partitis
1797 501 1876 557 nil
1898 518 1999 558 su-
2020 501 2081 570 Λ
2115 520 2246 563 nem
2260 508 2531 599 sui,unde
2544 514 2601 566 et
2613 511 3078 585 quinquennium
3093 517 3745 599 (leg.videmrlustrum).

310 584 630 659 perfuerit,
667 584 1025 643 duodecima
1050 586 1167 643 diei
1198 588 1364 657 hora,
1381 595 1437 646 et
1464 591 1627 661 vo,id
1661 590 1989 662 cst,u1timo

311 675 596 746 ejusdem
644 674 806 730 horze
844 679 1065 747 puncto
1115 675 1279 733 illam
1312 680 1550 736 accendi
1601 680 1845 751 noveris,
1878 680 1990 737 hoc

311 769 553 821 certum
592 764 821 820 habens
846 781 1153 837 nunquam
1186 767 1245 822 in
1279 773 1461 838 nocte,
1487 771 1585 825 sed
1614 787 1840 844 semper
1858 788 1988 827 eam

312 855 379 909 in
413 853 511 909 die
543 852 815 909 accendi.
843 854 919 908 At
948 853 997 909 si
1032 870 1136 926 per
1160 856 1315 912 diem
1337 863 1751 930 argumentum
1781 878 1897 933 qua
1928 860 1988 916 in

310 962 431 1002 sua
462 945 822 999 accensione
874 948 1060 998 mutet
1090 948 1340 1013 (etatem,
1376 946 1630 1004 invenire
1668 950 1984 1019 desideras,

313 1034 637 1106 prmfatum
674 1032 906 1105 cyelum
935 1033 1121 1088 sexies
1155 1034 1501 1105 multiplica,
1535 1043 1590 1092 et
1620 1043 1761 1111 quot
1790 1040 1849 1095 in
1890 1059 1987 1095 su-

315 1121 807 1196 periorinumero
828 1122 1163 1177 sexenarios
1184 1122 1482 1191 habueris,
1496 1130 1581 1180 tot
1595 1127 1685 1181 his
1708 1130 1987 1185 monades

320 1212 503 1280 addc,
549 1209 770 1280 junctis
818 1208 1064 1281 insuper
1107 1212 1343 1282 punctis
1408 1212 1524 1269 illis
1573 1216 1673 1286 qui
1723 1214 1988 1275 sextariis

319 1298 749 1372 superfuerint.
785 1300 895 1364 Qui
926 1298 978 1355 si
1017 1298 1172 1355 ultra
1218 1319 1329 1355 xxx
1375 1305 1749 1374 excreverint,
1785 1307 1985 1363 recisis

317 1392 613 1462 quotquot
630 1388 1039 1460 superfuerint
1058 1406 1191 1457 xxx,
1208 1390 1309 1462 qui
1332 1394 1741 1464 remanserint,
1757 1400 1984 1452 aetatem

315 1478 427 1533 tibi
459 1476 730 1550 pandent
762 1494 942 1549 quam
973 1476 1115 1533 luna
1154 1478 1214 1533 in
1264 1478 1408 1536 hora
1455 1499 1574 1537 suae
1624 1486 1984 1541 accensionis

315 1572 411 1623 est
457 1564 756 1640 lugressa.
810 1565 1106 1622 Hactenus
1155 1566 1266 1624 hac
1316 1571 1661 1641 quotidiana
1708 1572 1986 1631 dicuntur

323 1659 699 1729 argumenta,
733 1659 881 1726 quot
911 1655 1163 1728 singulis
1215 1662 1520 1716 mutentur
1568 1661 1815 1731 diebus;
1846 1663 1982 1721 hinc

322 1744 398 1801 ad
430 1760 625 1800 annua
653 1744 991 1802 veniamus.

921 1842 1154 1901 CAPUT
1193 1846 1388 1905 XXIII.

388 1934 639 2002 Qualiter
661 1933 986 1989 inveniatur
1013 1938 1151 1989 anni
1174 1936 1245 1997 ab
1268 1940 1644 1996 incarnatione
1669 1942 1908 1999 Domini.

384 2023 656 2079 Primum
688 2023 878 2096 igitur
909 2040 1094 2079 annos
1144 2025 1217 2080 ab
1267 2026 1668 2086 incarnatione
1725 2031 1979 2100 Domini,

310 2111 574 2184 qualiter
604 2111 945 2167 inveniendi
978 2112 1118 2180 sint,
1150 2114 1475 2182 videamus,
1508 2122 1574 2172 ut
1602 2134 1705 2191 per
1744 2136 1842 2176 eos
1874 2139 1979 2177 cae-

311 2207 439 2256 tera
468 2206 831 2274 argumenta
860 2202 1455 2273 reperiamus.Annos
1486 2206 1668 2279 igitur
1696 2210 1768 2264 ab
1800 2212 1983 2267 incar-

310 2290 553 2347 natione
584 2290 849 2357 Domini,
881 2295 1026 2362 quot
1055 2291 1197 2359 sint,
1230 2293 1592 2365 inventurus,
1626 2315 1794 2356 sume
1824 2302 1978 2357 ordi-

310 2381 478 2436 dines
513 2379 915 2435 indictionum
946 2395 1073 2450 quae
1112 2380 1371 2438 ﬂuerunt
1419 2385 1491 2440 ab
1541 2386 1669 2457 ipsa
1716 2388 1979 2446 incarna-

309 2469 469 2525 tione
500 2486 695 2541 usque
718 2485 899 2538 nunc,
916 2469 973 2523 id
1005 2473 1096 2525 est
1116 2486 1263 2539 Lxx1,
1279 2472 1418 2542 quia
1438 2473 1683 2547 singula:
1713 2477 1979 2536 indictio-

308 2575 414 2614 nes
447 2557 949 2630 quindecinorum
981 2563 1228 2614 currunt
1257 2559 1615 2619 revolutione
1645 2581 1932 2622 annorum
1958 2586 1974 2637 ;

308 2647 663 2718 pradictum
679 2662 996 2702 numerum
1019 2645 1349 2719 multiplica
1358 2666 1461 2721 per
1471 2668 1562 2720 xv,
1578 2658 1636 2708 et
1652 2653 1802 2711 ﬁunt
1814 2655 1977 2712 mille

310 2753 418 2791 LXV
434 2753 448 2791 :
466 2735 564 2791 his
586 2736 739 2791 adde
759 2753 864 2801 xu,
891 2735 1032 2807 quia
1053 2736 1288 2808 quando
1317 2737 1447 2810 ipsa
1468 2739 1794 2798 incarnatio
1820 2745 1975 2803 facta

310 2829 517 2892 est,xu
541 2825 679 2879 anni
703 2824 775 2880 de
798 2823 903 2879 illa
926 2824 1246 2882 indictione
1268 2836 1756 2898 praecesserantet
1768 2850 1845 2890 xu
1860 2852 1978 2892 res-

308 2914 543 2969 tabant.
563 2914 680 2969 Hos
702 2929 843 2986 ergo
867 2913 969 2986 qui
993 2920 1398 2971 remanserant
1410 2918 1648 2989 praefato
1662 2920 1848 2995 junge
1872 2941 1975 2980 nu-

308 3008 571 3070 mero,et
590 3003 742 3058 ﬁunt
754 3001 920 3059 mille
932 3020 1140 3059 Lxxvu.
1155 3005 1315 3060 Adde
1327 3006 1749 3081 semperillius,
1764 3012 1833 3068 de
1856 3030 1971 3085 quo

307 3092 533 3164 quaeris
552 3092 957 3158 indictionem,
972 3091 1128 3147 sicut
1148 3091 1257 3148 hoc
1279 3110 1430 3150 anno
1440 3112 1562 3166 xm,
1578 3101 1637 3152 et
1658 3099 1972 3159 ﬂentmille

305 3197 407 3240 xc.
424 3180 528 3237 Isti
552 3186 685 3237 sunt
702 3181 845 3237 anni
870 3181 948 3237 ab
986 3180 1387 3239 incarnatione
1408 3184 1662 3241 Domini.
1687 3187 1973 3247 Similiter

306 3269 568 3344 singulis
588 3271 759 3326 annis
788 3271 990 3339 facito,
1023 3274 1082 3325 et
1112 3288 1297 3326 annos
1326 3272 1559 3330 Domini
1603 3276 1729 3333 sine
1776 3295 1970 3338 errore

309 3359 588 3433 reperies.
640 3359 759 3416 Hoc
808 3364 1047 3415 tantum
1096 3376 1322 3415 memor
1368 3368 1517 3430 esto,
1566 3370 1651 3437 ut,
1704 3384 1840 3424 cum
1894 3389 1970 3429 xv

307 3454 614 3507 transacta
641 3448 819 3506 fuerit
846 3449 1114 3517 indictio,
1146 3453 1206 3506 et
1232 3451 1423 3507 denuo
1471 3454 1661 3526 prima
1707 3457 1964 3530 redierit,

304 3539 376 3594 ad
408 3539 728 3611 pretatum
758 3554 1076 3595 numerum
1108 3556 1294 3595 unum
1325 3558 1557 3615 semper
1604 3545 1868 3618 adjicias,
1903 3549 1963 3608 id

304 3633 414 3696 est,
440 3645 556 3684 non
578 3628 707 3699 jam
740 3645 869 3683 Lxxx
899 3628 1056 3685 sicut
1085 3645 1264 3694 nunc,
1278 3630 1379 3686 sed
1410 3649 1560 3689 Lxxn
1582 3634 1960 3708 multiplices,

301 3722 356 3772 et
389 3716 639 3790 reliqua,
671 3723 740 3774 ut
767 3719 993 3775 dictum
1025 3723 1136 3784 est,
1171 3719 1457 3778 observes.

905 3817 1141 3875 CAPUT
1178 3816 1369 3874 XXIV.

341 3905 504 3977 Origo
536 3908 923 3973 indictionum,
952 3915 1007 3965 et
1042 3907 1279 4034 quatliter
1307 3910 1543 3981 singulis
1573 3918 1736 3971 annis
1768 3918 1922 3973 inve-

1000 3996 1143 4034 ntan
1167 3995 1256 4033 ur.

1000 3996 1039 4034 η
1046 3995 1256 4035 tantur.

371 4066 726 4125 Indictiones
758 4070 1047 4142 cujusque
1097 4069 1237 4125 anni
1284 4068 1542 4131 invenire
1590 4077 1952 4148 desiderans,

298 4171 471 4212 sume
501 4173 685 4215 annos
716 4157 971 4225 Domini,
996 4163 1287 4231 quotquot
1319 4160 1538 4221 fuerint
1566 4165 1625 4220 in
1657 4171 1949 4241 praesenti,

296 4248 357 4298 et
385 4245 484 4300 his
513 4247 662 4303 adde
699 4246 995 4322 regulares
1045 4264 1131 4315 in,
1163 4247 1296 4305 illos
1345 4251 1568 4311 scilicet
1616 4273 1801 4312 annos
1851 4261 1950 4330 qui

298 4342 721 4405 praecesserant
749 4338 821 4394 de
849 4338 1171 4395 indictione
1201 4355 1318 4412 qua
1330 4345 1503 4399 natus
1534 4349 1624 4402 est
1639 4345 1946 4418 Dominus,

298 4426 367 4478 et
394 4428 580 4480 totam
607 4425 757 4483 hanc
786 4443 1083 4485 summam
1114 4430 1334 4501 partire
1361 4448 1464 4506 per
1490 4450 1584 4501 xv,
1615 4439 1674 4492 et
1722 4436 1821 4509 qui
1859 4455 1948 4495 re-

295 4513 649 4581 manserint,
662 4516 792 4590 ipsa
817 4522 908 4575 est
936 4519 1179 4577 indictio
1211 4522 1514 4591 praesentis
1545 4524 1779 4582 anni.Si
1800 4526 1946 4584 nihil

294 4604 669 4672 remanserit,
698 4624 809 4665 xva
837 4608 966 4665 erit.

360 4690 763 4751 Indictionum
785 4697 1069 4771 originem
1099 4700 1304 4772 paucis
1323 4702 1516 4760 verbis
1539 4706 1762 4776 aperire
1782 4705 1943 4763 libet.

290 4778 525 4837 Dicitur
581 4789 777 4842 autem
830 4786 903 4843 ab
950 4788 1281 4846 indicendo.
1314 4790 1460 4847 Cum
1490 4793 1647 4849 enim
1696 4794 1942 4853 Romani

289 4870 572 4927 omnibus
588 4889 735 4945 pene
751 4877 1023 4948 gentibus
1036 4879 1410 4951 imperarent,
1427 4884 1702 4940 omnibus
1720 4885 1943 4944 tributa

284 4959 653 5026 indixerunt,
685 4980 810 5034 quae
840 4964 924 5021 eis
955 4967 1160 5038 quinto
1191 4984 1342 5024 anno
1372 4987 1603 5043 semper
1639 4973 1938 5047 impende-

283 5046 529 5105 bantur.
545 5050 658 5106 Sed
678 5052 868 5122 primo
898 5055 1299 5128 quinquennio
1331 5076 1431 5129 aes,
1453 5062 1710 5118 secundo
1730 5046 1939 5137 argen-

286 5138 632 5207 tum,tertio
660 5138 994 5199 solvebatur
1013 5161 1247 5202 aurum.
1262 5148 1478 5213 Quarto
1501 5167 1708 5207 rursus
1731 5169 1765 5208 a
1784 5154 1939 5224 prin-

284 5228 439 5300 cipio
488 5230 884 5301 repetebatur,
915 5233 973 5290 id
1030 5240 1122 5291 est
1176 5236 1251 5293 ab
1316 5253 1465 5305 tere;
1516 5241 1670 5298 unde
1708 5242 1935 5312 junctis

282 5317 668 5389 quinqueniis
696 5336 769 5376 xv
796 5337 1083 5380 annorum
1114 5324 1462 5383 indictiones
1502 5334 1643 5385 sunt
1689 5331 1933 5405 singulae

275 5405 598 5473 institutis,
610 5412 669 5465 et
690 5413 927 5468 cautum
940 5417 1031 5470 est
1042 5418 1108 5471 ut
1120 5414 1320 5471 nullus
1343 5414 1686 5489 liberratus,
1702 5419 1931 5478 nullum

274 5495 571 5568 principis
602 5497 859 5557 edictum
889 5506 1085 5559 ratum
1115 5502 1450 5574 haberetur,
1474 5508 1629 5579 quod
1661 5509 1932 5569 indictio-

268 5599 416 5646 nem
427 5601 545 5649 non
559 5588 879 5679 praeferret.
890 5590 1151 5679 Singulis
1165 5598 1360 5654 autem
1374 5595 1791 5675 quinquenniis
1802 5617 1932 5679 pac~

268 5681 329 5739 to
352 5692 695 5756 censo,mos
707 5676 1335 5752 erat.Urbem1ustrare
1354 5684 1521 5767 quasi
1543 5686 1616 5750 ob
1637 5676 1931 5770 purgatio-

2107 594 2341 664 dicitur,
2382 603 2439 655 et
2485 598 2753 671 lustrare,
2801 620 3067 677 purgare,
3102 608 3424 680 saepissime
3470 612 3743 671 dicimus.

2106 684 2306 741 Fiebat
2325 692 2522 744 autem
2543 689 2652 745 hoc
2684 707 2884 747 mense
2908 695 3242 766 Februario,
3268 714 3440 771 quem
3472 702 3546 758 ab
3574 702 3687 761 hoc
3714 723 3750 761 a

2103 774 2350 844 Februo,
2384 777 2440 832 id
2472 784 2561 835 est
2592 798 2624 835 a
2655 780 2897 837 Plutone
2928 791 3295 857 vocaverunt,
3329 807 3502 863 quem
3534 812 3746 868 purga-

2102 866 2285 918 torcm
2318 868 2648 923 credebant.
2686 870 2974 928 Februare
3005 874 3160 929 enim
3210 895 3461 952 purgare
3509 866 3746 955 dicitur,

2102 952 2218 1006 imo
2248 958 2435 1010 totum
2472 974 2729 1013 mensem
2762 959 2877 1014 diis
2901 962 3173 1020 Manibus
3204 968 3636 1030 dedicaverunt.

2704 1058 2938 1114 CAPUT
2976 1062 3137 1119 XXV.

2482 1145 2725 1212 Qualiter
2752 1157 2952 1219 opacae
2980 1153 3356 1212 inveniantur.

2167 1230 2413 1302 Epactas
2445 1233 2761 1303 cujuslibet
2792 1240 2927 1292 anni
2964 1247 3321 1314 reperturus,
3347 1247 3490 1303 nihil
3523 1251 3746 1308 addens

2097 1320 2266 1375 annis
2296 1322 2525 1376 Domini
2556 1329 2658 1379 aut
2688 1326 2983 1394 minuens,
3002 1331 3260 1402 primum
3284 1352 3388 1407 per
3413 1354 3510 1393 xxx
3531 1339 3745 1407 divide,

2095 1412 2154 1463 et
2174 1413 2317 1480 quot
2339 1413 2752 1479 remanserint,
2776 1432 2983 1472 rursus
3016 1420 3346 1494 multiplica
3374 1442 3478 1499 per
3495 1445 3575 1495 x1,
3607 1435 3665 1486 et
3694 1431 3747 1486 si

2095 1514 2377 1554 numerus
2408 1499 2505 1555 ille
2534 1500 2687 1557 infra
2730 1521 2843 1560 xxx
2888 1510 3258 1577 remanserit,
3299 1521 3534 1587 epactas
3583 1517 3746 1577 illius

2095 1586 2231 1642 anni
2263 1603 2392 1643 esse
2423 1589 2597 1645 scias.
2630 1592 2791 1658 Quod
2823 1594 2872 1649 si
2907 1594 3060 1652 ultra
3099 1604 3430 1673 exereverit,
3467 1606 3744 1678 sublatis,

2093 1679 2353 1748 quotque
2382 1677 2626 1751 triginta
2644 1683 2863 1754 reperis
2886 1684 3151 1742 residuos
3175 1688 3309 1761 (cod.
3329 1677 3743 1756 remanserint.

2090 1762 2207 1818 vid.
2241 1764 2324 1820 sic
2354 1769 2623 1823 mutand.
2658 1769 2911 1827 sublatis
2943 1772 3207 1846 triginta,
3232 1785 3374 1851 quot
3403 1784 3746 1861 reperis...),

2010 1878 2060 1947 Β
2092 1869 2195 1947 pro
2225 1855 2445 1925 epactis
2475 1854 2739 1915 habebis.
2774 1859 2832 1915 Si
2867 1860 3012 1916 nihil
3046 1870 3410 1939 remanserit,
3427 1854 3591 1930 nulla
3618 1854 3742 1946 esti

2093 1940 2233 2013 quia
2261 1958 2364 2013 per
2400 1959 2495 2025 xu;
2542 1962 2726 2002 annos
2775 1953 3114 2022 epactarum
3162 1954 3413 2015 volvitur
3459 1962 3739 2023 circulus.

2094 2029 2313 2086 Idcirco
2327 2047 2510 2089 annos
2524 2034 2753 2092 Domini
2769 2038 3077 2112 peripsum
3092 2059 3403 2103 numerum
3426 2053 3742 2124 partimur,

2092 2118 2394 2176 residuum
2427 2138 2530 2194 per
2557 2141 2613 2180 x1
2644 2124 3133 2202 multiplicamus,
3168 2135 3307 2206 quia
3352 2118 3445 2195 tot
3488 2118 3741 2216 singulis

2091 2208 2262 2263 annis
2293 2219 2633 2270 accrescunt
2681 2220 2916 2288 epactae.
2950 2219 3096 2276 Eum
3147 2239 3376 2297 quoque
3424 2208 3740 2293 numerum

2090 2312 2297 2351 rursus
2326 2314 2430 2369 per
2456 2317 2565 2356 xxx
2596 2304 2894 2372 metimur,
2930 2324 3104 2379 quem
3145 2318 3360 2384 epactis
3410 2333 3526 2375 non
3573 2337 3738 2381 exce-

2089 2384 2274 2453 dunt;
2307 2388 2380 2443 ad
2413 2406 2596 2447 annos
2647 2392 2878 2450 Domini
2930 2413 3035 2453 nec
3083 2401 3354 2460 addimus
3412 2408 3738 2484 quidquam

2088 2489 2194 2528 nec
2225 2475 2571 2548 minuimus,
2605 2481 2743 2552 quia
2772 2485 3005 2555 quando
3038 2492 3212 2546 natus
3244 2497 3335 2548 est
3362 2475 3649 2556 Dominus
3678 2520 3738 2560 x1

2087 2569 2255 2619 erant
2285 2573 2521 2637 spectas,
2556 2568 2655 2624 ubi
2676 2570 2913 2644 pincipiit
2941 2590 3070 2631 esse
3099 2579 3294 2652 cyclus
3325 2591 3687 2656 epactarum.

2682 2668 2915 2727 CAPUT
2952 2672 3142 2731 XXVI.

2143 2750 2411 2817 Quomodo
2436 2757 2621 2826 cyctus
2650 2758 2781 2812 solis
2812 2761 3154 2842 inveniatur,
3177 2775 3230 2822 et
3253 2785 3353 2823 cur
3376 2788 3478 2842 per
3505 2791 3685 2835 xxvm

2660 2844 2833 2884 annos
2868 2835 3156 2889 recurrat?

2155 2909 2598 2983 Concurrentes,
2633 2915 2690 2971 id
2722 2922 2811 2973 est
2839 2923 3076 2991 epactas
3108 2923 3249 2980 solis
3280 2927 3644 3004 inventurus,
3672 2940 3730 2996 in

2083 2998 2250 3055 initio
2280 3000 2467 3073 ipsius
2499 3002 2640 3059 solis
2672 3005 2899 3079 cyclum
2931 3026 3036 3081 per
3064 3028 3238 3085 quem
3273 3028 3520 3080 currunt
3549 2998 3730 3087 debes

2082 3088 2371 3160 invenire;
2396 3091 2494 3164 qui
2518 3091 2734 3150 idcirco
2756 3113 2860 3168 per
2886 3115 3061 3155 xxvm
3091 3118 3277 3162 annos
3308 3109 3638 3187 revolvitur,
3664 3124 3730 3178 ut

2080 3176 2327 3250 singulae
2358 3183 2777 3239 concurrentes
2801 3184 2860 3240 in
2906 3186 3233 3249 bissextum
3279 3198 3537 3273 veniant,
3571 3176 3727 3278 quod

2004 3250 2048 3320 C
2080 3264 2202 3320 fieri
2234 3284 2350 3323 non
2381 3274 2592 3341 potest,
2621 3271 2733 3327 nisi
2765 3291 2869 3346 per
2896 3280 2984 3332 tot
3013 3295 3220 3351 annos,
3252 3302 3387 3341 cum
3419 3250 3558 3363 ipsa:
3572 3250 3725 3355 bon-

2078 3360 2377 3412 currentes
2406 3374 2593 3431 usque
2623 3361 2696 3416 ab
2728 3365 3125 3436 septenarium
3164 3360 3473 3444 proficiant
3520 3400 3723 3445 nume-

2077 3448 2301 3510 rum,et
2330 3463 2445 3502 non
2475 3447 2589 3504 nisi
2621 3456 2829 3522 quarto
2858 3470 3011 3511 anno
3032 3473 3264 3534 semper
3293 3462 3583 3529 bissextus
3605 3492 3727 3537 eve-

2076 3532 2218 3589 niat.
2253 3535 2469 3602 Quater
2496 3538 2652 3594 enim
2681 3557 2785 3609 vn,
2805 3558 2984 3600 xxvm
3013 3532 3179 3605 sunt:
3197 3551 3345 3625 Ergo
3376 3559 3603 3631 cyclum
3634 3532 3726 3626 so-

2073 3619 2253 3679 larem
2311 3626 2539 3684 evenire
2595 3629 2858 3703 cupiens,
2920 3635 2992 3691 ad
3060 3654 3373 3701 numerum
3409 3619 3720 3714 “annorum

2071 3709 2302 3768 Domini
2334 3730 2565 3789 semper
2594 3718 2791 3777 addito
2822 3740 2901 3794 1x,
2934 3726 3071 3796 quia
3101 3732 3188 3785 tot
3238 3735 3375 3790 anni
3405 3754 3718 3811 praecesse-

2069 3804 2208 3856 runt
2237 3802 2308 3859 de
2338 3805 2540 3862 eodem
2571 3823 2814 3867 numero
2845 3812 3035 3884 ipsam
3067 3802 3549 3899 incarnationem,
3568 3802 3720 3890 tum-

2069 3904 2179 3960 que
2209 3888 2361 3947 hanc
2391 3910 2686 3953 summam
2718 3899 2908 3957 divide
2937 3918 3040 3973 per
3066 3922 3205 3976 xvn,
3231 3914 3289 3966 et
3319 3920 3461 3984 quot
3492 3888 3718 3979 reman-

2066 3978 2269 4045 serint,
2302 3984 2460 4038 totus
2491 3989 2580 4041 est
2610 4002 2820 4043 annus.
2848 3989 2906 4045 Si
2939 3996 3142 4053 autem
3166 3996 3311 4054 nihil
3334 3978 3711 4080 remanserit,

2062 4081 2348 4127 xxvxnvus
2378 4077 2486 4129 est.

2640 4165 2873 4225 CAPUT
2910 4169 3127 4231 XXVII.

2212 4255 2289 4310 Ad
2321 4253 2673 4311 inveniendus
2702 4268 3081 4319 concurrentes
3119 4267 3380 4342 cujusque
3408 4278 3564 4334 anni.

2133 4343 2295 4417 Ipsas
2324 4360 2456 4401 vero
2506 4352 2917 4406 concurrentes
2961 4349 3211 4426 alicujus
3261 4361 3396 4418 anni
3446 4364 3709 4429 invenire

2059 4433 2420 4504 desiderans,
2453 4450 2620 4491 sume
2650 4452 2801 4509 saepe
2830 4439 3101 4510 praefatos
3142 4460 3326 4503 annos
3364 4449 3620 4525 Domini,
3650 4464 3709 4516 et

2058 4522 2196 4594 quia
2225 4539 2457 4596 semper
2486 4528 2693 4596 quarto
2724 4542 2876 4584 anno
2908 4546 3061 4587 unus
3092 4531 3165 4587 ob
3196 4534 3521 4597 bissextum
3554 4522 3709 4601 tran-

1981 4624 2030 4692 D
2058 4609 2274 4679 silitur,
2308 4612 2490 4670 totius
2520 4614 2749 4671 numeri
2780 4621 3052 4689 quartam
3083 4627 3309 4693 partem
3350 4629 3614 4701 adjicies,
3647 4641 3705 4713 et

2056 4701 2274 4758 additis
2305 4701 2547 4775 insuper
2576 4702 2943 4776 regularibus
2973 4724 3052 4779 ιν,
3084 4712 3223 4783 quia
3260 4718 3346 4771 tot
3392 4701 3701 4791 praeesse:

2050 4794 2189 4845 runt
2245 4796 2667 4847 concurrentes
2717 4809 2939 4851 annum
2992 4800 3304 4857 Dominicm
3354 4807 3698 4882 nativitatis,

2050 4882 2239 4935 totum
2271 4878 2427 4937 hunc
2458 4897 2769 4938 numerum
2800 4901 2905 4957 per
2932 4904 3010 4943 vn
3049 4889 3259 4961 pivide,
3293 4897 3350 4947 et
3400 4903 3545 4967 quot
3592 4878 3691 4956 su;

2048 4972 2315 5038 persunt,
2365 4970 2436 5026 ad
2483 4971 2748 5042 ejusdem
2797 4975 2934 5029 anni
2986 4983 3402 5037 concurrentes
3452 4989 3601 5043 tene.
3637 4990 3696 5046 Si

2048 5054 2192 5111 nihil
2225 5060 2599 5130 remanserit,
2630 5077 2712 5117 vn
2741 5078 2869 5118 esse
2899 5063 3069 5118 scito.

2616 5149 2848 5206 CAPUT
2876 5150 3121 5209 XXVIII.

2436 5237 2635 5304 Quotus
2662 5253 2843 5294 annus
2862 5240 2935 5295 sit
2965 5257 2999 5296 α
3030 5241 3303 5304 bissexto?
3432 5304 3439 5305 ,

2116 5322 2321 5379 Utrum
2352 5342 2485 5380 vero
2515 5324 2807 5384 bissextus
2845 5328 2933 5387 vel
2974 5337 3188 5404 quotus
3237 5338 3311 5394 ab
3358 5342 3559 5398 eodem
3614 5343 3691 5402 sit

2042 5428 2252 5481 annus,
2286 5412 2557 5485 perfacile
2588 5419 2677 5471 est
2706 5414 2983 5476 invenire.
3015 5424 3200 5482 Annis
3248 5428 3403 5484 enim
3454 5431 3687 5491 Domini

2041 5504 2326 5597 quotquot
2354 5500 2593 5576 fuerint,
2625 5503 2786 5566 nullo
2815 5509 2904 5569 vel
2933 5511 3129 5571 addito
3160 5514 3247 5572 vel
3279 5517 3560 5595 detracto,
3584 5540 3688 5597 per

2037 5603 2097 5650 Iv
2127 5587 2347 5665 divisis,
2381 5597 2522 5671 quot
2550 5599 2956 5672 remanserint,
2990 5605 3148 5663 totus
3179 5609 3268 5666 cst
3298 5624 3488 5670 annus
3510 5587 3682 5671 abis-

2038 5688 2219 5757 sexto,
2246 5685 2295 5744 si
2318 5686 2465 5748 nihil
2497 5696 2865 5767 remanserit,
2901 5696 3193 5757 bissextus
3224 5703 3543 5764 est.Potest
3571 5703 3681 5766 hoc
