4148 6184
439 333 521 404 θθ

437 557 598 613 enim
630 555 826 624 fuerit,
860 573 976 612 uno
1007 555 1264 625 sublato,
1306 559 1574 616 residuos
1623 577 1725 634 per
1771 581 1830 620 1v
1875 565 2085 634 divide,

435 651 498 703 et
525 650 592 702 ut
628 661 828 719 supra,
861 661 967 718 per
1011 661 1198 704 annos
1247 646 1502 718 Domini,
1531 667 1607 708 an
1657 651 1952 714 bissextus
1999 653 2086 714 vel

437 738 654 809 quotus
681 734 759 792 ab
789 750 856 792 eo
887 735 966 792 sit
993 753 1208 805 annus,
1240 735 1520 794 invenies.

1023 915 1257 972 CAPUT
1295 915 1483 973 XXIX.

437 1040 706 1116 Quomodo
726 1041 1051 1116 inveniatur
1077 1041 1530 1116 cyclus_lunaris,
1562 1050 1761 1116 etqu
1805 1045 1880 1098 sit
1920 1043 2078 1116 diffe-

504 1114 682 1168 rentia
713 1113 856 1185 inter
884 1113 1065 1185 ipsum
1091 1119 1144 1168 et
1171 1114 1397 1180 xulem,
1427 1120 1480 1168 et
1507 1114 1740 1185 qualtter
1765 1113 2081 1172 inveniatur

498 1199 600 1256 per
625 1181 914 1240 zodiacum
932 1183 960 1238 ‘I

495 1353 584 1409 Ad
607 1351 835 1426 cyclum
855 1351 1008 1410 luna:
1031 1353 1444 1412 inveniendum
1467 1371 1496 1410 ο
1519 1371 1763 1412 numero
1784 1373 2074 1416 annorum

429 1441 682 1511 Domini,
728 1441 958 1498 duobus
1005 1441 1258 1498 sublatis
1308 1443 1428 1516 qui,
1462 1443 1578 1500 Deo
1627 1444 1971 1516 humanato,
2003 1446 2076 1504 de

424 1532 629 1588 eodem
651 1529 810 1604 cyclo
841 1531 1166 1601 restabant,
1189 1536 1426 1588 caeteros
1456 1550 1561 1607 per
1586 1551 1682 1590 xxx
1713 1535 2076 1610 divide,quo-

424 1637 558 1678 rum
588 1623 819 1678 constat
848 1619 1205 1702 revolutione
1231 1639 1245 1690 ;
1277 1621 1496 1678 residui
1527 1621 1794 1681 lunarem
1843 1623 2071 1698 cyclum

423 1709 762 1767 ostendunt.
777 1709 838 1768 Si
860 1709 1006 1768 nihil
1027 1709 1394 1780 remanserit,
1408 1727 1504 1768 xxx
1524 1717 1718 1770 erunt.
1733 1713 1899 1772 Hunc
1931 1729 2072 1770 sane

422 1799 652 1875 cyclum
683 1801 1080 1858 Romanorum
1101 1798 1404 1872 proprium
1427 1816 1556 1858 esse
1586 1801 1932 1868 scias,sicut
1953 1791 2072 1860 m-

1537 338 1954 408 HELPEBIGI
1989 343 2350 412 ΜΟΝΛοΗί
2396 347 2462 410 S.
2503 349 2759 413 GALLI.

439 473 501 524 et
543 481 652 540 per
698 465 927 538 cyclum
987 465 1238 524 solerem
1291 466 1558 525 inveniri.
1611 473 2170 552 Quotusoumque;A

2807 507 3036 566 CAPUT
3075 509 3236 567 XXX.

2254 604 2394 672 Quid
2421 607 2496 661 sit
2514 609 2782 663 terminus
2805 607 3044 680 Parcius,
3075 609 3162 666 vel
3191 609 3408 684 quando
3437 612 3789 670 observetur?

2267 710 2611 768 Terminum
2643 713 2876 769 Pascha
2905 713 3050 770 nihil
3081 713 3240 772 aliud
3261 717 3514 776 dicimus
3541 735 3722 793 .quam
3741 737 3836 778 ειν

2194 795 2422 867 lunam,
2475 815 2602 872 quae
2651 801 2909 873 primum
2957 804 3210 862 occurrit
3247 810 3382 879 post
3427 808 3840 882 aequinoctium

2189 885 2452 954 vernale;
2469 889 2703 959 quando
2725 888 3201 950 inimmolatione
3222 895 3356 968 agni
3377 895 3596 952 Judaeis
3619 898 3844 956 Pascha

2189 973 2380 1032 facere
2409 975 2549 1031 olim
2572 981 2930 1050 praeceptum
2952 986 3071 1049 est;
3095 983 3236 1055 quia
3255 984 3430 1040 etiam
3462 991 3629 1042 nocte
3649 987 3844 1048 Domi-

2190 1078 2302 1118 nus
2333 1063 2644 1120 nosterillo
2667 1065 2922 1138 primum
2946 1070 3139 1140 typico
3153 1071 3376 1130 Pascha
3394 1080 3565 1147 pacto
3588 1077 3840 1134 traditus

2187 1156 2299 1220 est,
2319 1152 2458 1208 licet
2479 1153 2744 1226 sequenti
2767 1155 2881 1223 dic,
2915 1155 2971 1210 id
3004 1162 3094 1212 est
3125 1175 3218 1228 xv,
3234 1177 3338 1232 pro
3369 1164 3704 1220 nostrasint
3723 1183 3840 1222 om-

2187 1241 2352 1296 nium
2379 1241 2570 1299 salute
2601 1243 3146 1312 immolatus.Quod
3167 1249 3586 1320 aequinoctium
3609 1272 3688 1311 xu
3712 1255 3835 1311 Kal.

2182 1327 2366 1403 April.
2401 1347 2704 1389 occurrere
2734 1349 2914 1406 supra
2961 1338 3267 1394 ostensum
3315 1343 3426 1392 est.
3479 1342 3840 1418 Quacumque

2183 1418 2367 1490 igitur
2395 1421 2738 1492 septimanae
2761 1423 2852 1476 die
2875 1421 3018 1479 luna
3038 1441 3154 1490 xxv,
3169 1423 3290 1481 sive
3318 1425 3378 1482 in
3395 1427 3524 1500 ipso
3545 1431 3834 1502 aequinoc-

2184 1507 2286 1574 tio,
2305 1508 2422 1565 sive
2452 1526 2519 1565 eo
2551 1514 2848 1568 transacto
2874 1514 3214 1584 occurrerit,
3249 1517 3567 1574 terminum
3599 1517 3833 1576 Pascha:

2181 1596 2456 1653 dicimus.
2492 1597 2688 1672 Ipsam
2716 1616 2850 1655 vero
2880 1599 3314 1658 solemnitatem
3354 1604 3414 1660 in
3463 1605 3832 1665 Dominicum

2182 1685 2362 1754 diem,
2377 1701 2492 1758 quo
2503 1685 2792 1743 Dominus
2815 1691 3154 1759 resurrexit,
3179 1690 3604 1764 differimus,et
3625 1695 3673 1750 si
3697 1713 3834 1754 con-

2180 1774 2380 1847 tigerit
2400 1775 2594 1847 ipsum
2619 1776 2936 1833 terminum
2959 1778 3052 1835 die
3073 1779 3376 1836 Dominico
3407 1784 3657 1850 evenire,
3679 1784 3833 1841 nihi-

420 1851 2147 1962 ᾹῖέὲξςνδῶᾗῌξεξξοτοᾘᾶξξξθξτξοξξᾶςἐξξῶὦέΒ
2176 1861 2435 1918 lominus
2457 1863 2518 1919 in
2545 1863 2792 1962 alteram
2816 1863 3185 1962 pominicam
3216 1873 3486 1925 nostrum
3501 1870 3832 1930 Paschaex-

417 1993 558 2050 pore
578 1977 894 2034 Dominicis
907 1976 1352 2040 resurrectionis
1365 1977 1543 2036 etiam
1565 1975 2036 2037 Christianorum
2053 1997 2067 2048 ;

418 2066 878 2138 observaturque
904 2064 1016 2126 iste
1047 2065 1244 2140 cyclus
1275 2065 1334 2122 in
1367 2065 1508 2124 luna
1533 2067 1824 2134 Januarii,
1847 2068 1946 2140 qui
1979 2071 2072 2125 est

418 2155 640 2212 mensis
666 2156 1068 2220 Romanorum
1100 2155 1348 2230 primus,
1374 2156 1528 2214 sicut
1558 2155 1656 2214 ille
1687 2157 1745 2212 in
1779 2156 2066 2226 Paschali,

419 2262 593 2320 quem
613 2243 873 2320 primum
903 2242 1109 2301 xxxalis
1132 2261 1394 2302 mensem
1417 2261 1546 2302 esse
1567 2245 1942 2302 Hebraeorum
1962 2247 2070 2302 Do-

417 2335 616 2390 minus
645 2334 769 2408 ipse
783 2337 1054 2403 testatur,
1071 2334 1169 2407 qui
1187 2333 1464 2392 Paschale
1477 2338 1914 2392 sacramentum
1929 2353 2066 2409 pra:-

417 2423 600 2493 misit,
633 2423 831 2478 dicens
853 2441 872 2476 :
899 2444 926 2471 ‹‹
960 2421 1177 2479 Mensis
1210 2423 1318 2480 iste
1347 2423 1511 2480 vobis
1532 2421 1887 2498 principium
1911 2441 2068 2480 men-

417 2512 572 2568 sium
598 2527 611 2566 :
636 2512 863 2584 primus
893 2511 1004 2566 erit
1033 2509 1092 2565 in
1125 2511 1429 2567 mensibus
1460 2513 1618 2568 anni.
1653 2536 1680 2562 ››
1714 2513 1878 2568 Sicut
1907 2513 2064 2570 enim

415 2599 514 2656 ille
544 2599 751 2672 incipit
766 2600 840 2654 ab
851 2599 1190 2655 accensione
1215 2597 1366 2656 lunae
1399 2599 1696 2656 Paschalis
1707 2605 1764 2656 et
1786 2618 1971 2674 usque
1992 2602 2063 2657 ad

415 2689 683 2746 eamdem
715 2687 1055 2762 porrigitur,
1089 2685 1364 2744 similiter
1392 2692 1450 2745 et
1479 2689 1592 2745 iste
1639 2705 1672 2744 a
1701 2689 1892 2762 prima
1924 2689 2067 2746 luna

415 2775 1000 2850 Januariiincipiens,
1015 2777 1088 2832 ad
1110 2777 1378 2834 eamdem
1401 2777 1920 2851 deducituribique
1940 2778 2066 2834 ﬁni-

416 2871 533 2936 tur,
567 2867 789 2924 habens
819 2870 877 2922 et
904 2865 1029 2938 ipse
1058 2882 1400 2924 communes
1432 2883 1637 2933 annos,
1659 2867 2062 2924 duodenorum

416 2955 642 3012 scilicet
670 2954 986 3022 mensium,
1020 2953 1248 3010 dierum
1279 2969 1494 3022 cccuv,
1527 2972 1754 3012 necnon
1783 2960 1843 3012 et
1869 2957 2064 3014 embo-

410 3045 622 3102 lismos
642 3061 745 3100 xui
774 3041 1069 3100 mensium
1090 3046 1148 3098 et
1175 3059 1447 3100 cccaxxxv
1466 3043 1714 3114 dierum,
1729 3050 1807 3116 et,
1821 3051 2060 3120 excepto

415 3133 570 3207 quod
602 3130 900 3189 Paschalis
931 3131 990 3186 in
1021 3129 1130 3187 hoc
1160 3148 1316 3188 nunc
1355 3133 1550 3207 agitur
1595 3133 1928 3202 celebritas,
1959 3151 2062 3208 per

415 3221 614 3277 omnia
643 3221 695 3277 ei
748 3219 1164 3292 azquiparatur,
1197 3225 1264 3276 ut
1311 3237 1346 3276 a
1391 3220 1723 3280 Venerabili
1774 3223 1927 3280 Beda
1974 3240 2068 3280 co-
2100 3223 2144 3292 C

415 3309 577 3384 piose
598 3312 912 3377 tractatur,
933 3313 992 3368 et
1021 3312 1268 3382 uterque
1296 3327 1332 3365 κ
1361 3315 1419 3368 et
1447 3327 1506 3368 ιχ
1534 3327 1823 3368 annorum
1845 3311 2065 3368 revolu-

415 3397 594 3468 tione,
627 3403 684 3454 et
713 3395 907 3454 lunari
939 3401 1174 3456 constat
1215 3397 1458 3456 ratione.
1491 3399 1578 3456 Ob
1625 3399 1812 3458 solam
1864 3405 2060 3460 tamen

415 3486 879 3561 dignoscentiam
929 3487 1042 3542 iste
1088 3485 1336 3554 lunaris,
1383 3487 1484 3544 ille
1541 3493 1784 3548 vocatur
1828 3489 2059 3558 xrxalis,

405 3561 739 3650 composito
767 3593 836 3632 ex
867 3576 1057 3632 tribus
1088 3576 1378 3650 corruptis
1409 3577 1712 3648 vocabulo,
1743 3595 1812 3634 ex
1839 3596 1876 3635 x
1903 3578 2060 3635 scili-

416 3672 509 3722 cet
537 3670 594 3722 et
621 3681 766 3722 anno
795 3669 854 3722 et
881 3681 1093 3732 novem,
1128 3652 1282 3721 sicht
1318 3671 1377 3722 et
1404 3665 1560 3739 apud
1592 3666 1820 3722 Graecos
1851 3684 1919 3723 ex
1947 3667 2060 3724 eis-

415 3757 548 3812 dem
577 3754 897 3821 vocabulis,
950 3756 1052 3812 sed
1106 3755 1350 3829 integris
1399 3755 1728 3830 appellatur
1782 3765 1926 3814 sima
1979 3766 2062 3816 ut

413 3852 755 3918 Δεωῡερηκα.
790 3844 897 3902 Ubi
929 3845 1254 3900 notandum
1285 3845 1441 3918 quod
1460 3845 1522 3900 in
1554 3845 1762 3902 Latina
1779 3847 2065 3919 composi-

416 3934 574 3990 tione
601 3935 740 3990 ιιηηὶ
768 3931 1119 3990 vocabulum
1152 3937 1338 4004 sonet,
1371 3934 1429 3988 in
1463 3935 1662 3990 Graeca
1709 3939 1907 3992 autem
1958 3953 2059 3992 no-

417 4039 549 4078 men
581 4022 718 4078 anni
748 4039 858 4078 non
889 4023 1147 4094 ponitur,
1179 4023 1282 4079 sed
1313 4039 1347 4078 a
1375 4028 1540 4095 parte
1577 4023 1796 4080 uastatis
1839 4013 2060 4080 intelli-

416 4111 613 4183 gitur;
645 4117 779 4181 θὲρος
809 4110 965 4166 enim
996 4117 1152 4168 testas
1191 4110 1428 4168 dicitur.
1482 4109 1632 4168 Illud
1681 4128 1914 4194 quoque
1957 4129 2060 4169 no-

418 4198 662 4254 tandum
696 4197 886 4254 tribus
931 4214 1164 4272 semper
1211 4199 1380 4256 annis
1429 4198 1679 4256 xxxalem
1727 4201 2060 4274 procedere,

417 4286 587 4358 cujus
617 4292 826 4361 quarto
858 4305 1010 4344 anno
1042 4286 1268 4347 lunaris
1299 4304 1532 4364 semper
1567 4289 1855 4364 incipiens
1905 4290 2062 4362 ejus-

417 4377 548 4432 dem
580 4376 752 4432 tertio
784 4377 988 4434 finitur
1017 4394 1192 4444 anno,
1225 4379 1380 4452 quod
1412 4383 1552 4435 tunc
1580 4377 1722 4438 luna
1761 4379 1820 4436 in
1854 4377 2061 4436 Kalen-

415 4465 506 4522 dis
535 4465 800 4524 Januarii
831 4466 910 4524 sit
938 4465 1124 4535 ﬂnita,
1159 4467 1296 4540 quia
1325 4483 1515 4524 annus
1560 4469 1867 4542 utriusque
1917 4466 2060 4544 cycli

416 4560 506 4611 est
533 4553 941 4614 embolismus.
975 4555 1157 4630 Cujus
1188 4557 1397 4614 notitia
1435 4556 1658 4614 lunaris
1687 4558 1798 4615 hoc
1828 4563 2061 4616 tantum

419 4645 586 4700 nobis
614 4645 844 4701 videtur
873 4643 1148 4702 utilitatis
1179 4645 1459 4713 conferre,
1493 4647 1646 4719 quod
1677 4664 1780 4720 per
1807 4664 1963 4718 eum,
1997 4654 2064 4706 ut

418 4751 596 4807 supra
627 4734 960 4800 retulimus,
987 4735 1247 4806 quotidie
1281 4734 1504 4792 lunaris
1535 4737 1896 4794 accensionis
1920 4738 2066 4796 hora

418 4823 762 4896 reperimus.
795 4826 1160 4897 Quapropter
1200 4823 1310 4881 hoc
1357 4825 1596 4882 tandem
1644 4827 2060 4898 praetermisso,

417 4912 488 4967 ad
539 4913 744 4970 iuxalis
792 4913 1110 4988 inaginem,
1143 4913 1282 4986 quia
1309 4912 1383 4968 ob
1423 4912 1779 4986 multiplices
1829 4914 2062 4974 Paschaa

419 4999 672 5056 rationes
721 5001 1039 5072 utiliorem,
1089 5003 1459 5060 accedamus.
1491 5001 1672 5074 Cujus
1721 5008 1936 5076 quotus
1984 5005 2064 5062 sit

420 5105 611 5144 annus
659 5089 916 5148 invenire
963 5092 1227 5166 cupiens,
1277 5092 1350 5149 ad
1403 5108 1715 5148 numerum
1771 5109 2062 5150 annorum

421 5176 652 5233 Domini
684 5194 870 5234 unum
902 5195 1132 5252 semper
1173 5182 1406 5255 adjice;
1440 5179 1579 5254 quia
1627 5182 1884 5238 secundo
1935 5183 2063 5255 ejus

421 5285 574 5325 anno
603 5267 888 5326 Dominus
920 5273 1092 5340 natus
1122 5273 1423 5344 asseritur,
1455 5276 1514 5329 et
1542 5269 1785 5346 reliqua,
1821 5272 1976 5330 sicut
2002 5274 2062 5330 in

420 5357 563 5414 luna
591 5357 751 5434 cyclo
779 5357 1262 5416 diximusfacito.
1297 5361 1406 5418 Per
1432 5361 1593 5418 hunc
1631 5361 1860 5437 cyclum
1889 5380 2062 5438 spac-

2181 1955 2540 2024 spectamus,
2574 1956 2640 2008 ut
2669 1952 2842 2010 multi
2873 1953 3100 2022 dicunt,
3132 1969 3208 2013 ne
3251 1956 3566 2014 Judaicum
3606 1958 3830 2018 Pascha

2180 2039 2488 2097 observare
2516 2041 2842 2110 videamur,
2875 2043 2923 2099 si
2955 2059 3089 2099 cum
3124 2041 3245 2100 illis
3292 2045 3498 2102 eadem
3545 2046 3832 2105 solemnia

2179 2128 2548 2198 inchoantes,
2582 2145 2716 2187 cum
2764 2129 2849 2187 eis
2897 2132 3100 2188 itidem
3140 2131 3442 2190 ﬁniamus.
3474 2133 3623 2192 Nam
3654 2139 3714 2192 et
3743 2135 3828 2192 illi

2179 2217 2334 2274 sicut
2363 2223 2418 2276 et
2447 2235 2554 2276 nos
2585 2221 2788 2277 eadem
2802 2220 2954 2278 festa
2982 2226 3336 2295 peroctonos
3367 2223 3828 2294 celebrantdies,

2177 2311 2235 2363 et
2265 2306 2412 2362 nihil
2442 2299 2646 2364 nostra
2666 2309 2740 2365 ab
2761 2308 2996 2366 illorum
3019 2310 3202 2367 distat
3221 2310 3580 2382 celebritate,
3597 2313 3730 2382 nisi,
3765 2319 3830 2369 ut

2177 2395 2404 2451 dictum
2434 2399 2542 2464 est,
2577 2397 2732 2468 quod
2764 2413 2877 2454 non
2919 2398 3139 2470 pariter
3183 2398 3484 2456 inchoent.
3517 2400 3578 2457 Si
3628 2407 3825 2458 autem

2176 2483 2432 2540 Sabbato
2460 2500 2556 2540 xxv
2577 2483 2718 2540 luna
2750 2485 3066 2550 advenerit,
3081 2491 3140 2542 et
3167 2485 3255 2542 vel
3271 2487 3687 2560 aequinoctium
3701 2491 3825 2546 dies

2176 2571 2370 2641 fuerit,
2400 2571 2486 2628 vel
2511 2573 2640 2642 jam
2672 2577 3027 2639 transactus,
3061 2574 3262 2630 statim
3293 2577 3559 2648 sequenti
3590 2577 3684 2634 die
3713 2578 3823 2634 Do-

2175 2659 2391 2715 minico
2423 2659 2646 2716 Pascha
2673 2659 3055 2716 celebramus.
3075 2661 3293 2717 Idcirco
3315 2667 3511 2720 autem
3534 2666 3822 2723 terminus

2173 2747 2328 2802 idem
2347 2745 2524 2804 xxxali
2544 2746 2702 2820 cyclo
2718 2748 3068 2816 continetur,
3083 2749 3237 2821 quod
3269 2765 3382 2804 non
3406 2751 3518 2806 nisi
3543 2756 3630 2808 tot
3650 2755 3820 2810 anni

2172 2836 2423 2908 peractis
2445 2837 2516 2894 ad
2539 2837 2811 2893 eumdem
2832 2837 2986 2893 diem
3009 2835 3404 2894 Kalendarum
3427 2837 3568 2896 luna
3587 2858 3682 2898 xw
3694 2844 3826 2898 red-

2172 2928 2284 2980 eat.
2318 2924 2420 2980 His
2445 2941 2582 2981 vero
2610 2923 2855 2998 expletis
2898 2925 2970 2980 ad
3001 2924 3200 2997 ipsum
3250 2926 3487 3000 quidem
3538 2928 3822 2988 Kalenda-

2171 3027 2304 3067 rum
2333 3012 2928 3080 diem,verumtamen
2951 3029 3107 3068 nunc
3126 3030 3231 3087 per
3249 3015 3482 3070 eosdem
3505 3015 3656 3072 redit
3677 3017 3814 3092 Sep-

2169 3101 2406 3158 timanai
2453 3101 2577 3158 dies
2625 3104 2862 3175 propter
2907 3105 3320 3160 concurrentes
3369 3103 3535 3170 solis,
3566 3105 3664 3180 qui
3714 3123 3818 3179 per

2171 3207 2348 3246 xxvm
2374 3190 2694 3246 variantur.
2711 3193 2847 3256 Quae
2869 3207 2960 3246 res
2983 3191 3140 3265 cogit
3160 3195 3280 3248 tam
3299 3192 3619 3248 terminum
3637 3209 3815 3266 quam

2171 3281 2230 3334 et
2259 3279 2448 3352 ipsam
2478 3278 2851 3336 festivitatem
2883 3280 3070 3337 multo
3101 3279 3333 3354 longius
3353 3283 3815 3356 evagare,maxi-

2167 3383 2454 3442 mumque
2483 3369 2719 3426 Pascha:
2749 3367 2978 3442 cyclum
3007 3385 3111 3443 per
3135 3387 3313 3426 xxvm
3341 3369 3563 3427 xxxales
3601 3369 3816 3444 cyclos,

2171 3457 2229 3512 id
2260 3461 2351 3514 est
2377 3474 2570 3514 nxxxu
2601 3471 2786 3514 annos
2815 3458 3070 3515 extendi.
3100 3459 3248 3515 Nam
3278 3462 3336 3516 et
3363 3459 3414 3515 si
3459 3459 3614 3514 infra
3660 3459 3820 3515 hunc

2171 3561 2460 3604 annorum
2493 3564 2806 3605 numerum
2834 3547 2922 3604 vel
2954 3547 3244 3605 terminus
3272 3548 3362 3604 vel
3413 3547 3695 3604 festivitas
3744 3549 3819 3604 ad

2169 3636 2442 3692 eumdem
2474 3635 2864 3692 Kalendarum
2895 3635 2983 3692 vel
3014 3637 3358 3709 septimana:
3406 3636 3562 3692 diem
3595 3636 3816 3705 redeat,

2171 3740 2287 3778 non
2317 3729 2514 3781 tamen
2545 3725 2814 3798 pluribus
2836 3725 3006 3782 annis
3035 3741 3140 3798 per
3158 3725 3424 3780 ordinem
3447 3724 3556 3780 hoc
3581 3724 3826 3780 facit.At

2171 3829 2237 3869 eo
2269 3813 2494 3886 expleto
2525 3814 2686 3888 cyclo
2718 3813 3208 3881 maximo;omnia
3235 3814 3309 3870 ad
3340 3813 3573 3869 eosdem
3606 3813 3731 3869 dies
3759 3817 3827 3870 et

2169 3917 2275 3974 per
2301 3903 2538 3958 easdem
2571 3903 2816 3958 redeunt
2847 3903 3054 3957 lineas.
3087 3904 3271 3967 Quem
3313 3901 3652 3958 Paschalcm
3699 3907 3824 3958 ter-

2171 3989 2399 4046 minum
2421 3995 2556 4046 ante
2575 3989 2807 4046 vernale
2819 3989 3234 4062 asquinoctium
3257 3989 3550 4046 celebrare
3561 3991 3828 4064 generali

2169 4077 2439 4134 Ecclesia:
2495 4076 2874 4149 prohibemur
2920 4077 3256 4134 traditione.
3297 4078 3377 4134 De
3435 4079 3564 4152 ipso
3619 4082 3830 4136 autem

2169 4167 2516 4238 aequinoctio
2533 4165 2694 4222 varia
2723 4183 2838 4223 non
2860 4170 3094 4223 tantum
3112 4171 3398 4236 veterum,
3412 4181 3615 4224 verum
3636 4167 3832 4226 etiam

2171 4255 2586 4312 modernorum
2609 4260 2800 4312 exstat
2819 4255 3036 4328 opinio,
3053 4254 3184 4312 aliis
3213 4273 3292 4312 xu
3323 4254 3448 4312 Kal.
3471 4255 3833 4330 April.,ali'is

2169 4361 2249 4400 vn
2262 4344 2386 4401 Kal.
2401 4344 2954 4401 asserentibus.Non
2967 4345 3234 4416 ineptum
3245 4344 3478 4400 videtur
3487 4344 3833 4414 ostendere,

2171 4433 2425 4506 qualiter
2445 4431 2554 4490 hoc
2576 4433 2892 4506 magistros
2923 4436 3156 4490 nostros
3185 4432 3366 4490 etiam
3409 4430 3694 4506 corporali
3729 4433 3833 4489 in-

2170 4524 2324 4579 tuitu
2335 4521 2653 4579 viderimus
2664 4521 3031 4595 investigare.
3047 4522 3119 4578 Et
3134 4523 3183 4578 si
3205 4521 3338 4594 quis
3359 4522 3502 4579 adeo
3515 4521 3834 4580 studiosus

2089 4599 2139 4668 D
2166 4609 2470 4675 exstiterit,
2486 4614 2551 4666 ut
2562 4609 2670 4666 hoc
2683 4610 2870 4668 oculis
2883 4610 3007 4666 suis
3029 4611 3228 4684 potius
3239 4609 3380 4666 velit
3391 4612 3626 4668 credere
3638 4625 3836 4682 quam

2171 4699 2512 4766 littoris,hic
2533 4699 2827 4772 exemplar
2843 4700 3121 4768 inveniat,
3139 4699 3291 4772 quod
3325 4699 3542 4772 (tique)
3573 4699 3628 4754 id
3661 4702 3836 4770 quod

2173 4789 2380 4860 quierit
2405 4789 2681 4862 indagare
2709 4787 3034 4860 praevaleat,
3053 4789 3150 4844 ubi
3183 4789 3376 4862 primo
3407 4788 3839 4861 solstitiorum,

2170 4877 2272 4948 qui
2305 4875 2448 4933 illud
2481 4877 2554 4932 ab
2585 4881 2833 4950 utraque
2863 4877 3028 4950 parte
3059 4877 3494 4951 quodammodo
3523 4875 3836 4945 ambiunt,

2172 4965 2414 5022 notandi
2445 4969 2585 5020 sunt
2614 4965 2843 5034 dics,ut
2873 4968 3251 5039 postmodum
3276 4967 3332 5022 id
3365 4964 3600 5036 quodin
3621 4965 3836 5023 medio

2173 5051 2587 5126 aequinoctium
2620 5053 2851 5110 facilius
2892 5056 3214 5129 reperiatur
3257 5050 3576 5124 designatis
3625 5051 3837 5111 utrin-

2173 5159 2286 5215 que
2307 5143 2370 5216 (Γ.
2392 5143 2800 5216 utrorumque)
2829 5143 3138 5200 limitibus.

2749 5277 2998 5352 ,CAPUT
3036 5275 3222 5334 xm.

3760 359 3846 420 ’ω

2171 5375 2614 5452 Dewquinoctiis
2649 5385 2709 5452 et
2751 5375 3022 5452 solstitiis,
3053 5375 3290 5452 qualiter
3334 5375 3501 5430 etiam
3544 5379 3843 5452 corporali
3894 5347 4096 5452 fil-dicati,

421 5433 858 5506 tarumseriem
887 5451 946 5506 et
974 5447 1292 5506 terminum
1324 5433 1687 5520 Paschalem,
1717 5433 1948 5527 aliaque
1977 5471 2064 5512 ar-
2241 5433 2449 5535 ἰηξξιίια
2469 5433 2971 5523 νᾶέρτζϐἧὲηάὶιῆεαν,
2999 5433 3150 5504 ὲίάε
3183 5462 3412 5506 ascensu
3457 5454 3511 5505 et
3557 5433 3845 5511 ἀρέσαιέᾷ

422 5541 703 5631 gumento.
740 5535 1040 5612 perplura,
1069 5536 1278 5631 sed‘et
1323 5537 1542 5613 ﬁguras
1594 5558 1726 5617 quis
1783 5522 2064 5604 dicuntur
2239 5522 2394 5579 δθίίδο
2541 5522 2547 5523 ί

420 5626 707 5707 Gompoti,
741 5643 1087 5690 concurrere
1117 5625 1291 5688 scias.
1616 5615 1635 5617 ἡ
2241 5635 2504 5701 Primum
2535 5637 2732 5714 itaque
2752 5632 3122 5722 cenaculum
3149 5633 3393 5722 gliquud
3413 5633 3624 5702 orienti
3637 5651 3844 5718 oppo-
3881 5615 4089 5756 item;
