  <div class='ocr_page' id='page_1' title='image "/cluster/home/n/w/nwhite01/storage/ocr_20150623/137/hvd.32044054759972/031.png"; bbox 0 0 4166 6172; ppageno 0'>
   <div class='ocr_carea' id='block_1_1' title="bbox 381 293 3793 395">
    <p class='ocr_par' dir='ltr' id='par_1_1' title="bbox 381 293 3793 395">
     <span class='ocr_line' id='line_1_1' title="bbox 381 293 3793 395; baseline 0 0"><span class='ocrx_word' id='word_1_1' title='bbox 381 332 462 395; x_wconf 67' lang='lat'><strong>43</strong></span> <span class='ocrx_word' id='word_1_2' title='bbox 1503 325 1915 392; x_wconf 81' lang='lat' dir='ltr'>HELPERICI</span> <span class='ocrx_word' id='word_1_3' title='bbox 1957 293 2308 388; x_wconf 17' lang='lat' dir='ltr'>MONAC‘HI</span> <span class='ocrx_word' id='word_1_4' title='bbox 2352 326 2416 388; x_wconf 92' lang='lat' dir='ltr'>s.</span> <span class='ocrx_word' id='word_1_5' title='bbox 2457 327 2707 390; x_wconf 83' lang='lat' dir='ltr'>GALLI.</span> <span class='ocrx_word' id='word_1_6' title='bbox 3711 329 3793 395; x_wconf 65' lang='grc' dir='ltr'>μ</span> 
     </span>
    </p>
   </div>
   <div class='ocr_carea' id='block_1_2' title="bbox 387 455 3794 536">
    <p class='ocr_par' dir='ltr' id='par_1_2' title="bbox 387 455 3794 536">
     <span class='ocr_line' id='line_1_2' title="bbox 387 455 3794 536; baseline -0 -14"><span class='ocrx_word' id='word_1_7' title='bbox 387 462 618 522; x_wconf 79' lang='lat' dir='ltr'>noveris</span> <span class='ocrx_word' id='word_1_8' title='bbox 649 462 1064 536; x_wconf 67' lang='lat' dir='ltr'>aequinoctium</span> <span class='ocrx_word' id='word_1_9' title='bbox 1094 461 1348 530; x_wconf 81' lang='lat' dir='ltr'>vernale,</span> <span class='ocrx_word' id='word_1_10' title='bbox 1381 461 1481 534; x_wconf 86' lang='lat' dir='ltr'>qui</span> <span class='ocrx_word' id='word_1_11' title='bbox 1521 461 1646 516; x_wconf 91' lang='lat' dir='ltr'>dies</span> <span class='ocrx_word' id='word_1_12' title='bbox 1677 455 1930 515; x_wconf 89' lang='lat' dir='ltr'>occurrit</span> <span class='ocrx_word' id='word_1_13' title='bbox 1955 471 2036 512; x_wconf 81' lang='lat' dir='ltr'>x11</span> <span class='ocrx_word' id='word_1_14' title='bbox 2059 455 2115 522; x_wconf 79' lang='grc' dir='ltr'><strong>Α</strong></span> <span class='ocrx_word' id='word_1_15' title='bbox 2145 473 2242 512; x_wconf 80' lang='lat' dir='ltr'>xiv</span> <span class='ocrx_word' id='word_1_16' title='bbox 2297 456 2440 514; x_wconf 91' lang='lat' dir='ltr'>luna</span> <span class='ocrx_word' id='word_1_17' title='bbox 2495 457 2800 514; x_wconf 90' lang='lat' dir='ltr'>Dominica</span> <span class='ocrx_word' id='word_1_18' title='bbox 2845 459 2939 516; x_wconf 89' lang='lat' dir='ltr'>die</span> <span class='ocrx_word' id='word_1_19' title='bbox 2996 460 3270 529; x_wconf 82' lang='lat' dir='ltr'>evenerit,</span> <span class='ocrx_word' id='word_1_20' title='bbox 3305 460 3602 518; x_wconf 80' lang='lat' dir='ltr'>Paschalis</span> <span class='ocrx_word' id='word_1_21' title='bbox 3661 464 3794 521; x_wconf 85' lang='lat' dir='ltr'>festi</span> 
     </span>
    </p>
   </div>
   <div class='ocr_carea' id='block_1_3' title="bbox 388 544 2032 626">
    <p class='ocr_par' dir='ltr' id='par_1_3' title="bbox 388 544 2032 626">
     <span class='ocr_line' id='line_1_3' title="bbox 388 544 2032 626; baseline -0.006 -16"><span class='ocrx_word' id='word_1_22' title='bbox 388 552 514 612; x_wconf 86' lang='lat' dir='ltr'>Kal.</span> <span class='ocrx_word' id='word_1_23' title='bbox 537 553 718 626; x_wconf 79' lang='lat' dir='ltr'>April.</span> <span class='ocrx_word' id='word_1_24' title='bbox 743 553 814 608; x_wconf 90' lang='lat' dir='ltr'>Et</span> <span class='ocrx_word' id='word_1_25' title='bbox 841 551 950 608; x_wconf 90' lang='lat' dir='ltr'>hoc</span> <span class='ocrx_word' id='word_1_26' title='bbox 982 551 1048 606; x_wconf 83' lang='lat' dir='ltr'>fit</span> <span class='ocrx_word' id='word_1_27' title='bbox 1073 550 1132 607; x_wconf 90' lang='lat' dir='ltr'>in</span> <span class='ocrx_word' id='word_1_28' title='bbox 1165 567 1411 607; x_wconf 89' lang='lat' dir='ltr'>ascensu</span> <span class='ocrx_word' id='word_1_29' title='bbox 1441 548 1603 606; x_wconf 91' lang='lat' dir='ltr'>solis.</span> <span class='ocrx_word' id='word_1_30' title='bbox 1629 547 1789 614; x_wconf 87' lang='lat' dir='ltr'>Quod</span> <span class='ocrx_word' id='word_1_31' title='bbox 1812 545 1862 602; x_wconf 91' lang='lat' dir='ltr'>si</span> <span class='ocrx_word' id='word_1_32' title='bbox 1892 544 2032 602; x_wconf 89' lang='lat' dir='ltr'>alte-</span> 
     </span>
    </p>
   </div>
   <div class='ocr_carea' id='block_1_4' title="bbox 389 633 2032 714">
    <p class='ocr_par' dir='ltr' id='par_1_4' title="bbox 389 633 2032 714">
     <span class='ocr_line' id='line_1_4' title="bbox 389 633 2032 714; baseline -0.006 -16"><span class='ocrx_word' id='word_1_33' title='bbox 389 661 522 698; x_wconf 91' lang='lat' dir='ltr'>rum</span> <span class='ocrx_word' id='word_1_34' title='bbox 550 641 986 714; x_wconf 87' lang='lat' dir='ltr'>deprehendere</span> <span class='ocrx_word' id='word_1_35' title='bbox 1013 639 1101 695; x_wconf 90' lang='lat' dir='ltr'>vis</span> <span class='ocrx_word' id='word_1_36' title='bbox 1133 637 1542 710; x_wconf 82' lang='lat' dir='ltr'>aequinoctium</span> <span class='ocrx_word' id='word_1_37' title='bbox 1566 633 1926 702; x_wconf 81' lang='lat' dir='ltr'>autumnale,</span> <span class='ocrx_word' id='word_1_38' title='bbox 1951 634 2032 689; x_wconf 88' lang='lat' dir='ltr'>fa-</span> 
     </span>
    </p>
   </div>
   <div class='ocr_carea' id='block_1_5' title="bbox 390 723 2036 798">
    <p class='ocr_par' dir='ltr' id='par_1_5' title="bbox 390 723 2036 798">
     <span class='ocr_line' id='line_1_5' title="bbox 390 723 2036 798; baseline -0.007 -10"><span class='ocrx_word' id='word_1_39' title='bbox 390 732 503 788; x_wconf 91' lang='lat' dir='ltr'>cito</span> <span class='ocrx_word' id='word_1_40' title='bbox 551 729 708 786; x_wconf 90' lang='lat' dir='ltr'>idem</span> <span class='ocrx_word' id='word_1_41' title='bbox 766 729 827 784; x_wconf 91' lang='lat' dir='ltr'>in</span> <span class='ocrx_word' id='word_1_42' title='bbox 879 731 1184 785; x_wconf 83' lang='lat' dir='ltr'>descensu.</span> <span class='ocrx_word' id='word_1_43' title='bbox 1216 726 1362 782; x_wconf 88' lang='lat' dir='ltr'>Vide</span> <span class='ocrx_word' id='word_1_44' title='bbox 1407 725 1565 781; x_wconf 89' lang='lat' dir='ltr'>enim</span> <span class='ocrx_word' id='word_1_45' title='bbox 1615 726 1772 798; x_wconf 79' lang='lat' dir='ltr'>quod</span> <span class='ocrx_word' id='word_1_46' title='bbox 1830 723 2036 778; x_wconf 89' lang='lat' dir='ltr'>diebus</span> 
     </span>
    </p>
   </div>
   <div class='ocr_carea' id='block_1_6' title="bbox 390 811 2032 879">
    <p class='ocr_par' dir='ltr' id='par_1_6' title="bbox 390 811 2032 879">
     <span class='ocr_line' id='line_1_6' title="bbox 390 811 2032 879; baseline -0.006 -3"><span class='ocrx_word' id='word_1_47' title='bbox 390 819 709 876; x_wconf 82' lang='lat' dir='ltr'>descendat</span> <span class='ocrx_word' id='word_1_48' title='bbox 737 817 822 874; x_wconf 91' lang='lat' dir='ltr'>sol</span> <span class='ocrx_word' id='word_1_49' title='bbox 864 817 935 872; x_wconf 92' lang='lat' dir='ltr'>ab</span> <span class='ocrx_word' id='word_1_50' title='bbox 968 815 1163 872; x_wconf 85' lang='lat' dir='ltr'>aestivo</span> <span class='ocrx_word' id='word_1_51' title='bbox 1211 815 1282 870; x_wconf 90' lang='lat' dir='ltr'>ad</span> <span class='ocrx_word' id='word_1_52' title='bbox 1332 813 1646 870; x_wconf 90' lang='lat' dir='ltr'>hibernum</span> <span class='ocrx_word' id='word_1_53' title='bbox 1697 811 2032 879; x_wconf 81' lang='lat' dir='ltr'>solstitium,</span> 
     </span>
    </p>
   </div>
   <div class='ocr_carea' id='block_1_7' title="bbox 391 901 2032 971">
    <p class='ocr_par' dir='ltr' id='par_1_7' title="bbox 391 901 2032 971">
     <span class='ocr_line' id='line_1_7' title="bbox 391 901 2032 971; baseline -0.005 -7"><span class='ocrx_word' id='word_1_54' title='bbox 391 908 451 964; x_wconf 88' lang='lat' dir='ltr'>id</span> <span class='ocrx_word' id='word_1_55' title='bbox 498 911 589 963; x_wconf 90' lang='lat' dir='ltr'>est</span> <span class='ocrx_word' id='word_1_56' title='bbox 633 922 900 971; x_wconf 82' lang='lat' dir='ltr'>cr.xxqu,</span> <span class='ocrx_word' id='word_1_57' title='bbox 933 909 991 960; x_wconf 89' lang='lat' dir='ltr'>et</span> <span class='ocrx_word' id='word_1_58' title='bbox 1033 904 1092 960; x_wconf 94' lang='lat' dir='ltr'>in</span> <span class='ocrx_word' id='word_1_59' title='bbox 1140 905 1351 960; x_wconf 91' lang='lat' dir='ltr'>horum</span> <span class='ocrx_word' id='word_1_60' title='bbox 1403 903 1614 970; x_wconf 89' lang='lat' dir='ltr'>medio,</span> <span class='ocrx_word' id='word_1_61' title='bbox 1656 901 1715 958; x_wconf 91' lang='lat' dir='ltr'>id</span> <span class='ocrx_word' id='word_1_62' title='bbox 1768 905 1856 958; x_wconf 92' lang='lat' dir='ltr'>est</span> <span class='ocrx_word' id='word_1_63' title='bbox 1901 917 2032 968; x_wconf 82' lang='lat' dir='ltr'>xcu,</span> 
     </span>
    </p>
   </div>
   <div class='ocr_carea' id='block_1_8' title="bbox 393 991 2037 1065">
    <p class='ocr_par' dir='ltr' id='par_1_8' title="bbox 393 991 2037 1065">
     <span class='ocr_line' id='line_1_8' title="bbox 393 991 2037 1065; baseline -0.006 -11"><span class='ocrx_word' id='word_1_64' title='bbox 393 993 733 1054; x_wconf 89' lang='lat' dir='ltr'>autumnale</span> <span class='ocrx_word' id='word_1_65' title='bbox 781 993 1198 1065; x_wconf 82' lang='lat' dir='ltr'>aequinoctium</span> <span class='ocrx_word' id='word_1_66' title='bbox 1245 1010 1374 1048; x_wconf 88' lang='lat' dir='ltr'>esse</span> <span class='ocrx_word' id='word_1_67' title='bbox 1406 991 1572 1048; x_wconf 91' lang='lat' dir='ltr'>scito.</span> <span class='ocrx_word' id='word_1_68' title='bbox 1608 992 1661 1047; x_wconf 89' lang='lat' dir='ltr'>Is</span> <span class='ocrx_word' id='word_1_69' title='bbox 1706 995 1796 1047; x_wconf 90' lang='lat' dir='ltr'>est</span> <span class='ocrx_word' id='word_1_70' title='bbox 1842 994 2037 1046; x_wconf 86' lang='lat' dir='ltr'>autem</span> 
     </span>
    </p>
   </div>
   <div class='ocr_carea' id='block_1_9' title="bbox 393 1075 2041 1155">
    <p class='ocr_par' dir='ltr' id='par_1_9' title="bbox 393 1075 2041 1155">
     <span class='ocr_line' id='line_1_9' title="bbox 393 1075 2041 1155; baseline -0.006 -15"><span class='ocrx_word' id='word_1_71' title='bbox 393 1084 517 1140; x_wconf 89' lang='lat' dir='ltr'>dies</span> <span class='ocrx_word' id='word_1_72' title='bbox 565 1082 666 1155; x_wconf 86' lang='lat' dir='ltr'>qui</span> <span class='ocrx_word' id='word_1_73' title='bbox 715 1075 929 1138; x_wconf 79' lang='lat' dir='ltr'>dicitur</span> <span class='ocrx_word' id='word_1_74' title='bbox 979 1099 1059 1136; x_wconf 84' lang='lat' dir='ltr'>xu</span> <span class='ocrx_word' id='word_1_75' title='bbox 1110 1079 1232 1136; x_wconf 90' lang='lat' dir='ltr'>Kal.</span> <span class='ocrx_word' id='word_1_76' title='bbox 1271 1080 1470 1136; x_wconf 87' lang='lat' dir='ltr'>Octob.</span> <span class='ocrx_word' id='word_1_77' title='bbox 1503 1079 1910 1136; x_wconf 87' lang='lat' dir='ltr'>Certissimum</span> <span class='ocrx_word' id='word_1_78' title='bbox 1951 1080 2041 1133; x_wconf 91' lang='lat' dir='ltr'>est</span> 
     </span>
    </p>
   </div>
   <div class='ocr_carea' id='block_1_10' title="bbox 394 1165 2039 1243">
    <p class='ocr_par' dir='ltr' id='par_1_10' title="bbox 394 1165 2039 1243">
     <span class='ocr_line' id='line_1_10' title="bbox 394 1165 2039 1243; baseline -0.004 -16"><span class='ocrx_word' id='word_1_79' title='bbox 394 1171 550 1228; x_wconf 90' lang='lat' dir='ltr'>enim</span> <span class='ocrx_word' id='word_1_80' title='bbox 582 1170 722 1243; x_wconf 91' lang='lat' dir='ltr'>quia</span> <span class='ocrx_word' id='word_1_81' title='bbox 751 1174 1039 1242; x_wconf 90' lang='lat' dir='ltr'>quantum</span> <span class='ocrx_word' id='word_1_82' title='bbox 1081 1168 1143 1224; x_wconf 91' lang='lat' dir='ltr'>in</span> <span class='ocrx_word' id='word_1_83' title='bbox 1174 1185 1420 1225; x_wconf 89' lang='lat' dir='ltr'>ascensu</span> <span class='ocrx_word' id='word_1_84' title='bbox 1469 1168 1608 1224; x_wconf 88' lang='lat' dir='ltr'>solis</span> <span class='ocrx_word' id='word_1_85' title='bbox 1641 1167 1712 1224; x_wconf 90' lang='lat' dir='ltr'>ab</span> <span class='ocrx_word' id='word_1_86' title='bbox 1743 1171 1941 1224; x_wconf 89' lang='lat' dir='ltr'>austro</span> <span class='ocrx_word' id='word_1_87' title='bbox 1967 1165 2039 1221; x_wconf 92' lang='lat' dir='ltr'>ad</span> 
     </span>
    </p>
   </div>
   <div class='ocr_carea' id='block_1_11' title="bbox 398 1255 2038 1332">
    <p class='ocr_par' dir='ltr' id='par_1_11' title="bbox 398 1255 2038 1332">
     <span class='ocr_line' id='line_1_11' title="bbox 398 1255 2038 1332; baseline -0.004 -16"><span class='ocrx_word' id='word_1_88' title='bbox 398 1259 851 1332; x_wconf 86' lang='lat' dir='ltr'>septentrionem</span> <span class='ocrx_word' id='word_1_89' title='bbox 883 1275 994 1314; x_wconf 86' lang='lat' dir='ltr'>nox</span> <span class='ocrx_word' id='word_1_90' title='bbox 1033 1256 1361 1314; x_wconf 88' lang='lat' dir='ltr'>minoratur</span> <span class='ocrx_word' id='word_1_91' title='bbox 1402 1260 1459 1312; x_wconf 91' lang='lat' dir='ltr'>et</span> <span class='ocrx_word' id='word_1_92' title='bbox 1497 1256 1619 1312; x_wconf 88' lang='lat' dir='ltr'>dies</span> <span class='ocrx_word' id='word_1_93' title='bbox 1652 1255 1878 1324; x_wconf 90' lang='lat' dir='ltr'>crescit,</span> <span class='ocrx_word' id='word_1_94' title='bbox 1910 1259 2038 1310; x_wconf 88' lang='lat' dir='ltr'>tan-</span> 
     </span>
    </p>
   </div>
   <div class='ocr_carea' id='block_1_12' title="bbox 398 1343 2041 1420">
    <p class='ocr_par' dir='ltr' id='par_1_12' title="bbox 398 1343 2041 1420">
     <span class='ocr_line' id='line_1_12' title="bbox 398 1343 2041 1420; baseline -0.004 -17"><span class='ocrx_word' id='word_1_95' title='bbox 398 1349 661 1404; x_wconf 90' lang='lat' dir='ltr'>tumdem</span> <span class='ocrx_word' id='word_1_96' title='bbox 686 1363 788 1420; x_wconf 88' lang='lat' dir='ltr'>per</span> <span class='ocrx_word' id='word_1_97' title='bbox 808 1347 1072 1419; x_wconf 88' lang='lat' dir='ltr'>singulos</span> <span class='ocrx_word' id='word_1_98' title='bbox 1093 1345 1216 1402; x_wconf 90' lang='lat' dir='ltr'>dies</span> <span class='ocrx_word' id='word_1_99' title='bbox 1239 1347 1298 1402; x_wconf 90' lang='lat' dir='ltr'>in</span> <span class='ocrx_word' id='word_1_100' title='bbox 1322 1347 1451 1416; x_wconf 89' lang='lat' dir='ltr'>ejus</span> <span class='ocrx_word' id='word_1_101' title='bbox 1471 1346 1756 1402; x_wconf 88' lang='lat' dir='ltr'>descensu</span> <span class='ocrx_word' id='word_1_102' title='bbox 1789 1345 1860 1400; x_wconf 88' lang='lat' dir='ltr'>ab</span> <span class='ocrx_word' id='word_1_103' title='bbox 1883 1343 2041 1416; x_wconf 87' lang='lat' dir='ltr'>aqui-</span> 
     </span>
    </p>
   </div>
   <div class='ocr_carea' id='block_1_13' title="bbox 399 1433 2040 1492">
    <p class='ocr_par' dir='ltr' id='par_1_13' title="bbox 399 1433 2040 1492">
     <span class='ocr_line' id='line_1_13' title="bbox 399 1433 2040 1492; baseline -0.002 -2"><span class='ocrx_word' id='word_1_104' title='bbox 399 1437 533 1492; x_wconf 92' lang='lat' dir='ltr'>lone</span> <span class='ocrx_word' id='word_1_105' title='bbox 563 1436 632 1491; x_wconf 91' lang='lat' dir='ltr'>ad</span> <span class='ocrx_word' id='word_1_106' title='bbox 667 1440 935 1491; x_wconf 76' lang='lat' dir='ltr'>austrum</span> <span class='ocrx_word' id='word_1_107' title='bbox 965 1452 996 1491; x_wconf 93' lang='lat' dir='ltr'>e</span> <span class='ocrx_word' id='word_1_108' title='bbox 1027 1439 1229 1491; x_wconf 91' lang='lat' dir='ltr'>contra</span> <span class='ocrx_word' id='word_1_109' title='bbox 1259 1435 1385 1490; x_wconf 79' lang='lat' dir='ltr'>dies</span> <span class='ocrx_word' id='word_1_110' title='bbox 1415 1433 1702 1489; x_wconf 83' lang='lat' dir='ltr'>minuitur</span> <span class='ocrx_word' id='word_1_111' title='bbox 1720 1437 1776 1488; x_wconf 91' lang='lat' dir='ltr'>et</span> <span class='ocrx_word' id='word_1_112' title='bbox 1805 1448 1918 1488; x_wconf 87' lang='lat' dir='ltr'>nox</span> <span class='ocrx_word' id='word_1_113' title='bbox 1939 1448 2040 1487; x_wconf 89' lang='lat' dir='ltr'>au-</span> 
     </span>
    </p>
   </div>
   <div class='ocr_carea' id='block_1_14' title="bbox 401 1521 2044 1600">
    <p class='ocr_par' dir='ltr' id='par_1_14' title="bbox 401 1521 2044 1600">
     <span class='ocr_line' id='line_1_14' title="bbox 401 1521 2044 1600; baseline -0.003 -18"><span class='ocrx_word' id='word_1_114' title='bbox 401 1530 590 1600; x_wconf 86' lang='lat' dir='ltr'>getur.</span> <span class='ocrx_word' id='word_1_115' title='bbox 643 1523 744 1580; x_wconf 87' lang='lat' dir='ltr'>Sin</span> <span class='ocrx_word' id='word_1_116' title='bbox 800 1540 934 1580; x_wconf 89' lang='lat' dir='ltr'>vero</span> <span class='ocrx_word' id='word_1_117' title='bbox 993 1524 1102 1580; x_wconf 92' lang='lat' dir='ltr'>hoc</span> <span class='ocrx_word' id='word_1_118' title='bbox 1157 1523 1332 1578; x_wconf 89' lang='lat' dir='ltr'>etiam</span> <span class='ocrx_word' id='word_1_119' title='bbox 1379 1523 1566 1578; x_wconf 92' lang='lat' dir='ltr'>oculis</span> <span class='ocrx_word' id='word_1_120' title='bbox 1615 1521 2044 1594; x_wconf 81' lang='lat' dir='ltr'>deprehendere</span> 
     </span>
    </p>
   </div>
   <div class='ocr_carea' id='block_1_15' title="bbox 400 1609 2040 1687">
    <p class='ocr_par' dir='ltr' id='par_1_15' title="bbox 400 1609 2040 1687">
     <span class='ocr_line' id='line_1_15' title="bbox 400 1609 2040 1687; baseline -0.004 -17"><span class='ocrx_word' id='word_1_121' title='bbox 400 1615 601 1687; x_wconf 87' lang='lat' dir='ltr'>gestis,</span> <span class='ocrx_word' id='word_1_122' title='bbox 627 1611 902 1685; x_wconf 79' lang='lat' dir='ltr'>perfacile</span> <span class='ocrx_word' id='word_1_123' title='bbox 931 1612 1152 1668; x_wconf 90' lang='lat' dir='ltr'>factum</span> <span class='ocrx_word' id='word_1_124' title='bbox 1183 1617 1290 1668; x_wconf 89' lang='lat' dir='ltr'>est.</span> <span class='ocrx_word' id='word_1_125' title='bbox 1315 1609 1646 1684; x_wconf 87' lang='lat' dir='ltr'>Designatis</span> <span class='ocrx_word' id='word_1_126' title='bbox 1667 1609 1845 1678; x_wconf 90' lang='lat' dir='ltr'>enim,</span> <span class='ocrx_word' id='word_1_127' title='bbox 1869 1614 1935 1665; x_wconf 91' lang='lat' dir='ltr'>ut</span> <span class='ocrx_word' id='word_1_128' title='bbox 1952 1609 2040 1665; x_wconf 85' lang='lat' dir='ltr'>di-</span> 
     </span>
    </p>
   </div>
   <div class='ocr_carea' id='block_1_16' title="bbox 399 1695 2044 1774">
    <p class='ocr_par' dir='ltr' id='par_1_16' title="bbox 399 1695 2044 1774">
     <span class='ocr_line' id='line_1_16' title="bbox 399 1695 2044 1774; baseline -0.004 -16"><span class='ocrx_word' id='word_1_129' title='bbox 399 1707 559 1758; x_wconf 87' lang='lat' dir='ltr'>ctum</span> <span class='ocrx_word' id='word_1_130' title='bbox 605 1706 695 1758; x_wconf 91' lang='lat' dir='ltr'>est</span> <span class='ocrx_word' id='word_1_131' title='bbox 742 1719 940 1774; x_wconf 83' lang='lat' dir='ltr'>supra,</span> <span class='ocrx_word' id='word_1_132' title='bbox 974 1699 1208 1773; x_wconf 89' lang='lat' dir='ltr'>punctis</span> <span class='ocrx_word' id='word_1_133' title='bbox 1257 1699 1317 1756; x_wconf 90' lang='lat' dir='ltr'>in</span> <span class='ocrx_word' id='word_1_134' title='bbox 1371 1699 1590 1772; x_wconf 86' lang='lat' dir='ltr'>pariete</span> <span class='ocrx_word' id='word_1_135' title='bbox 1619 1695 1900 1755; x_wconf 75' lang='lat' dir='ltr'>cmnaculi</span> <span class='ocrx_word' id='word_1_136' title='bbox 1941 1714 2044 1770; x_wconf 90' lang='lat' dir='ltr'>per</span> 
     </span>
    </p>
   </div>
   <div class='ocr_carea' id='block_1_17' title="bbox 397 1785 2041 1864">
    <p class='ocr_par' dir='ltr' id='par_1_17' title="bbox 397 1785 2041 1864">
     <span class='ocr_line' id='line_1_17' title="bbox 397 1785 2041 1864; baseline -0.003 -17"><span class='ocrx_word' id='word_1_137' title='bbox 397 1790 662 1864; x_wconf 87' lang='lat' dir='ltr'>singulos</span> <span class='ocrx_word' id='word_1_138' title='bbox 683 1789 980 1846; x_wconf 89' lang='lat' dir='ltr'>radiorum</span> <span class='ocrx_word' id='word_1_139' title='bbox 1005 1789 1176 1858; x_wconf 89' lang='lat' dir='ltr'>ictus,</span> <span class='ocrx_word' id='word_1_140' title='bbox 1205 1789 1306 1861; x_wconf 91' lang='lat' dir='ltr'>qui</span> <span class='ocrx_word' id='word_1_141' title='bbox 1329 1789 1480 1844; x_wconf 80' lang='lat' dir='ltr'>fiunt</span> <span class='ocrx_word' id='word_1_142' title='bbox 1503 1787 1564 1842; x_wconf 91' lang='lat' dir='ltr'>in</span> <span class='ocrx_word' id='word_1_143' title='bbox 1586 1787 1806 1844; x_wconf 89' lang='lat' dir='ltr'>oriente</span> <span class='ocrx_word' id='word_1_144' title='bbox 1827 1785 1948 1844; x_wconf 91' lang='lat' dir='ltr'>sole</span> <span class='ocrx_word' id='word_1_145' title='bbox 1968 1786 2041 1843; x_wconf 91' lang='lat' dir='ltr'>ab</span> 
     </span>
    </p>
   </div>
   <div class='ocr_carea' id='block_1_18' title="bbox 396 1875 2043 1949">
    <p class='ocr_par' dir='ltr' id='par_1_18' title="bbox 396 1875 2043 1949">
     <span class='ocr_line' id='line_1_18' title="bbox 396 1875 2043 1949; baseline -0.004 -13"><span class='ocrx_word' id='word_1_146' title='bbox 396 1897 512 1936; x_wconf 91' lang='lat' dir='ltr'>uno</span> <span class='ocrx_word' id='word_1_147' title='bbox 531 1881 604 1936; x_wconf 91' lang='lat' dir='ltr'>ad</span> <span class='ocrx_word' id='word_1_148' title='bbox 627 1878 874 1936; x_wconf 90' lang='lat' dir='ltr'>alterum</span> <span class='ocrx_word' id='word_1_149' title='bbox 904 1876 1482 1946; x_wconf 88' lang='lat' dir='ltr'>solstitium,videbis</span> <span class='ocrx_word' id='word_1_150' title='bbox 1501 1876 1562 1932; x_wconf 91' lang='lat' dir='ltr'>in</span> <span class='ocrx_word' id='word_1_151' title='bbox 1583 1881 1832 1949; x_wconf 89' lang='lat' dir='ltr'>utroque</span> <span class='ocrx_word' id='word_1_152' title='bbox 1863 1875 2043 1948; x_wconf 54' lang='lat' dir='ltr'>aequi-</span> 
     </span>
    </p>
   </div>
   <div class='ocr_carea' id='block_1_19' title="bbox 396 1963 2041 2038">
    <p class='ocr_par' dir='ltr' id='par_1_19' title="bbox 396 1963 2041 2038">
     <span class='ocr_line' id='line_1_19' title="bbox 396 1963 2041 2038; baseline -0.003 -14"><span class='ocrx_word' id='word_1_153' title='bbox 396 1968 589 2024; x_wconf 87' lang='lat' dir='ltr'>noctio</span> <span class='ocrx_word' id='word_1_154' title='bbox 620 1966 883 2023; x_wconf 89' lang='lat' dir='ltr'>medium</span> <span class='ocrx_word' id='word_1_155' title='bbox 910 1965 1175 2038; x_wconf 87' lang='lat' dir='ltr'>ipsorum</span> <span class='ocrx_word' id='word_1_156' title='bbox 1201 1969 1554 2038; x_wconf 89' lang='lat' dir='ltr'>punctorum</span> <span class='ocrx_word' id='word_1_157' title='bbox 1576 1965 1870 2037; x_wconf 84' lang='lat' dir='ltr'>surgentis</span> <span class='ocrx_word' id='word_1_158' title='bbox 1901 1963 2041 2020; x_wconf 91' lang='lat' dir='ltr'>solis</span> 
     </span>
    </p>
   </div>
   <div class='ocr_carea' id='block_1_20' title="bbox 399 2053 2042 2128">
    <p class='ocr_par' dir='ltr' id='par_1_20' title="bbox 399 2053 2042 2128">
     <span class='ocr_line' id='line_1_20' title="bbox 399 2053 2042 2128; baseline -0.003 -16"><span class='ocrx_word' id='word_1_159' title='bbox 399 2056 562 2112; x_wconf 86' lang='lat' dir='ltr'>radio</span> <span class='ocrx_word' id='word_1_160' title='bbox 590 2055 730 2128; x_wconf 90' lang='lat' dir='ltr'>peti.</span> <span class='ocrx_word' id='word_1_161' title='bbox 760 2053 891 2111; x_wconf 69' lang='lat' dir='ltr'>Haac</span> <span class='ocrx_word' id='word_1_162' title='bbox 923 2054 994 2110; x_wconf 93' lang='lat' dir='ltr'>de</span> <span class='ocrx_word' id='word_1_163' title='bbox 1026 2053 1412 2110; x_wconf 88' lang='lat' dir='ltr'>solstitiorum</span> <span class='ocrx_word' id='word_1_164' title='bbox 1445 2053 2042 2126; x_wconf 62' lang='lat' dir='ltr'>equinoctiorumque</span> 
     </span>
    </p>
   </div>
   <div class='ocr_carea' id='block_1_21' title="bbox 394 2140 2042 2217">
    <p class='ocr_par' dir='ltr' id='par_1_21' title="bbox 394 2140 2042 2217">
     <span class='ocr_line' id='line_1_21' title="bbox 394 2140 2042 2217; baseline -0.004 -17"><span class='ocrx_word' id='word_1_165' title='bbox 394 2143 670 2217; x_wconf 86' lang='lat' dir='ltr'>indagine</span> <span class='ocrx_word' id='word_1_166' title='bbox 697 2142 896 2217; x_wconf 89' lang='lat' dir='ltr'>inepta</span> <span class='ocrx_word' id='word_1_167' title='bbox 915 2141 1255 2216; x_wconf 86' lang='lat' dir='ltr'>garrulitate</span> <span class='ocrx_word' id='word_1_168' title='bbox 1276 2141 1576 2198; x_wconf 89' lang='lat' dir='ltr'>verbosius</span> <span class='ocrx_word' id='word_1_169' title='bbox 1596 2141 1752 2198; x_wconf 88' lang='lat' dir='ltr'>dicta</span> <span class='ocrx_word' id='word_1_170' title='bbox 1779 2140 2042 2196; x_wconf 84' lang='lat' dir='ltr'>tardiori-</span> 
     </span>
    </p>
   </div>
   <div class='ocr_carea' id='block_1_22' title="bbox 394 2228 2038 2305">
    <p class='ocr_par' dir='ltr' id='par_1_22' title="bbox 394 2228 2038 2305">
     <span class='ocr_line' id='line_1_22' title="bbox 394 2228 2038 2305; baseline -0.002 -17"><span class='ocrx_word' id='word_1_171' title='bbox 394 2233 526 2302; x_wconf 87' lang='lat' dir='ltr'>bus,</span> <span class='ocrx_word' id='word_1_172' title='bbox 559 2249 776 2305; x_wconf 81' lang='lat' dir='ltr'>quaeso,</span> <span class='ocrx_word' id='word_1_173' title='bbox 809 2248 882 2288; x_wconf 90' lang='lat' dir='ltr'>ne</span> <span class='ocrx_word' id='word_1_174' title='bbox 931 2231 1164 2288; x_wconf 90' lang='lat' dir='ltr'>fastidio</span> <span class='ocrx_word' id='word_1_175' title='bbox 1209 2231 1328 2286; x_wconf 89' lang='lat' dir='ltr'>sint</span> <span class='ocrx_word' id='word_1_176' title='bbox 1379 2230 1772 2302; x_wconf 88' lang='lat' dir='ltr'>peritioribus.</span> <span class='ocrx_word' id='word_1_177' title='bbox 1805 2228 1934 2286; x_wconf 89' lang='lat' dir='ltr'>Jam</span> <span class='ocrx_word' id='word_1_178' title='bbox 1967 2229 2038 2284; x_wconf 92' lang='lat' dir='ltr'>de</span> 
     </span>
    </p>
   </div>
   <div class='ocr_carea' id='block_1_23' title="bbox 392 2318 2039 2394">
    <p class='ocr_par' dir='ltr' id='par_1_23' title="bbox 392 2318 2039 2394">
     <span class='ocr_line' id='line_1_23' title="bbox 392 2318 2039 2394; baseline -0.002 -18"><span class='ocrx_word' id='word_1_179' title='bbox 392 2319 642 2377; x_wconf 86' lang='lat' dir='ltr'>termino</span> <span class='ocrx_word' id='word_1_180' title='bbox 673 2319 960 2389; x_wconf 90' lang='lat' dir='ltr'>Paschali,</span> <span class='ocrx_word' id='word_1_181' title='bbox 993 2319 1244 2394; x_wconf 86' lang='lat' dir='ltr'>qualiter</span> <span class='ocrx_word' id='word_1_182' title='bbox 1271 2319 1619 2388; x_wconf 88' lang='lat' dir='ltr'>inveniatur,</span> <span class='ocrx_word' id='word_1_183' title='bbox 1641 2318 1844 2392; x_wconf 85' lang='lat' dir='ltr'>paucis</span> <span class='ocrx_word' id='word_1_184' title='bbox 1873 2332 2039 2390; x_wconf 82' lang='lat' dir='ltr'>expe-</span> 
     </span>
    </p>
   </div>
   <div class='ocr_carea' id='block_1_24' title="bbox 392 2409 646 2466">
    <p class='ocr_par' dir='ltr' id='par_1_24' title="bbox 392 2409 646 2466">
     <span class='ocr_line' id='line_1_24' title="bbox 392 2409 646 2466; baseline -0.012 0"><span class='ocrx_word' id='word_1_185' title='bbox 392 2409 646 2466; x_wconf 89' lang='lat' dir='ltr'>diamus.</span> 
     </span>
    </p>
   </div>
   <div class='ocr_carea' id='block_1_25' title="bbox 976 2506 1442 2564">
    <p class='ocr_par' dir='ltr' id='par_1_25' title="bbox 976 2506 1442 2564">
     <span class='ocr_line' id='line_1_25' title="bbox 976 2506 1442 2564; baseline 0.002 -1"><span class='ocrx_word' id='word_1_186' title='bbox 976 2506 1210 2564; x_wconf 81' lang='lat' dir='ltr'>CAPUT</span> <span class='ocrx_word' id='word_1_187' title='bbox 1246 2506 1442 2564; x_wconf 83' lang='lat' dir='ltr'><strong>XXXII</strong></span> 
     </span>
    </p>
   </div>
   <div class='ocr_carea' id='block_1_26' title="bbox 389 2596 2032 2668">
    <p class='ocr_par' dir='ltr' id='par_1_26' title="bbox 389 2596 2032 2668">
     <span class='ocr_line' id='line_1_26' title="bbox 389 2596 2032 2668; baseline -0.003 -12"><span class='ocrx_word' id='word_1_188' title='bbox 389 2597 674 2668; x_wconf 73' lang='lat' dir='ltr'>Repetitio</span> <span class='ocrx_word' id='word_1_189' title='bbox 701 2597 772 2652; x_wconf 83' lang='lat' dir='ltr'>de</span> <span class='ocrx_word' id='word_1_190' title='bbox 801 2597 1053 2652; x_wconf 90' lang='lat' dir='ltr'>termino</span> <span class='ocrx_word' id='word_1_191' title='bbox 1103 2597 1393 2661; x_wconf 71' lang='lat' dir='ltr'>Paschali,</span> <span class='ocrx_word' id='word_1_192' title='bbox 1422 2605 1478 2652; x_wconf 88' lang='lat' dir='ltr'>et</span> <span class='ocrx_word' id='word_1_193' title='bbox 1519 2611 1625 2652; x_wconf 86' lang='lat' dir='ltr'>cur</span> <span class='ocrx_word' id='word_1_194' title='bbox 1652 2596 2032 2668; x_wconf 64' lang='lat' dir='ltr'>ipsafestivi-</span> 
     </span>
    </p>
   </div>
   <div class='ocr_carea' id='block_1_27' title="bbox 603 2665 1820 2726">
    <p class='ocr_par' dir='ltr' id='par_1_27' title="bbox 603 2665 1820 2726">
     <span class='ocr_line' id='line_1_27' title="bbox 603 2665 1820 2726; baseline -0.002 -2"><span class='ocrx_word' id='word_1_195' title='bbox 603 2677 694 2725; x_wconf 75' lang='lat' dir='ltr'>tas</span> <span class='ocrx_word' id='word_1_196' title='bbox 721 2684 835 2726; x_wconf 89' lang='lat' dir='ltr'>non</span> <span class='ocrx_word' id='word_1_197' title='bbox 861 2669 978 2724; x_wconf 71' lang='lat' dir='ltr'>nisi</span> <span class='ocrx_word' id='word_1_198' title='bbox 1005 2668 1308 2724; x_wconf 84' lang='lat' dir='ltr'>Dominica</span> <span class='ocrx_word' id='word_1_199' title='bbox 1335 2668 1430 2724; x_wconf 83' lang='lat' dir='ltr'>die</span> <span class='ocrx_word' id='word_1_200' title='bbox 1457 2665 1820 2724; x_wconf 76' lang='lat' dir='ltr'>celebretur?</span> 
     </span>
    </p>
   </div>
   <div class='ocr_carea' id='block_1_28' title="bbox 462 2764 2027 2838">
    <p class='ocr_par' dir='ltr' id='par_1_28' title="bbox 462 2764 2027 2838">
     <span class='ocr_line' id='line_1_28' title="bbox 462 2764 2027 2838; baseline -0.002 -15"><span class='ocrx_word' id='word_1_201' title='bbox 462 2766 800 2823; x_wconf 90' lang='lat' dir='ltr'>Paschalem</span> <span class='ocrx_word' id='word_1_202' title='bbox 847 2783 989 2823; x_wconf 86' lang='lat' dir='ltr'>sane</span> <span class='ocrx_word' id='word_1_203' title='bbox 1035 2765 1376 2834; x_wconf 87' lang='lat' dir='ltr'>terminum,</span> <span class='ocrx_word' id='word_1_204' title='bbox 1424 2769 1490 2822; x_wconf 89' lang='lat' dir='ltr'>ut</span> <span class='ocrx_word' id='word_1_205' title='bbox 1537 2764 1759 2838; x_wconf 58' lang='lat' dir='ltr'>praefati</span> <span class='ocrx_word' id='word_1_206' title='bbox 1799 2781 2027 2834; x_wconf 89' lang='lat' dir='ltr'>sumus,</span> 
     </span>
    </p>
   </div>
   <div class='ocr_carea' id='block_1_29' title="bbox 388 2853 2032 2927">
    <p class='ocr_par' dir='ltr' id='par_1_29' title="bbox 388 2853 2032 2927">
     <span class='ocr_line' id='line_1_29' title="bbox 388 2853 2032 2927; baseline -0.001 -17"><span class='ocrx_word' id='word_1_207' title='bbox 388 2854 536 2910; x_wconf 92' lang='lat' dir='ltr'>nihil</span> <span class='ocrx_word' id='word_1_208' title='bbox 566 2853 724 2910; x_wconf 90' lang='lat' dir='ltr'>aliud</span> <span class='ocrx_word' id='word_1_209' title='bbox 757 2853 1011 2911; x_wconf 92' lang='lat' dir='ltr'>dicimus</span> <span class='ocrx_word' id='word_1_210' title='bbox 1033 2870 1212 2927; x_wconf 89' lang='lat' dir='ltr'>quam</span> <span class='ocrx_word' id='word_1_211' title='bbox 1242 2853 1444 2910; x_wconf 87' lang='lat' dir='ltr'>lunam</span> <span class='ocrx_word' id='word_1_212' title='bbox 1478 2870 1669 2910; x_wconf 77' lang='lat' dir='ltr'>uvam</span> <span class='ocrx_word' id='word_1_213' title='bbox 1697 2858 1830 2926; x_wconf 90' lang='lat' dir='ltr'>post</span> <span class='ocrx_word' id='word_1_214' title='bbox 1859 2853 2032 2926; x_wconf 74' lang='lat' dir='ltr'>aequi-</span> 
     </span>
    </p>
   </div>
   <div class='ocr_carea' id='block_1_30' title="bbox 383 2941 2032 3016">
    <p class='ocr_par' dir='ltr' id='par_1_30' title="bbox 383 2941 2032 3016">
     <span class='ocr_line' id='line_1_30' title="bbox 383 2941 2032 3016; baseline -0.001 -16"><span class='ocrx_word' id='word_1_215' title='bbox 383 2943 648 3001; x_wconf 92' lang='lat' dir='ltr'>noctium</span> <span class='ocrx_word' id='word_1_216' title='bbox 667 2941 920 3010; x_wconf 85' lang='lat' dir='ltr'>vernale,</span> <span class='ocrx_word' id='word_1_217' title='bbox 946 2943 1182 3014; x_wconf 88' lang='lat' dir='ltr'>quando</span> <span class='ocrx_word' id='word_1_218' title='bbox 1206 2947 1559 3016; x_wconf 62' lang='lat' dir='ltr'>preceptum</span> <span class='ocrx_word' id='word_1_219' title='bbox 1581 2947 1670 2998; x_wconf 91' lang='lat' dir='ltr'>est</span> <span class='ocrx_word' id='word_1_220' title='bbox 1687 2942 1906 3000; x_wconf 69' lang='lat' dir='ltr'>Judaeis</span> <span class='ocrx_word' id='word_1_221' title='bbox 1929 2959 2032 3014; x_wconf 90' lang='lat' dir='ltr'>per</span> 
     </span>
    </p>
   </div>
   <div class='ocr_carea' id='block_1_31' title="bbox 383 3030 2027 3106">
    <p class='ocr_par' dir='ltr' id='par_1_31' title="bbox 383 3030 2027 3106">
     <span class='ocr_line' id='line_1_31' title="bbox 383 3030 2027 3106; baseline -0.002 -17"><span class='ocrx_word' id='word_1_222' title='bbox 383 3031 649 3106; x_wconf 89' lang='lat' dir='ltr'>singulos</span> <span class='ocrx_word' id='word_1_223' title='bbox 681 3048 868 3088; x_wconf 90' lang='lat' dir='ltr'>annos</span> <span class='ocrx_word' id='word_1_224' title='bbox 899 3047 1118 3104; x_wconf 88' lang='lat' dir='ltr'>agnum</span> <span class='ocrx_word' id='word_1_225' title='bbox 1156 3030 1462 3088; x_wconf 87' lang='lat' dir='ltr'>immolare</span> <span class='ocrx_word' id='word_1_226' title='bbox 1507 3032 1579 3088; x_wconf 89' lang='lat' dir='ltr'>ad</span> <span class='ocrx_word' id='word_1_227' title='bbox 1629 3047 1934 3104; x_wconf 89' lang='lat' dir='ltr'>vesperum</span> <span class='ocrx_word' id='word_1_228' title='bbox 1967 3048 2027 3087; x_wconf 82' lang='grc' dir='ltr'>ιιι</span> 
     </span>
    </p>
   </div>
   <div class='ocr_carea' id='block_1_32' title="bbox 383 3119 2026 3193">
    <p class='ocr_par' dir='ltr' id='par_1_32' title="bbox 383 3119 2026 3193">
     <span class='ocr_line' id='line_1_32' title="bbox 383 3119 2026 3193; baseline -0.001 -15"><span class='ocrx_word' id='word_1_229' title='bbox 383 3120 732 3178; x_wconf 87' lang='lat' dir='ltr'>memoriam</span> <span class='ocrx_word' id='word_1_230' title='bbox 761 3119 1123 3176; x_wconf 90' lang='lat' dir='ltr'>liberationis</span> <span class='ocrx_word' id='word_1_231' title='bbox 1153 3120 1506 3193; x_wconf 89' lang='lat' dir='ltr'>egressionis</span> <span class='ocrx_word' id='word_1_232' title='bbox 1537 3137 1655 3176; x_wconf 81' lang='lat' dir='ltr'>suae</span> <span class='ocrx_word' id='word_1_233' title='bbox 1685 3137 1754 3176; x_wconf 87' lang='lat' dir='ltr'>ex</span> <span class='ocrx_word' id='word_1_234' title='bbox 1783 3120 2026 3193; x_wconf 69' lang='lat' dir='ltr'>Egypto</span> 
     </span>
    </p>
   </div>
   <div class='ocr_carea' id='block_1_33' title="bbox 2144 543 3797 624">
    <p class='ocr_par' dir='ltr' id='par_1_33' title="bbox 2144 543 3797 624">
     <span class='ocr_line' id='line_1_33' title="bbox 2144 543 3797 624; baseline 0.005 -24"><span class='ocrx_word' id='word_1_235' title='bbox 2144 543 2406 600; x_wconf 70' lang='lat' dir='ltr'>laetitiam</span> <span class='ocrx_word' id='word_1_236' title='bbox 2439 547 2499 601; x_wconf 91' lang='lat' dir='ltr'>in</span> <span class='ocrx_word' id='word_1_237' title='bbox 2529 545 2707 602; x_wconf 89' lang='lat' dir='ltr'>aliam</span> <span class='ocrx_word' id='word_1_238' title='bbox 2727 546 3093 604; x_wconf 88' lang='lat' dir='ltr'>Dominicam</span> <span class='ocrx_word' id='word_1_239' title='bbox 3117 549 3552 618; x_wconf 88' lang='lat' dir='ltr'>transferimus,</span> <span class='ocrx_word' id='word_1_240' title='bbox 3577 555 3642 606; x_wconf 94' lang='lat' dir='ltr'>ut</span> <span class='ocrx_word' id='word_1_241' title='bbox 3671 552 3797 624; x_wconf 86' lang='lat' dir='ltr'>qui-</span> 
     </span>
    </p>
   </div>
   <div class='ocr_carea' id='block_1_34' title="bbox 2144 633 3792 708">
    <p class='ocr_par' dir='ltr' id='par_1_34' title="bbox 2144 633 3792 708">
     <span class='ocr_line' id='line_1_34' title="bbox 2144 633 3792 708; baseline 0.005 -20"><span class='ocrx_word' id='word_1_242' title='bbox 2144 633 2279 688; x_wconf 91' lang='lat' dir='ltr'>dam</span> <span class='ocrx_word' id='word_1_243' title='bbox 2312 633 2536 702; x_wconf 90' lang='lat' dir='ltr'>dicunt,</span> <span class='ocrx_word' id='word_1_244' title='bbox 2569 653 2640 690; x_wconf 93' lang='lat' dir='ltr'>ne</span> <span class='ocrx_word' id='word_1_245' title='bbox 2672 651 2933 708; x_wconf 90' lang='lat' dir='ltr'>unquam</span> <span class='ocrx_word' id='word_1_246' title='bbox 2966 653 3101 693; x_wconf 90' lang='lat' dir='ltr'>cum</span> <span class='ocrx_word' id='word_1_247' title='bbox 3140 637 3360 694; x_wconf 75' lang='lat' dir='ltr'>Judaeis</span> <span class='ocrx_word' id='word_1_248' title='bbox 3396 638 3619 695; x_wconf 86' lang='lat' dir='ltr'>Pascha</span> <span class='ocrx_word' id='word_1_249' title='bbox 3646 640 3792 697; x_wconf 90' lang='lat' dir='ltr'>cele-</span> 
     </span>
    </p>
   </div>
   <div class='ocr_carea' id='block_1_35' title="bbox 2145 722 3790 801">
    <p class='ocr_par' dir='ltr' id='par_1_35' title="bbox 2145 722 3790 801">
     <span class='ocr_line' id='line_1_35' title="bbox 2145 722 3790 801; baseline 0.005 -23"><span class='ocrx_word' id='word_1_250' title='bbox 2145 722 2405 789; x_wconf 88' lang='lat' dir='ltr'>bremus,</span> <span class='ocrx_word' id='word_1_251' title='bbox 2438 741 2578 780; x_wconf 89' lang='lat' dir='ltr'>neve</span> <span class='ocrx_word' id='word_1_252' title='bbox 2609 741 2745 780; x_wconf 88' lang='lat' dir='ltr'>cum</span> <span class='ocrx_word' id='word_1_253' title='bbox 2785 725 2868 781; x_wconf 91' lang='lat' dir='ltr'>eis</span> <span class='ocrx_word' id='word_1_254' title='bbox 2918 727 3139 782; x_wconf 65' lang='lat' dir='ltr'>umbrae</span> <span class='ocrx_word' id='word_1_255' title='bbox 3189 727 3360 801; x_wconf 85' lang='lat' dir='ltr'>legali</span> <span class='ocrx_word' id='word_1_256' title='bbox 3391 728 3679 786; x_wconf 87' lang='lat' dir='ltr'>deservire</span> <span class='ocrx_word' id='word_1_257' title='bbox 3708 731 3790 786; x_wconf 91' lang='lat' dir='ltr'>vi-</span> 
     </span>
    </p>
   </div>
   <div class='ocr_carea' id='block_1_36' title="bbox 2145 813 3790 892">
    <p class='ocr_par' dir='ltr' id='par_1_36' title="bbox 2145 813 3790 892">
     <span class='ocr_line' id='line_1_36' title="bbox 2145 813 3790 892; baseline 0.005 -25"><span class='ocrx_word' id='word_1_258' title='bbox 2145 813 2406 869; x_wconf 89' lang='lat' dir='ltr'>deamur.</span> <span class='ocrx_word' id='word_1_259' title='bbox 2435 813 2506 870; x_wconf 95' lang='lat' dir='ltr'>Ut</span> <span class='ocrx_word' id='word_1_260' title='bbox 2535 831 2666 870; x_wconf 91' lang='lat' dir='ltr'>vero</span> <span class='ocrx_word' id='word_1_261' title='bbox 2713 815 3072 888; x_wconf 87' lang='lat' dir='ltr'>Theophilus</span> <span class='ocrx_word' id='word_1_262' title='bbox 3109 815 3538 875; x_wconf 84' lang='lat' dir='ltr'>Alexandrinus</span> <span class='ocrx_word' id='word_1_263' title='bbox 3571 819 3790 892; x_wconf 90' lang='lat' dir='ltr'>episco-</span> 
     </span>
    </p>
   </div>
   <div class='ocr_carea' id='block_1_37' title="bbox 2147 901 3794 972">
    <p class='ocr_par' dir='ltr' id='par_1_37' title="bbox 2147 901 3794 972">
     <span class='ocr_line' id='line_1_37' title="bbox 2147 901 3794 972; baseline 0.006 -17"><span class='ocrx_word' id='word_1_264' title='bbox 2147 917 2258 972; x_wconf 89' lang='lat' dir='ltr'>pus</span> <span class='ocrx_word' id='word_1_265' title='bbox 2303 901 2524 970; x_wconf 90' lang='lat' dir='ltr'>scribit,</span> <span class='ocrx_word' id='word_1_266' title='bbox 2557 919 2630 958; x_wconf 92' lang='lat' dir='ltr'>ne</span> <span class='ocrx_word' id='word_1_267' title='bbox 2676 903 2766 960; x_wconf 89' lang='lat' dir='ltr'>vel</span> <span class='ocrx_word' id='word_1_268' title='bbox 2813 920 2915 959; x_wconf 83' lang='lat' dir='ltr'>xui</span> <span class='ocrx_word' id='word_1_269' title='bbox 2965 903 3108 960; x_wconf 90' lang='lat' dir='ltr'>luna</span> <span class='ocrx_word' id='word_1_270' title='bbox 3153 906 3406 962; x_wconf 84' lang='lat' dir='ltr'>Sabbato</span> <span class='ocrx_word' id='word_1_271' title='bbox 3455 913 3794 964; x_wconf 90' lang='lat' dir='ltr'>oecurrente</span> 
     </span>
    </p>
   </div>
   <div class='ocr_carea' id='block_1_38' title="bbox 2147 989 3788 1068">
    <p class='ocr_par' dir='ltr' id='par_1_38' title="bbox 2147 989 3788 1068">
     <span class='ocr_line' id='line_1_38' title="bbox 2147 989 3788 1068; baseline 0.005 -24"><span class='ocrx_word' id='word_1_272' title='bbox 2147 989 2316 1044; x_wconf 79' lang='lat' dir='ltr'>ﬁnire</span> <span class='ocrx_word' id='word_1_273' title='bbox 2344 1007 2624 1064; x_wconf 88' lang='lat' dir='ltr'>cogamur</span> <span class='ocrx_word' id='word_1_274' title='bbox 2657 991 2954 1064; x_wconf 87' lang='lat' dir='ltr'>jejunium</span> <span class='ocrx_word' id='word_1_275' title='bbox 3005 997 3210 1050; x_wconf 89' lang='lat' dir='ltr'>contra</span> <span class='ocrx_word' id='word_1_276' title='bbox 3257 993 3444 1068; x_wconf 89' lang='lat' dir='ltr'>legem</span> <span class='ocrx_word' id='word_1_277' title='bbox 3491 995 3788 1066; x_wconf 87' lang='lat' dir='ltr'>facientes,</span> 
     </span>
    </p>
   </div>
   <div class='ocr_carea' id='block_1_39' title="bbox 2147 1079 3790 1152">
    <p class='ocr_par' dir='ltr' id='par_1_39' title="bbox 2147 1079 3790 1152">
     <span class='ocr_line' id='line_1_39' title="bbox 2147 1079 3790 1152; baseline 0.005 -20"><span class='ocrx_word' id='word_1_278' title='bbox 2147 1093 2283 1133; x_wconf 91' lang='lat' dir='ltr'>cum</span> <span class='ocrx_word' id='word_1_279' title='bbox 2316 1079 2564 1134; x_wconf 88' lang='lat' dir='ltr'>necdum</span> <span class='ocrx_word' id='word_1_280' title='bbox 2595 1079 2737 1136; x_wconf 90' lang='lat' dir='ltr'>luna</span> <span class='ocrx_word' id='word_1_281' title='bbox 2783 1081 3022 1152; x_wconf 90' lang='lat' dir='ltr'>plenum</span> <span class='ocrx_word' id='word_1_282' title='bbox 3070 1081 3313 1138; x_wconf 91' lang='lat' dir='ltr'>luminis</span> <span class='ocrx_word' id='word_1_283' title='bbox 3344 1083 3436 1138; x_wconf 91' lang='lat' dir='ltr'>sui</span> <span class='ocrx_word' id='word_1_284' title='bbox 3465 1084 3666 1140; x_wconf 79' lang='lat' dir='ltr'>orbem</span> <span class='ocrx_word' id='word_1_285' title='bbox 3695 1103 3790 1140; x_wconf 89' lang='lat' dir='ltr'>ex-</span> 
     </span>
    </p>
   </div>
   <div class='ocr_carea' id='block_1_40' title="bbox 2147 1164 3794 1236">
    <p class='ocr_par' dir='ltr' id='par_1_40' title="bbox 2147 1164 3794 1236">
     <span class='ocr_line' id='line_1_40' title="bbox 2147 1164 3794 1236; baseline 0.005 -14"><span class='ocrx_word' id='word_1_286' title='bbox 2147 1164 2365 1236; x_wconf 88' lang='lat' dir='ltr'>hibeat,</span> <span class='ocrx_word' id='word_1_287' title='bbox 2398 1167 2485 1224; x_wconf 89' lang='lat' dir='ltr'>vel</span> <span class='ocrx_word' id='word_1_288' title='bbox 2529 1185 2602 1224; x_wconf 92' lang='lat' dir='ltr'>ne</span> <span class='ocrx_word' id='word_1_289' title='bbox 2629 1167 2688 1224; x_wconf 90' lang='lat' dir='ltr'>in</span> <span class='ocrx_word' id='word_1_290' title='bbox 2727 1169 3030 1226; x_wconf 90' lang='lat' dir='ltr'>Dominico</span> <span class='ocrx_word' id='word_1_291' title='bbox 3061 1169 3153 1227; x_wconf 91' lang='lat' dir='ltr'>die</span> <span class='ocrx_word' id='word_1_292' title='bbox 3182 1189 3278 1228; x_wconf 79' lang='lat' dir='ltr'>xiv</span> <span class='ocrx_word' id='word_1_293' title='bbox 3324 1171 3466 1228; x_wconf 91' lang='lat' dir='ltr'>luna</span> <span class='ocrx_word' id='word_1_294' title='bbox 3512 1173 3794 1230; x_wconf 79' lang='lat' dir='ltr'>existente</span> 
     </span>
    </p>
   </div>
   <div class='ocr_carea' id='block_1_41' title="bbox 2151 1255 3793 1334">
    <p class='ocr_par' dir='ltr' id='par_1_41' title="bbox 2151 1255 3793 1334">
     <span class='ocr_line' id='line_1_41' title="bbox 2151 1255 3793 1334; baseline 0.004 -24"><span class='ocrx_word' id='word_1_295' title='bbox 2151 1255 2492 1312; x_wconf 88' lang='lat' dir='ltr'>auctoritate</span> <span class='ocrx_word' id='word_1_296' title='bbox 2518 1256 2683 1331; x_wconf 89' lang='lat' dir='ltr'>legis,</span> <span class='ocrx_word' id='word_1_297' title='bbox 2715 1274 2843 1330; x_wconf 69' lang='lat' dir='ltr'>quae</span> <span class='ocrx_word' id='word_1_298' title='bbox 2873 1257 2982 1314; x_wconf 91' lang='lat' dir='ltr'>hac</span> <span class='ocrx_word' id='word_1_299' title='bbox 3011 1258 3104 1314; x_wconf 89' lang='lat' dir='ltr'>die</span> <span class='ocrx_word' id='word_1_300' title='bbox 3133 1277 3352 1333; x_wconf 91' lang='lat' dir='ltr'>agnum</span> <span class='ocrx_word' id='word_1_301' title='bbox 3381 1263 3455 1316; x_wconf 90' lang='lat' dir='ltr'>ad</span> <span class='ocrx_word' id='word_1_302' title='bbox 3485 1279 3793 1334; x_wconf 90' lang='lat' dir='ltr'>vesperum</span> 
     </span>
    </p>
   </div>
   <div class='ocr_carea' id='block_1_42' title="bbox 2150 1343 3794 1421">
    <p class='ocr_par' dir='ltr' id='par_1_42' title="bbox 2150 1343 3794 1421">
     <span class='ocr_line' id='line_1_42' title="bbox 2150 1343 3794 1421; baseline 0.004 -22"><span class='ocrx_word' id='word_1_303' title='bbox 2150 1343 2454 1400; x_wconf 88' lang='lat' dir='ltr'>immolare</span> <span class='ocrx_word' id='word_1_304' title='bbox 2475 1347 2666 1418; x_wconf 87' lang='lat' dir='ltr'>jubet,</span> <span class='ocrx_word' id='word_1_305' title='bbox 2687 1347 2958 1420; x_wconf 85' lang='lat' dir='ltr'>jejunare</span> <span class='ocrx_word' id='word_1_306' title='bbox 2987 1364 3268 1421; x_wconf 87' lang='lat' dir='ltr'>cogamur</span> <span class='ocrx_word' id='word_1_307' title='bbox 3297 1355 3497 1407; x_wconf 88' lang='lat' dir='ltr'>contra</span> <span class='ocrx_word' id='word_1_308' title='bbox 3525 1351 3794 1406; x_wconf 59' lang='lat' dir='ltr'>Ecclesia:</span> 
     </span>
    </p>
   </div>
   <div class='ocr_carea' id='block_1_43' title="bbox 2149 1433 3796 1512">
    <p class='ocr_par' dir='ltr' id='par_1_43' title="bbox 2149 1433 3796 1512">
     <span class='ocr_line' id='line_1_43' title="bbox 2149 1433 3796 1512; baseline 0.005 -24"><span class='ocrx_word' id='word_1_309' title='bbox 2149 1433 2427 1490; x_wconf 86' lang='lat' dir='ltr'>facientes</span> <span class='ocrx_word' id='word_1_310' title='bbox 2472 1435 2866 1503; x_wconf 90' lang='lat' dir='ltr'>traditionem,</span> <span class='ocrx_word' id='word_1_311' title='bbox 2891 1439 3216 1494; x_wconf 90' lang='lat' dir='ltr'>secundum</span> <span class='ocrx_word' id='word_1_312' title='bbox 3267 1455 3445 1512; x_wconf 89' lang='lat' dir='ltr'>quam</span> <span class='ocrx_word' id='word_1_313' title='bbox 3489 1439 3796 1496; x_wconf 90' lang='lat' dir='ltr'>Dominica</span> 
     </span>
    </p>
   </div>
   <div class='ocr_carea' id='block_1_44' title="bbox 2150 1520 3794 1602">
    <p class='ocr_par' dir='ltr' id='par_1_44' title="bbox 2150 1520 3794 1602">
     <span class='ocr_line' id='line_1_44' title="bbox 2150 1520 3794 1602; baseline 0.005 -24"><span class='ocrx_word' id='word_1_314' title='bbox 2150 1520 2244 1578; x_wconf 91' lang='lat' dir='ltr'>die</span> <span class='ocrx_word' id='word_1_315' title='bbox 2259 1522 2532 1593; x_wconf 87' lang='lat' dir='ltr'>jejunare</span> <span class='ocrx_word' id='word_1_316' title='bbox 2561 1523 2648 1579; x_wconf 88' lang='lat' dir='ltr'>fas</span> <span class='ocrx_word' id='word_1_317' title='bbox 2667 1539 2782 1580; x_wconf 89' lang='lat' dir='ltr'>non</span> <span class='ocrx_word' id='word_1_318' title='bbox 2804 1531 2911 1580; x_wconf 90' lang='lat' dir='ltr'>est.</span> <span class='ocrx_word' id='word_1_319' title='bbox 2935 1524 3020 1581; x_wconf 93' lang='lat' dir='ltr'>0b</span> <span class='ocrx_word' id='word_1_320' title='bbox 3041 1525 3384 1598; x_wconf 91' lang='lat' dir='ltr'>hujusmodi</span> <span class='ocrx_word' id='word_1_321' title='bbox 3407 1545 3647 1585; x_wconf 89' lang='lat' dir='ltr'>causam</span> <span class='ocrx_word' id='word_1_322' title='bbox 3668 1528 3794 1602; x_wconf 89' lang='lat' dir='ltr'>ipse</span> 
     </span>
    </p>
   </div>
   <div class='ocr_carea' id='block_1_45' title="bbox 2151 1610 3791 1686">
    <p class='ocr_par' dir='ltr' id='par_1_45' title="bbox 2151 1610 3791 1686">
     <span class='ocr_line' id='line_1_45' title="bbox 2151 1610 3791 1686; baseline 0.004 -20"><span class='ocrx_word' id='word_1_323' title='bbox 2151 1627 2185 1666; x_wconf 90' lang='lat' dir='ltr'>a</span> <span class='ocrx_word' id='word_1_324' title='bbox 2212 1627 2292 1666; x_wconf 68' lang='grc' dir='ltr'>χιι</span> <span class='ocrx_word' id='word_1_325' title='bbox 2323 1610 2446 1667; x_wconf 87' lang='lat' dir='ltr'>Kal.</span> <span class='ocrx_word' id='word_1_326' title='bbox 2477 1610 2658 1684; x_wconf 86' lang='lat' dir='ltr'>April.</span> <span class='ocrx_word' id='word_1_327' title='bbox 2694 1629 2882 1686; x_wconf 88' lang='lat' dir='ltr'>usque</span> <span class='ocrx_word' id='word_1_328' title='bbox 2924 1613 2983 1669; x_wconf 90' lang='lat' dir='ltr'>in</span> <span class='ocrx_word' id='word_1_329' title='bbox 3029 1631 3130 1671; x_wconf 86' lang='lat' dir='ltr'>xm</span> <span class='ocrx_word' id='word_1_330' title='bbox 3184 1615 3306 1672; x_wconf 92' lang='lat' dir='ltr'>Kal.</span> <span class='ocrx_word' id='word_1_331' title='bbox 3337 1616 3474 1673; x_wconf 87' lang='lat' dir='ltr'>Mali</span> <span class='ocrx_word' id='word_1_332' title='bbox 3521 1617 3791 1675; x_wconf 86' lang='lat' dir='ltr'>occurrit.</span> 
     </span>
    </p>
   </div>
   <div class='ocr_carea' id='block_1_46' title="bbox 2151 1698 3790 1779">
    <p class='ocr_par' dir='ltr' id='par_1_46' title="bbox 2151 1698 3790 1779">
     <span class='ocr_line' id='line_1_46' title="bbox 2151 1698 3790 1779; baseline 0.005 -25"><span class='ocrx_word' id='word_1_333' title='bbox 2151 1699 2298 1766; x_wconf 90' lang='lat' dir='ltr'>Quia</span> <span class='ocrx_word' id='word_1_334' title='bbox 2323 1698 2607 1768; x_wconf 87' lang='lat' dir='ltr'>videlicet,</span> <span class='ocrx_word' id='word_1_335' title='bbox 2635 1701 2684 1756; x_wconf 91' lang='lat' dir='ltr'>si</span> <span class='ocrx_word' id='word_1_336' title='bbox 2714 1701 2774 1756; x_wconf 89' lang='lat' dir='ltr'>in</span> <span class='ocrx_word' id='word_1_337' title='bbox 2804 1701 2931 1774; x_wconf 89' lang='lat' dir='ltr'>ipso</span> <span class='ocrx_word' id='word_1_338' title='bbox 2964 1703 3334 1775; x_wconf 66' lang='lat' dir='ltr'>aequinoctio,</span> <span class='ocrx_word' id='word_1_339' title='bbox 3355 1704 3413 1761; x_wconf 90' lang='lat' dir='ltr'>id</span> <span class='ocrx_word' id='word_1_340' title='bbox 3441 1709 3530 1762; x_wconf 91' lang='lat' dir='ltr'>est</span> <span class='ocrx_word' id='word_1_341' title='bbox 3557 1723 3638 1779; x_wconf 72' lang='lat' dir='ltr'>xii</span> <span class='ocrx_word' id='word_1_342' title='bbox 3669 1706 3790 1763; x_wconf 87' lang='lat' dir='ltr'>Kal.</span> 
     </span>
    </p>
   </div>
   <div class='ocr_carea' id='block_1_47' title="bbox 2147 1787 3796 1864">
    <p class='ocr_par' dir='ltr' id='par_1_47' title="bbox 2147 1787 3796 1864">
     <span class='ocr_line' id='line_1_47' title="bbox 2147 1787 3796 1864; baseline 0.005 -20"><span class='ocrx_word' id='word_1_343' title='bbox 2147 1787 2353 1860; x_wconf 90' lang='lat' dir='ltr'>April.,</span> <span class='ocrx_word' id='word_1_344' title='bbox 2374 1789 2660 1845; x_wconf 88' lang='lat' dir='ltr'>terminus</span> <span class='ocrx_word' id='word_1_345' title='bbox 2699 1789 2844 1862; x_wconf 91' lang='lat' dir='ltr'>ipse,</span> <span class='ocrx_word' id='word_1_346' title='bbox 2869 1791 2978 1848; x_wconf 93' lang='lat' dir='ltr'>hoc</span> <span class='ocrx_word' id='word_1_347' title='bbox 3015 1797 3106 1848; x_wconf 88' lang='lat' dir='ltr'>est</span> <span class='ocrx_word' id='word_1_348' title='bbox 3123 1809 3219 1848; x_wconf 82' lang='lat' dir='ltr'>xw</span> <span class='ocrx_word' id='word_1_349' title='bbox 3249 1792 3390 1850; x_wconf 88' lang='lat' dir='ltr'>luna</span> <span class='ocrx_word' id='word_1_350' title='bbox 3433 1794 3704 1864; x_wconf 88' lang='lat' dir='ltr'>occurrit,</span> <span class='ocrx_word' id='word_1_351' title='bbox 3738 1800 3796 1852; x_wconf 92' lang='lat' dir='ltr'>et</span> 
     </span>
    </p>
   </div>
   <div class='ocr_carea' id='block_1_48' title="bbox 2151 1877 3793 1956">
    <p class='ocr_par' dir='ltr' id='par_1_48' title="bbox 2151 1877 3793 1956">
     <span class='ocr_line' id='line_1_48' title="bbox 2151 1877 3793 1956; baseline 0.004 -22"><span class='ocrx_word' id='word_1_352' title='bbox 2151 1877 2389 1934; x_wconf 90' lang='lat' dir='ltr'>Sabbati</span> <span class='ocrx_word' id='word_1_353' title='bbox 2421 1877 2544 1934; x_wconf 89' lang='lat' dir='ltr'>dies</span> <span class='ocrx_word' id='word_1_354' title='bbox 2575 1879 2768 1946; x_wconf 91' lang='lat' dir='ltr'>fuerit,</span> <span class='ocrx_word' id='word_1_355' title='bbox 2791 1896 2861 1935; x_wconf 88' lang='lat' dir='ltr'>ea</span> <span class='ocrx_word' id='word_1_356' title='bbox 2889 1885 3056 1937; x_wconf 89' lang='lat' dir='ltr'>nocte</span> <span class='ocrx_word' id='word_1_357' title='bbox 3081 1899 3277 1938; x_wconf 89' lang='lat' dir='ltr'>sacras</span> <span class='ocrx_word' id='word_1_358' title='bbox 3307 1882 3513 1956; x_wconf 86' lang='lat' dir='ltr'>vigilas</span> <span class='ocrx_word' id='word_1_359' title='bbox 3545 1883 3793 1940; x_wconf 81' lang='lat' dir='ltr'>celebra-</span> 
     </span>
    </p>
   </div>
   <div class='ocr_carea' id='block_1_49' title="bbox 2151 1967 3792 2040">
    <p class='ocr_par' dir='ltr' id='par_1_49' title="bbox 2151 1967 3792 2040">
     <span class='ocr_line' id='line_1_49' title="bbox 2151 1967 3792 2040; baseline 0.005 -19"><span class='ocrx_word' id='word_1_360' title='bbox 2151 1982 2306 2034; x_wconf 88' lang='lat' dir='ltr'>mus,</span> <span class='ocrx_word' id='word_1_361' title='bbox 2333 1971 2392 2022; x_wconf 91' lang='lat' dir='ltr'>et</span> <span class='ocrx_word' id='word_1_362' title='bbox 2409 1967 2677 2039; x_wconf 91' lang='lat' dir='ltr'>sequenti</span> <span class='ocrx_word' id='word_1_363' title='bbox 2697 1967 2811 2036; x_wconf 90' lang='lat' dir='ltr'>die,</span> <span class='ocrx_word' id='word_1_364' title='bbox 2835 1967 2893 2024; x_wconf 93' lang='lat' dir='ltr'>id</span> <span class='ocrx_word' id='word_1_365' title='bbox 2913 1974 3002 2026; x_wconf 90' lang='lat' dir='ltr'>est</span> <span class='ocrx_word' id='word_1_366' title='bbox 3029 1987 3085 2026; x_wconf 84' lang='lat' dir='ltr'>v1</span> <span class='ocrx_word' id='word_1_367' title='bbox 3116 1969 3264 2040; x_wconf 90' lang='lat' dir='ltr'>Kal.,</span> <span class='ocrx_word' id='word_1_368' title='bbox 3289 1971 3792 2030; x_wconf 79' lang='lat' dir='ltr'>Resurrectionem</span> 
     </span>
    </p>
   </div>
   <div class='ocr_carea' id='block_1_50' title="bbox 2149 2055 3793 2136">
    <p class='ocr_par' dir='ltr' id='par_1_50' title="bbox 2149 2055 3793 2136">
     <span class='ocr_line' id='line_1_50' title="bbox 2149 2055 3793 2136; baseline 0.007 -27"><span class='ocrx_word' id='word_1_369' title='bbox 2149 2055 2534 2112; x_wconf 89' lang='lat' dir='ltr'>Dominicam.</span> <span class='ocrx_word' id='word_1_370' title='bbox 2559 2057 2722 2123; x_wconf 88' lang='lat' dir='ltr'>Quod</span> <span class='ocrx_word' id='word_1_371' title='bbox 2745 2055 2795 2112; x_wconf 91' lang='lat' dir='ltr'>si</span> <span class='ocrx_word' id='word_1_372' title='bbox 2817 2075 2913 2114; x_wconf 81' lang='lat' dir='ltr'>xw</span> <span class='ocrx_word' id='word_1_373' title='bbox 2933 2057 3055 2128; x_wconf 89' lang='lat' dir='ltr'>Kal,</span> <span class='ocrx_word' id='word_1_374' title='bbox 3080 2058 3236 2128; x_wconf 91' lang='lat' dir='ltr'>Maii,</span> <span class='ocrx_word' id='word_1_375' title='bbox 3261 2077 3376 2132; x_wconf 92' lang='lat' dir='ltr'>quo</span> <span class='ocrx_word' id='word_1_376' title='bbox 3407 2059 3636 2136; x_wconf 89' lang='lat' dir='ltr'>longior</span> <span class='ocrx_word' id='word_1_377' title='bbox 3664 2079 3793 2120; x_wconf 90' lang='lat' dir='ltr'>esse</span> 
     </span>
    </p>
   </div>
   <div class='ocr_carea' id='block_1_51' title="bbox 2148 2143 3796 2216">
    <p class='ocr_par' dir='ltr' id='par_1_51' title="bbox 2148 2143 3796 2216">
     <span class='ocr_line' id='line_1_51' title="bbox 2148 2143 3796 2216; baseline 0.005 -16"><span class='ocrx_word' id='word_1_378' title='bbox 2148 2143 2370 2216; x_wconf 89' lang='lat' dir='ltr'>nequit,</span> <span class='ocrx_word' id='word_1_379' title='bbox 2392 2143 2680 2200; x_wconf 89' lang='lat' dir='ltr'>terminus</span> <span class='ocrx_word' id='word_1_380' title='bbox 2706 2143 2998 2215; x_wconf 89' lang='lat' dir='ltr'>acciderit,</span> <span class='ocrx_word' id='word_1_381' title='bbox 3023 2152 3082 2202; x_wconf 91' lang='lat' dir='ltr'>et</span> <span class='ocrx_word' id='word_1_382' title='bbox 3113 2147 3236 2204; x_wconf 90' lang='lat' dir='ltr'>dies</span> <span class='ocrx_word' id='word_1_383' title='bbox 3257 2148 3598 2208; x_wconf 89' lang='lat' dir='ltr'>Dominicus</span> <span class='ocrx_word' id='word_1_384' title='bbox 3620 2151 3796 2208; x_wconf 90' lang='lat' dir='ltr'>fuerit</span> 
     </span>
    </p>
   </div>
   <div class='ocr_carea' id='block_1_52' title="bbox 2145 2231 3790 2306">
    <p class='ocr_par' dir='ltr' id='par_1_52' title="bbox 2145 2231 3790 2306">
     <span class='ocr_line' id='line_1_52' title="bbox 2145 2231 3790 2306; baseline 0.005 -19"><span class='ocrx_word' id='word_1_385' title='bbox 2145 2231 2208 2288; x_wconf 92' lang='lat' dir='ltr'>in</span> <span class='ocrx_word' id='word_1_386' title='bbox 2238 2238 2600 2306; x_wconf 89' lang='lat' dir='ltr'>sequentem,</span> <span class='ocrx_word' id='word_1_387' title='bbox 2633 2238 2698 2289; x_wconf 92' lang='lat' dir='ltr'>ut</span> <span class='ocrx_word' id='word_1_388' title='bbox 2746 2231 2968 2290; x_wconf 88' lang='lat' dir='ltr'>dictum</span> <span class='ocrx_word' id='word_1_389' title='bbox 2998 2241 3104 2304; x_wconf 91' lang='lat' dir='ltr'>est,</span> <span class='ocrx_word' id='word_1_390' title='bbox 3155 2236 3528 2296; x_wconf 90' lang='lat' dir='ltr'>Dominicum</span> <span class='ocrx_word' id='word_1_391' title='bbox 3577 2239 3790 2298; x_wconf 85' lang='lat' dir='ltr'>festum</span> 
     </span>
    </p>
   </div>
   <div class='ocr_carea' id='block_1_53' title="bbox 2146 2321 3784 2396">
    <p class='ocr_par' dir='ltr' id='par_1_53' title="bbox 2146 2321 3784 2396">
     <span class='ocr_line' id='line_1_53' title="bbox 2146 2321 3784 2396; baseline 0.006 -20"><span class='ocrx_word' id='word_1_392' title='bbox 2146 2321 2494 2391; x_wconf 73' lang='lat' dir='ltr'>differimus,</span> <span class='ocrx_word' id='word_1_393' title='bbox 2516 2323 2672 2396; x_wconf 93' lang='lat' dir='ltr'>quod</span> <span class='ocrx_word' id='word_1_394' title='bbox 2703 2328 2793 2380; x_wconf 89' lang='lat' dir='ltr'>est</span> <span class='ocrx_word' id='word_1_395' title='bbox 2816 2341 2894 2380; x_wconf 82' lang='lat' dir='ltr'>v11</span> <span class='ocrx_word' id='word_1_396' title='bbox 2928 2323 3050 2380; x_wconf 86' lang='lat' dir='ltr'>Kal.</span> <span class='ocrx_word' id='word_1_397' title='bbox 3087 2325 3242 2382; x_wconf 90' lang='lat' dir='ltr'>Maii.</span> <span class='ocrx_word' id='word_1_398' title='bbox 3279 2327 3455 2384; x_wconf 72' lang='lat' dir='ltr'>Lunae</span> <span class='ocrx_word' id='word_1_399' title='bbox 3483 2345 3618 2386; x_wconf 90' lang='lat' dir='ltr'>vero</span> <span class='ocrx_word' id='word_1_400' title='bbox 3647 2335 3784 2386; x_wconf 70' lang='lat' dir='ltr'>satas</span> 
     </span>
    </p>
   </div>
   <div class='ocr_carea' id='block_1_54' title="bbox 2145 2409 3788 2492">
    <p class='ocr_par' dir='ltr' id='par_1_54' title="bbox 2145 2409 3788 2492">
     <span class='ocr_line' id='line_1_54' title="bbox 2145 2409 3788 2492; baseline 0.005 -26"><span class='ocrx_word' id='word_1_401' title='bbox 2145 2409 2206 2466; x_wconf 91' lang='lat' dir='ltr'>in</span> <span class='ocrx_word' id='word_1_402' title='bbox 2234 2409 2365 2484; x_wconf 88' lang='lat' dir='ltr'>ipsa</span> <span class='ocrx_word' id='word_1_403' title='bbox 2391 2409 2700 2468; x_wconf 87' lang='lat' dir='ltr'>festivitate</span> <span class='ocrx_word' id='word_1_404' title='bbox 2739 2429 2846 2470; x_wconf 89' lang='lat' dir='ltr'>nec</span> <span class='ocrx_word' id='word_1_405' title='bbox 2892 2415 3085 2470; x_wconf 90' lang='lat' dir='ltr'>minor</span> <span class='ocrx_word' id='word_1_406' title='bbox 3135 2431 3316 2488; x_wconf 89' lang='lat' dir='ltr'>quam</span> <span class='ocrx_word' id='word_1_407' title='bbox 3346 2435 3440 2486; x_wconf 87' lang='lat' dir='ltr'>xv,</span> <span class='ocrx_word' id='word_1_408' title='bbox 3465 2434 3570 2474; x_wconf 92' lang='lat' dir='ltr'>nec</span> <span class='ocrx_word' id='word_1_409' title='bbox 3599 2419 3788 2492; x_wconf 87' lang='lat' dir='ltr'>major</span> 
     </span>
    </p>
   </div>
   <div class='ocr_carea' id='block_1_55' title="bbox 2143 2501 3787 2575">
    <p class='ocr_par' dir='ltr' id='par_1_55' title="bbox 2143 2501 3787 2575">
     <span class='ocr_line' id='line_1_55' title="bbox 2143 2501 3787 2575; baseline 0.005 -20"><span class='ocrx_word' id='word_1_410' title='bbox 2143 2516 2323 2572; x_wconf 92' lang='lat' dir='ltr'>quam</span> <span class='ocrx_word' id='word_1_411' title='bbox 2353 2517 2448 2556; x_wconf 70' lang='lat' dir='ltr'>xx:</span> <span class='ocrx_word' id='word_1_412' title='bbox 2479 2501 2708 2558; x_wconf 89' lang='lat' dir='ltr'>evenire</span> <span class='ocrx_word' id='word_1_413' title='bbox 2738 2507 2948 2575; x_wconf 90' lang='lat' dir='ltr'>potest.</span> <span class='ocrx_word' id='word_1_414' title='bbox 2973 2503 3034 2559; x_wconf 91' lang='lat' dir='ltr'>Si</span> <span class='ocrx_word' id='word_1_415' title='bbox 3065 2503 3220 2560; x_wconf 90' lang='lat' dir='ltr'>enim</span> <span class='ocrx_word' id='word_1_416' title='bbox 3253 2505 3506 2562; x_wconf 88' lang='lat' dir='ltr'>Sabbato</span> <span class='ocrx_word' id='word_1_417' title='bbox 3535 2525 3630 2564; x_wconf 86' lang='lat' dir='ltr'>x1v</span> <span class='ocrx_word' id='word_1_418' title='bbox 3659 2508 3787 2564; x_wconf 87' lang='lat' dir='ltr'>fue-</span> 
     </span>
    </p>
   </div>
   <div class='ocr_carea' id='block_1_56' title="bbox 2141 2588 3782 2662">
    <p class='ocr_par' dir='ltr' id='par_1_56' title="bbox 2141 2588 3782 2662">
     <span class='ocr_line' id='line_1_56' title="bbox 2141 2588 3782 2662; baseline 0.005 -18"><span class='ocrx_word' id='word_1_419' title='bbox 2141 2588 2236 2657; x_wconf 90' lang='lat' dir='ltr'>rit,</span> <span class='ocrx_word' id='word_1_420' title='bbox 2269 2589 2371 2660; x_wconf 92' lang='lat' dir='ltr'>qui</span> <span class='ocrx_word' id='word_1_421' title='bbox 2401 2593 2491 2644; x_wconf 91' lang='lat' dir='ltr'>est</span> <span class='ocrx_word' id='word_1_422' title='bbox 2518 2589 2828 2658; x_wconf 90' lang='lat' dir='ltr'>terminus,</span> <span class='ocrx_word' id='word_1_423' title='bbox 2861 2591 3129 2662; x_wconf 87' lang='lat' dir='ltr'>sequenti</span> <span class='ocrx_word' id='word_1_424' title='bbox 3161 2592 3254 2648; x_wconf 89' lang='lat' dir='ltr'>die</span> <span class='ocrx_word' id='word_1_425' title='bbox 3286 2593 3519 2650; x_wconf 71' lang='lat' dir='ltr'>Paschze</span> <span class='ocrx_word' id='word_1_426' title='bbox 3551 2597 3662 2651; x_wconf 88' lang='lat' dir='ltr'>erit</span> <span class='ocrx_word' id='word_1_427' title='bbox 3689 2615 3782 2652; x_wconf 89' lang='lat' dir='ltr'>xv.</span> 
     </span>
    </p>
   </div>
   <div class='ocr_carea' id='block_1_57' title="bbox 2141 2675 3780 2749">
    <p class='ocr_par' dir='ltr' id='par_1_57' title="bbox 2141 2675 3780 2749">
     <span class='ocr_line' id='line_1_57' title="bbox 2141 2675 3780 2749; baseline 0.003 -17"><span class='ocrx_word' id='word_1_428' title='bbox 2141 2678 2304 2744; x_wconf 91' lang='lat' dir='ltr'>Quod</span> <span class='ocrx_word' id='word_1_429' title='bbox 2335 2676 2386 2732; x_wconf 91' lang='lat' dir='ltr'>si</span> <span class='ocrx_word' id='word_1_430' title='bbox 2416 2675 2476 2733; x_wconf 90' lang='lat' dir='ltr'>in</span> <span class='ocrx_word' id='word_1_431' title='bbox 2507 2675 2810 2732; x_wconf 89' lang='lat' dir='ltr'>Dominica</span> <span class='ocrx_word' id='word_1_432' title='bbox 2836 2677 3144 2747; x_wconf 88' lang='lat' dir='ltr'>terminus,</span> <span class='ocrx_word' id='word_1_433' title='bbox 3177 2678 3235 2733; x_wconf 89' lang='lat' dir='ltr'>id</span> <span class='ocrx_word' id='word_1_434' title='bbox 3267 2684 3357 2734; x_wconf 90' lang='lat' dir='ltr'>est</span> <span class='ocrx_word' id='word_1_435' title='bbox 3384 2697 3481 2736; x_wconf 80' lang='lat' dir='ltr'>xiv</span> <span class='ocrx_word' id='word_1_436' title='bbox 3509 2683 3780 2749; x_wconf 89' lang='lat' dir='ltr'>evenerit,</span> 
     </span>
    </p>
   </div>
   <div class='ocr_carea' id='block_1_58' title="bbox 2138 2764 3783 2840">
    <p class='ocr_par' dir='ltr' id='par_1_58' title="bbox 2138 2764 3783 2840">
     <span class='ocr_line' id='line_1_58' title="bbox 2138 2764 3783 2840; baseline 0.004 -20"><span class='ocrx_word' id='word_1_437' title='bbox 2138 2765 2199 2820; x_wconf 89' lang='lat' dir='ltr'>in</span> <span class='ocrx_word' id='word_1_438' title='bbox 2243 2764 2358 2822; x_wconf 91' lang='lat' dir='ltr'>alia</span> <span class='ocrx_word' id='word_1_439' title='bbox 2402 2764 2724 2833; x_wconf 89' lang='lat' dir='ltr'>Dominica,</span> <span class='ocrx_word' id='word_1_440' title='bbox 2757 2781 2874 2836; x_wconf 90' lang='lat' dir='ltr'>qua</span> <span class='ocrx_word' id='word_1_441' title='bbox 2923 2765 3134 2820; x_wconf 90' lang='lat' dir='ltr'>festum</span> <span class='ocrx_word' id='word_1_442' title='bbox 3183 2766 3480 2840; x_wconf 85' lang='lat' dir='ltr'>peragitur</span> <span class='ocrx_word' id='word_1_443' title='bbox 3529 2769 3783 2826; x_wconf 88' lang='lat' dir='ltr'>occurrit</span> 
     </span>
    </p>
   </div>
   <div class='ocr_carea' id='block_1_59' title="bbox 2138 2871 2289 2910">
    <p class='ocr_par' dir='ltr' id='par_1_59' title="bbox 2138 2871 2289 2910">
     <span class='ocr_line' id='line_1_59' title="bbox 2138 2871 2289 2910; baseline -0.013 0"><span class='ocrx_word' id='word_1_444' title='bbox 2138 2871 2289 2910; x_wconf 72' lang='lat' dir='ltr'>xxxa.</span> 
     </span>
    </p>
   </div>
   <div class='ocr_carea' id='block_1_60' title="bbox 2704 2952 3208 3010">
    <p class='ocr_par' dir='ltr' id='par_1_60' title="bbox 2704 2952 3208 3010">
     <span class='ocr_line' id='line_1_60' title="bbox 2704 2952 3208 3010; baseline -0.004 0"><span class='ocrx_word' id='word_1_445' title='bbox 2704 2952 2938 3010; x_wconf 90' lang='lat' dir='ltr'>CAPUT</span> <span class='ocrx_word' id='word_1_446' title='bbox 2965 2953 3208 3010; x_wconf 88' lang='lat' dir='ltr'><strong>XXXIII.</strong></span> 
     </span>
    </p>
   </div>
   <div class='ocr_carea' id='block_1_61' title="bbox 2199 3042 3719 3117">
    <p class='ocr_par' dir='ltr' id='par_1_61' title="bbox 2199 3042 3719 3117">
     <span class='ocr_line' id='line_1_61' title="bbox 2199 3042 3719 3117; baseline 0.004 -19"><span class='ocrx_word' id='word_1_447' title='bbox 2199 3043 2492 3112; x_wconf 82' lang='lat' dir='ltr'>Quomodo</span> <span class='ocrx_word' id='word_1_448' title='bbox 2520 3042 2847 3100; x_wconf 83' lang='lat' dir='ltr'>inveniatur</span> <span class='ocrx_word' id='word_1_449' title='bbox 2875 3043 2998 3111; x_wconf 79' lang='lat' dir='ltr'>ipse</span> <span class='ocrx_word' id='word_1_450' title='bbox 3026 3045 3308 3100; x_wconf 77' lang='lat' dir='ltr'>(eminus</span> <span class='ocrx_word' id='word_1_451' title='bbox 3331 3061 3439 3114; x_wconf 80' lang='lat' dir='ltr'>per</span> <span class='ocrx_word' id='word_1_452' title='bbox 3465 3047 3719 3117; x_wconf 74' lang='lat' dir='ltr'>singulos</span> 
     </span>
    </p>
   </div>
   <div class='ocr_carea' id='block_1_62' title="bbox 2854 3131 3052 3170">
    <p class='ocr_par' dir='ltr' id='par_1_62' title="bbox 2854 3131 3052 3170">
     <span class='ocr_line' id='line_1_62' title="bbox 2854 3131 3052 3170; baseline 0 0"><span class='ocrx_word' id='word_1_453' title='bbox 2854 3131 3052 3170; x_wconf 80' lang='lat' dir='ltr'>annos.</span> 
     </span>
    </p>
   </div>
   <div class='ocr_carea' id='block_1_63' title="bbox 386 3188 3790 3288">
    <p class='ocr_par' dir='ltr' id='par_1_63' title="bbox 386 3188 3790 3288">
     <span class='ocr_line' id='line_1_63' title="bbox 386 3188 3790 3288; baseline 0.002 -22"><span class='ocrx_word' id='word_1_454' title='bbox 386 3211 591 3266; x_wconf 90' lang='lat' dir='ltr'>eadem</span> <span class='ocrx_word' id='word_1_455' title='bbox 623 3212 790 3266; x_wconf 91' lang='lat' dir='ltr'>nocte</span> <span class='ocrx_word' id='word_1_456' title='bbox 831 3213 1107 3282; x_wconf 77' lang='lat' dir='ltr'>patratae;</span> <span class='ocrx_word' id='word_1_457' title='bbox 1159 3188 1218 3264; x_wconf 75' lang='lat' dir='ltr'>et</span> <span class='ocrx_word' id='word_1_458' title='bbox 1262 3207 1369 3278; x_wconf 86' lang='lat' dir='ltr'>illi,</span> <span class='ocrx_word' id='word_1_459' title='bbox 1404 3225 1778 3282; x_wconf 91' lang='lat' dir='ltr'>quacumque</span> <span class='ocrx_word' id='word_1_460' title='bbox 1829 3188 1947 3264; x_wconf 38' lang='lat' dir='ltr'>die-</span> <span class='ocrx_word' id='word_1_461' title='bbox 1972 3209 2032 3265; x_wconf 91' lang='lat' dir='ltr'>in</span> <span class='ocrx_word' id='word_1_462' title='bbox 2065 3188 2110 3254; x_wconf 59' lang='grc' dir='ltr'>(ἶ</span> <span class='ocrx_word' id='word_1_463' title='bbox 2211 3211 2271 3268; x_wconf 92' lang='lat' dir='ltr'>Si</span> <span class='ocrx_word' id='word_1_464' title='bbox 2300 3227 2436 3284; x_wconf 87' lang='lat' dir='ltr'>ergo</span> <span class='ocrx_word' id='word_1_465' title='bbox 2476 3211 2624 3268; x_wconf 90' lang='lat' dir='ltr'>scire</span> <span class='ocrx_word' id='word_1_466' title='bbox 2673 3211 2761 3267; x_wconf 90' lang='lat' dir='ltr'>vis</span> <span class='ocrx_word' id='word_1_467' title='bbox 2810 3228 2926 3284; x_wconf 90' lang='lat' dir='ltr'>quo</span> <span class='ocrx_word' id='word_1_468' title='bbox 2977 3211 3368 3268; x_wconf 82' lang='lat' dir='ltr'>Kalendarum</span> <span class='ocrx_word' id='word_1_469' title='bbox 3399 3214 3492 3270; x_wconf 92' lang='lat' dir='ltr'>die</span> <span class='ocrx_word' id='word_1_470' title='bbox 3542 3215 3790 3288; x_wconf 89' lang='lat' dir='ltr'>quilibet</span> 
     </span>
    </p>
   </div>
   <div class='ocr_carea' id='block_1_64' title="bbox 386 3296 2028 3370">
    <p class='ocr_par' dir='ltr' id='par_1_64' title="bbox 386 3296 2028 3370">
     <span class='ocr_line' id='line_1_64' title="bbox 386 3296 2028 3370; baseline -0.001 -15"><span class='ocrx_word' id='word_1_471' title='bbox 386 3298 776 3364; x_wconf 81' lang='lat' dir='ltr'>hebdomade,</span> <span class='ocrx_word' id='word_1_472' title='bbox 801 3297 1039 3370; x_wconf 77' lang='lat' dir='ltr'>praefata</span> <span class='ocrx_word' id='word_1_473' title='bbox 1068 3296 1212 3353; x_wconf 90' lang='lat' dir='ltr'>luna</span> <span class='ocrx_word' id='word_1_474' title='bbox 1239 3297 1486 3365; x_wconf 89' lang='lat' dir='ltr'>eveniat,</span> <span class='ocrx_word' id='word_1_475' title='bbox 1515 3313 1649 3353; x_wconf 85' lang='lat' dir='ltr'>mox</span> <span class='ocrx_word' id='word_1_476' title='bbox 1677 3313 1853 3352; x_wconf 90' lang='lat' dir='ltr'>suum</span> <span class='ocrx_word' id='word_1_477' title='bbox 1884 3297 2028 3354; x_wconf 91' lang='lat' dir='ltr'>cele-</span> 
     </span>
    </p>
   </div>
   <div class='ocr_carea' id='block_1_65' title="bbox 387 3383 2032 3458">
    <p class='ocr_par' dir='ltr' id='par_1_65' title="bbox 387 3383 2032 3458">
     <span class='ocr_line' id='line_1_65' title="bbox 387 3383 2032 3458; baseline -0.002 -15"><span class='ocrx_word' id='word_1_478' title='bbox 387 3388 563 3444; x_wconf 89' lang='lat' dir='ltr'>brant</span> <span class='ocrx_word' id='word_1_479' title='bbox 594 3385 836 3454; x_wconf 88' lang='lat' dir='ltr'>Pascha,</span> <span class='ocrx_word' id='word_1_480' title='bbox 860 3391 918 3442; x_wconf 90' lang='lat' dir='ltr'>et</span> <span class='ocrx_word' id='word_1_481' title='bbox 949 3385 1216 3458; x_wconf 91' lang='lat' dir='ltr'>sequenti</span> <span class='ocrx_word' id='word_1_482' title='bbox 1246 3384 1358 3453; x_wconf 89' lang='lat' dir='ltr'>die,</span> <span class='ocrx_word' id='word_1_483' title='bbox 1383 3384 1444 3440; x_wconf 93' lang='lat' dir='ltr'>iu</span> <span class='ocrx_word' id='word_1_484' title='bbox 1474 3389 1564 3440; x_wconf 90' lang='lat' dir='ltr'>est</span> <span class='ocrx_word' id='word_1_485' title='bbox 1591 3402 1664 3441; x_wconf 89' lang='lat' dir='ltr'>xv</span> <span class='ocrx_word' id='word_1_486' title='bbox 1683 3383 1846 3453; x_wconf 89' lang='lat' dir='ltr'>luna,</span> <span class='ocrx_word' id='word_1_487' title='bbox 1881 3385 2032 3441; x_wconf 87' lang='lat' dir='ltr'>festi-</span> 
     </span>
    </p>
   </div>
   <div class='ocr_carea' id='block_1_66' title="bbox 386 3473 2034 3548">
    <p class='ocr_par' dir='ltr' id='par_1_66' title="bbox 386 3473 2034 3548">
     <span class='ocr_line' id='line_1_66' title="bbox 386 3473 2034 3548; baseline -0.001 -16"><span class='ocrx_word' id='word_1_488' title='bbox 386 3477 626 3532; x_wconf 89' lang='lat' dir='ltr'>vitatem</span> <span class='ocrx_word' id='word_1_489' title='bbox 672 3475 953 3532; x_wconf 90' lang='lat' dir='ltr'>inchoant</span> <span class='ocrx_word' id='word_1_490' title='bbox 997 3477 1368 3548; x_wconf 75' lang='lat' dir='ltr'>Azymorum,</span> <span class='ocrx_word' id='word_1_491' title='bbox 1403 3491 1582 3547; x_wconf 91' lang='lat' dir='ltr'>quam</span> <span class='ocrx_word' id='word_1_492' title='bbox 1611 3491 1692 3530; x_wconf 81' lang='lat' dir='ltr'>v11</span> <span class='ocrx_word' id='word_1_493' title='bbox 1738 3473 2034 3530; x_wconf 90' lang='lat' dir='ltr'>celebrant</span> 
     </span>
    </p>
   </div>
   <div class='ocr_carea' id='block_1_67' title="bbox 389 3563 2036 3636">
    <p class='ocr_par' dir='ltr' id='par_1_67' title="bbox 389 3563 2036 3636">
     <span class='ocr_line' id='line_1_67' title="bbox 389 3563 2036 3636; baseline -0.002 -14"><span class='ocrx_word' id='word_1_494' title='bbox 389 3567 536 3622; x_wconf 89' lang='lat' dir='ltr'>dies.</span> <span class='ocrx_word' id='word_1_495' title='bbox 589 3565 706 3621; x_wconf 89' lang='lat' dir='ltr'>Nos</span> <span class='ocrx_word' id='word_1_496' title='bbox 764 3581 896 3621; x_wconf 90' lang='lat' dir='ltr'>vero</span> <span class='ocrx_word' id='word_1_497' title='bbox 949 3568 1006 3620; x_wconf 95' lang='lat' dir='ltr'>et</span> <span class='ocrx_word' id='word_1_498' title='bbox 1050 3581 1147 3620; x_wconf 80' lang='lat' dir='ltr'>xiv</span> <span class='ocrx_word' id='word_1_499' title='bbox 1191 3563 1394 3619; x_wconf 89' lang='lat' dir='ltr'>lunam</span> <span class='ocrx_word' id='word_1_500' title='bbox 1441 3567 1848 3636; x_wconf 84' lang='lat' dir='ltr'>exspectamus</span> <span class='ocrx_word' id='word_1_501' title='bbox 1904 3569 2036 3636; x_wconf 90' lang='lat' dir='ltr'>post</span> 
     </span>
    </p>
   </div>
   <div class='ocr_carea' id='block_1_68' title="bbox 393 3651 2034 3727">
    <p class='ocr_par' dir='ltr' id='par_1_68' title="bbox 393 3651 2034 3727">
     <span class='ocr_line' id='line_1_68' title="bbox 393 3651 2034 3727; baseline -0.001 -16"><span class='ocrx_word' id='word_1_502' title='bbox 393 3653 894 3727; x_wconf 69' lang='lat' dir='ltr'>aequinoctium,et</span> <span class='ocrx_word' id='word_1_503' title='bbox 912 3669 981 3708; x_wconf 92' lang='lat' dir='ltr'>ea</span> <span class='ocrx_word' id='word_1_504' title='bbox 999 3651 1341 3708; x_wconf 87' lang='lat' dir='ltr'>adveniente</span> <span class='ocrx_word' id='word_1_505' title='bbox 1361 3651 1744 3708; x_wconf 90' lang='lat' dir='ltr'>nihilominus</span> <span class='ocrx_word' id='word_1_506' title='bbox 1766 3657 2034 3709; x_wconf 90' lang='lat' dir='ltr'>nostrum</span> 
     </span>
    </p>
   </div>
   <div class='ocr_carea' id='block_1_69' title="bbox 394 3739 2036 3798">
    <p class='ocr_par' dir='ltr' id='par_1_69' title="bbox 394 3739 2036 3798">
     <span class='ocr_line' id='line_1_69' title="bbox 394 3739 2036 3798; baseline 0 0"><span class='ocrx_word' id='word_1_507' title='bbox 394 3742 618 3798; x_wconf 88' lang='lat' dir='ltr'>Pascha</span> <span class='ocrx_word' id='word_1_508' title='bbox 633 3743 692 3797; x_wconf 90' lang='lat' dir='ltr'>in</span> <span class='ocrx_word' id='word_1_509' title='bbox 711 3741 1077 3798; x_wconf 89' lang='lat' dir='ltr'>Dominicum</span> <span class='ocrx_word' id='word_1_510' title='bbox 1091 3741 1244 3796; x_wconf 89' lang='lat' dir='ltr'>diem</span> <span class='ocrx_word' id='word_1_511' title='bbox 1257 3739 1582 3796; x_wconf 74' lang='lat' dir='ltr'>differimus</span> <span class='ocrx_word' id='word_1_512' title='bbox 1597 3741 1670 3796; x_wconf 91' lang='lat' dir='ltr'>ob</span> <span class='ocrx_word' id='word_1_513' title='bbox 1693 3741 2036 3798; x_wconf 90' lang='lat' dir='ltr'>memoriam</span> 
     </span>
    </p>
   </div>
   <div class='ocr_carea' id='block_1_70' title="bbox 395 3829 2038 3904">
    <p class='ocr_par' dir='ltr' id='par_1_70' title="bbox 395 3829 2038 3904">
     <span class='ocr_line' id='line_1_70' title="bbox 395 3829 2038 3904; baseline -0.001 -15"><span class='ocrx_word' id='word_1_514' title='bbox 395 3831 574 3889; x_wconf 90' lang='lat' dir='ltr'>simul</span> <span class='ocrx_word' id='word_1_515' title='bbox 596 3835 653 3888; x_wconf 90' lang='lat' dir='ltr'>et</span> <span class='ocrx_word' id='word_1_516' title='bbox 671 3829 1048 3887; x_wconf 88' lang='lat' dir='ltr'>reverentiam</span> <span class='ocrx_word' id='word_1_517' title='bbox 1081 3829 1396 3885; x_wconf 86' lang='lat' dir='ltr'>Dominicae</span> <span class='ocrx_word' id='word_1_518' title='bbox 1428 3829 2038 3904; x_wconf 75' lang='lat' dir='ltr'>resurrectionis,quzs</span> 
     </span>
    </p>
   </div>
   <div class='ocr_carea' id='block_1_71' title="bbox 397 3917 2044 3993">
    <p class='ocr_par' dir='ltr' id='par_1_71' title="bbox 397 3917 2044 3993">
     <span class='ocr_line' id='line_1_71' title="bbox 397 3917 2044 3993; baseline -0.001 -16"><span class='ocrx_word' id='word_1_519' title='bbox 397 3938 465 3977; x_wconf 91' lang='lat' dir='ltr'>ea</span> <span class='ocrx_word' id='word_1_520' title='bbox 487 3919 579 3976; x_wconf 89' lang='lat' dir='ltr'>die</span> <span class='ocrx_word' id='word_1_521' title='bbox 609 3923 842 3993; x_wconf 88' lang='lat' dir='ltr'>peracta</span> <span class='ocrx_word' id='word_1_522' title='bbox 871 3923 978 3976; x_wconf 89' lang='lat' dir='ltr'>est.</span> <span class='ocrx_word' id='word_1_523' title='bbox 1003 3918 1298 3974; x_wconf 87' lang='lat' dir='ltr'>Paschalis</span> <span class='ocrx_word' id='word_1_524' title='bbox 1337 3917 1494 3976; x_wconf 88' lang='lat' dir='ltr'>enim</span> <span class='ocrx_word' id='word_1_525' title='bbox 1525 3918 1807 3978; x_wconf 85' lang='lat' dir='ltr'>festivitas</span> <span class='ocrx_word' id='word_1_526' title='bbox 1829 3938 1944 3978; x_wconf 91' lang='lat' dir='ltr'>non</span> <span class='ocrx_word' id='word_1_527' title='bbox 1977 3926 2044 3976; x_wconf 90' lang='lat' dir='ltr'>ut</span> 
     </span>
    </p>
   </div>
   <div class='ocr_carea' id='block_1_72' title="bbox 401 4007 2044 4081">
    <p class='ocr_par' dir='ltr' id='par_1_72' title="bbox 401 4007 2044 4081">
     <span class='ocr_line' id='line_1_72' title="bbox 401 4007 2044 4081; baseline -0.001 -15"><span class='ocrx_word' id='word_1_528' title='bbox 401 4009 546 4066; x_wconf 87' lang='lat' dir='ltr'>alias</span> <span class='ocrx_word' id='word_1_529' title='bbox 567 4007 904 4066; x_wconf 88' lang='lat' dir='ltr'>festivitates</span> <span class='ocrx_word' id='word_1_530' title='bbox 936 4008 1159 4080; x_wconf 89' lang='lat' dir='ltr'>passim</span> <span class='ocrx_word' id='word_1_531' title='bbox 1179 4025 1282 4080; x_wconf 91' lang='lat' dir='ltr'>per</span> <span class='ocrx_word' id='word_1_532' title='bbox 1310 4025 1517 4064; x_wconf 90' lang='lat' dir='ltr'>omnes</span> <span class='ocrx_word' id='word_1_533' title='bbox 1537 4014 1814 4081; x_wconf 85' lang='lat' dir='ltr'>evagatur</span> <span class='ocrx_word' id='word_1_534' title='bbox 1832 4009 2044 4066; x_wconf 87' lang='lat' dir='ltr'>hebdo-</span> 
     </span>
    </p>
   </div>
   <div class='ocr_carea' id='block_1_73' title="bbox 403 4096 2038 4170">
    <p class='ocr_par' dir='ltr' id='par_1_73' title="bbox 403 4096 2038 4170">
     <span class='ocr_line' id='line_1_73' title="bbox 403 4096 2038 4170; baseline 0 -18"><span class='ocrx_word' id='word_1_535' title='bbox 403 4099 589 4154; x_wconf 80' lang='lat' dir='ltr'>madae</span> <span class='ocrx_word' id='word_1_536' title='bbox 619 4097 766 4165; x_wconf 89' lang='lat' dir='ltr'>dies,</span> <span class='ocrx_word' id='word_1_537' title='bbox 789 4113 854 4153; x_wconf 92' lang='lat' dir='ltr'>eo</span> <span class='ocrx_word' id='word_1_538' title='bbox 885 4097 1040 4168; x_wconf 91' lang='lat' dir='ltr'>quod</span> <span class='ocrx_word' id='word_1_539' title='bbox 1069 4096 1191 4152; x_wconf 76' lang='lat' dir='ltr'>haec</span> <span class='ocrx_word' id='word_1_540' title='bbox 1222 4097 1300 4151; x_wconf 90' lang='lat' dir='ltr'>sit</span> <span class='ocrx_word' id='word_1_541' title='bbox 1337 4096 1674 4170; x_wconf 87' lang='lat' dir='ltr'>singularis,</span> <span class='ocrx_word' id='word_1_542' title='bbox 1698 4103 1756 4152; x_wconf 88' lang='lat' dir='ltr'>et</span> <span class='ocrx_word' id='word_1_543' title='bbox 1793 4097 1946 4153; x_wconf 88' lang='lat' dir='ltr'>sicut</span> <span class='ocrx_word' id='word_1_544' title='bbox 1977 4098 2038 4152; x_wconf 90' lang='lat' dir='ltr'>B.</span> 
     </span>
    </p>
   </div>
   <div class='ocr_carea' id='block_1_74' title="bbox 351 4183 2045 4260">
    <p class='ocr_par' dir='ltr' id='par_1_74' title="bbox 351 4183 2045 4260">
     <span class='ocr_line' id='line_1_74' title="bbox 351 4183 2045 4260; baseline -0.001 -17"><span class='ocrx_word' id='word_1_545' title='bbox 351 4211 358 4218; x_wconf 89' lang='grc'><strong>·</strong></span> <span class='ocrx_word' id='word_1_546' title='bbox 405 4187 486 4244; x_wconf 89' lang='lat' dir='ltr'>ait</span> <span class='ocrx_word' id='word_1_547' title='bbox 544 4186 878 4260; x_wconf 84' lang='lat' dir='ltr'>Gregorius,</span> <span class='ocrx_word' id='word_1_548' title='bbox 935 4183 1275 4240; x_wconf 90' lang='lat' dir='ltr'>solemnitas</span> <span class='ocrx_word' id='word_1_549' title='bbox 1325 4184 1785 4250; x_wconf 89' lang='lat' dir='ltr'>solemnitatum,</span> <span class='ocrx_word' id='word_1_550' title='bbox 1837 4187 2045 4242; x_wconf 88' lang='lat' dir='ltr'>beatus</span> 
     </span>
    </p>
   </div>
   <div class='ocr_carea' id='block_1_75' title="bbox 405 4271 2046 4349">
    <p class='ocr_par' dir='ltr' id='par_1_75' title="bbox 405 4271 2046 4349">
     <span class='ocr_line' id='line_1_75' title="bbox 405 4271 2046 4349; baseline -0.001 -17"><span class='ocrx_word' id='word_1_551' title='bbox 405 4293 639 4349; x_wconf 90' lang='lat' dir='ltr'>quoque</span> <span class='ocrx_word' id='word_1_552' title='bbox 666 4275 1030 4347; x_wconf 89' lang='lat' dir='ltr'>Augustinus</span> <span class='ocrx_word' id='word_1_553' title='bbox 1064 4289 1077 4328; x_wconf 88' lang='lat'>:</span> <span class='ocrx_word' id='word_1_554' title='bbox 1114 4273 1178 4328; x_wconf 92' lang='lat' dir='ltr'><strong>In</strong></span> <span class='ocrx_word' id='word_1_555' title='bbox 1209 4271 1359 4340; x_wconf 89' lang='lat' dir='ltr'>aliis,</span> <span class='ocrx_word' id='word_1_556' title='bbox 1393 4271 1603 4344; x_wconf 88' lang='lat' dir='ltr'>inquit,</span> <span class='ocrx_word' id='word_1_557' title='bbox 1637 4271 2046 4330; x_wconf 81' lang='lat' dir='ltr'>festivitatibus</span> 
     </span>
    </p>
   </div>
   <div class='ocr_carea' id='block_1_76' title="bbox 405 4360 2047 4432">
    <p class='ocr_par' dir='ltr' id='par_1_76' title="bbox 405 4360 2047 4432">
     <span class='ocr_line' id='line_1_76' title="bbox 405 4360 2047 4432; baseline -0.001 -12"><span class='ocrx_word' id='word_1_558' title='bbox 405 4365 478 4420; x_wconf 92' lang='lat' dir='ltr'>ad</span> <span class='ocrx_word' id='word_1_559' title='bbox 509 4363 851 4420; x_wconf 89' lang='lat' dir='ltr'>memoriam</span> <span class='ocrx_word' id='word_1_560' title='bbox 875 4367 1102 4418; x_wconf 88' lang='lat' dir='ltr'>tantum</span> <span class='ocrx_word' id='word_1_561' title='bbox 1127 4360 1464 4417; x_wconf 91' lang='lat' dir='ltr'>reducimus</span> <span class='ocrx_word' id='word_1_562' title='bbox 1487 4361 1626 4432; x_wconf 91' lang='lat' dir='ltr'>quid</span> <span class='ocrx_word' id='word_1_563' title='bbox 1647 4365 1842 4416; x_wconf 88' lang='lat' dir='ltr'>actum</span> <span class='ocrx_word' id='word_1_564' title='bbox 1865 4362 1962 4428; x_wconf 91' lang='lat' dir='ltr'>sit,</span> <span class='ocrx_word' id='word_1_565' title='bbox 1986 4362 2047 4419; x_wconf 90' lang='lat' dir='ltr'>in</span> 
     </span>
    </p>
   </div>
   <div class='ocr_carea' id='block_1_77' title="bbox 406 4448 2046 4523">
    <p class='ocr_par' dir='ltr' id='par_1_77' title="bbox 406 4448 2046 4523">
     <span class='ocr_line' id='line_1_77' title="bbox 406 4448 2046 4523; baseline -0.002 -13"><span class='ocrx_word' id='word_1_566' title='bbox 406 4454 514 4510; x_wconf 91' lang='lat' dir='ltr'>hac</span> <span class='ocrx_word' id='word_1_567' title='bbox 543 4469 676 4509; x_wconf 88' lang='lat' dir='ltr'>vero</span> <span class='ocrx_word' id='word_1_568' title='bbox 697 4468 812 4507; x_wconf 90' lang='lat' dir='ltr'>non</span> <span class='ocrx_word' id='word_1_569' title='bbox 834 4455 1063 4506; x_wconf 89' lang='lat' dir='ltr'>tantum</span> <span class='ocrx_word' id='word_1_570' title='bbox 1093 4448 1384 4523; x_wconf 58' lang='lat' dir='ltr'>praeterita</span> <span class='ocrx_word' id='word_1_571' title='bbox 1407 4449 1478 4505; x_wconf 87' lang='lat' dir='ltr'>ad</span> <span class='ocrx_word' id='word_1_572' title='bbox 1510 4448 1853 4504; x_wconf 88' lang='lat' dir='ltr'>memoriam</span> <span class='ocrx_word' id='word_1_573' title='bbox 1887 4467 2046 4508; x_wconf 89' lang='lat' dir='ltr'>revo-</span> 
     </span>
    </p>
   </div>
   <div class='ocr_carea' id='block_1_78' title="bbox 2137 3298 3786 3370">
    <p class='ocr_par' dir='ltr' id='par_1_78' title="bbox 2137 3298 3786 3370">
     <span class='ocr_line' id='line_1_78' title="bbox 2137 3298 3786 3370; baseline 0.004 -16"><span class='ocrx_word' id='word_1_574' title='bbox 2137 3298 2428 3355; x_wconf 90' lang='lat' dir='ltr'>terminus</span> <span class='ocrx_word' id='word_1_575' title='bbox 2456 3303 2742 3370; x_wconf 90' lang='lat' dir='ltr'>occurrat,</span> <span class='ocrx_word' id='word_1_576' title='bbox 2775 3299 3083 3356; x_wconf 88' lang='lat' dir='ltr'>lectionem</span> <span class='ocrx_word' id='word_1_577' title='bbox 3127 3300 3301 3356; x_wconf 89' lang='lat' dir='ltr'>istam</span> <span class='ocrx_word' id='word_1_578' title='bbox 3336 3302 3672 3360; x_wconf 90' lang='lat' dir='ltr'>memoriter</span> <span class='ocrx_word' id='word_1_579' title='bbox 3699 3311 3786 3361; x_wconf 89' lang='lat' dir='ltr'>te--</span> 
     </span>
    </p>
   </div>
   <div class='ocr_carea' id='block_1_79' title="bbox 2141 3388 3788 3468">
    <p class='ocr_par' dir='ltr' id='par_1_79' title="bbox 2141 3388 3788 3468">
     <span class='ocr_line' id='line_1_79' title="bbox 2141 3388 3788 3468; baseline 0.004 -24"><span class='ocrx_word' id='word_1_580' title='bbox 2141 3404 2277 3444; x_wconf 89' lang='lat' dir='ltr'>nere</span> <span class='ocrx_word' id='word_1_581' title='bbox 2305 3388 2501 3456; x_wconf 91' lang='lat' dir='ltr'>debes,</span> <span class='ocrx_word' id='word_1_582' title='bbox 2536 3404 2665 3460; x_wconf 74' lang='lat' dir='ltr'>quae</span> <span class='ocrx_word' id='word_1_583' title='bbox 2695 3389 2919 3468; x_wconf 44' lang='lat' dir='ltr'>exinde,</span> <span class='ocrx_word' id='word_1_584' title='bbox 2941 3389 3204 3446; x_wconf 83' lang='lat' dir='ltr'>versiﬁca</span> <span class='ocrx_word' id='word_1_585' title='bbox 3235 3389 3426 3462; x_wconf 88' lang='lat' dir='ltr'>specie</span> <span class='ocrx_word' id='word_1_586' title='bbox 3465 3393 3788 3466; x_wconf 89' lang='lat' dir='ltr'>composita</span> 
     </span>
    </p>
   </div>
   <div class='ocr_carea' id='block_1_80' title="bbox 2141 3477 3788 3554">
    <p class='ocr_par' dir='ltr' id='par_1_80' title="bbox 2141 3477 3788 3554">
     <span class='ocr_line' id='line_1_80' title="bbox 2141 3477 3788 3554; baseline 0.004 -22"><span class='ocrx_word' id='word_1_587' title='bbox 2141 3477 2504 3546; x_wconf 89' lang='lat' dir='ltr'>decantatur,</span> <span class='ocrx_word' id='word_1_588' title='bbox 2537 3477 2619 3532; x_wconf 87' lang='lat' dir='ltr'>ita</span> <span class='ocrx_word' id='word_1_589' title='bbox 2648 3477 2970 3550; x_wconf 88' lang='lat' dir='ltr'>incipiens:</span> <span class='ocrx_word' id='word_1_590' title='bbox 3002 3478 3169 3534; x_wconf 73' lang='lat' dir='ltr'>Nonae</span> <span class='ocrx_word' id='word_1_591' title='bbox 3197 3479 3406 3550; x_wconf 79' lang='lat' dir='ltr'>Aprilis</span> <span class='ocrx_word' id='word_1_592' title='bbox 3434 3489 3643 3538; x_wconf 82' lang='lat' dir='ltr'>norunt</span> <span class='ocrx_word' id='word_1_593' title='bbox 3671 3485 3788 3554; x_wconf 85' lang='lat' dir='ltr'>qui-</span> 
     </span>
    </p>
   </div>
   <div class='ocr_carea' id='block_1_81' title="bbox 2141 3565 3787 3644">
    <p class='ocr_par' dir='ltr' id='par_1_81' title="bbox 2141 3565 3787 3644">
     <span class='ocr_line' id='line_1_81' title="bbox 2141 3565 3787 3644; baseline 0.004 -24"><span class='ocrx_word' id='word_1_594' title='bbox 2141 3582 2260 3622; x_wconf 82' lang='lat' dir='ltr'>nos.</span> <span class='ocrx_word' id='word_1_595' title='bbox 2294 3566 2424 3622; x_wconf 76' lang='lat' dir='ltr'>Haec</span> <span class='ocrx_word' id='word_1_596' title='bbox 2453 3565 2610 3622; x_wconf 90' lang='lat' dir='ltr'>enim</span> <span class='ocrx_word' id='word_1_597' title='bbox 2659 3565 2828 3622; x_wconf 90' lang='lat' dir='ltr'>lectio</span> <span class='ocrx_word' id='word_1_598' title='bbox 2876 3583 2978 3637; x_wconf 88' lang='lat' dir='ltr'>per</span> <span class='ocrx_word' id='word_1_599' title='bbox 3024 3565 3290 3640; x_wconf 89' lang='lat' dir='ltr'>singulos</span> <span class='ocrx_word' id='word_1_600' title='bbox 3339 3585 3436 3624; x_wconf 79' lang='lat' dir='ltr'>xix</span> <span class='ocrx_word' id='word_1_601' title='bbox 3485 3568 3594 3626; x_wconf 91' lang='lat' dir='ltr'>alis</span> <span class='ocrx_word' id='word_1_602' title='bbox 3641 3571 3787 3644; x_wconf 84' lang='lat' dir='ltr'>cycli</span> 
     </span>
    </p>
   </div>
   <div class='ocr_carea' id='block_1_82' title="bbox 2145 3653 3792 3734">
    <p class='ocr_par' dir='ltr' id='par_1_82' title="bbox 2145 3653 3792 3734">
     <span class='ocr_line' id='line_1_82' title="bbox 2145 3653 3792 3734; baseline 0.002 -23"><span class='ocrx_word' id='word_1_603' title='bbox 2145 3671 2330 3712; x_wconf 88' lang='lat' dir='ltr'>annos</span> <span class='ocrx_word' id='word_1_604' title='bbox 2361 3655 2594 3734; x_wconf 34' lang='lat' dir='ltr'>’edocet,</span> <span class='ocrx_word' id='word_1_605' title='bbox 2629 3671 2744 3728; x_wconf 92' lang='lat' dir='ltr'>quo</span> <span class='ocrx_word' id='word_1_606' title='bbox 2795 3653 3188 3711; x_wconf 88' lang='lat' dir='ltr'>Kalendarum</span> <span class='ocrx_word' id='word_1_607' title='bbox 3239 3655 3330 3712; x_wconf 92' lang='lat' dir='ltr'>die</span> <span class='ocrx_word' id='word_1_608' title='bbox 3379 3657 3667 3715; x_wconf 89' lang='lat' dir='ltr'>terminus</span> <span class='ocrx_word' id='word_1_609' title='bbox 3714 3659 3792 3715; x_wconf 90' lang='lat' dir='ltr'>sit</span> 
     </span>
    </p>
   </div>
   <div class='ocr_carea' id='block_1_83' title="bbox 2145 3743 3792 3818">
    <p class='ocr_par' dir='ltr' id='par_1_83' title="bbox 2145 3743 3792 3818">
     <span class='ocr_line' id='line_1_83' title="bbox 2145 3743 3792 3818; baseline 0.002 -17"><span class='ocrx_word' id='word_1_610' title='bbox 2145 3761 2520 3814; x_wconf 89' lang='lat' dir='ltr'>occursurus,</span> <span class='ocrx_word' id='word_1_611' title='bbox 2553 3745 2611 3800; x_wconf 92' lang='lat' dir='ltr'>id</span> <span class='ocrx_word' id='word_1_612' title='bbox 2645 3748 2734 3801; x_wconf 91' lang='lat' dir='ltr'>est</span> <span class='ocrx_word' id='word_1_613' title='bbox 2762 3761 2858 3800; x_wconf 72' lang='lat' dir='ltr'>xxv</span> <span class='ocrx_word' id='word_1_614' title='bbox 2903 3743 3044 3800; x_wconf 90' lang='lat' dir='ltr'>luna</span> <span class='ocrx_word' id='word_1_615' title='bbox 3073 3749 3206 3818; x_wconf 90' lang='lat' dir='ltr'>post</span> <span class='ocrx_word' id='word_1_616' title='bbox 3235 3746 3670 3818; x_wconf 65' lang='lat' dir='ltr'>aequinoctium.</span> <span class='ocrx_word' id='word_1_617' title='bbox 3695 3749 3792 3805; x_wconf 88' lang='lat' dir='ltr'>Fe-</span> 
     </span>
    </p>
   </div>
   <div class='ocr_carea' id='block_1_84' title="bbox 2149 3833 3789 3906">
    <p class='ocr_par' dir='ltr' id='par_1_84' title="bbox 2149 3833 3789 3906">
     <span class='ocr_line' id='line_1_84' title="bbox 2149 3833 3789 3906; baseline 0.001 -16"><span class='ocrx_word' id='word_1_618' title='bbox 2149 3834 2297 3890; x_wconf 89' lang='lat' dir='ltr'>riam</span> <span class='ocrx_word' id='word_1_619' title='bbox 2323 3850 2576 3906; x_wconf 92' lang='lat' dir='ltr'>quoque,</span> <span class='ocrx_word' id='word_1_620' title='bbox 2599 3834 2658 3890; x_wconf 91' lang='lat' dir='ltr'>id</span> <span class='ocrx_word' id='word_1_621' title='bbox 2682 3839 2790 3902; x_wconf 92' lang='lat' dir='ltr'>est,</span> <span class='ocrx_word' id='word_1_622' title='bbox 2815 3850 2930 3906; x_wconf 92' lang='lat' dir='ltr'>quo</span> <span class='ocrx_word' id='word_1_623' title='bbox 2953 3833 3290 3906; x_wconf 73' lang='lat' dir='ltr'>septimana:</span> <span class='ocrx_word' id='word_1_624' title='bbox 3320 3835 3546 3891; x_wconf 81' lang='lat' dir='ltr'>eveniat</span> <span class='ocrx_word' id='word_1_625' title='bbox 3564 3836 3676 3904; x_wconf 91' lang='lat' dir='ltr'>die,</span> <span class='ocrx_word' id='word_1_626' title='bbox 3700 3836 3789 3892; x_wconf 93' lang='lat' dir='ltr'>in-</span> 
     </span>
    </p>
   </div>
   <div class='ocr_carea' id='block_1_85' title="bbox 2149 3920 3794 3994">
    <p class='ocr_par' dir='ltr' id='par_1_85' title="bbox 2149 3920 3794 3994">
     <span class='ocr_line' id='line_1_85' title="bbox 2149 3920 3794 3994; baseline 0.002 -17"><span class='ocrx_word' id='word_1_627' title='bbox 2149 3922 2343 3977; x_wconf 90' lang='lat' dir='ltr'>venies</span> <span class='ocrx_word' id='word_1_628' title='bbox 2365 3921 2588 3990; x_wconf 91' lang='lat' dir='ltr'>junctis</span> <span class='ocrx_word' id='word_1_629' title='bbox 2610 3920 2996 3994; x_wconf 86' lang='lat' dir='ltr'>regularibus,</span> <span class='ocrx_word' id='word_1_630' title='bbox 3026 3921 3126 3991; x_wconf 90' lang='lat' dir='ltr'>qui</span> <span class='ocrx_word' id='word_1_631' title='bbox 3149 3921 3398 3992; x_wconf 87' lang='lat' dir='ltr'>singulis</span> <span class='ocrx_word' id='word_1_632' title='bbox 3418 3922 3794 3980; x_wconf 89' lang='lat' dir='ltr'>ascribuntur</span> 
     </span>
    </p>
   </div>
   <div class='ocr_carea' id='block_1_86' title="bbox 2148 4007 3790 4082">
    <p class='ocr_par' dir='ltr' id='par_1_86' title="bbox 2148 4007 3790 4082">
     <span class='ocr_line' id='line_1_86' title="bbox 2148 4007 3790 4082; baseline 0.002 -17"><span class='ocrx_word' id='word_1_633' title='bbox 2148 4007 2436 4076; x_wconf 89' lang='lat' dir='ltr'>terminis,</span> <span class='ocrx_word' id='word_1_634' title='bbox 2457 4009 2609 4064; x_wconf 90' lang='lat' dir='ltr'>sicut</span> <span class='ocrx_word' id='word_1_635' title='bbox 2627 4008 2764 4064; x_wconf 90' lang='lat' dir='ltr'>huic</span> <span class='ocrx_word' id='word_1_636' title='bbox 2784 4025 2819 4062; x_wconf 93' lang='lat' dir='ltr'>v</span> <span class='ocrx_word' id='word_1_637' title='bbox 2838 4013 2893 4063; x_wconf 92' lang='lat' dir='ltr'>et</span> <span class='ocrx_word' id='word_1_638' title='bbox 2914 4008 3396 4064; x_wconf 88' lang='lat' dir='ltr'>concurrentibus</span> <span class='ocrx_word' id='word_1_639' title='bbox 3418 4008 3607 4082; x_wconf 91' lang='lat' dir='ltr'>ipsius</span> <span class='ocrx_word' id='word_1_640' title='bbox 3630 4014 3790 4082; x_wconf 89' lang='lat' dir='ltr'>anni,</span> 
     </span>
    </p>
   </div>
   <div class='ocr_carea' id='block_1_87' title="bbox 2151 4095 3790 4168">
    <p class='ocr_par' dir='ltr' id='par_1_87' title="bbox 2151 4095 3790 4168">
     <span class='ocr_line' id='line_1_87' title="bbox 2151 4095 3790 4168; baseline 0.003 -15"><span class='ocrx_word' id='word_1_641' title='bbox 2151 4113 2217 4153; x_wconf 89' lang='lat' dir='ltr'>eo</span> <span class='ocrx_word' id='word_1_642' title='bbox 2238 4097 2410 4152; x_wconf 92' lang='lat' dir='ltr'>modo</span> <span class='ocrx_word' id='word_1_643' title='bbox 2429 4113 2543 4168; x_wconf 91' lang='lat' dir='ltr'>quo</span> <span class='ocrx_word' id='word_1_644' title='bbox 2567 4095 2855 4151; x_wconf 89' lang='lat' dir='ltr'>Kalendas</span> <span class='ocrx_word' id='word_1_645' title='bbox 2875 4095 3167 4150; x_wconf 87' lang='lat' dir='ltr'>mensium</span> <span class='ocrx_word' id='word_1_646' title='bbox 3189 4095 3444 4153; x_wconf 88' lang='lat' dir='ltr'>invenire</span> <span class='ocrx_word' id='word_1_647' title='bbox 3459 4098 3790 4158; x_wconf 89' lang='lat' dir='ltr'>docuimus.</span> 
     </span>
    </p>
   </div>
   <div class='ocr_carea' id='block_1_88' title="bbox 2153 4183 3795 4256">
    <p class='ocr_par' dir='ltr' id='par_1_88' title="bbox 2153 4183 3795 4256">
     <span class='ocr_line' id='line_1_88' title="bbox 2153 4183 3795 4256; baseline 0.004 -16"><span class='ocrx_word' id='word_1_648' title='bbox 2153 4185 2316 4252; x_wconf 89' lang='lat' dir='ltr'>Quod</span> <span class='ocrx_word' id='word_1_649' title='bbox 2340 4184 2390 4240; x_wconf 90' lang='lat' dir='ltr'>si</span> <span class='ocrx_word' id='word_1_650' title='bbox 2421 4185 2658 4256; x_wconf 64' lang='lat' dir='ltr'>praefata</span> <span class='ocrx_word' id='word_1_651' title='bbox 2677 4183 2848 4240; x_wconf 90' lang='lat' dir='ltr'>lectio</span> <span class='ocrx_word' id='word_1_652' title='bbox 2874 4183 3166 4240; x_wconf 61' lang='lat' dir='ltr'>memoria</span> <span class='ocrx_word' id='word_1_653' title='bbox 3199 4185 3492 4255; x_wconf 81' lang='lat' dir='ltr'>exciderit,</span> <span class='ocrx_word' id='word_1_654' title='bbox 3516 4187 3795 4246; x_wconf 86' lang='lat' dir='ltr'>docemus</span> 
     </span>
    </p>
   </div>
   <div class='ocr_carea' id='block_1_89' title="bbox 2155 4271 3798 4352">
    <p class='ocr_par' dir='ltr' id='par_1_89' title="bbox 2155 4271 3798 4352">
     <span class='ocr_line' id='line_1_89' title="bbox 2155 4271 3798 4352; baseline 0.004 -23"><span class='ocrx_word' id='word_1_655' title='bbox 2155 4273 2405 4346; x_wconf 88' lang='lat' dir='ltr'>qualiter</span> <span class='ocrx_word' id='word_1_656' title='bbox 2432 4273 2607 4329; x_wconf 91' lang='lat' dir='ltr'>etiam</span> <span class='ocrx_word' id='word_1_657' title='bbox 2637 4272 2778 4330; x_wconf 87' lang='lat' dir='ltr'>sine.</span> <span class='ocrx_word' id='word_1_658' title='bbox 2799 4271 3126 4328; x_wconf 87' lang='lat' dir='ltr'>litterarum</span> <span class='ocrx_word' id='word_1_659' title='bbox 3159 4274 3436 4348; x_wconf 75' lang='lat' dir='ltr'>suffragio</span> <span class='ocrx_word' id='word_1_660' title='bbox 3467 4280 3798 4352; x_wconf 91' lang='lat' dir='ltr'>recuperari</span> 
     </span>
    </p>
   </div>
   <div class='ocr_carea' id='block_1_90' title="bbox 2158 4363 2364 4436">
    <p class='ocr_par' dir='ltr' id='par_1_90' title="bbox 2158 4363 2364 4436">
     <span class='ocr_line' id='line_1_90' title="bbox 2158 4363 2364 4436; baseline -0.01 -17"><span class='ocrx_word' id='word_1_661' title='bbox 2158 4363 2364 4436; x_wconf 91' lang='lat' dir='ltr'>possit.</span> 
     </span>
    </p>
   </div>
   <div class='ocr_carea' id='block_1_91' title="bbox 2229 4450 3803 4528">
    <p class='ocr_par' dir='ltr' id='par_1_91' title="bbox 2229 4450 3803 4528">
     <span class='ocr_line' id='line_1_91' title="bbox 2229 4450 3803 4528; baseline 0.005 -21"><span class='ocrx_word' id='word_1_662' title='bbox 2229 4450 2569 4508; x_wconf 79' lang='lat' dir='ltr'>Paschalem</span> <span class='ocrx_word' id='word_1_663' title='bbox 2599 4451 2941 4508; x_wconf 89' lang='lat' dir='ltr'>Terminum</span> <span class='ocrx_word' id='word_1_664' title='bbox 2971 4451 3258 4524; x_wconf 90' lang='lat' dir='ltr'>cujusque</span> <span class='ocrx_word' id='word_1_665' title='bbox 3288 4454 3427 4508; x_wconf 91' lang='lat' dir='ltr'>anni</span> <span class='ocrx_word' id='word_1_666' title='bbox 3462 4461 3803 4528; x_wconf 87' lang='lat' dir='ltr'>reperturus</span> 
     </span>
    </p>
   </div>
   <div class='ocr_carea' id='block_1_92' title="bbox 407 4537 3802 4617">
    <p class='ocr_par' dir='ltr' id='par_1_92' title="bbox 407 4537 3802 4617">
     <span class='ocr_line' id='line_1_92' title="bbox 407 4537 3802 4617; baseline 0.001 -19"><span class='ocrx_word' id='word_1_667' title='bbox 407 4559 629 4608; x_wconf 89' lang='lat' dir='ltr'>eamus,</span> <span class='ocrx_word' id='word_1_668' title='bbox 654 4543 940 4613; x_wconf 86' lang='lat' dir='ltr'>quantum</span> <span class='ocrx_word' id='word_1_669' title='bbox 971 4555 1039 4593; x_wconf 89' lang='lat' dir='ltr'>ea</span> <span class='ocrx_word' id='word_1_670' title='bbox 1068 4555 1196 4610; x_wconf 67' lang='lat' dir='ltr'>quae</span> <span class='ocrx_word' id='word_1_671' title='bbox 1225 4537 1285 4592; x_wconf 89' lang='lat' dir='ltr'>in</span> <span class='ocrx_word' id='word_1_672' title='bbox 1317 4537 1486 4592; x_wconf 92' lang='lat' dir='ltr'>nobis</span> <span class='ocrx_word' id='word_1_673' title='bbox 1505 4537 1703 4592; x_wconf 90' lang='lat' dir='ltr'>futura</span> <span class='ocrx_word' id='word_1_674' title='bbox 1725 4543 1882 4605; x_wconf 90' lang='lat' dir='ltr'>sunt,</span> <span class='ocrx_word' id='word_1_675' title='bbox 1907 4557 2045 4612; x_wconf 82' lang='lat' dir='ltr'>prae-</span> <span class='ocrx_word' id='word_1_676' title='bbox 2074 4545 2122 4614; x_wconf 86' lang='lat' dir='ltr'><strong>D</strong></span> <span class='ocrx_word' id='word_1_677' title='bbox 2153 4558 2320 4598; x_wconf 90' lang='lat' dir='ltr'>sume</span> <span class='ocrx_word' id='word_1_678' title='bbox 2367 4539 2744 4614; x_wconf 65' lang='lat' dir='ltr'>praecedentis</span> <span class='ocrx_word' id='word_1_679' title='bbox 2775 4539 2914 4596; x_wconf 89' lang='lat' dir='ltr'>anni</span> <span class='ocrx_word' id='word_1_680' title='bbox 2953 4539 3012 4595; x_wconf 92' lang='lat' dir='ltr'>in</span> <span class='ocrx_word' id='word_1_681' title='bbox 3041 4541 3233 4613; x_wconf 90' lang='lat' dir='ltr'>primo</span> <span class='ocrx_word' id='word_1_682' title='bbox 3281 4542 3526 4600; x_wconf 88' lang='lat' dir='ltr'>articulo</span> <span class='ocrx_word' id='word_1_683' title='bbox 3573 4544 3802 4617; x_wconf 89' lang='lat' dir='ltr'>pollicis</span> 
     </span>
    </p>
   </div>
   <div class='ocr_carea' id='block_1_93' title="bbox 405 4625 2054 4704">
    <p class='ocr_par' dir='ltr' id='par_1_93' title="bbox 405 4625 2054 4704">
     <span class='ocr_line' id='line_1_93' title="bbox 405 4625 2054 4704; baseline -0.001 -17"><span class='ocrx_word' id='word_1_684' title='bbox 405 4631 705 4704; x_wconf 89' lang='lat' dir='ltr'>signantes</span> <span class='ocrx_word' id='word_1_685' title='bbox 735 4626 1132 4684; x_wconf 76' lang='lat' dir='ltr'>enuntiemus.</span> <span class='ocrx_word' id='word_1_686' title='bbox 1167 4625 1632 4682; x_wconf 79' lang='lat' dir='ltr'>Resurrectionis</span> <span class='ocrx_word' id='word_1_687' title='bbox 1683 4643 1817 4702; x_wconf 90' lang='lat' dir='ltr'>ergo</span> <span class='ocrx_word' id='word_1_688' title='bbox 1858 4629 2054 4686; x_wconf 90' lang='lat' dir='ltr'>Domi-</span> 
     </span>
    </p>
   </div>
   <div class='ocr_carea' id='block_1_94' title="bbox 405 4713 2052 4791">
    <p class='ocr_par' dir='ltr' id='par_1_94' title="bbox 405 4713 2052 4791">
     <span class='ocr_line' id='line_1_94' title="bbox 405 4713 2052 4791; baseline 0.002 -16"><span class='ocrx_word' id='word_1_689' title='bbox 405 4720 548 4775; x_wconf 62' lang='lat' dir='ltr'>nicis</span> <span class='ocrx_word' id='word_1_690' title='bbox 581 4715 798 4791; x_wconf 88' lang='lat' dir='ltr'>gaudia</span> <span class='ocrx_word' id='word_1_691' title='bbox 826 4731 943 4769; x_wconf 89' lang='lat' dir='ltr'>non</span> <span class='ocrx_word' id='word_1_692' title='bbox 975 4713 1089 4770; x_wconf 91' lang='lat' dir='ltr'>nisi</span> <span class='ocrx_word' id='word_1_693' title='bbox 1111 4713 1172 4770; x_wconf 90' lang='lat' dir='ltr'>in</span> <span class='ocrx_word' id='word_1_694' title='bbox 1204 4715 1508 4770; x_wconf 90' lang='lat' dir='ltr'>Dominica</span> <span class='ocrx_word' id='word_1_695' title='bbox 1528 4715 1622 4770; x_wconf 92' lang='lat' dir='ltr'>die</span> <span class='ocrx_word' id='word_1_696' title='bbox 1655 4715 1946 4773; x_wconf 88' lang='lat' dir='ltr'>celebrare</span> <span class='ocrx_word' id='word_1_697' title='bbox 1964 4719 2052 4778; x_wconf 88' lang='lat' dir='ltr'>fas</span> 
     </span>
    </p>
   </div>
   <div class='ocr_carea' id='block_1_95' title="bbox 403 4802 2054 4875">
    <p class='ocr_par' dir='ltr' id='par_1_95' title="bbox 403 4802 2054 4875">
     <span class='ocr_line' id='line_1_95' title="bbox 403 4802 2054 4875; baseline 0.003 -13"><span class='ocrx_word' id='word_1_698' title='bbox 403 4811 510 4875; x_wconf 89' lang='lat' dir='ltr'>est,</span> <span class='ocrx_word' id='word_1_699' title='bbox 541 4805 600 4860; x_wconf 91' lang='lat' dir='ltr'>in</span> <span class='ocrx_word' id='word_1_700' title='bbox 632 4803 780 4859; x_wconf 89' lang='lat' dir='ltr'>serie</span> <span class='ocrx_word' id='word_1_701' title='bbox 809 4807 1162 4874; x_wconf 87' lang='lat' dir='ltr'>temporum,</span> <span class='ocrx_word' id='word_1_702' title='bbox 1209 4808 1266 4860; x_wconf 90' lang='lat' dir='ltr'>et</span> <span class='ocrx_word' id='word_1_703' title='bbox 1303 4802 1492 4875; x_wconf 88' lang='lat' dir='ltr'>prima</span> <span class='ocrx_word' id='word_1_704' title='bbox 1521 4809 1577 4860; x_wconf 91' lang='lat' dir='ltr'>et</span> <span class='ocrx_word' id='word_1_705' title='bbox 1606 4808 1826 4860; x_wconf 88' lang='lat' dir='ltr'>octava.</span> <span class='ocrx_word' id='word_1_706' title='bbox 1860 4806 2054 4867; x_wconf 89' lang='lat' dir='ltr'>Prima</span> 
     </span>
    </p>
   </div>
   <div class='ocr_carea' id='block_1_96' title="bbox 402 4890 2048 4964">
    <p class='ocr_par' dir='ltr' id='par_1_96' title="bbox 402 4890 2048 4964">
     <span class='ocr_line' id='line_1_96' title="bbox 402 4890 2048 4964; baseline 0.003 -14"><span class='ocrx_word' id='word_1_707' title='bbox 402 4894 624 4953; x_wconf 72' lang='lat' dir='ltr'>scilicet</span> <span class='ocrx_word' id='word_1_708' title='bbox 651 4891 762 4960; x_wconf 91' lang='lat' dir='ltr'>die,</span> <span class='ocrx_word' id='word_1_709' title='bbox 815 4891 956 4964; x_wconf 82' lang='lat' dir='ltr'>quia</span> <span class='ocrx_word' id='word_1_710' title='bbox 990 4890 1050 4946; x_wconf 92' lang='lat' dir='ltr'>in</span> <span class='ocrx_word' id='word_1_711' title='bbox 1099 4891 1210 4948; x_wconf 91' lang='lat' dir='ltr'>hac</span> <span class='ocrx_word' id='word_1_712' title='bbox 1268 4891 1520 4964; x_wconf 90' lang='lat' dir='ltr'>primam</span> <span class='ocrx_word' id='word_1_713' title='bbox 1570 4892 1673 4948; x_wconf 93' lang='lat' dir='ltr'>Dei</span> <span class='ocrx_word' id='word_1_714' title='bbox 1723 4899 2048 4956; x_wconf 88' lang='lat' dir='ltr'>creaturam</span> 
     </span>
    </p>
   </div>
   <div class='ocr_carea' id='block_1_97' title="bbox 401 4979 2049 5058">
    <p class='ocr_par' dir='ltr' id='par_1_97' title="bbox 401 4979 2049 5058">
     <span class='ocr_line' id='line_1_97' title="bbox 401 4979 2049 5058; baseline 0.004 -21"><span class='ocrx_word' id='word_1_715' title='bbox 401 4984 615 5038; x_wconf 86' lang='lat' dir='ltr'>factam</span> <span class='ocrx_word' id='word_1_716' title='bbox 642 4979 916 5054; x_wconf 89' lang='lat' dir='ltr'>legimus,</span> <span class='ocrx_word' id='word_1_717' title='bbox 949 4981 1007 5038; x_wconf 92' lang='lat' dir='ltr'>id</span> <span class='ocrx_word' id='word_1_718' title='bbox 1057 4986 1145 5038; x_wconf 89' lang='lat' dir='ltr'>est</span> <span class='ocrx_word' id='word_1_719' title='bbox 1174 4980 1386 5038; x_wconf 91' lang='lat' dir='ltr'>lucem.</span> <span class='ocrx_word' id='word_1_720' title='bbox 1421 4981 1634 5036; x_wconf 89' lang='lat' dir='ltr'>Octava</span> <span class='ocrx_word' id='word_1_721' title='bbox 1661 4986 1879 5052; x_wconf 91' lang='lat' dir='ltr'>autem,</span> <span class='ocrx_word' id='word_1_722' title='bbox 1909 4987 2049 5058; x_wconf 91' lang='lat' dir='ltr'>quia</span> 
     </span>
    </p>
   </div>
   <div class='ocr_carea' id='block_1_98' title="bbox 397 5069 2050 5144">
    <p class='ocr_par' dir='ltr' id='par_1_98' title="bbox 397 5069 2050 5144">
     <span class='ocr_line' id='line_1_98' title="bbox 397 5069 2050 5144; baseline 0.002 -17"><span class='ocrx_word' id='word_1_723' title='bbox 397 5075 486 5127; x_wconf 90' lang='lat' dir='ltr'>est</span> <span class='ocrx_word' id='word_1_724' title='bbox 515 5073 648 5142; x_wconf 89' lang='lat' dir='ltr'>post</span> <span class='ocrx_word' id='word_1_725' title='bbox 693 5071 1024 5144; x_wconf 88' lang='lat' dir='ltr'>septimam,</span> <span class='ocrx_word' id='word_1_726' title='bbox 1057 5089 1122 5128; x_wconf 93' lang='lat' dir='ltr'>eo</span> <span class='ocrx_word' id='word_1_727' title='bbox 1155 5070 1312 5144; x_wconf 90' lang='lat' dir='ltr'>quod</span> <span class='ocrx_word' id='word_1_728' title='bbox 1359 5069 1564 5126; x_wconf 89' lang='lat' dir='ltr'>eadem</span> <span class='ocrx_word' id='word_1_729' title='bbox 1613 5071 1960 5130; x_wconf 85' lang='lat' dir='ltr'>resurrectio</span> <span class='ocrx_word' id='word_1_730' title='bbox 1991 5079 2050 5131; x_wconf 92' lang='lat' dir='ltr'>et</span> 
     </span>
    </p>
   </div>
   <div class='ocr_carea' id='block_1_99' title="bbox 396 5157 2042 5232">
    <p class='ocr_par' dir='ltr' id='par_1_99' title="bbox 396 5157 2042 5232">
     <span class='ocr_line' id='line_1_99' title="bbox 396 5157 2042 5232; baseline 0.004 -19"><span class='ocrx_word' id='word_1_731' title='bbox 396 5157 654 5232; x_wconf 90' lang='lat' dir='ltr'>primum</span> <span class='ocrx_word' id='word_1_732' title='bbox 683 5157 744 5214; x_wconf 92' lang='lat' dir='ltr'>in</span> <span class='ocrx_word' id='word_1_733' title='bbox 767 5159 954 5232; x_wconf 89' lang='lat' dir='ltr'>capite</span> <span class='ocrx_word' id='word_1_734' title='bbox 986 5165 1183 5216; x_wconf 86' lang='lat' dir='ltr'>nostro</span> <span class='ocrx_word' id='word_1_735' title='bbox 1207 5177 1274 5216; x_wconf 90' lang='lat' dir='ltr'>ea</span> <span class='ocrx_word' id='word_1_736' title='bbox 1302 5159 1396 5215; x_wconf 93' lang='lat' dir='ltr'>die</span> <span class='ocrx_word' id='word_1_737' title='bbox 1427 5158 1742 5232; x_wconf 73' lang='lat' dir='ltr'>praecessit,</span> <span class='ocrx_word' id='word_1_738' title='bbox 1766 5163 1824 5216; x_wconf 91' lang='lat' dir='ltr'>et</span> <span class='ocrx_word' id='word_1_739' title='bbox 1843 5167 2042 5219; x_wconf 88' lang='lat' dir='ltr'>nostra</span> 
     </span>
    </p>
   </div>
   <div class='ocr_carea' id='block_1_100' title="bbox 395 5246 2038 5322">
    <p class='ocr_par' dir='ltr' id='par_1_100' title="bbox 395 5246 2038 5322">
     <span class='ocr_line' id='line_1_100' title="bbox 395 5246 2038 5322; baseline 0.002 -20"><span class='ocrx_word' id='word_1_740' title='bbox 395 5249 682 5318; x_wconf 89' lang='lat' dir='ltr'>omnium,</span> <span class='ocrx_word' id='word_1_741' title='bbox 723 5246 824 5320; x_wconf 89' lang='lat' dir='ltr'>qui</span> <span class='ocrx_word' id='word_1_742' title='bbox 874 5264 1080 5302; x_wconf 90' lang='lat' dir='ltr'>sumus</span> <span class='ocrx_word' id='word_1_743' title='bbox 1129 5249 1395 5304; x_wconf 88' lang='lat' dir='ltr'>membra</span> <span class='ocrx_word' id='word_1_744' title='bbox 1441 5247 1648 5322; x_wconf 91' lang='lat' dir='ltr'>ipsius,</span> <span class='ocrx_word' id='word_1_745' title='bbox 1704 5248 1951 5322; x_wconf 73' lang='lat' dir='ltr'>peractis</span> <span class='ocrx_word' id='word_1_746' title='bbox 1981 5268 2038 5308; x_wconf 74' lang='grc' dir='ltr'><strong>γι</strong></span> 
     </span>
    </p>
   </div>
   <div class='ocr_carea' id='block_1_101' title="bbox 394 5335 2036 5409">
    <p class='ocr_par' dir='ltr' id='par_1_101' title="bbox 394 5335 2036 5409">
     <span class='ocr_line' id='line_1_101' title="bbox 394 5335 2036 5409; baseline 0.002 -17"><span class='ocrx_word' id='word_1_747' title='bbox 394 5335 662 5392; x_wconf 69' lang='lat' dir='ltr'>aetatibus</span> <span class='ocrx_word' id='word_1_748' title='bbox 693 5335 980 5404; x_wconf 83' lang='lat' dir='ltr'>laborum,</span> <span class='ocrx_word' id='word_1_749' title='bbox 1014 5339 1072 5392; x_wconf 90' lang='lat' dir='ltr'>et</span> <span class='ocrx_word' id='word_1_750' title='bbox 1113 5337 1378 5408; x_wconf 52' lang='lat' dir='ltr'>septima.</span> <span class='ocrx_word' id='word_1_751' title='bbox 1401 5336 1780 5409; x_wconf 88' lang='lat' dir='ltr'>requietionis</span> <span class='ocrx_word' id='word_1_752' title='bbox 1813 5337 2036 5396; x_wconf 84' lang='lat' dir='ltr'>anima-</span> 
     </span>
    </p>
   </div>
   <div class='ocr_carea' id='block_1_102' title="bbox 333 5422 2035 5500">
    <p class='ocr_par' dir='ltr' id='par_1_102' title="bbox 333 5422 2035 5500">
     <span class='ocr_line' id='line_1_102' title="bbox 333 5422 2035 5500; baseline 0.005 -23"><span class='ocrx_word' id='word_1_753' title='bbox 333 5471 354 5477; x_wconf 67' lang='grc'>,</span> <span class='ocrx_word' id='word_1_754' title='bbox 392 5441 549 5492; x_wconf 90' lang='lat' dir='ltr'>rum,</span> <span class='ocrx_word' id='word_1_755' title='bbox 572 5431 772 5482; x_wconf 87' lang='lat' dir='ltr'>octava</span> <span class='ocrx_word' id='word_1_756' title='bbox 815 5422 1034 5480; x_wconf 91' lang='lat' dir='ltr'>scilicet</span> <span class='ocrx_word' id='word_1_757' title='bbox 1079 5428 1244 5480; x_wconf 66' lang='lat' dir='ltr'>{etate</span> <span class='ocrx_word' id='word_1_758' title='bbox 1289 5424 1365 5479; x_wconf 86' lang='lat' dir='ltr'>sit</span> <span class='ocrx_word' id='word_1_759' title='bbox 1413 5426 1763 5499; x_wconf 87' lang='lat' dir='ltr'>peragenda,</span> <span class='ocrx_word' id='word_1_760' title='bbox 1798 5428 2035 5500; x_wconf 90' lang='lat' dir='ltr'>quando</span> 
     </span>
    </p>
   </div>
   <div class='ocr_carea' id='block_1_103' title="bbox 389 5512 2032 5586">
    <p class='ocr_par' dir='ltr' id='par_1_103' title="bbox 389 5512 2032 5586">
     <span class='ocr_line' id='line_1_103' title="bbox 389 5512 2032 5586; baseline 0.001 -16"><span class='ocrx_word' id='word_1_761' title='bbox 389 5515 654 5586; x_wconf 88' lang='lat' dir='ltr'>ejusdem</span> <span class='ocrx_word' id='word_1_762' title='bbox 686 5512 894 5586; x_wconf 86' lang='lat' dir='ltr'>capitis</span> <span class='ocrx_word' id='word_1_763' title='bbox 922 5529 1122 5568; x_wconf 90' lang='lat' dir='ltr'>vocem</span> <span class='ocrx_word' id='word_1_764' title='bbox 1172 5530 1375 5568; x_wconf 89' lang='lat' dir='ltr'>omnes</span> <span class='ocrx_word' id='word_1_765' title='bbox 1406 5513 1506 5586; x_wconf 87' lang='lat' dir='ltr'>qui</span> <span class='ocrx_word' id='word_1_766' title='bbox 1537 5514 1596 5568; x_wconf 89' lang='lat' dir='ltr'>in</span> <span class='ocrx_word' id='word_1_767' title='bbox 1635 5515 2032 5572; x_wconf 89' lang='lat' dir='ltr'>monumentis</span> 
     </span>
    </p>
   </div>
   <div class='ocr_carea' id='block_1_104' title="bbox 388 5601 2024 5674">
    <p class='ocr_par' dir='ltr' id='par_1_104' title="bbox 388 5601 2024 5674">
     <span class='ocr_line' id='line_1_104' title="bbox 388 5601 2024 5674; baseline 0.001 -13"><span class='ocrx_word' id='word_1_768' title='bbox 388 5608 526 5662; x_wconf 84' lang='lat' dir='ltr'>sunt</span> <span class='ocrx_word' id='word_1_769' title='bbox 547 5604 786 5663; x_wconf 87' lang='lat' dir='ltr'>audient</span> <span class='ocrx_word' id='word_1_770' title='bbox 805 5607 861 5658; x_wconf 89' lang='lat' dir='ltr'>et</span> <span class='ocrx_word' id='word_1_771' title='bbox 881 5603 1212 5674; x_wconf 90' lang='lat' dir='ltr'>precedent.</span> <span class='ocrx_word' id='word_1_772' title='bbox 1237 5601 1408 5659; x_wconf 89' lang='lat' dir='ltr'>Porro</span> <span class='ocrx_word' id='word_1_773' title='bbox 1433 5602 1481 5658; x_wconf 91' lang='lat' dir='ltr'>si</span> <span class='ocrx_word' id='word_1_774' title='bbox 1503 5603 1811 5673; x_wconf 89' lang='lat' dir='ltr'>terminus,</span> <span class='ocrx_word' id='word_1_775' title='bbox 1836 5605 1894 5662; x_wconf 92' lang='lat' dir='ltr'>id</span> <span class='ocrx_word' id='word_1_776' title='bbox 1915 5610 2024 5674; x_wconf 89' lang='lat' dir='ltr'>est,</span> 
     </span>
    </p>
   </div>
   <div class='ocr_carea' id='block_1_105' title="bbox 2163 4628 3804 4706">
    <p class='ocr_par' dir='ltr' id='par_1_105' title="bbox 2163 4628 3804 4706">
     <span class='ocr_line' id='line_1_105' title="bbox 2163 4628 3804 4706; baseline 0.003 -20"><span class='ocrx_word' id='word_1_777' title='bbox 2163 4631 2315 4686; x_wconf 82' lang='lat' dir='ltr'>laevae</span> <span class='ocrx_word' id='word_1_778' title='bbox 2342 4647 2575 4698; x_wconf 89' lang='lat' dir='ltr'>manus,</span> <span class='ocrx_word' id='word_1_779' title='bbox 2599 4633 2656 4685; x_wconf 91' lang='lat' dir='ltr'>et</span> <span class='ocrx_word' id='word_1_780' title='bbox 2685 4629 2959 4701; x_wconf 89' lang='lat' dir='ltr'>deinceps</span> <span class='ocrx_word' id='word_1_781' title='bbox 2989 4645 3092 4702; x_wconf 90' lang='lat' dir='ltr'>per</span> <span class='ocrx_word' id='word_1_782' title='bbox 3121 4628 3382 4686; x_wconf 89' lang='lat' dir='ltr'>ordinem</span> <span class='ocrx_word' id='word_1_783' title='bbox 3413 4631 3678 4706; x_wconf 87' lang='lat' dir='ltr'>singulos</span> <span class='ocrx_word' id='word_1_784' title='bbox 3699 4635 3804 4690; x_wconf 87' lang='lat' dir='ltr'>Ka-</span> 
     </span>
    </p>
   </div>
   <div class='ocr_carea' id='block_1_106' title="bbox 2163 4715 3800 4793">
    <p class='ocr_par' dir='ltr' id='par_1_106' title="bbox 2163 4715 3800 4793">
     <span class='ocr_line' id='line_1_106' title="bbox 2163 4715 3800 4793; baseline 0.002 -19"><span class='ocrx_word' id='word_1_785' title='bbox 2163 4719 2470 4775; x_wconf 89' lang='lat' dir='ltr'>lendarum</span> <span class='ocrx_word' id='word_1_786' title='bbox 2483 4717 2605 4774; x_wconf 90' lang='lat' dir='ltr'>dies</span> <span class='ocrx_word' id='word_1_787' title='bbox 2627 4734 2730 4790; x_wconf 90' lang='lat' dir='ltr'>per</span> <span class='ocrx_word' id='word_1_788' title='bbox 2739 4715 3003 4790; x_wconf 90' lang='lat' dir='ltr'>singulos</span> <span class='ocrx_word' id='word_1_789' title='bbox 3015 4716 3291 4774; x_wconf 90' lang='lat' dir='ltr'>articulos</span> <span class='ocrx_word' id='word_1_790' title='bbox 3312 4719 3800 4793; x_wconf 88' lang='lat' dir='ltr'>summitatesque</span> 
     </span>
    </p>
   </div>
   <div class='ocr_carea' id='block_1_107' title="bbox 2159 4805 3801 4882">
    <p class='ocr_par' dir='ltr' id='par_1_107' title="bbox 2159 4805 3801 4882">
     <span class='ocr_line' id='line_1_107' title="bbox 2159 4805 3801 4882; baseline 0.001 -18"><span class='ocrx_word' id='word_1_791' title='bbox 2159 4807 2424 4864; x_wconf 91' lang='lat' dir='ltr'>omnium</span> <span class='ocrx_word' id='word_1_792' title='bbox 2447 4806 2762 4880; x_wconf 87' lang='lat' dir='ltr'>digitorum</span> <span class='ocrx_word' id='word_1_793' title='bbox 2782 4805 3048 4878; x_wconf 86' lang='lat' dir='ltr'>ejusdem</span> <span class='ocrx_word' id='word_1_794' title='bbox 3072 4823 3282 4862; x_wconf 89' lang='lat' dir='ltr'>manus</span> <span class='ocrx_word' id='word_1_795' title='bbox 3303 4810 3801 4882; x_wconf 89' lang='lat' dir='ltr'>computans,qui-</span> 
     </span>
    </p>
   </div>
   <div class='ocr_carea' id='block_1_108' title="bbox 2159 4893 3798 4970">
    <p class='ocr_par' dir='ltr' id='par_1_108' title="bbox 2159 4893 3798 4970">
     <span class='ocr_line' id='line_1_108' title="bbox 2159 4893 3798 4970; baseline 0.001 -17"><span class='ocrx_word' id='word_1_796' title='bbox 2159 4914 2390 4970; x_wconf 91' lang='lat' dir='ltr'>cunque</span> <span class='ocrx_word' id='word_1_797' title='bbox 2421 4895 2812 4952; x_wconf 90' lang='lat' dir='ltr'>Kalendarum</span> <span class='ocrx_word' id='word_1_798' title='bbox 2843 4893 2966 4950; x_wconf 89' lang='lat' dir='ltr'>dies</span> <span class='ocrx_word' id='word_1_799' title='bbox 2999 4912 3204 4950; x_wconf 88' lang='lat' dir='ltr'>rursus</span> <span class='ocrx_word' id='word_1_800' title='bbox 3231 4894 3292 4951; x_wconf 90' lang='lat' dir='ltr'>in</span> <span class='ocrx_word' id='word_1_801' title='bbox 3320 4896 3524 4952; x_wconf 90' lang='lat' dir='ltr'>eodem</span> <span class='ocrx_word' id='word_1_802' title='bbox 3554 4896 3798 4956; x_wconf 88' lang='lat' dir='ltr'>articulo</span> 
     </span>
    </p>
   </div>
   <div class='ocr_carea' id='block_1_109' title="bbox 2155 4982 3793 5058">
    <p class='ocr_par' dir='ltr' id='par_1_109' title="bbox 2155 4982 3793 5058">
     <span class='ocr_line' id='line_1_109' title="bbox 2155 4982 3793 5058; baseline 0.002 -18"><span class='ocrx_word' id='word_1_803' title='bbox 2155 4985 2426 5058; x_wconf 86' lang='lat' dir='ltr'>expensis</span> <span class='ocrx_word' id='word_1_804' title='bbox 2455 4983 2678 5040; x_wconf 75' lang='lat' dir='ltr'>caeteris</span> <span class='ocrx_word' id='word_1_805' title='bbox 2720 4982 2990 5050; x_wconf 88' lang='lat' dir='ltr'>evenerit,</span> <span class='ocrx_word' id='word_1_806' title='bbox 3022 4983 3340 5040; x_wconf 91' lang='lat' dir='ltr'>terminum</span> <span class='ocrx_word' id='word_1_807' title='bbox 3369 5001 3498 5040; x_wconf 88' lang='lat' dir='ltr'>esse</span> <span class='ocrx_word' id='word_1_808' title='bbox 3545 4986 3793 5043; x_wconf 89' lang='lat' dir='ltr'>noveris.</span> 
     </span>
    </p>
   </div>
   <div class='ocr_carea' id='block_1_110' title="bbox 2155 5072 3796 5148">
    <p class='ocr_par' dir='ltr' id='par_1_110' title="bbox 2155 5072 3796 5148">
     <span class='ocr_line' id='line_1_110' title="bbox 2155 5072 3796 5148; baseline 0.001 -19"><span class='ocrx_word' id='word_1_809' title='bbox 2155 5075 2273 5131; x_wconf 88' lang='lat' dir='ltr'>Hoc</span> <span class='ocrx_word' id='word_1_810' title='bbox 2292 5079 2522 5129; x_wconf 88' lang='lat' dir='ltr'>tantum</span> <span class='ocrx_word' id='word_1_811' title='bbox 2543 5089 2768 5129; x_wconf 88' lang='lat' dir='ltr'>memor</span> <span class='ocrx_word' id='word_1_812' title='bbox 2786 5076 2908 5128; x_wconf 90' lang='lat' dir='ltr'>esto</span> <span class='ocrx_word' id='word_1_813' title='bbox 2930 5072 2989 5127; x_wconf 90' lang='lat' dir='ltr'>in</span> <span class='ocrx_word' id='word_1_814' title='bbox 3013 5073 3287 5128; x_wconf 91' lang='lat' dir='ltr'>omnibus</span> <span class='ocrx_word' id='word_1_815' title='bbox 3311 5072 3578 5130; x_wconf 90' lang='lat' dir='ltr'>terminis</span> <span class='ocrx_word' id='word_1_816' title='bbox 3601 5074 3796 5148; x_wconf 85' lang='lat' dir='ltr'>inqui-</span> 
     </span>
    </p>
   </div>
   <div class='ocr_carea' id='block_1_111' title="bbox 2149 5161 3798 5232">
    <p class='ocr_par' dir='ltr' id='par_1_111' title="bbox 2149 5161 3798 5232">
     <span class='ocr_line' id='line_1_111' title="bbox 2149 5161 3798 5232; baseline 0.001 -14"><span class='ocrx_word' id='word_1_817' title='bbox 2149 5161 2366 5230; x_wconf 91' lang='lat' dir='ltr'>rendis,</span> <span class='ocrx_word' id='word_1_818' title='bbox 2382 5167 2464 5230; x_wconf 91' lang='lat' dir='ltr'>ut,</span> <span class='ocrx_word' id='word_1_819' title='bbox 2480 5178 2612 5218; x_wconf 91' lang='lat' dir='ltr'>cum</span> <span class='ocrx_word' id='word_1_820' title='bbox 2629 5161 2699 5217; x_wconf 91' lang='lat' dir='ltr'>ad</span> <span class='ocrx_word' id='word_1_821' title='bbox 2721 5161 3009 5217; x_wconf 88' lang='lat' dir='ltr'>Kalendas</span> <span class='ocrx_word' id='word_1_822' title='bbox 3039 5161 3429 5232; x_wconf 88' lang='lat' dir='ltr'>computando</span> <span class='ocrx_word' id='word_1_823' title='bbox 3465 5163 3798 5232; x_wconf 89' lang='lat' dir='ltr'>perveneris</span> 
     </span>
    </p>
   </div>
   <div class='ocr_carea' id='block_1_112' title="bbox 2148 5247 3795 5324">
    <p class='ocr_par' dir='ltr' id='par_1_112' title="bbox 2148 5247 3795 5324">
     <span class='ocr_line' id='line_1_112' title="bbox 2148 5247 3795 5324; baseline 0.002 -19"><span class='ocrx_word' id='word_1_824' title='bbox 2148 5251 2420 5323; x_wconf 88' lang='lat' dir='ltr'>deinceps</span> <span class='ocrx_word' id='word_1_825' title='bbox 2450 5267 2552 5324; x_wconf 87' lang='lat' dir='ltr'>per</span> <span class='ocrx_word' id='word_1_826' title='bbox 2583 5249 2870 5306; x_wconf 89' lang='lat' dir='ltr'>Kalendas</span> <span class='ocrx_word' id='word_1_827' title='bbox 2920 5247 3136 5320; x_wconf 85' lang='lat' dir='ltr'>Aprilis</span> <span class='ocrx_word' id='word_1_828' title='bbox 3184 5263 3414 5319; x_wconf 89' lang='lat' dir='ltr'>semper</span> <span class='ocrx_word' id='word_1_829' title='bbox 3452 5248 3795 5310; x_wconf 84' lang='lat' dir='ltr'>calculanda</span> 
     </span>
    </p>
   </div>
   <div class='ocr_carea' id='block_1_113' title="bbox 2147 5334 3792 5412">
    <p class='ocr_par' dir='ltr' id='par_1_113' title="bbox 2147 5334 3792 5412">
     <span class='ocr_line' id='line_1_113' title="bbox 2147 5334 3792 5412; baseline 0.002 -18"><span class='ocrx_word' id='word_1_830' title='bbox 2147 5339 2406 5410; x_wconf 86' lang='lat' dir='ltr'>incedas,</span> <span class='ocrx_word' id='word_1_831' title='bbox 2447 5337 2534 5395; x_wconf 89' lang='lat' dir='ltr'>vel</span> <span class='ocrx_word' id='word_1_832' title='bbox 2589 5343 2721 5412; x_wconf 91' lang='lat' dir='ltr'>post</span> <span class='ocrx_word' id='word_1_833' title='bbox 2767 5337 3054 5394; x_wconf 88' lang='lat' dir='ltr'>Kalendas</span> <span class='ocrx_word' id='word_1_834' title='bbox 3110 5334 3324 5406; x_wconf 89' lang='lat' dir='ltr'>Aprilis</span> <span class='ocrx_word' id='word_1_835' title='bbox 3375 5353 3608 5410; x_wconf 92' lang='lat' dir='ltr'>semper</span> <span class='ocrx_word' id='word_1_836' title='bbox 3653 5341 3792 5396; x_wconf 88' lang='lat' dir='ltr'>anni</span> 
     </span>
    </p>
   </div>
   <div class='ocr_carea' id='block_1_114' title="bbox 2143 5423 3787 5501">
    <p class='ocr_par' dir='ltr' id='par_1_114' title="bbox 2143 5423 3787 5501">
     <span class='ocr_line' id='line_1_114' title="bbox 2143 5423 3787 5501; baseline 0.001 -17"><span class='ocrx_word' id='word_1_837' title='bbox 2143 5429 2360 5496; x_wconf 87' lang='lat' dir='ltr'>Nonas,</span> <span class='ocrx_word' id='word_1_838' title='bbox 2391 5432 2449 5485; x_wconf 89' lang='lat' dir='ltr'>et</span> <span class='ocrx_word' id='word_1_839' title='bbox 2497 5433 2628 5501; x_wconf 89' lang='lat' dir='ltr'>post</span> <span class='ocrx_word' id='word_1_840' title='bbox 2658 5428 2794 5483; x_wconf 91' lang='lat' dir='ltr'>Idus</span> <span class='ocrx_word' id='word_1_841' title='bbox 2823 5427 2895 5481; x_wconf 90' lang='lat' dir='ltr'>ab</span> <span class='ocrx_word' id='word_1_842' title='bbox 2941 5440 3080 5479; x_wconf 82' lang='lat' dir='ltr'>xvm</span> <span class='ocrx_word' id='word_1_843' title='bbox 3132 5423 3418 5480; x_wconf 89' lang='lat' dir='ltr'>Kalendas</span> <span class='ocrx_word' id='word_1_844' title='bbox 3467 5443 3667 5484; x_wconf 88' lang='lat' dir='ltr'>sumas</span> <span class='ocrx_word' id='word_1_845' title='bbox 3714 5428 3787 5484; x_wconf 86' lang='lat' dir='ltr'>ad</span> 
     </span>
    </p>
   </div>
   <div class='ocr_carea' id='block_1_115' title="bbox 2143 5512 3787 5586">
    <p class='ocr_par' dir='ltr' id='par_1_115' title="bbox 2143 5512 3787 5586">
     <span class='ocr_line' id='line_1_115' title="bbox 2143 5512 3787 5586; baseline 0.001 -14"><span class='ocrx_word' id='word_1_846' title='bbox 2143 5517 2478 5573; x_wconf 90' lang='lat' dir='ltr'>terminum.</span> <span class='ocrx_word' id='word_1_847' title='bbox 2513 5517 2582 5572; x_wconf 87' lang='lat' dir='ltr'>Et</span> <span class='ocrx_word' id='word_1_848' title='bbox 2612 5515 2661 5571; x_wconf 92' lang='lat' dir='ltr'>si</span> <span class='ocrx_word' id='word_1_849' title='bbox 2693 5513 2983 5570; x_wconf 88' lang='lat' dir='ltr'>terminus</span> <span class='ocrx_word' id='word_1_850' title='bbox 3021 5513 3148 5586; x_wconf 87' lang='lat' dir='ltr'>ipse</span> <span class='ocrx_word' id='word_1_851' title='bbox 3195 5514 3255 5568; x_wconf 89' lang='lat' dir='ltr'>in</span> <span class='ocrx_word' id='word_1_852' title='bbox 3305 5512 3578 5571; x_wconf 88' lang='lat' dir='ltr'>Kalendis</span> <span class='ocrx_word' id='word_1_853' title='bbox 3607 5514 3697 5570; x_wconf 91' lang='lat' dir='ltr'>vel</span> <span class='ocrx_word' id='word_1_854' title='bbox 3725 5515 3787 5574; x_wconf 91' lang='lat' dir='ltr'>in</span> 
     </span>
    </p>
   </div>
   <div class='ocr_carea' id='block_1_116' title="bbox 2140 5601 3785 5678">
    <p class='ocr_par' dir='ltr' id='par_1_116' title="bbox 2140 5601 3785 5678">
     <span class='ocr_line' id='line_1_116' title="bbox 2140 5601 3785 5678; baseline -0.001 -16"><span class='ocrx_word' id='word_1_855' title='bbox 2140 5604 2335 5678; x_wconf 88' lang='lat' dir='ltr'>aliqua</span> <span class='ocrx_word' id='word_1_856' title='bbox 2365 5601 2673 5662; x_wconf 83' lang='lat' dir='ltr'>Nonarum</span> <span class='ocrx_word' id='word_1_857' title='bbox 2693 5602 2780 5660; x_wconf 89' lang='lat' dir='ltr'>vel</span> <span class='ocrx_word' id='word_1_858' title='bbox 2811 5603 3022 5660; x_wconf 90' lang='lat' dir='ltr'>Iduum</span> <span class='ocrx_word' id='word_1_859' title='bbox 3053 5601 3148 5659; x_wconf 91' lang='lat' dir='ltr'>die</span> <span class='ocrx_word' id='word_1_860' title='bbox 3178 5602 3480 5674; x_wconf 88' lang='lat' dir='ltr'>ocurrerit,</span> <span class='ocrx_word' id='word_1_861' title='bbox 3511 5602 3571 5660; x_wconf 91' lang='lat' dir='ltr'>in</span> <span class='ocrx_word' id='word_1_862' title='bbox 3599 5603 3785 5676; x_wconf 87' lang='lat' dir='ltr'>Aprili</span> 
     </span>
    </p>
   </div>
  </div>
