4166 6172
299 364 395 474 ιδ’
666 372 671 383 ’
1590 410 1822 473 LIBER
1863 408 1965 470 DE
2007 406 2403 470 conpu'ro.
3627 417 3705 474 46

299 562 429 603 esse
450 544 766 602 noveris.Si
784 549 980 602 autem
1002 543 1402 602 Kalendarum
1431 542 1558 600 dies
1580 541 1852 598 inciderit
1870 558 1948 597 xu
1972 541 2027 608 Α
2058 538 2332 612 reperies.
2379 542 2482 597 Est
2522 546 2717 600 autem
2771 544 3057 602 terminus
3104 562 3257 602 Lxxae
3283 545 3435 601 lunae
3466 564 3521 615 x,
3573 564 3703 618 quae

300 634 426 691 Kal.
459 633 641 690 autin
659 639 815 704 ante,
839 634 899 690 id
931 638 1020 691 est
1046 651 1105 691 x1
1142 633 1232 690 vel
1271 651 1309 689 x
1334 636 1435 690 aut
1454 632 1727 705 deinceps
1746 647 1948 687 evene-
2058 626 2134 683 sit
2162 628 2459 684 Februarii
2481 630 2722 699 mensis,
2747 631 2804 688 id
2823 638 2912 689 est
2932 651 3059 706 qua:
3081 633 3140 689 in
3180 633 3278 690 illo
3302 634 3559 691 finiatur.
3595 636 3703 692 Lu-

298 723 395 793 rit,
437 728 569 778 tum
612 728 785 792 retro,
835 723 947 780 hoc
997 726 1086 779 est
1122 722 1182 778 in
1232 721 1463 790 Martio,
1504 737 1651 789 esse,
1686 719 1860 788 scias,
1894 724 1951 775 et
2058 732 2194 770 nam
2226 717 2383 772 enim
2428 720 2718 792 cujusque
2767 721 2987 778 mensis
3035 739 3163 778 eam
3204 723 3457 780 dicimus
3484 742 3612 797 qua:
3641 724 3700 779 in

300 811 598 869 Kalendas
627 811 789 885 ipsas
824 811 1041 885 Aprilis
1067 809 1499 885 pronuntiabis.
1520 809 1621 865 Sin
1643 814 1816 877 retro,
1838 808 1949 864 hoc
2056 804 2183 878 ipso
2220 821 2415 861 mense
2445 807 2702 864 ﬁniatur.

298 906 391 958 est
418 919 515 956 xiv
546 905 646 957 aut
673 918 795 968 xm,
821 900 911 957 vel
950 918 1023 957 vv
1066 900 1168 957 Kal
1200 899 1475 972 deinceps
1504 897 1780 954 acciderit
1810 897 1951 969 quia
2130 894 2704 967 Quadragesimalem
2738 898 3081 954 Terminum
3116 917 3150 956 a
3195 918 3274 956 x11
3328 900 3455 956 Kal.
3509 902 3701 957 Martii

298 990 361 1045 hi
392 990 517 1046 dies
540 988 601 1045 in
628 989 835 1045 Martio
866 994 1000 1045 ante
1020 988 1432 1061 (equinoctium
1459 991 1617 1053 sunt,
1661 986 1721 1041 in
1765 985 1951 1058 Aprili
2058 980 2309 1053 require.
2345 983 2635 1056 Incipiens
2666 1003 2769 1057 per
2797 988 2996 1042 omnia
3017 988 3310 1059 sictacito,
3340 988 3577 1045 sicutde
3601 1008 3703 1045 Lxx

298 1078 670 1152 computabis
691 1077 1031 1145 terminum,
1054 1077 1214 1150 ipsas
1232 1075 1521 1132 Kalendas
1542 1075 1678 1130 Maii
1697 1091 1950 1148 pronun-
2058 1068 2332 1126 diximus.
2366 1072 2467 1127 Est
2496 1078 2690 1129 autem
2724 1073 2865 1130 luna
2888 1094 2927 1131 ιι
2960 1078 3179 1133 mensis
3204 1077 3420 1134 Martii.
3444 1079 3562 1135 Hoc
3604 1097 3701 1134 au-

297 1167 495 1236 tiubis,
543 1168 699 1239 quod
750 1166 940 1222 tribus
983 1171 1215 1222 tantum
1245 1165 1417 1222 annis
1456 1164 1668 1221 accidit
1699 1164 1757 1220 in
1789 1162 1947 1237 cyclo
2055 1162 2175 1214 tem
2209 1158 2268 1214 in
2290 1158 2383 1216 his
2414 1161 2643 1218 duobus
2664 1163 2932 1221 terminis
2952 1165 3311 1234 observabis,
3335 1172 3399 1222 ut
3419 1167 3706 1224 bissextili

298 1254 494 1324 mali,
523 1254 583 1311 id
618 1260 706 1312 est
733 1260 933 1312 octavo
964 1272 1117 1311 anno
1138 1252 1678 1310 terminoexistentc
1697 1271 1791 1309 xiv
1822 1251 1945 1320 Kal,
2058 1264 2213 1303 anno
2244 1264 2359 1304 uno
2385 1249 2478 1305 die
2508 1251 2733 1306 tardius
2759 1252 3051 1326 requirere
3082 1254 3347 1327 incipias,
3380 1255 3437 1311 id
3461 1262 3549 1312 est
3566 1274 3708 1312 Lxxa

302 1344 462 1412 Maii,
509 1349 565 1401 et
596 1344 905 1401 undecimo
956 1344 1220 1415 ejusdem
1262 1342 1406 1416 cycli
1457 1360 1631 1412 anno,
1682 1359 1816 1398 cum
1861 1347 1951 1397 est
2058 1352 2115 1392 Iv
2159 1335 2285 1391 Kal.
2339 1337 2504 1394 Febr.
2555 1358 2611 1395 χι
2662 1358 2794 1397 vero
2828 1344 2900 1398 ab
2950 1361 3007 1398 x1
3048 1342 3174 1399 Kal.
3210 1344 3422 1413 Martii,
3456 1346 3611 1413 quod
3646 1345 3703 1400 in

297 1433 590 1490 terminus
634 1450 751 1488 xvu
785 1432 910 1489 Kal.
944 1432 1100 1500 Maii,
1126 1437 1183 1487 et
1212 1431 1436 1488 decimo
1468 1447 1621 1487 nono
1651 1447 1824 1499 anno,
1848 1430 1950 1503 qui
2058 1422 2188 1480 aliis
2220 1441 2336 1482 non
2368 1426 2548 1484 facias
2578 1429 2863 1486 terminis.
2885 1432 2953 1486 Et
2983 1432 3053 1486 de
3078 1449 3183 1487 axx
3203 1433 3441 1505 quidem
3465 1434 3524 1489 in
3546 1434 3704 1489 omni

298 1534 389 1579 est
416 1520 561 1595 cycli
602 1520 869 1590 ultimus,
921 1520 1239 1577 terminum
1272 1520 1498 1577 habens
1525 1537 1600 1575 xv
1632 1519 1755 1575 Kal.
1791 1518 1946 1574 Maii.
2058 1512 2362 1569 bissextilii
2384 1532 2538 1572 anno
2565 1516 2675 1573 hoc
2705 1519 3060 1576 observabis.
3092 1521 3171 1577 De
3200 1539 3373 1578 XLma
3400 1539 3533 1578 vero
3566 1527 3708 1578 tunc

372 1611 482 1668 Sed
532 1610 781 1666 fortasse
823 1609 1091 1666 dicturus
1140 1613 1230 1665 est
1268 1625 1374 1664 nec
1421 1607 1694 1681 praeteriti
1724 1607 1863 1663 anni
1895 1611 1951 1663 te
2057 1606 2309 1670 tantum,
2343 1620 2476 1658 cum
2510 1604 2635 1677 ipse
2655 1606 2941 1663 terminus
2962 1613 3094 1665 ante
3117 1609 3440 1667 bissextum
3460 1612 3701 1667 venerit.

305 1716 477 1756 nosse
506 1698 826 1755 terminum
859 1698 959 1771 qui
1011 1698 1140 1753 fuit.
1190 1698 1303 1753 Sed
1334 1701 1391 1753 et
1419 1696 1554 1752 inde
1584 1695 1950 1753 consulimus
2058 1689 2363 1760 cistarum,
2398 1692 2446 1749 si
2480 1699 2611 1766 post
2640 1695 2964 1753 bissextum
2994 1702 3308 1754 eventurus
3330 1698 3425 1767 sit,
3444 1699 3620 1755 etiam
3643 1699 3703 1754 in

300 1786 626 1862 imperitiae.
660 1788 879 1860 Nempe
910 1792 967 1843 et
995 1787 1047 1842 si
1078 1785 1335 1842 multum
1364 1783 1543 1841 hebes
1570 1801 1655 1853 es,
1690 1783 1949 1857 primum
2058 1778 2312 1835 bissexto
2342 1779 2494 1837 sicut
2512 1781 2569 1837 in
2594 1782 2726 1840 aliis
2746 1785 2917 1841 annis
2938 1804 3054 1842 χχιι
3079 1786 3207 1842 Kal.
3234 1787 3425 1843 Martii
3449 1788 3699 1860 require.

299 1885 498 1935 tamen
556 1876 765 1933 xixalis
822 1876 968 1951 cycli
1023 1875 1364 1979 terminum,
1416 1879 1728 1979 postquam
1768 1872 1949 1979 semel
1978 1912 2027 1979 Β
2060 1867 2123 1924 Ιιι
2149 1869 2398 1979 termino
2449 1888 2680 1944 quoque
2711 1891 2816 1974 uix
2864 1874 3002 1930 mali
3052 1875 3337 1975 bissextili
3370 1893 3523 1933 anno
3555 1876 3704 1933 solet

300 1964 587 2035 audieris,
638 1964 884 2021 retinere
904 1967 1087 2038 potes,
1119 1962 1178 2019 id
1202 1968 1290 2019 est
1318 1962 1493 2019 Nonae
1512 1961 1694 2036 April.
1719 1961 1880 2029 Quod
1900 1960 1951 2018 si
1978 1956 2027 1979 ”
2056 1956 2284 2014 evenire
2310 1957 2453 2015 luna
2479 1978 2556 2027 χι,
2606 1963 2762 2033 quod
2793 1962 2921 2020 ideo
2952 1962 3144 2020 notavi
3194 1980 3267 2021 ne
3316 1980 3452 2021 cum
3482 1964 3705 2021 venerit

301 2054 561 2127 reliquos
599 2052 817 2110 oblitus
866 2070 949 2122 es,
1002 2055 1279 2125 computa
1320 2049 1580 2124 primum
1628 2055 1844 2123 quotus
1874 2050 1953 2108 sit
2056 2046 2321 2102 turbaret
2340 2046 2777 2106 calculatorem.

302 2160 497 2200 annus
545 2142 689 2215 cycli
734 2140 940 2198 xixslis
987 2158 1091 2215 per
1138 2143 1552 2213 argumentum
1584 2140 1740 2212 quod
1768 2156 1952 2212 supra
2130 2134 2444 2193 Terminus
2477 2138 2866 2212 Rogationum
2896 2142 3056 2197 omni
3096 2146 3358 2215 tempore
3400 2159 3435 2198 a
3482 2160 3522 2197 ιι
3552 2142 3703 2198 Non.

301 2232 691 2290 ostendimus.
714 2230 785 2287 Et
821 2230 979 2286 hunc
1008 2247 1142 2287 cum
1171 2228 1480 2299 inveneris,
1514 2232 1789 2303 computa
1815 2227 1949 2284 toti-
2060 2221 2196 2278 Maii
2227 2224 2563 2297 requiritur,
2588 2232 2645 2283 et
2664 2229 2861 2285 omnia
2881 2228 3020 2285 utin
3039 2229 3443 2302 superioribus
3463 2248 3703 2304 compu-

302 2322 437 2377 dem
468 2319 754 2376 terminos
796 2335 829 2375 a
875 2317 1057 2375 Nonis
1094 2317 1330 2392 Aprilis,
1382 2321 1599 2391 quotus
1640 2320 1717 2373 sit
1760 2333 1951 2373 annus
2057 2314 2278 2379 tantur,
2302 2317 2360 2368 et
2388 2320 2477 2371 est
2511 2315 2675 2373 Luna
2702 2336 2775 2374 xx
2804 2335 2932 2391 quae
2956 2319 3177 2375 mensis
3205 2319 3362 2375 Maii.

301 2408 470 2483 cycli,
500 2412 558 2463 et
584 2424 761 2480 quem
782 2406 1177 2463 terminumin
1198 2406 1401 2462 eodem
1422 2405 1625 2462 ordine
1646 2404 1947 2478 repereris,
2132 2399 2498 2459 Pentecostes
2546 2407 2836 2464 terminus
2875 2424 2910 2463 a
2956 2425 3055 2464 xui
3102 2407 3229 2463 Kal.
3280 2406 3443 2465 Junii
3475 2425 3706 2480 semper

300 2498 500 2572 ipsum
532 2514 661 2553 esse
690 2496 843 2553 scias
873 2513 1047 2569 quem
1080 2496 1314 2569 quieris.
1368 2495 1437 2550 Et
1481 2498 1546 2549 ut
1584 2492 1952 2550 manifestius
2060 2489 2379 2561 requiritur
2409 2510 2511 2564 per
2539 2495 2755 2564 omnia,
2789 2497 2943 2554 sicut
2961 2497 3310 2570 superiores,
3334 2498 3436 2569 qui
3457 2498 3708 2554 estluna

303 2585 461 2659 quod
474 2584 729 2641 dicimus
741 2585 1026 2653 advertas,
1052 2583 1209 2639 verbi
1233 2582 1441 2657 gratia.
1457 2582 1505 2638 si
1522 2581 1952 2654 fueritquintus
2060 2594 2118 2632 ιν
2146 2578 2411 2649 ejusdem
2432 2583 2671 2639 mensis.
2692 2584 2908 2642 Omnes
2932 2604 3063 2642 vero
3087 2585 3319 2641 termini
3339 2604 3457 2644 una
3474 2588 3707 2642 eadem-

304 2691 461 2747 saepe
492 2672 714 2746 praefati
746 2671 911 2745 cycli,
957 2675 1232 2744 computa
1261 2669 1526 2743 singulos
1573 2669 1856 2726 terminos
1885 2687 1951 2726 eo
2061 2681 2177 2736 que
2210 2666 2351 2723 feria
2380 2671 2736 2741 provenient,
2784 2679 2841 2730 et
2872 2679 2935 2729 ut
2958 2674 3198 2741 Pascha,
3222 2675 3307 2731 sic
3343 2680 3559 2732 cetera:
3585 2673 3709 2731 ista:

304 2780 425 2836 quo
451 2761 707 2817 diximus
732 2760 926 2826 modo,
958 2778 991 2815 a
1016 2758 1197 2817 Nonis
1216 2758 1397 2832 April.
1421 2762 1657 2831 sumpto
1679 2756 1863 2827 initio,
1898 2763 1955 2814 et
2062 2754 2404 2812 festivitates
2425 2758 2481 2813 in
2506 2759 2874 2817 Dominicum
2894 2762 3048 2819 diem
3078 2762 3542 2834 protelabuntur;
3567 2767 3624 2818 et
3646 2767 3712 2817 ut

304 2849 646 2924 quicunque
666 2847 1035 2904 voccurrerit
1056 2846 1364 2915 terminus,
1387 2845 1632 2919 ipsumv
1654 2864 1808 2903 anno
1828 2864 1956 2904 esse
2064 2841 2136 2896 de
2168 2840 2409 2912 Pascha,
2445 2846 2529 2902 sic
2562 2848 2632 2903 de
2661 2849 2886 2907 caeteris
2918 2849 3193 2921 intellige,
3238 2855 3302 2905 ut
3339 2849 3390 2905 si
3419 2850 3479 2905 in
3512 2850 3707 2905 Domi-

306 2939 464 2996 scias
496 2955 648 3011 sazpe
691 2936 831 2993 dicti
881 2937 1047 3011 cycli.
1103 2938 1197 2994 Sic
1244 2935 1469 2993 caeteris
1515 2935 1688 2992 annis
1734 2936 1956 2993 faciens
2066 2928 2197 2986 nico
2227 2931 2320 2988 die
2349 2936 2621 3007 evenerit,
2656 2938 2715 2995 in
2744 2938 2994 2995 alterum
3033 2937 3405 2995 festivitatem
3454 2938 3710 3009 differas,

310 3026 589 3083 facillime
618 3026 906 3099 cuiusque
938 3024 1076 3080 anni
1107 3025 1426 3081 terminum
1463 3024 1741 3081 invenies.
2628 3054 2863 3111 CAPUT
2899 3038 3139 3111 xxxvi.

647 3214 660 3227 .
815 3214 826 3227 ι
881 3123 1114 3229 CAPUT
1152 3124 1389 3229 X‘XXIV:
1457 3214 1469 3228 .
1575 3222 1587 3229 Δ
1730 3214 1742 3229 .
1794 3213 1805 3227 .
2072 3149 2152 3200 De
2180 3147 2367 3229 tribus
2393 3151 2561 3206 annis
2588 3154 2880 3229 xxxalibus
2900 3154 3067 3222 cycli,
3098 3153 3155 3207 in
3185 3152 3387 3229 quibus
3415 3152 3554 3206 luna
3581 3168 3712 3229 epa-

456 3215 610 3272 Unde
638 3215 1009 3270 inveniuntur
1031 3216 1331 3285 regulares
1359 3215 1537 3285 ipsius
1566 3215 1821 3269 termini.
1996 3281 2035 3297 η
2140 3227 2367 3297 clarum
2388 3239 2501 3277 non
2528 3236 2719 3281 servat
2747 3215 3110 3290 ordinem,“
3139 3215 3390 3297 qualiter
3419 3215 3713 3282 Paschalis

384 3310 704 3385 Regulares
735 3315 933 3367 autem
963 3281 1134 3382 cujus
1157 3281 1489 3385 [cujusque]
1509 3310 1744 3368 termini
1766 3327 1957 3383 reper-
1992 3281 2029 3347 Ο

1018 3281 1134 3382 ijus
1157 3281 1489 3385 [cujusque]
1509 3310 1744 3368 termini
1766 3327 1957 3383 reper-
1992 3281 2036 3347 Ο
2147 3292 2285 3347 (una
2312 3295 2663 3352 οὺδενυθίαν·

311 3406 505 3467 turus,
540 3416 690 3473 pone
714 3417 946 3472 semper
974 3400 1102 3455 Kal.
1149 3399 1363 3472 Aprilis
1404 3400 1461 3455 in
1495 3399 1686 3472 prima
1707 3400 1871 3467 feria,
1904 3403 1962 3455 et
2139 3406 2220 3461 De
2250 3406 2393 3463 luna
2420 3410 2753 3466 embolismi
2780 3409 3271 3466 boesolummodo
3285 3410 3714 3466 adnectendum

312 3493 591 3563 computa
638 3488 904 3562 singulos
941 3488 1338 3545 Kalendarum
1383 3488 1507 3546 dies
1557 3505 1660 3562 per
1697 3487 1962 3561 singulas
2069 3496 3716 3571 censui,quodnunqaumcursuirefragaturepactarum,

313 3579 490 3635 ferias
523 3594 709 3649 usque
739 3578 812 3633 ad
844 3577 1185 3645 terminum,
1222 3582 1278 3633 et
1298 3576 1358 3632 in
1381 3582 1559 3649 quota
1588 3576 1733 3634 feria
1762 3576 1961 3632 termi-
2070 3583 2323 3656 exceptis
2355 3584 2543 3641 tribus
2583 3586 2755 3642 annis
2792 3587 2936 3659 cycli
2964 3586 3193 3653 xixalis,
3244 3592 3443 3642 octavo
3491 3586 3715 3642 scilicet

313 3682 458 3723 num
488 3681 783 3738 quemque
809 3664 1113 3736 repereris,
1143 3669 1228 3720 tot
1266 3665 1563 3739 regulares
1590 3664 1676 3720 illi
1698 3664 1960 3722 tribuito.
2071 3688 2246 3737 anno,
2276 3672 2377 3743 qui
2417 3674 2637 3746 ogdoas
2681 3674 3007 3746 appellatur
3050 3674 3264 3741 Greece,
3296 3679 3354 3729 et
3383 3674 3713 3741 undecimo,

310 3753 577 3827 Exempli
609 3770 823 3810 causa:
859 3754 1010 3810 Pone
1040 3753 1145 3809 Kal
1174 3753 1355 3826 April.
1398 3754 1458 3809 in
1499 3753 1693 3827 prima
1713 3754 1874 3820 feria,
1908 3758 1966 3809 et
2072 3776 2297 3816 necnon
2327 3760 2552 3817 decimo
2582 3778 2756 3829 nono,
2808 3762 2911 3835 qui
2954 3767 3043 3818 est
3083 3762 3350 3829 ultimus,
3397 3767 3454 3818 et
3502 3761 3715 3817 dicitur

312 3847 632 3903 occurrunt
659 3842 834 3900 Nonas
881 3842 1096 3915 Aprilis
1134 3842 1195 3897 in
1225 3843 1434 3914 quinta
1462 3842 1623 3898 feria.
1656 3842 1758 3899 Dic
1787 3857 1962 3914 ergo:
2071 3849 2319 3904 endecas
2332 3849 2544 3915 Greece,
2570 3850 2725 3921 quod
2753 3856 2885 3922 post
2904 3851 3226 3922 ogdoadem
3246 3850 3323 3905 sit
3345 3848 3710 3905 undecimus.

312 3933 492 3989 Nona:
520 3931 736 4004 Aprilis
765 3936 983 3988 norunt
1014 3932 1249 4003 quinos.
1284 3932 1378 3988 Sic
1410 3932 1483 3988 de
1512 3932 1735 3988 cmteris
1765 3930 1962 3999 facies,
2073 3937 2136 3992 In
2168 3937 2385 4008 quibus
2412 3937 2585 3993 annis
2623 3942 2827 3993 contra
2865 3937 3348 3994 consuetudinem
3376 3942 3714 4009 epactarum

316 4026 374 4078 et
397 4020 765 4092 singulorum
788 4020 1085 4093 regulares
1110 4022 1333 4093 absque
1357 4038 1551 4077 errore
1572 4020 1844 4093 reperies.
1861 4019 1965 4075 Hic
2070 4025 2131 4081 in
2153 4025 2508 4097 quibusdam
2529 4025 2806 4083 Kalendis
2836 4026 3109 4082 occurrit.
3138 4026 3578 4082 Ostendendum
3612 4024 3715 4103 ubi

316 4114 517 4167 autem
545 4107 691 4164 illud
722 4110 977 4177 attende,
1013 4114 1078 4164 ut
1106 4109 1156 4165 si
1188 4108 1476 4166 terminus
1512 4115 1645 4166 ante
1673 4108 1966 4166 Kalendas
2072 4116 2336 4171 ordinem
2358 4115 2596 4170 tribuat.
2617 4115 2830 4172 Octavo
2853 4115 3033 4189 igitur
3055 4132 3210 4172 anno
3231 4114 3453 4187 epactis
3470 4114 3717 4172 existen-

314 4203 452 4264 est,
530 4201 683 4253 retro
756 4200 1061 4270 computes
1135 4203 1193 4253 et
1264 4197 1556 4254 Kalendas
1638 4203 1695 4254 et
1765 4196 1963 4254 ferias.
2072 4205 2231 4260 tibus
2259 4221 2375 4260 xvn
2405 4194 2828 4260 embolismalis
2858 4203 3000 4260 luna
3027 4221 3068 4260 ιι
3099 4203 3247 4259 Non.
3274 4201 3465 4259 Martii
3486 4201 3711 4273 incipit,

313 4285 494 4342 Verbi
541 4284 774 4358 gratia:
832 4284 1038 4358 positis
1096 4285 1375 4342 Kalendis
1434 4285 1494 4341 in
1553 4285 1744 4358 prima
1799 4285 1962 4354 feria,
2071 4293 2390 4363 ﬁniturque
2435 4310 2453 4346 ι
2500 4292 2647 4348 Non.
2705 4292 2887 4364 April.
2935 4310 3100 4360 xxxa,
3148 4291 3284 4348 licet
3328 4292 3392 4346 in
3435 4289 3620 4363 Aprili
3646 4290 3714 4345 fi-

315 4391 460 4431 mox
512 4372 695 4447 pridie
743 4373 871 4429 Kal.
940 4373 1001 4429 in
1060 4373 1311 4446 septima
1359 4374 1503 4429 feria
1556 4379 1748 4441 retro,
1799 4372 1851 4430 ei
1901 4390 1963 4427 ιιι
2071 4380 2395 4453 niatur,qui
2415 4397 2718 4452 nunquam
2749 4380 2925 4438 habet
2943 4398 3072 4436 xxx.
3110 4381 3227 4436 Ista
3245 4380 3403 4437 enim
3422 4395 3528 4435 nec
3546 4378 3714 4451 Apri-

313 4462 452 4520 Kal.
479 4461 539 4518 in
563 4466 725 4519 sexta
762 4462 925 4531 feria,
975 4468 1032 4519 et
1081 4462 1166 4519 sic
1212 4462 1488 4535 deinceps
1534 4466 1685 4518 retro
1734 4478 1967 4533 semper
2071 4470 2143 4526 lis
2164 4475 2273 4536 est,
2308 4486 2414 4524 nec
2438 4468 2689 4541 alicujus
2714 4468 2956 4537 mensis,
2987 4469 3088 4525 sed
3108 4466 3550 4535 embolismalis,
3584 4482 3713 4536 quae

315 4568 513 4624 usque
533 4551 605 4606 ad
642 4551 982 4608 terminum.
1016 4552 1076 4608 Si
1105 4568 1239 4607 vero
1271 4556 1403 4624 post
1431 4550 1722 4606 Kalendas
1751 4548 1966 4621 Aprilis
2073 4559 2295 4615 nullius
2326 4575 2588 4630 unquam
2617 4557 2833 4613 dicitur
2869 4556 3112 4623 mensis,
3155 4561 3212 4613 et
3248 4573 3479 4627 semper
3505 4571 3717 4610 xxxma

314 4639 517 4709 fuerit,
549 4638 610 4695 in
641 4644 773 4695 ante
802 4639 1003 4695 omnia
1032 4639 1421 4712 computabis.
1456 4638 1711 4695 Inventis
1744 4636 1959 4711 regula-

2072 4653 2463 4719 computatur.
2497 4645 2774 4717 Sequitur
2801 4645 2945 4701 luna
2971 4644 3204 4717 Aprilis,
3237 4662 3366 4716 qua:
3398 4648 3487 4699 est
3523 4647 3580 4699 et
3610 4643 3714 4699 Pa-

314 4728 778 4801 ribusjungemt
795 4728 1018 4784 dictum
1039 4733 1147 4797 θεῖν
1162 4734 1577 4785 concurrentes
1598 4726 1784 4799 ll’Siu8
1804 4727 1963 4795 anni.
2074 4736 2311 4804 schalis,
2342 4755 2378 4791 a
2406 4735 2553 4790 Non.
2586 4733 2800 4807 Aprilis
2825 4734 3130 4807 incipiens,
3159 4732 3477 4803 ﬁniturque
3504 4749 3542 4786 v
3564 4732 3712 4787 Non.

314 4823 377 4874 et
399 4817 460 4871 in
478 4821 660 4887 quota
680 4816 1649 4891 feriaterminusveniat,reperiens
1671 4816 1772 4890 [sic
1797 4815 1963 4889 cod.],
2075 4825 2233 4892 Maii,
2268 4842 2395 4896 qua;
2427 4840 2797 4895 nequaquam
2830 4839 3039 4878 xxxma
3066 4825 3456 4893 computatur,
3490 4818 3625 4874 licet
3654 4817 3717 4873 in

316 4905 643 4963 adveniens
672 4904 903 4961 Domini
926 4905 1149 4962 Pascha
1177 4906 1562 4964 celebramus.
1596 4906 1795 4962 Restat
1812 4922 1967 4961 nunc
2078 4914 2228 4970 Maio
2248 4915 2505 4981 ﬁniatur,
2529 4929 2664 4969 cum
2685 4928 2919 4983 semper
2935 4910 3245 4967 Maiusxxx
3263 4906 3714 4974 habeatlunam;

314 4994 630 5052 ostendere
660 4993 909 5066 qualiter
938 5011 1040 5066 per
1066 4994 1226 5049 hunc
1248 4994 1437 5051 ceteri
1470 4994 1834 5067 reperiantur
1852 4998 1966 5050 ter-
2077 5003 2217 5075 quia
2245 5002 2376 5069 ista,
2406 5006 2471 5056 ut
2495 5002 2721 5057 dictum
2751 5004 2860 5067 est,
2894 4999 3007 5054 nod
3039 4997 3195 5066 Maii,
3233 4997 3337 5053 sed
3365 4994 3579 5069 Aprilis
3606 4999 3715 5051 est.

316 5081 493 5139 mini-
2078 5094 2179 5149 Est
2210 5097 2405 5147 autem
2445 5090 2504 5144 in
2549 5088 2827 5145 Kalendis
2856 5085 2992 5143 Maii
3022 5101 3294 5152 xxvnma,
3328 5084 3597 5158 quamvis
3627 5102 3719 5141 se-

910 5171 1143 5228 CAPUT
1172 5170 1383 5227 ΧΧΧν·
2079 5183 2338 5238 cundum
2370 5179 2655 5234 rationem
2684 5180 3023 5249 epactarum
3070 5190 3138 5229 ac
3185 5173 3542 5245 regularium
3591 5190 3719 5229 esse

316 5260 589 5331 Qualiter
602 5262 1055 5329 perPaschalem
1066 5262 1380 5317 terminum
1401 5261 1601 5316 cwteri
1609 5260 1961 5316 inveniantur

2082 5269 2415 5327 debuerit...
2451 5266 2658 5337 Incipit
2684 5281 2816 5320 vero
2837 5264 2979 5319 luna
2999 5263 3137 5319 Maii
3168 5282 3223 5319 1v
3248 5265 3395 5320 Non.
3427 5262 3633 5335 ipsius,
3667 5268 3723 5316 et

388 5365 951 5438 Septuagesimalem
966 5367 1282 5422 terminum
1299 5365 1557 5421 invenire
1571 5366 1832 5439 cupiens,
1847 5366 1975 5421 vide
2084 5360 2287 5416 finitur
2306 5375 2361 5413 iv
2382 5357 2529 5411 Non.
2554 5353 2715 5410 Junii
2736 5370 2945 5408 xxxma
2965 5352 3237 5420 existens,
3263 5351 3403 5423 quia
3424 5368 3539 5439 non
3560 5350 3721 5407 Junii

320 5454 585 5527 primum
618 5459 761 5526 quot
781 5455 990 5511 diebus
1011 5455 1309 5511 Paschalis
1332 5453 1620 5510 terminus
1638 5471 1671 5508 a
1698 5454 1975 5509 Kalendis
2085 5450 2182 5505 sed
2218 5446 2375 5502 Maii.
2407 5442 2568 5499 Junii
2593 5447 2785 5498 autem
2807 5441 2947 5498 luna
2966 5460 3029 5497 ιιι
3056 5442 3202 5497 Non.
3226 5440 3412 5512 ipsius
3436 5438 3723 5511 incipiens

315 5542 508 5615 April.
542 5542 715 5610 absit,
768 5543 887 5599 sive
918 5549 1088 5610 retro,
1124 5544 1242 5600 sive
1272 5550 1425 5609 ante,
1460 5549 1516 5599 et
1547 5547 1821 5613 computa
1850 5542 1977 5597 toti-
2086 5534 2359 5595 ﬁniturin
2384 5531 2528 5604 ipsis
2550 5530 2823 5586 Kalendis
2839 5529 3001 5598 Julii,
3026 5536 3307 5625 etxxixna
3327 5534 3719 5599 computatur,

318 5634 459 5687 dem
490 5630 616 5687 dies
646 5649 681 5687 a
708 5650 745 5686 ν
790 5632 916 5688 Kal.
970 5631 1290 5688 Februarii.
1324 5631 1606 5688 Similiter
1631 5629 1720 5685 vel
1751 5629 1811 5684 in
1843 5638 1976 5686 ante
2086 5628 2237 5684 sicut
2266 5640 2495 5694 semper
2524 5620 2666 5676 luna
2684 5620 2865 5686 Junii,
2900 5637 3033 5675 cum
3057 5618 3379 5674 secundum
3402 5623 3635 5689 cpactas
3658 5636 3723 5670 ac

318 5719 414 5778 vel
463 5728 619 5779 retro
676 5730 732 5780 et
787 5721 1107 5779 terminum
1170 5739 1369 5778 Lxxem
1421 5722 1643 5793 absque
1700 5719 1975 5791 scrupulo
2087 5713 2382 5787 regulares
2412 5727 2621 5768 xxxma
2650 5712 3039 5780 computetur.
3091 5707 3263 5762 Porro
3310 5704 3451 5763 Julii
3498 5705 3638 5760 luna
3669 5723 3724 5759 v1
