4148 6184
439 435 517 495 47
1118 429 1534 492 HELPERICI
1576 423 1931 492 MONAGHI
1971 423 2036 485 S.
2085 400 2310 484 GALLI
2353 416 2586 485 LIBER
2628 425 2730 487 DE
2762 427 3154 494 COMPUTO.
3757 411 3836 492 48
3878 446 3882 452 ’

439 565 766 636 Νοιι.ὀ]ιιε
821 561 1168 638 inchoatur,
1219 566 1278 618 et
1331 561 1536 618 ﬁnitur
1581 560 1641 616 in
1699 560 1829 632 ipso
1883 570 2082 612 mense
2117 554 2172 620 Α

437 667 666 722 xxxma,
689 669 730 708 ιι
755 651 882 707 Kal.
905 643 1054 724 Eug.
1085 654 1144 707 et
1167 651 1335 708 ﬁnita
1363 655 1452 708 est
1478 648 1638 706 illius
1669 643 2079 705 controversia.

438 745 790 816 Epactarum
822 744 1018 796 autem
1047 738 1216 796 lectio
1247 739 1358 796 hoc
1387 756 1540 796 anno
1571 756 1635 795 ιιι
1679 736 1806 792 Kal.
1850 731 1986 790 Maii
2015 748 2081 786 ac

435 829 578 889 Julii
607 829 890 886 dissonat.
941 829 1116 884 Porro
1152 828 1460 885 undecimo
1494 825 1637 900 cycli
1667 823 1874 880 Xixalis
1903 835 2078 886 anno,

437 920 538 994 qui
551 908 2078 991 habetepactasxxdunaembolismalisineipit“Non.

441 1010 575 1066 Dee.
601 1012 656 1064 et
679 1006 881 1062 ﬁnitur
899 1023 954 1060 ιν
968 1005 1114 1060 Non.
1139 994 2081 1059 Januarii.AtverolunaJanuarii

438 1115 501 1152 ιιι
531 1097 679 1151 Νοιι.
710 1092 898 1166 ipsius
927 1091 1151 1163 incipit,
1183 1094 1240 1145 et
1269 1090 1474 1144 ﬁnitur
1499 1089 1562 1144 in
1610 1085 1738 1142 Kal.
1783 1084 2080 1142 Februarii

433 1200 645 1240 xxxma
669 1181 943 1246 existens,
970 1179 1121 1251 quod
1147 1185 1204 1234 et
1233 1179 1400 1234 lectio
1430 1183 1770 1250 epactarum
1803 1174 2078 1231 ostendit.

437 1271 714 1345 Sequitur
732 1273 926 1326 autem
947 1268 1090 1322 luna
1120 1266 1416 1324 Februarii
1448 1284 1505 1322 ιν
1528 1267 1675 1322 Non.
1691 1263 1996 1337 incipiens,
2022 1264 2082 1317 ﬁ-

436 1361 722 1432 niensque
737 1377 793 1414 v1
821 1359 970 1414 Non.
996 1355 1208 1412 Martii.
1233 1357 1386 1423 Quae,
1413 1355 1552 1427 quia
1564 1355 1730 1411 Febr.
1745 1352 2002 1420 est,lieet
2021 1351 2080 1406 in

436 1449 644 1506 Martio
675 1445 932 1514 ﬁniatur,
975 1461 1144 1500 xxxxa
1194 1449 1598 1516 computatur;
1643 1442 1754 1498 nisi
1787 1443 1930 1497 forte
1961 1439 2079 1496 bis-

435 1541 632 1596 sextus
661 1537 771 1593 hoc
822 1533 1048 1590 eveniat
1089 1550 1264 1600 anno,
1313 1532 1415 1604 qui
1456 1549 1688 1604 semper
1733 1531 1936 1586 lunam
1979 1531 2079 1586 Fe-

433 1625 654 1683 bruarii
698 1640 906 1680 xxxam
946 1621 1274 1694 computari
1304 1621 1476 1694 cogit.
1512 1621 1678 1676 Luna
1707 1637 1942 1692 quoque
1971 1619 2082 1675 hoc

433 1733 586 1774 anno
635 1715 697 1770 in
744 1713 872 1770 Kal.
923 1710 1115 1767 Martii
1146 1711 1471 1768 secundum
1501 1714 1839 1782 epactarum
1869 1709 2080 1764 seriem

432 1821 644 1862 xxrxna
659 1820 785 1860 esse
797 1799 1017 1868 debuit,
1042 1800 1142 1856 sed
1158 1803 1394 1872 propter
1405 1797 1817 1854 embolismum
1830 1813 2083 1852 xxvmva

433 1891 704 1960 occurrit,
737 1893 974 1961 excepto
999 1885 1284 1944 bissextili
1314 1903 1489 1942 anno.
1523 1884 1584 1941 Si
1615 1885 1771 1942 enim
1791 1885 1904 1940 hoc
1924 1901 2078 1940 anno

432 1984 728 2040 bissextus
758 1976 954 2044 fuerit;
985 1981 1124 2032 tunc
1156 1975 1217 2031 in
1247 1973 1526 2030 Kalendis
1545 1973 1749 2030 Martii
1761 1989 1976 2028 xxxxna
1995 1989 2080 2030 se-

433 2072 694 2129 cundum
713 2067 1044 2133 lectionem,
1069 2069 1126 2120 et
1141 2063 1468 2120 secundum
1497 2061 1657 2118 illius
1677 2061 1816 2116 anni
1836 2058 2081 2118 calcula-

431 2160 652 2218 tionem
683 2155 998 2232 proveniet,
1032 2159 1090 2210 et
1117 2157 1182 2208 ut
1209 2151 1430 2208 dictum
1459 2156 1569 2220 est,
1601 2169 1658 2208 v1
1689 2151 1836 2208 Non.
1885 2151 2078 2207 Martii

430 2266 600 2306 xxxa.
628 2246 848 2304 Deinde
876 2243 1022 2300 luna
1048 2242 1237 2316 ipsius
1257 2240 1451 2298 Martii
1471 2257 1509 2298 ν
1529 2241 1676 2298 Non.
1699 2241 1829 2312 ejus
1849 2240 2074 2314 incipit,

432 2339 752 2408 ﬁniturque
771 2334 832 2391 in
862 2333 991 2390 Kal.
1021 2330 1258 2406 Aprilis,
1291 2335 1348 2387 et
1376 2331 1702 2388 secundum
1732 2336 1987 2402 epactas,
2022 2336 2080 2388 et

421 2425 1028 2501 juxtapraecedentcm
1050 2418 1497 2478 calculationem
1508 2435 1720 2474 xxxma
1739 2435 2073 2475 occurrens.

429 2517 606 2574 Porro
632 2531 689 2570 ιν
713 2513 861 2570 Νοιι.
889 2509 1072 2582 April.
1103 2508 1246 2565 luna
1271 2508 1460 2581 ipsius
1489 2506 1794 2575 inchoans,
1829 2525 1957 2580 quae
1989 2513 2079 2564 est

429 2609 486 2662 et
516 2599 836 2669 Paschalis,
863 2598 1068 2654 ﬁnitur
1093 2597 1154 2652 in
1186 2596 1314 2652 Kal.
1341 2595 1478 2652 Maii
1506 2613 1717 2652 xxxxna
1748 2593 1900 2651 sicut
1929 2611 2078 2652 sem-
2130 2647 2134 2652 .

431 2711 536 2767 per
563 2692 768 2757 habet;
798 2693 856 2745 et
885 2686 1053 2743 ﬁnita
1097 2691 1186 2742 est
1227 2703 1434 2743 rursus
1484 2689 1542 2742 et
1583 2684 1746 2740 illius
1776 2685 1915 2740 anni
1937 2702 2074 2740 con-

428 2779 730 2839 troversia.
759 2779 832 2834 At
861 2791 994 2832 vero
1015 2792 1184 2831 xxxus
1215 2791 1408 2830 annus
1427 2778 1663 2846 epactas
1684 2773 1908 2830 habens
1935 2791 2075 2831 xvm

430 2866 898 2930 embolismalem
929 2865 1132 2921 lunam
1163 2881 1226 2920 ιιι
1258 2863 1406 2920 Non.
1439 2861 1632 2918 Martii
1653 2861 1959 2931 inchoans,
1993 2862 2075 2918 ni-

399 2991 404 2999 ~
428 2957 755 3016 hilominus
781 2972 846 3011 ιιι
875 2954 1022 3010 Non.
1065 2951 1280 3025 Aprilis
1309 2967 1438 3006 eam
1465 2951 1762 3020 terminat,
1795 2957 2074 3023 sequente

426 3042 572 3104 luna
597 3042 832 3117 Aprilis,
865 3059 994 3114 quas
1031 3044 1121 3096 est
1148 3043 1206 3096 et
1234 3038 1552 3106 Paschalis,
1586 3039 1739 3095 sicut
1767 3056 2000 3112 semper
2032 3059 2072 3096 ιι

427 3137 575 3192 Νοιι.
607 3131 818 3206 ipsius,
851 3135 1202 3204 peractaque
1231 3145 1290 3184 v1
1319 3128 1465 3184 Non.
1499 3127 1667 3196 Maii;
1697 3133 1756 3184 et
1782 3127 1904 3184 haec
1935 3127 2074 3200 quia

428 3240 545 3280 non
567 3219 706 3279 Maii
742 3219 844 3277 sed
860 3217 1076 3291 Aprilis
1097 3222 1205 3284 est,
1229 3234 1441 3273 xxrxna
1457 3216 1824 3273 terminatur.
1849 3217 1919 3272 Et
1938 3216 2072 3272 licet

426 3312 753 3371 secundum
783 3286 1018 3382 spectas
1047 3307 1108 3363 in
1139 3307 1266 3362 Kal.
1289 3305 1425 3363 Maii
1437 3309 1705 3362 occurrat
1721 3324 1951 3374 xxxxna,
1983 3311 2069 3362 ta-
2111 3286 2156 3354 C

426 3419 562 3458 men
602 3399 676 3456 ob
715 3397 1054 3471 praedictam
1085 3394 1369 3452 rationem
1398 3411 1644 3451 xxvmva
1673 3399 2066 3468 computatur.

428 3488 640 3562 Incipit
669 3491 866 3544 autem
893 3485 1038 3542 luna
1066 3483 1204 3540 Maii
1223 3501 1258 3539 v
1277 3483 1474 3540 Nonas
1493 3483 1702 3556 ipsius,
1726 3483 2074 3556 completur-

429 3596 544 3653 que
564 3577 625 3632 in
644 3574 772 3632 Kal.
796 3573 960 3632 Junii
977 3589 1189 3628 xxxma
1205 3572 1484 3629 omnibus
1511 3571 1703 3628 modis
1723 3571 1997 3640 existens,
2017 3577 2076 3628 et

429 3667 705 3739 deinceps
735 3662 975 3721 solitum
1014 3677 1256 3717 cursum
1305 3661 1593 3717 custodiet
1626 3676 1816 3732 usque
1851 3660 1913 3716 in
1943 3659 2070 3716 Kal.

430 3751 812 3829 Septembris.
828 3753 876 3806 A
890 3750 1020 3806 Kal.
1039 3749 1199 3806 enim
1223 3749 1584 3822 Septembris
1603 3749 1714 3806 hoc
1731 3767 1905 3817 anno,
1929 3767 2074 3821 quo-

435 3838 936 3916 usquetransilias
962 3837 1150 3896 saltus
1169 3837 1346 3907 diem,
1369 3854 1545 3911 quem
1559 3837 1730 3893 multi
1747 3838 1808 3893 in
1831 3839 2076 3894 Novem-

432 3934 538 3990 bre
565 3929 806 3996 faciunt,
834 3928 897 3984 in
917 3927 1098 3984 nullis
1126 3925 1254 3982 Kal.
1275 3926 1478 3982 lunam
1499 3927 1822 3983 secundum
1848 3925 2077 4000 regula-

437 4039 533 4077 res
552 4018 874 4084 inveniens,
898 4018 1000 4073 sed
1023 4017 1084 4072 in
1107 4016 1234 4072 Kal.
1260 4017 1418 4088 Sept.
1443 4032 1666 4072 necnon
1688 4020 1745 4071 et
1773 4015 1974 4078 Octob.
1999 4027 2078 4070 ιν·

437 4105 711 4173 occurrit,
742 4121 879 4160 cum
911 4105 1238 4160 secundum
1269 4103 1568 4176 regulares
1605 4104 1662 4158 in
1713 4103 1980 4174 utrisque
2022 4115 2082 4156 v-

438 4211 568 4253 esse
590 4193 818 4249 debeat.
853 4192 916 4246 In
947 4191 1075 4246 Kal.
1099 4192 1258 4246 enim
1287 4191 1428 4246 Nov.
1455 4202 1534 4246 νι·
1565 4195 1674 4258 est,
1707 4207 1843 4246 cum
1874 4191 2082 4246 debeat

437 4299 567 4340 esse
593 4297 714 4338 vna
741 4278 960 4335 ratione
990 4278 1368 4352 regularium.
1395 4279 1629 4335 Peracto
1659 4279 1814 4334 enim
1849 4278 2000 4335 saltu
2017 4278 2080 4334 in

438 4367 750 4428 Novembri
778 4367 1054 4440 deinceps
1087 4366 1429 4423 inviolatum
1475 4366 1764 4423 custodiet
1812 4383 2075 4423 cursum.

437 4459 552 4516 Sed
581 4472 816 4513 omnem
845 4455 998 4512 hanc
1027 4454 1480 4512 controversiam
1511 4455 1724 4512 evitare
1758 4455 1974 4528 poteris
2005 4454 2075 4524 si,

436 4551 506 4604 ut
531 4561 712 4618 supra
729 4543 1005 4612 diximus,
1030 4543 1353 4600 secundum
1375 4544 1671 4618 Egyptios
1699 4561 1900 4600 mense
1919 4543 2075 4600 Julio

2753 543 2984 617 CAPUT
3020 563 3285 623 XXXVII.
3342 543 3351 550 ’

2293 647 2373 698 De
2394 639 2620 700 celetis
2649 641 2998 706 emboliéniis
3029 653 3214 710 brevis
3238 649 3733 714 commemoratio.

2261 731 2342 788 De
2373 733 2596 789 caeteris
2623 735 3005 808 embolismis,
3037 741 3137 814 qui
3169 744 3268 816 (ita
3286 746 3425 818 eod.)
3457 751 3693 819 epaetas
3721 763 3834 802 non

2191 825 2538 906 repugnant,
2573 822 2682 879 hoc
2712 823 3084 886 solummodo
3115 835 3310 904 putavi
3339 833 3674 903 dicendum,
3706 838 3768 890 ut
3787 835 3834 890 si

2189 909 2426 980 quando
2459 913 2783 968 secundum
2806 913 3114 974 lectionem
3145 921 3273 977 duae
3303 923 3479 979 simul
3499 941 3720 980 xxxmaa
3751 941 3838 980 oc-

2190 997 2479 1052 currerint
2499 998 2850 1070 lunationes,
2877 1021 2993 1060 una
3023 1023 3092 1062 ex
3119 1008 3216 1066 his
3245 1012 3666 1070 embolismalis
3687 1013 3839 1069 dica-

2189 1089 2306 1174 tur,
2330 1102 2456 1157 quze
2480 1087 2622 1142 nulli
2646 1089 2962 1162 deputatur
2981 1097 3190 1165 mensi,
3215 1105 3452 1174 excepto
3475 1101 3524 1158 si
3545 1100 3836 1158 bissextus

2189 1173 2384 1228 fuerit.
2420 1176 2584 1231 Tunc
2614 1176 2769 1233 enim
2795 1183 2914 1235 tres
2943 1180 3122 1238 simul
3155 1173 3430 1244 eveniunt
3457 1207 3677 1246 xxxmaa
3699 1207 3836 1262 qua-

2190 1264 2323 1316 rum
2356 1263 2518 1318 nulla
2537 1270 2627 1320 est
2647 1267 3097 1339 embolismalis;
3121 1275 3259 1343 quia
3279 1275 3545 1333 videlicet
3571 1279 3704 1334 Jan.
3727 1295 3836 1334 XXX

2189 1349 2440 1408 habente
2473 1355 2624 1410 sicut
2656 1373 2904 1429 semper,
2927 1359 3250 1420 [Februaris
3288 1365 3370 1420 ita
3415 1366 3548 1422 dein
3589 1385 3700 1422 xxx
3729 1367 3832 1424 ha-

2190 1439 2288 1494 bet
2305 1445 2538 1514 propter
2557 1444 2881 1500 bissextum
2903 1447 3653 1521 subsequentelunaMartii
3679 1474 3834 1526 usque

2190 1531 2484 1597 xxx,sicut
2513 1547 2746 1604 semper
2775 1538 2864 1590 est
2889 1552 2902 1602 ;
2933 1539 2991 1590 et
3022 1537 3069 1592 si
3092 1538 3268 1596 fuerit
3289 1543 3505 1614 ogdoas
3535 1548 3637 1598 aut
3653 1545 3832 1600 ende-

2189 1619 2640 1686 cas,simuleum
2654 1621 2910 1678 bissexto
2922 1626 3190 1696 sequitur
3200 1628 3393 1686 adhuc
3406 1637 3836 1702 quartaxxxma

2189 1722 2318 1778 quae
2348 1713 2438 1763 est
2463 1708 2886 1768 embolismalis
2917 1711 3078 1770 illius
3107 1718 3266 1786 anni,
3301 1719 3372 1774 de
3401 1733 3516 1790 quo
3549 1737 3730 1794 supra
3745 1721 3832 1778 di-

2189 1798 2352 1849 ctum
2384 1799 2493 1852 est.

2259 1882 2477 1940 Cetera
2495 1885 2568 1940 de
2597 1885 2944 1945 emlolismis
2967 1892 3256 1966 annisque
3281 1897 3716 1968 communibus,
3743 1899 3836 1958 de-

2188 1985 2302 2042 que
2322 1973 2583 2044 ogdoade
2605 1973 2996 2048 etjendecade,
3022 1980 3107 2036 vel
3128 1983 3200 2039 de
3215 1985 3491 2042 omnibus
3510 1987 3582 2042 ad
3600 1985 3834 2046 Pascha:

2188 2061 2472 2142 rationem
2504 2062 2954 2135 pertinentibus,
2977 2070 3076 2140 qui
3101 2088 3272 2128 nosse
3293 2073 3524 2145 plenius
3542 2073 3835 2134 desiderat

2185 2147 2404 2205 librum
2423 2151 2770 2209 venerabilis
2791 2153 2956 2211 Beda:
2977 2155 3048 2213 de
3067 2157 3164 2216 his
3183 2160 3480 2234 eleganter
3497 2165 3720 2221 editum
3743 2183 3831 2223 se-

2186 2237 2324 2294 dulo
2373 2237 2652 2312 perlegat.
2703 2241 2788 2298 lbi
2836 2245 3240 2317 copiosissime
3297 2251 3369 2306 de
3416 2251 3510 2308 his
3557 2257 3832 2314 omnibus

2187 2327 2473 2400 quidquid
2507 2329 2805 2401 quaesierit
2827 2333 3032 2404 procul
3053 2335 3232 2393 dubio
3264 2346 3621 2412 reperturus.

2726 2419 2959 2478 CAPUT
2999 2423 3268 2484 XXXVII!
3281 2471 3294 2483 .

2753 2511 3024 2583 Epilogus
3057 2516 3258 2573 libelli.

2255 2595 2372 2651 Nos
2390 2595 2568 2662 enim,
2590 2596 3076 2655 scholasticorum
3089 2609 3424 2661 nostrorum
3446 2613 3672 2679 rogatu,
3697 2627 3826 2682 qua:

2184 2683 2626 2739 introducendis
2647 2685 2718 2740 ad
2739 2683 2891 2741 hanc
2912 2691 3096 2743 artem
3114 2693 3312 2762 pueris
3333 2696 3658 2751 necessaria
3670 2699 3826 2768 judi-

2184 2772 2466 2840 cavimus,
2491 2789 2594 2844 pro
2617 2769 2790 2846 captu
2813 2773 3287 2849 ingeniolilnostri
3309 2779 3694 2855 undecunque
3715 2784 3826 2840 col-

2182 2861 2334 2917 lecta
2362 2860 2788 2933 congessimus.
2811 2862 2886 2918 'In
2919 2863 3134 2935 quibus
3165 2869 3608 2940 congregandis,
3643 2871 3692 2926 si
3727 2872 3825 2928 ali-

2183 2949 2535 3021 quantulum
2565 2950 2868 3008 verbosius
2897 2954 3118 3025 evagati
3143 2969 3369 3025 sumus,
3404 2959 3738 3033 quicunque
3759 2979 3828 3017 ea

2180 3037 2405 3110 legerit,
2428 3055 2494 3094 eo
2526 3054 2632 3094 nos
2657 3039 2853 3096 studio
2881 3041 3086 3096 iecisse
3118 3052 3450 3116 cognoscat,
3484 3053 3550 3103 ut
3577 3065 3705 3120 qua:
3737 3050 3824 3104 di-

2181 3127 2464 3182 cebantur
2484 3127 2884 3186 manifestoria
2903 3128 3231 3201 legentibus
3253 3132 3458 3189 forent.
3473 3134 3637 3192 Unde
3660 3142 3719 3194 et
3738 3155 3827 3194 oe-

2181 3214 2494 3270 eultiorum
2524 3215 2587 3288 ff.
2631 3215 2970 3292 cultiorum]
2993 3235 3240 3292 pompas
3259 3221 3568 3280 verborum
3589 3225 3823 3282 evitavi-

2183 3321 2336 3372 mus,
2371 3301 2505 3359 cum
2532 3306 2780 3361 fortasse
2809 3305 2931 3362 haec
2963 3307 3131 3364 nobis
3151 3307 3524 3382 aliquatenus
3553 3319 3824 3388 suppete-

2183 3398 2331 3449 rent.
2365 3393 2530 3460 Quia,
2565 3392 2719 3448 sicut
2749 3393 2832 3449 ait
2862 3395 2924 3450 B.
2954 3397 3338 3468 Augustinus,
3383 3401 3482 3472 qui
3531 3401 3828 3476 eleganter

2181 3482 2402 3554 aliquid
2423 3481 2704 3554 loquitur,
2720 3499 2826 3538 nec
2841 3485 3169 3540 auditorem
3192 3487 3450 3558 instruit,
3467 3489 3580 3546 sibi
3591 3496 3822 3550 tantum

2181 3575 2240 3627 et
2270 3588 2385 3626 non
2411 3570 2495 3626 illi
2521 3587 2694 3642 quem
2718 3571 2791 3626 ad
2821 3572 3208 3630 erudiendum
3241 3579 3519 3650 suscepit,
3542 3579 3820 3653 loquitur.

2185 3659 2482 3732 Rogamus
2513 3664 2731 3728 autem,
2763 3660 3100 3733 quicunque
3116 3663 3238 3720 haac
3258 3664 3446 3738 legere
3467 3667 3826 3741 dignabitur,

2185 3753 2251 3803 ut
2281 3748 2329 3804 si
2364 3763 2482 3819 qua
2507 3749 2567 3802 in
2597 3747 2692 3803 his
2729 3763 2848 3804 suae
2879 3748 3120 3806 utilitati
3161 3753 3551 3812 conducibilia
3586 3759 3822 3830 reperit,

2186 3837 2451 3892 omnium
2483 3835 2768 3892 bonorum
2800 3835 3060 3910 largitori
3092 3841 3312 3912 gratias
3335 3843 3562 3900 referat.
3587 3847 3750 3914 Quod
3779 3849 3830 3904 si

2187 3941 2358 3981 secus
2387 3925 2660 3992 evenerit,
2696 3941 2808 3980 non
2840 3925 2996 3981 illico
3027 3925 3286 3985 laborem
3302 3935 3572 3989 nostrum
3594 3935 3829 3992 inanem

2187 4029 2316 4069 esse
2346 4016 2639 4080 causetur,
2672 4013 2811 4084 quia
2851 4030 3002 4086 sepe
3019 4016 3211 4072 evenit
3237 4023 3301 4072 ut
3319 4019 3400 4074 ibi
3425 4020 3576 4078 alius
3607 4025 3836 4080 erudia-

2189 4107 2304 4169 tur,
2331 4101 2428 4156 ubi
2462 4100 2612 4156 alius
2636 4100 2718 4155 nil
2741 4100 2884 4156 utile
2903 4103 3258 4176 suspicatur.
3282 4107 3405 4162 Etsi
3427 4109 3583 4166 enim
3611 4113 3828 4184 pretio-

2188 4191 2316 4246 sius
2345 4194 2435 4245 est
2463 4206 2672 4245 aurum
2704 4190 2999 4262 poculum,
3025 4209 3139 4248 non
3162 4195 3290 4250 ideo
3312 4199 3508 4254 tamen
3529 4200 3686 4255 omni
3708 4203 3831 4258 uti-

2185 4278 2352 4334 litate
2385 4283 2540 4334 caret
2569 4277 2967 4348 Samniolum;
3000 4280 3114 4336 imc
3151 4299 3575 4358 nonnunquam
3595 4303 3736 4345 vasa
3763 4291 3834 4345 ﬁ-

2188 4367 2349 4423 ctilia
2377 4371 2538 4422 tanto
2563 4365 2753 4422 solent
2781 4365 3016 4423 utiliora
3035 4385 3164 4425 esse
3192 4377 3413 4442 quanto
3443 4372 3666 4444 viliora,
3695 4378 3834 4449 quia

2187 4456 2437 4529 gemmis
2469 4457 2527 4510 in
2561 4455 2776 4510 scrinio
2797 4457 3154 4528 jacentibus,
3195 4464 3253 4514 et
3300 4459 3440 4516 solis
3471 4464 3708 4537 regibus
3737 4465 3831 4523 his

2188 4545 2510 4612 utentibus,
2560 4543 2669 4598 hoc
2719 4543 2783 4617 [/2
2826 4543 3060 4620 horum]
3093 4545 3415 4618 plurimum
3447 4553 3598 4608 servi
3631 4555 3831 4610 carent

433 4634 626 4692 saltus
645 4632 802 4689 diem
830 4631 1127 4688 transilire
1154 4631 1426 4702 volueris,
1460 4635 1668 4706 praeter
1706 4633 1988 4689 duntaxat
2015 4631 2074 4688 in
2111 4647 2162 4716 Ι)
2185 4634 2412 4689 usibus.
2445 4633 2516 4689 Se
2548 4633 2634 4687 uti
2663 4636 2860 4688 autem
2899 4633 3170 4706 quisquis
3199 4635 3533 4707 fastidierit,
3567 4656 3682 4698 non
3713 4642 3824 4697 sibi

427 4723 558 4781 Kal.
581 4720 831 4796 Augusti
841 4720 903 4777 in
923 4719 1353 4794 quibuslunam
1369 4737 1528 4777 mam
1541 4720 1928 4794 computabis,
1943 4738 2072 4793 quae

429 4810 757 4870 secundum
771 4813 1005 4882 epactas
1026 4825 1105 4864 na
1117 4809 1549 4882 pronuntiatur.
1574 4809 1724 4866 Sane
1735 4809 2071 4882 ubicunque

427 4899 647 4959 saltum
666 4898 1028 4972 interponas,
1048 4898 1404 4966 observabis,
1423 4902 1489 4954 ut
1507 4915 1570 4954 ιιι
1591 4897 1809 4970 pariter
1826 4897 2070 4954 lunatio-

425 5005 530 5047 nes
557 5004 757 5046 mlas
783 4992 1090 5062 computes
1129 4987 1258 5045 sine
1281 4987 1404 5044 ulla
1432 4986 1870 5060 interpositione
1899 5005 2064 5044 ma.

2181 4739 2309 4778 esse
2339 4721 2518 4785 edita,
2551 4720 2654 4774 sed
2677 4719 2772 4774 his
2793 4723 3023 4775 tantum
3056 4723 3156 4792 qui
3180 4725 3408 4796 majora
3436 4727 3628 4785 adhuc
3657 4742 3827 4802 pene-

2181 4815 2335 4865 trare
2354 4811 2672 4880 nequeunt,
2699 4811 2764 4862 ut
2784 4806 2878 4862 his
2898 4809 3155 4880 primum
3178 4813 3344 4883 quasi
3369 4815 3724 4886 quibusdam
3745 4817 3824 4874 al-

2179 4898 2415 4972 phabcti
2441 4895 2878 4952 characteribus
2898 4895 3144 4969 inducti,
3178 4899 3279 4956 illa
3297 4902 3570 4977 deinceps
3589 4905 3821 4963 faeilius

2175 4989 2586 5060 assequuntur.
