4148 6184
407 298 477 355 51
1407 300 1748 365 BERNERI
1792 299 2121 363 ABBATIS
2167 300 2806 365 HUMOLARIENSIS
3740 301 3814 360 52

404 429 526 483 vitii
550 431 968 502 parcimoniam
994 434 1352 507 propinavit:
1379 440 1579 509 etquae
1602 437 1857 508 primum
1883 433 2048 490 facile
2079 434 2247 504 Ajus
2276 435 2584 508 aggredior
2614 435 2756 491 Vitae
2789 441 3208 509 gestorumque
3241 453 3428 509 pauca
3458 434 3811 502 describere,

407 520 698 595 consentit
728 525 793 575 ut
823 523 1071 589 caderet,
1093 528 1150 578 et
1180 528 1364 580 mater
1386 524 1738 580 calamitatis
1760 523 2050 589 existeret;

408 609 784 679 postmodum
817 628 919 682 per
947 610 1160 666 Christi
1190 611 1437 684 gratiam
1481 612 1704 668 fortiter
1749 611 1958 667 restitit
1990 615 2055 665 ut

407 697 678 751 zabulum
731 703 1136 770 prosterneret,
1181 717 1459 772 sororque
1488 705 1544 756 et
1593 704 1778 756 mater
1821 698 2052 756 Domini

406 784 721 840 Salvatoris
752 787 933 856 gratis
962 787 1143 842 electa
1175 787 1418 843 feliciter
1446 790 1626 846 fieret.
1668 789 1852 861 Hujus
1872 788 2055 860 igitur

403 871 610 928 divinze
641 874 838 947 gratiae
874 881 1089 930 sortem
1121 877 1332 949 adepta
1361 877 1616 950 gloriosa
1643 877 1802 950 virgo
1857 877 2051 932 Hune-

402 963 638 1033 gundis,
671 964 743 1018 ab
777 964 1153 1020 immaculato
1199 965 1378 1020 divini
1429 966 1605 1022 fontis
1657 971 1818 1022 utero
1851 969 2054 1021 renata

401 1051 635 1122 prodiit,
661 1053 907 1108 educata
938 1052 1234 1109 catholicae
1259 1055 1392 1110 sinu
1416 1053 1622 1110 matris
1643 1053 1934 1122 Ecclesiae,
1958 1071 2054 1109 cu-

2162 528 2336 596 prout
2365 523 2622 595 comperi
2655 541 2688 579 a
2712 523 2987 580 fidelibus
3008 524 3319 580 enarrarri.
3346 524 3598 580 Obsecro
3619 521 3814 594 itaque

2164 629 2257 667 me
2289 609 2611 684 principem
2642 617 3011 683 peccatorum
3045 619 3101 668 et
3133 613 3507 668 sacerdotum
3542 610 3812 666 ultimum

2161 697 2370 756 vestris
2403 699 2675 772 precibus
2706 701 3034 773 suffragari,
3071 706 3364 772 quatenus
3396 699 3540 755 mihi
3576 703 3814 755 sanctus

2162 790 2436 862 dignetur
2467 789 2672 844 adesse
2705 789 2977 861 Spiritus,
3013 790 3110 862 qui
3144 795 3198 845 et
3234 789 3556 845 facinorum
3592 793 3812 844 nostro-

2163 894 2296 932 rum
2327 877 2588 933 maculas
2621 877 2828 946 deleat,
2853 883 2910 933 et
2929 879 3191 952 linguam
3217 879 3286 933 ad
3315 879 3646 934 enarranda
3667 894 3818 949 qua:-

2163 967 2300 1021 dam
2328 965 2571 1038 virginis
2603 970 2768 1039 gesta
2796 967 3074 1022 disertam
3108 967 3344 1022 efficiat.

1606 1362 2190 1520 INCIPIT
2275 1361 2652 1518 VITA.

482 1608 534 1658 2.
572 1604 815 1660 Summa
845 1607 901 1658 et
928 1602 1536 1675 incomprehensibilis
1568 1602 1932 1675 providentia
1962 1599 2058 1656 Di-
2093 1600 2143 1666 B
2173 1602 2230 1652 et
2261 1599 2458 1655 anima
2489 1607 2622 1672 post
2652 1606 2953 1674 peractum
2986 1600 3114 1656 vita:
3146 1618 3388 1658 cursum
3416 1601 3672 1656 fructum
3707 1614 3828 1653 ear-

402 1692 690 1767 _vinitatis,
705 1709 839 1747 eum
864 1709 932 1746 ex
943 1709 1052 1747 sua
1073 1691 1497 1764 omnipotentia
1513 1691 1717 1747 mundi
1738 1689 2060 1764 principem

413 1781 746 1847 debellaret,
783 1781 1028 1852 ejusque
1057 1781 1344 1836 versutias
1373 1780 1607 1853 penitus
1636 1779 1922 1852 extirpare
1943 1777 2062 1832 dis-

416 1873 675 1942 poneret,
707 1886 840 1924 eum
877 1887 992 1924 non
1025 1869 1217 1925 solum
1245 1873 1508 1941 potenter
1547 1867 1843 1940 superavit
1891 1871 2066 1938 atque

417 1975 582 2013 arma
615 1957 876 2022 abstulit,
909 1974 1111 2012 verum
1143 1956 1319 2012 etiam
1351 1955 1496 2028 ipsis
1527 1956 1708 2011 armis
1737 1954 2066 2011 misericor-

419 2047 569 2102 diter
583 2051 699 2100 tam
714 2047 1050 2119 praeclaram
1067 2045 1312 2108 contulit
1326 2044 2070 2116 flagrantiam,utfugarent

420 2151 484 2189 ac
517 2135 776 2189 delerent
808 2131 1199 2187 sordidissimi
1228 2131 1509 2204 principis
1529 2131 1808 2198 dominia,
1836 2132 2068 2186 ﬁerent-

423 2241 535 2296 que
555 2223 770 2278 Christi
785 2221 1102 2278 luminaria
1115 2239 1242 2294 quae
1257 2223 1486 2278 fuerant
1501 2220 1725 2292 pridem
1741 2237 1905 2277 arma
1918 2225 2072 2276 tene-

424 2313 615 2367 brosa.
643 2310 767 2367 Tali
787 2310 1179 2383 igiturordine
1202 2310 1646 2382 mundisceptra
1668 2308 2072 2364 crudelissima

422 2401 831 2466 immutantur,
853 2399 1164 2471 omnisque
1184 2398 1370 2472 portio
1394 2399 1763 2453 tenebrarum
1788 2397 1914 2454 suis
1935 2415 2070 2452 cum

426 2481 778 2544 satellitibus
807 2491 968 2543 tanto
991 2487 1204 2558 jubare
1225 2485 1627 2559 restinguitur,
1651 2486 1949 2558 oriturque
1971 2503 2074 2558 per

429 2579 656 2651 pagella
684 2596 831 2633 nova
878 2577 977 2631 lux
1023 2583 1080 2630 et
1127 2576 1432 2650 gaudium,
1466 2575 1877 2632 submittentes
1925 2575 2074 2631 colla

430 2667 568 2738 Regi
601 2684 825 2739 regum,
861 2669 917 2719 et
946 2663 1227 2737 paulatim
1260 2682 1293 2719 a
1325 2664 1464 2720 solis
1487 2669 1616 2720 ortu
1649 2681 1835 2736 usque
1875 2665 1946 2719 ad
1977 2682 2073 2720 oc-

430 2772 633 2810 casum
667 2754 879 2809 Christi
904 2753 1265 2826 divulgatum
1287 2758 1376 2809 est
1396 2753 1730 2825 imperium.
1753 2753 1908 2808 Inter
1926 2770 2074 2825 quos

428 2861 573 2916 gens
595 2843 975 2915 Francigena,
993 2842 1195 2899 multis
1215 2848 1453 2899 actuum
1473 2842 1745 2915 insigniis
1770 2842 2078 2915 splendida

2173 1691 2334 1758 peret
2351 1690 2737 1745 centesimum
2758 1689 3510 1762 sacratissimisvirginibus
3528 1703 3827 1744 consecra-

2175 1778 2324 1829 tum.
2361 1774 2523 1832 Unde
2555 1777 2695 1849 quia
2722 1783 2845 1833 erat
2874 1778 3138 1850 gloriosa:
3172 1778 3386 1834 indolis
3422 1775 3718 1849 progenie,
3753 1776 3823 1830 ab

2174 1861 2321 1935 ipsis
2334 1863 2708 1922 incunabulis
2723 1867 3044 1922 ferturesse
3064 1864 3824 1939 desponsataeoaaqualibus

2177 1951 2502 2009 natalibus:
2525 1955 2624 2009 sed
2648 1955 2858 2010 dilecta
2873 1955 3060 2026 magis
3076 1973 3292 2027 sponso
3307 1952 3828 2011 cmlestiterrestris

2178 2041 2574 2112 confunditur,
2599 2043 2940 2116 occultoque
2971 2044 3070 2099 Dei
3089 2043 3313 2114 judicio
3339 2043 3546 2100 mortis
3575 2041 3828 2098 confinio

2178 2129 2490 2186 clauditur.

2250 2220 2302 2273 4.
2337 2219 2652 2293 Postquam
2684 2239 2816 2278 vero
2848 2221 3022 2294 ccepit
3052 2227 3257 2278 sancta
3284 2221 3445 2296 virgo
3470 2239 3598 2278 esse
3636 2219 3829 2277 adole-

2181 2325 2349 2363 scens
2379 2325 2618 2380 corpore
2650 2311 3015 2383 candidoque
3045 2309 3209 2366 vultu
3255 2315 3430 2384 atque
3480 2310 3628 2366 ﬂava
3658 2310 3824 2376 facie,

2181 2397 2570 2469 desponsatur
2597 2417 2834 2456 rursum
2859 2418 2892 2456 a
2912 2400 3166 2471 quodam
3189 2400 3424 2456 nomine
3449 2397 3709 2454 Eudaldo
3733 2415 3830 2471 ge-

2182 2502 2402 2542 nerosa:
2433 2487 2635 2560 stirpis
2659 2488 2913 2558 homine,
2940 2508 2975 2544 a
2993 2507 3108 2561 quo
3139 2488 3316 2545 variis
3337 2493 3425 2544 est
3444 2489 3640 2543 dotata
3661 2505 3830 2560 spon-

2183 2574 2406 2630 salibus
2437 2593 2570 2631 cum
2605 2579 2914 2649 mancipiis
2946 2582 3003 2632 et
3031 2577 3250 2632 villulis
3274 2594 3286 2631 :
3313 2594 3441 2648 qua:
3471 2575 3667 2630 omnia
3697 2575 3829 2630 licet

2185 2680 2218 2718 a
2247 2664 2589 2734 parentibus
2621 2670 2838 2731 coacta,
2872 2665 3032 2719 vultu
3068 2670 3261 2719 tamen
3295 2663 3519 2735 placido
3551 2667 3607 2716 et
3637 2667 3828 2716 mente

2185 2757 2344 2808 easta
2362 2753 2677 2824 perferens,
2702 2753 3057 2808 meditabatu
3067 2770 3094 2806 r
3101 2751 3333 2822 jamdiu
3346 2750 3560 2814 animo,
3580 2746 3829 2820 qualiter

2187 2857 2248 2897 se
2278 2846 2332 2897 et
2359 2859 2467 2897 sua
2496 2841 2724 2896 Christo
2756 2859 2970 2913 sponso
2997 2843 3250 2895 traderet
3273 2837 3508 2904 dotalia,
3551 2837 3828 2906 fieretque

430 2950 496 2987 ac
527 2931 841 3004 triumphis
873 2931 1075 2986 multis
1102 2931 1514 2998 famosissima,
1547 2932 1680 2987 licet
1703 2931 1932 2987 Christo
1964 2931 2076 2985 fide
2105 2963 2151 3030 α
2190 2929 2653 2986 sanctimonialis
2676 2930 2893 2986 femina
2914 2929 3023 2984 sub
3047 2927 3230 2982 tutela
3253 2929 3466 2983 sanctae
3486 2923 3691 3030 matris
3709 2923 3832 2977 Vir-

432 3026 636 3077 sancta
651 3019 875 3074 tardius
892 3023 1239 3086 occurreret,
1257 3024 1450 3074 tamen
1465 3023 1527 3072 ut
1540 3017 1827 3090 persensit
1845 3018 2076 3074 Domini

435 3107 828 3175 clementiam,
863 3105 1036 3177 coepit
1065 3105 1285 3177 passim
1308 3106 1651 3178 pullulando
1675 3123 1882 3162 novam
1903 3111 2080 3178 atque

432 3200 696 3250 sanctam
730 3195 845 3250 Deo
879 3193 1026 3265 patri
1071 3192 1293 3265 prolem
1341 3194 1597 3267 gignere.
1631 3195 1711 3249 Ex
1757 3195 1928 3252 cuius
1949 3196 2076 3267 jam

432 3281 830 3339 sacratissimo
874 3282 1165 3338 consortio
1210 3287 1414 3338 saneta
1461 3288 1647 3338 mater
1693 3288 1867 3354 atque
1917 3284 2076 3355 virgo

432 3372 647 3427 Christi
679 3371 920 3425 dilatata
938 3374 1027 3425 est
1050 3369 1324 3436 Ecclesia,
1350 3389 1476 3442 quae
1509 3371 1689 3426 oblita
1708 3373 1948 3428 domum
1983 3389 2076 3444 pa-

433 3462 540 3516 tris
571 3465 744 3532 atque
775 3457 1080 3532 populum,
1118 3457 1324 3514 unitati
1354 3460 1521 3515 trina:
1552 3460 1747 3515 sinum
1770 3462 1962 3516 cordis
1983 3462 2078 3516 ob-

432 3549 585 3618 tulit,
619 3549 774 3604 unde
806 3547 916 3603 sibi
949 3547 1365 3604 immaculatus
1395 3549 1678 3606 Dominus
1711 3549 2076 3623 impollutam

429 3654 769 3696 consecrare
799 3635 1103 3693 familiam.

501 3730 554 3783 3.
589 3729 737 3799 Ergo
767 3725 941 3781 tellus
984 3724 1258 3791 Franeize,
1312 3742 1501 3798 pagus
1549 3727 1769 3782 scilicet
1796 3727 2076 3782 Verman-

432 3816 650 3883 densis,
672 3812 1204 3888 praepollentissimi
1233 3815 1504 3887 martyris
1525 3815 1784 3881 Quintini
1809 3817 2080 3871 decorata

433 3903 749 3976 suffragiis,
771 3901 1081 3958 anhelabat
1102 3901 1238 3958 totis
1261 3901 1481 3958 viribus
1506 3909 1567 3958 ut
1586 3905 1666 3959 off
1665 3911 1814 3960 erret
1835 3905 2080 3961 Domino

433 3997 894 4065 munusgratum
909 3991 968 4046 in
981 3991 1216 4047 odorem
1231 3991 1667 4048 suavissimum.
1683 3995 1804 4059 Quo
1826 3993 1884 4047 in
1907 4011 2075 4067 pago,

433 4086 607 4152 atque
629 4081 765 4135 villa
787 4097 963 4151 quam
994 4079 1326 4136 Lembaidis
1348 4080 1672 4149 nominant,
1697 4088 1898 4138 sancta
1917 4083 2078 4155 virgo

433 4169 818 4241 Ilunegundis
851 4184 1134 4239 generosa
1167 4173 1303 4224 nata
1332 4175 1421 4224 est
1453 4170 1743 4242 prosapia,
1778 4187 1907 4243 qua:
1941 4189 2076 4244 pro-

433 4257 611 4314 cessit
635 4256 793 4312 velut
827 4255 1052 4329 virgula
1083 4256 1227 4310 fumi
1260 4273 1328 4311 ex
1359 4259 1719 4314 aromatibus
1753 4261 2000 4333 myrrhae
2022 4265 2078 4316 et

429 4347 624 4402 thuris
653 4349 710 4401 et
739 4344 990 4400 universi
1016 4344 1244 4418 generis
1267 4344 1722 4417 pigmentorum,
1753 4349 1891 4404 dum
1918 4350 2077 4405 nobi-
2107 4323 2158 4390 D

432 4435 590 4492 libus
628 4439 684 4490 et
737 4433 1033 4489 Christum
1075 4431 1401 4488 colentibus
1453 4434 1668 4507 prodiit
1715 4438 2076 4507 parentibus.

431 4526 591 4581 Hanc
613 4541 643 4579 e
674 4540 838 4579 sacro
864 4523 1017 4577 fonte
1040 4521 1232 4576 ferunt
1271 4521 1551 4577 elevatam
1576 4524 1650 4578 ab
1690 4523 1874 4597 Eligio
1896 4528 2079 4599 ponti-

431 4616 538 4669 fice
587 4611 992 4668 Noviomensis
1045 4627 1109 4666 ac
1139 4609 1602 4668 Vermandensis
1653 4613 1941 4683 Ecclesiaz,
1978 4617 2078 4672 ubi

433 4701 688 4775 sumpsit
716 4701 833 4757 veri
865 4699 1063 4773 Sponsi
1097 4699 1352 4768 arrham,
1388 4699 1681 4773 simulque
1711 4709 1927 4760 vestem
1951 4723 2080 4778 pre-

433 4793 643 4848 tiosam
663 4787 1120 4845 immortalitatis
1137 4787 1303 4860 signo
1323 4789 1693 4845 candidatam
1711 4795 1768 4846 et
1783 4792 2080 4866 triumpho

437 4879 728 4954 passionis
769 4878 1202 4952 perlustratam,
1235 4880 1409 4949 atque
1454 4882 1625 4934 castae
1657 4879 1957 4937 charitatis
1989 4899 2080 4938 or-

440 4970 574 5024 dine
603 4968 821 5040 regiam
861 4971 918 5024 et
966 4965 1383 5024 sacerdotalem
1433 4983 1707 5022 coronam
1750 4971 2078 5043 mysticam.

437 5057 544 5112 Ubi
576 5056 748 5111 etiam
780 5056 839 5111 in
872 5061 1092 5129 septem
1118 5054 1398 5128 gradibus
1438 5056 1808 5128 baptismatis
1859 5065 2079 5132 septem

439 5144 880 5216 comprehendit
900 5146 1052 5200 dona
1075 5144 1327 5217 Spiritus
1349 5145 1556 5214 sancti,
1581 5145 1893 5220 episcopali
1917 5151 2082 5205 bene-

437 5232 689 5290 dictione
719 5232 1063 5288 conﬁrmata
1100 5238 1156 5286 et
1203 5238 1403 5290 sancto
1453 5233 1768 5291 chrismate
1799 5237 2076 5293 delibuta.

438 5322 662 5388 Quibus
691 5320 952 5392 undique
984 5320 1130 5375 fulta
1157 5321 1344 5379 vivere
1374 5323 1600 5379 studuit
1633 5325 1950 5396 juvencula
1979 5345 2082 5400 per

435 5411 688 5482 septima
717 5410 944 5465 dierum
985 5408 1297 5475 curricula,
1330 5418 1396 5466 ut
1443 5417 1664 5485 septem
1713 5415 1926 5488 septies
1975 5433 2078 5470 au-

435 5499 752 5573 gmentatis
781 5504 839 5554 et
863 5497 1111 5554 monade
1139 5499 1460 5568 supposito,
1487 5501 1710 5571 jubilaai
1742 5505 1993 5559 fructum
2018 5505 2076 5560 in

431 5587 702 5666 praesenti
734 5587 852 5643 vita
880 5585 1205 5660 acquireret
1240 5601 1252 5640 :
1279 5585 1505 5658 hocque
1527 5589 1820 5662 duplicato
1841 5609 2078 5667 corpore

2187 3017 2360 3090 ginis,
2396 3018 2674 3090 insignita
2704 3017 2912 3090 capitis
2931 3014 3236 3084 velamine,
3263 3019 3328 3070 ut
3347 3030 3481 3069 cum
3504 3011 3833 3068 adolescen-

2184 3105 2326 3162 tulis
2355 3106 2471 3162 veri
2503 3106 2656 3180 regis
2685 3107 2904 3162 valeret
2933 3105 3154 3160 edicere
3190 3104 3408 3174 :‘Nigra
3432 3119 3556 3158 sum
3596 3101 3688 3157 sed
3717 3103 3830 3172 for-

2183 3210 2356 3260 mosa,
2405 3196 2538 3266 ﬁlia:
2581 3195 2905 3260 Jerusalem,
2952 3193 3070 3250 ideo
3112 3192 3311 3249 dilexit
3337 3209 3424 3248 me
3470 3192 3602 3256 Rex,
3633 3197 3686 3246 et
3739 3191 3833 3245 iu-

2186 3283 2431 3339 troduxit
2456 3299 2544 3339 me
2573 3286 2633 3339 in
2663 3284 2978 3338 cubiculum
3005 3299 3171 3338 suum
3201 3281 3376 3352 (Cant.
3409 3280 3471 3351 1);
3504 3283 3561 3335 et
3580 3279 3790 3334 iterum
3817 3293 3830 3332 :

2186 3373 2361 3429 Nolite
2387 3389 2473 3428 me
2515 3372 2858 3428 considerare
2901 3371 3041 3444 quod
3077 3374 3232 3442 fusca
3278 3373 3404 3436 sim,
3457 3371 3587 3440 quia
3635 3367 3837 3423 decolo-

2186 3463 2329 3517 ravil
2357 3479 2444 3517 me
2468 3463 2550 3517 sol
2578 3460 2784 3532 (Ibid).
2805 3461 2965 3517 Talis
2996 3458 3239 3516 intentio
3265 3463 3323 3514 et
3346 3463 3465 3513 tam
3489 3456 3830 3529 praeclarum

2187 3550 2524 3606 exercitium
2536 3550 2880 3606 versabatur
2900 3548 3098 3605 sedule
3121 3548 3180 3604 in
3202 3545 3538 3620 prmeordiis
3567 3544 3833 3618 puellari-

2188 3639 2319 3706 bus,
2336 3640 2560 3710 flosque
2581 3637 2890 3694 Genitricis
2909 3635 3213 3710 virginalis
3232 3635 3292 3690 in
3316 3635 3424 3690 hac
3445 3638 3649 3690 sancta
3669 3633 3831 3690 redo-

2188 3727 2342 3784 lebat
2360 3725 2600 3800 virgine,
2626 3726 2923 3782 radiantes
2945 3725 3209 3798 plurimae
3234 3725 3516 3779 virtutum
3538 3721 3735 3796 gratiae
3765 3738 3833 3777 ex

2187 3815 2465 3889 virgineis
2496 3814 2892 3871 successibus.

2259 3906 2312 3959 5.
2344 3903 2560 3960 Deinde
2591 3921 2723 3960 cum
2753 3908 3023 3960 sanctum
3056 3920 3174 3958 sua:
3208 3901 3422 3958 mentis
3466 3899 3830 3974 propositum

2189 3994 2257 4048 ad
2293 3992 2559 4048 effectum
2593 3991 2944 4065 operationis
2985 3989 3158 4046 vellet
3200 3991 3534 4064 perducere,
3586 3989 3832 4062 sapienti

2189 4099 2296 4138 usa
2324 4081 2586 4148 consilio,
2621 4097 2906 4154 sponsum
2927 4097 3046 4152 qua
3074 4080 3264 4153 potuit
3282 4084 3404 4135 arte
3435 4079 3675 4133 tentavit
3707 4095 3834 4132 sua-

2185 4170 2332 4225 viter
2358 4170 2637 4236 emollire,
2671 4188 2738 4225 ac
2768 4169 3154 4226 demulcendo
3177 4168 3499 4225 subtilitate
3519 4165 3736 4240 ingenii
3760 4166 3832 4221 ab

2187 4258 2550 4331 amplexibus
2580 4259 2816 4314 omnino
2837 4257 3127 4314 divellere.
3143 4256 3248 4313 Cui
3271 4256 3411 4312 talia
3429 4255 3832 4312 blandissimis

2188 4348 2491 4420 alloquens
2520 4348 2758 4404 vocibus
2786 4347 2932 4402 dixit
2956 4364 2969 4402 :
3005 4347 3048 4402 Ο
3078 4345 3421 4402 dulcissime
3443 4349 3618 4416 atque
3638 4361 3834 4400 aman-

2186 4437 2412 4494 tissime
2441 4438 2672 4509 conjux,
2707 4436 2985 4504 quoniam
3016 4434 3537 4492 Christianissimis
3559 4438 3615 4489 et
3645 4433 3834 4488 ortho-

2187 4527 2351 4582 doxis
2383 4525 2722 4598 parentibus
2752 4524 2931 4598 geniti
2963 4541 3190 4592 sumus,
3223 4540 3340 4579 non
3361 4523 3526 4579 decet
3545 4539 3650 4578 nos
3681 4521 3831 4577 coin-

2188 4615 2419 4688 quinari
2451 4633 2515 4671 ac
2546 4613 2875 4672 libidinosis
2906 4611 3416 4669 commistionibus
3446 4609 3647 4683 pollui,
3680 4609 3836 4665 velut

2188 4709 2391 4778 gentes
2412 4723 2539 4777 qua:
2572 4704 2844 4776 ignorant
2863 4704 3069 4771 Deum,
3097 4705 3154 4758 et
3174 4701 3328 4757 sicut
3347 4717 3536 4772 equus
3557 4704 3614 4756 et
3637 4699 3832 4754 mulus

2189 4793 2408 4865 quibus
2438 4809 2552 4848 non
2599 4796 2688 4847 est
2733 4789 3082 4847 intellectus.
3119 4789 3349 4845 Placeat
3375 4789 3502 4856 tibi,
3553 4804 3754 4860 precor
3779 4792 3837 4842 et

2191 4871 2483 4937 contestor
2512 4897 2614 4952 per
2642 4878 2978 4947 Dominum,
3013 4895 3212 4934 meum
3243 4876 3478 4933 salubre
3501 4875 3831 4943 consilium,

2191 4969 2452 5042 meisque
2481 4973 2536 5024 te
2566 4969 2943 5025 accommoda
2971 4965 3164 5036 dictis,
3189 4971 3244 5024 et
3274 4983 3606 5039 quaeramus
3627 4969 3833 5020 mutuo

2190 5058 2439 5132 qualiter
2468 5062 2668 5113 nostra
2697 5057 2812 5113 Deo
2845 5055 3060 5130 placita
3088 5055 3418 5113 efficiantur
3448 5053 3738 5127 conjugia,
3773 5056 3837 5107 ut

2189 5150 2260 5204 de
2291 5147 2460 5204 nobis
2491 5164 2607 5202 non
2638 5152 2869 5202 terrena
2899 5147 2999 5203 sed
3031 5143 3336 5218 progenies
3367 5142 3618 5199 caelestis
3648 5157 3832 5196 emer-

2188 5242 2305 5311 gat.
2340 5237 2513 5292 Decet
2539 5235 2695 5291 enim
2729 5235 3099 5306 nimiumque
3127 5233 3280 5288 valet
3309 5249 3416 5288 nos
3437 5231 3831 5304 apostolorum

2189 5326 2511 5399 principem
2543 5329 2826 5396 expetere,
2879 5329 3051 5396 atque
3081 5321 3208 5377 loca
3239 5323 3441 5377 sancta
3471 5319 3736 5386 circuire,
3771 5322 3835 5374 ut

2188 5415 2394 5471 saltem
2427 5415 2557 5470 fusa
2586 5431 2762 5486 super
2791 5428 2896 5468 nos
2940 5410 3341 5468 benedictione
3387 5409 3703 5482 apostolica
3731 5408 3835 5462 fiat

2189 5503 2356 5560 nobis
2376 5503 2492 5558 vita
2512 5501 2706 5575 longa,
2730 5499 2892 5555 salus
2912 5497 3210 5566 continua,
3233 5497 3531 5570 opulentia
3553 5497 3610 5551 in
3635 5496 3829 5563 rebus,

2185 5592 2512 5650 fecunditas
2538 5591 2598 5648 in
2630 5586 2968 5664 propagine,
2999 5586 3400 5662 tranquillitas
3445 5586 3504 5642 in
3554 5585 3834 5644 diuturna
