4166 6172
386 324 464 411 53
1588 332 1690 418 DE
1732 334 1917 418 vrrA
1960 358 2025 419 s.
2074 336 2602 420 HUNEGUNDIS'.
3716 344 3793 419 Si

385 500 547 556 pace.
582 484 627 540 Ο
655 485 823 541 beata
851 485 1030 558 virgo,
1055 504 1087 543 ο
1116 489 1355 560 superni
1389 488 1563 563 Regis
1595 506 1828 562 sponsa,
1851 505 2027 562 quam
2060 489 2115 557 Α
2144 490 2349 546 matris
2396 490 2683 558 Ecclesiae,
2734 491 2980 547 offerens
3039 495 3353 563 protectam
3395 490 3786 563 virginitatem

385 574 593 630 devota
611 573 850 630 diceris!
871 576 1014 631 Ecce
1035 574 1182 632 dicis
1203 578 1372 649 quasi
1395 582 1603 650 optans
1616 577 1721 633 tibi
1740 579 2027 634 mundum

384 663 768 731 efﬂorescere,
788 680 961 736 quem
983 664 1042 719 in
1066 667 1237 722 corde
1250 667 1377 738 jam
1401 667 1738 739 despectum
1763 667 2029 722 funditus

384 768 709 824 spreveras,
731 757 787 808 et
809 750 964 831 velut
993 758 1219 810 stercus
1240 755 1569 811 marcidum
1599 756 1750 828 quod
1794 755 2029 828 penitus

384 840 733 897 calcaveras.
758 842 905 908 Quid
936 842 1142 914 plura?
1172 843 1254 898 ita
1274 844 1511 916 quidem
1536 850 1624 900 est
1645 843 1845 900 delusa
1869 843 2026 900 solli-

387 929 583 985 citudo
604 930 905 1003 nuptialis,
921 937 1094 1004 atque
1114 931 1397 1005 protelata
1416 932 1541 989 dies
1561 933 1949 1000 matrimonii;
1973 937 2031 989 et

300 1051 312 1057 -
385 1034 521 1074 eum
552 1019 876 1075 debuerant
925 1020 1238 1094 praeparari
1289 1020 1595 1094 nuptialia,
1628 1026 2031 1095 praeparantur

386 1111 663 1180 sumptus
694 1111 752 1163 et
778 1107 1044 1165 vehicula
1072 1113 1234 1166 tanto
1273 1109 1466 1166 itineri
1499 1111 1847 1168 necessaria.
1881 1112 2027 1168 Nam

386 1197 525 1269 quia
552 1200 679 1252 erat
706 1197 866 1269 virgo
898 1196 1229 1267 tenerrima,
1272 1203 1330 1255 et
1376 1203 1497 1255 tam
1526 1199 1822 1257 voluntate
1850 1217 2028 1273 quam

386 1289 551 1341 aetate
569 1284 1101 1359 innuba,idemque
1117 1305 1370 1360 sponsus
1387 1288 1695 1345 timoratus
1718 1293 1775 1345 et
1793 1289 2031 1346 Christi-

387 1372 533 1442 cola,
547 1373 836 1447 acquievit
864 1374 1122 1447 placide;
1146 1380 1203 1432 et
1232 1381 1297 1432 ut
1325 1376 1592 1451 cognovit
1630 1396 1745 1433 non
1785 1395 1912 1434 esse
1945 1379 2031 1434 fas

385 1462 676 1530 resistere,
701 1463 876 1519 etiam
906 1463 1033 1537 ipse
1064 1465 1236 1537 cmpit
1260 1483 1388 1523 esse
1420 1472 1624 1523 auctor
1651 1467 1898 1535 itineris,
1929 1484 2031 1539 op-

384 1556 519 1607 tans
538 1555 597 1607 et
618 1567 867 1607 exorans
894 1551 977 1607 ita
1007 1552 1118 1608 sibi
1149 1559 1361 1610 cuncta
1390 1556 1636 1624 evenire,
1673 1561 1736 1611 ut
1770 1557 2035 1611 audierat

393 1639 666 1696 affatibus
697 1639 991 1712 puellula.

455 1729 510 1782 6.
543 1729 645 1784 His
675 1728 785 1784 rite
813 1729 1064 1801 peractis
1117 1734 1175 1786 et
1222 1731 1441 1804 paratis
1485 1733 1758 1790 omnibus
1787 1750 1914 1806 quae
1959 1734 2032 1789 ad

386 1834 561 1873 usum
581 1817 671 1873 vel
692 1818 764 1873 ad
791 1818 1011 1873 victum
1030 1819 1220 1875 forent
1240 1836 1501 1894 congrua
1527 1823 1755 1878 eunetis
1774 1822 2032 1877 iteranti-

385 1906 459 1960 bu
469 1904 1203 1980 s[itinerantibus),gratias
1224 1914 1461 1981 agentes
1483 1910 1598 1966 Deo
1611 1910 1764 1965 viam
1779 1915 2033 1983 pergunt

384 1994 716 2066 publicam;
750 2011 1004 2066 sponsus
1025 2012 1240 2068 pompa
1261 1996 1524 2052 saeculari
1545 1997 1749 2054 hilaris
1765 2003 1821 2054 et
1840 1998 2031 2055 alacer

382 2083 935 2157 extrinsecus,virgo
948 2084 1133 2139 multo
1144 2085 1493 2158 gaudentior
1508 2086 1813 2143 laetabatur
1827 2087 2032 2143 intrin-

384 2173 805 2230 secus.Cuncta
822 2172 1038 2246 quippe
1051 2173 1102 2229 ei
1125 2173 1392 2231 Christus
1415 2174 1708 2232 tribuebat
1727 2193 2027 2249 prospera,

384 2262 480 2318 cui
502 2262 631 2334 jam
662 2277 795 2317 eum
820 2262 931 2317 fide
949 2278 1103 2329 vera,
1130 2279 1232 2335 spe
1267 2268 1325 2319 et
1357 2263 1638 2321 charitate
1664 2264 1911 2339 integra,
1945 2266 2030 2321 fa-

383 2350 597 2406 mulari
627 2366 859 2423 semper
902 2366 1072 2406 suam
1113 2351 1426 2407 devovebat
1454 2352 1735 2422 animam,
1782 2371 2029 2426 poscens

360 2442 365 2445 ’
380 2440 413 2496 J
418 2455 588 2497 esum
604 2438 904 2494 Christum
919 2438 1112 2496 tacitis
1134 2440 1406 2512 precibus
1422 2441 1702 2497 custodiri
1722 2458 1823 2498 cor
1836 2446 1893 2497 et
1910 2459 2031 2498 eor-

385 2547 498 2604 pus
544 2528 1013 2597 immaculatum,
1058 2546 1130 2585 ne
1174 2530 1631 2586 confunderetur
1670 2530 2028 2588 illecebrosis

381 2618 925 2691 voluptatibus.0re
955 2618 1130 2675 tacito
1162 2635 1330 2675 mens
1361 2619 1582 2687 orabat,
1634 2624 1689 2675 et
1720 2625 2027 2693 protegen-

381 2714 497 2765 tem
518 2725 580 2764 se
596 2708 912 2764 Dominum
945 2706 1135 2763 cordis
1163 2707 1349 2764 oculis
1372 2708 1785 2782 conspiciebat.
1800 2710 2029 2765 Suavis-

383 2797 553 2854 simis
569 2795 843 2869 alloquiis
861 2796 1117 2869 legiones
1136 2801 1370 2853 sanctas
1392 2796 1731 2869 angelorum
1754 2798 2029 2853 evocabat

383 2901 561 2943 suum
587 2885 647 2940 in
680 2884 983 2953 auxilium,
1007 2890 1063 2941 et
1092 2902 1226 2941 cum
1257 2885 1530 2959 lacrymis
1562 2885 1673 2941 sibi
1706 2886 1912 2941 adesse
1933 2902 2030 2959 po-

384 2974 585 3031 scebat
613 2988 846 3029 omnem
870 2973 1114 3029 chorum
1138 2974 1441 3046 agminum
1482 2973 1828 3029 cmlestium.
1848 2974 2030 3029 Exau-

384 3064 545 3119 ditur
572 3062 672 3118 Dei
704 3061 941 3127 famula,
976 3066 1033 3118 et
1053 3061 1365 3118 comitante
1385 3061 1467 3116 illi
1491 3061 1686 3117 divina
1707 3061 2031 3118 misericor-

385 3150 503 3219 dia,
537 3151 773 3223 superni
813 3154 1110 3223 respectus
1160 3149 1481 3223 promeruit
1529 3151 1756 3222 majora
1802 3150 2024 3206 solatia.

2058 1865 2108 1934 B

2137 578 2366 635 Christo
2397 577 2643 635 Domino
2673 580 2745 634 ad
2773 579 3104 651 exemplum
3128 578 3435 635 Genitricis
3460 579 3788 652 virginis,et

2137 667 2515 739 expostulans
2544 684 2605 722 se
2636 667 2853 723 sacrari
2885 666 3076 740 sigillo
3108 666 3466 723 castimoniae
3488 672 3545 723 et
3575 667 3783 741 capitis

2134 755 2423 811 velamine
2451 756 2561 811 sub
2589 756 2772 811 tutela
2799 760 2857 812 et
2886 755 3118 811 servitio
3149 754 3625 828 incomparabilis
3654 756 3782 811 Vir-

2136 844 2290 917 ginis
2336 844 2547 899 Maria).
2582 844 2764 915 Cujus
2795 843 3282 918 benignissimam
3311 843 3693 901 intentionem
3726 849 3783 902 et

2137 932 2497 989 devotionem
2550 932 2683 1005 pius
2728 933 2896 987 Pater
2947 932 3191 988 audiens
3224 937 3281 989 et
3310 951 3344 987 a
3374 932 3620 989 Domino
3653 935 3783 1005 ejus

2136 1026 2393 1078 mentem
2414 1020 2767 1077 illustratam
2789 1021 3283 1095 intelligens,voce
3300 1021 3664 1095 lacrymabili
3686 1024 3786 1078 ad-

2139 1111 2360 1166 mirans
2378 1113 2602 1166 tantam
2619 1109 2676 1165 in
2711 1109 2906 1183 puella
2927 1110 3298 1182 sapientiam,
3327 1109 3543 1166 dixisse
3567 1111 3780 1166 fertur:

2143 1222 2171 1251 ‹‹
2202 1199 2548 1256 Benedictus
2578 1217 2660 1268 es,
2687 1199 2931 1255 Domine
2952 1199 3106 1255 Deus
3130 1198 3415 1265 omnium,
3443 1198 3544 1272 qui
3575 1199 3635 1254 in
3658 1204 3785 1255 toro

2138 1287 2405 1361 virginali
2428 1288 2643 1344 mentis
2663 1292 2835 1344 easta:
2858 1291 2915 1343 et
2936 1287 3194 1360 corporis
3218 1291 3386 1342 tuum
3407 1286 3566 1343 locas
3596 1287 3784 1343 domi-

2139 1376 2360 1444 cilium,
2384 1381 2439 1432 et
2468 1377 2527 1431 in
2560 1393 2700 1432 sexu
2732 1376 2956 1449 fragilis
2978 1375 3233 1432 materiae
3256 1392 3570 1432 numerosa
3590 1393 3789 1448 opera-

2141 1465 2223 1521 ris
2242 1464 2552 1521 mirabilia.
2574 1466 2831 1520 Laudem
2855 1481 2990 1537 ergo
3012 1464 3118 1520 tibi
3145 1463 3493 1537 generaliter
3514 1464 3789 1537 loquatur

2140 1553 2342 1627 lingua
2372 1553 2658 1621 omnium,
2691 1552 2830 1624 quia
2858 1552 3104 1626 dignum
3135 1557 3225 1607 est
3268 1552 3328 1607 in
3361 1552 3578 1608 talibus
3608 1552 3787 1626 gestis

2142 1642 2403 1699 attollere
2452 1646 2507 1698 te
2551 1640 2865 1698 Dominum
2914 1640 3344 1698 universorum.
3392 1641 3676 1713 Equidem
3706 1646 3785 1711 te,

2142 1730 2405 1799 Domine,
2440 1748 2617 1803 super
2641 1729 2735 1786 his
2765 1729 2825 1785 in
2857 1734 3137 1786 azternum
3178 1728 3450 1797 laudabo,
3482 1734 3540 1784 et
3568 1729 3789 1803 gloriﬁ-

2143 1820 2284 1876 cabo
2316 1836 2528 1875 nomen
2560 1823 2727 1874 tuum
2763 1818 2822 1874 in
2855 1818 3087 1875 saecula.
3124 1840 3151 1869 ››

2207 1912 2261 1964 8.
2294 1910 2364 1964 Et
2390 1925 2704 1965 conversus
2737 1908 2809 1963 ad
2841 1907 2940 1963 Dei
2974 1911 3197 1963 castam
3228 1906 3515 1979 virginem
3546 1907 3675 1963 infit
3705 1908 3788 1964 ita

2137 1997 2412 2071 inquiens
2445 2015 2457 2052 :
2496 2018 2524 2047 «
2555 1997 2730 2068 Cujas
2756 2001 2812 2053 et
2842 1995 3057 2069 puella,
3092 1996 3179 2051 vel
3211 2014 3246 2051 a
3276 1995 3493 2068 quibus
3523 1996 3641 2052 oris
3681 1997 3785 2052 ad-

2136 2085 2346 2142 venisti
2376 2085 2611 2159 replica,
2634 2102 2967 2157 nomenque
2989 2088 3157 2140 tuum
3182 2088 3239 2140 et
3261 2083 3435 2141 fidem
3458 2088 3570 2140 tuas
3592 2084 3784 2158 gentis

2137 2175 2355 2248 pariter
2384 2174 2895 2248 designa./Estimo
2928 2173 3083 2231 enim
3114 2178 3171 2230 te
3202 2173 3572 2230 nobilissima
3602 2174 3782 2248 stirpe

2138 2263 2522 2337 progenitam,
2546 2268 2604 2319 et
2632 2262 2704 2319 ab
2726 2263 2872 2336 ipsis
2903 2263 3161 2320 infantiae
3187 2263 3356 2320 cunis
3377 2263 3782 2320 ecclesiastica:

2138 2353 2460 2425 disciplima
2490 2352 2698 2409 litteris
2728 2352 3039 2408 eruditam.
3065 2375 3094 2403 »
3115 2354 3201 2408 Ad
3231 2352 3354 2408 haee
3382 2350 3483 2407 illa
3512 2356 3707 2408 mente
3726 2355 3785 2409 et

2137 2442 2282 2498 facie
2312 2441 2687 2497 serenissima
2709 2442 3003 2498 submisso
3022 2441 3206 2510 vultu,
3240 2441 3341 2497 tali
3369 2459 3503 2497 orsa
3526 2446 3616 2498 est
3646 2441 3783 2498 allo-

2137 2530 2273 2602 quio
2307 2547 2319 2584 :
2358 2552 2384 2580 ‹‹
2417 2529 2475 2586 Si
2507 2530 2577 2585 de
2610 2534 2798 2602 gente,
2823 2530 2990 2586 Pater
3010 2530 3267 2602 ,quzeris,
3300 2534 3357 2586 et
3385 2529 3639 2599 domine,
3672 2545 3778 2603 ego

2136 2618 2328 2691 gentis
2358 2633 2490 2673 sum
2523 2618 2810 2673 Francica:
2848 2622 3022 2690 atque
3069 2619 3453 2692 Hunegundis
3483 2619 3647 2675 dicor
3675 2636 3780 2675 no-

2136 2707 2314 2774 mine,
2349 2707 2492 2762 etin
2536 2722 2683 2778 pago
2734 2711 2872 2761 nata
2918 2722 3050 2762 sum
3094 2707 3537 2775 Vermandensi,
3582 2725 3617 2762 τι
3661 2724 3777 2779 quo

2136 2794 2326 2856 delata
2373 2795 2489 2849 huc
2540 2793 2690 2849 veni.
2743 2794 3004 2849 Educata
3049 2794 3321 2866 equidem
3379 2812 3510 2850 sum
3569 2812 3777 2866 paren-

2136 2883 2316 2951 tibus,
2364 2881 2744 2951 Christicolis,
2795 2886 2851 2937 et
2894 2887 3095 2938 contra
3136 2882 3279 2938 velle
3322 2899 3543 2951 meum,
3588 2888 3663 2951 et,
3714 2888 3782 2939 ut

2137 2971 2436 3039 credo,Dei
2460 2971 2764 3044 placitum,
2800 2988 3014 3043 sponso
3044 2971 3258 3026 tradita
3287 2987 3417 3027 sum
3442 2971 3777 3043 juveneulo,

2137 3078 2313 3134 quem
2345 3066 2631 3134 postpono
2654 3066 2711 3116 et
2732 3060 2921 3116 devito
2945 3060 3211 3116 devineta
3229 3059 3444 3116 Christi
3476 3061 3778 3130 eharitate,

2139 3166 2255 3222 quo
2286 3150 2533 3206 ducente
2561 3153 2618 3205 et
2646 3149 2891 3217 favente,
2923 3153 3043 3206 toto
3093 3165 3330 3221 corpore
3378 3166 3511 3205 sum
3556 3149 3785 3223 integra

383 3241 771 3297 Saerosaneta
802 3239 1002 3311 utique
1033 3238 1304 3312 praesidia
1333 3238 1443 3294 sibi
1483 3255 1618 3295 mox
1662 3239 1867 3295 adesse
1898 3256 2028 3312 per-
2059 3233 2102 3301 C
2141 3242 2315 3311 atque
2344 3242 2538 3294 mente
2568 3236 2999 3311 impolluta.llli
3026 3254 3120 3293 me
3170 3238 3417 3294 devoveo
3449 3239 3549 3311 qui
3575 3239 3789 3295 creavit

389 3328 594 3397 sensit,
629 3345 757 3400 quae
788 3327 1090 3383 defensam
1114 3327 1389 3383 omnibus
1419 3327 1807 3384 incommodis
1839 3329 2034 3384 Romae

385 3421 812 3491 prazsentarunt
842 3415 1177 3489 apostolicis
1210 3415 1641 3489 conspectibus,
1694 3433 1829 3472 cum
1874 3416 2034 3473 omni

383 3505 717 3579 integritate
746 3505 878 3560 ﬁdei
908 3508 965 3560 et
995 3504 1273 3577 corporis.
1299 3505 1563 3579 Cumque
1586 3511 2032 3579 percunctaren-

386 3600 484 3649 tur
499 3594 627 3649 loca
648 3592 812 3648 urbis
833 3592 1037 3648 mundi
1061 3592 1393 3662 dominze,et
1410 3595 1659 3666 superbo
1684 3596 1834 3650 fastu
1859 3611 2033 3668 spon-

387 3700 491 3740 sus
507 3699 640 3738 eum
665 3681 967 3738 sodalibus
990 3681 1251 3755 undique
1274 3683 1885 3756 circumseptus,varia
1907 3701 2035 3741 san-

387 3777 614 3828 ctorum
651 3769 922 3826 eireuiret
966 3771 1249 3843 pignora;
1300 3770 1400 3825 illa
1455 3772 1647 3827 vitans
1687 3773 2032 3845 arrogantia

386 3860 1014 3928 comitatum,solaibat
1032 3861 1101 3916 ad
1121 3860 1519 3933 apostolorum
1536 3861 2033 3934 limina.Sponsus

384 3966 514 4006 eam
535 3948 863 4005 aestimabat
879 3964 1189 4020 repausare
1202 3966 1317 4021 pra:
1332 3948 1526 4004 multa;
1540 3947 1641 4004 via:
1653 3948 2025 4006 lassitudine:

384 4037 486 4093 illa
503 4036 662 4094 velut
688 4040 880 4092 mente
909 4040 1181 4092 renovata
1197 4054 1263 4092 ac
1286 4036 1580 4093 robustior
1602 4038 2030 4105 eﬂ'ecta,omnia

380 4125 523 4183 foris
571 4131 628 4181 et
674 4126 835 4181 intus
885 4124 1047 4181 urbis
1079 4125 1274 4181 Romae
1306 4125 1589 4182 circuibat
1620 4126 1889 4182 oratoria.
1927 4127 2027 4184 Ille

375 4232 515 4289 ergo
532 4215 761 4271 ruitura
776 4213 943 4270 oculo
961 4230 1234 4287 corporeo
1255 4214 1582 4270 mirabatur
1597 4215 1840 4270 aediﬁcia
1861 4216 2025 4271 urbis

377 4303 813 4372 Hiericontinre:
846 4302 973 4369 haec
995 4301 1054 4357 in
1086 4305 1434 4375 perpetuum
1485 4318 1766 4359 mansura
1808 4302 2022 4359 mentis

378 4391 594 4447 intuitu
619 4391 905 4446 invisebat
922 4389 1081 4446 clara
1092 4390 1307 4446 moenia
1322 4390 1572 4447 cmlestis
1587 4390 2016 4463 Hierosolymre,

372 4497 606 4553 semper
640 4481 711 4535 ob
758 4494 1017 4535 amorem
1056 4478 1255 4552 patria:
1287 4478 1536 4536 cmlestis
1567 4479 1626 4534 in
1657 4479 2019 4536 orationibus

2144 3328 2435 3395 universa,
2470 3332 2645 3401 atque
2670 3328 2844 3384 ﬁdem
2878 3344 3054 3400 quam
3086 3327 3335 3400 requiris
3364 3326 3478 3401 ipsi
3509 3345 3672 3384 servo
3696 3328 3786 3383 in-

2140 3422 2387 3491 tegram.
2416 3420 2602 3484 Quam
2651 3417 2700 3473 si
2750 3417 2922 3491 plane
2967 3417 3054 3473 vis
3104 3416 3327 3485 audire,
3362 3418 3616 3489 paudam
3655 3415 3783 3484 tibi,

2144 3506 2311 3562 Pater
2340 3506 2577 3580 optime,
2611 3507 2771 3579 quia,
2810 3506 2947 3563 licet
2983 3507 3232 3562 barbara
3262 3505 3373 3562 sim
3408 3506 3663 3573 natione,
3695 3510 3787 3560 ta-

2143 3612 2275 3650 men
2305 3595 2458 3651 hanc
2489 3597 2739 3652 fatemur
2793 3595 2967 3651 fidem
3025 3612 3221 3650 veram
3271 3599 3448 3666 atque
3497 3599 3784 3662 sanctam,

2142 3702 2270 3757 qua:
2303 3684 2469 3741 nobis
2498 3684 2559 3740 in
2590 3685 2706 3741 fine
2735 3684 3017 3757 temporis
3036 3689 3125 3740 est
3146 3683 3339 3740 delata
3359 3684 3430 3739 ab
3453 3683 3562 3739 hac
3583 3688 3788 3739 sancta

2142 3773 2278 3828 sede
2312 3772 2631 3845 apostolica
2659 3778 2716 3828 et
2746 3770 3034 3828 catholica
3078 3776 3265 3827 matre
3315 3771 3592 3827 Ecclesia.
3640 3772 3785 3827 Ecce

2139 3862 2353 3917 etenim
2384 3866 2486 3916 tua
2516 3860 2795 3916 sanctitas
2826 3861 2968 3914 dum
3002 3877 3036 3913 a
3067 3860 3237 3916 nobis
3270 3860 3444 3915 fidem
3472 3859 3667 3931 exigit,
3701 3858 3783 3912 vi-

2140 3951 2311 4006 detur
2340 3950 2508 4005 nobis
2539 3949 2705 4021 quasi
2751 3948 3021 4029 Christus
3071 3965 3105 4002 a
3152 3948 3519 4002 Samaritana
3563 3962 3781 4019 aquam

2138 4039 2314 4095 fontis
2345 4037 2601 4111 postulet
2632 4054 2644 4092 :
2679 4036 2779 4109 qui
2811 4036 2953 4091 dum
2986 4035 3087 4092 tali
3121 4034 3395 4109 dignatus
3442 4039 3530 4092 est
3559 4033 3780 4108 perfrui

2136 4127 2410 4201 alloquio,
2444 4126 2637 4182 innuit
2666 4125 2915 4182 latenter
2935 4127 3089 4198 quod
3123 4125 3416 4181 neminem
3450 4143 3484 4180 a
3514 4125 3626 4181 fide
3655 4124 3780 4180 ulla

2133 4221 2323 4289 potest
2352 4214 2507 4288 regio
2540 4214 2837 4287 repellere.
2883 4214 3045 4270 Unde
3094 4231 3201 4270 nos
3249 4214 3387 4286 quia
3431 4214 3606 4270 fidem
3660 4232 3775 4270 non

2129 4303 2632 4371 erubescimus,de
2642 4302 2940 4376 provincia
2951 4319 3322 4376 nequaquam
3336 4303 3772 4372 confundimur,

2129 4411 2261 4450 cum
2296 4393 2472 4449 David
2501 4391 2798 4466 praecipiat
2826 4408 3029 4448 omnes
3061 4395 3263 4466 gentes
3286 4390 3560 4464 plaudere
3590 4391 3776 4445 mani-

2128 4483 2238 4539 bus
2293 4487 2351 4538 et
2396 4481 2650 4553 jubilare
2704 4481 2819 4537 Deo
2880 4481 2939 4536 in
2995 4497 3133 4537 voce
3180 4478 3607 4546 cxsultationis,
3657 4482 3768 4533 etc.

368 4575 431 4625 et
458 4569 671 4642 vigiliis
712 4586 779 4625 ac
801 4568 1047 4641 jejuniis
1078 4572 1212 4624 ante
1244 4569 1638 4641 apostolorum
1666 4568 1871 4625 limina
1895 4568 2017 4626 solo
2044 4605 2093 4671 D
2123 4571 2539 4627 Verumtamen
2597 4569 2875 4641 quoniam
2932 4568 3265 4642 apostolicis
3301 4566 3769 4623 institutionibus

370 4659 685 4724 recubans,
717 4662 773 4713 et
793 4656 886 4712 vix
917 4658 988 4713 ad
1021 4656 1342 4730 hospitium
1377 4657 1628 4714 rediens.

441 4750 499 4801 ’7.
514 4747 652 4803 Inde
673 4745 884 4819 spretis
902 4746 1076 4802 rebus
1092 4744 1445 4803 transitoriis
1467 4746 1779 4819 relictoque
1797 4764 2012 4820 sponso

367 4853 505 4893 cum
537 4836 661 4892 suis
695 4835 991 4904 omnibus,
1015 4852 1234 4908 pernox
1256 4839 1379 4890 erat
1399 4834 1457 4890 in
1480 4836 1861 4904 orationibus,
1887 4854 2010 4892 cor-

366 4944 481 5000 pus
503 4924 715 4998 vigiliis
733 4928 789 4985 et
804 4922 996 4979 inedia
1017 4939 1340 4992 maeerans,
1357 4927 1413 4979 et
1432 4923 1627 4979 omnia
1650 4941 1776 4997 quae
1797 4925 2013 4981 habere

367 5018 595 5088 poterat
607 5013 961 5087 pauperibus
973 5012 1447 5087 erogans:sieque
1463 5015 1751 5070 monaeha
1762 5015 2014 5071 efficitur

368 5118 499 5173 qua:
531 5116 748 5173 sponsa
778 5102 1125 5172 putabatur:
1175 5105 1233 5157 et
1278 5101 1570 5171 terrestris
1619 5102 1827 5175 copula
1875 5120 2009 5158 cum

366 5189 526 5246 omni
545 5205 759 5262 pompa
782 5189 1071 5261 dejicitur,
1088 5206 1221 5245 cum
1244 5207 1278 5245 a
1305 5189 1535 5263 superis
1568 5190 1806 5248 castitas
1827 5191 2008 5246 virtu-

364 5283 492 5333 tum
507 5278 709 5351 regina
720 5278 1383 5335 diifunditur.Eratcerte
1393 5281 1656 5353 gaudens
1674 5280 1841 5351 quasi
1855 5282 2009 5353 quod

365 5372 663 5439 optaverat
694 5367 795 5421 diu
827 5367 1152 5439 possidens,
1186 5368 1342 5423 unde
1374 5384 1476 5423 nec
1527 5368 1599 5423 ad
1642 5375 2007 5425 momentum

363 5459 594 5529 poterat
622 5455 951 5528 relinquere
979 5474 1107 5530 quae
1138 5474 1273 5514 eum
1303 5461 1468 5513 tanta
1497 5456 1758 5514 claritate
1795 5459 2013 5516 meruit

362 5544 1000 5605 invenire.Adveniente
1021 5546 1214 5602 denuo
1244 5545 1336 5601 die
1365 5544 1634 5601 stationis
1657 5546 2006 5617 apostolicae,

361 5632 669 5710 provoluta
698 5636 787 5689 est
824 5632 1072 5705 pedibus
1120 5633 1398 5691 antistitis
1447 5638 1661 5692 sanctae
1713 5634 2009 5692 catholicae

2124 4675 2435 4717 monemur
2463 4665 2529 4713 ut
2558 4658 2835 4715 omnibus
2857 4657 3233 4730 poscentibus
3253 4656 3539 4711 rationem
3562 4656 3633 4709 de
3665 4671 3768 4726 spe

2121 4755 2177 4805 et
2208 4747 2491 4804 ebaritate
2521 4763 2649 4819 quae
2674 4746 2735 4802 in
2763 4746 2931 4803 nobis
2962 4750 3052 4801 est
3082 4746 3466 4818 proferamus,
3500 4759 3615 4797 non
3648 4758 3767 4796 mo-

2121 4853 2321 4893 remur
2349 4834 2573 4892 diutius
2603 4834 2847 4909 gloriam
2879 4834 3013 4890 ﬁdei
3044 4837 3255 4889 nostra;
3276 4836 3389 4887 tua:
3418 4829 3765 4886 beatitudini

2120 4925 2325 4999 paucis
2345 4922 3079 4980 demonstrare.Credimus
3105 4920 3322 4993 quippe
3340 4922 3396 4975 et
3416 4918 3765 4973 confitemur

2120 5015 2341 5087 absque
2355 5012 2643 5087 principio
2665 5010 2945 5083 temporis
2977 5014 3035 5065 et
3053 5009 3169 5063 ﬁne
3190 5022 3490 5062 summum
3512 5010 3567 5062 et
3587 5005 3763 5061 incir-

2119 5102 2542 5175 cumscriptum
2574 5099 2877 5172 Spiritum,
2912 5114 3095 5152 unum
3129 5095 3587 5168 omnipotentem
3636 5112 3764 5152 esse

2120 5197 2322 5260 Deum,
2348 5192 2521 5263 juxta
2549 5188 2705 5261 quod
2736 5187 2816 5243 ait
2863 5187 3089 5259 Moyses
3143 5202 3156 5239 :
3207 5184 3368 5251 Audi,
3418 5185 3602 5250 Israel,
3653 5186 3762 5241 Do-

2118 5283 2303 5336 minus
2333 5281 2471 5335 Deus
2503 5287 2627 5333 tuus
2657 5278 2796 5332 Deus
2825 5292 2969 5330 unus
2997 5282 3077 5330 est
3104 5275 3277 5346 (Deut.
3311 5274 3413 5345 v1.)
3452 5273 3612 5328 Unus
3657 5280 3760 5341 est,

2119 5371 2382 5442 inquam,
2419 5368 2573 5423 Deus
2632 5366 2798 5420 Pater
2849 5364 3165 5437 ingenitus,
3217 5381 3371 5419 unus
3422 5361 3602 5417 Filius
3634 5363 3764 5433 ejus

2119 5456 2479 5529 unigenitus,
2497 5471 2653 5510 unus
2684 5452 2937 5525 Spiritus
2962 5458 3200 5508 sanctus
3219 5452 3291 5506 ab
3326 5455 3573 5522 utroque
3622 5467 3762 5522 pro-

2119 5546 2350 5612 cedens,
2386 5543 2537 5599 Patri
2568 5546 2626 5598 et
2647 5541 2790 5598 Filio
2821 5546 3160 5607 coaeternus,
3196 5540 3295 5595 sed
3346 5556 3578 5612 semper
3605 5539 3761 5595 idem

2122 5635 2289 5691 Pater
2318 5633 2492 5702 Deus,
2528 5630 2709 5689 Filius
2739 5631 2913 5699 Deus,
2952 5629 3206 5702 Spiritus
3254 5633 3496 5685 sanctus
3526 5628 3702 5696 Deus,
3732 5644 3769 5686 a
