  <div class='ocr_page' id='page_1' title='image "/cluster/home/n/w/nwhite01/storage/ocr_20150623/137/hvd.32044054759972/037.png"; bbox 0 0 4148 6184; ppageno 0'>
   <div class='ocr_carea' id='block_1_1' title="bbox 424 326 3823 398">
    <p class='ocr_par' dir='ltr' id='par_1_1' title="bbox 424 326 3823 398">
     <span class='ocr_line' id='line_1_1' title="bbox 424 326 3823 398; baseline -0.002 -2"><span class='ocrx_word' id='word_1_1' title='bbox 424 326 499 386; x_wconf 76' lang='lat'>55</span> <span class='ocrx_word' id='word_1_2' title='bbox 1416 334 1759 398; x_wconf 81' lang='lat' dir='ltr'>BERNERI</span> <span class='ocrx_word' id='word_1_3' title='bbox 1805 332 2135 397; x_wconf 56' lang='lat' dir='ltr'>BBATIS</span> <span class='ocrx_word' id='word_1_4' title='bbox 2177 332 2500 398; x_wconf 65' lang='lat' dir='ltr'>HUMOL&#39;A</span> <span class='ocrx_word' id='word_1_5' title='bbox 2510 333 2838 396; x_wconf 78' lang='lat' dir='ltr'>RIENSIS.</span> <span class='ocrx_word' id='word_1_6' title='bbox 3746 329 3823 390; x_wconf 74' lang='lat'>56</span> 
     </span>
    </p>
   </div>
   <div class='ocr_carea' id='block_1_2' title="bbox 427 462 3826 539">
    <p class='ocr_par' dir='ltr' id='par_1_2' title="bbox 427 462 3826 539">
     <span class='ocr_line' id='line_1_2' title="bbox 427 462 3826 539; baseline 0.001 -25"><span class='ocrx_word' id='word_1_7' title='bbox 427 475 543 531; x_wconf 91' lang='lat' dir='ltr'>quo</span> <span class='ocrx_word' id='word_1_8' title='bbox 574 462 903 535; x_wconf 88' lang='lat' dir='ltr'>omnia,per</span> <span class='ocrx_word' id='word_1_9' title='bbox 929 480 1105 537; x_wconf 87' lang='lat' dir='ltr'>quem</span> <span class='ocrx_word' id='word_1_10' title='bbox 1137 466 1353 533; x_wconf 81' lang='lat' dir='ltr'>omnia,</span> <span class='ocrx_word' id='word_1_11' title='bbox 1377 470 1434 522; x_wconf 91' lang='lat' dir='ltr'>et</span> <span class='ocrx_word' id='word_1_12' title='bbox 1463 468 1521 522; x_wconf 92' lang='lat' dir='ltr'>in</span> <span class='ocrx_word' id='word_1_13' title='bbox 1544 484 1659 539; x_wconf 86' lang='lat' dir='ltr'>quo</span> <span class='ocrx_word' id='word_1_14' title='bbox 1689 470 1830 522; x_wconf 90' lang='lat' dir='ltr'>sunt</span> <span class='ocrx_word' id='word_1_15' title='bbox 1847 465 2067 535; x_wconf 83' lang='lat' dir='ltr'>omnia,</span> <span class='ocrx_word' id='word_1_16' title='bbox 2099 466 2156 534; x_wconf 74' lang='grc' dir='ltr'><strong>Α</strong></span> <span class='ocrx_word' id='word_1_17' title='bbox 2185 482 2289 539; x_wconf 89' lang='lat' dir='ltr'>per</span> <span class='ocrx_word' id='word_1_18' title='bbox 2317 469 2579 523; x_wconf 89' lang='lat' dir='ltr'>nostram</span> <span class='ocrx_word' id='word_1_19' title='bbox 2607 466 3069 523; x_wconf 79' lang='lat' dir='ltr'>benedictionem</span> <span class='ocrx_word' id='word_1_20' title='bbox 3092 467 3197 523; x_wconf 83' lang='lat' dir='ltr'>tibi</span> <span class='ocrx_word' id='word_1_21' title='bbox 3228 483 3262 522; x_wconf 88' lang='lat' dir='ltr'>a</span> <span class='ocrx_word' id='word_1_22' title='bbox 3282 465 3529 522; x_wconf 89' lang='lat' dir='ltr'>Domino</span> <span class='ocrx_word' id='word_1_23' title='bbox 3548 477 3826 518; x_wconf 88' lang='lat' dir='ltr'>concessa</span> 
     </span>
    </p>
   </div>
   <div class='ocr_carea' id='block_1_3' title="bbox 424 549 2070 628">
    <p class='ocr_par' dir='ltr' id='par_1_3' title="bbox 424 549 2070 628">
     <span class='ocr_line' id='line_1_3' title="bbox 424 549 2070 628; baseline 0.004 -25"><span class='ocrx_word' id='word_1_24' title='bbox 424 553 481 603; x_wconf 91' lang='lat' dir='ltr'>et</span> <span class='ocrx_word' id='word_1_25' title='bbox 511 549 636 604; x_wconf 85' lang='lat' dir='ltr'>sine</span> <span class='ocrx_word' id='word_1_26' title='bbox 666 568 782 623; x_wconf 91' lang='lat' dir='ltr'>quo</span> <span class='ocrx_word' id='word_1_27' title='bbox 814 553 1031 609; x_wconf 86' lang='lat' dir='ltr'>factum</span> <span class='ocrx_word' id='word_1_28' title='bbox 1082 558 1172 611; x_wconf 92' lang='lat' dir='ltr'>est</span> <span class='ocrx_word' id='word_1_29' title='bbox 1221 554 1389 611; x_wconf 85' lang='lat' dir='ltr'>nihil.</span> <span class='ocrx_word' id='word_1_30' title='bbox 1424 555 1555 611; x_wconf 69' lang='lat' dir='ltr'>Haec</span> <span class='ocrx_word' id='word_1_31' title='bbox 1604 555 1898 628; x_wconf 90' lang='lat' dir='ltr'>tripartita</span> <span class='ocrx_word' id='word_1_32' title='bbox 1934 572 2070 610; x_wconf 89' lang='lat' dir='ltr'>con-</span> 
     </span>
    </p>
   </div>
   <div class='ocr_carea' id='block_1_4' title="bbox 419 638 2075 716">
    <p class='ocr_par' dir='ltr' id='par_1_4' title="bbox 419 638 2075 716">
     <span class='ocr_line' id='line_1_4' title="bbox 419 638 2075 716; baseline 0.005 -25"><span class='ocrx_word' id='word_1_33' title='bbox 419 638 648 708; x_wconf 90' lang='lat' dir='ltr'>junctio</span> <span class='ocrx_word' id='word_1_34' title='bbox 678 645 735 695; x_wconf 91' lang='lat' dir='ltr'>et</span> <span class='ocrx_word' id='word_1_35' title='bbox 767 643 1079 713; x_wconf 85' lang='lat' dir='ltr'>conjuncta</span> <span class='ocrx_word' id='word_1_36' title='bbox 1107 644 1332 709; x_wconf 87' lang='lat' dir='ltr'>divisio,</span> <span class='ocrx_word' id='word_1_37' title='bbox 1357 647 1413 699; x_wconf 90' lang='lat' dir='ltr'>et</span> <span class='ocrx_word' id='word_1_38' title='bbox 1442 644 1498 698; x_wconf 94' lang='lat' dir='ltr'>in</span> <span class='ocrx_word' id='word_1_39' title='bbox 1532 646 1797 716; x_wconf 82' lang='lat' dir='ltr'>personis</span> <span class='ocrx_word' id='word_1_40' title='bbox 1816 644 2075 700; x_wconf 80' lang='lat' dir='ltr'>excludit</span> 
     </span>
    </p>
   </div>
   <div class='ocr_carea' id='block_1_5' title="bbox 429 727 2073 803">
    <p class='ocr_par' dir='ltr' id='par_1_5' title="bbox 429 727 2073 803">
     <span class='ocr_line' id='line_1_5' title="bbox 429 727 2073 803; baseline 0.004 -23"><span class='ocrx_word' id='word_1_41' title='bbox 429 727 728 795; x_wconf 88' lang='lat' dir='ltr'>unionem,</span> <span class='ocrx_word' id='word_1_42' title='bbox 787 735 843 785; x_wconf 90' lang='lat' dir='ltr'>et</span> <span class='ocrx_word' id='word_1_43' title='bbox 896 731 955 785; x_wconf 91' lang='lat' dir='ltr'>in</span> <span class='ocrx_word' id='word_1_44' title='bbox 1018 748 1397 803; x_wconf 88' lang='lat' dir='ltr'>personarum</span> <span class='ocrx_word' id='word_1_45' title='bbox 1448 734 1821 790; x_wconf 85' lang='lat' dir='ltr'>distinctione</span> <span class='ocrx_word' id='word_1_46' title='bbox 1850 733 2073 789; x_wconf 85' lang='lat' dir='ltr'>obtinet</span> 
     </span>
    </p>
   </div>
   <div class='ocr_carea' id='block_1_6' title="bbox 429 816 2073 895">
    <p class='ocr_par' dir='ltr' id='par_1_6' title="bbox 429 816 2073 895">
     <span class='ocr_line' id='line_1_6' title="bbox 429 816 2073 895; baseline 0.006 -28"><span class='ocrx_word' id='word_1_47' title='bbox 429 816 733 871; x_wconf 87' lang='lat' dir='ltr'>unitatem.</span> <span class='ocrx_word' id='word_1_48' title='bbox 768 819 892 873; x_wconf 90' lang='lat' dir='ltr'>Non</span> <span class='ocrx_word' id='word_1_49' title='bbox 933 824 1128 874; x_wconf 89' lang='lat' dir='ltr'>autem</span> <span class='ocrx_word' id='word_1_50' title='bbox 1177 820 1331 875; x_wconf 85' lang='lat' dir='ltr'>sicut</span> <span class='ocrx_word' id='word_1_51' title='bbox 1372 825 1490 878; x_wconf 89' lang='lat' dir='ltr'>tres</span> <span class='ocrx_word' id='word_1_52' title='bbox 1540 839 1839 895; x_wconf 80' lang='lat' dir='ltr'>personas,</span> <span class='ocrx_word' id='word_1_53' title='bbox 1888 822 1970 876; x_wconf 90' lang='lat' dir='ltr'>ita</span> <span class='ocrx_word' id='word_1_54' title='bbox 2015 826 2073 877; x_wconf 91' lang='lat' dir='ltr'>et</span> 
     </span>
    </p>
   </div>
   <div class='ocr_carea' id='block_1_7' title="bbox 422 904 2069 983">
    <p class='ocr_par' dir='ltr' id='par_1_7' title="bbox 422 904 2069 983">
     <span class='ocr_line' id='line_1_7' title="bbox 422 904 2069 983; baseline 0.005 -26"><span class='ocrx_word' id='word_1_55' title='bbox 422 906 542 958; x_wconf 90' lang='lat' dir='ltr'>tres</span> <span class='ocrx_word' id='word_1_56' title='bbox 573 904 712 959; x_wconf 90' lang='lat' dir='ltr'>deos</span> <span class='ocrx_word' id='word_1_57' title='bbox 744 906 1056 973; x_wconf 87' lang='lat' dir='ltr'>credimus,</span> <span class='ocrx_word' id='word_1_58' title='bbox 1091 909 1191 964; x_wconf 88' lang='lat' dir='ltr'>sed</span> <span class='ocrx_word' id='word_1_59' title='bbox 1243 909 1302 964; x_wconf 90' lang='lat' dir='ltr'>in</span> <span class='ocrx_word' id='word_1_60' title='bbox 1348 910 1538 966; x_wconf 90' lang='lat' dir='ltr'>tribus</span> <span class='ocrx_word' id='word_1_61' title='bbox 1591 911 1858 983; x_wconf 83' lang='lat' dir='ltr'>personis</span> <span class='ocrx_word' id='word_1_62' title='bbox 1888 927 2069 966; x_wconf 87' lang='lat' dir='ltr'>unam</span> 
     </span>
    </p>
   </div>
   <div class='ocr_carea' id='block_1_8' title="bbox 419 991 2071 1067">
    <p class='ocr_par' dir='ltr' id='par_1_8' title="bbox 419 991 2071 1067">
     <span class='ocr_line' id='line_1_8' title="bbox 419 991 2071 1067; baseline 0.006 -21"><span class='ocrx_word' id='word_1_63' title='bbox 419 991 704 1047; x_wconf 88' lang='lat' dir='ltr'>Deitatem</span> <span class='ocrx_word' id='word_1_64' title='bbox 728 994 1103 1067; x_wconf 84' lang='lat' dir='ltr'>conﬁtemur:</span> <span class='ocrx_word' id='word_1_65' title='bbox 1120 997 1466 1053; x_wconf 83' lang='lat' dir='ltr'>Trinitatem</span> <span class='ocrx_word' id='word_1_66' title='bbox 1488 1003 1752 1054; x_wconf 89' lang='lat' dir='ltr'>sanctam</span> <span class='ocrx_word' id='word_1_67' title='bbox 1774 999 2071 1057; x_wconf 89' lang='lat' dir='ltr'>credimus</span> 
     </span>
    </p>
   </div>
   <div class='ocr_carea' id='block_1_9' title="bbox 415 1079 2071 1155">
    <p class='ocr_par' dir='ltr' id='par_1_9' title="bbox 415 1079 2071 1155">
     <span class='ocr_line' id='line_1_9' title="bbox 415 1079 2071 1155; baseline 0.005 -21"><span class='ocrx_word' id='word_1_68' title='bbox 415 1079 476 1134; x_wconf 94' lang='lat' dir='ltr'>in</span> <span class='ocrx_word' id='word_1_69' title='bbox 508 1081 969 1139; x_wconf 88' lang='lat' dir='ltr'>subsistentibus</span> <span class='ocrx_word' id='word_1_70' title='bbox 991 1085 1275 1155; x_wconf 73' lang='lat' dir='ltr'>personis.</span> <span class='ocrx_word' id='word_1_71' title='bbox 1309 1087 1595 1142; x_wconf 89' lang='lat' dir='ltr'>unitatem</span> <span class='ocrx_word' id='word_1_72' title='bbox 1615 1104 1748 1144; x_wconf 90' lang='lat' dir='ltr'>vero</span> <span class='ocrx_word' id='word_1_73' title='bbox 1772 1088 1829 1142; x_wconf 93' lang='lat' dir='ltr'>in</span> <span class='ocrx_word' id='word_1_74' title='bbox 1860 1092 2071 1143; x_wconf 91' lang='lat' dir='ltr'>natura</span> 
     </span>
    </p>
   </div>
   <div class='ocr_carea' id='block_1_10' title="bbox 415 1171 2072 1249">
    <p class='ocr_par' dir='ltr' id='par_1_10' title="bbox 415 1171 2072 1249">
     <span class='ocr_line' id='line_1_10' title="bbox 415 1171 2072 1249; baseline 0.005 -25"><span class='ocrx_word' id='word_1_75' title='bbox 415 1172 473 1224; x_wconf 91' lang='lat' dir='ltr'>et</span> <span class='ocrx_word' id='word_1_76' title='bbox 522 1171 827 1241; x_wconf 83' lang='lat' dir='ltr'>majestate</span> <span class='ocrx_word' id='word_1_77' title='bbox 876 1188 943 1227; x_wconf 89' lang='lat' dir='ltr'>ac</span> <span class='ocrx_word' id='word_1_78' title='bbox 997 1172 1328 1229; x_wconf 84' lang='lat' dir='ltr'>substantia</span> <span class='ocrx_word' id='word_1_79' title='bbox 1370 1175 1635 1234; x_wconf 87' lang='lat' dir='ltr'>Deitatis.</span> <span class='ocrx_word' id='word_1_80' title='bbox 1669 1176 1853 1233; x_wconf 90' lang='lat' dir='ltr'>Omne</span> <span class='ocrx_word' id='word_1_81' title='bbox 1891 1177 2072 1249; x_wconf 87' lang='lat' dir='ltr'>igitur</span> 
     </span>
    </p>
   </div>
   <div class='ocr_carea' id='block_1_11' title="bbox 414 1258 2072 1339">
    <p class='ocr_par' dir='ltr' id='par_1_11' title="bbox 414 1258 2072 1339">
     <span class='ocr_line' id='line_1_11' title="bbox 414 1258 2072 1339; baseline 0.007 -28"><span class='ocrx_word' id='word_1_82' title='bbox 414 1258 570 1328; x_wconf 92' lang='lat' dir='ltr'>quod</span> <span class='ocrx_word' id='word_1_83' title='bbox 603 1262 711 1325; x_wconf 87' lang='lat' dir='ltr'>est,</span> <span class='ocrx_word' id='word_1_84' title='bbox 766 1258 825 1313; x_wconf 91' lang='lat' dir='ltr'>in</span> <span class='ocrx_word' id='word_1_85' title='bbox 874 1261 990 1315; x_wconf 88' lang='lat' dir='ltr'>duo</span> <span class='ocrx_word' id='word_1_86' title='bbox 1040 1262 1377 1318; x_wconf 89' lang='lat' dir='ltr'>dividimus.</span> <span class='ocrx_word' id='word_1_87' title='bbox 1410 1264 1646 1336; x_wconf 89' lang='lat' dir='ltr'>Absque</span> <span class='ocrx_word' id='word_1_88' title='bbox 1693 1264 1818 1321; x_wconf 91' lang='lat' dir='ltr'>sola</span> <span class='ocrx_word' id='word_1_89' title='bbox 1861 1282 2072 1339; x_wconf 89' lang='lat' dir='ltr'>nempe</span> 
     </span>
    </p>
   </div>
   <div class='ocr_carea' id='block_1_12' title="bbox 412 1345 2071 1426">
    <p class='ocr_par' dir='ltr' id='par_1_12' title="bbox 412 1345 2071 1426">
     <span class='ocr_line' id='line_1_12' title="bbox 412 1345 2071 1426; baseline 0.005 -25"><span class='ocrx_word' id='word_1_90' title='bbox 412 1345 696 1403; x_wconf 88' lang='lat' dir='ltr'>Trinitate</span> <span class='ocrx_word' id='word_1_91' title='bbox 744 1365 918 1404; x_wconf 87' lang='lat' dir='ltr'>omne</span> <span class='ocrx_word' id='word_1_92' title='bbox 965 1352 1120 1422; x_wconf 92' lang='lat' dir='ltr'>quod</span> <span class='ocrx_word' id='word_1_93' title='bbox 1174 1351 1232 1405; x_wconf 90' lang='lat' dir='ltr'>in</span> <span class='ocrx_word' id='word_1_94' title='bbox 1283 1352 1444 1409; x_wconf 70' lang='lat' dir='ltr'>caelis</span> <span class='ocrx_word' id='word_1_95' title='bbox 1488 1353 1780 1426; x_wconf 85' lang='lat' dir='ltr'>terrisque</span> <span class='ocrx_word' id='word_1_96' title='bbox 1828 1372 1863 1410; x_wconf 90' lang='lat' dir='ltr'>a</span> <span class='ocrx_word' id='word_1_97' title='bbox 1919 1354 2071 1411; x_wconf 88' lang='lat' dir='ltr'>mari</span> 
     </span>
    </p>
   </div>
   <div class='ocr_carea' id='block_1_13' title="bbox 410 1437 2077 1512">
    <p class='ocr_par' dir='ltr' id='par_1_13' title="bbox 410 1437 2077 1512">
     <span class='ocr_line' id='line_1_13' title="bbox 410 1437 2077 1512; baseline 0.008 -23"><span class='ocrx_word' id='word_1_98' title='bbox 410 1438 750 1506; x_wconf 87' lang='lat' dir='ltr'>potentatur</span> <span class='ocrx_word' id='word_1_99' title='bbox 779 1437 866 1493; x_wconf 90' lang='lat' dir='ltr'>vel</span> <span class='ocrx_word' id='word_1_100' title='bbox 901 1439 1096 1512; x_wconf 84' lang='lat' dir='ltr'>agitur</span> <span class='ocrx_word' id='word_1_101' title='bbox 1121 1439 1211 1496; x_wconf 88' lang='lat' dir='ltr'>vel</span> <span class='ocrx_word' id='word_1_102' title='bbox 1244 1445 1529 1509; x_wconf 88' lang='lat' dir='ltr'>movetur,</span> <span class='ocrx_word' id='word_1_103' title='bbox 1564 1446 1894 1499; x_wconf 89' lang='lat' dir='ltr'>creaturam</span> <span class='ocrx_word' id='word_1_104' title='bbox 1944 1461 2077 1501; x_wconf 90' lang='lat' dir='ltr'>esse</span> 
     </span>
    </p>
   </div>
   <div class='ocr_carea' id='block_1_14' title="bbox 412 1525 2070 1593">
    <p class='ocr_par' dir='ltr' id='par_1_14' title="bbox 412 1525 2070 1593">
     <span class='ocr_line' id='line_1_14' title="bbox 412 1525 2070 1593; baseline 0.007 -15"><span class='ocrx_word' id='word_1_105' title='bbox 412 1525 708 1580; x_wconf 87' lang='lat' dir='ltr'>credimus</span> <span class='ocrx_word' id='word_1_106' title='bbox 738 1528 795 1580; x_wconf 89' lang='lat' dir='ltr'>et</span> <span class='ocrx_word' id='word_1_107' title='bbox 826 1526 1100 1593; x_wconf 86' lang='lat' dir='ltr'>fatemur,</span> <span class='ocrx_word' id='word_1_108' title='bbox 1134 1528 1321 1585; x_wconf 89' lang='lat' dir='ltr'>Deum</span> <span class='ocrx_word' id='word_1_109' title='bbox 1352 1546 1486 1585; x_wconf 91' lang='lat' dir='ltr'>vero</span> <span class='ocrx_word' id='word_1_110' title='bbox 1511 1529 1704 1587; x_wconf 91' lang='lat' dir='ltr'>solum</span> <span class='ocrx_word' id='word_1_111' title='bbox 1727 1535 2070 1591; x_wconf 86' lang='lat' dir='ltr'>creatorem.</span> 
     </span>
    </p>
   </div>
   <div class='ocr_carea' id='block_1_15' title="bbox 338 1600 2071 1695">
    <p class='ocr_par' dir='ltr' id='par_1_15' title="bbox 338 1600 2071 1695">
     <span class='ocr_line' id='line_1_15' title="bbox 338 1600 2071 1695; baseline 0.008 -29"><span class='ocrx_word' id='word_1_112' title='bbox 338 1600 343 1607; x_wconf 76' lang='grc'><strong>’</strong></span> <span class='ocrx_word' id='word_1_113' title='bbox 414 1612 627 1667; x_wconf 89' lang='lat' dir='ltr'>Filium</span> <span class='ocrx_word' id='word_1_114' title='bbox 660 1630 894 1686; x_wconf 88' lang='lat' dir='ltr'>quoque</span> <span class='ocrx_word' id='word_1_115' title='bbox 921 1615 1023 1670; x_wconf 92' lang='lat' dir='ltr'>Dei</span> <span class='ocrx_word' id='word_1_116' title='bbox 1055 1617 1353 1674; x_wconf 86' lang='lat' dir='ltr'>credimus</span> <span class='ocrx_word' id='word_1_117' title='bbox 1388 1617 1447 1673; x_wconf 91' lang='lat' dir='ltr'>in</span> <span class='ocrx_word' id='word_1_118' title='bbox 1488 1618 1827 1676; x_wconf 86' lang='lat' dir='ltr'>novissimis</span> <span class='ocrx_word' id='word_1_119' title='bbox 1848 1625 2071 1695; x_wconf 90' lang='lat' dir='ltr'>tempo-</span> 
     </span>
    </p>
   </div>
   <div class='ocr_carea' id='block_1_16' title="bbox 415 1701 2071 1778">
    <p class='ocr_par' dir='ltr' id='par_1_16' title="bbox 415 1701 2071 1778">
     <span class='ocr_line' id='line_1_16' title="bbox 415 1701 2071 1778; baseline 0.007 -24"><span class='ocrx_word' id='word_1_120' title='bbox 415 1701 581 1756; x_wconf 90' lang='lat' dir='ltr'>ribus</span> <span class='ocrx_word' id='word_1_121' title='bbox 613 1706 959 1775; x_wconf 91' lang='lat' dir='ltr'>coneeptum</span> <span class='ocrx_word' id='word_1_122' title='bbox 992 1720 1120 1761; x_wconf 91' lang='lat' dir='ltr'>esse</span> <span class='ocrx_word' id='word_1_123' title='bbox 1151 1705 1223 1761; x_wconf 92' lang='lat' dir='ltr'>de</span> <span class='ocrx_word' id='word_1_124' title='bbox 1254 1707 1477 1778; x_wconf 88' lang='lat' dir='ltr'>Spiritu</span> <span class='ocrx_word' id='word_1_125' title='bbox 1508 1712 1712 1765; x_wconf 88' lang='lat' dir='ltr'>sancto</span> <span class='ocrx_word' id='word_1_126' title='bbox 1762 1712 1820 1765; x_wconf 92' lang='lat' dir='ltr'>et</span> <span class='ocrx_word' id='word_1_127' title='bbox 1865 1714 2071 1766; x_wconf 90' lang='lat' dir='ltr'>natum</span> 
     </span>
    </p>
   </div>
   <div class='ocr_carea' id='block_1_17' title="bbox 417 1790 2066 1866">
    <p class='ocr_par' dir='ltr' id='par_1_17' title="bbox 417 1790 2066 1866">
     <span class='ocr_line' id='line_1_17' title="bbox 417 1790 2066 1866; baseline 0.006 -23"><span class='ocrx_word' id='word_1_128' title='bbox 417 1806 485 1844; x_wconf 85' lang='lat' dir='ltr'>ex</span> <span class='ocrx_word' id='word_1_129' title='bbox 510 1790 696 1846; x_wconf 89' lang='lat' dir='ltr'>Maria</span> <span class='ocrx_word' id='word_1_130' title='bbox 724 1792 970 1865; x_wconf 81' lang='lat' dir='ltr'>virgine,</span> <span class='ocrx_word' id='word_1_131' title='bbox 1006 1810 1358 1866; x_wconf 86' lang='lat' dir='ltr'>carnemque</span> <span class='ocrx_word' id='word_1_132' title='bbox 1416 1800 1637 1851; x_wconf 65' lang='lat' dir='ltr'>natura;</span> <span class='ocrx_word' id='word_1_133' title='bbox 1686 1796 1958 1853; x_wconf 64' lang='lat' dir='ltr'>humanm</span> <span class='ocrx_word' id='word_1_134' title='bbox 2007 1800 2066 1853; x_wconf 89' lang='lat' dir='ltr'>et</span> 
     </span>
    </p>
   </div>
   <div class='ocr_carea' id='block_1_18' title="bbox 418 1878 2067 1953">
    <p class='ocr_par' dir='ltr' id='par_1_18' title="bbox 418 1878 2067 1953">
     <span class='ocr_line' id='line_1_18' title="bbox 418 1878 2067 1953; baseline 0.007 -21"><span class='ocrx_word' id='word_1_135' title='bbox 418 1878 679 1934; x_wconf 79' lang='lat' dir='ltr'>animam</span> <span class='ocrx_word' id='word_1_136' title='bbox 709 1882 1062 1952; x_wconf 87' lang='lat' dir='ltr'>suscepisse.</span> <span class='ocrx_word' id='word_1_137' title='bbox 1097 1882 1160 1937; x_wconf 94' lang='lat' dir='ltr'>In</span> <span class='ocrx_word' id='word_1_138' title='bbox 1194 1898 1310 1953; x_wconf 90' lang='lat' dir='ltr'>qua</span> <span class='ocrx_word' id='word_1_139' title='bbox 1341 1900 1513 1939; x_wconf 88' lang='lat' dir='ltr'>carne</span> <span class='ocrx_word' id='word_1_140' title='bbox 1537 1885 1881 1941; x_wconf 93' lang='lat' dir='ltr'>cruciﬁxum</span> <span class='ocrx_word' id='word_1_141' title='bbox 1903 1890 1961 1942; x_wconf 90' lang='lat' dir='ltr'>et</span> <span class='ocrx_word' id='word_1_142' title='bbox 1981 1905 2067 1943; x_wconf 91' lang='lat' dir='ltr'>se-</span> 
     </span>
    </p>
   </div>
   <div class='ocr_carea' id='block_1_19' title="bbox 420 1967 2073 2037">
    <p class='ocr_par' dir='ltr' id='par_1_19' title="bbox 420 1967 2073 2037">
     <span class='ocr_line' id='line_1_19' title="bbox 420 1967 2073 2037; baseline 0.007 -17"><span class='ocrx_word' id='word_1_143' title='bbox 420 1967 652 2037; x_wconf 91' lang='lat' dir='ltr'>pultum</span> <span class='ocrx_word' id='word_1_144' title='bbox 682 1984 750 2024; x_wconf 88' lang='lat' dir='ltr'>ac</span> <span class='ocrx_word' id='word_1_145' title='bbox 781 1970 1168 2027; x_wconf 81' lang='lat' dir='ltr'>resurrexisse</span> <span class='ocrx_word' id='word_1_146' title='bbox 1199 1988 1234 2025; x_wconf 88' lang='lat' dir='ltr'>a</span> <span class='ocrx_word' id='word_1_147' title='bbox 1264 1972 1513 2027; x_wconf 90' lang='lat' dir='ltr'>mortuis</span> <span class='ocrx_word' id='word_1_148' title='bbox 1543 1973 1839 2031; x_wconf 89' lang='lat' dir='ltr'>credimus</span> <span class='ocrx_word' id='word_1_149' title='bbox 1890 1980 1948 2032; x_wconf 89' lang='lat' dir='ltr'>et</span> <span class='ocrx_word' id='word_1_150' title='bbox 1992 1976 2073 2031; x_wconf 85' lang='lat' dir='ltr'>fa-</span> 
     </span>
    </p>
   </div>
   <div class='ocr_carea' id='block_1_20' title="bbox 418 2057 2069 2137">
    <p class='ocr_par' dir='ltr' id='par_1_20' title="bbox 418 2057 2069 2137">
     <span class='ocr_line' id='line_1_20' title="bbox 418 2057 2069 2137; baseline 0.008 -29"><span class='ocrx_word' id='word_1_151' title='bbox 418 2058 634 2123; x_wconf 83' lang='lat' dir='ltr'>temur,</span> <span class='ocrx_word' id='word_1_152' title='bbox 658 2059 716 2112; x_wconf 91' lang='lat' dir='ltr'>et</span> <span class='ocrx_word' id='word_1_153' title='bbox 742 2057 803 2111; x_wconf 91' lang='lat' dir='ltr'>in</span> <span class='ocrx_word' id='word_1_154' title='bbox 834 2058 1037 2113; x_wconf 90' lang='lat' dir='ltr'>eadem</span> <span class='ocrx_word' id='word_1_155' title='bbox 1069 2057 1200 2131; x_wconf 90' lang='lat' dir='ltr'>ipsa</span> <span class='ocrx_word' id='word_1_156' title='bbox 1215 2076 1407 2127; x_wconf 90' lang='lat' dir='ltr'>carne,</span> <span class='ocrx_word' id='word_1_157' title='bbox 1435 2060 1569 2116; x_wconf 89' lang='lat' dir='ltr'>licet</span> <span class='ocrx_word' id='word_1_158' title='bbox 1590 2060 1831 2119; x_wconf 91' lang='lat' dir='ltr'>alterius</span> <span class='ocrx_word' id='word_1_159' title='bbox 1850 2063 2069 2137; x_wconf 71' lang='lat' dir='ltr'>gloriae,</span> 
     </span>
    </p>
   </div>
   <div class='ocr_carea' id='block_1_21' title="bbox 425 2147 2073 2220">
    <p class='ocr_par' dir='ltr' id='par_1_21' title="bbox 425 2147 2073 2220">
     <span class='ocr_line' id='line_1_21' title="bbox 425 2147 2073 2220; baseline 0.007 -23"><span class='ocrx_word' id='word_1_160' title='bbox 425 2147 559 2215; x_wconf 90' lang='lat' dir='ltr'>post</span> <span class='ocrx_word' id='word_1_161' title='bbox 604 2147 1089 2203; x_wconf 89' lang='lat' dir='ltr'>resurrectionem</span> <span class='ocrx_word' id='word_1_162' title='bbox 1141 2149 1478 2205; x_wconf 88' lang='lat' dir='ltr'>ascendisse</span> <span class='ocrx_word' id='word_1_163' title='bbox 1526 2150 1586 2204; x_wconf 92' lang='lat' dir='ltr'>in</span> <span class='ocrx_word' id='word_1_164' title='bbox 1635 2150 1867 2220; x_wconf 77' lang='lat' dir='ltr'>cmlum,</span> <span class='ocrx_word' id='word_1_165' title='bbox 1918 2154 2073 2209; x_wconf 93' lang='lat' dir='ltr'>unde</span> 
     </span>
    </p>
   </div>
   <div class='ocr_carea' id='block_1_22' title="bbox 416 2232 2073 2310">
    <p class='ocr_par' dir='ltr' id='par_1_22' title="bbox 416 2232 2073 2310">
     <span class='ocr_line' id='line_1_22' title="bbox 416 2232 2073 2310; baseline 0.007 -23"><span class='ocrx_word' id='word_1_166' title='bbox 416 2232 681 2303; x_wconf 91' lang='lat' dir='ltr'>judicem</span> <span class='ocrx_word' id='word_1_167' title='bbox 711 2239 1025 2292; x_wconf 89' lang='lat' dir='ltr'>venturum</span> <span class='ocrx_word' id='word_1_168' title='bbox 1056 2240 1466 2310; x_wconf 86' lang='lat' dir='ltr'>exspectamus</span> <span class='ocrx_word' id='word_1_169' title='bbox 1504 2238 1766 2296; x_wconf 90' lang='lat' dir='ltr'>vivorum</span> <span class='ocrx_word' id='word_1_170' title='bbox 1815 2246 1873 2297; x_wconf 91' lang='lat' dir='ltr'>et</span> <span class='ocrx_word' id='word_1_171' title='bbox 1918 2259 2073 2298; x_wconf 91' lang='lat' dir='ltr'>mor-</span> 
     </span>
    </p>
   </div>
   <div class='ocr_carea' id='block_1_23' title="bbox 421 2323 2075 2398">
    <p class='ocr_par' dir='ltr' id='par_1_23' title="bbox 421 2323 2075 2398">
     <span class='ocr_line' id='line_1_23' title="bbox 421 2323 2075 2398; baseline 0.005 -21"><span class='ocrx_word' id='word_1_172' title='bbox 421 2326 683 2379; x_wconf 87' lang='lat' dir='ltr'>tuorum.</span> <span class='ocrx_word' id='word_1_173' title='bbox 718 2323 922 2379; x_wconf 87' lang='lat' dir='ltr'>Carnis</span> <span class='ocrx_word' id='word_1_174' title='bbox 951 2342 1186 2398; x_wconf 90' lang='lat' dir='ltr'>quoque</span> <span class='ocrx_word' id='word_1_175' title='bbox 1228 2330 1441 2383; x_wconf 66' lang='lat' dir='ltr'>nostra:</span> <span class='ocrx_word' id='word_1_176' title='bbox 1472 2329 1958 2386; x_wconf 89' lang='lat' dir='ltr'>resurrectionem</span> <span class='ocrx_word' id='word_1_177' title='bbox 1991 2330 2075 2386; x_wconf 89' lang='lat' dir='ltr'>fa-</span> 
     </span>
    </p>
   </div>
   <div class='ocr_carea' id='block_1_24' title="bbox 424 2412 2079 2490">
    <p class='ocr_par' dir='ltr' id='par_1_24' title="bbox 424 2412 2079 2490">
     <span class='ocr_line' id='line_1_24' title="bbox 424 2412 2079 2490; baseline 0.005 -24"><span class='ocrx_word' id='word_1_178' title='bbox 424 2415 621 2467; x_wconf 85' lang='lat' dir='ltr'>temur</span> <span class='ocrx_word' id='word_1_179' title='bbox 668 2412 957 2486; x_wconf 86' lang='lat' dir='ltr'>integram</span> <span class='ocrx_word' id='word_1_180' title='bbox 1009 2418 1184 2487; x_wconf 87' lang='lat' dir='ltr'>atque</span> <span class='ocrx_word' id='word_1_181' title='bbox 1233 2415 1571 2487; x_wconf 83' lang='lat' dir='ltr'>perfectam,</span> <span class='ocrx_word' id='word_1_182' title='bbox 1632 2416 1692 2472; x_wconf 91' lang='lat' dir='ltr'>in</span> <span class='ocrx_word' id='word_1_183' title='bbox 1746 2434 1867 2490; x_wconf 91' lang='lat' dir='ltr'>qua</span> <span class='ocrx_word' id='word_1_184' title='bbox 1921 2436 2079 2475; x_wconf 92' lang='lat' dir='ltr'>nunc</span> 
     </span>
    </p>
   </div>
   <div class='ocr_carea' id='block_1_25' title="bbox 428 2501 2082 2580">
    <p class='ocr_par' dir='ltr' id='par_1_25' title="bbox 428 2501 2082 2580">
     <span class='ocr_line' id='line_1_25' title="bbox 428 2501 2082 2580; baseline 0.004 -24"><span class='ocrx_word' id='word_1_185' title='bbox 428 2501 682 2558; x_wconf 89' lang='lat' dir='ltr'>vivimus</span> <span class='ocrx_word' id='word_1_186' title='bbox 710 2505 768 2557; x_wconf 90' lang='lat' dir='ltr'>et</span> <span class='ocrx_word' id='word_1_187' title='bbox 795 2519 1099 2559; x_wconf 89' lang='lat' dir='ltr'>movemur</span> <span class='ocrx_word' id='word_1_188' title='bbox 1143 2504 1202 2560; x_wconf 89' lang='lat' dir='ltr'>in</span> <span class='ocrx_word' id='word_1_189' title='bbox 1245 2504 1515 2577; x_wconf 66' lang='lat' dir='ltr'>praesenti</span> <span class='ocrx_word' id='word_1_190' title='bbox 1557 2506 1695 2573; x_wconf 90' lang='lat' dir='ltr'>vita,</span> <span class='ocrx_word' id='word_1_191' title='bbox 1737 2512 1795 2562; x_wconf 89' lang='lat' dir='ltr'>et</span> <span class='ocrx_word' id='word_1_192' title='bbox 1843 2507 1902 2561; x_wconf 92' lang='lat' dir='ltr'>in</span> <span class='ocrx_word' id='word_1_193' title='bbox 1951 2508 2082 2580; x_wconf 90' lang='lat' dir='ltr'>ipsa</span> 
     </span>
    </p>
   </div>
   <div class='ocr_carea' id='block_1_26' title="bbox 434 2590 2079 2669">
    <p class='ocr_par' dir='ltr' id='par_1_26' title="bbox 434 2590 2079 2669">
     <span class='ocr_line' id='line_1_26' title="bbox 434 2590 2079 2669; baseline 0.004 -24"><span class='ocrx_word' id='word_1_194' title='bbox 434 2594 535 2645; x_wconf 90' lang='lat' dir='ltr'>aut</span> <span class='ocrx_word' id='word_1_195' title='bbox 566 2607 670 2663; x_wconf 91' lang='lat' dir='ltr'>pro</span> <span class='ocrx_word' id='word_1_196' title='bbox 700 2590 870 2646; x_wconf 91' lang='lat' dir='ltr'>bonis</span> <span class='ocrx_word' id='word_1_197' title='bbox 902 2592 1131 2649; x_wconf 87' lang='lat' dir='ltr'>actibus</span> <span class='ocrx_word' id='word_1_198' title='bbox 1179 2593 1458 2665; x_wconf 89' lang='lat' dir='ltr'>consequi</span> <span class='ocrx_word' id='word_1_199' title='bbox 1499 2594 1787 2651; x_wconf 91' lang='lat' dir='ltr'>bonorum</span> <span class='ocrx_word' id='word_1_200' title='bbox 1818 2597 2079 2669; x_wconf 69' lang='lat' dir='ltr'>praemia,</span> 
     </span>
    </p>
   </div>
   <div class='ocr_carea' id='block_1_27' title="bbox 433 2678 2082 2756">
    <p class='ocr_par' dir='ltr' id='par_1_27' title="bbox 433 2678 2082 2756">
     <span class='ocr_line' id='line_1_27' title="bbox 433 2678 2082 2756; baseline 0.004 -21"><span class='ocrx_word' id='word_1_201' title='bbox 433 2682 536 2735; x_wconf 90' lang='lat' dir='ltr'>aut</span> <span class='ocrx_word' id='word_1_202' title='bbox 565 2696 668 2750; x_wconf 92' lang='lat' dir='ltr'>pro</span> <span class='ocrx_word' id='word_1_203' title='bbox 698 2678 873 2735; x_wconf 89' lang='lat' dir='ltr'>malis</span> <span class='ocrx_word' id='word_1_204' title='bbox 898 2681 1188 2738; x_wconf 89' lang='lat' dir='ltr'>sustinere</span> <span class='ocrx_word' id='word_1_205' title='bbox 1217 2698 1522 2753; x_wconf 73' lang='lat' dir='ltr'>pmnarum</span> <span class='ocrx_word' id='word_1_206' title='bbox 1553 2683 1861 2756; x_wconf 89' lang='lat' dir='ltr'>supplicia.</span> <span class='ocrx_word' id='word_1_207' title='bbox 1895 2685 2082 2741; x_wconf 66' lang='lat' dir='ltr'>Paeni-</span> 
     </span>
    </p>
   </div>
   <div class='ocr_carea' id='block_1_28' title="bbox 435 2768 2085 2851">
    <p class='ocr_par' dir='ltr' id='par_1_28' title="bbox 435 2768 2085 2851">
     <span class='ocr_line' id='line_1_28' title="bbox 435 2768 2085 2851; baseline 0.004 -27"><span class='ocrx_word' id='word_1_208' title='bbox 435 2768 680 2824; x_wconf 88' lang='lat' dir='ltr'>tentiam</span> <span class='ocrx_word' id='word_1_209' title='bbox 712 2772 1084 2839; x_wconf 89' lang='lat' dir='ltr'>peccatorum</span> <span class='ocrx_word' id='word_1_210' title='bbox 1117 2769 1464 2842; x_wconf 90' lang='lat' dir='ltr'>plenissima</span> <span class='ocrx_word' id='word_1_211' title='bbox 1488 2771 1602 2827; x_wconf 93' lang='lat' dir='ltr'>ﬁde</span> <span class='ocrx_word' id='word_1_212' title='bbox 1631 2772 1993 2851; x_wconf 83' lang='lat' dir='ltr'>profitemur,</span> <span class='ocrx_word' id='word_1_213' title='bbox 2018 2791 2085 2830; x_wconf 92' lang='lat' dir='ltr'>ac</span> 
     </span>
    </p>
   </div>
   <div class='ocr_carea' id='block_1_29' title="bbox 437 2854 2084 2935">
    <p class='ocr_par' dir='ltr' id='par_1_29' title="bbox 437 2854 2084 2935">
     <span class='ocr_line' id='line_1_29' title="bbox 437 2854 2084 2935; baseline 0.005 -24"><span class='ocrx_word' id='word_1_214' title='bbox 437 2854 598 2911; x_wconf 92' lang='lat' dir='ltr'>velut</span> <span class='ocrx_word' id='word_1_215' title='bbox 623 2855 943 2912; x_wconf 90' lang='lat' dir='ltr'>secundam</span> <span class='ocrx_word' id='word_1_216' title='bbox 993 2858 1245 2929; x_wconf 88' lang='lat' dir='ltr'>gratiam</span> <span class='ocrx_word' id='word_1_217' title='bbox 1299 2859 1677 2931; x_wconf 89' lang='lat' dir='ltr'>suscipimus,</span> <span class='ocrx_word' id='word_1_218' title='bbox 1709 2861 1880 2931; x_wconf 81' lang='lat' dir='ltr'>juxta</span> <span class='ocrx_word' id='word_1_219' title='bbox 1928 2864 2084 2935; x_wconf 90' lang='lat' dir='ltr'>quod</span> 
     </span>
    </p>
   </div>
   <div class='ocr_carea' id='block_1_30' title="bbox 437 2942 2085 3021">
    <p class='ocr_par' dir='ltr' id='par_1_30' title="bbox 437 2942 2085 3021">
     <span class='ocr_line' id='line_1_30' title="bbox 437 2942 2085 3021; baseline 0.005 -21"><span class='ocrx_word' id='word_1_220' title='bbox 437 2942 753 3018; x_wconf 87' lang='lat' dir='ltr'>Apostolus</span> <span class='ocrx_word' id='word_1_221' title='bbox 785 2943 928 3000; x_wconf 90' lang='lat' dir='ltr'>dicit</span> <span class='ocrx_word' id='word_1_222' title='bbox 955 2945 1028 3001; x_wconf 88' lang='lat' dir='ltr'>ad</span> <span class='ocrx_word' id='word_1_223' title='bbox 1058 2945 1390 3003; x_wconf 88' lang='lat' dir='ltr'>Corinthios</span> <span class='ocrx_word' id='word_1_224' title='bbox 1423 2964 1437 3003; x_wconf 89' lang='lat'><strong>:</strong></span> <span class='ocrx_word' id='word_1_225' title='bbox 1475 2948 1629 3004; x_wconf 81' lang='lat' dir='ltr'>Volui</span> <span class='ocrx_word' id='word_1_226' title='bbox 1642 2966 1743 3021; x_wconf 81' lang='lat' dir='ltr'>per</span> <span class='ocrx_word' id='word_1_227' title='bbox 1760 2966 1851 3006; x_wconf 73' lang='lat' dir='ltr'>vos</span> <span class='ocrx_word' id='word_1_228' title='bbox 1878 2953 2085 3019; x_wconf 76' lang='lat' dir='ltr'>venire,</span> 
     </span>
    </p>
   </div>
   <div class='ocr_carea' id='block_1_31' title="bbox 436 3030 2088 3109">
    <p class='ocr_par' dir='ltr' id='par_1_31' title="bbox 436 3030 2088 3109">
     <span class='ocr_line' id='line_1_31' title="bbox 436 3030 2088 3109; baseline 0.005 -21"><span class='ocrx_word' id='word_1_229' title='bbox 436 3040 499 3089; x_wconf 82' lang='lat' dir='ltr'>ut</span> <span class='ocrx_word' id='word_1_230' title='bbox 527 3030 820 3089; x_wconf 81' lang='lat' dir='ltr'>secundam</span> <span class='ocrx_word' id='word_1_231' title='bbox 846 3035 1084 3105; x_wconf 77' lang='lat' dir='ltr'>gratiam</span> <span class='ocrx_word' id='word_1_232' title='bbox 1124 3034 1392 3092; x_wconf 78' lang='lat' dir='ltr'>haberetis</span> <span class='ocrx_word' id='word_1_233' title='bbox 1444 3036 1517 3109; x_wconf 87' lang='lat' dir='ltr'>(II</span> <span class='ocrx_word' id='word_1_234' title='bbox 1562 3036 1682 3093; x_wconf 84' lang='lat' dir='ltr'>Cor.</span> <span class='ocrx_word' id='word_1_235' title='bbox 1733 3039 1794 3109; x_wconf 80' lang='grc' dir='ltr'>ι).</span> <span class='ocrx_word' id='word_1_236' title='bbox 1847 3040 1950 3095; x_wconf 87' lang='lat' dir='ltr'>Hic</span> <span class='ocrx_word' id='word_1_237' title='bbox 1997 3044 2088 3096; x_wconf 90' lang='lat' dir='ltr'>est</span> 
     </span>
    </p>
   </div>
   <div class='ocr_carea' id='block_1_32' title="bbox 442 3121 2086 3197">
    <p class='ocr_par' dir='ltr' id='par_1_32' title="bbox 442 3121 2086 3197">
     <span class='ocr_line' id='line_1_32' title="bbox 442 3121 2086 3197; baseline 0.005 -21"><span class='ocrx_word' id='word_1_238' title='bbox 442 3122 576 3176; x_wconf 88' lang='lat' dir='ltr'>ﬁdei</span> <span class='ocrx_word' id='word_1_239' title='bbox 603 3124 812 3176; x_wconf 70' lang='lat' dir='ltr'>nostra:</span> <span class='ocrx_word' id='word_1_240' title='bbox 839 3121 1152 3178; x_wconf 88' lang='lat' dir='ltr'>thesaurus</span> <span class='ocrx_word' id='word_1_241' title='bbox 1174 3140 1345 3195; x_wconf 85' lang='lat' dir='ltr'>quem</span> <span class='ocrx_word' id='word_1_242' title='bbox 1377 3125 1672 3197; x_wconf 89' lang='lat' dir='ltr'>signatum</span> <span class='ocrx_word' id='word_1_243' title='bbox 1696 3126 2086 3184; x_wconf 90' lang='lat' dir='ltr'>ecclesiastico</span> 
     </span>
    </p>
   </div>
   <div class='ocr_carea' id='block_1_33' title="bbox 2180 552 3821 629">
    <p class='ocr_par' dir='ltr' id='par_1_33' title="bbox 2180 552 3821 629">
     <span class='ocr_line' id='line_1_33' title="bbox 2180 552 3821 629; baseline -0.004 -18"><span class='ocrx_word' id='word_1_244' title='bbox 2180 555 2417 621; x_wconf 86' lang='lat' dir='ltr'>dotalia,</span> <span class='ocrx_word' id='word_1_245' title='bbox 2455 573 2560 629; x_wconf 91' lang='lat' dir='ltr'>per</span> <span class='ocrx_word' id='word_1_246' title='bbox 2587 572 2715 627; x_wconf 74' lang='lat' dir='ltr'>qum</span> <span class='ocrx_word' id='word_1_247' title='bbox 2748 572 3024 628; x_wconf 83' lang='lat' dir='ltr'>sponsam</span> <span class='ocrx_word' id='word_1_248' title='bbox 3072 554 3287 611; x_wconf 86' lang='lat' dir='ltr'>Christi</span> <span class='ocrx_word' id='word_1_249' title='bbox 3336 557 3391 610; x_wconf 89' lang='lat' dir='ltr'>te</span> <span class='ocrx_word' id='word_1_250' title='bbox 3436 552 3496 609; x_wconf 90' lang='lat' dir='ltr'>in</span> <span class='ocrx_word' id='word_1_251' title='bbox 3542 555 3821 607; x_wconf 68' lang='lat' dir='ltr'>aeternum</span> 
     </span>
    </p>
   </div>
   <div class='ocr_carea' id='block_1_34' title="bbox 2181 637 3820 717">
    <p class='ocr_par' dir='ltr' id='par_1_34' title="bbox 2181 637 3820 717">
     <span class='ocr_line' id='line_1_34' title="bbox 2181 637 3820 717; baseline -0.004 -18"><span class='ocrx_word' id='word_1_252' title='bbox 2181 660 2584 717; x_wconf 87' lang='lat' dir='ltr'>recognoscas,</span> <span class='ocrx_word' id='word_1_253' title='bbox 2635 648 2693 699; x_wconf 92' lang='lat' dir='ltr'>et</span> <span class='ocrx_word' id='word_1_254' title='bbox 2740 644 3075 699; x_wconf 87' lang='lat' dir='ltr'>transitoria</span> <span class='ocrx_word' id='word_1_255' title='bbox 3123 643 3569 709; x_wconf 90' lang='lat' dir='ltr'>contemnendo,</span> <span class='ocrx_word' id='word_1_256' title='bbox 3611 637 3820 710; x_wconf 89' lang='lat' dir='ltr'>sempi-</span> 
     </span>
    </p>
   </div>
   <div class='ocr_carea' id='block_1_35' title="bbox 2179 729 3822 805">
    <p class='ocr_par' dir='ltr' id='par_1_35' title="bbox 2179 729 3822 805">
     <span class='ocr_line' id='line_1_35' title="bbox 2179 729 3822 805; baseline -0.004 -18"><span class='ocrx_word' id='word_1_257' title='bbox 2179 736 2346 788; x_wconf 89' lang='lat' dir='ltr'>terna</span> <span class='ocrx_word' id='word_1_258' title='bbox 2367 733 2582 805; x_wconf 90' lang='lat' dir='ltr'>gaudia</span> <span class='ocrx_word' id='word_1_259' title='bbox 2610 733 3095 805; x_wconf 91' lang='lat' dir='ltr'>comprehendas.</span> <span class='ocrx_word' id='word_1_260' title='bbox 3112 732 3211 788; x_wconf 91' lang='lat' dir='ltr'>Ille</span> <span class='ocrx_word' id='word_1_261' title='bbox 3233 732 3397 787; x_wconf 66' lang='lat' dir='ltr'>enim.</span> <span class='ocrx_word' id='word_1_262' title='bbox 3419 731 3480 786; x_wconf 90' lang='lat' dir='ltr'>in</span> <span class='ocrx_word' id='word_1_263' title='bbox 3511 734 3613 785; x_wconf 90' lang='lat' dir='ltr'>tua</span> <span class='ocrx_word' id='word_1_264' title='bbox 3634 729 3822 783; x_wconf 90' lang='lat' dir='ltr'>mente</span> 
     </span>
    </p>
   </div>
   <div class='ocr_carea' id='block_1_36' title="bbox 2180 815 3822 894">
    <p class='ocr_par' dir='ltr' id='par_1_36' title="bbox 2180 815 3822 894">
     <span class='ocr_line' id='line_1_36' title="bbox 2180 815 3822 894; baseline -0.004 -18"><span class='ocrx_word' id='word_1_265' title='bbox 2180 820 2322 893; x_wconf 89' lang='lat' dir='ltr'>quid</span> <span class='ocrx_word' id='word_1_266' title='bbox 2347 821 2521 877; x_wconf 87' lang='lat' dir='ltr'>facies</span> <span class='ocrx_word' id='word_1_267' title='bbox 2547 820 2913 894; x_wconf 89' lang='lat' dir='ltr'>prospicit,et</span> <span class='ocrx_word' id='word_1_268' title='bbox 2934 838 3112 893; x_wconf 92' lang='lat' dir='ltr'>quam</span> <span class='ocrx_word' id='word_1_269' title='bbox 3134 822 3405 876; x_wconf 87' lang='lat' dir='ltr'>decenter</span> <span class='ocrx_word' id='word_1_270' title='bbox 3424 821 3554 890; x_wconf 87' lang='lat' dir='ltr'>ejus</span> <span class='ocrx_word' id='word_1_271' title='bbox 3572 815 3822 890; x_wconf 86' lang='lat' dir='ltr'>virgines</span> 
     </span>
    </p>
   </div>
   <div class='ocr_carea' id='block_1_37' title="bbox 2178 904 3823 982">
    <p class='ocr_par' dir='ltr' id='par_1_37' title="bbox 2178 904 3823 982">
     <span class='ocr_line' id='line_1_37' title="bbox 2178 904 3823 982; baseline -0.002 -18"><span class='ocrx_word' id='word_1_272' title='bbox 2178 908 2476 965; x_wconf 89' lang='lat' dir='ltr'>comiteris</span> <span class='ocrx_word' id='word_1_273' title='bbox 2506 909 2776 965; x_wconf 87' lang='lat' dir='ltr'>attendit.</span> <span class='ocrx_word' id='word_1_274' title='bbox 2809 910 3119 982; x_wconf 90' lang='lat' dir='ltr'>Propterea</span> <span class='ocrx_word' id='word_1_275' title='bbox 3146 910 3219 965; x_wconf 91' lang='lat' dir='ltr'>ab</span> <span class='ocrx_word' id='word_1_276' title='bbox 3259 904 3709 965; x_wconf 88' lang='lat' dir='ltr'>adolescentulis</span> <span class='ocrx_word' id='word_1_277' title='bbox 3738 904 3823 977; x_wconf 91' lang='lat' dir='ltr'>ip-</span> 
     </span>
    </p>
   </div>
   <div class='ocr_carea' id='block_1_38' title="bbox 2178 995 3822 1071">
    <p class='ocr_par' dir='ltr' id='par_1_38' title="bbox 2178 995 3822 1071">
     <span class='ocr_line' id='line_1_38' title="bbox 2178 995 3822 1071; baseline -0.003 -18"><span class='ocrx_word' id='word_1_278' title='bbox 2178 997 2305 1054; x_wconf 90' lang='lat' dir='ltr'>sius</span> <span class='ocrx_word' id='word_1_279' title='bbox 2328 1003 2392 1054; x_wconf 91' lang='lat' dir='ltr'>ut</span> <span class='ocrx_word' id='word_1_280' title='bbox 2412 998 2671 1071; x_wconf 90' lang='lat' dir='ltr'>diligeris</span> <span class='ocrx_word' id='word_1_281' title='bbox 2691 998 3067 1055; x_wconf 89' lang='lat' dir='ltr'>vehementer</span> <span class='ocrx_word' id='word_1_282' title='bbox 3095 999 3409 1064; x_wconf 89' lang='lat' dir='ltr'>decerta,et</span> <span class='ocrx_word' id='word_1_283' title='bbox 3429 1000 3562 1069; x_wconf 91' lang='lat' dir='ltr'>post</span> <span class='ocrx_word' id='word_1_284' title='bbox 3589 995 3822 1051; x_wconf 88' lang='lat' dir='ltr'>odorem</span> 
     </span>
    </p>
   </div>
   <div class='ocr_carea' id='block_1_39' title="bbox 2178 1083 3823 1160">
    <p class='ocr_par' dir='ltr' id='par_1_39' title="bbox 2178 1083 3823 1160">
     <span class='ocr_line' id='line_1_39' title="bbox 2178 1083 3823 1160; baseline -0.003 -17"><span class='ocrx_word' id='word_1_285' title='bbox 2178 1091 2614 1160; x_wconf 88' lang='lat' dir='ltr'>unguentorum</span> <span class='ocrx_word' id='word_1_286' title='bbox 2637 1086 2795 1143; x_wconf 91' lang='lat' dir='ltr'>illius</span> <span class='ocrx_word' id='word_1_287' title='bbox 2814 1104 3048 1144; x_wconf 90' lang='lat' dir='ltr'>currere</span> <span class='ocrx_word' id='word_1_288' title='bbox 3070 1088 3414 1143; x_wconf 85' lang='lat' dir='ltr'>festinanter</span> <span class='ocrx_word' id='word_1_289' title='bbox 3434 1083 3664 1152; x_wconf 89' lang='lat' dir='ltr'>anhela,</span> <span class='ocrx_word' id='word_1_290' title='bbox 3678 1099 3823 1139; x_wconf 90' lang='lat' dir='ltr'>sem-</span> 
     </span>
    </p>
   </div>
   <div class='ocr_carea' id='block_1_40' title="bbox 2178 1176 3822 1251">
    <p class='ocr_par' dir='ltr' id='par_1_40' title="bbox 2178 1176 3822 1251">
     <span class='ocr_line' id='line_1_40' title="bbox 2178 1176 3822 1251; baseline -0.004 -18"><span class='ocrx_word' id='word_1_291' title='bbox 2178 1193 2283 1250; x_wconf 89' lang='lat' dir='ltr'>per</span> <span class='ocrx_word' id='word_1_292' title='bbox 2313 1194 2417 1250; x_wconf 93' lang='lat' dir='ltr'>pro</span> <span class='ocrx_word' id='word_1_293' title='bbox 2447 1176 2742 1233; x_wconf 87' lang='lat' dir='ltr'>concessis</span> <span class='ocrx_word' id='word_1_294' title='bbox 2773 1177 3019 1234; x_wconf 92' lang='lat' dir='ltr'>Domino</span> <span class='ocrx_word' id='word_1_295' title='bbox 3070 1176 3288 1251; x_wconf 80' lang='lat' dir='ltr'>gratias</span> <span class='ocrx_word' id='word_1_296' title='bbox 3328 1176 3603 1241; x_wconf 90' lang='lat' dir='ltr'>referens,</span> <span class='ocrx_word' id='word_1_297' title='bbox 3633 1176 3692 1228; x_wconf 89' lang='lat' dir='ltr'>et</span> <span class='ocrx_word' id='word_1_298' title='bbox 3722 1188 3822 1245; x_wconf 90' lang='lat' dir='ltr'>pro</span> 
     </span>
    </p>
   </div>
   <div class='ocr_carea' id='block_1_41' title="bbox 2178 1260 3825 1338">
    <p class='ocr_par' dir='ltr' id='par_1_41' title="bbox 2178 1260 3825 1338">
     <span class='ocr_line' id='line_1_41' title="bbox 2178 1260 3825 1338; baseline -0.002 -17"><span class='ocrx_word' id='word_1_299' title='bbox 2178 1264 2565 1322; x_wconf 89' lang='lat' dir='ltr'>ooncedendis</span> <span class='ocrx_word' id='word_1_300' title='bbox 2594 1265 2898 1322; x_wconf 90' lang='lat' dir='ltr'>humiilter</span> <span class='ocrx_word' id='word_1_301' title='bbox 2925 1266 3523 1338; x_wconf 88' lang='lat' dir='ltr'>exorans.Hortorque</span> <span class='ocrx_word' id='word_1_302' title='bbox 3535 1266 3594 1319; x_wconf 89' lang='lat' dir='ltr'>te</span> <span class='ocrx_word' id='word_1_303' title='bbox 3613 1260 3825 1318; x_wconf 88' lang='lat' dir='ltr'>habere</span> 
     </span>
    </p>
   </div>
   <div class='ocr_carea' id='block_1_42' title="bbox 2177 1353 3822 1428">
    <p class='ocr_par' dir='ltr' id='par_1_42' title="bbox 2177 1353 3822 1428">
     <span class='ocr_line' id='line_1_42' title="bbox 2177 1353 3822 1428; baseline -0.002 -19"><span class='ocrx_word' id='word_1_304' title='bbox 2177 1353 2238 1410; x_wconf 91' lang='lat' dir='ltr'>in</span> <span class='ocrx_word' id='word_1_305' title='bbox 2257 1354 2680 1427; x_wconf 64' lang='lat' dir='ltr'>memoriaque</span> <span class='ocrx_word' id='word_1_306' title='bbox 2697 1356 2996 1428; x_wconf 91' lang='lat' dir='ltr'>possidere</span> <span class='ocrx_word' id='word_1_307' title='bbox 3008 1353 3447 1428; x_wconf 90' lang='lat' dir='ltr'>concupiscisin</span> <span class='ocrx_word' id='word_1_308' title='bbox 3458 1353 3579 1408; x_wconf 87' lang='lat' dir='ltr'>vita</span> <span class='ocrx_word' id='word_1_309' title='bbox 3590 1355 3822 1419; x_wconf 64' lang='lat' dir='ltr'>aeterna,</span> 
     </span>
    </p>
   </div>
   <div class='ocr_carea' id='block_1_43' title="bbox 2179 1437 3823 1516">
    <p class='ocr_par' dir='ltr' id='par_1_43' title="bbox 2179 1437 3823 1516">
     <span class='ocr_line' id='line_1_43' title="bbox 2179 1437 3823 1516; baseline -0.001 -18"><span class='ocrx_word' id='word_1_310' title='bbox 2179 1447 2245 1499; x_wconf 92' lang='lat' dir='ltr'>ut</span> <span class='ocrx_word' id='word_1_311' title='bbox 2264 1444 2436 1516; x_wconf 90' lang='lat' dir='ltr'>cujus</span> <span class='ocrx_word' id='word_1_312' title='bbox 2460 1447 2513 1499; x_wconf 87' lang='lat' dir='ltr'>te</span> <span class='ocrx_word' id='word_1_313' title='bbox 2533 1460 2813 1516; x_wconf 91' lang='lat' dir='ltr'>sponsam</span> <span class='ocrx_word' id='word_1_314' title='bbox 2837 1444 3035 1502; x_wconf 89' lang='lat' dir='ltr'>fateris</span> <span class='ocrx_word' id='word_1_315' title='bbox 3051 1444 3111 1499; x_wconf 91' lang='lat' dir='ltr'>in</span> <span class='ocrx_word' id='word_1_316' title='bbox 3130 1443 3359 1515; x_wconf 90' lang='lat' dir='ltr'>terra,ej</span> <span class='ocrx_word' id='word_1_317' title='bbox 3370 1460 3439 1499; x_wconf 92' lang='lat' dir='ltr'>us</span> <span class='ocrx_word' id='word_1_318' title='bbox 3456 1437 3823 1515; x_wconf 81' lang='lat' dir='ltr'>amplexibus</span> 
     </span>
    </p>
   </div>
   <div class='ocr_carea' id='block_1_44' title="bbox 2178 1530 3364 1607">
    <p class='ocr_par' dir='ltr' id='par_1_44' title="bbox 2178 1530 3364 1607">
     <span class='ocr_line' id='line_1_44' title="bbox 2178 1530 3364 1607; baseline -0.003 -21"><span class='ocrx_word' id='word_1_319' title='bbox 2178 1530 2401 1605; x_wconf 88' lang='lat' dir='ltr'>perfrui</span> <span class='ocrx_word' id='word_1_320' title='bbox 2431 1531 2709 1589; x_wconf 90' lang='lat' dir='ltr'>merearis</span> <span class='ocrx_word' id='word_1_321' title='bbox 2736 1532 2795 1587; x_wconf 91' lang='lat' dir='ltr'>in</span> <span class='ocrx_word' id='word_1_322' title='bbox 2828 1532 3068 1606; x_wconf 91' lang='lat' dir='ltr'>perenni</span> <span class='ocrx_word' id='word_1_323' title='bbox 3098 1532 3302 1607; x_wconf 84' lang='lat' dir='ltr'>gloria.</span> <span class='ocrx_word' id='word_1_324' title='bbox 3334 1553 3364 1583; x_wconf 90' lang='lat'>»</span> 
     </span>
    </p>
   </div>
   <div class='ocr_carea' id='block_1_45' title="bbox 2254 1619 3829 1694">
    <p class='ocr_par' dir='ltr' id='par_1_45' title="bbox 2254 1619 3829 1694">
     <span class='ocr_line' id='line_1_45' title="bbox 2254 1619 3829 1694; baseline 0.001 -20"><span class='ocrx_word' id='word_1_325' title='bbox 2254 1620 2342 1675; x_wconf 89' lang='grc'>10.</span> <span class='ocrx_word' id='word_1_326' title='bbox 2375 1620 2477 1675; x_wconf 85' lang='lat' dir='ltr'>His</span> <span class='ocrx_word' id='word_1_327' title='bbox 2506 1620 2681 1677; x_wconf 90' lang='lat' dir='ltr'>dictis</span> <span class='ocrx_word' id='word_1_328' title='bbox 2701 1621 2894 1678; x_wconf 90' lang='lat' dir='ltr'>velum</span> <span class='ocrx_word' id='word_1_329' title='bbox 2918 1621 3126 1694; x_wconf 86' lang='lat' dir='ltr'>capitis</span> <span class='ocrx_word' id='word_1_330' title='bbox 3146 1638 3213 1677; x_wconf 92' lang='lat' dir='ltr'>ac</span> <span class='ocrx_word' id='word_1_331' title='bbox 3241 1619 3467 1694; x_wconf 90' lang='lat' dir='ltr'>reliqua</span> <span class='ocrx_word' id='word_1_332' title='bbox 3486 1619 3829 1676; x_wconf 84' lang='lat' dir='ltr'>indumenta</span> 
     </span>
    </p>
   </div>
   <div class='ocr_carea' id='block_1_46' title="bbox 2180 1706 3827 1789">
    <p class='ocr_par' dir='ltr' id='par_1_46' title="bbox 2180 1706 3827 1789">
     <span class='ocr_line' id='line_1_46' title="bbox 2180 1706 3827 1789; baseline 0.001 -27"><span class='ocrx_word' id='word_1_333' title='bbox 2180 1707 2241 1763; x_wconf 90' lang='lat' dir='ltr'>in</span> <span class='ocrx_word' id='word_1_334' title='bbox 2272 1706 2604 1765; x_wconf 86' lang='lat' dir='ltr'>humilitate</span> <span class='ocrx_word' id='word_1_335' title='bbox 2631 1709 2961 1765; x_wconf 88' lang='lat' dir='ltr'>castitatem</span> <span class='ocrx_word' id='word_1_336' title='bbox 2994 1710 3188 1766; x_wconf 86' lang='lat' dir='ltr'>cordis</span> <span class='ocrx_word' id='word_1_337' title='bbox 3216 1714 3275 1765; x_wconf 90' lang='lat' dir='ltr'>et</span> <span class='ocrx_word' id='word_1_338' title='bbox 3303 1707 3560 1781; x_wconf 90' lang='lat' dir='ltr'>corporis</span> <span class='ocrx_word' id='word_1_339' title='bbox 3596 1723 3663 1765; x_wconf 86' lang='lat' dir='ltr'>se</span> <span class='ocrx_word' id='word_1_340' title='bbox 3692 1724 3827 1789; x_wconf 87' lang='lat' dir='ltr'>con-</span> 
     </span>
    </p>
   </div>
   <div class='ocr_carea' id='block_1_47' title="bbox 2183 1796 3832 1870">
    <p class='ocr_par' dir='ltr' id='par_1_47' title="bbox 2183 1796 3832 1870">
     <span class='ocr_line' id='line_1_47' title="bbox 2183 1796 3832 1870; baseline 0.002 -21"><span class='ocrx_word' id='word_1_341' title='bbox 2183 1798 2476 1866; x_wconf 88' lang='lat' dir='ltr'>temptum</span> <span class='ocrx_word' id='word_1_342' title='bbox 2501 1796 2705 1851; x_wconf 91' lang='lat' dir='ltr'>mundi</span> <span class='ocrx_word' id='word_1_343' title='bbox 2729 1796 3123 1870; x_wconf 88' lang='lat' dir='ltr'>signiﬁcantia</span> <span class='ocrx_word' id='word_1_344' title='bbox 3146 1814 3324 1870; x_wconf 90' lang='lat' dir='ltr'>super</span> <span class='ocrx_word' id='word_1_345' title='bbox 3344 1801 3617 1854; x_wconf 88' lang='lat' dir='ltr'>sanctum</span> <span class='ocrx_word' id='word_1_346' title='bbox 3651 1796 3832 1853; x_wconf 89' lang='lat' dir='ltr'>altare</span> 
     </span>
    </p>
   </div>
   <div class='ocr_carea' id='block_1_48' title="bbox 2180 1882 3832 1957">
    <p class='ocr_par' dir='ltr' id='par_1_48' title="bbox 2180 1882 3832 1957">
     <span class='ocr_line' id='line_1_48' title="bbox 2180 1882 3832 1957; baseline 0.002 -20"><span class='ocrx_word' id='word_1_347' title='bbox 2180 1882 2507 1953; x_wconf 89' lang='lat' dir='ltr'>composita</span> <span class='ocrx_word' id='word_1_348' title='bbox 2536 1888 2776 1939; x_wconf 89' lang='lat' dir='ltr'>sanctus</span> <span class='ocrx_word' id='word_1_349' title='bbox 2824 1902 2977 1957; x_wconf 91' lang='lat' dir='ltr'>papa</span> <span class='ocrx_word' id='word_1_350' title='bbox 3006 1886 3080 1957; x_wconf 88' lang='lat'>(2)</span> <span class='ocrx_word' id='word_1_351' title='bbox 3113 1886 3429 1953; x_wconf 81' lang='lat' dir='ltr'>benedixit,</span> <span class='ocrx_word' id='word_1_352' title='bbox 3465 1902 3639 1957; x_wconf 73' lang='lat' dir='ltr'>atque</span> <span class='ocrx_word' id='word_1_353' title='bbox 3672 1902 3832 1941; x_wconf 90' lang='lat' dir='ltr'>more</span> 
     </span>
    </p>
   </div>
   <div class='ocr_carea' id='block_1_49' title="bbox 2180 1972 3831 2030">
    <p class='ocr_par' dir='ltr' id='par_1_49' title="bbox 2180 1972 3831 2030">
     <span class='ocr_line' id='line_1_49' title="bbox 2180 1972 3831 2030; baseline 0.003 -5"><span class='ocrx_word' id='word_1_354' title='bbox 2180 1975 2383 2026; x_wconf 90' lang='lat' dir='ltr'>sancto</span> <span class='ocrx_word' id='word_1_355' title='bbox 2414 1988 2764 2028; x_wconf 90' lang='lat' dir='ltr'>consecrans</span> <span class='ocrx_word' id='word_1_356' title='bbox 2796 1974 2981 2028; x_wconf 78' lang='lat' dir='ltr'>effusa</span> <span class='ocrx_word' id='word_1_357' title='bbox 3012 1972 3412 2029; x_wconf 88' lang='lat' dir='ltr'>benedictione</span> <span class='ocrx_word' id='word_1_358' title='bbox 3442 1991 3571 2030; x_wconf 89' lang='lat' dir='ltr'>eam</span> <span class='ocrx_word' id='word_1_359' title='bbox 3602 1974 3831 2030; x_wconf 87' lang='lat' dir='ltr'>Christo</span> 
     </span>
    </p>
   </div>
   <div class='ocr_carea' id='block_1_50' title="bbox 2181 2057 3835 2132">
    <p class='ocr_par' dir='ltr' id='par_1_50' title="bbox 2181 2057 3835 2132">
     <span class='ocr_line' id='line_1_50' title="bbox 2181 2057 3835 2132; baseline 0.002 -17"><span class='ocrx_word' id='word_1_360' title='bbox 2181 2057 2552 2126; x_wconf 89' lang='lat' dir='ltr'>servituram,</span> <span class='ocrx_word' id='word_1_361' title='bbox 2586 2064 2653 2114; x_wconf 91' lang='lat' dir='ltr'>ut</span> <span class='ocrx_word' id='word_1_362' title='bbox 2685 2065 3049 2132; x_wconf 88' lang='lat' dir='ltr'>poposcerat,</span> <span class='ocrx_word' id='word_1_363' title='bbox 3074 2062 3211 2131; x_wconf 89' lang='lat' dir='ltr'>jure</span> <span class='ocrx_word' id='word_1_364' title='bbox 3242 2062 3551 2118; x_wconf 87' lang='lat' dir='ltr'>dedicavit.</span> <span class='ocrx_word' id='word_1_365' title='bbox 3584 2063 3656 2117; x_wconf 91' lang='lat' dir='ltr'>Et</span> <span class='ocrx_word' id='word_1_366' title='bbox 3703 2080 3835 2119; x_wconf 92' lang='lat' dir='ltr'>con-</span> 
     </span>
    </p>
   </div>
   <div class='ocr_carea' id='block_1_51' title="bbox 2180 2147 3831 2225">
    <p class='ocr_par' dir='ltr' id='par_1_51' title="bbox 2180 2147 3831 2225">
     <span class='ocr_line' id='line_1_51' title="bbox 2180 2147 3831 2225; baseline 0.003 -23"><span class='ocrx_word' id='word_1_367' title='bbox 2180 2164 2386 2203; x_wconf 90' lang='lat' dir='ltr'>versus</span> <span class='ocrx_word' id='word_1_368' title='bbox 2415 2147 2486 2203; x_wconf 91' lang='lat' dir='ltr'>ad</span> <span class='ocrx_word' id='word_1_369' title='bbox 2521 2148 2837 2204; x_wconf 91' lang='lat' dir='ltr'>Dominum</span> <span class='ocrx_word' id='word_1_370' title='bbox 2884 2153 2942 2204; x_wconf 91' lang='lat' dir='ltr'>et</span> <span class='ocrx_word' id='word_1_371' title='bbox 2988 2167 3235 2206; x_wconf 81' lang='lat' dir='ltr'>exorans</span> <span class='ocrx_word' id='word_1_372' title='bbox 3280 2150 3426 2205; x_wconf 84' lang='lat' dir='ltr'>dixit</span> <span class='ocrx_word' id='word_1_373' title='bbox 3457 2166 3471 2205; x_wconf 92' lang='lat'>:</span> <span class='ocrx_word' id='word_1_374' title='bbox 3509 2172 3538 2201; x_wconf 87' lang='lat'><strong>«</strong></span> <span class='ocrx_word' id='word_1_375' title='bbox 3569 2151 3831 2225; x_wconf 85' lang='lat' dir='ltr'>Respice,</span> 
     </span>
    </p>
   </div>
   <div class='ocr_carea' id='block_1_52' title="bbox 2185 2235 3839 2309">
    <p class='ocr_par' dir='ltr' id='par_1_52' title="bbox 2185 2235 3839 2309">
     <span class='ocr_line' id='line_1_52' title="bbox 2185 2235 3839 2309; baseline 0.003 -18"><span class='ocrx_word' id='word_1_376' title='bbox 2185 2235 2451 2304; x_wconf 89' lang='lat' dir='ltr'>Domine,</span> <span class='ocrx_word' id='word_1_377' title='bbox 2470 2252 2650 2309; x_wconf 91' lang='lat' dir='ltr'>super</span> <span class='ocrx_word' id='word_1_378' title='bbox 2679 2235 2831 2293; x_wconf 90' lang='lat' dir='ltr'>hanc</span> <span class='ocrx_word' id='word_1_379' title='bbox 2864 2236 3146 2294; x_wconf 86' lang='lat' dir='ltr'>famulam</span> <span class='ocrx_word' id='word_1_380' title='bbox 3178 2243 3364 2307; x_wconf 89' lang='lat' dir='ltr'>tuam,</span> <span class='ocrx_word' id='word_1_381' title='bbox 3393 2243 3461 2294; x_wconf 94' lang='lat' dir='ltr'>ut</span> <span class='ocrx_word' id='word_1_382' title='bbox 3488 2244 3702 2296; x_wconf 64' lang='lat' dir='ltr'>sancte</span> <span class='ocrx_word' id='word_1_383' title='bbox 3728 2240 3839 2296; x_wconf 89' lang='lat' dir='ltr'>vir-</span> 
     </span>
    </p>
   </div>
   <div class='ocr_carea' id='block_1_53' title="bbox 2186 2323 3837 2403">
    <p class='ocr_par' dir='ltr' id='par_1_53' title="bbox 2186 2323 3837 2403">
     <span class='ocr_line' id='line_1_53' title="bbox 2186 2323 3837 2403; baseline 0.004 -24"><span class='ocrx_word' id='word_1_384' title='bbox 2186 2323 2451 2399; x_wconf 90' lang='lat' dir='ltr'>ginitatis</span> <span class='ocrx_word' id='word_1_385' title='bbox 2481 2325 3030 2399; x_wconf 90' lang='lat' dir='ltr'>propositum,quod</span> <span class='ocrx_word' id='word_1_386' title='bbox 3054 2331 3109 2383; x_wconf 90' lang='lat' dir='ltr'>te</span> <span class='ocrx_word' id='word_1_387' title='bbox 3130 2327 3455 2401; x_wconf 89' lang='lat' dir='ltr'>inspirante</span> <span class='ocrx_word' id='word_1_388' title='bbox 3476 2330 3755 2403; x_wconf 87' lang='lat' dir='ltr'>suscepit,</span> <span class='ocrx_word' id='word_1_389' title='bbox 3779 2334 3837 2386; x_wconf 89' lang='lat' dir='ltr'>te</span> 
     </span>
    </p>
   </div>
   <div class='ocr_carea' id='block_1_54' title="bbox 2187 2413 3836 2490">
    <p class='ocr_par' dir='ltr' id='par_1_54' title="bbox 2187 2413 3836 2490">
     <span class='ocr_line' id='line_1_54' title="bbox 2187 2413 3836 2490; baseline 0.004 -22"><span class='ocrx_word' id='word_1_390' title='bbox 2187 2414 2553 2486; x_wconf 89' lang='lat' dir='ltr'>gubernante</span> <span class='ocrx_word' id='word_1_391' title='bbox 2583 2415 2895 2471; x_wconf 88' lang='lat' dir='ltr'>custodiat.</span> <span class='ocrx_word' id='word_1_392' title='bbox 2930 2416 3018 2471; x_wconf 89' lang='lat' dir='ltr'>Sit</span> <span class='ocrx_word' id='word_1_393' title='bbox 3046 2413 3107 2470; x_wconf 91' lang='lat' dir='ltr'>in</span> <span class='ocrx_word' id='word_1_394' title='bbox 3146 2432 3234 2484; x_wconf 90' lang='lat' dir='ltr'>ea,</span> <span class='ocrx_word' id='word_1_395' title='bbox 3268 2416 3533 2485; x_wconf 90' lang='lat' dir='ltr'>Domine,</span> <span class='ocrx_word' id='word_1_396' title='bbox 3583 2434 3688 2490; x_wconf 88' lang='lat' dir='ltr'>per</span> <span class='ocrx_word' id='word_1_397' title='bbox 3732 2419 3836 2474; x_wconf 88' lang='lat' dir='ltr'>do-</span> 
     </span>
    </p>
   </div>
   <div class='ocr_carea' id='block_1_55' title="bbox 2190 2501 3833 2579">
    <p class='ocr_par' dir='ltr' id='par_1_55' title="bbox 2190 2501 3833 2579">
     <span class='ocr_line' id='line_1_55' title="bbox 2190 2501 3833 2579; baseline 0.004 -22"><span class='ocrx_word' id='word_1_398' title='bbox 2190 2518 2334 2557; x_wconf 92' lang='lat' dir='ltr'>num</span> <span class='ocrx_word' id='word_1_399' title='bbox 2356 2501 2613 2574; x_wconf 91' lang='lat' dir='ltr'>Spiritus</span> <span class='ocrx_word' id='word_1_400' title='bbox 2633 2502 2718 2559; x_wconf 92' lang='lat' dir='ltr'>tui</span> <span class='ocrx_word' id='word_1_401' title='bbox 2740 2504 2999 2577; x_wconf 89' lang='lat' dir='ltr'>prudens</span> <span class='ocrx_word' id='word_1_402' title='bbox 3040 2505 3345 2572; x_wconf 89' lang='lat' dir='ltr'>modestia,</span> <span class='ocrx_word' id='word_1_403' title='bbox 3378 2506 3572 2579; x_wconf 88' lang='lat' dir='ltr'>gravis</span> <span class='ocrx_word' id='word_1_404' title='bbox 3603 2506 3833 2574; x_wconf 91' lang='lat' dir='ltr'>lenitas,</span> 
     </span>
    </p>
   </div>
   <div class='ocr_carea' id='block_1_56' title="bbox 2191 2588 3838 2660">
    <p class='ocr_par' dir='ltr' id='par_1_56' title="bbox 2191 2588 3838 2660">
     <span class='ocr_line' id='line_1_56' title="bbox 2191 2588 3838 2660; baseline 0.002 -16"><span class='ocrx_word' id='word_1_405' title='bbox 2191 2593 2355 2644; x_wconf 90' lang='lat' dir='ltr'>casta</span> <span class='ocrx_word' id='word_1_406' title='bbox 2399 2588 2679 2646; x_wconf 90' lang='lat' dir='ltr'>libertas:</span> <span class='ocrx_word' id='word_1_407' title='bbox 2704 2592 2919 2646; x_wconf 89' lang='lat' dir='ltr'>ferveat</span> <span class='ocrx_word' id='word_1_408' title='bbox 2957 2591 3016 2645; x_wconf 89' lang='lat' dir='ltr'>in</span> <span class='ocrx_word' id='word_1_409' title='bbox 3058 2591 3361 2660; x_wconf 89' lang='lat' dir='ltr'>charitate,</span> <span class='ocrx_word' id='word_1_410' title='bbox 3393 2597 3451 2647; x_wconf 91' lang='lat' dir='ltr'>et</span> <span class='ocrx_word' id='word_1_411' title='bbox 3493 2592 3636 2647; x_wconf 89' lang='lat' dir='ltr'>nihil</span> <span class='ocrx_word' id='word_1_412' title='bbox 3662 2599 3838 2649; x_wconf 82' lang='lat' dir='ltr'>extra</span> 
     </span>
    </p>
   </div>
   <div class='ocr_carea' id='block_1_57' title="bbox 2192 2676 3835 2751">
    <p class='ocr_par' dir='ltr' id='par_1_57' title="bbox 2192 2676 3835 2751">
     <span class='ocr_line' id='line_1_57' title="bbox 2192 2676 3835 2751; baseline 0 -17"><span class='ocrx_word' id='word_1_413' title='bbox 2192 2683 2249 2734; x_wconf 88' lang='lat' dir='ltr'>te</span> <span class='ocrx_word' id='word_1_414' title='bbox 2279 2676 2504 2751; x_wconf 87' lang='lat' dir='ltr'>diligat.</span> <span class='ocrx_word' id='word_1_415' title='bbox 2553 2678 2949 2733; x_wconf 78' lang='lat' dir='ltr'>Laudabiliter</span> <span class='ocrx_word' id='word_1_416' title='bbox 2992 2678 3182 2735; x_wconf 89' lang='lat' dir='ltr'>vivere</span> <span class='ocrx_word' id='word_1_417' title='bbox 3230 2681 3481 2747; x_wconf 85' lang='lat' dir='ltr'>studeat,</span> <span class='ocrx_word' id='word_1_418' title='bbox 3514 2684 3571 2735; x_wconf 90' lang='lat' dir='ltr'>et</span> <span class='ocrx_word' id='word_1_419' title='bbox 3606 2679 3835 2736; x_wconf 90' lang='lat' dir='ltr'>laudari</span> 
     </span>
    </p>
   </div>
   <div class='ocr_carea' id='block_1_58' title="bbox 2194 2765 3836 2840">
    <p class='ocr_par' dir='ltr' id='par_1_58' title="bbox 2194 2765 3836 2840">
     <span class='ocr_line' id='line_1_58' title="bbox 2194 2765 3836 2840; baseline 0 -18"><span class='ocrx_word' id='word_1_420' title='bbox 2194 2783 2310 2823; x_wconf 91' lang='lat' dir='ltr'>non</span> <span class='ocrx_word' id='word_1_421' title='bbox 2343 2769 2599 2840; x_wconf 89' lang='lat' dir='ltr'>appetat.</span> <span class='ocrx_word' id='word_1_422' title='bbox 2651 2765 2731 2821; x_wconf 91' lang='lat' dir='ltr'>Te</span> <span class='ocrx_word' id='word_1_423' title='bbox 2777 2766 3035 2821; x_wconf 89' lang='lat' dir='ltr'>timendo</span> <span class='ocrx_word' id='word_1_424' title='bbox 3078 2782 3259 2838; x_wconf 87' lang='lat' dir='ltr'>super</span> <span class='ocrx_word' id='word_1_425' title='bbox 3304 2766 3501 2822; x_wconf 89' lang='lat' dir='ltr'>omnia</span> <span class='ocrx_word' id='word_1_426' title='bbox 3549 2771 3724 2835; x_wconf 89' lang='lat' dir='ltr'>amet,</span> <span class='ocrx_word' id='word_1_427' title='bbox 3776 2772 3836 2822; x_wconf 92' lang='lat' dir='ltr'>et</span> 
     </span>
    </p>
   </div>
   <div class='ocr_carea' id='block_1_59' title="bbox 2195 2853 3837 2922">
    <p class='ocr_par' dir='ltr' id='par_1_59' title="bbox 2195 2853 3837 2922">
     <span class='ocr_line' id='line_1_59' title="bbox 2195 2853 3837 2922; baseline -0.001 -11"><span class='ocrx_word' id='word_1_428' title='bbox 2195 2854 2447 2911; x_wconf 88' lang='lat' dir='ltr'>amando</span> <span class='ocrx_word' id='word_1_429' title='bbox 2476 2853 2536 2910; x_wconf 91' lang='lat' dir='ltr'>in</span> <span class='ocrx_word' id='word_1_430' title='bbox 2566 2853 2842 2910; x_wconf 91' lang='lat' dir='ltr'>omnibus</span> <span class='ocrx_word' id='word_1_431' title='bbox 2871 2858 2928 2910; x_wconf 93' lang='lat' dir='ltr'>te</span> <span class='ocrx_word' id='word_1_432' title='bbox 2961 2853 3179 2909; x_wconf 90' lang='lat' dir='ltr'>timeat.</span> <span class='ocrx_word' id='word_1_433' title='bbox 3214 2854 3300 2910; x_wconf 90' lang='lat' dir='ltr'>Tu</span> <span class='ocrx_word' id='word_1_434' title='bbox 3332 2853 3404 2922; x_wconf 91' lang='lat' dir='ltr'>ei,</span> <span class='ocrx_word' id='word_1_435' title='bbox 3437 2854 3701 2922; x_wconf 88' lang='lat' dir='ltr'>Domine,</span> <span class='ocrx_word' id='word_1_436' title='bbox 3753 2853 3837 2910; x_wconf 89' lang='lat' dir='ltr'>sis</span> 
     </span>
    </p>
   </div>
   <div class='ocr_carea' id='block_1_60' title="bbox 2195 2941 3839 3017">
    <p class='ocr_par' dir='ltr' id='par_1_60' title="bbox 2195 2941 3839 3017">
     <span class='ocr_line' id='line_1_60' title="bbox 2195 2941 3839 3017; baseline 0 -19"><span class='ocrx_word' id='word_1_437' title='bbox 2195 2942 2498 3017; x_wconf 89' lang='lat' dir='ltr'>gaudium,</span> <span class='ocrx_word' id='word_1_438' title='bbox 2518 2946 2581 2998; x_wconf 91' lang='lat' dir='ltr'>tu</span> <span class='ocrx_word' id='word_1_439' title='bbox 2606 2941 2665 2998; x_wconf 92' lang='lat' dir='ltr'>in</span> <span class='ocrx_word' id='word_1_440' title='bbox 2686 2958 2931 2998; x_wconf 72' lang='lat' dir='ltr'>mmrore</span> <span class='ocrx_word' id='word_1_441' title='bbox 2953 2941 3252 3010; x_wconf 88' lang='lat' dir='ltr'>solatium,</span> <span class='ocrx_word' id='word_1_442' title='bbox 3277 2947 3340 2998; x_wconf 90' lang='lat' dir='ltr'>tu</span> <span class='ocrx_word' id='word_1_443' title='bbox 3363 2941 3422 2998; x_wconf 92' lang='lat' dir='ltr'>in</span> <span class='ocrx_word' id='word_1_444' title='bbox 3454 2943 3839 3017; x_wconf 88' lang='lat' dir='ltr'>ambiguitate</span> 
     </span>
    </p>
   </div>
   <div class='ocr_carea' id='block_1_61' title="bbox 2195 3028 3843 3104">
    <p class='ocr_par' dir='ltr' id='par_1_61' title="bbox 2195 3028 3843 3104">
     <span class='ocr_line' id='line_1_61' title="bbox 2195 3028 3843 3104; baseline 0.001 -19"><span class='ocrx_word' id='word_1_445' title='bbox 2195 3029 2528 3086; x_wconf 91' lang='lat' dir='ltr'>consilium.</span> <span class='ocrx_word' id='word_1_446' title='bbox 2563 3028 2627 3084; x_wconf 89' lang='lat' dir='ltr'>In</span> <span class='ocrx_word' id='word_1_447' title='bbox 2660 3028 2878 3101; x_wconf 89' lang='lat' dir='ltr'>injuria</span> <span class='ocrx_word' id='word_1_448' title='bbox 2923 3028 3006 3085; x_wconf 92' lang='lat' dir='ltr'>sis</span> <span class='ocrx_word' id='word_1_449' title='bbox 3056 3029 3335 3097; x_wconf 89' lang='lat' dir='ltr'>defensio,</span> <span class='ocrx_word' id='word_1_450' title='bbox 3388 3030 3448 3085; x_wconf 91' lang='lat' dir='ltr'>in</span> <span class='ocrx_word' id='word_1_451' title='bbox 3499 3034 3843 3104; x_wconf 87' lang='lat' dir='ltr'>paupertate</span> 
     </span>
    </p>
   </div>
   <div class='ocr_carea' id='block_1_62' title="bbox 2196 3117 3845 3189">
    <p class='ocr_par' dir='ltr' id='par_1_62' title="bbox 2196 3117 3845 3189">
     <span class='ocr_line' id='line_1_62' title="bbox 2196 3117 3845 3189; baseline 0.001 -15"><span class='ocrx_word' id='word_1_452' title='bbox 2196 3118 2576 3186; x_wconf 83' lang='lat' dir='ltr'>abundantia,</span> <span class='ocrx_word' id='word_1_453' title='bbox 2607 3118 2669 3173; x_wconf 90' lang='lat' dir='ltr'>in</span> <span class='ocrx_word' id='word_1_454' title='bbox 2691 3118 2920 3189; x_wconf 87' lang='lat' dir='ltr'>jejunio</span> <span class='ocrx_word' id='word_1_455' title='bbox 2952 3117 3137 3187; x_wconf 88' lang='lat' dir='ltr'>cibus,</span> <span class='ocrx_word' id='word_1_456' title='bbox 3185 3119 3246 3174; x_wconf 92' lang='lat' dir='ltr'>in</span> <span class='ocrx_word' id='word_1_457' title='bbox 3295 3118 3636 3175; x_wconf 90' lang='lat' dir='ltr'>inﬁrmitate</span> <span class='ocrx_word' id='word_1_458' title='bbox 3665 3119 3845 3175; x_wconf 88' lang='lat' dir='ltr'>medi-</span> 
     </span>
    </p>
   </div>
   <div class='ocr_carea' id='block_1_63' title="bbox 442 3193 3843 3289">
    <p class='ocr_par' dir='ltr' id='par_1_63' title="bbox 442 3193 3843 3289">
     <span class='ocr_line' id='line_1_63' title="bbox 442 3193 3843 3289; baseline 0.001 -30"><span class='ocrx_word' id='word_1_459' title='bbox 442 3208 706 3281; x_wconf 77' lang='lat' dir='ltr'>symbolo</span> <span class='ocrx_word' id='word_1_460' title='bbox 738 3210 1124 3278; x_wconf 75' lang='lat' dir='ltr'>custodimus,</span> <span class='ocrx_word' id='word_1_461' title='bbox 1159 3193 1314 3284; x_wconf 54' lang='lat' dir='ltr'>quod</span> <span class='ocrx_word' id='word_1_462' title='bbox 1344 3212 1403 3267; x_wconf 77' lang='lat' dir='ltr'>in</span> <span class='ocrx_word' id='word_1_463' title='bbox 1434 3193 1785 3285; x_wconf 65' lang='lat' dir='ltr'>Baptismate</span> <span class='ocrx_word' id='word_1_464' title='bbox 1834 3218 2088 3289; x_wconf 72' lang='lat' dir='ltr'>suscepi-</span> <span class='ocrx_word' id='word_1_465' title='bbox 2115 3193 2158 3259; x_wconf 90' lang='lat' dir='ltr'>C</span> <span class='ocrx_word' id='word_1_466' title='bbox 2196 3205 2515 3273; x_wconf 90' lang='lat' dir='ltr'>cina.Quod</span> <span class='ocrx_word' id='word_1_467' title='bbox 2548 3210 2639 3261; x_wconf 91' lang='lat' dir='ltr'>est</span> <span class='ocrx_word' id='word_1_468' title='bbox 2668 3206 2930 3279; x_wconf 89' lang='lat' dir='ltr'>professa</span> <span class='ocrx_word' id='word_1_469' title='bbox 2959 3208 3268 3275; x_wconf 90' lang='lat' dir='ltr'>custodiat,</span> <span class='ocrx_word' id='word_1_470' title='bbox 3322 3211 3387 3263; x_wconf 92' lang='lat' dir='ltr'>ut</span> <span class='ocrx_word' id='word_1_471' title='bbox 3431 3208 3659 3263; x_wconf 90' lang='lat' dir='ltr'>hostem</span> <span class='ocrx_word' id='word_1_472' title='bbox 3692 3208 3843 3263; x_wconf 91' lang='lat' dir='ltr'>anti-</span> 
     </span>
    </p>
   </div>
   <div class='ocr_carea' id='block_1_64' title="bbox 442 3294 3843 3370">
    <p class='ocr_par' dir='ltr' id='par_1_64' title="bbox 442 3294 3843 3370">
     <span class='ocr_line' id='line_1_64' title="bbox 442 3294 3843 3370; baseline 0.004 -17"><span class='ocrx_word' id='word_1_473' title='bbox 442 3315 596 3353; x_wconf 89' lang='lat' dir='ltr'>mus.</span> <span class='ocrx_word' id='word_1_474' title='bbox 638 3298 732 3354; x_wconf 91' lang='lat' dir='ltr'>Sic</span> <span class='ocrx_word' id='word_1_475' title='bbox 781 3316 977 3354; x_wconf 90' lang='lat' dir='ltr'>coram</span> <span class='ocrx_word' id='word_1_476' title='bbox 1035 3300 1152 3355; x_wconf 85' lang='lat' dir='ltr'>Deo</span> <span class='ocrx_word' id='word_1_477' title='bbox 1201 3302 1373 3356; x_wconf 90' lang='lat' dir='ltr'>corde</span> <span class='ocrx_word' id='word_1_478' title='bbox 1420 3302 1735 3369; x_wconf 87' lang='lat' dir='ltr'>credimus,</span> <span class='ocrx_word' id='word_1_479' title='bbox 1769 3303 1852 3359; x_wconf 92' lang='lat' dir='ltr'>sic</span> <span class='ocrx_word' id='word_1_480' title='bbox 1893 3322 2088 3361; x_wconf 91' lang='lat' dir='ltr'>coram</span> <span class='ocrx_word' id='word_1_481' title='bbox 2198 3312 2384 3368; x_wconf 83' lang='lat' dir='ltr'>quum</span> <span class='ocrx_word' id='word_1_482' title='bbox 2410 3294 2694 3361; x_wconf 61' lang='lat' dir='ltr'>deVincat.</span> <span class='ocrx_word' id='word_1_483' title='bbox 2730 3299 2788 3350; x_wconf 74' lang='lat' dir='ltr'>6t</span> <span class='ocrx_word' id='word_1_484' title='bbox 2817 3295 3091 3351; x_wconf 61' lang='lat' dir='ltr'>Vitiorum</span> <span class='ocrx_word' id='word_1_485' title='bbox 3123 3296 3324 3352; x_wconf 69' lang='lat' dir='ltr'>sordes</span> <span class='ocrx_word' id='word_1_486' title='bbox 3363 3301 3664 3368; x_wconf 66' lang='lat' dir='ltr'>expurget.</span> <span class='ocrx_word' id='word_1_487' title='bbox 3698 3314 3843 3370; x_wconf 79' lang='lat' dir='ltr'>qua-</span> 
     </span>
    </p>
   </div>
   <div class='ocr_carea' id='block_1_65' title="bbox 444 3385 3846 3458">
    <p class='ocr_par' dir='ltr' id='par_1_65' title="bbox 444 3385 3846 3458">
     <span class='ocr_line' id='line_1_65' title="bbox 444 3385 3846 3458; baseline 0 -17"><span class='ocrx_word' id='word_1_488' title='bbox 444 3388 719 3442; x_wconf 80' lang='lat' dir='ltr'>om‘nibus</span> <span class='ocrx_word' id='word_1_489' title='bbox 752 3386 1095 3443; x_wconf 87' lang='lat' dir='ltr'>hominibus</span> <span class='ocrx_word' id='word_1_490' title='bbox 1127 3406 1224 3445; x_wconf 87' lang='lat' dir='ltr'>ore</span> <span class='ocrx_word' id='word_1_491' title='bbox 1256 3390 1623 3456; x_wconf 84' lang='lat' dir='ltr'>conﬁtemur,</span> <span class='ocrx_word' id='word_1_492' title='bbox 1659 3397 1721 3445; x_wconf 88' lang='lat' dir='ltr'>ut</span> <span class='ocrx_word' id='word_1_493' title='bbox 1752 3392 2090 3451; x_wconf 76' lang='lat' dir='ltr'>hominibus</span> <span class='ocrx_word' id='word_1_494' title='bbox 2198 3390 2371 3441; x_wconf 89' lang='lat' dir='ltr'>tenus</span> <span class='ocrx_word' id='word_1_495' title='bbox 2400 3385 2719 3440; x_wconf 91' lang='lat' dir='ltr'>centesimo</span> <span class='ocrx_word' id='word_1_496' title='bbox 2750 3385 2943 3440; x_wconf 88' lang='lat' dir='ltr'>fructu</span> <span class='ocrx_word' id='word_1_497' title='bbox 2965 3402 3099 3440; x_wconf 91' lang='lat' dir='ltr'>cum</span> <span class='ocrx_word' id='word_1_498' title='bbox 3129 3386 3335 3441; x_wconf 90' lang='lat' dir='ltr'>decore</span> <span class='ocrx_word' id='word_1_499' title='bbox 3353 3385 3623 3458; x_wconf 90' lang='lat' dir='ltr'>virginali</span> <span class='ocrx_word' id='word_1_500' title='bbox 3651 3403 3718 3441; x_wconf 91' lang='lat' dir='ltr'>ac</span> <span class='ocrx_word' id='word_1_501' title='bbox 3737 3386 3846 3441; x_wconf 82' lang='lat' dir='ltr'>vir-</span> 
     </span>
    </p>
   </div>
   <div class='ocr_carea' id='block_1_66' title="bbox 446 3473 3843 3552">
    <p class='ocr_par' dir='ltr' id='par_1_66' title="bbox 446 3473 3843 3552">
     <span class='ocr_line' id='line_1_66' title="bbox 446 3473 3843 3552; baseline 0 -22"><span class='ocrx_word' id='word_1_502' title='bbox 446 3476 620 3530; x_wconf 90' lang='lat' dir='ltr'>ﬁdem</span> <span class='ocrx_word' id='word_1_503' title='bbox 649 3494 756 3531; x_wconf 90' lang='lat' dir='ltr'>sua</span> <span class='ocrx_word' id='word_1_504' title='bbox 788 3476 1039 3547; x_wconf 88' lang='lat' dir='ltr'>cognitio</span> <span class='ocrx_word' id='word_1_505' title='bbox 1072 3477 1264 3546; x_wconf 88' lang='lat' dir='ltr'>faciat,</span> <span class='ocrx_word' id='word_1_506' title='bbox 1316 3483 1373 3534; x_wconf 90' lang='lat' dir='ltr'>et</span> <span class='ocrx_word' id='word_1_507' title='bbox 1419 3477 1613 3552; x_wconf 90' lang='lat' dir='ltr'>imago</span> <span class='ocrx_word' id='word_1_508' title='bbox 1646 3498 1753 3537; x_wconf 86' lang='lat' dir='ltr'>sua</span> <span class='ocrx_word' id='word_1_509' title='bbox 1793 3482 1907 3539; x_wconf 89' lang='lat' dir='ltr'>Deo</span> <span class='ocrx_word' id='word_1_510' title='bbox 1937 3483 2094 3540; x_wconf 71' lang='lat' dir='ltr'>testi-</span> <span class='ocrx_word' id='word_1_511' title='bbox 2199 3478 2396 3529; x_wconf 90' lang='lat' dir='ltr'>tutum</span> <span class='ocrx_word' id='word_1_512' title='bbox 2426 3473 2800 3546; x_wconf 90' lang='lat' dir='ltr'>lampadibus</span> <span class='ocrx_word' id='word_1_513' title='bbox 2827 3479 3155 3543; x_wconf 81' lang='lat' dir='ltr'>exornetur,</span> <span class='ocrx_word' id='word_1_514' title='bbox 3188 3479 3247 3529; x_wconf 91' lang='lat' dir='ltr'>et</span> <span class='ocrx_word' id='word_1_515' title='bbox 3276 3476 3347 3530; x_wconf 90' lang='lat' dir='ltr'>ad</span> <span class='ocrx_word' id='word_1_516' title='bbox 3380 3474 3699 3530; x_wconf 90' lang='lat' dir='ltr'>electarum</span> <span class='ocrx_word' id='word_1_517' title='bbox 3730 3473 3843 3530; x_wconf 91' lang='lat' dir='ltr'>vir-</span> 
     </span>
    </p>
   </div>
   <div class='ocr_carea' id='block_1_67' title="bbox 445 3562 3847 3635">
    <p class='ocr_par' dir='ltr' id='par_1_67' title="bbox 445 3562 3847 3635">
     <span class='ocr_line' id='line_1_67' title="bbox 445 3562 3847 3635; baseline -0 -16"><span class='ocrx_word' id='word_1_518' title='bbox 445 3564 711 3619; x_wconf 91' lang='lat' dir='ltr'>monium</span> <span class='ocrx_word' id='word_1_519' title='bbox 743 3566 967 3620; x_wconf 88' lang='lat' dir='ltr'>reddat.</span> <span class='ocrx_word' id='word_1_520' title='bbox 1002 3588 1029 3615; x_wconf 82' lang='lat'>»</span> <span class='ocrx_word' id='word_1_521' title='bbox 2200 3563 2406 3635; x_wconf 90' lang='lat' dir='ltr'>ginum</span> <span class='ocrx_word' id='word_1_522' title='bbox 2438 3563 2799 3618; x_wconf 89' lang='lat' dir='ltr'>consortium</span> <span class='ocrx_word' id='word_1_523' title='bbox 2844 3563 3144 3635; x_wconf 88' lang='lat' dir='ltr'>pervenire</span> <span class='ocrx_word' id='word_1_524' title='bbox 3176 3567 3489 3619; x_wconf 90' lang='lat' dir='ltr'>mereatur.</span> <span class='ocrx_word' id='word_1_525' title='bbox 3521 3586 3551 3633; x_wconf 42' lang='lat'>&gt;1</span> <span class='ocrx_word' id='word_1_526' title='bbox 3583 3562 3847 3635; x_wconf 89' lang='lat' dir='ltr'>Cumque</span> 
     </span>
    </p>
   </div>
   <div class='ocr_carea' id='block_1_68' title="bbox 514 3651 2083 3725">
    <p class='ocr_par' dir='ltr' id='par_1_68' title="bbox 514 3651 2083 3724">
     <span class='ocr_line' id='line_1_68' title="bbox 514 3651 2083 3724; baseline 0.008 -19"><span class='ocrx_word' id='word_1_527' title='bbox 514 3652 567 3705; x_wconf 90' lang='lat'>9.</span> <span class='ocrx_word' id='word_1_528' title='bbox 596 3652 728 3707; x_wconf 76' lang='lat' dir='ltr'>stc</span> <span class='ocrx_word' id='word_1_529' title='bbox 757 3656 815 3706; x_wconf 92' lang='lat' dir='ltr'>et</span> <span class='ocrx_word' id='word_1_530' title='bbox 846 3651 961 3707; x_wconf 90' lang='lat' dir='ltr'>alia</span> <span class='ocrx_word' id='word_1_531' title='bbox 990 3653 1334 3724; x_wconf 89' lang='lat' dir='ltr'>hujusmodi</span> <span class='ocrx_word' id='word_1_532' title='bbox 1382 3654 1695 3713; x_wconf 89' lang='lat' dir='ltr'>innumera</span> <span class='ocrx_word' id='word_1_533' title='bbox 1732 3659 2083 3717; x_wconf 80' lang='lat' dir='ltr'>ﬁdei&#39;sacra-</span> 
     </span>
    </p>
   </div>
   <div class='ocr_carea' id='block_1_69' title="bbox 2196 3651 3847 3725">
    <p class='ocr_par' dir='ltr' id='par_1_69' title="bbox 2202 3651 3847 3725">
     <span class='ocr_line' id='line_1_69' title="bbox 2202 3651 3847 3725; baseline -0.001 -17"><span class='ocrx_word' id='word_1_534' title='bbox 2202 3668 2407 3708; x_wconf 88' lang='lat' dir='ltr'>omnes</span> <span class='ocrx_word' id='word_1_535' title='bbox 2437 3651 2896 3725; x_wconf 89' lang='lat' dir='ltr'>respondissent,</span> <span class='ocrx_word' id='word_1_536' title='bbox 2928 3652 3117 3720; x_wconf 82' lang='lat' dir='ltr'>Amen,</span> <span class='ocrx_word' id='word_1_537' title='bbox 3168 3656 3407 3708; x_wconf 84' lang='lat' dir='ltr'>sanctus</span> <span class='ocrx_word' id='word_1_538' title='bbox 3455 3651 3701 3708; x_wconf 90' lang='lat' dir='ltr'>antistes</span> <span class='ocrx_word' id='word_1_539' title='bbox 3748 3652 3847 3707; x_wconf 91' lang='lat' dir='ltr'>de-</span> 
     </span>
    </p>
   </div>
   <div class='ocr_carea' id='block_1_70' title="bbox 444 3739 3849 3824">
    <p class='ocr_par' dir='ltr' id='par_1_70' title="bbox 444 3739 3849 3824">
     <span class='ocr_line' id='line_1_70' title="bbox 444 3739 3849 3824; baseline -0 -28"><span class='ocrx_word' id='word_1_540' title='bbox 444 3743 644 3796; x_wconf 87' lang='lat' dir='ltr'>menta</span> <span class='ocrx_word' id='word_1_541' title='bbox 674 3740 865 3812; x_wconf 89' lang='lat' dir='ltr'>palam</span> <span class='ocrx_word' id='word_1_542' title='bbox 894 3742 1169 3798; x_wconf 91' lang='lat' dir='ltr'>omnibus</span> <span class='ocrx_word' id='word_1_543' title='bbox 1199 3743 1490 3816; x_wconf 90' lang='lat' dir='ltr'>replicans</span> <span class='ocrx_word' id='word_1_544' title='bbox 1522 3746 1905 3819; x_wconf 80' lang='lat' dir='ltr'>Hunegundis</span> <span class='ocrx_word' id='word_1_545' title='bbox 1934 3753 2095 3824; x_wconf 70' lang='lat' dir='ltr'>virgo</span> <span class='ocrx_word' id='word_1_546' title='bbox 2202 3741 2477 3797; x_wconf 90' lang='lat' dir='ltr'>osculans</span> <span class='ocrx_word' id='word_1_547' title='bbox 2507 3744 2683 3813; x_wconf 89' lang='lat' dir='ltr'>caput</span> <span class='ocrx_word' id='word_1_548' title='bbox 2708 3745 2923 3796; x_wconf 66' lang='lat' dir='ltr'>sancta;</span> <span class='ocrx_word' id='word_1_549' title='bbox 2951 3740 3195 3814; x_wconf 90' lang='lat' dir='ltr'>virginis</span> <span class='ocrx_word' id='word_1_550' title='bbox 3240 3740 3590 3814; x_wconf 89' lang='lat' dir='ltr'>Hungundis</span> <span class='ocrx_word' id='word_1_551' title='bbox 3622 3739 3849 3796; x_wconf 89' lang='lat' dir='ltr'>dimisit</span> 
     </span>
    </p>
   </div>
   <div class='ocr_carea' id='block_1_71' title="bbox 441 3829 2620 3901">
    <p class='ocr_par' dir='ltr' id='par_1_71' title="bbox 441 3829 2620 3901">
     <span class='ocr_line' id='line_1_71' title="bbox 441 3829 2620 3901; baseline 0.007 -15"><span class='ocrx_word' id='word_1_552' title='bbox 441 3829 1419 3898; x_wconf 89' lang='lat' dir='ltr'>devotissima,auribusastantium</span> <span class='ocrx_word' id='word_1_553' title='bbox 1433 3834 1666 3891; x_wconf 89' lang='lat' dir='ltr'>salubre</span> <span class='ocrx_word' id='word_1_554' title='bbox 1680 3839 2095 3896; x_wconf 88' lang='lat' dir='ltr'>commercium</span> <span class='ocrx_word' id='word_1_555' title='bbox 2206 3848 2337 3887; x_wconf 71' lang='lat' dir='ltr'>eam</span> <span class='ocrx_word' id='word_1_556' title='bbox 2367 3830 2426 3885; x_wconf 78' lang='grc' dir='ltr'>ίῐι</span> <span class='ocrx_word' id='word_1_557' title='bbox 2458 3846 2620 3901; x_wconf 68' lang='lat' dir='ltr'>Pace-</span> 
     </span>
    </p>
   </div>
   <div class='ocr_carea' id='block_1_72' title="bbox 445 3916 2083 3996">
    <p class='ocr_par' dir='ltr' id='par_1_72' title="bbox 445 3918 2073 3996">
     <span class='ocr_line' id='line_1_72' title="bbox 445 3918 2073 3996; baseline 0.006 -23"><span class='ocrx_word' id='word_1_558' title='bbox 445 3918 799 3992; x_wconf 65' lang='lat' dir='ltr'>praestitit,et</span> <span class='ocrx_word' id='word_1_559' title='bbox 827 3920 1098 3978; x_wconf 88' lang='lat' dir='ltr'>faucibus</span> <span class='ocrx_word' id='word_1_560' title='bbox 1145 3921 1424 3996; x_wconf 87' lang='lat' dir='ltr'>virgineis</span> <span class='ocrx_word' id='word_1_561' title='bbox 1473 3924 1726 3995; x_wconf 90' lang='lat' dir='ltr'>optabile</span> <span class='ocrx_word' id='word_1_562' title='bbox 1774 3926 2073 3983; x_wconf 90' lang='lat' dir='ltr'>silentium</span> 
     </span>
    </p>
   </div>
   <div class='ocr_carea' id='block_1_73' title="bbox 2196 3916 3854 3996">
    <p class='ocr_par' dir='ltr' id='par_1_73' title="bbox 2281 3916 3854 3991">
     <span class='ocr_line' id='line_1_73' title="bbox 2281 3916 3854 3991; baseline 0.001 -18"><span class='ocrx_word' id='word_1_563' title='bbox 2281 3920 2368 3973; x_wconf 90' lang='grc'><strong>11.</strong></span> <span class='ocrx_word' id='word_1_564' title='bbox 2403 3919 2531 3974; x_wconf 69' lang='grc' dir='ltr'>Ηωο</span> <span class='ocrx_word' id='word_1_565' title='bbox 2561 3917 2805 3973; x_wconf 90' lang='lat' dir='ltr'>audiens</span> <span class='ocrx_word' id='word_1_566' title='bbox 2834 3916 3154 3984; x_wconf 84' lang='lat' dir='ltr'>Eudaldus,</span> <span class='ocrx_word' id='word_1_567' title='bbox 3202 3918 3302 3988; x_wconf 89' lang='lat' dir='ltr'>qui</span> <span class='ocrx_word' id='word_1_568' title='bbox 3349 3918 3576 3991; x_wconf 89' lang='lat' dir='ltr'>pridem</span> <span class='ocrx_word' id='word_1_569' title='bbox 3616 3921 3854 3975; x_wconf 92' lang='lat' dir='ltr'>vocatus</span> 
     </span>
    </p>
   </div>
   <div class='ocr_carea' id='block_1_74' title="bbox 447 4005 3857 4086">
    <p class='ocr_par' dir='ltr' id='par_1_74' title="bbox 447 4005 3857 4086">
     <span class='ocr_line' id='line_1_74' title="bbox 447 4005 3857 4086; baseline 0.004 -23"><span class='ocrx_word' id='word_1_570' title='bbox 447 4009 614 4063; x_wconf 91' lang='lat' dir='ltr'>Tunc</span> <span class='ocrx_word' id='word_1_571' title='bbox 638 4008 987 4065; x_wconf 89' lang='lat' dir='ltr'>venerabilis</span> <span class='ocrx_word' id='word_1_572' title='bbox 1014 4010 1275 4081; x_wconf 85' lang='lat' dir='ltr'>pontifex</span> <span class='ocrx_word' id='word_1_573' title='bbox 1305 4029 1552 4068; x_wconf 61' lang='lat' dir='ltr'>summa;</span> <span class='ocrx_word' id='word_1_574' title='bbox 1584 4014 1741 4069; x_wconf 88' lang='lat' dir='ltr'>sedis</span> <span class='ocrx_word' id='word_1_575' title='bbox 1772 4014 2100 4086; x_wconf 65' lang='lat' dir='ltr'>apostolica;</span> <span class='ocrx_word' id='word_1_576' title='bbox 2210 4008 2399 4063; x_wconf 71' lang='lat' dir='ltr'>fuerat</span> <span class='ocrx_word' id='word_1_577' title='bbox 2428 4022 2705 4078; x_wconf 62' lang='lat'>8110118113.</span> <span class='ocrx_word' id='word_1_578' title='bbox 2735 4022 2873 4061; x_wconf 77' lang='lat' dir='ltr'>Cum</span> <span class='ocrx_word' id='word_1_579' title='bbox 2893 4005 3260 4077; x_wconf 73' lang='grc' dir='ltr'>οοεηονίεεθι</span> <span class='ocrx_word' id='word_1_580' title='bbox 3289 4023 3352 4062; x_wconf 73' lang='lat'>30</span> <span class='ocrx_word' id='word_1_581' title='bbox 3380 4010 3781 4080; x_wconf 74' lang='lat' dir='ltr'>contemptum</span> <span class='ocrx_word' id='word_1_582' title='bbox 3823 4025 3857 4063; x_wconf 73' lang='grc'><strong>8</strong></span> 
     </span>
    </p>
   </div>
   <div class='ocr_carea' id='block_1_75' title="bbox 448 4092 3858 4174">
    <p class='ocr_par' dir='ltr' id='par_1_75' title="bbox 448 4092 3858 4174">
     <span class='ocr_line' id='line_1_75' title="bbox 448 4092 3858 4174; baseline 0.001 -30"><span class='ocrx_word' id='word_1_583' title='bbox 448 4098 696 4166; x_wconf 81' lang='lat' dir='ltr'>raptans</span> <span class='ocrx_word' id='word_1_584' title='bbox 744 4111 859 4150; x_wconf 82' lang='lat' dir='ltr'>non</span> <span class='ocrx_word' id='word_1_585' title='bbox 912 4113 1121 4154; x_wconf 77' lang='lat' dir='ltr'>sonare</span> <span class='ocrx_word' id='word_1_586' title='bbox 1169 4098 1490 4168; x_wconf 77' lang='lat' dir='ltr'>hominem,</span> <span class='ocrx_word' id='word_1_587' title='bbox 1526 4102 1627 4157; x_wconf 75' lang='lat' dir='ltr'>sed</span> <span class='ocrx_word' id='word_1_588' title='bbox 1661 4103 1857 4174; x_wconf 75' lang='lat' dir='ltr'>potius</span> <span class='ocrx_word' id='word_1_589' title='bbox 1895 4102 2106 4159; x_wconf 69' lang='lat' dir='ltr'>intem-</span> <span class='ocrx_word' id='word_1_590' title='bbox 2207 4095 2431 4167; x_wconf 88' lang='lat' dir='ltr'>virgine</span> <span class='ocrx_word' id='word_1_591' title='bbox 2457 4094 2799 4166; x_wconf 88' lang='lat' dir='ltr'>indignatus</span> <span class='ocrx_word' id='word_1_592' title='bbox 2828 4096 2920 4149; x_wconf 91' lang='lat' dir='ltr'>est</span> <span class='ocrx_word' id='word_1_593' title='bbox 2947 4092 3168 4164; x_wconf 89' lang='lat' dir='ltr'>animo,</span> <span class='ocrx_word' id='word_1_594' title='bbox 3217 4099 3276 4151; x_wconf 89' lang='lat' dir='ltr'>et</span> <span class='ocrx_word' id='word_1_595' title='bbox 3325 4095 3553 4151; x_wconf 91' lang='lat' dir='ltr'>cunctis</span> <span class='ocrx_word' id='word_1_596' title='bbox 3584 4094 3858 4152; x_wconf 90' lang='lat' dir='ltr'>sensibus</span> 
     </span>
    </p>
   </div>
   <div class='ocr_carea' id='block_1_76' title="bbox 448 4181 3858 4260">
    <p class='ocr_par' dir='ltr' id='par_1_76' title="bbox 448 4181 3858 4260">
     <span class='ocr_line' id='line_1_76' title="bbox 448 4181 3858 4260; baseline 0.005 -23"><span class='ocrx_word' id='word_1_597' title='bbox 448 4197 594 4253; x_wconf 88' lang='lat' dir='ltr'>gens</span> <span class='ocrx_word' id='word_1_598' title='bbox 624 4187 895 4239; x_wconf 91' lang='lat' dir='ltr'>sanctum</span> <span class='ocrx_word' id='word_1_599' title='bbox 927 4202 1201 4241; x_wconf 91' lang='lat' dir='ltr'>resonare</span> <span class='ocrx_word' id='word_1_600' title='bbox 1230 4187 1510 4260; x_wconf 90' lang='lat' dir='ltr'>Spiritum</span> <span class='ocrx_word' id='word_1_601' title='bbox 1552 4190 1730 4247; x_wconf 88' lang='lat' dir='ltr'>castis</span> <span class='ocrx_word' id='word_1_602' title='bbox 1770 4190 1830 4246; x_wconf 91' lang='lat' dir='ltr'>in</span> <span class='ocrx_word' id='word_1_603' title='bbox 1860 4188 2103 4246; x_wconf 89' lang='lat' dir='ltr'>visceri-</span> <span class='ocrx_word' id='word_1_604' title='bbox 2210 4182 2434 4240; x_wconf 66' lang='lat' dir='ltr'>MXiari</span> <span class='ocrx_word' id='word_1_605' title='bbox 2458 4182 2653 4255; x_wconf 65' lang='grc' dir='ltr'>οωΡίιι</span> <span class='ocrx_word' id='word_1_606' title='bbox 2684 4182 2921 4240; x_wconf 76' lang='grc' dir='ltr'>νοῙνθῐὶε</span> <span class='ocrx_word' id='word_1_607' title='bbox 2950 4181 3010 4238; x_wconf 74' lang='lat' dir='ltr'>in</span> <span class='ocrx_word' id='word_1_608' title='bbox 3042 4183 3239 4239; x_wconf 69' lang='lat' dir='ltr'>animo</span> <span class='ocrx_word' id='word_1_609' title='bbox 3279 4201 3415 4241; x_wconf 75' lang='lat' dir='ltr'>cum</span> <span class='ocrx_word' id='word_1_610' title='bbox 3439 4184 3624 4241; x_wconf 68' lang='lat' dir='ltr'>nimia</span> <span class='ocrx_word' id='word_1_611' title='bbox 3649 4189 3858 4241; x_wconf 64' lang='grc' dir='ltr'>ωεῐυιι·</span> 
     </span>
    </p>
   </div>
   <div class='ocr_carea' id='block_1_77' title="bbox 450 4270 3859 4344">
    <p class='ocr_par' dir='ltr' id='par_1_77' title="bbox 450 4270 3859 4344">
     <span class='ocr_line' id='line_1_77' title="bbox 450 4270 3859 4344; baseline 0 -17"><span class='ocrx_word' id='word_1_612' title='bbox 450 4270 584 4337; x_wconf 92' lang='lat' dir='ltr'>bus,</span> <span class='ocrx_word' id='word_1_613' title='bbox 616 4287 812 4327; x_wconf 90' lang='lat' dir='ltr'>coram</span> <span class='ocrx_word' id='word_1_614' title='bbox 844 4272 1072 4329; x_wconf 88' lang='lat' dir='ltr'>cunctis</span> <span class='ocrx_word' id='word_1_615' title='bbox 1098 4272 1181 4329; x_wconf 89' lang='lat' dir='ltr'>ita</span> <span class='ocrx_word' id='word_1_616' title='bbox 1210 4275 1406 4332; x_wconf 82' lang='lat' dir='ltr'>fatur:</span> <span class='ocrx_word' id='word_1_617' title='bbox 1444 4299 1473 4327; x_wconf 83' lang='lat'><strong><em>«</em></strong></span> <span class='ocrx_word' id='word_1_618' title='bbox 1503 4278 1816 4335; x_wconf 74' lang='lat' dir='ltr'>Benedicta</span> <span class='ocrx_word' id='word_1_619' title='bbox 1843 4279 1963 4336; x_wconf 74' lang='lat' dir='ltr'>ﬁlia</span> <span class='ocrx_word' id='word_1_620' title='bbox 1982 4284 2046 4335; x_wconf 76' lang='lat' dir='ltr'>tu</span> <span class='ocrx_word' id='word_1_621' title='bbox 2070 4297 2106 4335; x_wconf 77' lang='grc' dir='ltr'>ο,</span> <span class='ocrx_word' id='word_1_622' title='bbox 2210 4273 2369 4328; x_wconf 90' lang='lat' dir='ltr'>tione</span> <span class='ocrx_word' id='word_1_623' title='bbox 2420 4275 2487 4327; x_wconf 90' lang='lat' dir='ltr'>ut</span> <span class='ocrx_word' id='word_1_624' title='bbox 2531 4288 2660 4327; x_wconf 90' lang='lat' dir='ltr'>eam</span> <span class='ocrx_word' id='word_1_625' title='bbox 2708 4270 2905 4344; x_wconf 85' lang='lat' dir='ltr'>gladio</span> <span class='ocrx_word' id='word_1_626' title='bbox 2950 4272 3467 4330; x_wconf 87' lang='lat' dir='ltr'>transverberaret.</span> <span class='ocrx_word' id='word_1_627' title='bbox 3502 4274 3613 4330; x_wconf 89' lang='lat' dir='ltr'>Sed</span> <span class='ocrx_word' id='word_1_628' title='bbox 3646 4272 3859 4331; x_wconf 89' lang='lat' dir='ltr'>timens</span> 
     </span>
    </p>
   </div>
   <div class='ocr_carea' id='block_1_78' title="bbox 451 4358 3860 4441">
    <p class='ocr_par' dir='ltr' id='par_1_78' title="bbox 451 4358 3860 4441">
     <span class='ocr_line' id='line_1_78' title="bbox 451 4358 3860 4441; baseline 0.001 -26"><span class='ocrx_word' id='word_1_629' title='bbox 451 4358 701 4415; x_wconf 92' lang='lat' dir='ltr'>Domino</span> <span class='ocrx_word' id='word_1_630' title='bbox 756 4360 872 4416; x_wconf 93' lang='lat' dir='ltr'>Deo</span> <span class='ocrx_word' id='word_1_631' title='bbox 914 4361 1296 4430; x_wconf 84' lang='lat' dir='ltr'>exercituum,</span> <span class='ocrx_word' id='word_1_632' title='bbox 1331 4381 1459 4436; x_wconf 67' lang='lat' dir='ltr'>qua;</span> <span class='ocrx_word' id='word_1_633' title='bbox 1509 4366 1568 4421; x_wconf 92' lang='lat' dir='ltr'>in</span> <span class='ocrx_word' id='word_1_634' title='bbox 1614 4371 1717 4422; x_wconf 89' lang='lat' dir='ltr'>tua</span> <span class='ocrx_word' id='word_1_635' title='bbox 1735 4372 1927 4424; x_wconf 87' lang='lat' dir='ltr'>mente</span> <span class='ocrx_word' id='word_1_636' title='bbox 1957 4385 2106 4441; x_wconf 89' lang='lat' dir='ltr'>pura</span> <span class='ocrx_word' id='word_1_637' title='bbox 2210 4362 2505 4417; x_wconf 89' lang='lat' dir='ltr'>incurrere</span> <span class='ocrx_word' id='word_1_638' title='bbox 2552 4358 2873 4432; x_wconf 90' lang='lat' dir='ltr'>periculum</span> <span class='ocrx_word' id='word_1_639' title='bbox 2919 4359 3241 4430; x_wconf 85' lang='lat' dir='ltr'>homicidii,</span> <span class='ocrx_word' id='word_1_640' title='bbox 3274 4362 3631 4436; x_wconf 88' lang='lat' dir='ltr'>territusque</span> <span class='ocrx_word' id='word_1_641' title='bbox 3661 4362 3860 4418; x_wconf 90' lang='lat' dir='ltr'>audita</span> 
     </span>
    </p>
   </div>
   <div class='ocr_carea' id='block_1_79' title="bbox 444 4446 3860 4529">
    <p class='ocr_par' dir='ltr' id='par_1_79' title="bbox 444 4446 3860 4529">
     <span class='ocr_line' id='line_1_79' title="bbox 444 4446 3860 4529; baseline 0.001 -26"><span class='ocrx_word' id='word_1_642' title='bbox 444 4448 781 4520; x_wconf 87' lang='lat' dir='ltr'>jucundum</span> <span class='ocrx_word' id='word_1_643' title='bbox 802 4449 918 4504; x_wconf 92' lang='lat' dir='ltr'>Deo</span> <span class='ocrx_word' id='word_1_644' title='bbox 940 4451 1862 4523; x_wconf 54' lang='lat' dir='ltr'>praeparastihabitaculumﬁon</span> <span class='ocrx_word' id='word_1_645' title='bbox 1879 4460 2108 4529; x_wconf 80' lang='lat' dir='ltr'>Oportet</span> <span class='ocrx_word' id='word_1_646' title='bbox 2211 4447 2505 4505; x_wconf 87' lang='lat' dir='ltr'>sententia</span> <span class='ocrx_word' id='word_1_647' title='bbox 2531 4447 2821 4504; x_wconf 89' lang='lat' dir='ltr'>sermonis</span> <span class='ocrx_word' id='word_1_648' title='bbox 2851 4446 3153 4520; x_wconf 88' lang='lat' dir='ltr'>apostolici</span> <span class='ocrx_word' id='word_1_649' title='bbox 3174 4464 3352 4521; x_wconf 90' lang='lat' dir='ltr'>quam</span> <span class='ocrx_word' id='word_1_650' title='bbox 3386 4447 3860 4522; x_wconf 90' lang='lat' dir='ltr'>retulimus,quia</span> 
     </span>
    </p>
   </div>
   <div class='ocr_carea' id='block_1_80' title="bbox 452 4536 3860 4627">
    <p class='ocr_par' dir='ltr' id='par_1_80' title="bbox 452 4536 3860 4627">
     <span class='ocr_line' id='line_1_80' title="bbox 452 4536 3860 4627; baseline 0.003 -35"><span class='ocrx_word' id='word_1_651' title='bbox 452 4541 590 4610; x_wconf 82' lang='lat' dir='ltr'>ergo</span> <span class='ocrx_word' id='word_1_652' title='bbox 643 4541 914 4595; x_wconf 89' lang='lat' dir='ltr'>sanctum</span> <span class='ocrx_word' id='word_1_653' title='bbox 960 4537 1299 4595; x_wconf 86' lang='lat' dir='ltr'>contristari</span> <span class='ocrx_word' id='word_1_654' title='bbox 1339 4540 1646 4614; x_wconf 88' lang='lat' dir='ltr'>Spiritum,</span> <span class='ocrx_word' id='word_1_655' title='bbox 1708 4546 1880 4617; x_wconf 89' lang='lat' dir='ltr'>cujus</span> <span class='ocrx_word' id='word_1_656' title='bbox 1937 4561 2105 4602; x_wconf 89' lang='lat' dir='ltr'>mens</span> <span class='ocrx_word' id='word_1_657' title='bbox 2133 4560 2182 4627; x_wconf 82' lang='lat' dir='ltr'><strong>D</strong></span> <span class='ocrx_word' id='word_1_658' title='bbox 2212 4554 2329 4594; x_wconf 78' lang='lat' dir='ltr'>non</span> <span class='ocrx_word' id='word_1_659' title='bbox 2354 4540 2582 4627; x_wconf 55' lang='grc' dir='ltr'>οροςιθι</span> <span class='ocrx_word' id='word_1_660' title='bbox 2626 4539 2900 4627; x_wconf 61' lang='grc' dir='ltr'>θαηῢῑυφ</span> <span class='ocrx_word' id='word_1_661' title='bbox 2949 4536 3284 4627; x_wconf 55' lang='grc' dir='ltr'>(ξοξξῒιτὶεῐθιΐί</span> <span class='ocrx_word' id='word_1_662' title='bbox 3332 4538 3639 4610; x_wconf 73' lang='lat' dir='ltr'>Spiritum.</span> <span class='ocrx_word' id='word_1_663' title='bbox 3688 4540 3860 4612; x_wconf 68' lang='lat' dir='ltr'>cuius</span> 
     </span>
    </p>
   </div>
   <div class='ocr_carea' id='block_1_81' title="bbox 451 4626 2102 4703">
    <p class='ocr_par' dir='ltr' id='par_1_81' title="bbox 451 4626 2102 4703">
     <span class='ocr_line' id='line_1_81' title="bbox 451 4626 2102 4703; baseline 0.006 -23"><span class='ocrx_word' id='word_1_664' title='bbox 451 4626 669 4698; x_wconf 73' lang='lat' dir='ltr'>pudica</span> <span class='ocrx_word' id='word_1_665' title='bbox 715 4626 974 4683; x_wconf 90' lang='lat' dir='ltr'>creditur</span> <span class='ocrx_word' id='word_1_666' title='bbox 1020 4642 1153 4683; x_wconf 86' lang='lat' dir='ltr'>esse</span> <span class='ocrx_word' id='word_1_667' title='bbox 1201 4629 1548 4685; x_wconf 90' lang='lat' dir='ltr'>sacrarium.</span> <span class='ocrx_word' id='word_1_668' title='bbox 1599 4631 1915 4703; x_wconf 88' lang='lat' dir='ltr'>Apostolus</span> <span class='ocrx_word' id='word_1_669' title='bbox 1945 4633 2102 4690; x_wconf 90' lang='lat' dir='ltr'>enim</span> 
     </span>
    </p>
   </div>
   <div class='ocr_carea' id='block_1_82' title="bbox 452 4713 2102 4795">
    <p class='ocr_par' dir='ltr' id='par_1_82' title="bbox 452 4713 2102 4795">
     <span class='ocr_line' id='line_1_82' title="bbox 452 4713 2102 4795; baseline 0.006 -26"><span class='ocrx_word' id='word_1_670' title='bbox 452 4713 615 4783; x_wconf 88' lang='lat' dir='ltr'>dicit,</span> <span class='ocrx_word' id='word_1_671' title='bbox 665 4715 807 4787; x_wconf 90' lang='lat' dir='ltr'>quia</span> <span class='ocrx_word' id='word_1_672' title='bbox 854 4719 1013 4771; x_wconf 88' lang='lat' dir='ltr'>caste</span> <span class='ocrx_word' id='word_1_673' title='bbox 1057 4714 1314 4773; x_wconf 88' lang='lat' dir='ltr'>viventes</span> <span class='ocrx_word' id='word_1_674' title='bbox 1369 4717 1590 4791; x_wconf 88' lang='lat' dir='ltr'>templa</span> <span class='ocrx_word' id='word_1_675' title='bbox 1646 4725 1788 4776; x_wconf 90' lang='lat' dir='ltr'>sunt</span> <span class='ocrx_word' id='word_1_676' title='bbox 1846 4721 2102 4795; x_wconf 89' lang='lat' dir='ltr'>Spiritus</span> 
     </span>
    </p>
   </div>
   <div class='ocr_carea' id='block_1_83' title="bbox 453 4802 2102 4881">
    <p class='ocr_par' dir='ltr' id='par_1_83' title="bbox 453 4802 2102 4881">
     <span class='ocr_line' id='line_1_83' title="bbox 453 4802 2102 4881; baseline 0.005 -23"><span class='ocrx_word' id='word_1_677' title='bbox 453 4802 643 4859; x_wconf 90' lang='lat' dir='ltr'>sancti</span> <span class='ocrx_word' id='word_1_678' title='bbox 674 4803 723 4877; x_wconf 90' lang='lat' dir='ltr'>(I</span> <span class='ocrx_word' id='word_1_679' title='bbox 748 4802 871 4860; x_wconf 84' lang='lat' dir='ltr'>Cor.</span> <span class='ocrx_word' id='word_1_680' title='bbox 912 4803 1034 4875; x_wconf 84' lang='lat' dir='ltr'>xu),</span> <span class='ocrx_word' id='word_1_681' title='bbox 1085 4808 1141 4859; x_wconf 89' lang='lat' dir='ltr'>et</span> <span class='ocrx_word' id='word_1_682' title='bbox 1189 4804 1321 4861; x_wconf 89' lang='lat' dir='ltr'>ideo</span> <span class='ocrx_word' id='word_1_683' title='bbox 1380 4806 1654 4880; x_wconf 90' lang='lat' dir='ltr'>quisquis</span> <span class='ocrx_word' id='word_1_684' title='bbox 1683 4808 1969 4881; x_wconf 88' lang='lat' dir='ltr'>templum</span> <span class='ocrx_word' id='word_1_685' title='bbox 1998 4809 2102 4866; x_wconf 88' lang='lat' dir='ltr'>Dei</span> 
     </span>
    </p>
   </div>
   <div class='ocr_carea' id='block_1_84' title="bbox 449 4891 2102 4967">
    <p class='ocr_par' dir='ltr' id='par_1_84' title="bbox 449 4891 2102 4967">
     <span class='ocr_line' id='line_1_84' title="bbox 449 4891 2102 4967; baseline 0.005 -21"><span class='ocrx_word' id='word_1_686' title='bbox 449 4891 751 4949; x_wconf 87' lang='lat' dir='ltr'>violaverit</span> <span class='ocrx_word' id='word_1_687' title='bbox 774 4893 1073 4967; x_wconf 88' lang='lat' dir='ltr'>disperdet</span> <span class='ocrx_word' id='word_1_688' title='bbox 1119 4892 1288 4949; x_wconf 89' lang='lat' dir='ltr'>illum</span> <span class='ocrx_word' id='word_1_689' title='bbox 1336 4899 1508 4952; x_wconf 91' lang='lat' dir='ltr'>Deus.</span> <span class='ocrx_word' id='word_1_690' title='bbox 1561 4894 1811 4953; x_wconf 87' lang='lat' dir='ltr'>Multum</span> <span class='ocrx_word' id='word_1_691' title='bbox 1839 4901 1930 4954; x_wconf 89' lang='lat' dir='ltr'>est</span> <span class='ocrx_word' id='word_1_692' title='bbox 1955 4898 2016 4954; x_wconf 90' lang='lat' dir='ltr'>in</span> <span class='ocrx_word' id='word_1_693' title='bbox 2045 4903 2102 4955; x_wconf 89' lang='lat' dir='ltr'>te</span> 
     </span>
    </p>
   </div>
   <div class='ocr_carea' id='block_1_85' title="bbox 451 4981 2106 5057">
    <p class='ocr_par' dir='ltr' id='par_1_85' title="bbox 451 4981 2106 5057">
     <span class='ocr_line' id='line_1_85' title="bbox 451 4981 2106 5057; baseline 0.006 -24"><span class='ocrx_word' id='word_1_694' title='bbox 451 4983 819 5038; x_wconf 86' lang='lat' dir='ltr'>venerandus</span> <span class='ocrx_word' id='word_1_695' title='bbox 841 4982 939 5039; x_wconf 89' lang='lat' dir='ltr'>ille</span> <span class='ocrx_word' id='word_1_696' title='bbox 968 4981 1174 5039; x_wconf 82' lang='lat' dir='ltr'>artifex</span> <span class='ocrx_word' id='word_1_697' title='bbox 1193 4984 1595 5056; x_wconf 90' lang='lat' dir='ltr'>summus,qui</span> <span class='ocrx_word' id='word_1_698' title='bbox 1616 4990 1893 5057; x_wconf 90' lang='lat' dir='ltr'>operatur</span> <span class='ocrx_word' id='word_1_699' title='bbox 1906 4988 2106 5043; x_wconf 92' lang='lat' dir='ltr'>omnia</span> 
     </span>
    </p>
   </div>
   <div class='ocr_carea' id='block_1_86' title="bbox 454 5066 2105 5148">
    <p class='ocr_par' dir='ltr' id='par_1_86' title="bbox 454 5066 2105 5148">
     <span class='ocr_line' id='line_1_86' title="bbox 454 5066 2105 5148; baseline 0.006 -28"><span class='ocrx_word' id='word_1_700' title='bbox 454 5066 517 5120; x_wconf 90' lang='lat' dir='ltr'>in</span> <span class='ocrx_word' id='word_1_701' title='bbox 541 5069 836 5138; x_wconf 87' lang='lat' dir='ltr'>omnibus,</span> <span class='ocrx_word' id='word_1_702' title='bbox 868 5072 1134 5128; x_wconf 89' lang='lat' dir='ltr'>dividens</span> <span class='ocrx_word' id='word_1_703' title='bbox 1163 5070 1415 5144; x_wconf 90' lang='lat' dir='ltr'>singulis</span> <span class='ocrx_word' id='word_1_704' title='bbox 1446 5078 1620 5145; x_wconf 90' lang='lat' dir='ltr'>prout</span> <span class='ocrx_word' id='word_1_705' title='bbox 1648 5074 1792 5130; x_wconf 86' lang='lat' dir='ltr'>vult.</span> <span class='ocrx_word' id='word_1_706' title='bbox 1811 5074 1916 5130; x_wconf 88' lang='lat' dir='ltr'>Eia</span> <span class='ocrx_word' id='word_1_707' title='bbox 1941 5075 2105 5148; x_wconf 88' lang='lat' dir='ltr'>virgo</span> 
     </span>
    </p>
   </div>
   <div class='ocr_carea' id='block_1_87' title="bbox 458 5157 2103 5234">
    <p class='ocr_par' dir='ltr' id='par_1_87' title="bbox 458 5157 2103 5234">
     <span class='ocr_line' id='line_1_87' title="bbox 458 5157 2103 5234; baseline 0.006 -25"><span class='ocrx_word' id='word_1_708' title='bbox 458 5159 642 5223; x_wconf 90' lang='lat' dir='ltr'>casta,</span> <span class='ocrx_word' id='word_1_709' title='bbox 674 5157 764 5212; x_wconf 91' lang='lat' dir='ltr'>eia</span> <span class='ocrx_word' id='word_1_710' title='bbox 796 5175 961 5215; x_wconf 86' lang='lat' dir='ltr'>mens</span> <span class='ocrx_word' id='word_1_711' title='bbox 992 5161 1225 5231; x_wconf 90' lang='lat' dir='ltr'>pudica,</span> <span class='ocrx_word' id='word_1_712' title='bbox 1250 5162 1485 5234; x_wconf 90' lang='lat' dir='ltr'>suscipe</span> <span class='ocrx_word' id='word_1_713' title='bbox 1506 5164 1661 5233; x_wconf 92' lang='lat' dir='ltr'>quod</span> <span class='ocrx_word' id='word_1_714' title='bbox 1679 5164 1863 5219; x_wconf 90' lang='lat' dir='ltr'>amori</span> <span class='ocrx_word' id='word_1_715' title='bbox 1888 5168 2103 5219; x_wconf 63' lang='lat' dir='ltr'>aeterno</span> 
     </span>
    </p>
   </div>
   <div class='ocr_carea' id='block_1_88' title="bbox 455 5244 2103 5324">
    <p class='ocr_par' dir='ltr' id='par_1_88' title="bbox 455 5244 2103 5324">
     <span class='ocr_line' id='line_1_88' title="bbox 455 5244 2103 5324; baseline 0.005 -26"><span class='ocrx_word' id='word_1_716' title='bbox 455 5244 758 5317; x_wconf 87' lang='lat' dir='ltr'>proﬁciat;</span> <span class='ocrx_word' id='word_1_717' title='bbox 791 5246 986 5302; x_wconf 84' lang='lat' dir='ltr'>oblata</span> <span class='ocrx_word' id='word_1_718' title='bbox 1004 5248 1219 5303; x_wconf 89' lang='lat' dir='ltr'>etenim</span> <span class='ocrx_word' id='word_1_719' title='bbox 1241 5250 1346 5306; x_wconf 90' lang='lat' dir='ltr'>tibi</span> <span class='ocrx_word' id='word_1_720' title='bbox 1372 5269 1403 5306; x_wconf 90' lang='lat' dir='ltr'>a</span> <span class='ocrx_word' id='word_1_721' title='bbox 1425 5251 1546 5306; x_wconf 90' lang='lat' dir='ltr'>viro</span> <span class='ocrx_word' id='word_1_722' title='bbox 1573 5251 1970 5324; x_wconf 88' lang='lat' dir='ltr'>corruptibilis</span> <span class='ocrx_word' id='word_1_723' title='bbox 1992 5253 2103 5307; x_wconf 90' lang='lat' dir='ltr'>sub</span> 
     </span>
    </p>
   </div>
   <div class='ocr_carea' id='block_1_89' title="bbox 454 5333 2103 5413">
    <p class='ocr_par' dir='ltr' id='par_1_89' title="bbox 454 5333 2103 5413">
     <span class='ocr_line' id='line_1_89' title="bbox 454 5333 2103 5413; baseline 0.004 -24"><span class='ocrx_word' id='word_1_724' title='bbox 454 5333 648 5406; x_wconf 87' lang='lat' dir='ltr'>specie</span> <span class='ocrx_word' id='word_1_725' title='bbox 678 5334 911 5407; x_wconf 88' lang='lat' dir='ltr'>pietatis</span> <span class='ocrx_word' id='word_1_726' title='bbox 941 5336 1293 5392; x_wconf 91' lang='lat' dir='ltr'>munuscula</span> <span class='ocrx_word' id='word_1_727' title='bbox 1315 5339 1608 5410; x_wconf 89' lang='lat' dir='ltr'>projecisti</span> <span class='ocrx_word' id='word_1_728' title='bbox 1642 5357 1656 5396; x_wconf 89' lang='lat'>:</span> <span class='ocrx_word' id='word_1_729' title='bbox 1690 5340 1922 5413; x_wconf 90' lang='lat' dir='ltr'>suscipe</span> <span class='ocrx_word' id='word_1_730' title='bbox 1946 5357 2103 5396; x_wconf 91' lang='lat' dir='ltr'>nunc</span> 
     </span>
    </p>
   </div>
   <div class='ocr_carea' id='block_1_90' title="bbox 525 5458 2102 5531">
    <p class='ocr_par' dir='ltr' id='par_1_90' title="bbox 525 5458 2102 5531">
     <span class='ocr_line' id='line_1_90' title="bbox 525 5458 2102 5531; baseline 0.004 -18"><span class='ocrx_word' id='word_1_731' title='bbox 525 5458 605 5531; x_wconf 78' lang='lat'>(2)</span> <span class='ocrx_word' id='word_1_732' title='bbox 619 5459 974 5516; x_wconf 88' lang='lat' dir='ltr'>Martinuml</span> <span class='ocrx_word' id='word_1_733' title='bbox 996 5458 1267 5531; x_wconf 84' lang='lat' dir='ltr'>designat</span> <span class='ocrx_word' id='word_1_734' title='bbox 1285 5461 1541 5519; x_wconf 87' lang='lat' dir='ltr'>Ecclesia</span> <span class='ocrx_word' id='word_1_735' title='bbox 1556 5463 2102 5531; x_wconf 87' lang='lat' dir='ltr'>San-Quintinensis</span> 
     </span>
    </p>
   </div>
   <div class='ocr_carea' id='block_1_91' title="bbox 450 5527 2101 5607">
    <p class='ocr_par' dir='ltr' id='par_1_91' title="bbox 450 5527 2101 5607">
     <span class='ocr_line' id='line_1_91' title="bbox 450 5527 2101 5607; baseline 0.005 -24"><span class='ocrx_word' id='word_1_736' title='bbox 450 5527 515 5607; x_wconf 80' lang='lat' dir='ltr'>in</span> <span class='ocrx_word' id='word_1_737' title='bbox 536 5527 871 5607; x_wconf 34' lang='lat' dir='ltr'>lectioni];</span> <span class='ocrx_word' id='word_1_738' title='bbox 901 5527 1372 5607; x_wconf 65' lang='lat' dir='ltr'>lirevia_rii.Quod</span> <span class='ocrx_word' id='word_1_739' title='bbox 1398 5535 1635 5604; x_wconf 89' lang='lat' dir='ltr'>quidem</span> <span class='ocrx_word' id='word_1_740' title='bbox 1671 5527 1825 5593; x_wconf 73' lang='lat' dir='ltr'>stare</span> <span class='ocrx_word' id='word_1_741' title='bbox 1846 5552 1962 5591; x_wconf 89' lang='lat' dir='ltr'>non</span> <span class='ocrx_word' id='word_1_742' title='bbox 1994 5553 2101 5607; x_wconf 91' lang='lat' dir='ltr'>po-</span> 
     </span>
    </p>
   </div>
   <div class='ocr_carea' id='block_1_92' title="bbox 448 5600 2099 5681">
    <p class='ocr_par' dir='ltr' id='par_1_92' title="bbox 448 5600 2099 5681">
     <span class='ocr_line' id='line_1_92' title="bbox 448 5600 2099 5681; baseline 0.005 -25"><span class='ocrx_word' id='word_1_743' title='bbox 448 5600 607 5672; x_wconf 88' lang='lat' dir='ltr'>terit,</span> <span class='ocrx_word' id='word_1_744' title='bbox 642 5602 754 5659; x_wconf 83' lang='lat' dir='ltr'>nisi</span> <span class='ocrx_word' id='word_1_745' title='bbox 782 5602 1002 5678; x_wconf 85' lang='lat' dir='ltr'>Eligius</span> <span class='ocrx_word' id='word_1_746' title='bbox 1021 5602 1370 5677; x_wconf 89' lang='lat' dir='ltr'>priusquam</span> <span class='ocrx_word' id='word_1_747' title='bbox 1392 5600 1548 5662; x_wconf 75' lang='lat' dir='ltr'>esset</span> <span class='ocrx_word' id='word_1_748' title='bbox 1567 5608 1875 5681; x_wconf 86' lang='lat' dir='ltr'>episcopus</span> <span class='ocrx_word' id='word_1_749' title='bbox 1906 5600 2099 5665; x_wconf 74' lang='lat' dir='ltr'>Hune-</span> 
     </span>
    </p>
   </div>
   <div class='ocr_carea' id='block_1_93' title="bbox 2212 4624 3855 4698">
    <p class='ocr_par' dir='ltr' id='par_1_93' title="bbox 2212 4624 3855 4698">
     <span class='ocr_line' id='line_1_93' title="bbox 2212 4624 3855 4698; baseline 0.001 -16"><span class='ocrx_word' id='word_1_750' title='bbox 2212 4630 2419 4682; x_wconf 90' lang='lat' dir='ltr'>sancta</span> <span class='ocrx_word' id='word_1_751' title='bbox 2439 4624 2601 4698; x_wconf 86' lang='lat' dir='ltr'>virgo</span> <span class='ocrx_word' id='word_1_752' title='bbox 2651 4629 2778 4683; x_wconf 91' lang='lat' dir='ltr'>erat</span> <span class='ocrx_word' id='word_1_753' title='bbox 2824 4624 3209 4695; x_wconf 90' lang='lat' dir='ltr'>domicilium,</span> <span class='ocrx_word' id='word_1_754' title='bbox 3253 4627 3428 4698; x_wconf 83' lang='lat' dir='ltr'>juxta</span> <span class='ocrx_word' id='word_1_755' title='bbox 3458 4627 3619 4683; x_wconf 91' lang='lat' dir='ltr'>Pauli</span> <span class='ocrx_word' id='word_1_756' title='bbox 3659 4643 3855 4683; x_wconf 90' lang='lat' dir='ltr'>vocem</span> 
     </span>
    </p>
   </div>
   <div class='ocr_carea' id='block_1_94' title="bbox 2213 4713 3857 4789">
    <p class='ocr_par' dir='ltr' id='par_1_94' title="bbox 2213 4713 3857 4789">
     <span class='ocr_line' id='line_1_94' title="bbox 2213 4713 3857 4789; baseline 0.001 -18"><span class='ocrx_word' id='word_1_757' title='bbox 2213 4716 2314 4772; x_wconf 91' lang='lat' dir='ltr'>ubi</span> <span class='ocrx_word' id='word_1_758' title='bbox 2347 4713 2671 4786; x_wconf 90' lang='lat' dir='ltr'>dicit,quod</span> <span class='ocrx_word' id='word_1_759' title='bbox 2704 4717 2861 4770; x_wconf 88' lang='lat' dir='ltr'>caste</span> <span class='ocrx_word' id='word_1_760' title='bbox 2888 4713 3145 4770; x_wconf 90' lang='lat' dir='ltr'>viventes</span> <span class='ocrx_word' id='word_1_761' title='bbox 3174 4713 3396 4787; x_wconf 88' lang='lat' dir='ltr'>templa</span> <span class='ocrx_word' id='word_1_762' title='bbox 3425 4720 3566 4771; x_wconf 90' lang='lat' dir='ltr'>sunt</span> <span class='ocrx_word' id='word_1_763' title='bbox 3601 4714 3857 4789; x_wconf 90' lang='lat' dir='ltr'>Spiritus</span> 
     </span>
    </p>
   </div>
   <div class='ocr_carea' id='block_1_95' title="bbox 2214 4801 3905 4877">
    <p class='ocr_par' dir='ltr' id='par_1_95' title="bbox 2214 4801 3905 4877">
     <span class='ocr_line' id='line_1_95' title="bbox 2214 4801 3905 4877; baseline 0.001 -16"><span class='ocrx_word' id='word_1_764' title='bbox 2214 4805 2403 4861; x_wconf 91' lang='lat' dir='ltr'>sancti</span> <span class='ocrx_word' id='word_1_765' title='bbox 2434 4804 2481 4877; x_wconf 86' lang='grc' dir='ltr'>(Ι</span> <span class='ocrx_word' id='word_1_766' title='bbox 2512 4803 2633 4860; x_wconf 80' lang='lat' dir='ltr'>Cor.</span> <span class='ocrx_word' id='word_1_767' title='bbox 2664 4802 2750 4876; x_wconf 76' lang='grc' dir='ltr'>ιιι)</span> <span class='ocrx_word' id='word_1_768' title='bbox 2780 4818 2793 4858; x_wconf 91' lang='lat'><strong>:</strong></span> <span class='ocrx_word' id='word_1_769' title='bbox 2828 4801 3075 4876; x_wconf 88' lang='lat' dir='ltr'>ideoque</span> <span class='ocrx_word' id='word_1_770' title='bbox 3105 4802 3377 4876; x_wconf 89' lang='lat' dir='ltr'>quisquis</span> <span class='ocrx_word' id='word_1_771' title='bbox 3421 4802 3709 4877; x_wconf 88' lang='lat' dir='ltr'>templum</span> <span class='ocrx_word' id='word_1_772' title='bbox 3754 4804 3857 4860; x_wconf 92' lang='lat' dir='ltr'>Dei</span> <span class='ocrx_word' id='word_1_773' title='bbox 3884 4848 3905 4863; x_wconf 50' lang='grc' dir='ltr'><strong>χ</strong></span> 
     </span>
    </p>
   </div>
   <div class='ocr_carea' id='block_1_96' title="bbox 2213 4891 3860 4966">
    <p class='ocr_par' dir='ltr' id='par_1_96' title="bbox 2213 4891 3860 4966">
     <span class='ocr_line' id='line_1_96' title="bbox 2213 4891 3860 4966; baseline 0.001 -18"><span class='ocrx_word' id='word_1_774' title='bbox 2213 4892 2427 4949; x_wconf 90' lang='lat' dir='ltr'>violare</span> <span class='ocrx_word' id='word_1_775' title='bbox 2452 4891 2779 4960; x_wconf 87' lang='lat' dir='ltr'>tentaverit,</span> <span class='ocrx_word' id='word_1_776' title='bbox 2812 4891 3109 4965; x_wconf 90' lang='lat' dir='ltr'>disperdet</span> <span class='ocrx_word' id='word_1_777' title='bbox 3135 4891 3304 4948; x_wconf 91' lang='lat' dir='ltr'>illum</span> <span class='ocrx_word' id='word_1_778' title='bbox 3334 4892 3860 4966; x_wconf 83' lang='lat' dir='ltr'>Deus,p(enitentia</span> 
     </span>
    </p>
   </div>
   <div class='ocr_carea' id='block_1_97' title="bbox 2215 4982 3859 5056">
    <p class='ocr_par' dir='ltr' id='par_1_97' title="bbox 2215 4982 3859 5056">
     <span class='ocr_line' id='line_1_97' title="bbox 2215 4982 3859 5056; baseline 0.001 -18"><span class='ocrx_word' id='word_1_779' title='bbox 2215 4984 2428 5039; x_wconf 91' lang='lat' dir='ltr'>ductus</span> <span class='ocrx_word' id='word_1_780' title='bbox 2457 4999 2573 5038; x_wconf 94' lang='lat' dir='ltr'>non</span> <span class='ocrx_word' id='word_1_781' title='bbox 2594 4986 2684 5038; x_wconf 92' lang='lat' dir='ltr'>est</span> <span class='ocrx_word' id='word_1_782' title='bbox 2701 4997 2831 5038; x_wconf 90' lang='lat' dir='ltr'>eam</span> <span class='ocrx_word' id='word_1_783' title='bbox 2858 4996 3039 5039; x_wconf 90' lang='lat' dir='ltr'>ausus</span> <span class='ocrx_word' id='word_1_784' title='bbox 3058 4982 3393 5056; x_wconf 88' lang='lat' dir='ltr'>contingere</span> <span class='ocrx_word' id='word_1_785' title='bbox 3408 4982 3859 5040; x_wconf 89' lang='lat' dir='ltr'>diutius.Missis</span> 
     </span>
    </p>
   </div>
   <div class='ocr_carea' id='block_1_98' title="bbox 2214 5070 3858 5144">
    <p class='ocr_par' dir='ltr' id='par_1_98' title="bbox 2214 5070 3858 5144">
     <span class='ocr_line' id='line_1_98' title="bbox 2214 5070 3858 5144; baseline 0 -18"><span class='ocrx_word' id='word_1_786' title='bbox 2214 5071 2413 5144; x_wconf 88' lang='lat' dir='ltr'>itaque</span> <span class='ocrx_word' id='word_1_787' title='bbox 2434 5070 2947 5138; x_wconf 88' lang='lat' dir='ltr'>nuntiis,sanctam</span> <span class='ocrx_word' id='word_1_788' title='bbox 2970 5070 3256 5143; x_wconf 87' lang='lat' dir='ltr'>virginem</span> <span class='ocrx_word' id='word_1_789' title='bbox 3278 5070 3495 5141; x_wconf 90' lang='lat' dir='ltr'>sprevit</span> <span class='ocrx_word' id='word_1_790' title='bbox 3515 5086 3550 5125; x_wconf 90' lang='lat' dir='ltr'>a</span> <span class='ocrx_word' id='word_1_791' title='bbox 3564 5071 3858 5126; x_wconf 90' lang='lat' dir='ltr'>consortio</span> 
     </span>
    </p>
   </div>
   <div class='ocr_carea' id='block_1_99' title="bbox 2212 5156 3856 5231">
    <p class='ocr_par' dir='ltr' id='par_1_99' title="bbox 2212 5156 3856 5231">
     <span class='ocr_line' id='line_1_99' title="bbox 2212 5156 3856 5231; baseline -0.001 -15"><span class='ocrx_word' id='word_1_792' title='bbox 2212 5164 2271 5216; x_wconf 94' lang='lat' dir='ltr'>et</span> <span class='ocrx_word' id='word_1_793' title='bbox 2301 5178 2336 5216; x_wconf 90' lang='lat' dir='ltr'>a</span> <span class='ocrx_word' id='word_1_794' title='bbox 2367 5160 2647 5216; x_wconf 89' lang='lat' dir='ltr'>comitatu</span> <span class='ocrx_word' id='word_1_795' title='bbox 2676 5176 2796 5215; x_wconf 67' lang='lat' dir='ltr'>suae</span> <span class='ocrx_word' id='word_1_796' title='bbox 2827 5160 3191 5228; x_wconf 90' lang='lat' dir='ltr'>reversionis,</span> <span class='ocrx_word' id='word_1_797' title='bbox 3225 5157 3641 5231; x_wconf 86' lang='lat' dir='ltr'>derelinquens</span> <span class='ocrx_word' id='word_1_798' title='bbox 3692 5156 3856 5215; x_wconf 89' lang='lat' dir='ltr'>illam</span> 
     </span>
    </p>
   </div>
   <div class='ocr_carea' id='block_1_100' title="bbox 2213 5245 3859 5321">
    <p class='ocr_par' dir='ltr' id='par_1_100' title="bbox 2213 5245 3859 5321">
     <span class='ocr_line' id='line_1_100' title="bbox 2213 5245 3859 5321; baseline -0.003 -16"><span class='ocrx_word' id='word_1_799' title='bbox 2213 5249 2399 5305; x_wconf 90' lang='lat' dir='ltr'>solam</span> <span class='ocrx_word' id='word_1_800' title='bbox 2428 5250 2522 5304; x_wconf 89' lang='lat' dir='ltr'>via</span> <span class='ocrx_word' id='word_1_801' title='bbox 2551 5248 2806 5321; x_wconf 89' lang='lat' dir='ltr'>publica,</span> <span class='ocrx_word' id='word_1_802' title='bbox 2830 5254 2888 5305; x_wconf 91' lang='lat' dir='ltr'>et</span> <span class='ocrx_word' id='word_1_803' title='bbox 2913 5246 3265 5304; x_wconf 89' lang='lat' dir='ltr'>subtrahens</span> <span class='ocrx_word' id='word_1_804' title='bbox 3285 5245 3369 5301; x_wconf 93' lang='lat' dir='ltr'>illi</span> <span class='ocrx_word' id='word_1_805' title='bbox 3392 5247 3593 5302; x_wconf 89' lang='lat' dir='ltr'>omnia</span> <span class='ocrx_word' id='word_1_806' title='bbox 3612 5246 3686 5302; x_wconf 89' lang='lat' dir='ltr'>ad</span> <span class='ocrx_word' id='word_1_807' title='bbox 3710 5245 3859 5301; x_wconf 90' lang='lat' dir='ltr'>tanti</span> 
     </span>
    </p>
   </div>
   <div class='ocr_carea' id='block_1_101' title="bbox 2211 5333 3855 5422">
    <p class='ocr_par' dir='ltr' id='par_1_101' title="bbox 2211 5333 3855 5422">
     <span class='ocr_line' id='line_1_101' title="bbox 2211 5333 3855 5422; baseline -0.002 -29"><span class='ocrx_word' id='word_1_808' title='bbox 2211 5337 2439 5395; x_wconf 89' lang='lat' dir='ltr'>itineris</span> <span class='ocrx_word' id='word_1_809' title='bbox 2468 5337 2815 5394; x_wconf 85' lang='lat' dir='ltr'>necessaria.</span> <span class='ocrx_word' id='word_1_810' title='bbox 2851 5337 3080 5422; x_wconf 75' lang='lat' dir='ltr'>Privata</span> <span class='ocrx_word' id='word_1_811' title='bbox 3111 5334 3271 5409; x_wconf 88' lang='lat' dir='ltr'>virgo</span> <span class='ocrx_word' id='word_1_812' title='bbox 3315 5334 3575 5392; x_wconf 90' lang='lat' dir='ltr'>humano</span> <span class='ocrx_word' id='word_1_813' title='bbox 3624 5333 3855 5403; x_wconf 86' lang='lat' dir='ltr'>solatio,</span> 
     </span>
    </p>
   </div>
   <div class='ocr_carea' id='block_1_102' title="bbox 2254 5452 3859 5521">
    <p class='ocr_par' dir='ltr' id='par_1_102' title="bbox 2254 5452 3859 5521">
     <span class='ocr_line' id='line_1_102' title="bbox 2254 5452 3859 5521; baseline -0.003 -1"><span class='ocrx_word' id='word_1_814' title='bbox 2254 5466 2468 5521; x_wconf 91' lang='lat' dir='ltr'>undem</span> <span class='ocrx_word' id='word_1_815' title='bbox 2499 5464 2570 5520; x_wconf 90' lang='lat' dir='ltr'>de</span> <span class='ocrx_word' id='word_1_816' title='bbox 2601 5479 2767 5520; x_wconf 88' lang='lat' dir='ltr'>sacro</span> <span class='ocrx_word' id='word_1_817' title='bbox 2792 5462 2950 5517; x_wconf 83' lang='lat' dir='ltr'>fonte</span> <span class='ocrx_word' id='word_1_818' title='bbox 2991 5452 3284 5518; x_wconf 83' lang='lat' dir='ltr'>levaverit.</span> <span class='ocrx_word' id='word_1_819' title='bbox 3329 5462 3477 5517; x_wconf 84' lang='lat' dir='ltr'>Ante</span> <span class='ocrx_word' id='word_1_820' title='bbox 3526 5460 3686 5517; x_wconf 91' lang='lat' dir='ltr'>enim</span> <span class='ocrx_word' id='word_1_821' title='bbox 3732 5458 3859 5516; x_wconf 88' lang='lat' dir='ltr'>sedi</span> 
     </span>
    </p>
   </div>
   <div class='ocr_carea' id='block_1_103' title="bbox 2262 5531 3858 5609">
    <p class='ocr_par' dir='ltr' id='par_1_103' title="bbox 2262 5531 3858 5609">
     <span class='ocr_line' id='line_1_103' title="bbox 2262 5531 3858 5609; baseline -0.002 -17"><span class='ocrx_word' id='word_1_822' title='bbox 2262 5536 2580 5592; x_wconf 91' lang='lat' dir='ltr'>oviomensi</span> <span class='ocrx_word' id='word_1_823' title='bbox 2629 5533 2860 5609; x_wconf 70' lang='lat' dir='ltr'>prefuit</span> <span class='ocrx_word' id='word_1_824' title='bbox 2898 5532 3117 5606; x_wconf 84' lang='lat' dir='ltr'>Eligius</span> <span class='ocrx_word' id='word_1_825' title='bbox 3165 5548 3343 5607; x_wconf 84' lang='lat' dir='ltr'>quam</span> <span class='ocrx_word' id='word_1_826' title='bbox 3399 5532 3689 5590; x_wconf 88' lang='lat' dir='ltr'>Martinus</span> <span class='ocrx_word' id='word_1_827' title='bbox 3743 5531 3858 5591; x_wconf 78' lang='lat' dir='ltr'>Ro-</span> 
     </span>
    </p>
   </div>
   <div class='ocr_carea' id='block_1_104' title="bbox 2215 5623 2423 5665">
    <p class='ocr_par' dir='ltr' id='par_1_104' title="bbox 2215 5623 2423 5665">
     <span class='ocr_line' id='line_1_104' title="bbox 2215 5623 2423 5665; baseline -0.01 0"><span class='ocrx_word' id='word_1_828' title='bbox 2215 5623 2423 5665; x_wconf 65' lang='lat' dir='ltr'>manes.</span> 
     </span>
    </p>
   </div>
  </div>
