4148 6184
286 274 366 332 5-7

1509 274 1618 334 DE
1656 272 1842 333 VlTA
1888 271 1954 331 S.
2003 269 2533 338 HUNEGUNDIS.

3677 273 3759 340 58

287 406 472 477 ccepit
490 404 744 460 viriliter
775 421 947 477 agere
977 409 1033 459 et
1063 406 1381 462 conlortari
1403 407 1462 462 in
1485 404 1956 471 Domino,dicens
2076 401 2229 457 malo
2262 418 2398 457 eum
2429 404 2841 471 custodivit,ne
2865 399 3133 473 peccaret
3163 396 3228 451 in
3275 406 3551 460 sanctam
3580 409 3761 482 virgi-

289 493 398 548 illa
433 493 891 565 Psalmographi
926 493 1154 548 cantica

284 583 443 638 nihil
472 583 620 637 mihi
639 582 933 649 decerit,in
965 583 1077 638 loco
1099 600 1320 654 pascuae
1342 586 1418 639 ibi
1434 601 1520 639 me
1541 584 1833 648 collocavit,
1867 588 1964 636 etc.

287 673 472 740 (Psal.
505 671 670 741 xxn).
708 670 1012 726 Deduxisti
1065 672 1228 726 enim
1271 690 1362 727 me
1393 672 1450 726 in
1502 677 1733 744 portum
1765 669 1966 725 volun-

285 762 433 816 tatis
466 766 582 815 tuze
617 777 630 814 :
660 759 1068 814 misericordia
1099 765 1222 826 tua,
1259 761 1503 826 Christe,
1539 762 1774 816 obsecro
1822 776 1966 830 pree-

289 851 487 916 cedat,
523 855 582 904 et
608 849 1012 920 subsequatur
1045 865 1160 914 me,
1197 852 1261 902 ut
1294 867 1517 904 merear
1546 849 1844 920 pervenire
1893 847 1964 902 ad

289 944 572 1012 optatum
604 937 912 992 servitium
938 943 1156 991 sancta:
1188 938 1430 1010 virginis
1462 939 1759 994 Marize.Et
1790 941 1854 992 ut
1885 937 1970 990 in-

287 1029 571 1084 habitare
594 1026 821 1082 valeam
849 1026 904 1080 in
931 1025 1310 1082 tabernaculo
1339 1031 1440 1082 tuo
1481 1028 1539 1081 in
1581 1025 1812 1094 saecula,
1842 1042 1967 1098 pro-

287 1123 468 1191 tegar
497 1133 641 1189 rogo
676 1116 734 1169 in
766 1113 1101 1170 velamento
1133 1114 1362 1171 alarum
1396 1121 1654 1171 tuarum.

369 1206 459 1260 12.
497 1205 684 1276 Igitur
712 1204 825 1258 hac
857 1202 1087 1274 expleta
1112 1205 1396 1272 oratione,
1448 1207 1623 1277 cmpit
1671 1202 1794 1259 sola
1845 1219 1974 1275 pro-

291 1293 506 1358 ﬁcisci,
543 1296 601 1348 et
632 1293 705 1348 ad
739 1292 1101 1347 voluntatem
1155 1293 1255 1347 Dei
1306 1293 1524 1349 Gallias
1574 1310 1851 1363 remeare,
1886 1295 1974 1350 lu-

290 1388 502 1439 strans
534 1382 702 1436 devia
751 1385 811 1436 et
859 1381 1077 1452 pervia,
1113 1386 1289 1450 atque
1313 1399 1558 1452 poscens
1597 1384 1707 1438 sibi
1742 1401 1974 1457 semper

290 1472 503 1528 adfore
533 1473 878 1524 sanctorum
916 1470 1209 1539 praesidia,
1244 1469 1518 1526 derelicta
1548 1472 1838 1543 siquidem
1871 1473 1974 1528 hu-

295 1575 479 1615 mano
513 1557 746 1626 solatio,
781 1558 885 1612 sed
921 1557 1162 1612 suffulta
1189 1563 1245 1612 et
1275 1563 1535 1629 protecta
1553 1560 1769 1616 Christi
1801 1560 1977 1616 comi-

296 1653 464 1704 tante
495 1647 709 1720 gratia.
734 1647 874 1700 Erat
906 1663 1168 1718 namque
1201 1663 1448 1718 pergens
1479 1648 1536 1702 in
1570 1648 1971 1720 itinere,quasi

285 1739 422 1809 jam
456 1738 681 1808 degens
713 1735 826 1790 sub
861 1735 1187 1788 monastieo
1222 1735 1522 1806 regimine,
1556 1737 1642 1791 vel
1686 1741 1752 1793 ut
1781 1737 1972 1791 dicam

297 1825 688 1896 altius,quasi
718 1827 964 1879 sanctus
995 1822 1307 1878 eremicola
1338 1825 1568 1879 Christo
1591 1825 1885 1881 famulans
1907 1815 1996 1881 in"

298 1919 537 1970 remota
558 1914 739 1969 eremi
763 1912 1104 1968 solitudine.
1131 1912 1346 1967 Diebus
1369 1913 1585 1984 quippe
1608 1915 1771 1969 festis
1797 1919 1968 1970 utens

300 2020 458 2076 pane
491 2001 616 2058 solo
650 2007 707 2056 et
729 2018 887 2073 aqua
907 2000 1276 2072 parcis-sima,
1309 2001 1548 2073 reliquis
1580 2019 1728 2074 pane
1767 2004 1971 2060 cineri-

301 2093 420 2146 bus
439 2090 756 2148 commisto
774 2095 831 2144 et
849 2089 1167 2144 herbarum
1189 2090 1579 2162 arborumque
1602 2092 1969 2162 pastionibus

303 2182 610 2237 defessum
641 2177 938 2234 refovebat
969 2178 1408 2250 corpusculum.
1454 2179 1616 2234 Unde
1665 2181 1821 2252 quod
1869 2198 1972 2253 per

305 2273 580 2326 sanctam
619 2266 908 2339 virginem
943 2266 1231 2320 Dominus
1281 2266 1556 2338 dignatus
1607 2272 1697 2324 est
1742 2271 1969 2342 operari

305 2355 689 2421 miraculum,
722 2371 838 2410 non
887 2358 978 2408 est
1027 2357 1225 2408 nostro
1258 2353 1489 2410 silentio
1520 2359 1967 2414 transeundum.

360 2441 1200 2516 13.CumprazdictusEudalus
1231 2442 1416 2499 nimia
1438 2444 1837 2518 indignatione
1859 2452 1972 2503 sto-

307 2535 626 2592 machatus
649 2550 712 2589 se
741 2537 1144 2604 contemptum
1173 2533 1330 2586 omni
1356 2533 1547 2589 modis
1567 2535 1968 2607 comperisset,

306 2633 369 2680 et
393 2627 453 2679 in
474 2627 745 2679 sanctam
765 2621 1053 2694 virginem
1065 2619 1238 2675 vellet
1260 2621 1358 2676 sed
1383 2639 1498 2676 non
1521 2624 1761 2677 auderet
1777 2622 1972 2696 gladio

316 2717 650 2785 insurgere,
683 2714 922 2782 accepto
955 2709 1198 2764 consilio
1230 2726 1264 2763 a
1295 2710 1550 2780 quodam
1574 2727 1748 2783 quem
1770 2729 1972 2768 secum

309 2805 565 2859 duxerat
595 2799 822 2855 itineris
853 2799 1102 2865 socium,
1138 2798 1360 2854 concite
1411 2799 1481 2853 ad
1531 2805 1835 2872 paternam
1882 2818 1970 2858 re-

313 2907 518 2947 meare
539 2888 832 2961 disposuit
845 2887 1972 2952 haereditatem,vendensetdistribuens

313 2996 586 3045 onerosa,
621 2980 687 3032 ut
714 2977 890 3031 citius
933 2976 1382 3047 transmigraret
1431 2977 1499 3030 ad
1547 2979 1802 3049 propria.
1852 2978 1972 3035 Hoc

314 3070 527 3140 utique
557 3069 920 3138 pertractans
945 3063 1210 3119 volvebat
1239 3064 1298 3117 in
1332 3063 1622 3130 animo,ut
1642 3067 1840 3121 omnia
1869 3085 1971 3139 pa-

1202 511 1215 548 :
1268 497 1530 551 Dominus
1577 496 1748 567 pascit
1791 507 1876 546 me
1920 475 2006 546 eti

2079 495 2298 555 nem,et
2329 491 2620 547 furentem
2652 493 2711 547 in
2743 489 3074 547 reversione
3099 501 3225 540 non
3249 493 3533 560 permisit
3553 498 3764 557 merito

2078 580 2443 634 occumbere.
2477 581 2698 654 Dignos
2729 579 2908 653 igitur
2937 579 3180 632 fructus
3213 583 3586 649 poenitentiae
3637 606 3766 662 per-

2078 683 2256 738 agens
2279 685 2456 739 super
2475 668 2570 725 his
2597 686 2724 740 quae
2747 671 3012 738 gesserat
3033 666 3106 719 in
3132 663 3459 744 virginem,
3475 694 3590 733 non
3615 683 3768 752 pote-

2076 760 2167 809 rat
2197 755 2452 811 invenire
2474 759 2692 828 quibus
2723 754 3002 810 laudibus
3021 769 3173 809 eam
3197 763 3768 840 extolleret,ve1qui«

2076 842 2186 898 bus
2207 845 2553 900 muneribus
2571 847 2700 916 ejus
2727 844 2936 900 faciem
2959 841 3477 921 complacaret,ut
3495 855 3580 910 vel
3602 856 3675 911 ab
3696 872 3764 911 ea

2075 932 2255 986 videri
2305 939 2651 1002 mereretur,
2688 937 2791 988 aut
2840 933 2970 1005 ipsa
3001 949 3122 1006 pro
3153 949 3225 990 eo
3281 958 3480 1012 preces
3527 943 3757 999 Christo

2077 1020 2320 1077 fundere
2338 1023 2973 1095 dignaretur.Tandem
2993 1021 3232 1080 salubri
3249 1034 3473 1100 reperto
3486 1030 3750 1096 consilio,

2079 1110 2458 1182 semetipsum
2478 1111 2539 1166 in
2559 1109 2896 1167 humilitate
2926 1111 3129 1168 cordis
3149 1117 3212 1168 et
3233 1119 3494 1190 corporis
3516 1117 3748 1183 obtulit,

2079 1215 2146 1253 ac
2175 1203 2464 1270 prostrato
2487 1216 2736 1272 corpore
2755 1216 2954 1256 coram
2979 1217 3150 1257 sacro
3179 1203 3351 1260 altari
3383 1205 3482 1260 Dei
3503 1205 3749 1277 genitri-

2081 1288 2165 1344 cis
2196 1288 2388 1343 Marize
2419 1289 2660 1343 veniam
2692 1289 2764 1344 de
2805 1290 3141 1348 commissis
3189 1293 3529 1366 expoposcit
3562 1310 3574 1346 :
3609 1309 3746 1348 con-

2078 1393 2361 1448 versoque
2389 1375 2566 1432 vultu
2598 1392 2714 1447 quo
2747 1379 3042 1434 residebat
3086 1379 3250 1453 virgo
3300 1381 3527 1447 caelebs,
3560 1379 3750 1452 poscit

2082 1466 2193 1522 sibi
2226 1465 2909 1540 misereri,multumque
2931 1474 3217 1541 praecatur
3236 1476 3301 1527 ut
3323 1488 3498 1542 quem
3518 1470 3746 1543 pridem

2080 1553 2343 1610 voluerat
2373 1553 2600 1609 habere
2632 1571 2943 1626 sponsum,
2977 1558 3185 1614 saltem
3227 1564 3366 1614 tunc
3407 1560 3749 1632 dignaretur

2082 1643 2379 1714 suscipere
2409 1658 2672 1698 servum.
2714 1666 2743 1694 ‹‹
2773 1645 3058 1710 Quoniam
3092 1663 3205 1713 me,
3234 1647 3446 1718 inquit,
3481 1649 3552 1702 ad
3584 1648 3746 1716 inju-

2083 1732 2230 1786 riam
2263 1730 2669 1802 corruptibilis
2701 1734 2986 1790 amatoris
3035 1752 3150 1789 non
3202 1736 3604 1807 postposuisti,
3640 1752 3746 1790 nec

2079 1820 2224 1875 mihi
2257 1819 2760 1892 qualemcumque
2788 1839 3101 1894 personam
3132 1828 3428 1894 potentem
3459 1829 3561 1878 aut
3603 1823 3743 1878 infi-

2079 1925 2239 1964 mam
2266 1909 2658 1980 praeposuisti,
2686 1911 2790 1965 sed
2823 1927 3020 1983 regem
3053 1911 3398 1967 smculorum
3431 1917 3487 1966 et
3524 1917 3744 1967 creato-

2077 2014 2204 2053 rem
2234 1997 2502 2052 omnium
2535 1997 2681 2053 mihi
2709 1999 3043 2071 pratulisti,
3070 2000 3295 2070 tibique
3317 2017 3599 2071 sponsum
3624 2016 3738 2054 caa-

2075 2084 2283 2142 lestem
2315 2086 2375 2140 in
2406 2089 2532 2143 toro
2561 2087 2833 2160 virginali
2867 2088 3284 2154 ascivisti,ecce
3317 2092 3532 2143 memet
3561 2093 3739 2160 atque

2080 2192 2213 2231 mea
2240 2179 2539 2247 gratanter
2569 2177 2746 2232 offero
2780 2177 2866 2232 illi
2903 2193 2915 2230 :
2955 2181 3011 2232 et
3042 2193 3170 2247 qua:
3197 2178 3300 2232 tibi
3333 2177 3472 2232 olim
3514 2176 3736 2232 contuli

2065 2263 2318 2342 dotalia,
2351 2265 2515 2320 trade
2543 2283 2761 2338 sponso
2791 2282 2928 2321 vero
2949 2265 3090 2320 Jesu
3112 2265 3342 2321 Christo
3374 2266 3430 2320 in
3465 2282 3734 2322 sororum

2079 2370 2516 2426 egenorumque
2534 2353 3464 2426 alimoniam.Ego,inquam,dum
3497 2354 3734 2411 advixe-

2080 2443 2432 2514 ro,dumque
2453 2460 2665 2516 corpus
2688 2443 2796 2499 hoc
2827 2447 3292 2515 gestavero,tuus
3315 2448 3655 2516 procurator
3672 2443 3730 2497 in

2081 2532 2464 2588 exterioribus
2494 2550 2621 2589 esse
2648 2533 2886 2600 curabo,
2937 2536 2994 2587 et
3039 2537 3171 2603 post
3217 2537 3462 2588 mortem
3496 2537 3748 2589 omnem'

2083 2637 2273 2677 meam
2295 2620 2718 2692 supellcctilem
2739 2638 2872 2676 cum
2893 2621 3067 2676 rebus
3086 2625 3143 2676 et
3166 2622 3476 2692 mancipiis
3497 2638 3600 2692 per
3619 2621 3732 2679 hoc

2082 2710 2448 2767 auctoritatis
2483 2713 2899 2766 testamentum
2922 2710 3337 2780 perpetualiier
3356 2711 3522 2766 trado
3549 2710 3607 2764 in
3631 2709 3731 2768 ho-

2081 2815 2283 2855 norem
2306 2798 2407 2853 Dci
2430 2798 2848 2870 omnipotentis
2865 2802 3039 2868 atque
3059 2803 3273 2854 sanctae
3296 2798 3394 2854 Dei
3419 2798 3731 2856 Genitricis

2079 2887 2380 2959 virginis.»
2405 2887 2476 2942 Et
2497 2888 2851 2942 confirmans
2872 2891 3288 2942 testamentum
3320 2887 3728 2958 hujuscemodi

2079 2994 2218 3033 voce
2247 2975 2444 3047 palam
2476 2977 2751 3032 omnibus
2782 2976 2964 3030 dixit:
2993 2998 3021 3025 «
3043 2976 3172 3031 Haec
3211 2993 3246 3031 a
3275 2991 3368 3031 me
3409 2993 3564 3031 nunc
3604 2995 3730 3033 sus-

2081 3068 2229 3139 cipe,
2272 3065 2432 3137 virgo
2485 3065 2834 3134 castissima,
2886 3081 3200 3138 meumque
3248 3065 3492 3121 cadaver
3529 3065 3587 3119 in
3619 3065 3730 3121 hoc

315 3157 603 3215 trimonia
632 3158 689 3210 et
708 3155 848 3225 jura
884 3153 1257 3208 hzereditaria
1297 3152 1540 3225 virginis
1589 3156 1882 3224 venderet,
1916 3162 1973 3212 et
2001 3143 2045 3212 C
2083 3157 2208 3212 loco
2240 3154 2652 3210 tumulandum
2688 3155 2806 3212 tuis
2835 3155 3108 3227 precibus
3140 3155 3386 3228 impera,
3419 3160 3483 3210 ut
3511 3171 3646 3210 cum
3673 3159 3729 3210 te

316 3265 450 3321 quae
481 3245 855 3300 venderenon
870 3247 1070 3315 posset
1101 3243 1158 3296 in
1193 3241 1444 3296 nihilum
1475 3244 1778 3317 redigeret,
1810 3251 1867 3300 et
1888 3247 1972 3301 sic

320 3335 596 3392 funditus
609 3349 676 3388 ea
687 3349 818 3388 cum
831 3332 990 3387 omni
1015 3331 1359 3403 supellectili
1384 3336 1440 3385 et
1461 3334 1771 3405 mancipiis
1791 3335 1972 3390 extir—

319 3423 722 3499 paret.ltaque
735 3438 869 3476 cum
882 3421 1268 3476 velocissimis
1290 3420 1977 3496 equitibus[equis]cxpe-

319 3517 513 3570 ditam
545 3511 718 3582 ccepit
746 3526 984 3582 carpere
1015 3509 1443 3575 viain,efl'erens
1489 3526 1551 3564 se
1581 3516 1766 3566 totum
1803 3515 1974 3584 perfi-

321 3621 455 3660 cere
487 3602 547 3656 in
583 3617 771 3672 opere,
806 3600 963 3671 quod
995 3598 1132 3653 olim
1165 3597 1367 3654 doloso
1401 3606 1744 3671 conceperat
1779 3604 1973 3658 corde.

323 3692 492 3759 Quod
525 3693 788 3745 sanctam
823 3688 1107 3760 virginem
1151 3704 1523 3758 nequaquam
1557 3687 1732 3745 latere
1765 3692 1975 3761 potuit,

323 3799 455 3853 quae
489 3777 801 3833 Dominum
826 3776 1106 3831 scientem
1132 3775 1330 3830 omnia
1359 3775 1418 3828 in
1450 3777 1643 3831 cordis
1665 3777 1978 3850 hospitiolo

323 3870 520 3925 locare
551 3865 792 3920 curavit.
827 3865 1029 3936 Itaque
1063 3865 1159 3920 Dei
1194 3862 1424 3930 ancilla,
1459 3864 1653 3922 divino
1694 3868 1977 3925 instinctu

323 3961 596 4030 permota
625 3959 796 4026 atque
827 3954 1030 4008 afflatu
1082 3954 1268 4008 sancti
1317 3953 1572 4024 Spiritus
1602 3957 1881 4028 vigorata,
1917 3965 1983 4014 ut

320 4052 451 4101 erat
483 4044 678 4116 pedes,
711 4043 938 4097 cunctis
985 4043 1282 4113 equitibus
1329 4047 1386 4097 et
1433 4044 1704 4101 curribus
1730 4044 1982 4103 velocior

319 4135 601 4200 efficitur,
617 4134 732 4188 imo
763 4150 866 4204 per
897 4131 1072 4187 aliam
1093 4132 1248 4186 viam
1270 4133 1775 4205 gradiens,omnes
1798 4140 1856 4190 et
1877 4154 1978 4191 an~

321 4220 849 4288 tevolans,veloces
881 4225 1257 4293 praecesserat
1286 4223 1792 4296 currus.Denique
1822 4226 1982 4297 prior

321 4314 383 4367 in
411 4318 630 4366 terram
655 4328 773 4365 sua;
796 4310 1120 4365 nativitatis
1143 4311 1424 4382 pervenit,
1448 4315 1506 4367 et
1525 4313 1726 4368 omnia
1745 4331 1853 4369 sua
1876 4332 1976 4386 pro

317 4405 460 4457 voto
486 4405 544 4455 et
569 4399 735 4454 libitu
756 4400 814 4454 in
833 4399 958 4455 loco
975 4417 1150 4471 quem
1169 4400 1341 4471 vulgo
1359 4400 1563 4457 dicunt
1585 4402 1976 4471 Humolarias,

2082 3264 2182 3302 rex
2214 3262 2506 3316 supernus
2555 3262 2621 3300 ac
2669 3245 2921 3301 cuilestis
2970 3262 3224 3317 sponsus
3282 3245 3340 3299 in
3399 3243 3727 3300 thalamum

2082 3334 2483 3390 transduxerit
2509 3334 2970 3406 virgineum,ego
3003 3338 3162 3389 veste
3192 3332 3438 3405 nuptiali
3470 3333 3726 3388 circum-

2084 3425 2258 3478 datus
2284 3427 2459 3494 atque
2481 3424 2613 3495 agni
2637 3423 2845 3479 vellere
2867 3423 3030 3478 niveo
3049 3424 3404 3489 succinctus,
3428 3423 3577 3478 inter
3597 3439 3730 3478 con-

2083 3513 2242 3567 vivas
2274 3529 2489 3567 mensze
2522 3513 2676 3585 regis
2695 3513 2985 3584 particeps
3005 3513 3134 3568 vitae
3165 3512 3416 3567 cmlestis
3447 3528 3730 3584 apparere

2087 3617 2312 3658 merear
2340 3601 2428 3657 vel
2459 3602 2724 3657 ultimus.
2759 3624 2788 3653 ››

2162 3691 2246 3744 15.
2281 3689 2545 3744 Obtinuit
2592 3708 2727 3762 ergo
2777 3691 2932 3762 quod
2979 3691 3216 3763 expetiit
3262 3694 3319 3746 et
3363 3707 3497 3744 cum
3531 3693 3733 3745 sancta

2088 3778 2268 3834 animi
2300 3778 2601 3834 devotione
2630 3779 2944 3834 incolumis
2976 3780 3250 3835 remeavit
3270 3779 3341 3834 ad
3365 3779 3728 3850 propria.Cui

2088 3867 2372 3923 Dominus
2405 3869 2549 3922 bene
2577 3868 2800 3922 vivendi
2833 3867 3079 3922 contulit
3113 3867 3453 3932 efﬁcaciam,
3486 3867 3731 3938 ejusque

2085 3960 2285 4011 votum
2310 3957 2379 4011 ad
2403 3956 2715 4028 optabilem
2738 3957 3006 4028 perduxit
3023 3955 3466 4011 ell‘ectum.Nam
3491 3955 3731 4010 devotus

2090 4045 2224 4111 Deo,
2259 4044 2414 4099 ultra
2442 4061 2620 4116 quam
2652 4045 2900 4100 fuissent
2951 4045 3279 4100 necessaria
3322 4044 3730 4099 sacratissima:

2088 4134 2315 4188 studuit
2344 4134 2792 4190 subministrare
2815 4134 3046 4206 virgini,
3071 4135 3401 4206 pariterque
3421 4134 3482 4188 in
3512 4138 3731 4190 statuto

2083 4223 2441 4278 xenodochio
2471 4223 2659 4278 victus
2704 4233 2760 4278 et
2800 4223 3046 4279 vestitus
3076 4224 3323 4297 przebuit
3368 4223 3729 4278 alimoniam.

2089 4311 2294 4367 Fultus
2325 4312 2532 4367 deinde
2565 4312 2911 4367 multimoda
2927 4313 3140 4368 Christi
3191 4313 3422 4379 virtute,
3459 4330 3525 4367 ac
3557 4312 3732 4367 dedu-

2087 4417 2223 4455 cens
2248 4407 2480 4472 tempus
2501 4401 2628 4456 vitae
2649 4401 2709 4454 in
2731 4400 3139 4472 hujuscemodi
3163 4401 3731 4473 operatione,exutus

321 4493 545 4547 sancta:
576 4489 676 4544 Dei
698 4489 962 4560 genitrici
982 4490 1175 4544 Mariae
1193 4505 1372 4560 seque
1392 4489 1570 4544 simul
1592 4496 1658 4546 ut
1677 4495 1980 4564 optaverat
2009 4521 2054 4586 Β
2087 4493 2175 4544 est
2205 4491 2506 4560 praisentis
2552 4489 2746 4545 saeculi
2797 4491 3065 4563 contagio
3115 4508 3182 4547 ac
3233 4492 3573 4562 perfunctus
3603 4488 3732 4543 luce

321 4577 684 4636 servituram
704 4577 847 4632 inibi
871 4577 1100 4633 Christo
1125 4579 1266 4632 dum
1288 4577 1582 4635 adviveret
1601 4582 1976 4636 contradidit.

403 4669 496 4723 14.
530 4666 652 4722 Non
699 4670 829 4738 post
878 4665 1133 4721 multum
1164 4683 1298 4723 vero
1327 4669 1609 4740 temporis
1638 4676 1979 4742 persecutus
2018 4697 2022 4700 ι

323 4759 489 4814 idem
521 4754 818 4811 Eudaldus
839 4756 913 4810 ad
935 4761 1132 4811 votum
1165 4756 1516 4828 explendum
1547 4759 1979 4832 devenit,seque

326 4847 608 4904 omnium
633 4861 827 4900 rerum
859 4845 1100 4918 virginis
1125 4862 1524 4918 possessorem
1569 4852 1625 4902 et
1674 4849 1977 4904 dominum

327 4933 621 5009 prietulit;
649 4935 912 4990 nesciens
945 4936 1095 5006 quod
1125 4937 1248 5005 jam
1283 4934 1632 4990 transissent
1671 4939 1875 4994 omnia
1920 4940 1976 4994 in

325 5025 561 5080 cultum
594 5023 692 5078 Dei
727 5030 783 5078 et
811 5029 1022 5078 sancta:
1055 5024 1154 5079 Dei
1185 5024 1494 5080 Genitricis
1525 5026 1836 5081 tutamina.
1871 5030 1977 5092 Qui

327 5130 469 5168 cum
500 5113 866 5184 cognovisset
895 5117 1167 5168 eventum
1191 5113 1292 5180 rei,
1318 5117 1376 5167 et
1408 5117 1528 5167 tam
1561 5115 1767 5168 auditu
1800 5133 1976 5186 quam

325 5203 464 5258 visu
493 5201 796 5256 didicisset
834 5208 962 5257 aeta
989 5202 1231 5271 virginis
1279 5202 1550 5270 veridica,
1609 5221 1874 5260 reversus
1921 5206 1976 5260 in

328 5290 949 5361 semetipsum,secum
973 5292 1184 5346 tacitus
1206 5291 1407 5346 mirari
1429 5293 1604 5364 ccepit
1624 5297 1681 5348 et
1697 5295 1976 5362 venerari,

331 5378 598 5435 recolens
618 5395 746 5450 qua;
765 5384 821 5434 et
841 5384 1062 5450 quanta
1083 5398 1184 5452 per
1205 5384 1468 5435 sanctam
1488 5381 1773 5453 virginem
1792 5383 1984 5438 Domi-

333 5484 452 5522 nus
479 5467 560 5522 sit
579 5472 854 5538 operatus
877 5468 1179 5523 miracula.
1202 5468 1367 5524 Unde
1395 5468 1599 5541 quales
1637 5471 1828 5540 potuit
1847 5488 1981 5528 mox

329 5555 458 5621 Deo
505 5555 709 5611 laudes
738 5559 794 5612 et
823 5557 1043 5629 gratias
1074 5555 1294 5626 retulit,
1329 5558 1429 5631 qui
1462 5558 1534 5614 ab
1565 5563 1701 5614 actu
1733 5563 1790 5614 et
1819 5562 1981 5615 tactu

2087 4580 2443 4647 transitoria,
2479 4579 2700 4634 audivit
2730 4580 2800 4634 de
2829 4580 3100 4650 supernis
3129 4596 3326 4634 vocem
3360 4578 3471 4633 sibi
3492 4577 3614 4633 haec
3646 4577 3730 4633 lo-

2088 4668 2187 4739 qui
2221 4686 2235 4723 :
2267 4671 2431 4740 Euge,
2479 4685 2630 4724 serve
2674 4668 2806 4724 bone
2852 4676 2904 4724 et
2941 4669 3142 4740 ﬁdelis,
3192 4669 3321 4739 quia
3357 4684 3521 4738 super
3555 4682 3732 4738 pauca

2085 4759 2245 4828 fuisti
2266 4757 2639 4830 ﬁdelis,supcr
2656 4759 2830 4813 multa
2853 4767 2900 4812 te
2918 4760 3277 4825 constituam;
3306 4757 3420 4812 eris
3458 4756 3728 4828 princeps

2088 4849 2286 4904 decem
2334 4846 2654 4901 civitatum.
2697 4847 2859 4900 Tunc
2907 4847 3075 4901 beata
3114 4846 3274 4916 virgo
3325 4845 3726 4917 Hunegundis,

2088 4941 2341 4992 mentem
2373 4940 2633 4989 sanctam
2655 4951 2788 4990 cum
2813 4934 3100 4989 oblatione
3122 4933 3392 4988 sacrificii
3415 4951 3517 5005 per
3545 4951 3731 4990 sacer-

2089 5027 2290 5082 dotum
2306 5033 2516 5078 manus
2535 5025 2671 5095 Regi
2706 5039 2908 5094 regum
2931 5022 3159 5076 Christo
3173 5021 3729 5096 obtulit,deprecans

2087 5120 2143 5170 et
2168 5131 2411 5170 exorans
2442 5113 2748 5168 subvenire
2780 5112 2860 5165 illi
2895 5113 3126 5166 sanctos
3159 5111 3415 5184 angelos,
3448 5130 3514 5168 ac
3554 5113 3727 5169 locari

2088 5205 2215 5275 ejus
2233 5203 2505 5275 spiritum
2525 5202 2678 5255 inter
2697 5199 2903 5255 choros
2926 5201 3229 5273 agminum
3248 5201 3730 5258 cmlestium.Cor-

2089 5310 2199 5364 pus
2219 5309 2351 5346 vero
2373 5291 2507 5362 poni
2521 5289 2703 5360 jussit
2727 5289 2786 5344 in
2807 5289 3013 5344 feretro
3053 5307 3120 5345 ac
3161 5291 3366 5346 deferri
3400 5292 3471 5346 ad
3504 5308 3566 5346 se
3597 5291 3732 5346 fecit

2089 5381 2241 5435 infra
2261 5378 2703 5446 monasterium,
2719 5383 2774 5434 et
2800 5379 2858 5434 in
2876 5379 3165 5453 condigne
3186 5384 3242 5436 et
3265 5383 3460 5452 optato
3492 5379 3735 5437 tradidit

2091 5468 2401 5540 sepulturae
2429 5467 2574 5522 loco.

2165 5556 2250 5612 16.
2285 5556 2418 5612 Post
2462 5557 2634 5632 cujus
2691 5558 3051 5626 abscessum,
3101 5557 3332 5614 arctiori
3364 5575 3426 5614 se
3459 5559 3735 5619 submisit
