4148 6184
430 331 507 405 5‘9
765 303 779 310 ’
967 373 972 386 ι
1435 344 1780 417 BERNERI
1823 350 2156 414 ABBATIS
2199 339 2830 416 HUMOLIARENSIS
3753 331 3834 411 60

428 477 557 534 vitae
585 483 644 536 et
671 478 886 538 Christi
918 483 1170 554 servitio,
1197 487 1447 558 puniens
1469 491 1644 560 atque
1666 487 1886 544 deﬂens
1915 484 2072 559 cogi-
2099 484 2158 552 Α
2183 484 2294 550 tiit,
2329 485 2760 559 Dominamque
2787 485 3002 542 suimet
3043 483 3306 541 misereri
3337 481 3476 539 totis
3503 482 3705 540 virbus
3736 499 3831 539 ex-

419 569 551 622 .tata
579 583 683 623 seu
715 570 918 626 nociva
941 573 1066 643 jam
1100 578 1335 646 peracta
1356 591 1549 648 opera,
1575 575 1913 647 crebrisque
1923 575 2075 647 jeju-

429 654 544 712 niis
561 672 629 712 ac
643 656 854 730 vigiliis
875 661 1160 717 tundebat
1173 679 1388 734 corpus
1408 663 2075 735 fatigatummemorans

430 743 572 815 quia
601 762 717 801 non
739 746 840 818 qui
870 749 1125 820 coeperit,
1159 752 1259 806 sed
1283 751 1383 823 qui
1411 753 1861 826 perseveraverit
1880 753 2076 809 salvus

430 830 558 886 erit.
593 833 655 887 In
688 834 796 889 hac
826 836 1078 907 denique
1121 845 1324 896 sancta
1372 841 1553 897 animi
1607 843 1978 898 meditatione
2009 858 2076 897 ac

430 921 636 975 devota
665 921 798 977 ﬁdei
837 925 1172 994 operatione
1220 929 1476 985 moriens
1525 931 1746 987 mundo
1776 935 1834 987 et
1877 931 2076 986 vivens

432 1007 684 1077 Christo,
740 1015 929 1068 totum
981 1017 1216 1088 tempus
1258 1017 1387 1074 vita
1435 1035 1554 1076 suae
1586 1019 1824 1076 duxisse
1869 1021 2074 1087 fertur,

431 1097 574 1154 adeo
607 1103 672 1154 ut
700 1098 1047 1174 plerumque
1071 1104 1364 1162 videretur
1393 1107 1623 1165 causari
1643 1111 1700 1165 et
1719 1107 1909 1166 dicere
1933 1107 2076 1164 illud

431 1187 838 1260 propheticum
871 1207 886 1246 :
920 1192 1034 1248 Heu
1067 1195 1244 1253 mihi!
1275 1199 1407 1270 quia
1438 1199 1704 1256 incolatus
1750 1215 1902 1256 meus
1948 1215 2076 1271 pro-

434 1276 680 1347 longata:
725 1287 822 1348 est,
874 1283 983 1338 etc.
1035 1283 1202 1354 (Psal.
1255 1289 1425 1357 cxm).
1475 1288 1655 1360 Cujus
1703 1287 2079 1361 longanimen

434 1369 817 1440 sanctamque
845 1371 1369 1445 peregrinationem
1402 1393 1656 1450 superna
1704 1378 2081 1434 considerans

434 1453 896 1528 clementia,ejus
909 1459 1169 1531 petitioni
1184 1463 1621 1521 desiderantissi
1629 1483 1736 1522 mae
1749 1466 2084 1523 satisfacere

434 1543 744 1616 disposuit,
777 1551 844 1601 ut
871 1551 1025 1620 quod
1059 1551 1342 1609 hactenus
1371 1554 1590 1612 viderat
1635 1573 1738 1628 per
1775 1557 2082 1630 speculum

434 1636 492 1688 et
519 1633 578 1688 in
611 1634 916 1708 aenigmate
939 1637 1066 1710 jam
1093 1643 1235 1698 tunc
1281 1641 1564 1717 inciperet
1591 1643 1738 1702 facie
1767 1647 1838 1702 ad
1874 1645 2082 1702 faciem

435 1737 693 1779 CCPDOPC.

505 1811 593 1868 17.
621 1813 891 1922 (ἓιιιιάιλῐῐιΔ
914 1832 1168 1922 namque
1199 1819 1292 1874 die
1322 1821 1462 1920 dum
1495 1821 1618 1879 solo
1647 1824 1935 1879 recubans
1956 1839 2081 1878 ma-
2110 1852 2163 1922 Β

433 1916 545 1956 nus
576 1903 843 1956 extensae
873 1907 1094 1959 teneret
1123 1905 1182 1960 in
1213 1908 1490 1976 oratione,
1525 1927 1808 1982 percussa
1835 1916 1926 1968 est
1957 1929 2081 1969 cors

434 1987 594 2059 poris
613 1990 922 2062 gravedine
936 2009 1001 2047 ac
1018 1993 1198 2050 nimio
1223 2001 1364 2052 aestu
1383 1997 1438 2052 in
1448 1998 1742 2055 firmitatis
1755 2018 2043 2074 corporeae
2063 2018 2076 2056 :

434 2076 535 2132 sed
567 2078 856 2134 consolari
873 2082 1088 2138 meruit
1117 2085 1458 2157 angelorum
1479 2087 1750 2161 praesidio
1771 2093 1830 2146 et
1860 2095 2086 2146 sancto-

433 2182 564 2222 rum
595 2167 862 2225 omnium
893 2171 1192 2246 suffragio,
1217 2191 1364 2246 quos
1390 2175 1656 2234 invocare
1678 2195 1794 2236 non
1815 2180 2087 2236 cessabat

432 2255 610 2312 etiam
645 2254 706 2312 in
739 2263 952 2332 aegroto
984 2262 1244 2334 corporis
1265 2266 1582 2338 ergastulo.
1609 2267 1826 2324 Verum
1847 2268 2086 2326 astanti-

432 2345 546 2402 bus
565 2343 1024 2422 circumquaque
1043 2350 1352 2426 utriusque
1364 2370 1538 2412 sexus
1549 2355 1778 2413 Christo
1799 2357 2088 2415 famulan-

433 2434 614 2503 tibus,
649 2434 751 2508 qui
773 2437 846 2492 ad
878 2437 1184 2496 decessum
1206 2445 1380 2498 tanta}
1413 2445 1618 2501 matris
1640 2449 1816 2519 atque
1839 2447 2084 2522 virginis

433 2540 752 2581 convenere
773 2542 842 2582 ex
861 2527 1066 2584 vicinis
1086 2535 1143 2586 et
1169 2529 1508 2606 longinquis
1531 2534 1886 2608 regionibus,
1920 2537 2088 2594 dolor

434 2615 662 2688 ingens,
696 2631 910 2673 mceror
937 2621 994 2674 et
1025 2618 1320 2694 singultus
1339 2627 1464 2678 erat
1483 2624 1780 2694 omnibus,
1804 2627 2084 2700 quoniam

435 2701 708 2760 videbant
719 2722 781 2762 se
794 2706 1030 2764 frustari
1043 2709 1224 2768 nimio
1241 2711 1467 2781 solatio,
1481 2712 1824 2772 licetessent
1841 2717 2084 2774 fidentes

437 2793 589 2864 quod
615 2793 745 2866 ejus
766 2813 999 2870 semper
1019 2797 1078 2855 in
1100 2800 1260 2858 caelis
1273 2801 1648 2860 devotissimo
1671 2810 1975 2862 tuerentur
1991 2825 2085 2879 pa-

434 2881 702 2940 trocinio.
718 2884 873 2942 Inter
882 2885 1005 2944 haec
1017 2905 1300 2946 conversa
1311 2891 1382 2946 ad
1395 2907 1495 2947 eos
1508 2891 1609 2966 qui
1623 2893 1962 2950 assidebant
1973 2894 2086 2950 sibi

389 3003 392 3012 -
437 2971 826 3044 presbyteros,
843 2975 1140 3034 unctionis
1161 2978 1355 3035 oleum
1368 2983 1424 3036 ct
1436 2981 1910 3038 communionem
1923 2999 2087 3054 expe-

503 3141 586 3210 (3)
612 3143 777 3223 Anno
811 3143 1040 3223 circiter
1077 3146 1205 3214 690,
1241 3148 1532 3220 siquidem
1582 3149 1966 3223 Hunegundis
2015 3153 2087 3208 de

2182 574 2385 630 oravit.
2418 575 2514 632 Sic
2543 576 2783 632 tandem
2813 573 3099 631 Dominici
3131 573 3393 647 corporis
3425 577 3484 629 et
3527 571 3832 646 sanguinis

2180 663 2457 719 viaticum
2489 679 2752 732 sumens,
2789 679 2954 720 roseo
2982 661 3146 718 vultu
3179 667 3236 718 et
3279 663 3488 718 decora
3541 659 3707 720 facie.
3737 677 3832 716 ve-

2182 751 2272 806 lut
2317 753 2724 824 praesentanda
2779 751 2900 825 regi
2951 767 3156 824 regum
3202 750 3264 806 in
3312 747 3534 806 caelesti
3577 747 3835 804 thalamo

2184 839 2434 912 imperat
2453 840 2682 896 cunctis
2703 856 3018 913 personare
3037 837 3238 894 dulces
3255 843 3312 894 et
3331 837 3702 912 hymnidicos
3724 852 3839 892 me-

2184 927 2274 985 los
2306 929 2666 1002 psalmodiae,
2701 929 3048 1001 dicebatque
3077 928 3231 984 inter
3259 931 3465 984 caetera
3501 925 3676 1000 quasi
3705 917 3836 998 pro;

2187 1017 2420 1075 minens
2449 1035 2518 1075 ex
2547 1017 2736 1074 cilicio
2765 1021 2822 1074 et
2852 1017 3047 1074 cinere
3080 1033 3094 1071 :
3123 1037 3152 1066 «
3182 1017 3405 1072 Adsum
3435 1031 3563 1089 ego,
3587 1011 3836 1082 Christe,

2187 1109 2292 1162 tua
2320 1107 2559 1175 famula,
2591 1105 2720 1163 veni
2749 1123 2911 1181 rogo,
2941 1121 3040 1162 rex
3087 1103 3372 1178 piissime,
3405 1109 3581 1176 atque
3613 1119 3710 1160 me
3739 1101 3838 1158 be-

2189 1196 2366 1270 nigne
2391 1195 2644 1269 suscipe.
2678 1217 2706 1248 »
2740 1195 3004 1268 Cumque
3034 1194 3096 1251 in
3135 1191 3550 1266 hujuscemodi
3579 1207 3719 1248 voce
3767 1191 3838 1247 ab

2189 1284 2334 1341 hora
2361 1284 2550 1341 noctis
2571 1285 2766 1342 media
2785 1300 2974 1356 usque
2996 1285 3068 1340 ad
3090 1282 3294 1340 horam
3324 1281 3439 1338 diei
3459 1281 3696 1338 tertiam
3719 1295 3841 1352 per-

2189 1373 2440 1442 sisteret,
2474 1372 2629 1430 illico
2661 1390 2797 1430 cum
2829 1373 3117 1428 immenso
3143 1370 3366 1426 lumine
3397 1371 3540 1426 odor
3569 1367 3844 1425 suavissi-

2192 1480 2328 1519 mus
2358 1462 2677 1520 astantium
2709 1479 2811 1519 ora
2840 1460 3105 1534 perculit,
3129 1459 3212 1516 ita
3238 1463 3301 1515 ut
3327 1459 3420 1514 vix
3449 1460 3692 1532 possent
3711 1455 3846 1514 sub-

2193 1551 2398 1608 sistere
2428 1569 2542 1626 prze
2572 1550 2815 1620 lumine,
2842 1550 2976 1606 licet
3005 1552 3200 1606 essent
3244 1546 3488 1621 vigorati
3540 1545 3842 1602 balsameo

2192 1645 2521 1697 aromatum
2553 1639 2892 1713 spiramine.
2925 1639 3190 1710 Namque
3217 1654 3326 1693 vox
3351 1653 3484 1692 cum
3513 1651 3730 1708 magno
3759 1633 3845 1690 lu-

2191 1730 2352 1786 mine
2383 1729 2558 1786 etiam
2587 1730 2773 1785 fertur
2801 1726 3194 1792 descendisse,
3229 1743 3358 1798 quae
3390 1726 3532 1781 dum
3565 1723 3844 1782 omnibus

2189 1821 2470 1875 terrorem
2497 1817 2716 1885 intulit,
2747 1816 2946 1872 minus
2978 1815 3081 1871 ulli
3112 1833 3174 1872 se
3203 1812 3655 1888 cognoscibilem
3705 1829 3846 1886 prae-

2191 1905 2339 1974 buit,
2374 1905 2474 1962 sed
2498 1905 2638 1978 quid
2661 1905 2817 1961 aliud
2838 1904 3067 1960 videtur
3085 1903 3332 1972 edicere,
3356 1918 3531 1976 quam
3557 1901 3712 1974 quod
3737 1901 3843 1957 fer-

2190 1999 2290 2050 tur
2317 1994 2588 2068 proloqui
2640 1993 2853 2066 cuique
2899 1997 3114 2050 sancta:
3159 1991 3410 2048 animae?
3454 1989 3589 2046 Infit
3633 1989 3840 2046 enim:

2193 2084 2400 2158 Surge,
2433 2100 2700 2156 propera,
2733 2081 2922 2138 amica
2942 2099 3092 2150 mea,
3117 2081 3392 2138 columba
3411 2096 3560 2148 mea,
3585 2079 3844 2135 formosa

2194 2189 2328 2228 mea
2354 2176 2412 2228 et
2439 2171 2589 2229 veni.
2621 2169 2822 2227 Amica
2838 2169 3108 2227 videlicet
3136 2187 3238 2243 per
3258 2185 3538 2236 amorem,
3571 2167 3845 2224 columba

2194 2277 2298 2335 per
2327 2259 2783 2334 simplicitatem,
2817 2259 3074 2316 formosa
3106 2275 3209 2332 per
3238 2273 3470 2315 morum
3517 2255 3842 2329 pulchritu-

2193 2349 2412 2419 dinem,
2444 2353 2554 2406 etc.

2263 2441 2318 2496 3.
2353 2439 2455 2496 His
2497 2443 2556 2496 et
2605 2438 2734 2496 aliis
2783 2437 3195 2511 hujuscemodi
3244 2441 3448 2494 sancta
3486 2439 3666 2508 atque.
3712 2433 3843 2490 felix

2196 2527 2395 2584 anima
2423 2527 2726 2584 dulcorata
2746 2527 3134 2584 solaminibus
3153 2543 3257 2583 vm
3280 2525 3566 2582 Kalendas
3587 2525 3847 2596 Septem-

2195 2617 2318 2675 bris
2347 2617 2422 2689 (3)
2453 2615 2739 2689 migrasse
2769 2616 3036 2675 creditur.
3055 2616 3126 2670 ad
3158 2614 3492 2678 Dominum,
3520 2611 3621 2683 qui
3647 2616 3736 2666 est
3757 2627 3844 2666 so-

2196 2706 2288 2761 lus
2320 2705 2445 2762 sine
2475 2703 2760 2776 principio
2808 2719 3060 2775 regnans
3105 2701 3166 2755 in
3209 2700 3431 2755 unitate
3483 2705 3538 2753 et
3582 2697 3841 2752 trinitate

2197 2794 2450 2868 perfecta
2479 2793 2636 2850 Deus
2663 2808 2820 2848 nunc
2849 2795 2906 2845 et
2933 2787 3166 2860 semper
3194 2791 3251 2843 et
3281 2784 3352 2841 in'
3371 2785 3567 2840 omnia
3598 2783 3838 2840 sazculo-

2197 2899 2328 2940 rum
2361 2881 2592 2939 saecula.
2627 2879 2740 2953 Ipsi
2772 2877 2976 2952 gloria,
3008 2877 3138 2932 laus
3169 2877 3226 2931 et
3245 2873 3538 2946 jubilatio,
3571 2873 3759 2928 honor
3787 2877 3844 2927 et

2195 2972 2510 3044 imperium
2544 2987 2647 3044 per
2673 2967 2871 3024 omnia
2901 2964 3118 3023 saecula
3147 2963 3516 3020 saeculorum.
3549 2964 3752 3018 Amen.

2198 3176 2353 3233 ctino
2385 3180 2442 3232 et
2469 3174 2765 3232 Gallicano
2791 3189 2896 3229 vm
2914 3170 3158 3228 Kalend.
3183 3167 3502 3242 Septemb.,
3520 3166 3757 3242 tametsi
3774 3166 3847 3222 ob

634 3221 792 3277 route
817 3221 1006 3314 leYata
1034 3229 1180 3315 φερέ
1210 3228 1272 3283 Β.
1296 3218 1481 3300 Ense
1503 3229 1604 3315 «lui
1809 3231 1962 3315 erat
1980 3232 2087 3288 δδο
2117 3218 2160 3286 c
2199 3218 3845 3315 ῖέέιῖιῑᾱνεῒῖᾏῑῑδῑῑοί’έέιῖῑοῑεῑηςείυνώτξ-ςεξιίίοτιςίείξτλίιῖ

428 3299 512 3384 ad
530 3315 786 3384 superos
815 3302 1106 3384 migravit.
1131 3299 1489 3364 Memoratur
1509 3299 1892 3384 Hunegundis
1911 3311 1972 3367 in
1995 3313 2092 3368 ad-

437 3379 761 3436 ditionibus
783 3381 854 3436 ad
881 3381 1214 3441 Usuardum
1239 3391 1297 3442 et
1314 3386 1374 3442 in
1398 3379 1830 3464 martyrologiis
1853 3391 2091 3448 Benedi-

2240 3324 2383 3376 ustaa
2415 3313 2957 3374 Veromanduorum
2989 3314 3048 3370 in
3081 3313 3236 3369 diem
3284 3315 3624 3383 sequentem
3657 3314 3846 3363 trans-

2217 3395 2404 3448 ’ertur.

1195 3622 2090 3752 BEBNEBI
2177 3619 3070 3751 ABBATIS

514 3851 660 3965 DE
725 3851 1597 3970 TRANSLATIONE
1667 3855 2234 3972 CORPORIS
2301 3856 2397 3972 S.
2469 3850 3208 3968 HUNEGUNDIS
3272 3845 3780 3964 VlllGlNlS

1692 4057 1916 4131 APUD
1969 4055 2592 4130 VIROMANDUOS

1237 4208 1426 4278 (Apud
1460 4207 1679 4264 Mabill.
1713 4210 1856 4264 Acta
1883 4208 1986 4264 SS.
2019 4207 2144 4264 ord.
2179 4207 2240 4264 S.
2276 4207 2514 4275 Bened.,
2549 4205 2691 4262 Suec.
2725 4203 2794 4274 V,
2827 4221 2884 4278 p.
2915 4205 3066 4277 213.)

1422 4475 2345 4566 OBSERVATIONES
2403 4476 2878 4564 PRIEVLZE

513 4655 539 4708 1
551 4693 564 4708 .
580 4650 805 4728 Sancta;
819 4651 1201 4728 Hunegundis
1211 4653 1454 4728 virginis
1465 4660 1520 4711 et
1533 4655 1998 4728 sanctimonialis
2018 4655 2390 4712 Humolarien
2399 4653 2482 4711 sis
2491 4653 2686 4728 Vitam
2697 4651 3071 4728 exhibuimus
3081 4650 3143 4728 in
3165 4648 3386 4728 Saecula
3399 4645 3846 4728 u_Bcnedictino,

437 4740 687 4797 eamque
716 4725 964 4782 Bernero
987 4718 1204 4797 abbati,
1225 4718 1447 4783 auctori
1476 4727 1817 4783 tribuimus.
1854 4727 1914 4783 Id
1944 4745 2078 4784 vero
2109 4731 2339 4783 constat
2364 4743 2434 4781 ex
2463 4726 2728 4797 subjecta
2749 4718 3448 4797 translationishistoria,
3470 4735 3648 4797 quam
3673 4718 3850 4774 unius

437 4791 822 4923 Ejusdemque
851 4797 1154 4880 scriptoris
1184 4796 1366 4854 fetum
1397 4814 1528 4854 esse
1556 4799 1962 4854 demonstrant
1992 4799 2114 4854 hzec
2133 4800 2309 4854 verba
2327 4814 2491 4853 num.
2514 4797 2548 4852 9
2570 4791 2591 4850 Ξ
2613 4818 2641 4846 ‹‹
2665 4795 2767 4851 His
2791 4793 3112 4867 praemissis
3133 4793 3204 4848 de
3223 4792 3342 4846 vita
3357 4796 3418 4872 et
3437 4791 3666 4846 actibus
3683 4804 3849 4870 saepe

480 4871 606 4923 icta
635 4867 899 4923 gloriosa;
930 4867 1194 4923 Virginis.
1228 4873 1420 4923 ratum
1448 4869 1726 4923 duximus
1756 4887 1946 4923 nauca
1973 4869 2394 4923 subscribendo
2425 4867 2677 4923 describi
2707 4864 3124 4922 miraculorum
3154 4863 3429 4923 insignia.
3463 4883 3490 4910 η
3522 4863 3696 4923 Atqui
3722 4860 3849 4914 Ber-

440 4955 618 4996 nerus

501 4871 606 4924 ctm
634 4860 899 4994 gloriosae
930 4860 1194 4943 virginis,
1228 4873 1420 4924 ratum
1448 4869 1726 4926 duximus
1797 4887 1946 4926 auca
1973 4869 2394 4926 subscribendo
2425 4867 2677 4924 describi
2707 4860 3124 4922 miraculorum
3154 4862 3429 4936 insignia.
3463 4883 3490 4910 η
3522 4860 3696 4933 Atqui
3722 4860 3852 4914 Ber-

501 4956 618 4994 arus
673 4939 1089 4994 ranslationem
1121 4937 1332 4994 litteris
1361 4941 1678 4994 mandavit.
1713 4887 1889 4994 iciime
1919 4945 2280 4994 contestatur
2306 4941 2648 4994 Anonvmus
2679 4937 2738 4992 in
2769 4935 3149 4994 subsequenti
3179 4934 3376 4990 libello
3407 4933 3486 4988 De
3529 4931 3849 4986 mutatione

673 4931 1089 5012 ranslationem
1121 4931 1332 5012 litteris
1361 4941 1678 5012 mandavit,
1713 4931 1889 5012 idque
1919 4945 2280 4997 contestatur
2306 4941 2648 5012 Anonymus
2679 4937 2738 4992 in
2769 4935 3149 5012 subsequenti
3179 4931 3376 5012 libello
3407 4931 3849 5012 De__mlitatione

439 5011 700 5134 corporis
729 5011 787 5067 S.
821 5011 1208 5086 Hunegundis
1239 5027 1252 5066 :
1291 5033 1318 5060 ‹‹
1349 5011 1531 5084 Cujus
1559 5001 1930 5080 inventionis,
1965 5012 2157 5084 inquit
2177 5028 2341 5066 num.
2373 5014 2428 5080 2,
2463 5001 2688 5066 necnon
2719 5013 2777 5064 et
2824 5001 3228 5064 translationis
3257 5003 3730 5128 descriptionem,
3763 5001 3848 5056 si-

441 5096 542 5134 mu
569 5097 683 5134 aue
712 5083 1130 5134 miraculorum
1161 5081 1436 5134 insignia.
1469 5082 1612 5134 inibi
1644 5083 1924 5134 divinitus
1970 5083 2279 5134 declarata.
2311 5081 2640 5134 volentibus
2683 5095 3019 5134 agnoscere.
3059 5077 3216 5134 claro
3249 5077 3395 5134 stvlo
3466 5073 3848 5134 oculentoque

441 5073 683 5152 mulque
712 5073 1130 5162 miraculorum
1161 5073 1451 5162 insignia:
1469 5082 1612 5138 inibi
1644 5073 1928 5162 divinitus
1970 5073 2280 5162 declarata,
2311 5073 2640 5162 volentibus
2683 5095 3019 5162 agnoscere,
3059 5077 3225 5162 claro.
3249 5077 3395 5157 stylo
3444 5073 3852 5162 loculentoque

439 5147 708 5227 sermjone
738 5155 966 5227 studuit
991 5147 1332 5227 elucubrafe
1359 5147 1468 5227 piae
1489 5155 1797 5227 memorias
1821 5156 2074 5210 domnus
2100 5147 2279 5227 abbas
2311 5154 2618 5227 Bernerus,
2641 5147 2752 5224 qui
2773 5152 2890 5227 Deo
2919 5151 3286 5227 disponente,
3310 5147 3538 5227 primus
3569 5147 3853 5227 successit

441 5221 665 5305 locello,
698 5243 727 5272 »
761 5227 870 5305 etc.
905 5225 974 5305 Et
997 5242 1137 5305 sane
1166 5225 1330 5305 idem
1344 5215 1663 5305 utrobique
1691 5225 1879 5305 stylus
1911 5243 1976 5280 ac
2007 5225 2234 5305 genius,
2271 5224 2383 5279 nisi
2414 5215 2678 5305 qugd-in.
2691 5215 3072 5305 translatione
3093 5236 3158 5305 ac
3181 5215 3664 5305 miraculis,‘qua:
3686 5215 3851 5305 testis

441 5286 668 5377 auritus
697 5299 800 5377 aut
829 5295 1096 5377 oculatus
1127 5297 1380 5377 scripsit,
1404 5286 1616 5377 certidr
1637 5301 1727 5377 est
1747 5286 1876 5377 ejus
1895 5286 2407 5377 auctoritas"quam
2429 5286 2491 5350 in
2510 5294 2644 5350 Vita
2665 5291 3088 5377 quaetre'centis
3100 5289 3181 5377 ξι)
3199 5286 3570 5377 Hunegunde
3587 5287 3759 5377 annis
3775 5286 3850 5377 ab

441 5365 756 5440 eo_scripta
787 5369 896 5440 est.
929 5358 1262 5440 Antequam
1287 5358 1456 5440 plura
1473 5368 1544 5440 de
1576 5358 1795 5424 eodem"
1813 5369 2060 5424 Bernero
2092 5358 2442 5436 scribamus,
2475 5358 2760 5422 nonnulla
2787 5366 2858 5420 de
2888 5365 3057 5419 Berta
3100 5358 3563 5416 Humolariensis
3589 5358 3854 5414 antistita

441 5437 644 5510 prima}
657 5437 1078 5510 translationis
1098 5437 1341 5510 auctore
1367 5439 1722 5510 praelibanda
1753 5443 1912 5495 sunt.

509 5512 567 5562 2.
593 5509 734 5582 ‘Fuit
758 5508 881 5565 hinc
910 5513 1044 5582 post
1073 5508 1268 5582 mariti
1302 5499 1543 5582 obitum
1594 5511 1791 5567 Remis
1820 5532 1848 5562 »
1885 5511 1994 5582 sub
2045 5508 2395 5582 beatissimze
2445 5508 2545 5566 Dei
2593 5505 2915 5582 Genitricis
2945 5502 3150 5582 tutela,
3201 5504 3473 5582 suscepto
3505 5499 3788 5581 velamine
3821 5519 3848 5549 »

440 5577 688 5636 Domino
719 5570 1075 5652 conseérata.
1109 5579 1174 5652 Id
1205 5579 1264 5634 in
1294 5579 1360 5652 S.
1379 5579 1528 5652 Petri
1549 5582 1911 5652 parthenone
1934 5581 2150 5652 factum
2174 5579 2377 5652 scribit
2400 5580 2686 5638 recentior
2709 5575 3171 5652 Humolariensis
3192 5570 3536 5652 monachus,
3571 5570 3673 5643 qui
3697 5585 3852 5626 anno

447 5652 581 5709 1681
617 5653 676 5710 S.
709 5651 1096 5726 Hunegundis
1111 5650 1306 5707 Vitam
1333 5642 1853 5710 Gallico‘idiomate
1883 5651 2272 5710 concinnavit.
2307 5651 2446 5708 Inde
2476 5652 2746 5709 eductam
2767 5649 2964 5706 ferunt
2986 5647 3060 5704 ad
3091 5642 3628 5702 Humolariensium
3648 5656 3852 5698 mona-

995 5913 1024 5928 ,Ι
