4166 6172
362 330 367 337 ~
445 299 527 376 6.3
1436 307 1779 377 BERNERI
1820 302 2155 377 ABBATIS
2197 302 2857 377 HUMOLARIENSIS.
3777 305 3855 369 64

446 434 743 505 duximus,
763 443 1056 510 quatenus
1077 439 1420 499 lucidiorem
1442 421 1758 499 reddamus
1779 438 1957 510 hujus
1988 437 2085 493 de-
2114 437 2172 504 Α
2201 437 2446 494 rationis
2477 455 2658 495 causa
2679 441 3031 497 temeritatis
3062 436 3361 501 maculam
3393 439 3618 506 diluat;
3651 437 3856 504 ﬁnitus

445 523 784 596 scriptionis
806 531 1047 595 textum,
1069 534 1134 585 ut
1154 529 1334 601 hujus
1351 529 1526 587 ofﬁcii
1559 527 1798 584 nomina
1819 541 2091 597 persona-

447 629 601 683 rum,
621 631 830 672 08.11888
850 634 1067 686 rerum,
1083 635 1369 675 annorum
1393 633 1704 674 numerum
1722 613 1899 671 simul
1910 614 2087 669 etiam

450 703 659 761 seriem
675 709 1004 778 temporum
1021 707 1386 776 intimemus,
1411 707 1611 780 sicque
1630 706 1717 774 ﬁt,
1734 708 1801 761 ut
1823 720 2091 776 persona-

450 808 581 848 rum
611 795 866 866 gravitas
901 793 1154 852 levitatis
1203 800 1399 853 notam
1449 794 1707 867 abjiciat,
1750 792 2093 849 certissima;

2199 542 2489 582 annorum
2519 544 2802 585 numerus
2837 530 3058 603 aliquid
3092 531 3263 587 nobis
3286 531 3346 585 in
3379 529 3581 584 eodem
3614 542 3857 584 numero

2202 615 2516 688 mysticum
2538 616 2766 685 innuat,
2790 622 3121 692 temporum
3144 635 3377 693 quoque
3408 617 3588 674 series
3611 616 3860 671 miracu-

2202 701 2393 761 lorum
2423 703 2672 777 gloriam
2703 712 2934 781 augeat.

1620 1039 1989 1133 INCIPIT
2053 1036 2687 1134 TRANSLATIO

521 1218 925 1291 2.Eratigitur
943 1221 1212 1292 quaedam
1226 1216 2102 1279 sanctimonialisfeminaBerta
2126 1215 2176 1284 B
2206 1215 2427 1286 retulit,
2461 1220 2561 1291 qui
2593 1221 2646 1278 ei
2676 1223 2968 1280 concessit
2986 1224 3142 1295 quod
3170 1239 3306 1284 cum
3346 1228 3510 1283 tanta
3539 1224 3720 1283 animi
3751 1240 3854 1280 an-

454 1308 709 1375 nomine,
735 1326 861 1381 quae
883 1307 941 1364 in
960 1310 1271 1380 juventute
1293 1327 1403 1366 sua
1421 1309 1784 1382 parentibus,
1808 1311 1874 1361 ut
1900 1306 2095 1361 ferunt

452 1397 794 1470 cogentibus
814 1413 947 1452 cum
981 1399 1104 1453 viro
1143 1400 1345 1470 juncta
1375 1399 1582 1454 fuerat.
1600 1399 1722 1463 Quo
1744 1396 1816 1450 ab
1837 1394 1945 1449 hac
1966 1392 2095 1447 luce

450 1485 751 1543 subtracto
784 1486 990 1541 statuit
1019 1487 1079 1542 in
1102 1488 1272 1543 corde
1304 1505 1410 1542 suo
1433 1503 1548 1542 non
1575 1483 1829 1557 amplius
1861 1479 2093 1537 mortali

452 1574 665 1631 servire
690 1574 923 1631 marito.
955 1575 1101 1630 Nam
1134 1574 1337 1631 multis
1358 1573 1650 1631 nobilibus
1682 1577 1740 1631 et
1784 1569 2095 1627 ditissimis

444 1662 590 1717 viris
610 1664 679 1716 ad
704 1665 831 1733 ejus
851 1662 1188 1735 conjugium
1205 1663 1638 1731 anhelantibus,
1657 1661 1750 1716 vix
1769 1661 2093 1717 amicorum

451 1749 725 1807 manibus
756 1748 973 1823 elapsa,
1005 1750 1064 1806 in
1096 1752 1301 1809 urbem
1326 1752 1639 1809 Remorum
1653 1751 1726 1806 ad
1742 1748 2095 1805 beatissima

451 1837 553 1893 Dei
579 1836 880 1910 genitricis
923 1845 981 1895 et
1027 1856 1256 1912 semper
1312 1840 1554 1913 virginis
1609 1838 1803 1895 Maria
1849 1834 2095 1892 tutelam

448 1926 813 1998 confugiens,
838 1926 1046 1999 capitis
1064 1928 1327 1985 velamen
1351 1929 1423 2001 (4)
1455 1930 1661 1984 devota
1686 1924 1961 1998 suscepit.
1989 1922 2096 1979 Cui

451 2014 827 2087 postmodum
868 2015 985 2072 Deo
1027 2016 1374 2088 disponente
1412 2017 1655 2091 contigit
1682 2017 1819 2072 huic
1846 2029 2097 2088 praeses

451 2101 598 2171 loco,
627 2102 728 2159 ubi
738 2104 958 2160 nostris
977 2106 1339 2178 temporibus
1361 2107 1588 2163 cunctis
1606 2105 1950 2162 imitabilem
1965 2103 2095 2163 diu-

448 2190 572 2251 tius
601 2191 825 2266 peregit
842 2191 1042 2250 vitam.
1074 2195 1205 2253 Fuit
1235 2213 1489 2269 namque
1510 2197 1670 2252 mirae
1703 2192 2092 2259 abstinentiae,

445 2278 706 2336 victricis
759 2282 1072 2354 patientia,
1118 2284 1366 2340 amatrix
1425 2283 1822 2358 paupertatis,
1878 2284 2095 2338 devota:

451 2368 827 2437 humilitatis,
851 2371 1262 2427 misericordiae
1292 2374 1565 2445 operibus
1593 2374 1808 2440 dedita,
1827 2371 2092 2443 jejuniis,

450 2456 666 2531 vigiliis
685 2462 743 2513 et
773 2458 1136 2516 orationibus
1166 2462 1575 2518 convenienter
1596 2463 1846 2517 intenta:
1870 2477 2097 2517 verum-

455 2545 630 2602 etiam
657 2548 943 2619 quaedam
966 2549 1749 2624 s,anctimoniales,qu:sinibi
1762 2567 1864 2623 per
1885 2551 2098 2606 misera

448 2634 705 2695 carnalis
716 2635 988 2693 desiderii
1007 2637 1295 2695 lenocinia
1311 2640 1650 2712 turpissime
1661 2638 2094 2704 volutabantur,

455 2723 674 2779 crebris
702 2724 1205 2784 exhortationibus
1244 2728 1315 2783 ad
1366 2728 1457 2784 sui
1504 2729 1889 2785 imitationem
1928 2728 2099 2799 juxta

454 2811 1906 2888 monitaApostoli,arguendo,obsecrando,necnon
1919 2817 2095 2872 etiam

2200 1305 2414 1361 xietate
2433 1309 2560 1378 jam
2600 1310 2700 1365 diu
2741 1311 3156 1384 postulaverat.
3190 1313 3317 1369 Ibat
3365 1314 3564 1385 itaque
3602 1312 3853 1368 multum

2203 1393 2410 1451 hilaris
2429 1401 2487 1451 et
2518 1398 2697 1454 nimis
2717 1399 3039 1470 exsultans,
3064 1406 3124 1457 et
3143 1401 3310 1475 quasi
3337 1402 3592 1474 quadam
3613 1401 3857 1469 immen-

2204 1483 2376 1539 sitate
2396 1482 2609 1542 laetitiae
2642 1488 2939 1562 absorpta,
2965 1490 3148 1547 totius
3169 1490 3397 1547 consilii
3428 1490 3713 1565 gravitate
3730 1508 3858 1565 pro-

2205 1571 2415 1642 posita,
2447 1575 2687 1646 superni
2745 1578 2897 1650 regis
2946 1578 3318 1637 aaternalibus
3366 1580 3726 1637 ornamentis
3755 1597 3854 1652 pe-

2204 1660 2463 1716 renniter
2487 1662 2857 1721 inserendam
2882 1666 3081 1723 subito
3110 1666 3299 1724 levare
3318 1666 3671 1724 moliebatur
3692 1669 3853 1724 caele-

2204 1753 2353 1806 stem
2385 1753 2787 1831 margaritam.
2813 1755 2923 1810 Sed
2956 1756 3145 1811 adfuit
3176 1756 3354 1812 divini
3388 1757 3695 1831 dispositio
3716 1774 3852 1813 con-

2203 1838 2340 1905 silii,
2375 1856 2503 1911 qua:
2535 1841 2688 1897 circa
2728 1828 2881 1900 beati
2921 1845 3180 1916 corporis
3218 1846 3463 1921 pignora
3484 1828 3731 1920 Faliquid
3764 1848 3851 1915 in-

2204 1927 2568 1985 considerate
2587 1930 2676 1986 vel
2699 1931 2900 1988 leviter
2920 1950 3035 1989 non
3050 1948 3179 1995 esse
3199 1936 3493 2009 agendum
3514 1935 3850 1993 declaravit.

2204 2017 2350 2071 Nam
2380 2034 2516 2074 mox
2545 2021 2797 2089 advenit,
2838 2039 2954 2078 non
3002 2039 3164 2092 casu,
3215 2025 3316 2080 sed
3357 2025 3457 2081 Dei
3489 2026 3854 2098 providentia

2202 2108 2567 2163 venerandus
2594 2111 2902 2183 presbyter
2928 2111 3085 2180 Giso,
3139 2118 3476 2170 sanctorum
3526 2119 3851 2188 martyrum

2204 2195 2465 2260 Quintini
2498 2200 2556 2252 et
2583 2196 2857 2254 Victorici
2889 2201 3201 2273 pignorum
3233 2208 3432 2260 custos
3457 2204 3724 2271 idoneus,
3751 2204 3849 2276 qui

2196 2283 2323 2355 jam
2371 2283 2538 2340 dicta:
2580 2288 3026 2360 praecipitationi
3076 2291 3172 2345 vix
3222 2291 3399 2349 ﬁnem
3448 2292 3749 2364 imposuit,
3795 2298 3854 2349 et

2203 2389 2405 2429 eorum
2431 2366 3675 2453 moliminavehementissimaincrepatione
3694 2398 3851 2438 coer-

2204 2463 2346 2530 cuit,
2376 2463 2522 2532 Non,
2546 2463 2839 2539 inquiens,
2863 2467 3506 2540 rationabilevidemur,
3531 2475 3597 2526 ut
3614 2471 3740 2527 sine
3758 2488 3855 2527 au—

2205 2553 2472 2609 ctoritate
2528 2558 2587 2610 et
2632 2570 2921 2611 consensu
2971 2556 3151 2626 hujus
3200 2557 3508 2615 diaeceseos
3559 2559 3853 2631 pontiﬁcis

2204 2640 2381 2699 levari
2418 2640 2627 2695 debeat
2662 2656 2873 2711 corpus
2916 2646 3036 2696 tam
3077 2643 3432 2699 beatissima:
3452 2646 3735 2716 virginis:
3767 2647 3853 2702 vi-

2204 2727 2414 2782 delicet
2460 2742 2532 2780 ne
2568 2742 2697 2797 quae
2728 2726 2914 2782 multo
2934 2729 3061 2799 jam
3093 2733 3354 2799 tempore
3382 2731 3539 2787 fama
3564 2732 3846 2787 virtutum

2205 2815 2374 2886 longe
2402 2812 2632 2885 lateque
2660 2814 2932 2888 plurimis
2969 2815 3127 2871 clara
3154 2816 3445 2885 extiterat,
3476 2818 3656 2893 hujus
3685 2820 3846 2876 subi—

454 2899 827 2973 increpando,
861 2902 1158 2962 continere
1203 2905 1502 2963 invitabat.
1538 2908 1649 2965 Sed
1682 2907 1835 2963 sicut
1864 2920 2094 2976 semper
2131 2898 2176 2967 C
2204 2908 2353 2960 tanm
2382 2919 2449 2959 ac
2478 2901 2636 2960 velut
2666 2903 2888 2960 furtivae
2940 2904 3343 2962 translationis
3373 2905 3559 2981 elogio
3589 2907 3846 2964 vilescat.

450 2988 747 3051 contraria
768 3008 898 3048 esse
918 2992 1064 3050 solet
1080 2995 1200 3051 vita
1210 2996 1512 3068 justorum
1537 2995 1799 3052 moribus
1831 2986 2096 3065 reprobo-

402 3132 407 3141 ,
448 3095 610 3146 rum,
642 3080 840 3152 gravia
868 3081 951 3138 eis
981 3083 1136 3139 facta
1163 3088 1251 3141 est
1279 3085 1454 3141 etiam
1475 3084 1548 3141 ad
1569 3085 1907 3140 videndum.
1936 3081 2096 3136 Unde

453 3183 559 3241 per
582 3169 769 3224 multa
795 3173 1107 3244 opprobria
1125 3178 1182 3230 et
1210 3174 1519 3233 maledicta
1550 3176 1722 3245 atque
1744 3171 2094 3227 insidiarum

446 3257 647 3331 .jacula
676 3275 803 3332 quae
835 3261 887 3317 ei
923 3262 1296 3331 intorserant,
1320 3264 1459 3335 quia
1495 3279 1691 3319 amore
1711 3260 2093 3320 sanctissimae

453 3346 697 3420 virginis
727 3349 1108 3423 Huncgundis
1139 3353 1247 3408 hoc
1277 3352 1336 3409 in
1369 3352 1572 3409 eodem
1600 3351 1725 3407 loco
1753 3349 1997 3406 detineri
2020 3348 2098 3403 vi-

447 3436 721 3506 .debatur,
754 3438 825 3494 de
871 3440 1000 3511 ejus
1046 3441 1195 3497 sacri
1240 3441 1501 3514 corporis
1530 3441 1796 3495 absentia
1826 3439 2093 3509 quaedam

448 3541 611 3580 ausae
642 3531 781 3585 sunt
803 3530 1184 3587 commentari
1209 3530 1505 3601 ﬁgmenta.
1530 3528 1718 3599 Hujus
1738 3544 1992 3601 namque
2013 3528 2094 3583 rei

454 3612 643 3687 gratia
662 3616 1234 3689 requirendumtanti
1253 3617 1510 3689 corporis
1524 3616 1964 3673 sanctissimum
1979 3616 2097 3673 the-

456 3720 696 3763 saurum
729 3705 916 3771 ﬁdelis
946 3706 1190 3762 intentio
1221 3711 1585 3778 provocatur,
1608 3706 1807 3764 dicens
1836 3706 1949 3762 sibi
1980 3722 2095 3762 non

447 3808 585 3849 eam
617 3794 694 3849 ibi
725 3798 1120 3866 opportunum
1143 3810 1271 3849 esse
1291 3795 1544 3867 amplius
1564 3812 1820 3863 manere,
1853 3796 1901 3852 si
1934 3795 2097 3852 locus

450 3882 643 3939 iisdem
674 3883 977 3945 fraudatus
997 3887 1153 3939 esset
1179 3888 1299 3938 tam
1340 3889 1544 3941 sancta
1575 3889 1633 3941 et
1674 3883 2099 3958 gloriosissima

456 3976 663 4031 matre.

525 4061 579 4114 3.
598 4059 949 4133 igituranno
981 4062 1402 4121 Incarnationis
1432 4064 1747 4121 Dominicis
1777 4068 2096 4137 nongente-

443 4147 603 4204 sime
625 4150 1073 4225 quadragesimo
1089 4153 1564 4222 sexto,Ludovico
1586 4153 2096 4225 regnante,quinto

2205 2991 2329 3049 Tali
2352 3009 2485 3048 vero
2514 2994 2719 3050 ordine
2755 3010 2957 3050 eorum
3001 2995 3232 3051 nisibus
3276 2996 3598 3055 terminum
3630 2998 3848 3069 posuit,

2205 3086 2380 3153 atque
2409 3098 2513 3154 per
2538 3083 2783 3155 triginta
2820 3088 2880 3139 et
2934 3085 3084 3140 duos
3130 3084 3255 3140 dies
3294 3085 3378 3141 ita
3408 3090 3676 3157 apertum
3707 3088 3850 3141 scri-

2204 3170 2370 3226 nium
2402 3170 2460 3224 in
2485 3186 2601 3243 quo
2626 3171 3035 3228 beatissimum
3060 3189 3273 3244 corpus
3285 3174 3541 3245 jacebat,
3564 3175 3849 3230 intactum

2203 3260 2598 3329 observantes,
2651 3261 2949 3333 sacrisque
2995 3261 3211 3334 vigiliis
3239 3261 3332 3317 die
3364 3268 3657 3334 noctuque
3686 3264 3850 3319 incu-

2205 3350 2430 3417 bantes,
2455 3349 2709 3421 episcopi
2766 3350 3080 3406 adventum
3140 3350 3457 3422 p‘raastolati
3514 3357 3673 3409 sunt.
3724 3353 3850 3410 Non

2205 3439 2408 3511 utique
2428 3438 2555 3494 sine
2574 3455 2755 3494 causa
2774 3438 2925 3494 hanc
2940 3439 3278 3495 dilationem
3303 3441 3674 3513 omnipotens
3696 3441 3851 3496 Deus

2203 3528 2329 3582 ﬁeri
2358 3525 2560 3594 voluit,
2586 3527 2688 3583 sed
2720 3531 2786 3582 ut
2811 3543 2989 3599 quam
3020 3544 3217 3583 coram
3249 3528 3473 3601 angelis
3504 3531 3851 3602 cunctisque

2195 3616 2497 3687 justorum
2528 3616 2835 3688 spiritibus
2867 3617 2992 3689 jam
3034 3633 3169 3672 cum
3209 3618 3440 3674 Christo
3470 3620 3529 3674 in
3571 3618 3732 3676 caelis
3763 3636 3848 3674 rc-

2204 3704 2524 3779 gnantibus
2553 3703 2989 3771 clariﬁcaverat,
3020 3722 3150 3761 eam
3172 3706 3350 3762 etiam
3382 3707 3439 3762 in
3472 3708 3644 3763 terris
3669 3707 3853 3763 homi-

2206 3795 2381 3849 nibus
2410 3792 2601 3849 adhuc
2630 3810 2806 3848 carne
2835 3794 3201 3867 corruptibili
3221 3800 3279 3850 et
3310 3801 3680 3867 peccatorum
3703 3795 3852 3852 mole

2205 3884 2460 3956 gravatis
2488 3883 2878 3938 venerabilem
2905 3883 3257 3956 designaret.

2275 3972 2328 4027 4.
2363 3972 2500 4026 Erat
2520 3971 2776 4043 profecto
2808 3987 2911 4044 per
2938 3971 3093 4028 idem
3140 3976 3375 4044 tempus
3431 3976 3593 4028 tanta
3624 3970 3853 4047 pluvia—

2206 4076 2337 4117 rum
2378 4060 2706 4128 inundatio,
2739 4064 2806 4115 ut
2834 4077 2951 4132 prae
2999 4060 3183 4116 nimia
3221 4078 3511 4132 aquarum
3570 4064 3853 4120 effusione

2206 4166 2576 4222 nequaquam
2603 4148 2865 4205 valerent
2899 4147 3282 4222 agricultores
3321 4155 3536 4205 terram
3575 4152 3852 4220 excolere,

454 4236 549 4291 die
567 4236 753 4309 pridie
783 4239 1081 4295 Nonarum
1106 4240 1392 4308 Octobris,
1418 4246 1550 4313 post
1569 4240 1824 4314 plurima
1844 4243 2093 4313 jejunis,
2127 4267 2175 4339 Β
2209 4256 2396 4312 neque
2443 4242 2765 4295 sementem
2819 4238 2933 4294 nisi
2983 4254 3118 4293 cum
3170 4239 3575 4313 desperatione
3606 4241 3849 4313 jactare.

450 4330 589 4399 post
606 4326 840 4385 crebras
859 4327 1249 4401 vigilias,post
1267 4329 1487 4386 multas
1518 4329 2096 4403 lacrymas,eamdem
2127 4326 2167 4339 ’⁷
2207 4330 2420 4385 Eadem
2441 4346 2575 4385 vero
2593 4328 2739 4384 hora
2757 4328 3077 4400 eodemque
3089 4334 3406 4397 momento,
3433 4333 3497 4385 ut
3513 4329 3849 4404 operculum

448 4418 683 4471 noctem
715 4431 851 4471 cum
880 4415 975 4473 his
993 4419 1270 4477 omnibus
1296 4434 1445 4490 quos
1462 4418 1550 4475 vel
1573 4436 1719 4492 quas
1749 4420 1822 4476 ad
1844 4420 1953 4475 hoc
1975 4436 2100 4493 pro-

454 4518 659 4559 vocare
688 4504 897 4577 potuit,
928 4505 1258 4563 insomnem
1296 4508 1516 4563 ducens
1548 4524 1650 4580 per
1673 4510 1880 4564 uberes
1909 4514 1967 4564 et
1987 4508 2095 4563 im-

448 4608 692 4648 mensos
721 4592 1113 4668 lacrymarum
1144 4595 1384 4665 imbres,
1419 4596 1836 4669 omnipotentis
1865 4598 2095 4653 Domini

455 4680 826 4739 clementiam
857 4682 1160 4740 humiliter
1188 4684 1538 4757 imploravit,
1573 4689 1638 4741 ut
1666 4686 1716 4741 ei
1749 4690 1962 4742 sanctae
1981 4688 2095 4742 vir-

455 4768 609 4843 ginis
621 4788 740 4827 suaa
752 4771 1111 4829 sacratissim
1120 4790 1217 4828 um
1233 4790 1446 4847 corpus
1456 4773 1709 4831 revelare
1736 4774 2093 4848 dignaretur,

454 4859 723 4933 factoque
761 4878 933 4918 mane
981 4866 1114 4934 post
1149 4867 1382 4935 peracta
1422 4863 1737 4919 missarum
1789 4864 2092 4933 solemnia,

455 4949 645 5006 ﬁdelis
670 4967 735 5006 ac
765 4951 881 5007 Deo
903 4952 1107 5008 devota
1125 4952 1362 5021 femina,
1391 4954 1704 5025 pretiosam
1725 4952 1875 5009 sacri
1893 4971 2095 5027 corpo-

448 5036 540 5093 ris
569 5053 840 5108 gemnam
855 5041 1117 5096 studiose
1129 5041 1465 5114 quaesitura,
1489 5041 1787 5097 sarculum
1809 5042 2054 5115 arripuit
2079 5060 2090 5098 :

456 5126 792 5199 factumque
821 5132 909 5184 est
948 5134 1242 5186 annuente
1287 5131 1710 5202 omnipotentia
1751 5131 2092 5201 divinitatis,

456 5230 586 5286 quae
607 5231 669 5270 se
686 5214 749 5269 in
763 5216 1005 5272 veritate
1025 5218 1358 5289 petentibus
1374 5217 1520 5273 nihil
1543 5234 1754 5292 negare
1774 5221 2092 5288 consuevit,

456 5307 522 5359 ut
550 5305 706 5376 quod
737 5304 989 5360 ﬁdeliter
1008 5308 1321 5377 quaarebat,
1349 5306 1596 5363 feliciter
1614 5306 1917 5364 inveniret.
1942 5310 2097 5365 Laeta

444 5393 747 5465 siquidem
778 5398 834 5450 et
865 5395 1148 5467 gaudens,
1177 5395 1561 5468 omnipotenti
1599 5397 1846 5454 Domino
1876 5398 2094 5471 gratias

523 5517 918 5607 {flLYelamen
934 5521 1094 5607 istud
1117 5520 1332 5607 cmiibis
1353 5521 1481 5607 vitae
1510 5524 1852 5607 peragendis
1876 5526 2094 5607 tessera

454 5588 588 5651 fuit.
604 5589 701 5648 Sic
727 5590 920 5653 Guudi
959 5592 1181 5653 femina
1222 5602 1362 5651 veste
1396 5601 1448 5650 et
1475 5588 1745 5653 υὲιατηῖηε
1771 5604 1970 5653 sancta:
1999 5598 2096 5654 Dei

2207 4418 2459 4475 levatum
2476 4422 2568 4475 est
2583 4418 2657 4474 de
2688 4416 3070 4489 sarcophago,
3095 4434 3224 4475 sese
3250 4434 3351 4490 per
3371 4419 3707 4487 fenestram,
3723 4435 3849 4491 quae

2203 4509 2322 4564 sita
2348 4512 2473 4564 erat
2498 4523 2667 4563 secus
2696 4505 2889 4562 locum
2920 4505 3107 4562 sancti
3140 4506 3413 4579 sepulcri,
3444 4506 3846 4580 splendidissi-

2207 4616 2340 4652 mus
2352 4596 2568 4652 infudit
2580 4596 2780 4653 radius
2794 4596 3061 4667 solis,qui
3083 4594 3431 4651 mirabiliter
3441 4596 3659 4652 effulsit
3674 4614 3739 4652 su
3748 4613 3849 4669 per

2205 4704 2416 4758 corpus
2448 4685 2799 4741 beatissima:
2819 4684 3090 4757 virginis:
3116 4684 3318 4755 sicque
3347 4684 3547 4758 fugata
3567 4685 3723 4741 omni
3747 4702 3851 4739 nu-

2206 4776 2368 4831 bium
2400 4774 2708 4842 densitate,
2743 4790 2879 4827 cum
2910 4777 3075 4828 tanta
3101 4771 3397 4830 celeritate
3428 4774 3601 4829 rediit
3630 4774 3846 4829 sereni-
3936 4818 3939 4825 ,

2204 4869 2295 4919 tas
2326 4863 2498 4930 aeris,
2527 4878 2593 4918 ac
2624 4862 2674 4916 si
2705 4878 2808 4933 pro
2839 4878 3077 4933 corpore
3105 4861 3371 4918 almiﬁca:
3401 4863 3665 4935 virginis,
3698 4861 3848 4918 alius

2204 4952 2372 5024 quasi
2407 4950 2491 5006 sol
2526 4950 2663 5006 oriri
2692 4950 2985 5006 videretur
3013 4950 3072 5005 in
3101 4951 3309 5007 terris:
3343 4968 3408 5007 ac
3435 4950 3594 5008 velut
3622 4951 3709 5007 sol
3740 4952 3851 5007 iste

2202 5039 2450 5097 visibilis
2481 5038 2605 5094 suis
2632 5039 2873 5095 vocibus
2912 5038 3318 5113 proclamaret,
3361 5057 3421 5096 se
3452 5058 3565 5097 non
3594 5036 3770 5113 posse
3798 5041 3849 5096 ei

2206 5148 2317 5186 non
2350 5129 2688 5183 ministrare
2711 5127 3049 5185 instabilem
3079 5128 3269 5185 lucem
3301 5129 3359 5183 in
3389 5131 3581 5197 terris,
3615 5129 3706 5185 cui
3737 5134 3851 5185 sta~

2204 5219 2400 5275 biliter
2429 5220 2488 5274 in
2527 5218 2688 5275 ccelis
2718 5218 2987 5291 splendet
3025 5218 3221 5275 lumen
3269 5220 3629 5274 aeternitatis.
3664 5222 3850 5275 Tanta

2202 5309 2453 5381 denique
2496 5307 2758 5365 claritate
2805 5309 3078 5381 perfusus
3122 5312 3212 5362 est
3269 5307 3432 5364 locus
3490 5308 3849 5365 sanctissimi

2202 5398 2501 5471 corporis,
2552 5403 2619 5454 ut
2667 5399 2963 5454 incertum
3023 5396 3171 5453 foret
3223 5397 3591 5454 intuentibus
3650 5403 3848 5454 utrum

2201 5524 2490 5609 genetricis
2520 5523 2707 5580 Maria:
2735 5522 2946 5605 induta
2971 5521 3273 5604 diciturjn
3306 5505 3520 5596 pla'cito
3551 5523 3689 5580 anni
3719 5520 3846 5594 874,

2202 5616 2260 5653 in
2286 5595 2390 5653 lib.
2413 5613 2469 5652 v1
2502 5595 2574 5652 de
2603 5595 2683 5651 Re
2714 5593 3093 5653 diplomatica
3123 5594 3296 5653 edito:

2202 5616 2260 5653 In
2289 5612 2390 5653 ιιι).
2413 5613 2469 5652 VI
2502 5612 2574 5652 [ιθ
2603 5612 2683 5651 ne
2714 5612 3093 5667 diplomauca
3123 5612 3296 5653 edito:
