4166 6172
351 402 430 460 65
1340 408 1444 468 DE
1485 354 2091 468 'i‘RANSLATlONE
2130 400 2197 462 S.
2244 401 2776 466 HUNBGUNDIS.
3674 406 3755 473 66

353 535 516 590 radio
575 535 720 593 solis
776 536 950 594 istius
1013 539 1392 596 materialiter
1449 538 1713 612 fulgeret,
1774 555 1848 594 an
1906 536 1996 591 lu-
2019 536 2077 603 Α
2106 535 2369 603 adduxit,
2402 548 2582 607 seque
2611 538 2771 592 omni
2801 552 2956 594 anno
2987 538 3249 610 quandiu
3271 538 3564 595 adviveret
3592 556 3753 597 cum-

353 624 513 678 mine
570 625 779 680 divine
836 624 1141 682 claritatis.
1199 628 1559 701 Factumque
1625 632 1715 684 est
1772 626 2001 681 cunctis
2109 623 2242 679 dem
2275 622 2468 679 locum
2498 641 2634 680 cum
2663 624 3056 682 luminaribus
3101 631 3160 682 et
3212 626 3534 683 amicorum
3576 629 3751 685 turba

353 711 585 780 diebus,
628 714 845 784 quibus
893 714 976 770 ita
1005 721 1280 772 reserato
1321 717 1511 789 jacuit
1554 714 1872 782 mausoleo,
1906 714 2000 786 pie

351 801 753 872 quaerentibus
782 803 1213 875 conspicabilis,
1237 809 1299 860 ut
1328 822 1631 877 nunquam
1652 804 1892 860 omnino
1910 819 1996 857 re-

353 890 586 944 cederet
612 890 703 945 vis
735 892 875 946 tauti
913 892 1175 965 fulgeris.
1210 894 1355 949 Nam
1405 912 1440 950 a
1483 900 1713 966 pectore
1764 897 1821 948 et
1868 909 1996 947 sur-

352 995 509 1045 sum,
532 995 635 1050 pro
660 981 928 1036 minutiis
948 986 1005 1037 et
1026 983 1299 1039 sordibus
1332 983 1605 1054 pulveris,
1622 982 1866 1038 nitentia
1884 997 2000 1035 res-

353 1066 710 1137 plendebant
730 1070 1020 1141 fragmina
1051 1072 1529 1143 margaritarum;
1554 1076 1611 1127 et
1640 1071 1997 1143 quibusdam

352 1155 703 1212 clarissimis
721 1157 993 1213 scintillis
1025 1161 1468 1232 erumpentibus
1488 1161 1898 1233 aspicientium
1916 1174 2000 1213 re-

351 1245 814 1301 verberabantur
843 1248 1080 1302 obutus.
1115 1249 1259 1304 Cum
1302 1251 1502 1305 eodem
1549 1251 1726 1306 etiam
1776 1248 1999 1303 lumine

355 1339 517 1389 tanta
538 1352 780 1407 aspersa
803 1341 889 1391 est
914 1336 1045 1392 miri
1071 1338 1265 1394 odoris
1286 1339 1623 1411 fragrantia,
1640 1343 1705 1393 ut
1732 1336 1997 1394 omnium

352 1424 678 1478 astantium
726 1440 898 1480 nares
941 1425 1220 1482 ineﬁ‘abili
1273 1430 1557 1484 suavitate
1615 1427 1995 1500 replerentur.

354 1512 491 1576 Quae
517 1511 679 1566 omni
709 1516 972 1585 tempore
1003 1531 1118 1586 quo
1157 1515 1239 1571 ita
1277 1518 1485 1587 jacuit,
1516 1516 2000 1589 quotiescumque

353 1599 530 1655 variis
561 1600 1008 1658 inﬁrmitatibus
1039 1604 1335 1676 oppressis
1356 1607 1428 1661 ad
1456 1607 1769 1662 videndam
1792 1603 2001 1660 revela-

356 1687 528 1742 batur
546 1688 708 1760 (nam
733 1690 1073 1763 quicunque
1113 1692 1265 1749 hanc
1311 1694 1504 1751 videre
1543 1698 1828 1767 poterant,
1860 1706 2001 1765 qua-

355 1793 587 1847 cunque
614 1777 960 1835 inﬁrmitate
988 1780 1574 1851 detinerentur,illico
1596 1781 1999 1852 sanabuntur),

2106 710 2485 767 visitaturum
2518 712 2807 784 promisit.
2902 724 2913 739 ί

2176 802 2232 855 6.
2267 800 2384 856 Hoc
2412 818 2647 873 quoque
2675 802 2979 858 intervallo
3009 802 3538 883 quidam‘rusticus
3569 808 3752 863 nomi-

2107 903 2179 943 ne
2212 889 2431 960 Lupus,
2466 891 2569 961 qui
2602 891 2793 946 adhuc
2824 896 3108 963 superest,
3144 895 3201 946 et
3230 898 3492 949 moratur
3529 895 3586 949 in
3621 912 3747 952 cas-

2108 981 2196 1031 tro
2228 978 2382 1047 quod
2414 978 2633 1032 dicitur
2662 978 2917 1034 Parrona
2948 979 3025 1051 (5)
3055 982 3303 1036 accessit
3330 998 3466 1036 cum
3498 983 3748 1039 naturali

2109 1065 2229 1119 ﬁlia
2258 1082 2385 1136 quae
2417 1072 2657 1122 vocatur
2682 1066 2973 1133 Afﬁindis,
3012 1068 3183 1124 ambo
3235 1086 3338 1140 pro
3386 1071 3750 1144 aegritudinis

2108 1164 2227 1208 sua:
2270 1152 2537 1210 molestia
2566 1154 2738 1210 istius
2767 1154 3154 1211 sanctissimae
3200 1157 3441 1230 virginis
3492 1160 3748 1230 postula-

2107 1241 2223 1297 turi
2256 1243 2556 1315 suffragia.
2571 1244 2717 1299 Nam
2750 1248 2917 1316 pater
2949 1245 3178 1301 obtusis
3208 1248 3452 1304 auribus
3482 1248 3749 1304 auditum

2108 1332 2466 1403 perdiderat;
2503 1331 2624 1389 ﬁlia
2668 1349 2801 1389 vero
2850 1350 2952 1405 per
2999 1351 3113 1389 non
3168 1336 3465 1392 modicum
3515 1342 3753 1410 tempus

2109 1418 2412 1475 oculorum
2442 1420 2834 1493 corporalium
2866 1421 3064 1477 lumen
3115 1423 3411 1480 amiserat.
3446 1425 3753 1498 Supplices

2107 1508 2354 1581 igituret
2364 1526 2499 1564 cum
2512 1508 2695 1565 nimia
2708 1510 3097 1566 amaritudine
3109 1512 3754 1586 ﬁentes,omnipotentis

2110 1596 2341 1653 Domini
2373 1597 2833 1655 misericordiam
2882 1598 3294 1671 implorabant,
3332 1608 3623 1673 quatenus
3650 1620 3755 1677 per

2111 1686 2385 1742 meritum
2418 1686 2769 1743 beatissima:
2799 1687 3042 1759 virginis
3071 1687 3156 1743 eis
3193 1690 3521 1760 proveniret
3566 1708 3750 1747 reme-

2110 1775 2274 1830 dium
2305 1775 2775 1847 sanitatiszquod
2802 1780 2860 1831 et
2883 1776 3104 1832 factum
3135 1778 3341 1832 est.Ab
3373 1777 3471 1834 illo
3497 1796 3754 1851 namque

356 1865 543 1919 isdem
576 1864 891 1937 praedictus
916 1868 1304 1927 suavissimus
1333 1871 1474 1928 ador
1502 1890 1629 1928 esse
1660 1872 1911 1937 suavior,
1943 1873 2004 1925 et
2031 1908 2079 1972 Β
2112 1863 2206 1963 die
2232 1868 2291 1919 et
2320 1868 2485 1972 pater
2510 1862 2803 1929 auditum,
2835 1868 2895 1972 et
2920 1863 3043 1919 ﬁlia
3072 1864 3283 1921 melius
3309 1866 3524 1972 habere
3539 1870 3756 1972 meruit

354 1970 590 2025 semper
615 1955 673 2008 in
706 1954 917 2012 melius
966 1964 1271 2029 reparatus
1319 1962 1694 2033 praesentium
1742 1959 2003 2032 replebat
2031 1952 2079 1972 ”
2106 1952 2321 2008 visum.
2354 1952 2569 2007 Eadem
2601 1968 2835 2024 quoque
2865 1952 3010 2008 hora
3034 1954 3446 2027 suprascripta;
3477 1955 3755 2012 inventio-

353 2041 626 2097 olfactus.
662 2042 724 2097 In
755 2043 863 2099 hac
894 2061 1031 2118 ergo
1060 2052 1234 2102 tanta:
1268 2050 1473 2105 matris
1501 2049 1832 2105 inventione
1883 2050 1998 2104 fac-

351 2134 482 2184 tum
515 2136 605 2186 est
635 2148 916 2205 magnum
946 2134 1228 2206 gaudium
1252 2137 1311 2191 in
1342 2139 1501 2193 omni
1532 2138 1722 2193 vicina
1742 2138 1997 2210 regione.

356 2219 690 2274 Laetabatur
718 2219 895 2277 tellus
922 2239 984 2278 se
1005 2227 1124 2278 tam
1152 2224 1374 2281 clarum
1408 2226 1506 2282 diu
1541 2228 1706 2283 sidus
1737 2227 1948 2282 texisse
1983 2243 1996 2280 :

354 2307 609 2363 exsultat
638 2325 737 2364 aer
766 2313 939 2365 tanta:
980 2312 1224 2385 virginis
1272 2314 1460 2386 gratia
1507 2315 1631 2371 οωΙί
1682 2332 1888 2370 serena
1939 2332 2003 2371 se

355 2397 636 2468 adeptum
651 2398 769 2454 fore
785 2398 989 2455 nubila
1007 2418 1020 2468 ;
1035 2402 1253 2473 gaudet
1267 2403 1408 2460 solis
1428 2405 1630 2460 radius
1649 2403 1999 2476 obsequium

356 2485 625 2557 praebens
653 2486 804 2541 sacri
834 2488 1095 2560 corporis
1125 2492 1369 2547 artubus
1395 2510 1409 2559 ;
1443 2492 1771 2565 gratulatur
1798 2509 2002 2565 super-

358 2573 610 2630 cazlestis
638 2574 941 2631 beatorum
970 2582 1169 2634 turma
1198 2579 1708 2654 spirituum,quod
1739 2581 2004 2637 videlicet

356 2662 431 2716 de
444 2663 615 2733 cujus
620 2662 749 2733 jam
771 2666 980 2719 animae
1000 2668 1257 2738 gaudent
1277 2668 1569 2738 societate,
1594 2671 1722 2741 ejus
1748 2670 2001 2742 profecto

355 2750 758 2807 sacratissima
769 2754 1034 2809 membra
1045 2754 1324 2811 ineil‘abili
1335 2756 1602 2814 laetitiain
1615 2759 1707 2815 die
1720 2773 2007 2815 resurrec-

355 2837 535 2893 tionis
547 2840 810 2895 omnium
824 2858 927 2913 pro
941 2843 1165 2899 meritis
1176 2844 1831 2917 gloriﬁcanda,ﬁdeliter
1839 2863 2004 2903 vene-

358 2927 478 2982 rari
496 2928 1071 3000 conspiciuntadhuc
1100 2932 1161 2987 in
1175 2940 1427 3007 angusta
1455 2936 1670 2992 tumuli
1701 2936 1999 3009 spelunca.

428 3019 488 3072 5.
518 3018 602 3071 Ad
634 3017 837 3075 laudes
868 3017 1065 3092 itaque
1096 3010 1428 3080 referendas
1466 3026 1656 3081 valere
1707 3026 2003 3081 credimus

358 3104 626 3160 omnium
651 3106 957 3175 conditori,
978 3108 1027 3164 si
1040 3110 1352 3167 tradantur
1376 3120 1744 3187 posterorum
1762 3114 1998 3183 notitiae,

360 3211 491 3265 quae
521 3193 804 3252 Dominus
849 3197 1132 3254 miracula
1178 3202 1402 3272 operari
1449 3202 1634 3259 voluit
1685 3204 1744 3259 in
1801 3205 2000 3260 inven-

2109 2041 2223 2110 nis,
2258 2041 2495 2114 quidam
2531 2057 2757 2113 pauper
2786 2040 2997 2113 spiritu
3028 2042 3265 2098 nomine
3300 2044 3636 2101 Adelbodus
3657 2046 3751 2117 ja-

2109 2130 2276 2186 cebat
2307 2128 2466 2186 omni
2498 2130 2899 2186 membrorum
2941 2131 3132 2187 ofﬁcio
3182 2131 3518 2200 destitutus,
3549 2138 3608 2189 et
3648 2152 3752 2207 pro

2108 2220 2296 2275 exitus
2327 2218 2419 2274 sui
2452 2218 2789 2287 vicinio,die
2817 2224 3134 2288 transacta,
3149 2221 3407 2292 corporis
3438 2227 3495 2278 et
3522 2222 3756 2295 sangui-

2110 2308 2203 2363 nis
2234 2307 2521 2363 Dominici
2541 2308 2927 2364 sacramentis
2961 2309 3249 2377 munitus,
3266 2311 3493 2366 cunctis
3515 2311 3752 2383 quidem

2108 2384 2415 2453 videbatur
2446 2396 2618 2452 morti
2652 2397 2963 2471 contiguus
2999 2414 3012 2453 :
3042 2415 3178 2453 mox
3222 2403 3288 2454 ut
3316 2399 3540 2456 audivit
3569 2399 3754 2473 signis

2111 2486 2599 2558 concrepantibus
2615 2486 2761 2541 tanti
2776 2486 3020 2543 somatis
3032 2504 3233 2543 orama
3244 2489 3319 2560 (6)
3350 2488 3752 2563 perspicuum,

2110 2574 2299 2647 surgit
2319 2592 2351 2629 a
2371 2573 2604 2643 lectulo,
2621 2574 2849 2631 nullum
2870 2575 2931 2632 in
2953 2580 3115 2632 motu
3134 2577 3533 2633 membrorum
3556 2582 3753 2635 osten-

2110 2664 2257 2719 dens
2287 2663 2651 2719 inﬁrmitatis
2681 2664 2990 2733 indicium,
3024 2664 3322 2736 curritque
3353 2666 3426 2721 ad
3466 2666 3753 2738 templum

2112 2751 2582 2824 sanctaevirginis
2594 2752 3057 2823 gestiensvidere
3092 2751 3528 2827 sepulcrum,et
3556 2771 3752 2828 arrep-

2110 2845 2232 2894 tam
2245 2840 2370 2895 suis
2382 2856 2560 2894 unam
2583 2856 2652 2894 ex
2672 2839 2877 2894 ovibus
2898 2839 3052 2894 hanc
3076 2844 3291 2894 sanctae
3313 2839 3523 2913 virgini
3542 2842 3755 2898 obtulit

2111 2928 2171 2983 in
2202 2945 2441 2995 munus,
2465 2932 2523 2983 et
2551 2927 2626 2982 ab
2654 2926 2997 2982 inﬁrmitate
3020 2927 3289 2999 protinus
3320 2927 3750 2999 convalescens,

2110 3016 2336 3072 nullam
2348 3016 2623 3089 deinceps
2632 3021 2941 3071 transacta:
2963 3015 3243 3071 molestia:
3255 3018 3440 3072 sensit
3450 3017 3531 3090 inj
3540 3018 3625 3074 uri
3634 3035 3728 3074 am
3737 3061 3750 3074 .

2178 3109 2233 3160 7.
2269 3106 2484 3161 Eodem
2514 3121 2648 3160 vero
2668 3104 2861 3159 adhuc
2887 3105 3164 3160 reboante
3183 3104 3463 3178 tripudio,
3486 3108 3753 3179 quaedam

2108 3194 2285 3250 vidua
2313 3193 2549 3249 nomine
2576 3191 2879 3266 Wiburgis
2902 3193 3139 3264 jacebat
3167 3193 3346 3249 nimis
3378 3200 3754 3268 aagrota,quze

359 3284 519 3338 tione
548 3283 936 3341 sanctissimae
987 3287 1375 3360 Hunegundis
1413 3291 1655 3365 virginis
1686 3310 1826 3349 sum,
1856 3293 2004 3349 Nam
2036 3273 2079 3341 C
2109 3282 2281 3356 paulo
2304 3288 2438 3338 ante
2460 3299 2564 3355 pro
2585 3281 2775 3339 exitus
2801 3281 2891 3338 sui
2914 3283 3342 3355 exspectatione
3385 3283 3596 3341 divinis
3625 3302 3754 3358 per-

361 3370 600 3443 quidem
660 3373 1054 3431 daamoniacus
1103 3390 1207 3448 per
1252 3395 1466 3436 manus
1514 3382 1859 3451 amicorum,
1902 3383 2004 3454 qui

361 3476 528 3532 spem
558 3463 803 3518 curandi
835 3464 1108 3520 eumdem
1158 3484 1332 3538 quem
1384 3470 1676 3527 ducebant
1711 3470 1772 3527 in
1804 3477 2007 3527 sancta

361 3548 587 3621 virgine
626 3550 797 3605 firma
824 3552 938 3607 ﬁde
987 3552 1335 3625 locaverant,
1370 3559 1679 3628 adductus,
1710 3559 2006 3616 reluctans

362 3643 418 3692 et
446 3638 750 3710 proprium
780 3639 892 3695 iter
936 3642 1073 3698 totis
1119 3643 1345 3702 viribus
1388 3647 1735 3719 impediens,
1767 3651 2005 3705 tandem

364 3741 499 3780 cum
534 3742 749 3799 magno
780 3728 976 3785 labore
1015 3732 1218 3789 multis
1266 3737 1667 3806 prementibus
1711 3737 1771 3793 in
1814 3737 2005 3810 ipsius

364 3813 545 3870 beata:
594 3815 838 3888 virginis
888 3819 1193 3877 ecclesiam
1240 3822 1537 3896 impulsus
1584 3831 1691 3882 est.
1724 3827 1832 3892 Qui
1861 3828 2002 3882 dum

362 3918 468 3973 per
510 3920 725 3961 manus
771 3911 828 3960 et
875 3907 1117 3965 brachia
1160 3927 1364 3969 versus
1425 3913 1604 3971 altare
1652 3915 2001 3982 traheretur,

361 3992 599 4062 quando
628 3995 819 4066 magis
847 3994 1035 4051 eidem
1062 4001 1587 4074 appropinquabat,
1602 4008 1764 4060 tanto
1796 4004 2005 4073 majori

360 4079 601 4135 vesania
628 4097 932 4152 accensus,
947 4083 1373 4157 impellentium
1410 4091 1639 4148 nisibus
1675 4093 2000 4149 resistebat.

358 4169 469 4234 Qui
498 4168 601 4223 diu
631 4168 940 4241 luctantes,
985 4175 1059 4229 ad
1100 4174 1376 4233 ultimum
1397 4197 1675 4237 vesanum
1699 4188 2000 4254 superant,

359 4260 417 4308 et
448 4271 645 4311 coram
676 4257 847 4314 altari
878 4265 1169 4318 statuunt.
1202 4267 1382 4330 Quem
1414 4268 1549 4325 inde
1596 4276 2003 4341 promoventes

357 4342 431 4398 ad
463 4343 867 4416 aspiciendum
889 4351 1248 4408 sanctissimi
1266 4357 1524 4428 corporis
1552 4359 1849 4415 tumulum
1870 4376 2003 4415 ocu-

354 4431 449 4487 los
477 4431 771 4490 inflectere
802 4444 1038 4508 cogunt.
1072 4442 1331 4506 Quorum
1362 4445 1650 4502 desiderio
1697 4448 2002 4505 subvenire

356 4521 605 4592 cupiens
632 4540 784 4595 stepe
832 4526 989 4582 diota
1033 4531 1497 4590 sanctimonialis
1544 4536 1714 4592 Berta
1760 4537 1999 4605 scilicet,

357 4615 573 4666 retecto
630 4612 925 4706 sepulcro;
954 4617 1269 4675 videndum
1326 4622 1543 4689 velum,
1604 4627 1758 4697 quod
1828 4643 2006 4698 super
2033 4642 2080 4706 Ι)

356 4703 566 4787 sancta
594 4701 862 4757 membra
901 4704 1159 4775 jacebat,
1212 4709 1296 4787 eis
1341 4713 1568 4784 c0piarn
1618 4715 1843 4770 tribuit.
1878 4717 2001 4782 Quo

353 4786 503 4853 viso,
518 4788 618 4859 qui
650 4791 1052 4861 torquebatur,
1078 4797 1357 4854 continuo
1388 4803 1585 4857 sensui
1617 4808 1674 4858 et
1700 4803 1860 4858 omni
1884 4804 2001 4876 pri-

354 4875 526 4930 stinae
556 4876 736 4933 saluti
766 4885 856 4935 est
884 4882 1151 4940 redditus
1183 4903 1196 4953 ;
1231 4903 1481 4960 moxque
1522 4891 1649 4961 jam
1699 4891 1859 4947 nullo
1893 4875 2001 4948 co-

354 4969 549 5036 gente,
564 4965 625 5020 in
644 4971 860 5024 terram
879 4976 1208 5042 prostratus
1219 4976 1636 5048 omnipotentis
1652 4980 1881 5036 Domini
1900 4996 2003 5051 per

356 5051 542 5107 beata
592 5055 836 5128 virginis
882 5061 1159 5117 meritum
1208 5064 1579 5123 clementiam
1621 5070 1894 5135 exoravit,
1928 5070 2000 5125 de

2115 3372 2298 3446 ceptis
2320 3370 2704 3428 sacramentis
2715 3388 2819 3443 per
2829 3371 3233 3442 paenitentiam
3251 3376 3308 3427 et
3318 3370 3757 3447 lacrymabilem

2115 3461 2539 3518 confessionem
2569 3477 2605 3514 a
2633 3459 3033 3515 sacerdotibus
3083 3460 3290 3515 divinae
3320 3459 3521 3533 pietati
3568 3462 3759 3518 fuerat

2116 3549 2506 3607 reconciliata.
2541 3549 2673 3604 Hinc
2702 3547 2901 3620 populi
2935 3547 3286 3605 exsultantis
3315 3548 3517 3621 plenas
3545 3549 3757 3607 laetitia:

2112 3656 2281 3696 voces
2310 3637 2696 3712 persentiens,
2721 3636 3209 3710 interrogatquod
3232 3636 3328 3692 ille
3340 3638 3451 3693 sibi
3477 3640 3759 3712 strepitus

2113 3728 2304 3796 vellet,
2335 3726 2422 3782 vel
2453 3727 2624 3797 cujus
2654 3742 2834 3782 causa
2864 3725 3195 3781 festivitatis
3222 3729 3388 3781 tanta
3434 3725 3496 3781 in
3542 3727 3756 3800 populo

2113 3815 2316 3872 laetitia
2344 3819 2712 3886 personaret;
2738 3831 2866 3886 qua:
2897 3814 3099 3868 statim
3130 3814 3643 3871 circumstantium
3666 3834 3754 3873 re-

2113 3905 2235 3961 latu
2267 3902 2491 3967 didicit,
2513 3903 2668 3974 quod
2698 3902 2849 3957 sacri
2881 3901 3139 3974 corporis
3170 3901 3499 3958 inventione
3529 3902 3665 3959 talis
3694 3904 3756 3959 in

2113 3993 2280 4067 plebe
2308 3990 2509 4047 laetitia
2536 3991 2633 4045 sit.
2668 3988 2772 4045 llla
2796 4006 2930 4045 vero
2963 3989 3200 4045 nomine
3251 3995 3464 4045 sancta:
3512 3991 3757 4065 virginis

2114 4082 2332 4148 audito,
2367 4079 2526 4135 dictu
2558 4079 2732 4134 citius
2764 4083 2940 4150 caput
2987 4095 3023 4132 a
3069 4076 3216 4133 lecto
3265 4077 3455 4150 erigit,
3488 4081 3758 4137 membra

2112 4169 2428 4243 componit,
2442 4173 2661 4223 vestem
2688 4167 2929 4236 inducit,
2954 4166 3260 4223 ecclesiam
3293 4167 3559 4223 celeriter
3589 4168 3753 4241 petit.

2113 4260 2376 4331 Cumque
2407 4258 2478 4312 ad
2510 4274 2571 4311 sc
2601 4272 2829 4312 reversa
2856 4272 3111 4328 superna
3138 4255 3352 4311 virtute
3382 4256 3643 4329 fugatam
3672 4257 3756 4313 in-

2113 4348 2472 4415 ﬁrmitatem,
2506 4351 2563 4400 et
2593 4344 2703 4401 sibi
2740 4345 2935 4400 subito
2966 4345 3256 4400 redditam
3298 4343 3633 4412 sanitatem,
3665 4363 3755 4402 se-

2112 4453 2246 4494 cum
2275 4435 2455 4491 tacita
2477 4433 2711 4490 volvens
2743 4434 3072 4501 miraretur,
3087 4432 3524 4506 omnipotentiae
3550 4433 3755 4490 divina:

2111 4526 2331 4601 gratias
2350 4528 2408 4580 et
2435 4523 2641 4579 laudes
2662 4521 2877 4589 retulit,
2896 4526 3072 4593 atque
3101 4521 3257 4577 illico
3288 4537 3471 4576 unam
3490 4538 3613 4576 suae
3629 4538 3755 4592 pro-

2111 4614 2375 4689 prietatis
2406 4610 2704 4679 ancillam,
2754 4611 2990 4666 nomine
3040 4609 3346 4683 Isigildim,
3401 4607 3755 4665 beatissima:

2110 4700 2460 4775 Hunegundi
2491 4717 2596 4772 pro
2622 4703 2893 4773 percepto
2924 4698 3205 4753 beneﬁcio
3234 4696 3527 4763 sanitatis,
3552 4696 3755 4752 multis

2110 4791 2440 4850 astantibus
2472 4788 2716 4845 tradidit
2741 4805 2754 4842 :
2790 4787 2993 4860 sicque
3022 4787 3095 4842 ab
3127 4785 3227 4841 illa
3258 4784 3597 4840 inﬁrmitate
3625 4802 3757 4840 con-

2108 4883 2309 4950 valuit,
2343 4885 2400 4936 et
2432 4878 2806 4951 postmodum
2838 4875 3062 4941 diutius
3085 4874 3245 4929 vixit.
3261 4872 3362 4928 His
3394 4873 3610 4928 denum
3632 4890 3756 4945 per-

2110 4972 2278 5037 actis,
2312 4968 2561 5039 aliisque
2589 4982 2707 5021 non
2730 4968 2935 5037 paucis
2957 4960 3376 5018 miraculorum
3407 4960 3613 5033 signis,
3630 4961 3756 5033 qui-

2109 5063 2221 5118 bus
2250 5058 2536 5115 Dominus
2568 5053 2851 5111 declarari
2880 5052 3065 5108 voluit
3108 5050 3357 5123 gloriam
3401 5067 3527 5107 suae
3574 5050 3753 5125 virgi-

353 5146 585 5213 recepta
619 5142 809 5201 salute
828 5149 1050 5219 gratias
1084 5152 1363 5223 referens,
1408 5156 1479 5212 de
1508 5158 1706 5214 futura
1734 5159 2001 5214 custodia
2091 5151 2221 5219 luis,
2255 5166 2383 5221 quae
2413 5162 2516 5218 pro
2548 5140 2982 5214 multiplicitate
3011 5139 3103 5195 sui
3136 5138 3526 5212 incongruum
3555 5138 3753 5197 existi-

351 5227 706 5300 deprecans:
729 5234 830 5304 qui
860 5236 935 5292 ad
956 5238 1223 5310 perfecta:
1255 5243 1527 5301 Sanitatis
1559 5246 1997 5315 indicium,non

351 5322 487 5389 post
516 5318 770 5376 multum
814 5328 1048 5398 tempus
1104 5345 1239 5385 cum
1288 5332 1683 5391 luminaribus
1736 5353 1998 5392 reversus

352 5411 570 5495 sancta:
601 5409 811 5483 virgini
844 5412 1125 5472 honorem
1158 5418 1387 5487 detulit,
1420 5427 1594 5495 atque
1643 5424 1701 5478 in
1734 5425 1997 5481 testimo-

352 5493 520 5550 nium
553 5503 795 5569 receptaa
824 5501 1054 5574 salutis,
1082 5505 1281 5577 plures
1310 5526 1379 5566 ex
1409 5493 1615 5568 vicinis
1642 5514 1767 5568 suis
1797 5530 1997 5570 secum

427 5637 973 5728 (§)_AliasnPer0na,
1008 5653 1414 5728 ca_str_um_se_u
1463 5654 1671 5728 regalis
1717 5657 1897 5712 ﬁscus
1926 5656 1996 5711 ad

352 5708 968 5800 Spmenamuﬁuviu'm,
996 5722 1179 5800 veteri
1204 5708 1418 5800 palatio
1460 5708 1999 5800 insignisrdeﬁquo

348 5779 527 5853 plura
557 5784 618 5839 in
646 5782 749 5840 lib.
781 5804 837 5841 ιν
866 5779 961 5845 Βθ’
977 5807 1038 5847 re
1064 5779 1458 5864 diplomatica.

2108 5257 2204 5296 mo
2229 5238 2366 5294 huic
2388 5230 2692 5308 pictaciolo
2715 5231 2789 5285 ad
2820 5245 3076 5301 unguem
3089 5227 3290 5284 inseri.

2178 5333 2234 5383 8.
2265 5327 2413 5381 Nam
2443 5320 2815 5391 omnipotens
2844 5318 2999 5373 Deus
3027 5322 3093 5372 ut
3122 5317 3453 5373 ostenderet
3501 5318 3752 5386 cunctis,

2109 5419 2394 5490 quantam
2424 5428 2543 5468 sum
2567 5406 2798 5463 famula:
2829 5406 3390 5479 concessitgratiam
3404 5406 3750 5475 curationis,

2109 5510 2310 5563 tantus
2335 5501 2539 5558 eodem
2571 5502 2835 5569 tempore
2868 5496 2928 5551 in
2958 5496 3069 5553 hac
3116 5495 3322 5552 eadem
3370 5491 3510 5552 villa
3557 5493 3752 5552 nimiae

2168 5648 2255 5775 1φ)
2278 5642 2547 5774 tiorporis
2563 5640 2945 5697 detectionem
2976 5639 3071 5696 hic
3103 5642 3303 5696 auctor
3322 5638 3636 5712 grecizans
3660 5638 3752 5698 in.

2215 5734 2292 5775 ιρι
2325 5758 2339 5772 .

2111 5726 2339 5789 telligit.
