4148 6184
422 391 502 460 6η
1409 391 1747 454 BERNEBl
1792 389 2125 452 ABBATIS
2169 389 2832 455 HUMOLARIENSIS.
3747 393 3828 458 68

425 527 788 586 inﬁrmitatis
816 525 1195 600 grassabatur
1223 525 1486 592 morbus,
1520 529 1586 580 ut
1613 522 1776 580 nulla
1807 538 1953 596 pene
1983 539 2066 579 re-
2090 529 2146 592 Α
2175 539 2388 596 corpus
2417 523 2490 580 de
2520 523 2808 597 sepulcro,
2828 526 3078 599 septimo
3101 527 3240 584 Idus
3269 527 3824 586 Novembris.Nobis

427 619 688 673 maneret
717 616 947 683 domus,
983 615 1041 668 in
1073 631 1192 686 qua
1221 630 1335 669 non
1359 615 1583 685 jaceret
1613 612 1887 668 inﬁrmus
1921 627 1934 666 :
1969 611 2070 683 qui

425 721 629 762 omnes
658 704 716 760 in
747 704 1019 777 praedicta
1040 701 1410 760 solemnitate
1423 706 1586 757 tanta
1615 705 1756 757 sunt
1779 699 2072 756 celeritate

427 793 635 862 sanati,
653 798 717 848 ut
745 791 1086 848 beatissima
1115 789 1336 863 virgine
1367 789 1556 846 levata
1576 791 1648 844 de
1679 787 1929 853 tumulo,
1947 787 2072 843 nul-

421 883 518 938 lus
537 897 738 938 eorum
766 879 1035 934 inﬁrmus
1052 883 1443 936 remoraretur
1459 877 1518 932 in
1541 876 2069 932 lectulo.Arcessito

423 970 676 1043 denique
706 969 952 1025 Rodulfo
984 966 1386 1023 Noviomensis
1415 965 1685 1022 Ecclesiae
1717 964 2071 1020 archidiaco-

424 1077 520 1130 no,
553 1063 756 1132 postea
790 1057 1056 1128 ejusdem
1105 1055 1374 1111 Ecclesiae
1427 1055 1700 1128 episcopo
1732 1055 1935 1110 devoto
1963 1072 1976 1120 ;
2011 1057 2070 1109 ct

423 1166 492 1204 ex
522 1145 970 1219 congregatione
1001 1142 1324 1200 beatissimi
1349 1143 1624 1216 martyris
1655 1142 1870 1198 Christi
1897 1141 2071 1208 Quin-

422 1235 552 1302 tini,
575 1234 907 1291 convocatis
940 1231 1208 1288 Patribus
1230 1232 1460 1299 Gisone,
1491 1231 1790 1298 Rotberto,
1822 1230 2070 1303 aliisque

328 1371 338 1388 ,
422 1325 693 1398 plurimis
733 1339 949 1396 magna
997 1321 1299 1377 devotione
1353 1320 1612 1392 repletis,
1664 1320 1765 1375 diu
1819 1318 2068 1374 dilatum

420 1414 735 1470 festinatur
755 1416 819 1467 ut
839 1413 941 1466 ﬂat
956 1409 1238 1467 ofﬁcium.
1255 1408 1509 1465 Peractis
1532 1409 1728 1480 itaque
1749 1408 2067 1464 missarum

420 1499 743 1566 solemniis,
757 1504 952 1556 mente
973 1497 1182 1554 humili
1207 1515 1272 1553 ac
1293 1497 1514 1553 devotis
1535 1495 1750 1552 animis
1772 1497 2070 1552 acceditur

421 1591 492 1647 ad
523 1588 842 1655 tumulum,
868 1588 927 1642 in
960 1587 1087 1659 ipso
1119 1586 1311 1642 adhuc
1332 1587 1460 1658 jam
1491 1586 1646 1642 dicto
1681 1585 1962 1641 divinitus
1986 1585 2069 1640 in-

417 1679 548 1734 fuso
579 1677 804 1732 lumine
835 1675 990 1732 circa
1020 1680 1197 1748 caput
1235 1679 1293 1730 et
1342 1678 1547 1747 pectus
1598 1674 1778 1730 beataa
1823 1672 2068 1746 virginis

417 1773 538 1824 tam
560 1767 712 1823 clare
733 1765 1016 1832 radiante,
1034 1768 1099 1820 ut
1119 1782 1236 1837 pra)
1259 1762 1556 1819 nimietate
1577 1761 1669 1818 sui
1693 1778 2064 1834 nequaquam

417 1856 663 1933 pleniter
680 1859 876 1932 posset
889 1852 1124 1910 intueri.
1145 1853 1395 1908 Levatur
1412 1855 1606 1907 autem
1620 1849 2064 1908 sanctissimum

2181 615 2398 682 autem,
2413 611 2621 669 fratres
2646 613 2998 683 charissimi,
3013 616 3232 688 quibus
3246 617 3369 673 haec
3392 617 3826 692 beataevirginis

2179 703 2344 771 gesta
2367 699 2734 773 aliorumque
2773 708 3108 759 sanctorum
3158 704 3520 778 perplurima
3566 705 3828 780 exempla

2179 789 2574 844 ostenduntur
2602 791 2676 846 ad
2707 791 3038 864 legendum,
3059 798 3465 866 proponuntur
3494 795 3566 851 ad
3600 795 3826 851 imitan-

2179 876 2346 945 dum,
2377 877 2620 934 solerter
2647 879 3017 948 intuendum,
3051 883 3280 938 fortiter
3308 885 3692 958 satagendum
3713 890 3824 954 est,

2181 981 2254 1021 ne
2282 965 2545 1037 ipsorum
2595 972 2858 1039 expertes
2905 987 3147 1042 operum
3190 971 3250 1026 in
3299 971 3398 1028 illa
3439 973 3680 1044 perenni
3707 973 3825 1030 vita

2179 1051 2354 1110 alieni
2374 1055 2701 1111 efﬁciamur
2721 1073 2756 1112 a
2773 1059 3072 1114 communi
3094 1059 3298 1116 laetitia
3327 1066 3666 1117 sanctorum
3695 1078 3820 1118 om-

2179 1142 2365 1198 nium.
2383 1143 2692 1200 Pulsemus
2721 1162 2856 1218 ergo
2886 1145 3079 1202 intimi
3217 1147 3306 1204 dis
3347 1149 3619 1222 suspiriis
3647 1167 3820 1208 aures

2178 1231 2427 1304 piissimi
2460 1235 2798 1302 conditoris,
2831 1241 3122 1308 quatenus
3153 1237 3280 1310 ipso
3329 1239 3498 1295 nobis
3547 1239 3820 1308 donante,

2177 1322 2332 1392 quod
2358 1322 2524 1393 jubet
2555 1323 2868 1379 efﬁcaciter
2886 1326 3176 1398 complere
3203 1325 3524 1384 valeamus.
3549 1329 3702 1401 quod
3728 1347 3819 1386 sa-

2177 1406 2425 1465 lubriter
2455 1417 2652 1467 monet
2682 1429 2694 1466 :
2731 1417 2794 1466 ut
2824 1419 3102 1468 venturus
3135 1414 3193 1470 in
3233 1414 3333 1472 illo
3381 1415 3644 1472 districte
3687 1434 3819 1475 exa-

2182 1496 2343 1554 mine
2363 1497 2596 1569 judicii,
2631 1517 2744 1555 non
2777 1500 2836 1555 in
2867 1499 3036 1558 nobis
3065 1503 3320 1560 inveniat
3349 1505 3504 1576 quod
3556 1506 3820 1577 damnet,

2177 1586 2278 1641 sed
2312 1588 2466 1658 quod
2499 1604 2636 1644 cum
2667 1589 2792 1646 suis
2823 1591 3141 1663 redemptis
3172 1593 3627 1652 misericorditer
3657 1611 3818 1653 coro-

2178 1679 2278 1729 net
2305 1674 2479 1731 Jesus
2509 1675 2778 1734 Christus
2807 1679 3094 1735 Dominus
3124 1685 3340 1750 noster,
3371 1681 3471 1755 qui
3518 1699 3653 1741 cum
3701 1684 3819 1743 Deo

2177 1762 2344 1818 Patre
2375 1767 2432 1819 et
2461 1763 2682 1836 Spiritu
2715 1771 2916 1822 sancto
2947 1769 3084 1823 vivit
3111 1775 3170 1825 et
3215 1769 3501 1844 gloriatur
3529 1773 3684 1831 Deus
3717 1791 3821 1846 per

2176 1850 2377 1908 omnia
2401 1851 2615 1909 saecula
2645 1853 3014 1911 seculorum.
3041 1859 3247 1914 Amen.

2009 2049 2242 2066 ..υ-ν

1822 2189 2416 2279 MIRACULA

481 2401 537 2456 9.
567 2398 668 2456 His
699 2396 1016 2472 prazmissis
1029 2397 1100 2453 de
1127 2395 1314 2452 vitaet
1333 2394 1564 2452 actibus
1579 2411 1730 2467 saape
1751 2393 2053 2467 dietaeglo-
2084 2398 2134 2463 B
2164 2395 2628 2454 sanctimonialis
2667 2399 2933 2471 ejusdem
2982 2399 3324 2456 monasterii
3378 2399 3817 2474 pulchritudine

414 2489 580 2546 riosae
608 2487 871 2562 virginis,
893 2491 1087 2542 ratum
1119 2485 1396 2542 duximus
1425 2501 1613 2558 pauca
1642 2484 2053 2557 subsequendo

414 2576 664 2634 describi
717 2574 1136 2654 miraculorum
1184 2573 1456 2646 insignia,
1489 2589 1618 2645 quae
1667 2573 1954 2630 Dominus
1982 2573 2058 2628 ob

414 2671 637 2723 tantam
669 2665 762 2722 sui
793 2663 1075 2720 famulam
1120 2663 1213 2737 pie
1262 2663 1541 2735 dignatus
1585 2665 1676 2718 est
1701 2661 1928 2734 Operari
1956 2677 2057 2734 per

411 2755 682 2828 gratiam.
710 2755 856 2810 Nam
887 2769 956 2809 ea
987 2770 1113 2825 qua:
1143 2749 1402 2826 aggressi
1449 2767 1658 2807 sumus
1704 2750 2055 2818 describere,

413 2843 768 2917 quibusdam
802 2847 1013 2898 nostrae
1031 2842 1216 2898 aetatis
1243 2840 1630 2896 referentibus
1650 2839 1744 2894 vix
1761 2838 2057 2894 valuimus

413 2949 727 3006 agnoscere
759 2947 772 2988 :
809 2931 1047 2988 fuerunt
1075 2931 1252 2986 etiam
1281 2929 1593 2985 innumera
1621 2927 1858 2984 virtutis
1880 2928 2052 2995 facta,

411 3039 540 3094 qua:
570 3021 619 3078 si
649 3037 753 3094 per
778 3019 1067 3075 incuriam
1099 3017 1371 3074 oblivioni
1402 3017 1621 3074 tradita
1668 3032 1784 3070 non
1835 3021 2052 3082 essent,

411 3109 558 3165 satis
585 3109 760 3182 digne
780 3107 992 3163 litteris
1021 3105 1287 3161 mandari
1312 3105 1658 3176 potuissent.
1679 3103 1871 3160 Unum
1895 3119 2057 3158 nam-

411 3214 524 3270 que
558 3197 796 3271 signum
828 3195 985 3268 quod
1017 3198 1248 3250 constat
1277 3191 1626 3248 mirabiliter
1653 3207 1781 3247 esse
1810 3191 2051 3259 factum,

411 3289 837 3357 consequenter
864 3283 1022 3339 brevi
1052 3280 1344 3339 locutione
1373 3285 1463 3336 est
1490 3281 1872 3336 narrandum.
1889 3279 2055 3335 Deni-

410 3391 525 3448 que
554 3373 811 3446 quodam
838 3378 1099 3444 tempore
1128 3369 1398 3427 homines
1418 3369 1670 3442 perversi
1704 3385 1813 3425 sua
1830 3368 2052 3424 fortiori

411 3465 698 3536 potestate
727 3459 994 3528 ﬁdentes,
1027 3459 1236 3515 audaci
1265 3458 1592 3515 temeritate
1622 3456 1827 3513 silvam
1866 3456 2056 3529 ipsius

410 3555 626 3608 sanctae
655 3549 918 3622 virginis,
953 3565 1082 3621 quae
1113 3547 1228 3604 sita
1259 3553 1349 3602 est
1394 3563 1564 3603 secus
1613 3545 1853 3602 ﬂuvium
1886 3546 2054 3601 Sam-

409 3638 675 3707 bram,in
705 3637 840 3693 villa
870 3655 997 3710 quae
1023 3637 1237 3693 dicitur
1257 3636 1606 3692 Dediniacus
1638 3634 2053 3708 ingressi,eam

409 3729 536 3784 suis
565 3727 756 3800 porcis
785 3726 1072 3782 edendam
1113 3729 1514 3798 pervaserunt.
1543 3729 1601 3779 et
1646 3740 1888 3780 censum
1935 3723 2056 3778 sive
2088 3762 2132 3830 Ο

316 3837 322 3842 ’
409 3815 646 3888 aliquod
679 3813 982 3870 servitium
1013 3829 1118 3886 pro
1150 3814 1354 3868 eadem
1405 3813 1548 3868 silva
1596 3812 1786 3868 eidem
1836 3816 2054 3866 sanetae

407 3903 617 3978 virgini
631 3919 760 3959 esse
773 3902 1044 3958 defcrend
1052 3919 1152 3957 um
1163 3947 1176 3968 ,
1189 3901 1354 3957 nulla
1372 3900 1596 3957 ratione
1607 3905 2050 3956 consenserunt.

409 3995 564 4060 Quos
595 4009 698 4066 per
725 3991 980 4064 seipsam
1021 3991 1194 4046 beata
1238 3990 1400 4064 virgo
1447 3991 1767 4063 increpare,
1799 3994 1974 4062 atque
2021 4006 2056 4045 a

411 4085 576 4138 tanta
606 4079 850 4136 audacia
888 4094 1153 4134 coercere
1201 4078 1442 4134 curavit.
1493 4078 1641 4134 Nam
1683 4079 1824 4134 dum
1873 4076 2054 4134 libere

407 4172 574 4225 tanta
600 4167 880 4223 silvarum
911 4167 1078 4238 copia
1103 4165 1214 4220 laeti
1249 4166 1594 4238 potirentur,
1625 4167 1820 4222 subito
1850 4166 2053 4221 eadem

409 4257 510 4312 Dei
536 4256 697 4328 virgo
728 4255 1063 4327 pastoribus
1111 4255 1171 4309 in
1220 4253 1467 4309 terribili
1518 4256 1710 4327 specie
1759 4255 2052 4328 apparuit,

408 4361 624 4418 eosque
654 4361 760 4400 cur
787 4343 900 4400 sibi
933 4344 1188 4399 fructum
1219 4343 1592 4415 subriperent
1621 4342 1776 4398 silvae
1808 4344 2052 4400 interro-

407 4451 588 4508 gans;
617 4433 782 4506 virga
811 4449 986 4506 quam
1021 4449 1199 4487 manu
1230 4433 1501 4505 gestabat
1520 4435 1827 4504 percussit,
1853 4433 2054 4506 sicque

408 4523 601 4580 omnis
630 4520 734 4579 illa
761 4536 1072 4595 porcorum
1103 4520 1420 4576 multitudo
1448 4520 1565 4576 huc
1595 4519 1849 4594 illucque
1879 4522 2050 4577 diﬂ‘u-

409 4630 494 4681 sa,
545 4627 748 4668 versus
797 4609 1220 4666 monasterium
1270 4607 1713 4665 Humolariense
1770 4611 2050 4683 praecipiti

407 4717 586 4757 cursu
616 4700 726 4756 iter
755 4697 1022 4772 arripuit.
1056 4697 1196 4753 Inde
1227 4697 1445 4752 factum
1477 4703 1568 4752 est
1607 4701 1674 4752 ut
1720 4715 1787 4754 ex
1837 4698 2051 4770 quibus

406 4789 646 4847 domina
663 4787 928 4844 redditus
945 4785 1102 4842 silva:
1123 4785 1340 4842 habere
1367 4802 1481 4842 non
1504 4790 1751 4858 poterat,
1765 4785 1874 4842 hos
1893 4793 2049 4858 post-

406 4880 649 4936 modum
681 4876 904 4934 familia
934 4876 1124 4950 ipsius
1140 4876 1276 4948 jure
1306 4875 1504 4948 quieto
1535 4875 1878 4947 possideret.
1903 4875 2049 4931 Nam

405 4983 540 5023 cum
573 4981 786 5038 magno
817 4965 1040 5038 impetu
1065 4963 1264 5019 villam
1292 4963 1563 5037 ingressi,
1587 4963 1741 5018 circa
1765 4969 2052 5020 monaste-

405 5055 561 5110 rium
591 5071 694 5126 per
723 5052 948 5126 plateas
971 5057 1030 5109 et
1057 5055 1253 5110 curtes
1301 5068 1336 5107 a
1380 5068 1444 5108 se
1489 5050 1732 5108 invicem
1791 5051 1982 5118 divisi,
2017 5069 2051 5108 a

2165 2483 2417 2554 illectus,
2453 2503 2823 2560 nequaquam
2855 2505 2915 2544 se
2941 2488 3233 2546 abstinere
3265 2490 3452 2563 potuit
3482 2491 3554 2546 ab
3584 2491 3712 2562 ejus
3745 2491 3812 2547 il-

2168 2571 2347 2629 licitis
2377 2575 2764 2647 amplexibus.
2799 2577 2950 2631 Dum
2982 2577 3164 2648 igitur
3207 2579 3460 2650 quadam
3507 2579 3599 2634 die
3648 2597 3808 2637 more

2165 2661 2334 2716 solito
2365 2663 2785 2718 monasterium
2817 2668 3052 2734 peteret,
3087 2673 3152 2718 ut
3182 2681 3304 2719 sua:
3345 2669 3403 2718 et
3448 2665 3635 2735 ipsius
3683 2683 3808 2722 car-

2165 2749 2258 2805 nis
2285 2749 2567 2823 voluptati
2599 2751 2975 2816 satisfaceret,
3024 2751 3074 2805 ei
3136 2755 3339 2806 sancta
3384 2751 3542 2824 virgo
3590 2753 3804 2810 Hume-

2164 2839 2612 2910 gundisin‘atrio
2625 2839 2886 2910 ejusdem
2901 2839 3237 2894 monasterii
3250 2837 3496 2896 visibilis
3508 2842 3800 2914 apparuit,

2164 2943 2418 2999 eumque
2428 2928 2800 2984 vehementer
2825 2929 3132 2998 increpans
3152 2944 3266 3000 quo
3289 2933 3551 3001 pergeret
3563 2930 3808 3002 requisi-

2162 3015 2262 3070 vit.
2297 3017 2403 3081 Qui
2437 3017 2507 3071 ad
2539 3033 2734 3072 vocem
2763 3015 3120 3089 increpantis
3146 3015 3314 3073 valde
3353 3014 3633 3074 cbnfusus
3679 3035 3808 3074 eru-

2163 3103 2312 3169 buit,
2325 3110 2382 3160 et
2411 3122 2474 3160 se
2502 3105 2573 3160 ab
2605 3123 2774 3177 opere
2805 3105 3022 3161 nefario
3053 3122 3455 3178 compescens,
3472 3106 3544 3163 ab
3564 3122 3806 3164 accessu

2163 3191 2340 3247 simul
2371 3199 2430 3248 et
2459 3198 2592 3248 actu
2624 3194 2874 3250 nefando
2905 3195 2976 3249 ad
3010 3199 3244 3265 tempus
3275 3195 3584 3251 subtraxit.
3604 3195 3811 3252 Praedi-

2163 3284 2257 3337 cta
2283 3288 2480 3337 autem
2511 3283 2993 3350 sanctimonialis,
3012 3283 3168 3338 velut
3188 3281 3382 3340 labilis
3407 3289 3464 3340 et
3491 3283 3728 3356 lasciva,
3745 3302 3806 3342 se

2163 3387 2199 3424 a
2228 3370 2349 3426 viro
2372 3376 2765 3442 contemptam
2785 3377 3018 3444 putans,
3035 3371 3174 3426 dum
3200 3373 3481 3428 acerrimo
3503 3371 3697 3429 dolore
3722 3374 3803 3429 fa-

2161 3458 2344 3530 tigata
2375 3476 2437 3515 se
2468 3459 2864 3516 abominatam
2902 3460 3329 3534 ingemisceret,
3361 3461 3587 3533 antiqui
3620 3461 3806 3518 hostis

2163 3547 2396 3603 insidiis
2409 3554 2653 3616 armata,
2669 3551 2940 3605 eumdem
2955 3549 3142 3604 virum
3158 3549 3478 3606 calliditate
3493 3567 3607 3622 qua
3620 3551 3806 3622 potuit

2164 3635 2236 3690 ad
2266 3653 2328 3692 se
2360 3653 2624 3692 revocare
2656 3639 2916 3694 tentavit.
2969 3637 3232 3694 Atl‘abilis
3282 3639 3556 3711 inquiens
3597 3638 3804 3706 amice,

2162 3740 2268 3780 cur
2295 3741 2388 3780 me
2418 3727 2806 3798 spernendam
2839 3726 3108 3798 putasti?
3139 3743 3256 3783 non
3282 3732 3338 3782 te
3368 3727 3510 3783 visio
3533 3744 3708 3800 quam
3729 3729 3806 3784 vi-

2163 3810 2299 3867 disti
2331 3813 2668 3879 absterreat,
2685 3813 2823 3884 quia
2851 3829 2966 3868 non
2998 3813 3107 3868 fuit
3138 3815 3448 3886 praesentia
3468 3815 3806 3872 sancteHu-

2163 3901 2474 3973 negundis,
2507 3901 2607 3956 sed
2638 3900 2834 3973 aliqua
2871 3902 2942 3957 de
2983 3901 3209 3957 aemulis
3261 3903 3428 3970 meis,
3459 3904 3700 3976 cupiens
3750 3909 3806 3959 te

2164 3993 2418 4044 avertere
2449 4005 2484 4042 a
2513 4005 2624 4044 me.
2643 3989 2728 4044 lta
2757 3989 2890 4044 dato
2919 3989 3450 4057 indicio,aliorsum
3471 3991 3803 4048 clanculum

2163 4082 2484 4150 praeparato
2509 4076 2738 4145 ostiolo,
2759 4078 2808 4133 is
2841 4077 3265 4150 spurcissimus
3291 4078 3378 4134 vir
3397 4078 3802 4136 intermissum

2164 4165 2328 4220 nefas
2349 4165 2556 4219 iterare
2575 4165 2943 4220 tentavit.Cui
2965 4182 3100 4222 mox
3123 4165 3364 4239 pervigil
3385 4172 3582 4224 custos
3603 4175 3805 4225 sancta

2161 4254 2322 4326 virgo
2345 4253 2729 4325 Hunegundis
2745 4255 2973 4310 obviam
2985 4253 3160 4322 venit,
3185 4259 3241 4310 et
3262 4255 3470 4312 baculo
3483 4273 3657 4328 quem
3687 4274 3806 4313 ma-

2162 4358 2242 4396 nu
2272 4341 2507 4398 tenebat
2535 4342 2594 4396 in
2621 4342 2859 4414 inguine
2890 4342 3318 4414 percussit.Qui
3342 4359 3475 4398 mox
3490 4345 3804 4418 exsanguis

2161 4431 2402 4488 effectus
2432 4431 2669 4498 corruit,
2685 4436 2743 4488 et
2770 4431 2831 4487 in
2854 4431 3127 4486 manibus
3157 4429 3344 4487 elatus
3375 4447 3518 4488 coxa
3535 4434 3801 4505 ejusdem

2160 4519 2586 4576 intumescente
2631 4521 2834 4576 eodem
2883 4518 3079 4575 dolore
3127 4519 3307 4574 vitam
3353 4521 3578 4590 ﬁnivit;
3631 4523 3802 4593 cujus

2161 4623 2302 4664 coxa
2332 4625 2484 4664 anno
2515 4609 2738 4682 integro
2768 4612 2901 4663 ante
2931 4607 3153 4664 obitum
3187 4625 3362 4663 suum
3395 4609 3455 4664 in
3475 4614 3630 4666 terra
3650 4626 3801 4666 com-

2161 4696 2401 4769 putruit.
2421 4698 2526 4752 Pro
2548 4698 2718 4769 cujus
2738 4702 2932 4752 tamen
2954 4695 3252 4752 curatione
3271 4696 3594 4754 amicorum
3607 4699 3802 4756 studio

2162 4785 2420 4842 maxima
2442 4786 2687 4841 donaria
2715 4786 2788 4840 ad
2818 4785 3178 4841 olferendum
3203 4790 3416 4842 sanctae
3431 4786 3641 4860 virgini
3665 4805 3804 4860 pra:-

2160 4879 2458 4947 parantur,
2493 4890 2619 4946 qua
2647 4872 2804 4930 velut
2848 4873 3330 4931 immundissima
3377 4880 3630 4932 stercora
3661 4877 3800 4950 reji-

2159 4962 2414 5019 eiuntur.
2449 4961 2592 5017 Nam
2625 4961 2833 5018 iisdem
2865 4961 3186 5034 plurimum
3235 4979 3612 5020 nummorum
3661 4966 3800 5021 oﬂ‘e-

2161 5049 2426 5108 rentibus
2456 5049 2628 5106 turbo
2658 5049 2884 5106 cmlitus
2907 5049 3214 5122 irruit,qui
3235 5054 3398 5107 tanta
3417 5051 3800 5124 exagitatione

406 5140 568 5198 nullo
600 5156 862 5212 unquam
895 5146 1098 5212 postea
1127 5144 1267 5196 sunt
1292 5140 1577 5212 requisiti.
1602 5139 1790 5210 Hujus
1823 5139 1904 5194 rei
1925 5138 2050 5212 plu-
2067 5131 2118 5196 Ι)
2149 5140 2483 5214 praedictam
2509 5139 2864 5196 oblationem
2893 5139 3212 5196 exsufﬂans
3236 5139 3540 5212 dispersit,
3568 5147 3631 5197 ut
3654 5141 3800 5198 nulli

406 5229 542 5287 rimi
589 5233 767 5286 testes
815 5227 1093 5298 existunt,
1125 5245 1196 5284 ex
1250 5229 1468 5301 quibus
1517 5229 1783 5301 quaedam
1837 5228 2049 5284 mulier

405 5319 641 5378 nomine
671 5316 950 5374 Dodisma
979 5333 1167 5388 nuper
1196 5318 1270 5372 ab
1299 5317 1408 5374 hac
1438 5315 1567 5372 luce
1597 5317 1898 5373 subtracta
1934 5322 2044 5383 est,

405 5425 533 5479 quae
564 5423 628 5462 se
656 5409 831 5462 tantae
861 5403 942 5459 rei
976 5403 1310 5459 interfuisse
1341 5421 1407 5459 ac
1447 5421 1517 5458 ex
1562 5405 1646 5460 eis
1691 5422 1860 5460 suam
1911 5423 2042 5478 por-

405 5496 622 5552 tionem
647 5492 976 5568 percepisse
1005 5489 1194 5548 veraci
1225 5492 1544 5548 assertione
1571 5493 1882 5550 fatebatur.

473 5585 561 5642 10.
593 5583 809 5641 Eodem
848 5586 1109 5655 tempore
1137 5584 1261 5634 erat
1285 5579 1524 5652 quidam
1556 5581 1724 5638 miles
1771 5583 2039 5640 nobiliori

391 5689 603 5748 genere
633 5676 887 5742 exortus,
921 5670 1157 5728 nomine
1199 5668 1564 5741 Magenerus,
1597 5671 1696 5741 qui
1728 5673 2036 5743 cujusdam

2157 5231 2432 5302 deinceps
2461 5228 2799 5285 mortalium
2823 5229 3142 5302 quidquam
3165 5227 3236 5283 de
3255 5244 3330 5284 ea'
3342 5233 3665 5300 appareret.
3688 5229 3798 5286 Ve-

2155 5337 2287 5375 rum
2319 5317 2465 5374 nulli
2493 5317 2829 5374 incredibile
2871 5315 3052 5372 videri
3099 5317 3286 5384 debet,
3321 5317 3477 5388 quod
3531 5322 3794 5374 sanetam

2154 5407 2254 5463 Dei
2283 5406 2568 5480 virginem
2601 5406 2723 5461 suis
2743 5405 3013 5460 hostibus
3025 5403 3330 5460 visibiliter
3351 5405 3696 5476 apparuisse
3708 5422 3795 5462 re-

2151 5495 2418 5564 tulimus,
2451 5512 2584 5550 cum
2616 5493 2806 5550 simile
2835 5491 2974 5564 quid
3007 5492 3080 5546 de
3110 5492 3278 5549 beato
3309 5492 3472 5548 Petro
3512 5494 3796 5565 apostolo-

2151 5602 2280 5640 rum
2295 5582 2555 5656 principe
2569 5581 2674 5636 inli
2683 5582 2785 5636 bro
2801 5579 3178 5650 Dialogorum
3200 5581 3388 5646 tertio,
3404 5581 3513 5636 sub
3535 5581 3792 5654 capitulo

2145 5673 2420 5732 vicesimo
2449 5675 2655 5743 quarto
2705 5673 2946 5727 sanctus
2993 5686 3145 5742 papa
3194 5670 3404 5727 referat
3451 5669 3786 5742 Gregorius.
