4166 6172
243 395 324 460 69

1233 398 1337 462 DE
1377 392 1969 462 TRANSLATIONE
2013 398 2077 458 S.
2132 396 2660 465 HUNEGUNDIS.

3568 409 3651 471 70

244 525 332 585 ait
367 530 526 584 enim
557 528 713 601 quod
745 530 931 586 isdem
979 531 1326 588 venerabilis
1376 532 1601 599 Petrus,
1660 529 1892 585 cuidam
1922 529 1979 596 Α
2001 531 2294 587 mentibus
2316 522 2576 605 generari
2591 534 3350 607 scrupulumdubitationis,
3366 541 3642 612 quodest,

243 617 554 673 Theodoro
567 619 952 674 suasecclesiaa
970 621 1365 677 mansionario
1378 620 1550 677 solito
1570 620 1743 674 citius
1765 636 1893 673 sur-

241 707 428 779 genti,
462 711 639 778 atque
670 707 727 763 in
760 707 969 779 ligneis
997 710 1278 781 gradibus
1301 710 1371 765 ad
1395 708 1893 764 refovendalumi-

246 795 416 849 naria
442 795 643 863 stanti,
677 796 951 852 deorsum
983 799 1041 851 in
1075 800 1404 869 pavimento
1437 804 1600 853 stans
1640 798 1697 851 in
1748 796 1897 852 stola

242 884 501 939 candida
530 886 1087 958 apparuit,eumque
1115 903 1219 941 cur
1235 892 1354 942 tam
1380 888 1494 941 cito
1526 887 1891 952 surrexisset,

243 974 561 1045 increpuit.

324 1064 411 1117 11.
454 1062 558 1117 His
601 1060 850 1119 breviter
891 1067 1085 1133 tactis,
1140 1071 1434 1137 postremo
1466 1066 1537 1120 ad
1569 1082 1636 1120 ea
1665 1081 1791 1135 quae
1823 1064 1893 1118 ad

245 1150 457 1207 horam
474 1152 921 1219 intermisimus,
946 1154 1101 1225 quod
1117 1160 1384 1226 superest
1403 1154 1693 1209 narraturi
1707 1154 1899 1208 redea-

247 1257 407 1295 mus.
442 1241 690 1306 Quidam
720 1242 808 1296 vir
838 1243 1073 1298 nomine
1111 1244 1468 1312 Guntardus,
1492 1243 1793 1299 oculorum
1816 1242 1900 1297 lu-

248 1329 412 1385 mine
442 1330 723 1401 privatus,
757 1348 937 1386 causa
974 1332 1247 1387 audiendi
1292 1332 1536 1387 missam
1569 1332 1643 1387 ad
1684 1337 1898 1387 sanctae

244 1418 496 1490 virginis
516 1418 749 1475 divertit
776 1420 1118 1477 ecclesiam:
1165 1423 1265 1477 sed
1297 1438 1431 1476 cum
1465 1422 1780 1476 missarum
1814 1438 1902 1476 so-

246 1507 489 1562 lemniis
523 1507 741 1563 ibidem
774 1508 1033 1565 officiose
1063 1509 1312 1582 peractis
1342 1509 1633 1565 mediante
1658 1511 1777 1581 jam
1807 1509 1900 1564 die

240 1598 463 1668 januas
495 1596 782 1652 inveniret
806 1598 1107 1653 obseratas
1138 1598 1411 1664 ecclesiae,
1437 1600 1495 1654 in
1514 1599 1738 1671 porticu
1760 1598 1901 1653 foris

252 1684 567 1755 prostravit
611 1702 673 1739 se
715 1685 771 1739 in
808 1691 1042 1754 terram,
1088 1686 1312 1742 diutius
1352 1704 1526 1742 orans
1556 1687 1760 1742 adesse
1790 1686 1901 1741 sibi

252 1773 356 1828 Dei
372 1773 853 1828 misericordiam.
871 1774 1131 1845 Surgens
1143 1780 1337 1831 autem
1355 1780 1484 1847 post
1497 1774 1904 1847 multaslacry-

2005 619 2149 691 prob
2179 620 2378 676 nefas!
2413 621 2737 694 pessimum
2768 641 2953 696 genus
2981 624 3363 684 infidelitatis.
3395 629 3648 685 Caveant

2003 724 2139 779 ergo
2169 709 2538 781 derogatores
2558 709 2884 767 divinorum
2907 730 3169 786 operum,
3195 734 3267 772 ne
3297 718 3649 773 damnentur

2005 813 2139 852 cum
2167 796 2259 851 bis
2290 799 2360 853 de
2408 799 2624 870 quibus
2672 799 2932 871 loquitur
2960 802 3295 875 Scriptura:
3327 806 3649 878 Sepulcrum

2000 892 2189 958 patens
2219 892 2299 942 est
2332 892 2524 957 guttur
2561 902 2770 954 eorum,
2803 890 3010 961 linguis
3036 894 3153 948 suis
3191 892 3370 950 dolose
3398 896 3644 967 agebant,

2005 991 2271 1031 venenum
2296 975 2550 1047 aspidum
2575 977 2676 1031 sub
2712 975 2875 1033 labiis
2899 995 3089 1035 eorum
3117 982 3286 1051 (Psal.
3318 1000 3372 1038 v.
3408 985 3517 1056 10).
3541 986 3649 1051 Qui

2007 1081 2141 1119 cum
2160 1064 2424 1119 viderent
2453 1064 2765 1120 Dominum
2790 1066 2990 1123 Jesum
3023 1068 3335 1127 innumera
3360 1072 3651 1130 mirabilia

2008 1152 2334 1219 facientem,
2373 1157 2430 1207 et
2476 1169 2545 1208 ea
2586 1153 2794 1210 notitia
2818 1156 3017 1227 populi
3048 1158 3337 1216 occultare
3366 1178 3483 1218 non
3516 1180 3649 1235 pos-

2008 1244 2157 1308 sent,
2191 1240 2314 1296 baac
2352 1241 2607 1313 pessima
2637 1247 2829 1299 mente
2860 1244 3207 1302 calumniari
3238 1251 3543 1306 tentabant
3570 1252 3652 1307 di-

2009 1332 2241 1384 centes:
2274 1331 2340 1384 In
2376 1331 2671 1385 Beelzebub
2711 1334 2962 1405 principe
3003 1334 3307 1392 dwnmum
3346 1340 3499 1409 ejicit
3542 1340 3651 1396 dte-

2007 1420 2194 1473 monia
2224 1418 2405 1489 (Marc.
2439 1435 2478 1486 1,
2524 1420 2630 1489 15).
2666 1420 2782 1477 Nos
2820 1438 2953 1477 vero
3003 1422 3342 1498 falsiloquos
3388 1432 3444 1483 et
3488 1445 3654 1485 men-

2009 1506 2192 1562 daciis
2226 1508 2349 1563 suis
2378 1507 2685 1564 infeliciter
2711 1516 3004 1578 vacantes,
3047 1530 3297 1585 quorum
3328 1519 3652 1574 secundum

2008 1595 2354 1667 Apostolum
2377 1613 2476 1652 cor
2496 1595 2782 1669 insipiens
2800 1599 3178 1658 obscuratum
3199 1609 3307 1672 est,
3330 1610 3388 1660 et
3405 1623 3652 1662 evanue-

2012 1689 2149 1740 runt
2177 1685 2236 1740 in
2269 1685 2718 1758 cogitationibus
2748 1686 2893 1755 suis,
2941 1696 3294 1763 recepturos,
3346 1694 3459 1751 nisi
3510 1696 3656 1752 forte

2012 1773 2397 1845 corrigantur,
2421 1772 2633 1831 erroris
2653 1776 2745 1831 sui
2767 1778 3114 1847 mercedem,
3130 1786 3567 1854 postponentes,
3583 1785 3653 1839 ad

255 1878 384 1917 mas
413 1862 488 1916 ab
509 1861 790 1929 oratione,
823 1863 999 1935 coepit
1028 1862 1226 1919 oculos
1258 1881 1435 1919 manu
1468 1869 1712 1936 tergere,
1734 1864 1901 1919 resti-
1934 1897 1982 1964 Β
2012 1862 2375 1934 propositum
2408 1863 2735 1932 redeamus,
2768 1868 2825 1919 et
2855 1865 2969 1937 piis
3017 1884 3083 1923 ac
3132 1868 3405 1928 fidelibus
3443 1872 3657 1929 animis

252 1954 382 2005 tuto
411 1950 576 2005 visus
607 1950 717 2005 sibi
745 1951 936 2007 officio
949 1952 1189 2007 obtentu
1212 1958 1424 2008 sancta:
1454 1953 1696 2025 virginis
1720 1952 1909 2024 piissi-

255 2056 373 2095 mo.
408 2039 571 2095 Unde
612 2044 669 2094 et
716 2039 947 2095 mulieri
989 2058 1227 2113 gressus
1268 2058 1406 2097 suos
1451 2041 1672 2114 regenti
1713 2040 1857 2096 dixit
1890 2057 1903 2094 :

259 2127 532 2196 «Mulier,
556 2128 787 2184 dimitte
808 2145 929 2184 me:
956 2146 1112 2184 nunc
1135 2131 1290 2185 enim
1314 2135 1368 2185 te
1397 2130 1661 2185 trahente
1681 2147 1794 2185 non
1818 2130 1905 2184 in-

256 2217 450 2289 digeo,
484 2216 788 2288 quoniam,
802 2217 919 2273 Deo
931 2219 1170 2289 gratias,
1188 2223 1416 2291 recepto
1426 2218 1648 2274 lumine
1660 2219 1908 2291 perfecte

255 2306 444 2372 video,
469 2306 625 2378 quod
658 2306 801 2361 mihi
830 2305 920 2378 pie
940 2306 1197 2362 obtinuit
1224 2307 1563 2363 intercessio
1593 2324 1733 2363 mea;
1765 2307 1908 2363 dile-

257 2395 535 2450 ctissime:
562 2395 811 2450 dominae
841 2400 1054 2451 sanctae
1077 2393 1298 2451 scilicet
1318 2396 1721 2468 Hunegundis.
1743 2419 1770 2445 ››
1802 2396 1909 2452 Ita-

258 2483 605 2556 queingenti
623 2484 823 2539 laetitia
836 2483 1427 2556 perfusus,laudando
1444 2485 1627 2541 Deum
1642 2502 1908 2541 reversus

258 2579 353 2629 est
383 2574 455 2628 ad
478 2572 735 2645 prOpria.

336 2664 426 2718 12.
456 2664 557 2717 Est
586 2667 644 2717 et
674 2662 832 2717 aliud
862 2679 1086 2735 magna:
1106 2664 1341 2718 virtutis
1368 2662 1912 2735 miraculum,quod

260 2751 544 2806 abscondi
568 2750 799 2807 silentio
830 2768 944 2807 non
975 2769 1441 2825 essecongruum
1456 2753 1913 2808 existimo.Alius

263 2856 502 2912 quoque
529 2841 617 2895 vir
644 2842 879 2896 nomine
912 2841 1248 2908 Rotbcrtus,
1281 2844 1496 2914 pedum
1527 2842 1717 2898 ofﬁcio
1745 2842 1916 2898 desti-

267 2934 455 2995 tutus,
470 2929 761 2996 scabellis,
786 2930 1041 2985 utmoris
1064 2936 1154 2985 est
1176 2930 1402 2997 talium,
1424 2931 1730 2999 subnixus,
1759 2931 1914 3001 ejus~

270 3020 408 3074 dem
432 3018 530 3074 Dei
555 3018 798 3091 virginis
827 3018 1180 3075 solemnitati
1211 3018 1675 3091 gloriosw,prout
1707 3019 1915 3091 potuit,

271 3106 569 3163 festinavit
597 3106 897 3163 interesse.
932 3107 1040 3173 Qui
1071 3109 1275 3162 eadem
1320 3106 1380 3162 in
1411 3108 1655 3163 ecclesia
1698 3108 1799 3164 diu
1832 3125 1917 3163 re-

272 3202 496 3261 motus,
529 3196 777 3267 gratiam
810 3195 1478 3268 sospitatisinfundisibi
1507 3196 1922 3269 petiitmisera-

2015 1952 2170 2021 quod
2202 1950 2386 2007 oculis
2412 1950 2629 2007 nostris
2658 1950 2933 2022 vidimus,
2965 1954 3214 2013 fideliter
3242 1959 3583 2018 referamus.

2088 2041 2175 2094 14.
2199 2044 2368 2095 Anno
2388 2038 2568 2111 igitur
2583 2039 2656 2095 ab
2676 2039 3077 2100 incarnatione
3097 2045 3327 2102 Domini
3348 2054 3660 2122 nongente-

2016 2128 2165 2184 simo
2197 2127 2558 2201 sexagesimo
2597 2134 2825 2200 quarto,
2876 2131 2971 2187 die
3013 2138 3213 2191 octavo
3261 2136 3657 2195 Kalendarum

2016 2217 2397 2289 Septembris,
2431 2216 2739 2273 festivitate
2779 2219 3001 2276 scilicet
3046 2222 3227 2279 beatas
3276 2225 3660 2300 Hunegundis

2017 2304 2276 2379 virginis,
2300 2304 2409 2361 hoc
2430 2306 2500 2361 de
2516 2322 2631 2378 quo
2654 2304 2956 2379 loquimur
2983 2310 3179 2368 divina
3206 2313 3420 2371 virtute
3440 2316 3660 2373 factum

2017 2400 2109 2451 est
2136 2394 2507 2449 miraculum.
2528 2395 2592 2450 In
2614 2395 2903 2453 territorio
2922 2416 3175 2472 namque
3187 2404 3497 2474 cujusdam
3514 2405 3663 2463 villa

2019 2501 2147 2556 qua:
2176 2483 2392 2538 dicitur
2416 2483 2877 2555 Sasnulﬁcurtis,
2912 2504 3201 2548 messores
3248 2491 3309 2547 in
3350 2494 3481 2566 ipsa
3511 2495 3666 2552 festi-

2018 2572 2196 2628 vitate
2225 2574 2585 2628 frumentum
2616 2574 2921 2644 secabant;
2954 2594 3103 2650 quos
3134 2581 3437 2653 presbyter
3461 2600 3663 2640 eorum

2021 2661 2276 2716 nomine.
2312 2661 2650 2717 Lantfridus
2680 2663 3013 2735 frequenter
3040 2684 3144 2739 pro
3193 2669 3303 2725 hac
3342 2673 3668 2729 temeritate

2023 2749 2635 2821 redarguerat,dicens
2656 2767 2718 2806 se
2740 2754 2960 2821 synodo
2991 2754 3324 2815 interfuisse
3356 2760 3415 2816 in
3446 2778 3564 2831 qua
3593 2763 3665 2817 ab

2023 2837 2296 2909 episcopo
2328 2836 2730 2893 Noviomensis
2762 2840 3029 2897 Ecclesiae
3063 2843 3309 2900 Rodulfo
3349 2847 3471 2903 haec
3501 2848 3665 2904 festi-

2025 2926 2176 2981 vitas
2206 2926 2581 2981 devotissime
2601 2927 2887 2983 celebaari
2903 2930 3074 3001 jussa
3092 2933 3223 2988 fuit.
3250 2934 3362 2991 Sed
3383 2935 3517 3008 ipsi,
3540 2954 3670 2995 suo-

2028 3031 2159 3070 rum
2190 3014 2515 3070 vicinorum
2547 3032 2800 3072 errorem
2851 3020 3057 3087 secuti,
3106 3022 3376 3080 dicebant
3422 3042 3485 3092 se
3515 3026 3669 3082 solos

2027 3104 2179 3159 hanc
2205 3104 2575 3159 festivitatem
2590 3122 2703 3160 non
2728 3123 2899 3178 posse
2919 3108 3209 3167 celebrare
3246 3113 3388 3170 dum
3428 3120 3671 3171 cunctos

2029 3210 2169 3249 suos
2198 3192 2842 3251 vicinosviderentsuas
2864 3198 3239 3256 necessitates
3260 3206 3553 3274 operando
3570 3205 3674 3261 im-

275 3285 496 3340 bilibus
529 3266 828 3340 membris.
862 3266 1123 3340 Tandem
1156 3284 1271 3340 Deo
1328 3266 1641 3341 miserante
1700 3286 1924 3340 meritis
1953 3266 1997 3331 Ο
2032 3282 2206 3353 plere.
2241 3281 2402 3337 Unde
2422 3283 2668 3355 contigit
2686 3289 2751 3339 ut
2775 3286 3041 3357 quaedam
3061 3289 3255 3360 puella
3274 3266 3510 3350 nomine
3532 3294 3676 3350 Rot-

278 3376 462 3430 beata:
474 3373 717 3445 virginis
728 3379 785 3429 et
798 3373 1232 3439 intercessione,
1246 3374 1512 3445 perfectae
1534 3374 1921 3429 incolumitati

277 3463 471 3536 palam
512 3463 739 3518 cunctis
778 3462 992 3517 meruit
1027 3462 1294 3517 restitui:
1336 3464 1538 3534 sicque
1566 3463 1784 3517 factum
1811 3467 1920 3529 est,

277 3552 780 3623 utquicontraciis
802 3552 993 3606 nervis
1009 3567 1222 3607 curvus
1244 3553 1572 3619 advenerat,
1586 3552 1924 3607 eorumdem

278 3640 661 3712 compagibus
682 3639 827 3695 satis
841 3645 973 3712 apte
994 3640 1298 3706 solidatus,
1318 3642 1693 3712 postmodum
1711 3641 1769 3694 in
1783 3656 1925 3712 gau-

279 3730 377 3783 dio
394 3733 696 3784 remearet.
714 3728 977 3784 Sufficiat
996 3745 1103 3783 nos
1130 3745 1316 3801 pauca
1345 3745 1640 3784 narrasse:
1666 3729 1927 3783 calamus

279 3819 460 3874 etiam
501 3822 710 3872 nostra:
750 3817 1159 3890 descriptionis
1199 3816 1368 3889 plura
1409 3816 1598 3872 dicere
1628 3821 1845 3889 posset,
1878 3817 1926 3871 si

280 3906 521 3961 licentia
540 3905 820 3977 temporis
842 3906 1220 3977 permitteret,
1246 3906 1514 3977 quamvis
1544 3905 1733 3961 multa
1752 3905 1928 3960 mira-

283 3994 552 4051 culorum
584 4010 762 4066 opera
791 4010 894 4066 per
916 3994 1153 4049 incuriae
1183 3994 1417 4066 culpam
1439 3993 1559 4049 sint
1573 3993 1933 4067 negligenter

285 4084 528 4139 amissa.
560 4086 821 4155 Agamus
850 4099 985 4155 ergo
1022 4083 1242 4155 gratias
1272 4083 1389 4139 Deo
1420 4088 1638 4151 nostro,
1673 4084 1772 4156 qui
1797 4100 1930 4139 san-

285 4181 442 4229 ctam
474 4173 564 4227 sui
596 4173 879 4245 virginem
908 4172 989 4226 ita
1015 4171 1360 4244 gloriﬁcavit
1397 4173 1457 4227 in
1488 4173 1729 4236 mundo,
1762 4174 1933 4245 cujus

287 4261 518 4317 meritis
546 4267 603 4316 et
632 4261 1032 4316 obsecratione
1062 4261 1343 4332 perducat
1374 4279 1480 4317 nos
1520 4260 1804 4316 Dominus
1860 4262 1931 4316 ad

286 4350 507 4423 gaudia
531 4349 780 4405 caelestis
812 4350 1032 4420 patriae,
1054 4348 1113 4403 in
1145 4366 1265 4420 qua
1294 4350 1422 4420 ipsa
1444 4350 1931 4417 feliciterexultat,

288 4446 346 4495 et
376 4454 515 4493 cum
545 4437 740 4493 choris
767 4437 1063 4509 virginum
1105 4438 1398 4492 canticum
1436 4455 1649 4493 novum
1689 4438 1935 4494 Domino

287 4531 511 4584 cantat.
546 4525 662 4598 Ipsi
683 4525 887 4599 gloria,
907 4525 1109 4595 honor
1138 4532 1195 4581 et
1224 4532 1482 4599 potestas
1505 4528 1563 4582 in
1595 4532 1809 4583 aeterna
1839 4544 1939 4583 saa-

289 4616 445 4674 cula.
1220 4671 1231 4680 ,

364 4708 452 4770 13,
489 4705 552 4759 In
585 4704 894 4760 narrandis
924 4704 1131 4760 divina:
1156 4705 1511 4777 operationis
1546 4705 1934 4771 mirabilibus,

291 4795 389 4850 ille
419 4798 543 4849 tota
586 4793 800 4848 mentis
834 4794 1049 4848 virtute
1092 4798 1182 4848 est
1221 4794 1424 4864 utique
1456 4792 1805 4861 laudandus,
1846 4794 1939 4849 cui

294 4887 495 4939 cantat
533 4880 816 4954 propheta
852 4880 1365 4953 gratulabundus:
1407 4882 1725 4939 Benedictus
1758 4884 1940 4939 Domi-

294 4989 399 5027 nus
448 4972 591 5026 Deus
628 4971 819 5035 Israel,
877 4971 973 5042 qui
1027 4972 1168 5041 facit
1222 4972 1511 5027 mirabilia
1550 4990 1750 5043 magna
1795 4973 1942 5028 solus

298 5062 468 5121 (Psal.
504 5076 729 5124 cxxxxv,
774 5060 848 5129 4).
883 5058 1046 5115 Unde
1077 5077 1185 5114 nos
1216 5060 1355 5115 totis
1384 5060 1607 5116 viribus
1636 5061 1945 5116 laudemus

296 5156 351 5203 et
384 5149 800 5204 benedicamus
829 5165 985 5217 eum,
1021 5147 1121 5221 qui
1161 5147 1271 5203 sibi
1304 5148 1551 5204 fideliter
1570 5149 1945 5204 servientium

296 5237 544 5309 gloriam
577 5236 766 5307 perire
824 5254 939 5292 non
998 5237 1219 5308 patitur
1249 5236 1628 5292 meritorum:
1661 5238 1761 5293 sed
1796 5239 1949 5293 sicut

297 5324 760 5381 eternalitereos
774 5324 1007 5395 gaudiis
1021 5324 1161 5380 facit
1186 5325 1469 5380 interesse
1499 5324 1854 5393 caelestibus,
1868 5325 1950 5380 ita

295 5415 475 5469 ctiam
500 5413 900 5483 temporaliter
924 5430 1026 5485 per
1054 5414 1323 5485 quaedam
1357 5413 1719 5469 miraeorum
1742 5415 1951 5469 merita

297 5504 369 5559 ad
400 5501 747 5556 memoriam
780 5503 1008 5558 reducit
1038 5501 1399 5557 hominibus.
1433 5502 1735 5557 Narraturi
1767 5502 1948 5573 siqui-

296 5593 433 5647 dem
468 5590 626 5661 quod
659 5588 844 5644 oculis
876 5590 1091 5646 nostris
1119 5589 1375 5645 vidimus
1406 5606 1686 5663 magnum
1710 5590 1954 5644 miracu-

297 5681 425 5736 lum
457 5678 670 5735 divinae
694 5679 949 5745 virtutis,
975 5696 1088 5734 non
1115 5679 1460 5735 dubitamus
1483 5680 1540 5734 in
1564 5679 1951 5749 quorumdam

2032 3370 2225 3443 gildis,
2253 3370 2511 3441 praedicti
2543 3373 2884 3445 presbyteri,
2918 3375 3071 3431 sicut
3100 3376 3224 3449 ipse
3255 3381 3425 3438 nobis
3454 3382 3674 3452 retulit,

2033 3477 2103 3516 ex
2140 3476 2337 3515 sorore
2368 3460 2579 3531 neptis,
2628 3462 2755 3531 jam
2805 3463 2992 3518 dictos
3052 3481 3343 3524 messores
3402 3487 3676 3543 sequere-

2036 3553 2164 3613 tur;
2197 3552 2255 3602 et
2283 3547 2475 3619 spicas
2505 3565 2634 3619 qua:
2663 3565 2864 3605 eorum
2895 3568 3110 3609 manus
3137 3555 3391 3629 effugere
3410 3565 3681 3631 poterant

2036 3637 2362 3708 colligebat.
2397 3637 2659 3708 Cumque
2671 3655 2733 3693 se
2755 3640 3094 3698 inclinasset
3124 3649 3189 3699 ut
3209 3645 3402 3716 spicas
3417 3653 3514 3703 stu
3530 3648 3681 3705 rliose

2037 3725 2351 3797 colligeret,
2412 3742 2590 3780 unam
2654 3743 2687 3781 a
2752 3732 2909 3784 terra
2968 3728 3176 3787 levavit
3229 3751 3406 3805 quam
3465 3738 3681 3793 recenti

2037 3814 2323 3887 sanguine
2336 3813 2631 3869 madidam
2654 3815 2892 3871 invenit.
2924 3821 3107 3884 Quam
3131 3822 3352 3877 mirans
3372 3824 3526 3878 unde
3547 3841 3681 3880 san-

2038 3903 2171 3977 guis
2183 3902 2279 3958 ille
2295 3901 2511 3957 veniret
2526 3903 2971 3974 projecit,aliam
2984 3906 3682 3983 nihilominuscolligens,

2039 3993 2244 4049 eodem
2301 4007 2504 4046 cruore
2562 3992 2894 4048 madentem
2952 3996 3224 4052 similiter
3277 3999 3558 4071 projecit;
3599 4001 3684 4058 sic

2041 4082 2295 4148 tertiam,
2319 4084 2587 4152 quartam
2610 4086 2667 4136 et
2698 4081 2987 4154 quintam,
3012 4090 3070 4141 et
3100 4086 3373 4159 deinceps
3403 4106 3590 4162 usque
3611 4091 3684 4147 ad

2042 4171 2346 4226 fastidium
2374 4186 2578 4225 omnes
2608 4186 2758 4242 quas
2787 4171 3057 4246 colligere
3105 4179 3350 4246 poterat,
3398 4180 3687 4251 sanguine

2043 4260 2246 4332 plenas
2275 4258 2525 4314 videbat.
2560 4258 2721 4315 Unde
2748 4265 3005 4318 tremens
3034 4269 3092 4319 et
3116 4265 3293 4321 nimis
3353 4268 3562 4339 pavida
3614 4269 3687 4325 ad

2044 4353 2269 4420 patrem
2300 4364 2497 4414 suum,
2531 4347 2631 4418 qui
2665 4352 2804 4403 tunc
2836 4350 2981 4405 forte
3011 4352 3071 4406 in
3101 4369 3375 4425 campum
3414 4357 3686 4411 eumdem

2044 4437 2358 4492 advenerat
2386 4436 2700 4504 concurrit,
2724 4439 2940 4510 etquid
2968 4440 3019 4495 ei
3042 4441 3367 4513 contigerat
3388 4442 3685 4498 indicavit.

2046 4526 2232 4591 Quam
2265 4528 2431 4596 pater
2451 4541 2596 4580 suus
2616 4524 2771 4580 velut
2791 4526 3067 4597 puellaris
3090 4528 3341 4585 levitatis
3360 4531 3534 4586 verba
3556 4548 3687 4586 nar-

1968 4634 2015 4697 D
2049 4618 2273 4669 rantem
2308 4614 2342 4666 d
2354 4613 2865 4685 uriusincrepavit,
2881 4620 2939 4670 et
2955 4617 3026 4671 ad
3041 4634 3190 4689 opus
3203 4635 3377 4673 suum
3396 4619 3583 4673 redire
3596 4619 3691 4673 ad-

2048 4702 2299 4757 monuit.
2334 4702 2445 4755 Sed
2477 4701 2579 4756 illa
2606 4707 2894 4758 tremente
2923 4709 3099 4777 atque
3137 4706 3220 4761 ita
3266 4711 3331 4761 ut
3376 4706 3601 4762 dixerat
3628 4723 3692 4762 se

2050 4807 2170 4847 rem
2198 4790 2413 4845 habere
2431 4789 2779 4860 affirmante,
2800 4808 2928 4847 eam
2948 4798 3113 4865 pater
3128 4810 3271 4849 suus
3293 4810 3397 4866 per
3415 4809 3691 4865 campum

2051 4884 2286 4936 secutus
2305 4884 2412 4947 est,
2435 4883 2492 4933 et
2504 4880 2767 4950 ejusdem
2790 4881 3015 4937 cruoris
3026 4881 3311 4954 plurimas
3322 4881 3695 4953 spicasinun-

2051 4969 2287 5024 datione
2307 4967 2609 5023 madentes
2628 4968 3003 5042 collegerunt,
3026 4975 3084 5024 et
3103 4969 3462 5041 qumsierunt
3481 4968 3532 5024 si
3547 4970 3697 5027 forte

2054 5060 2112 5113 in
2143 5058 2345 5113 eodem
2377 5072 2583 5128 campo
2604 5056 2817 5128 aliquis
2847 5075 2914 5113 ex
2937 5057 3296 5113 messoribus
3317 5074 3562 5114 manum
3582 5057 3698 5116 sibi

2055 5151 2155 5201 aut
2180 5144 2428 5217 digitum
2462 5144 2784 5210 incidisset,
2803 5146 2957 5200 unde
2975 5146 3218 5218 sanguis
3237 5144 3336 5203 ille
3362 5147 3695 5220 proﬂueret.

2056 5236 2218 5302 Quod
2251 5233 2527 5289 omnibus
2548 5233 2923 5304 stupentibus
2949 5239 3122 5307 atque
3141 5251 3278 5290 cum
3308 5252 3525 5309 magna
3552 5241 3699 5293 atte-

2058 5325 2310 5378 statione
2342 5320 2711 5392 negantibus,
2746 5323 3034 5392 quasdam
3066 5340 3135 5379 ex
3165 5323 3384 5381 eisdem
3416 5324 3594 5396 spicis
3625 5324 3697 5380 ad

2058 5411 2361 5466 ecclesiam
2396 5407 2765 5476 detulerunt;
2799 5416 2856 5465 et
2909 5412 3313 5485 presbyterum
3361 5415 3495 5467 ante
3522 5410 3703 5470 altare

2059 5503 2311 5557 stantem
2333 5496 2713 5566 invenientes,
2748 5500 2798 5555 ei
2830 5500 3022 5572 spicas
3053 5500 3337 5573 sanguine
3366 5499 3570 5574 plenas
3597 5501 3705 5558 de-

2060 5590 2291 5653 derunt,
2324 5589 2381 5640 et
2410 5585 2551 5656 quid
2584 5587 2668 5641 eis
2693 5588 2748 5641 in
2770 5605 2976 5661 campo
3000 5588 3307 5661 contigerit
3324 5589 3705 5662 perordinem

2064 5678 2487 5732 indicaverunt.
2522 5676 2633 5733 Sed
2665 5664 2966 5750 presbyter
2994 5679 3290 5751 refugiens
3316 5684 3492 5742 tanta
3539 5681 3707 5742 fama
