4148 6184
274 350 358 410 85

1933 339 2134 399 VITA.

3658 346 3736 407 86

280 482 600 553 virginum,
633 476 730 531 cui
755 477 1013 532 narravit
1041 492 1106 531 ex
1154 473 1356 530 ordine
1390 468 1579 553 quod
1625 468 1743 522 sibi
1783 476 1973 524 osteu-
2004 473 2053 538 A
2090 474 2193 541 pia:
2226 475 2548 529 devotionis
2598 474 2817 530 solvere
2868 476 3153 547 nequiret,
3200 483 3373 548 caput
3423 475 3730 533 humiliter

282 552 421 627 sum
457 570 645 623 fuerat
672 566 731 619 in
755 572 1039 621 nocturna
1064 563 1300 620 visione.
1332 563 1405 615 At
1444 552 1598 622 illa,
1651 558 1805 612 sicut
1852 565 1973 613 erat

284 657 489 731 sagaci
517 655 714 710 animo
744 654 1287 725 prudentissima,et
1312 642 1657 703 interdum
1695 646 1865 701 etiam
1893 648 1973 701 fu-

284 755 586 810 turorum,
622 742 868 798 Domino
899 740 1198 808 revelante,
1232 733 1508 811 praescia,
1557 733 1641 787 de
1678 734 1971 791 nescituro

283 836 520 892 infante
552 831 742 887 multa
770 830 1051 902 praedixit,
1085 847 1204 901 quae
1242 843 1374 882 vera
1402 834 1561 877 esse
1623 839 1821 879 rerum
1854 825 1970 880 exi-

286 932 392 981 tus
422 920 727 978 iudicavit.

366 1014 507 1068 CAP.
544 1010 642 1066 III.
676 1041 745 1049 ——
775 1010 893 1064 Nos
926 1024 1153 1079 quoque
1191 1002 1541 1062 eorumdem
1601 1003 1968 1059 somniorum

287 1103 664 1173 conjectores
695 1114 827 1152 esse
847 1096 1254 1169 possumus,in
1287 1086 1537 1151 sublimi
1562 1091 1778 1147 vexillo
1801 1093 1968 1147 intel-

290 1193 552 1264 ligentes
583 1192 858 1243 sanctum
887 1186 1215 1256 virum,qui
1244 1190 1383 1239 tunc
1417 1181 1478 1235 in
1504 1182 1685 1235 utero
1706 1183 1972 1252 portaba-

287 1278 787 1351 tur,quandoque
800 1276 1070 1329 tuturum
1085 1272 1301 1327 militim
1316 1269 1414 1326 Dei
1429 1267 1969 1340 signiferum,sicut

292 1376 353 1425 et
382 1374 535 1433 erat,
570 1382 749 1439 quem
781 1362 1133 1418 multimoda
1163 1360 1549 1417 reluctatione
1580 1364 1784 1415 contra
1815 1361 1969 1414 anti—

291 1475 490 1532 quum
502 1456 737 1512 hostem
750 1471 858 1526 pro
880 1451 1220 1507 defensione
1238 1454 1451 1508 sancta:
1476 1449 1687 1506 matris
1699 1449 1969 1505 Ecclesiae

291 1546 785 1621 congredientem
813 1541 1092 1607 vidimus,
1125 1538 1372 1611 ipsoque
1404 1537 1679 1605 bellante,
1716 1538 1833 1593 imo
1866 1555 1970 1609 per

290 1639 499 1709 ipsum
531 1634 651 1690 Deo
682 1632 971 1697 vincente,
1014 1644 1327 1701 pravorum
1374 1627 1845 1682 machinamenta
1897 1629 1966 1682 ad

292 1724 563 1783 nihilum
594 1722 834 1787 redacta
878 1717 1316 1789 conspeximus.
1350 1717 1417 1771 Et
1464 1717 1602 1788 quia
1647 1716 1844 1788 aquila
1895 1717 1967 1771 ab

2082 564 2540 634 omnipotentem
2593 565 2904 618 Dominum
2957 570 3233 637 rogatura
3285 565 3615 632 declinavit,
3669 572 3725 620 et

2080 652 2386 706 confestim
2420 652 2614 709 divina
2644 652 3016 708 miseratione
3047 653 3332 713 consolari
3376 656 3717 725 promeruit.

2081 742 2225 796 Nam
2260 740 2479 796 nullam
2514 742 2839 797 molestiam
2855 743 3185 813 procellosm
3215 744 3724 816 tempestatissen-

2082 832 2465 896 tiens,subito
2496 848 2629 885 cum
2672 830 2957 887 infantulo
2991 833 3222 887 inventa
3272 838 3361 889 est
3406 835 3616 889 sedens
3664 833 3722 886 in

2080 919 2326 974 ecclesia
2357 937 2532 992 quam
2566 920 2723 974 adire
2754 919 3118 990 disponebat,
3154 922 3251 977 ubi
3284 921 3569 978 solemnia
3590 921 3727 976 mis-

2081 1026 2281 1063 sarum
2312 1010 2617 1082 presbyter
2645 1008 2975 1064 celebrabat
3001 1026 3013 1063 :
3039 1015 3091 1062 et
3124 1010 3275 1082 quod
3311 1009 3472 1065 nulla
3500 1010 3725 1066 ratione

2080 1099 2315 1152 credere
2349 1098 2637 1168 potuisset
2672 1102 2735 1150 ut
2770 1096 2952 1167 fieret,
2986 1099 3207 1152 factum
3237 1098 3611 1154 vehementer
3631 1114 3725 1151 ex-

2080 1187 2267 1257 pavit;
2302 1192 2355 1241 et
2382 1202 2585 1242 omnes
2617 1186 2795 1256 hujus
2821 1187 2901 1242 rei
2934 1193 3352 1258 cognoscentes
3375 1185 3727 1242 miraculum

2082 1292 2305 1348 magnae
2329 1276 2734 1331 admirationis
2758 1281 2962 1346 stupor
2985 1277 3217 1331 invasit.
3240 1276 3403 1332 Sicut
3426 1276 3581 1333 enim
3605 1292 3731 1350 pro-

2082 1365 2258 1436 pheta
2285 1367 2582 1437 quondam
2614 1380 2683 1418 ex
2711 1364 2913 1420 Judtea
2954 1368 3189 1437 repente
3238 1364 3527 1433 sublatus,
3563 1370 3620 1419 et
3668 1365 3729 1418 in

2079 1454 2351 1509 Chaldzea
2382 1471 2517 1508 cum
2550 1454 2793 1524 prandio
2837 1454 3160 1527 depositus,
3195 1454 3277 1509 sic
3328 1454 3534 1510 beatus
3583 1471 3729 1526 puer

2078 1542 2459 1598 Adelwoldus
2491 1543 2601 1598 sub
2634 1547 2931 1598 momento
2965 1559 3099 1597 cum
3131 1543 3357 1599 nutrice
3408 1544 3465 1599 in
3508 1541 3727 1615 templo

2080 1637 2169 1687 est
2201 1637 2610 1703 praesentatus,
2645 1636 2711 1688 ut
2738 1632 2890 1688 sicut
2920 1630 3021 1687 ille
3051 1631 3252 1687 refecit
3291 1647 3547 1704 congruo
3582 1637 3728 1687 tem-

2078 1739 2217 1793 pore
2250 1721 2551 1777 Danielem
2583 1721 2928 1794 prophetam
2961 1721 3020 1776 in
3052 1720 3182 1776 lacu
3213 1719 3469 1787 leonum,
3504 1720 3586 1775 sic
3618 1720 3731 1777 istc

293 1814 579 1871 acumine
608 1809 919 1866 oculorum
948 1812 1212 1871 vocatur,
1244 1810 1301 1861 et
1330 1810 1584 1860 testante
1632 1822 1797 1861 sacro
1845 1805 1963 1860 elo-
1997 1843 2045 1910 Β
2078 1811 2267 1867 millia
2296 1811 2650 1882 populorum
2685 1813 2950 1884 pasceret
2980 1811 3039 1864 in
3070 1808 3327 1865 Ecclesia
3365 1812 3725 1865 sanctorum.

293 1907 439 1979 quio
466 1905 787 1959 thesaurus
807 1898 1215 1955 desiderabilis
1230 1897 1539 1969 requiescit
1559 1896 1618 1952 in
1632 1914 1728 1951 ore
1741 1897 1965 1968 sapien-

293 1998 406 2064 tis;
433 1997 592 2049 recte
620 2009 724 2064 per
754 2002 996 2046 auream
1036 1986 1317 2059 aquilam,
1353 2002 1478 2057 quae
1526 1990 1709 2043 totum
1758 1986 1962 2041 urbem

292 2080 876 2142 alarumvelamento
903 2077 1262 2134 obumbrare
1274 2076 1397 2130 visa
1426 2082 1535 2141 est,
1552 2075 1707 2131 idem
1731 2074 1964 2145 praecla-

295 2192 400 2231 rus
431 2174 523 2227 vir
553 2171 738 2226 totius
767 2166 1070 2240 sapientiae
1092 2165 1416 2237 (thesauro)
1432 2166 1740 2221 decoratus
1770 2165 1959 2235 expri»

294 2264 514 2329 mitur;
550 2259 649 2332 qui
683 2254 1009 2331 perspicaci
1044 2260 1101 2311 et
1130 2254 1555 2309 irreverberata
1597 2254 1790 2308 cordis
1839 2255 1960 2309 acie

294 2352 500 2407 divina
531 2346 891 2413 meditando,
917 2361 1152 2416 semper
1182 2343 1255 2399 ad
1287 2342 1543 2398 ccelestia
1575 2360 1678 2413 per
1707 2349 1960 2397 contem-

296 2441 623 2514 plationem
654 2436 884 2503 volavit,
900 2439 960 2490 et
990 2450 1169 2505 super
1196 2431 1751 2503 Ecclesiam,1nagni
1786 2432 1959 2503 Regis

296 2528 620 2593 civitatem,
664 2540 840 2598 quam
890 2522 1199 2579 contrarias
1248 2524 1565 2592 potestates
1613 2520 1959 2591 impugnare

298 2618 670 2681 nitebantur,
685 2611 1102 2669 umbraculum
1118 2614 1369 2681 paternze
1393 2610 1766 2679 protectionis
1788 2608 1958 2681 longe

299 2709 536 2778 lateque
564 2703 862 2775 expandit,
896 2706 953 2756 et
984 2702 1393 2755 consummato
1437 2698 1568 2751 boni
1619 2694 1959 2753 certaminis

301 2813 508 2859 cursu,
533 2794 606 2848 ad
636 2791 920 2848 visionem
953 2789 1053 2844 Dei
1086 2789 1145 2842 in
1170 2791 1508 2841 sanctorum
1533 2787 1813 2850 comitatu
1840 2804 1959 2856 per-

302 2886 483 2946 venit,
516 2883 671 2937 sicut
702 2882 760 2936 in
792 2877 1104 2950 Evangelio
1154 2892 1292 2930 voce
1339 2876 1642 2929 Dominica
1693 2875 1909 2930 dicitur
1942 2894 1953 2930 ε

306 2976 641 3043 Ubicumque
657 2971 828 3041 fzwrit
848 2984 1064 3040 corpus,
1092 2967 1231 3021 illuc
1248 2965 1717 3036 congregabantur
1735 2966 1954 3035 aquilae.

300 3063 453 3127 Quia
484 3061 585 3115 ubi
622 3060 743 3130 ipse
776 3058 1133 3126 Redemptor
1163 3058 1361 3109 noster
1390 3060 1478 3108 est
1528 3068 1786 3122 corpore,
1822 3053 1956 3114 illuc

303 3149 510 3223 procul
540 3148 717 3202 dubio
744 3161 857 3200 non
891 3144 1253 3216 colliguntur
1281 3142 1597 3197 electorum
1640 3142 1868 3209 animae,
1902 3147 1959 3197 et

2148 1901 2284 1956 CAP.
2335 1900 2432 1957 VI.
2482 1933 2548 1943 —-
2598 1900 2782 1973 Igitur
2830 1898 3171 1973 quotidiana
3235 1898 3497 1971 profectu
3545 1898 3727 1959 crevit

2072 2007 2220 2063 puer
2249 1991 2413 2044 bonze
2448 1990 2683 2057 indolis,
2718 1994 2774 2043 et.
2804 1989 2862 2042 in
2894 1989 3022 2060 ipsa
3060 2003 3195 2042 mox
3241 1986 3493 2058 pueritia
3541 1988 3727 2044 sacris

2071 2080 2404 2134 litterarum
2438 2080 2652 2134 studiis
2682 2079 2973 2133 traditus:
3002 2079 3065 2132 ut
3094 2076 3190 2147 qui
3224 2076 3355 2131 aliis
3383 2076 3537 2130 viam
3570 2075 3723 2131 salu-

2070 2171 2147 2224 tis
2173 2175 2297 2222 erat
2325 2174 2691 2235 ostensurus,
2727 2170 2851 2238 ipso
2906 2182 3041 2220 cum
3103 2164 3286 2219 Maria
3323 2181 3493 2220 secus
3541 2165 3721 2236 pedes

2072 2259 2301 2314 Domini
2335 2258 2637 2313 humiliter
2675 2258 2922 2321 sederet,
2958 2260 3013 2309 et
3040 2255 3282 2309 verbum
3313 2270 3383 2309 ex
3413 2270 3511 2308 ore
3558 2253 3722 2311 illius

2070 2348 2388 2402 salubriter
2417 2348 2667 2403 audiret.
2702 2347 2838 2401 Erat
2867 2344 3025 2400 enim
3067 2343 3237 2413 agilis
3285 2347 3495 2399 natura
3545 2346 3719 2416 atque

2069 2442 2277 2492 acutus
2310 2437 2563 2509 ingenio,
2599 2436 2680 2490 ita
2712 2440 2777 2490 ut
2808 2432 3096 2505 quidquid
3129 2433 3419 2503 majorum
3452 2432 3720 2489 traditio-

2068 2544 2139 2579 ne
2174 2526 2477 2593 didicerat,
2514 2543 2627 2579 non
2670 2524 2930 2596 segniter
2978 2520 3253 2577 oblivioni
3302 2522 3576 2588 traderet,
3612 2522 3716 2577 sed

2070 2616 2255 2670 tenaci
2316 2616 2512 2684 potius
2568 2614 2860 2669 memoriae.
2910 2612 3369 2666 commendaret.
3431 2610 3717 2668 Studebat

2068 2705 2243 2758 etiam
2280 2708 2509 2757 teneros
2553 2703 2815 2773 pueritiae
2847 2716 3033 2755 annos
3084 2715 3313 2753 morum
3366 2699 3624 2754 honesta)
3655 2706 3715 2758 et

2067 2796 2349 2849 virtutum
2384 2793 2725 2847 maturitate
2758 2790 3007 2852 vincere,
3040 2786 3252 2842 divinis
3283 2803 3514 2856 semper
3544 2788 3714 2843 obse-

2069 2883 2223 2954 quiis
2254 2883 2451 2935 omnia
2482 2880 2747 2934 membra
2776 2894 2885 2933 sua
2914 2874 3268 2946 mancipem,
3298 2880 3356 2929 et
3383 2876 3455 2929 ad
3486 2876 3587 2930 Dei
3611 2875 3719 2932 im-

2068 2972 2341 3044 plendam
2373 2970 2734 3025 voluntatem
2766 2970 2946 3021 totam
2995 2965 3211 3019 mentis
3261 2980 3380 3019 sua:
3430 2964 3713 3020 intentio-

2070 3077 2198 3115 nem
2234 3059 2482 3131 dirigere
2516 3075 2528 3111 :
2563 3059 2761 3128 sicque
2793 3054 3097 3127 praeceptis
3126 3053 3344 3110 Christi
3367 3054 3714 3111 muneribus

2068 3154 2222 3204 recte
2251 3147 2492 3202 vivendo
2525 3147 2743 3219 gratias
2773 3144 3065 3210 exhibere,
3100 3148 3167 3199 ut
3199 3144 3271 3200 ad
3312 3144 3538 3214 majora
3586 3160 3715 3214 perv

304 3242 363 3294 in
397 3234 1073 3294 futuraaresurrcctionis
1106 3231 1293 3303 gloria
1325 3231 1462 3285 illuc
1496 3248 1727 3302 quoque
1749 3246 1949 3285 eorum
1987 3214 2029 3277 (ἶ
2067 3237 2335 3308 cipiemja
2363 3236 2577 3307 dignus
2609 3237 2931 3288 mereretur
2960 3232 3259 3289 exsistere.

306 3326 662 3399 colligantur
690 3330 747 3379 et
776 3338 1041 3394 corpora.
1075 3321 1206 3376 ch
1246 3321 1316 3375 de
1363 3321 1726 3375 somniorum
1776 3319 1959 3374 inter-

308 3415 635 3487 pretatione
669 3413 920 3469 breviter
948 3410 1207 3467 diximus
1242 3426 1255 3464 :
1289 3427 1443 3465 nunc
1483 3410 1555 3463 ad
1607 3409 1960 3463 narrationis

308 3506 577 3560 ordinem
610 3503 941 3559 redeamus.

381 3594 520 3649 CAP.
556 3592 647 3647 1V.
679 3621 750 3632 -
771 3590 1037 3656 Quadam
1068 3604 1321 3659 namque
1343 3589 1436 3643 die
1467 3605 1600 3642 cum
1634 3588 1959 3658 matcrejus

310 3683 529 3753 stipata
554 3681 778 3736 civibus
805 3682 987 3734 staret
1010 3678 1069 3733 in
1092 3676 1357 3744 ecclesia,
1383 3692 1559 3732 sacrae
1590 3677 1782 3732 missae
1813 3676 1957 3731 cele-

316 3771 566 3826 brationi
599 3769 882 3824 interesse
913 3768 1278 3831 desiderans,
1302 3767 1486 3821 sensit
1514 3768 1770 3822 animam
1796 3766 1959 3836 pueri

311 3876 487 3931 quem
519 3858 756 3929 gerebat
787 3858 847 3912 in
879 3862 1068 3921 utero,
1088 3856 1339 3921 venisse,
1364 3860 1420 3911 et
1450 3855 1509 3911 in
1530 3872 1664 3911 eum
1689 3854 1788 3909 Dei
1812 3860 1957 3909 nutu

308 3953 522 4004 cuncta
581 3947 939 4002 moderantis
1003 3946 1287 4011 intrasse,
1360 3946 1511 4000 sicut
1568 3949 1771 4015 postea
1835 3943 1959 4014 ipse

308 4044 554 4093 sanctus
585 4036 685 4108 qui
716 4036 1054 4091 nasciturus
1085 4040 1233 4101 erat,
1258 4036 1384 4106 jam
1429 4035 1736 4105 episcopus
1788 4033 1957 4088 nobis

305 4126 619 4199 gaudendo
650 4124 955 4180 referebat.
988 4125 1068 4180 Ex
1097 4140 1215 4195 quo
1245 4124 1577 4179 ostenditur
1605 4140 1738 4178 eum
1772 4140 1802 4177 a
1839 4122 1954 4177 Deo
1982 4176 1989 4181 .

304 4216 561 4270 electum
592 4213 889 4269 exstitisse
918 4214 1095 4268 etiam
1137 4218 1451 4284 antequam
1504 4218 1862 4275 nasceretur,
1897 4218 1953 4264 et

303 4306 568 4359 animam
598 4302 878 4374 procreati
913 4302 1171 4358 hominis
1226 4319 1361 4370 non,
1398 4306 1461 4356 ut
1511 4302 1747 4373 quidam
1799 4301 1950 4355 (esti-

302 4397 490 4457 mant,
528 4409 561 4446 a
590 4396 753 4462 patre
774 4391 861 4444 vel
895 4408 925 4445 n
959 4396 1146 4445 matre
1176 4390 1459 4446 existendi
1492 4391 1727 4445 initium
1756 4407 1951 4444 sume-

303 4499 388 4547 re,
425 4481 526 4535 sed
558 4486 623 4535 ut
652 4496 783 4535 vero
815 4484 873 4535 et
902 4481 1124 4552 absque
1152 4482 1311 4535 omni
1343 4480 1639 4534 dubietate
1670 4478 1949 4544 creditur,

2140 3328 2273 3379 CAP.
2308 3325 2429 3379 VII.
2464 3357 2529 3363 —
2558 3324 2820 3394 Cumque
2853 3320 3114 3377 ﬂorentis
3147 3322 3553 3378 adolescentia:
3583 3339 3718 3379 con-

2071 3417 2322 3487 tingeret
2352 3418 2603 3479 mtatem,
2627 3411 2981 3482 przeconium
3013 3416 3230 3466 sanctm
3262 3412 3720 3470 conversationis

2071 3507 2198 3576 ejus
2231 3503 2566 3558 JEdelstano
2596 3500 2736 3572 regi,
2762 3500 2881 3554 tilio
2912 3498 3173 3570 praedicti
3197 3500 3351 3573 regis
3382 3500 3717 3570 Eadwardi,

2072 3596 2227 3648 fama
2256 3593 2531 3665 vulgante
2585 3590 2920 3643 nuntiatum
2974 3592 3082 3655 est,
3109 3590 3506 3661 juvenemque
3555 3591 3718 3647 festi-

2071 3687 2278 3737 nanter
2307 3680 2575 3735 accessiri
2612 3677 3015 3750 prmcepit,qui
3050 3693 3185 3732 cum
3216 3679 3506 3734 adductus
3537 3684 3719 3735 staret

2072 3772 2129 3824 in
2161 3770 2469 3841 prtesentia
2501 3768 2674 3839 regis,
2718 3766 2939 3821 invenit
2988 3766 3239 3835 gratiam
3292 3767 3351 3820 in
3397 3773 3713 3840 conspectu

2070 3861 2217 3930 ejus,
2251 3863 2309 3912 et
2338 3859 2394 3911 in
2427 3856 2611 3911 oculis
2659 3856 3009 3926 optimatum
3059 3855 3227 3924 ejus;
3260 3854 3457 3925 ibique
3506 3856 3712 3910 indivi-

2069 3951 2183 4003 duo
2213 3948 2494 4001 comitatu
2530 3945 2780 3999 multum
2813 3942 3094 4014 temporis
3134 3960 3314 4015 agens
3362 3943 3423 3997 in
3473 3943 3710 4015 palatio,

2069 4037 2236 4109 plura
2267 4054 2301 4091 a
2330 4034 2695 4106 sapientibus
2728 4033 2881 4104 regis
2900 4031 3069 4086 utilia
3098 4049 3164 4086 ac
3196 4031 3456 4104 proﬂoua
3486 4033 3596 4088 sibi
3630 4034 3713 4089 di-

2067 4126 2225 4180 dicit.
2256 4128 2325 4181 Et
2357 4126 2594 4179 demum
2618 4124 2863 4195 jubente
2904 4138 3037 4193 rege.
3088 4122 3161 4176 ab
3210 4122 3426 4194 .Elfego
3473 4122 3708 4178 Winte-

2064 4217 2249 4270 niensi
2285 4215 2555 4286 episcopo
2595 4212 2914 4267 secundum
2969 4227 3191 4265 morem
3243 4210 3707 4267 ecclesiasticum

2063 4306 2225 4376 prius
2259 4306 2329 4359 ad
2363 4301 2673 4358 clericatus
2703 4301 2961 4355 ofﬁcium
2993 4304 3350 4367 tonsoratus,
3385 4318 3451 4356 ac
3495 4302 3704 4358 deinde

2062 4396 2264 4465 paucis
2294 4392 2629 4447 labentibus
2659 4406 2946 4445 annorum
2990 4390 3299 4445 curriculis
3343 4390 3401 4444 in
3452 4392 3699 4463 gradum

2060 4482 2479 4538 sacerdotalem
2510 4485 2883 4535 consecratus
2914 4484 3021 4533 est.

301 4590 333 4626 a
365 4570 495 4625 solo
528 4570 797 4624 Creatore
825 4569 1064 4625 vitalem
1098 4568 1369 4640 spiritum
1403 4569 1701 4635 vivilicari,
1736 4572 1792 4621 et
1835 4567 1948 4622 sin-
1976 4583 2025 4647 ί)
2130 4573 2265 4627 CAP.
2298 4571 2444 4625 Vill.
2478 4602 2545 4610 ——
2580 4571 2705 4640 Ipse
2737 4570 2891 4622 enim
2926 4568 3105 4622 beatae
3134 4568 3552 4623 recordationis
3593 4569 3695 4624 Pa.

302 4660 559 4733 gillatim
590 4657 904 4731 unicuique
938 4658 1084 4713 dari.
1119 4658 1393 4714 Nascitur
1421 4674 1556 4730 ergo
1588 4659 1822 4712 futurus
1845 4657 1943 4711 Dei

301 4749 586 4821 pontifex,
622 4753 675 4802 et
707 4748 861 4802 fonte
894 4747 1267 4819 baptismatis
1299 4747 1356 4800 in
1405 4747 1635 4801 Christo
1684 4750 1943 4811 renatus,

296 4836 607 4893 Adelwold
656 4854 690 4891 a
736 4837 1078 4907 parentibus
1124 4841 1215 4889 est
1262 4836 1607 4906 appellatus,
1643 4835 1944 4907 sanctique

296 4925 641 4982 chrismatis
697 4926 970 4981 unctione.
1028 4925 1428 4991 conﬁrmatus,
1492 4924 1689 4993 gratim
1740 4925 1836 4977 Dei
1886 4926 1941 4977 in

292 5016 577 5070 omnibus
608 5016 1069 5070 commendatus.

367 5108 499 5159 Car.
534 5104 599 5157 V.
638 5136 701 5143 -——
747 5104 972 5159 Accidit
1021 5103 1175 5158 enim
1227 5103 1478 5172 quadam
1531 5102 1775 5157 solemni
1826 5102 1940 5167 die,

295 5211 432 5249 cum
463 5210 629 5249 more
654 5192 823 5248 solito
854 5192 1051 5248 nutrix
1079 5191 1240 5246 illius
1271 5192 1341 5245 ad
1376 5191 1680 5246 ecclesiam
1702 5209 1940 5262 pergere

294 5289 345 5335 et
383 5282 634 5336 orationi
672 5282 1004 5336 incumbere
1038 5280 1408 5341 decrevisset,
1433 5285 1551 5333 tam
1584 5280 1835 5333 validam
1861 5282 1942 5333 in-

295 5373 583 5427 undantis
614 5370 818 5442 pluviae
847 5374 1258 5441 tempestatem
1306 5385 1631 5440 erumpere,
1665 5375 1727 5423 nt
1778 5376 1942 5424 extra

295 5462 406 5515 loci
438 5461 644 5525 limen,
678 5459 775 5514 ubi
808 5461 866 5513 in
905 5459 1127 5530 gremio
1176 5462 1381 5513 tenens
1430 5459 1700 5530 eumdem
1750 5459 1941 5515 infan-

295 5556 417 5604 tem
482 5549 734 5615 sederat,
795 5549 1003 5619 pedem
1071 5564 1298 5603 movere
1357 5529 1746 5619 non‘posset.
1809 5550 1942 5614 Qua:

299 5640 444 5694 dum
502 5654 755 5692 mcerens
800 5636 1168 5692 amarissime
1221 5638 1403 5697 ﬂeret.
1439 5656 1503 5691 eo
1551 5637 1704 5708 quod
1743 5644 1943 5692 votum

2057 4666 2145 4715 ter
2174 4659 2429 4731 Elfegus,
2464 4659 2615 4711 inter
2643 4661 2850 4710 cratera
2882 4657 2990 4711 sibi
3035 4656 3246 4711 collata
3298 4652 3693 4727 spiritualium

2054 4751 2475 4805 charismatum
2510 4749 2680 4813 dona,
2716 4740 3032 4817 prophetiae
3074 4746 3283 4815 spiritu
3334 4744 3591 4815 pollebat
3637 4753 3695 4801 et

2056 4839 2299 4911 contigit
2312 4853 2444 4891 eum
2460 4836 2761 4890 ordinasse
2778 4835 2833 4888 in
2852 4834 2973 4904 ipso
2988 4838 3246 4903 tempore
3260 4832 3434 4887 simul
3449 4832 3696 4889 Dunsta-

2056 4945 2196 4981 num
2228 4930 2281 4979 et
2312 4924 2720 4989 Adelwodum,
2750 4928 2805 4976 et
2834 4922 3168 4992 quemdam,
3192 4920 3569 4976 Edolstanum
3598 4938 3692 4977 vo-

2054 5014 2392 5085 eabulo,qui
2421 5013 2791 5083 postmodum
2828 5009 3215 5063 monachilem
3239 5009 3507 5066 habitum
3530 5013 3690 5068 dese-

2054 5123 2186 5159 rens
2208 5108 2473 5174 apostata
2495 5104 2785 5155 linetenus
2799 5098 3152 5170 perduravit.
3167 5098 3469 5171 Completa
3490 5107 3686 5157 autem

2050 5194 2361 5247 missarum
2391 5190 2777 5244 celebratione
2790 5191 3028 5241 sanctus
3050 5187 3296 5243 antistes
3320 5189 3552 5264 Elfegus
3575 5194 3685 5247 sibi

2051 5283 2409 5336 adhrerentes
2442 5281 2523 5333 ita
2549 5278 2864 5347 alloquitur
2897 5293 2907 5329 :
2948 5298 2972 5324 ‹‹
3006 5277 3183 5331 Hodie
3216 5294 3410 5334 coram
3442 5281 3558 5335 Deo
3580 5283 3682 5336 tri-

2051 5372 2160 5425 bus
2192 5372 2329 5423 viris
2352 5385 2561 5423 manus
2592 5367 3093 5437 imposui,eosque
3126 5368 3184 5421 in
3218 5369 3688 5424 sacerdotiiordi-

2052 5474 2183 5513 nem
2216 5457 2540 5512 consecravi
2570 5473 2581 5511 :
2617 5472 2867 5530 quorum
2899 5456 3013 5511 duo
3042 5457 3113 5510 ad
3145 5456 3532 5528 episcopalem
3562 5474 3687 5531 per-

2053 5549 2280 5620 tingent
2314 5546 2557 5617 apicem,
2592 5564 2745 5601 unus
2778 5546 3014 5619 quidem
3046 5546 3304 5617 primum
3352 5546 3412 5600 in
3457 5547 3688 5604 civitate

2059 5635 2454 5707 Wigornensi,
2488 5635 2698 5691 deinde
2730 5636 2788 5690 in
2817 5635 3043 5703 Cantia,
3080 5651 3207 5706 quae
3238 5639 3324 5691 est
3356 5636 3699 5709 metropolis
