4148 6184
364 397 443 455 87

1414 385 1476 441 S.
1525 366 2042 439 ETHELWULDI
2083 366 2426 425 WINTON.
2475 364 2710 424 EPISC.

3684 359 3763 416 88

372 493 866 598 Ecclesim'genﬁs
897 516 1409 592 Anglorull]:altcr
1437 529 1570 565 vero
1594 508 1734 563 mihi
1761 505 2016 577 quavzdo-
2038 499 2093 565 Α
2125 501 2430 570 m'ripturze
2463 496 2817 560 testimonia,
2853 513 2953 566 per
2981 493 3352 565 disciplinam
3403 494 3670 547 subditos
3703 499 3756 546 et

314 665 324 676 ,
379 633 490 690 que
523 594 904 670 successurus
929 614 1014 663 est
1038 609 1094 661 in
1121 602 1398 676 pontilicii
1425 594 2018 670 dignitatmn,tertius

380 683 575 762 autem
609 720 712 774 per
739 700 965 756 lubrica
997 695 1360 764 voluptatum
1396 688 1796 742 blandimenta
1847 683 2018 736 misc-

379 793 548 851 rabili
582 771 696 846 fine
721 790 1040 844 tabescet.»
1076 784 1239 837 Tunc
1270 779 1620 834 Edelstanus
1643 771 2021 842 interrogavit

379 888 650 944 sanctum
708 875 1035 932 antistitem
1095 871 1486 944 propinquum
1539 881 1712 919 suum
1772 862 2020 914 dicens:

379 994 409 1024 ‹‹
441 972 592 1026 Num
625 965 771 1022 mihi
803 963 1098 1034 continget
1133 975 1260 1012 esse.
1293 973 1475 1012 unum
1525 971 1592 1008 ex
1645 951 1875 1004 duolms
1925 949 2022 1019 qui

379 1056 692 1134 episcopali
739 1053 1013 1110 cathedra
1065 1047 1422 1105 sublimandi
1475 1041 1712 1097 sunt?»
1749 1039 1849 1094 Cui
1905 1056 2023 1092 res-

377 1127 598 1222 p-ondit—
616 1144 862 1201 antistes
889 1159 900 1194 2
941 1163 966 1189 «
999 1139 1123 1194 Non
1153 1137 1263 1192 erit
1293 1135 1396 1190 tibi
1431 1150 1565 1206 pars
1597 1147 1782 1202 neque
1815 1145 1942 1182 sors
1967 1127 2020 1180 in

378 1218 446 1293 eo
477 1251 652 1308 quem
685 1231 959 1304 praefatus
1008 1244 1139 1282 sum
1189 1225 1426 1290 ordine;
1462 1221 1562 1276 sed
1615 1235 1800 1290 neque
1850 1218 1907 1271 in
1958 1233 2026 1270 ea

377 1305 708 1389 sanctitate,
741 1336 916 1392 quam
951 1317 1008 1371 in
1039 1315 1344 1370 hominum
1377 1314 1690 1380 conspectu
1742 1305 2024 1361 videbaris

379 1413 710 1474 inchoasse,
771 1421 1190 1480 permansurus
1383 1423 1407 1446 ››
1469 1400 1650 1468 Cujus
1709 1392 2024 1467 prophetia:

377 1502 554 1557 verba
581 1515 758 1572 quam
793 1495 1072 1550 veraciter
1113 1494 1308 1546 essent
1357 1487 1584 1560 prolata
1633 1485 1712 1539 rei
1763 1481 2026 1555 probavit

379 1595 641 1646 eventus.
684 1589 828 1643 Nam
871 1585 984 1638 duo
1031 1582 1205 1652 (sicut
1257 1577 1396 1632 dicit
1455 1575 1793 1646 Scriptura:
1844 1572 2026 1626 Justus

383 1680 707 1750 iustiﬁcetur
735 1673 930 1738 adhuc,
962 1678 1016 1726 et
1046 1677 1262 1726 sanctus
1310 1665 1678 1734 sam-tiﬁcetur
1725 1661 1921 1730 adhuc)
1955 1659 2024 1712 ad

388 1767 765 1840 pontificatus
821 1763 1105 1818 honorem
1154 1758 1564 1830 pervenerunt,
1618 1751 1828 1805 tertius
1893 1765 2026 1800 vero

371 1858 542 1928 juxta
575 1851 897 1910 terribilem
931 1865 966 1920 p

379 1925 508 2019 quae
539 1942 726 1996 dicit:
764 1939 868 2006 Qui
897 1939 956 1992 in
1006 1934 1256 1990 sordibus
1304 1939 1383 1986 est
1423 1928 1694 1984 .sordescat
1739 1925 1936 1987 adhuc,
1971 1925 2028 1977 in

378 2034 559 2088 fetore
588 2027 832 2085 luxuria:
861 2025 1041 2080 vitam
1073 2021 1279 2076 linivit.

452 2193 588 2248 CAP.
623 2189 714 2246 1X.
751 2217 819 2228 -
846 2183 1226 2242 Adelvvoldus
1257 2185 1453 2236 autem
1487 2177 1700 2232 Christi
1755 2173 2033 2238 t'anmlus,

389 2283 647 2347 nomine,
663 2281 858 2334 mente
879 2281 936 2329 et
958 2290 1129 2344 opere
1151 2269 1484 2335 benevolus,
1501 2265 1888 2322 arctamviam
1913 2281 2038 2334 quae

397 2371 558 2426 ducit
589 2369 662 2423 ad
693 2367 872 2421 vitam
907 2367 1060 2418 recto
1101 2361 1304 2416 itinere
1354 2356 1650 2430 gradiens,
1703 2353 2043 2425 quotidiana

398 2460 516 2515 Deo
548 2459 895 2528 cooperante
927 2451 1154 2507 studuit
1205 2446 1604 2503 melioratione
1654 2457 2039 2505 succrescere,

401 2551 550 2604 dans
562 2561 798 2618 operam
821 2543 1132 2614 diligenter
1152 2536 1432 2594 doctrinis
1454 2540 1510 2590 et
1533 2532 1812 2603 exemplis
1833 2530 2044 2601 Ell‘regi

405 2635 764 2707 susceptoris
794 2637 852 2688 et
879 2629 1231 2686 ordinatoris
1263 2626 1536 2680 sui.Nam
1570 2623 1721 2694 apud
1755 2637 1886 2675 eum
1913 2637 2050 2690 prm-

405 2727 656 2798 cipiente
689 2739 842 2794 rege,
889 2737 1002 2792 quo
1035 2718 1245 2772 melius
1295 2715 1676 2774 imbueretur,
1709 2710 2049 2780 aliquandiu

407 2797 805 2870 commoratus
843 2815 950 2874 est,
985 2824 1050 2861 ac
1083 2804 1456 2877 postmodum
1510 2797 1867 2855 Glestoniam
1919 2815 2054 2868 per-

409 2903 669 2967 veniens,
703 2897 999 2970 magniﬁci
1039 2895 1146 2948 viri
1191 2890 1476 2947 Dunsteni
1527 2889 1756 2942 abbatis
1788 2888 2053 2956 ejusdem

407 2983 1140 3062 monasteriidiscipulatui
1164 2999 1224 3035 se
1247 2977 1696 3048 tradidit.Cujus
1721 2975 2056 3046 magisterio

413 3077 670 3134 multum
703 3069 1284 3145 proficiens,tandem
1317 3065 1624 3121 monastici
1656 3064 1877 3117 ordinis
1901 3064 2061 3118 babi-

404 3170 535 3222 tum
558 3164 631 3219 ab
653 3162 780 3232 ipso
803 3158 1080 3229 suscepit,
1096 3155 1423 3226 humilique
1447 3153 1747 3207 devotione
1769 3153 1895 3221 ejus
1910 3155 2054 3227 regi.

2130 606 2232 657 per
2263 586 2654 641 humilitatem
2689 585 3054 638 custodiebat
3086 584 3494 653 semetipsum.

2201 677 2334 728 Car.
2368 675 2432 728 Χ.
2461 707 2471 712 -
2497 706 2525 710 -
2556 672 2850 743 Contingit
2870 671 3086 724 interea
3111 671 3653 724 victoriosissinmm
3683 689 3766 724 re-

2132 782 2261 835 gem
2295 763 2718 828 .tldelstanum,
2745 765 2950 832 quarto
2981 778 3130 814 anno
3162 766 3471 831 postquam
3498 759 3766 814 hostilem

2135 869 2491 924 paganorum
2525 851 2839 904 exercitum
2872 849 3126 903 maxima
3155 853 3347 919 strage
3379 849 3646 920 peremit,
3679 849 3772 902 ob-

2133 943 2269 1007 isse,
2295 947 2349 994 et
2383 942 2618 995 fratrem
2650 941 2777 1010 ejus
2809 939 3218 993 Eadmundum
3251 955 3352 1008 pro
3385 954 3450 991 eo
3481 938 3643 1008 regni
3668 955 3772 1008 gu-

2135 1029 2448 1084 bernacula
2478 1029 2827 1099 SliRCt‘plSSB.
2861 1028 2965 1081 Cui
2999 1032 3130 1098 post
3161 1043 3345 1080 annos
3375 1043 3474 1080 sex
3514 1033 3570 1080 et
3601 1027 3771 1081 dimi-

2136 1119 2296 1172 dium
2313 1117 2624 1172 crudeliter
2646 1117 2995 1186 interempto
3018 1115 3302 1170 successit
3325 1115 3383 1168 in
3410 1131 3655 1186 regnum
3671 1117 3774 1169 fra-

2138 1205 2696 1276 tercjusEadredus,
2712 1203 2809 1275 qui
2825 1202 3172 1258 eratveteris
3195 1201 3439 1256 coanobii
3467 1202 3523 1255 in
3546 1201 3774 1256 \Vinto-

2137 1295 2233 1349 nia
2263 1292 2532 1364 specialis
2563 1298 2790 1347 amator
2818 1297 2992 1363 atque
3024 1292 3778 1357 defensor,uttestanturea

2137 1401 2262 1454 quae
2294 1383 2678 1454 ipsojubente
2703 1382 2980 1435 fabricata
3002 1385 3140 1434 sunt
3170 1384 3532 1446 ornamenta,
3567 1396 3778 1452 magna

2137 1472 2360 1528 scilicet
2382 1489 2556 1527 aurea
2567 1489 2725 1534 crux,
2743 1469 2854 1524 alta
2867 1487 2924 1523 re
2947 1487 3187 1523 aureum
3199 1512 3210 1530 .
3228 1476 3281 1524 et
3307 1474 3512 1523 cmtera
3525 1485 3651 1539 qua:
3667 1468 3777 1522 lar-

2138 1580 2210 1632 ga
2231 1579 2409 1616 manu
2431 1561 2720 1632 benignus
2741 1559 2876 1614 illuc
2900 1560 2971 1614 ad
2997 1559 3275 1613 honorem
3288 1559 3592 1613 beatorum
3607 1574 3778 1628 apos-

2139 1651 2388 1705 tolorum
2417 1650 2566 1703 Petri
2591 1655 2646 1704 et
2671 1647 2828 1702 Pauli
2855 1649 3082 1714 direxit,
3109 1648 3306 1718 ibique
3328 1645 3678 1702 aaternaliter
3707 1647 3780 1702 ad

2139 1740 2237 1795 Dei
2280 1739 2515 1794 laudem
2556 1743 2613 1791 et
2654 1737 2896 1806 gloriam
2949 1737 3277 1792 conservari
3327 1736 3598 1808 praicepit
3633 1753 3645 1789 :
3681 1737 3781 1808 qui

972 1847 1142 1902 rioris
1175 1844 1475 1899 sententiae
1509 1837 2025 1894 comminationem

2163 1828 2314 1881 ~tiam
2341 1827 2387 1881 si
2411 1827 2530 1880 vita
2548 1841 2742 1879 comes
2766 1827 2948 1890 tieret,
2967 1825 3306 1881 orientalem
3324 1825 3613 1897 porticum
3627 1825 3782 1896 ejus-

2141 1917 2274 1970 dem
2314 1914 2739 1969 Wintoniensis
2791 1913 3047 1968 ecclesia:
3098 1913 3395 1970 deauratis
3437 1914 3782 1969 imbricibus

2143 2005 2425 2059 adornaro
2455 2003 2766 2074 disposuit.
2787 2002 2966 2072 Cujus
2999 2003 3160 2074 regni
3195 2009 3451 2074 tempore
3471 2005 3559 2059 vir
3586 2005 3780 2059 Domi-

2146 2094 2200 2148 ni
2236 2091 2615 2147 Adelwoldus
2645 2093 2833 2146 adhuc
2873 2091 3115 2162 cupiens
3163 2092 3431 2164 ampliori
3463 2094 3790 2164 Scriptura-

2151 2199 2278 2236 rum
2329 2181 2574 2236 scientia
2623 2180 2836 2245 doceri,
2889 2185 2946 2234 ct
2997 2181 3322 2235 monastica
3351 2182 3631 2251 religione
3663 2200 3790 2253 per-

2151 2271 2360 2324 fectius
2391 2269 2712 2334 informari,
2732 2268 2983 2323 decrevit.
3014 2267 3167 2322 ultra
3199 2270 3456 2325 marinas
3479 2271 3638 2324 adire
3662 2288 3792 2341 par-

2153 2365 2260 2411 tes.
2277 2359 2388 2412 Sed
2419 2357 2768 2411 venerabilis
2790 2359 2992 2428 regina
3013 2359 3281 2430 Eadgiw,
3296 2364 3486 2414 mater
3507 2360 3795 2431 regisme-

2156 2446 2404 2514 mm-iali,
2423 2447 2692 2516 prmvenit
2709 2447 2835 2516 ejus
2857 2447 3340 2515 conamina,dans
3352 2448 3660 2502 consilium
3677 2449 3796 2520 regi

2159 2555 2226 2589 ne
2254 2535 2427 2590 talem.
2451 2535 2636 2588 virum
2662 2535 2877 2588 sineret
2899 2535 3092 2606 egredi
3118 2537 3189 2589 de
3211 2553 3388 2608 regno
3410 2554 3534 2599 suo,
3562 2537 3802 2606 insuper

2159 2643 2426 2680 asserens
2451 2629 2668 2676 tantam
2699 2624 2750 2675 in
2776 2640 2841 2676 eo
2864 2624 3043 2676 fuisse
3074 2624 3174 2676 Dei
3200 2624 3566 2692 sapientiam,
3594 2641 3720 2693 qum
3743 2629 3800 2676 et

2161 2715 2268 2768 sibi
2311 2719 2368 2766 et
2419 2711 2548 2766 aliis
2599 2714 2864 2764 sul'iicere
2913 2717 3127 2780 posset,
3165 2711 3430 2782 quamvis
3475 2712 3546 2763 ad
3595 2710 3798 2763 alienae

2163 2804 2362 2875 patrim
2397 2803 2541 2854 ﬁnes
2572 2801 2644 2854 ob
2676 2800 2823 2853 hanc
2854 2816 3090 2852 causam
3125 2799 3365 2852 minime
3395 2799 3677 2852 tenderet.

2235 2893 2369 2956 CAP,
2403 2891 2493 2945 XI.
2528 2921 2596 2930 ——
2626 2889 2848 2954 Quibus
2878 2887 3094 2941 auditis
3125 2888 3447 2942 delectatus
3486 2904 3602 2952 rex,
3637 2904 3800 2958 meg-

2169 2999 2302 3036 nam
2334 2982 2487 3034 circa
2517 2979 2614 3033 Dei
2649 2977 2932 3032 famulum
2965 2976 3136 3048 ccepit
3163 2976 3374 3032 habere
3405 2975 3802 3042 dilectionem,

2167 3069 2603 3142 placuitquevei,
2639 3068 2916 3120 suadente
2949 3071 3132 3119 matre
3162 3066 3440 3133 sua,dare
3463 3069 3663 3118 sancto
3687 3065 3809 3121 viro

2170 3159 2484 3232 quemdam
2515 3157 2703 3210 locum
2730 3155 3386 3221 vocabuloAbbandum,
3403 3155 3460 3207 in
3483 3170 3597 3225 quo
3621 3153 3778 3206 modi
3799 3182 3810 3192 -

411 3251 558 3309 mini
591 3249 825 3305 deditus
854 3252 962 3302 est.
997 3245 1209 3300 Didicit
1258 3261 1509 3315 namque
1559 3243 1698 3296 inibi
1752 3243 2052 3300 liberalem
2094 3225 2136 3291 C
2167 3266 2299 3304 cum
2326 3247 2651 3317 antiquitus
2675 3243 3293 3309 monasteriolum,sed
3317 3249 3441 3297 erat
3461 3241 3809 3313 tuncnegle-

398 3338 818 3414 grammaticae
847 3335 992 3398 artis
1023 3333 1313 3404 peritiam,
1349 3336 1523 3403 atque
1555 3331 1899 3386 mellifluam
1933 3350 2058 3388 mc—

415 3427 575 3484 tricze
606 3424 853 3481 rationis
883 3422 1281 3486 dulcedinem;
1306 3427 1364 3474 et
1395 3438 1554 3475 more
1585 3421 1710 3492 apis
1733 3422 2062 3492 prudentis-

417 3516 600 3582 simae,
618 3530 744 3585 quae
767 3512 914 3567 solet
934 3512 1068 3565 boni
1093 3510 1287 3564 odoris
1323 3510 1558 3564 arbores
1589 3509 2058 3564 circumvolando

415 3602 730 3676 requirere,
767 3607 823 3656 et
845 3599 1094 3670 jucundi
1128 3598 1354 3670 saporis
1393 3597 1648 3652 oleribus
1699 3599 2055 3666 incumbere,

407 3675 747 3748 divinorum
781 3689 1054 3759 carpebat
1090 3686 1456 3740 voluminum
1507 3686 1697 3740 flores.
1732 3687 2058 3742 Catholicos

413 3796 644 3854 quoque
674 3783 730 3834 et
760 3777 1091 3832 nominatos
1123 3775 1382 3829 studiose
1407 3774 1636 3846 legebat
1665 3781 1954 3840 auctores,
1973 3777 2056 3829 in-

408 3885 588 3942 super
605 3866 822 3940 vigiliis
843 3872 900 3921 et
922 3864 1285 3920 orationibus
1309 3865 2056 3934 perseveranterinsistens,

409 3966 468 4014 et
496 3956 855 4012 abstinentia
873 3955 1258 4024 semetipsum
1287 3953 1661 4018 cd01nans,ct
1691 3953 1898 4006 fratres
1913 3969 2060 4006 sem-

412 4063 516 4117 per
546 4045 617 4100 ad
649 4044 834 4100 ardua
853 4042 1308 4107 exlmrtans.0ui
1333 4058 1466 4095 cum
1491 4058 1594 4113 pro
1618 4043 1826 4095 merito
1849 4041 2058 4094 sancti-

413 4133 554 4188 tatis
585 4132 657 4186 ab
687 4132 963 4186 omnibus
996 4135 1386 4196 amaretur,et
1419 4131 1752 4184 monasterii
1781 4131 2058 4184 decainus

414 4223 488 4278 ab
502 4221 711 4276 abbate
724 4236 830 4274 suo
842 4219 1324 4285 constitueretur;
1341 4218 1566 4272 nullum
1590 4218 1858 4273 elationis
1873 4219 2003 4272 incn
2015 4236 2062 4272 r-

419 4310 496 4364 rit
518 4306 868 4380 periculum,
884 4307 984 4362 sed
1005 4311 1179 4359 tanta:
1198 4306 1478 4376 subjectis
1501 4308 1745 4378 prrebuit
1767 4308 2064 4362 humilita-

419 4399 497 4454 tis
529 4396 883 4469 exemplum,
903 4395 1317 4466 utquotidiano
1335 4412 1613 4449 manuum
1630 4413 1800 4467 opere
1825 4398 2058 4452 hortum

421 4485 736 4542 excolendo
767 4484 1525 4550 laboraret,etfratribusad
1557 4486 1866 4556 prandium
1893 4504 2065 4557 perna

421 4593 489 4633 ac
539 4575 747 4632 diversi
796 4573 1027 4647 generis
1075 4572 1371 4645 legumina
1402 4581 1748 4644 prmpararet

2167 3345 2326 3392 ctum
2352 3354 2415 3389 ac
2447 3335 2816 3399 destitutum,
2849 3331 3061 3386 vilibus
3093 3333 3352 3387 aedificiis
3380 3331 3728 3394 consistens,
3755 3336 3812 3384 et

2170 3425 2558 3498 quadraginta
2589 3428 2818 3476 tantum
2860 3439 3096 3477 mansos
3145 3422 3490 3494 possidens;
3525 3419 3808 3492 reliquam

2168 3532 2300 3569 vero
2333 3513 2552 3586 prmfati
2584 3513 2692 3567 loci
2729 3518 2961 3576 terram,
2997 3529 3122 3582 quis
3164 3513 3398 3565 centum
3446 3514 3806 3564 cassatorum

2170 3604 2372 3658 lustris
2394 3603 2528 3656 hinc
2561 3601 2694 3654 inde
2717 3605 2974 3671 gyratur,
2991 3598 3168 3670 regali
3202 3599 3460 3652 dominio
3483 3598 3810 3668 subjectam

2171 3711 2264 3746 rex
2299 3693 2420 3763 ipse
2453 3690 2810 3762 possidebat.
2860 3689 3218 3760 Factumque
3269 3693 3376 3755 est,
3411 3685 3812 3741 consentiente

2171 3783 2472 3836 Dunstano
2492 3779 2722 3844 abbate,
2738 3778 3061 3831 secundum
3080 3777 3233 3848 regis
3247 3775 3626 3836 voluntatem.
3645 3779 3706 3828 ut
3727 3775 3814 3828 vir

2172 3867 2662 3924 DeiAdelwoldus
2693 3867 2994 3938 przenotati
3021 3865 3128 3920 loci
3163 3863 3808 3936 susciperet.(9)curam,

2169 3965 2458 4031 quatenus
2492 3957 2545 4009 in
2581 3973 2646 4007 eo
2673 3955 2987 4009 monachos
3018 3955 3313 4009 ordinaret
3333 3953 3678 4026 regulariter
3697 3953 3814 4007 Deo

2169 4047 2505 4100 servientes.
2538 4044 2708 4097 Venit
2747 4061 2882 4117 ergo
2931 4060 3132 4097 servus
3181 4043 3278 4098 Dei
3329 4044 3401 4097 ad
3450 4042 3642 4097 locum
3701 4041 3812 4096 sibi

2169 4135 2754 4204 commissnmzquem
2772 4132 3038 4202 protinus
3051 4132 3234 4186 secuti
3251 4135 3388 4186 sunt
3402 4131 3640 4202 quidam
3654 4129 3818 4184 cleri-

2170 4225 2216 4276 ci
2245 4223 2314 4277 de
2337 4221 2651 4286 Glestonia,
2669 4219 2890 4275 scilicet
2912 4220 3188 4292 Osgarus,
3208 4218 3814 4274 Foldbirhtusl’riwe-

2171 4330 2366 4380 garus,
2403 4317 2457 4365 et
2517 4309 2894 4365 Ordbirthtus
2925 4310 2995 4363 de
3024 4309 3417 4376 Wintonia,et
3443 4293 3817 4363 Eadricns'de

2179 4401 2498 4464 Lundonia,
2515 4400 2643 4469 ejus
2667 4399 3039 4470 discipulatui
3058 4415 3118 4450 se
3133 4399 3474 4454 subdentes.
3490 4396 3816 4469 Congrega-

2173 4491 2370 4560 vitqne
2402 4489 2510 4542 sibi
2548 4489 2602 4541 in
2639 4489 2795 4542 brevi
2847 4487 3034 4558 spatio
3085 4504 3322 4559 gregem
3374 4485 3816 4541 monachorum.

1791 4591 1801 4628 :
1841 4582 1900 4629 ut
1937 4581 2066 4646 post
2095 4593 2144 4658 D
2177 4582 2390 4652 quibus
2421 4580 2543 4649 ipse
2575 4577 3016 4647 abbasjubente
3039 4594 3171 4648 rege
3194 4576 3497 4630 ordinatus
3529 4575 3818 4628 est.Dedit

424 4662 793 4738 spiritualem
824 4663 1154 4719 animarum
1190 4663 1904 4733 refectionem,corporum
1931 4684 2068 4735 qun-

427 4769 539 4826 que
571 4750 1303 4814 necessariaministraret,
1335 4768 1449 4822 pne
1477 4751 1659 4805 oculis
1692 4755 2069 4822 semperreti-

429 4858 576 4897 nens
606 4839 752 4896 illud
785 4840 1542 4912 Dominicum:Quicumque
1576 4841 1802 4894 coluerit
1824 4844 1966 4896 inter
1987 4860 2072 4897 eos

429 4932 607 5002 major
632 4931 777 5000 fieri,
807 4931 882 4985 sit
905 4938 1075 4985 vester
1113 4930 1392 4988 minister:
1423 4936 1475 4983 et
1519 4930 1613 5000 qui
1660 4930 1891 4985 voluerit
1935 4933 2076 4986 inter

433 5034 524 5074 vos
554 5020 768 5088 primus
795 5035 928 5084 esse,
959 5021 1066 5073 erit
1094 5027 1265 5073 vester
1291 5033 1506 5080 servus;
1540 5022 1592 5070 et
1630 5015 1772 5070 illud
1811 5035 1823 5071 :
1869 5020 2076 5085 Qutth

437 5122 668 5176 magnus
697 5122 774 5169 es,
819 5107 1057 5162 humilia
1086 5115 1134 5162 te
1165 5109 1219 5161 in
1251 5105 1523 5168 omnibus,
1555 5113 1606 5159 et
1651 5122 1830 5160 eorum
1863 5108 1967 5161 Deo
1998 5110 2078 5162 in-

437 5196 620 5249 venies
645 5195 900 5264 gratiam.
938 5197 1063 5250 llaec
1097 5203 1152 5250 et
1183 5196 1297 5251 alia
1328 5197 1620 5250 memoria:
1662 5198 2080 5252 commendans

2177 4669 2351 4720 etiam
2388 4685 2480 4720 rex
2513 4667 2942 4736 possessionem
2979 4665 3229 4737 regalem
3255 4682 3430 4736 quam
3464 4665 3521 4717 in
3552 4664 3819 4718 Abardo-

2181 4757 2277 4809 nia
2307 4756 2664 4825 possederat,
2699 4753 2806 4807 hoc
2842 4759 2929 4807 est
2959 4759 3194 4808 centum
3227 4758 3485 4808 cassatos
3518 4771 3649 4806 eum
3682 4753 3826 4822 opti-

2183 4845 2294 4898 mis
2326 4843 2604 4908 aediliciis,
2641 4843 2834 4897 abbati
2877 4848 2928 4896 et
2982 4843 3262 4896 fratribus
3310 4843 3382 4897 ad
3437 4847 3822 4913 augmentum

2184 4933 2503 5006 quotidiani
2541 4932 2822 4993 viclus,et
2853 4932 2922 4984 de,
2953 4931 3110 5002 regio
3135 4932 3408 4986 thesaura
3440 4949 3545 4985 suo
3569 4930 3827 4984 multum

2185 5039 2282 5075 eos
2317 5022 2370 5074 in
2405 5020 2667 5092 pecuniis
2692 5021 2991 5089 juvit;sed
3022 5025 3209 5075 mater
3229 5021 3356 5090 ejus
3385 5019 3830 5091 largiussolatia

2187 5127 2494 5164 munerum
2530 5109 2613 5160 eis
2645 5109 3252 5181 direxit.Tantumque
3273 5109 3521 5179 gratiam
3547 5109 3831 5163 Dominus

2191 5199 2300 5254 sibi
2316 5197 2702 5252 servientibus
2715 5216 2758 5252 cc
2771 5198 2981 5265 intulit,
2999 5204 3062 5253 ut
3076 5199 3144 5252 ad
3163 5199 3352 5268 prrel'at
3365 5215 3464 5252 um
3477 5198 3802 5252 emnobium
3815 5239 3830 5262 ,

513 5372 590 5444 (9)
624 5372 677 5428 Is
709 5373 891 5447 abbas
920 5372 1363 5447 Abandon‘ensis
1395 5375 1602 5431 Edrcdi
1642 5373 1940 5447 privilegio
1978 5393 2082 5447 pro

441 5443 814 5519 penasteriq
829 5443 1215 5519 Crulaudensi
1233 5446 1590 5519 subscripsit
1611 5443 1761 5519 anno
1789 5445 1898 5502 948
1928 5443 2080 5519 apud

441 5513 845 5588 Ixigultum.Et
879 5520 1072 5588 tamen
1107 5515 1162 5588 in
1199 5513 1499 5588 Monastic'i
1533 5517 1832 5588 Anglicani
1857 5513 2015 5575 tonio
2039 5520 2080 5586 Ι,

443 5584 578 5657 pag.
614 5587 699 5652 16,
725 5586 832 5642 col.
863 5589 907 5648 l,
925 5585 1316 5640 Abbandonize
1339 5588 1520 5640 abbas
1546 5584 1760 5643 dicitur
1780 5584 2084 5646 ordinatus

445 5673 598 5712 anno
627 5658 874 5731 954;‘an
907 5658 1215 5730 legendum
1247 5657 1392 5712 944‘?
1426 5659 1577 5713 Viros
1599 5665 1910 5717 monasticw
1929 5663 2087 5718 disci-

2191 5380 2359 5450 plina:
2387 5379 2658 5448 exquisite
2688 5378 2963 5450 callentes,
2993 5375 3402 5450 erCortieiensi
3434 5375 3626 5450 Gallia:
3671 5388 3841 5450 aeuo—

2195 5443 2280 5504 tiio
2312 5443 2627 5502 accersisse
2659 5449 2874 5502 dicitur
2927 5445 3328 5500 Ethelwoldus
3378 5448 3533 5516 apud
3583 5443 3839 5500 Harst’el-

2197 5522 2354 5647 illium
2392 5519 2583 5595 sa-("nli
2612 5532 2671 5578 κ,
2707 5536 2831 5586 cap.
2866 5517 2938 5574 0:
2973 5517 3211 5570 consule
3253 5517 3555 5571 Monastici
3611 5524 3839 5570 tomum

2226 5635 2238 5647 .
2275 5610 2403 5647 tum.
2435 5595 2524 5645 97.

2226 5635 2238 5660 ,
2275 5610 2403 5662 pag.
2435 5610 2524 5645 tu.
