  <div class='ocr_page' id='page_1' title='image "/cluster/home/n/w/nwhite01/storage/ocr_20150623/137/hvd.32044054759972/054.png"; bbox 0 0 4166 6172; ppageno 0'>
   <div class='ocr_carea' id='block_1_1' title="bbox 351 320 2003 389">
    <p class='ocr_par' dir='ltr' id='par_1_1' title="bbox 351 320 2003 389">
     <span class='ocr_line' id='line_1_1' title="bbox 351 320 2003 389; baseline 0.007 -11"><span class='ocrx_word' id='word_1_1' title='bbox 351 320 438 380; x_wconf 82' lang='grc'>89</span> <span class='ocrx_word' id='word_1_2' title='bbox 1957 327 2003 389; x_wconf 74' lang='grc' dir='ltr'><strong>ν</strong></span> 
     </span>
    </p>
   </div>
   <div class='ocr_carea' id='block_1_2' title="bbox 2119 320 3761 389">
    <p class='ocr_par' dir='ltr' id='par_1_2' title="bbox 2119 323 3761 383">
     <span class='ocr_line' id='line_1_2' title="bbox 2119 323 3761 383; baseline 0.001 -1"><span class='ocrx_word' id='word_1_3' title='bbox 2119 324 2168 383; x_wconf 62' lang='grc' dir='ltr'>ι.</span> <span class='ocrx_word' id='word_1_4' title='bbox 3084 324 3097 341; x_wconf 84' lang='grc'><em>“</em></span> <span class='ocrx_word' id='word_1_5' title='bbox 3680 323 3761 383; x_wconf 85' lang='grc'>90</span> 
     </span>
    </p>
   </div>
   <div class='ocr_carea' id='block_1_3' title="bbox 355 453 3752 528">
    <p class='ocr_par' dir='ltr' id='par_1_3' title="bbox 355 453 3752 528">
     <span class='ocr_line' id='line_1_3' title="bbox 355 453 3752 528; baseline 0.001 -22"><span class='ocrx_word' id='word_1_6' title='bbox 355 453 513 522; x_wconf 88' lang='lat' dir='ltr'>quod</span> <span class='ocrx_word' id='word_1_7' title='bbox 547 458 717 507; x_wconf 88' lang='lat' dir='ltr'>antea</span> <span class='ocrx_word' id='word_1_8' title='bbox 750 455 922 507; x_wconf 86' lang='lat' dir='ltr'>rebus</span> <span class='ocrx_word' id='word_1_9' title='bbox 951 460 1073 508; x_wconf 88' lang='lat' dir='ltr'>erat</span> <span class='ocrx_word' id='word_1_10' title='bbox 1106 457 1570 528; x_wconf 83' lang='lat' dir='ltr'>pauperrimum,</span> <span class='ocrx_word' id='word_1_11' title='bbox 1595 474 1799 514; x_wconf 91' lang='lat' dir='ltr'>omnes</span> <span class='ocrx_word' id='word_1_12' title='bbox 1830 456 2008 513; x_wconf 85' lang='lat' dir='ltr'>simul</span> <span class='ocrx_word' id='word_1_13' title='bbox 2039 458 2093 523; x_wconf 76' lang='grc' dir='ltr'><strong>Α</strong></span> <span class='ocrx_word' id='word_1_14' title='bbox 2114 455 2485 526; x_wconf 85' lang='lat' dir='ltr'>etjuvamine</span> <span class='ocrx_word' id='word_1_15' title='bbox 2508 454 2748 509; x_wconf 83' lang='lat' dir='ltr'>alterius</span> <span class='ocrx_word' id='word_1_16' title='bbox 2772 453 3022 508; x_wconf 80' lang='lat' dir='ltr'>ministri</span> <span class='ocrx_word' id='word_1_17' title='bbox 3058 469 3349 524; x_wconf 75' lang='lat' dir='ltr'>peragere.</span> <span class='ocrx_word' id='word_1_18' title='bbox 3374 453 3595 507; x_wconf 78' lang='lat' dir='ltr'>Accidit</span> <span class='ocrx_word' id='word_1_19' title='bbox 3618 472 3752 509; x_wconf 88' lang='lat' dir='ltr'>nam</span> 
     </span>
    </p>
   </div>
   <div class='ocr_carea' id='block_1_4' title="bbox 356 540 2006 619">
    <p class='ocr_par' dir='ltr' id='par_1_4' title="bbox 356 540 2006 619">
     <span class='ocr_line' id='line_1_4' title="bbox 356 540 2006 619; baseline 0.005 -27"><span class='ocrx_word' id='word_1_20' title='bbox 356 540 571 594; x_wconf 73' lang='lat' dir='ltr'>divitiae</span> <span class='ocrx_word' id='word_1_21' title='bbox 606 548 951 612; x_wconf 77' lang='lat' dir='ltr'>putarentur</span> <span class='ocrx_word' id='word_1_22' title='bbox 974 544 1232 612; x_wconf 73' lang='lat' dir='ltr'>afﬂuere,</span> <span class='ocrx_word' id='word_1_23' title='bbox 1265 550 1323 600; x_wconf 87' lang='lat' dir='ltr'>et</span> <span class='ocrx_word' id='word_1_24' title='bbox 1353 547 1437 601; x_wconf 90' lang='lat' dir='ltr'>sic</span> <span class='ocrx_word' id='word_1_25' title='bbox 1470 551 1680 603; x_wconf 88' lang='lat' dir='ltr'>cuncta</span> <span class='ocrx_word' id='word_1_26' title='bbox 1710 546 2006 619; x_wconf 83' lang='lat' dir='ltr'>prosperis</span> 
     </span>
    </p>
   </div>
   <div class='ocr_carea' id='block_1_5' title="bbox 357 630 2003 704">
    <p class='ocr_par' dir='ltr' id='par_1_5' title="bbox 357 630 2003 704">
     <span class='ocr_line' id='line_1_5' title="bbox 357 630 2003 704; baseline 0.004 -22"><span class='ocrx_word' id='word_1_27' title='bbox 357 630 731 685; x_wconf 78' lang='lat' dir='ltr'>successibus</span> <span class='ocrx_word' id='word_1_28' title='bbox 744 648 1111 699; x_wconf 85' lang='lat' dir='ltr'>occurrere,u</span> <span class='ocrx_word' id='word_1_29' title='bbox 1125 638 1147 687; x_wconf 91' lang='lat' dir='ltr'>t</span> <span class='ocrx_word' id='word_1_30' title='bbox 1159 633 1351 704; x_wconf 85' lang='lat' dir='ltr'>palam</span> <span class='ocrx_word' id='word_1_31' title='bbox 1372 635 1667 690; x_wconf 66' lang='lat' dir='ltr'>sententiae</span> <span class='ocrx_word' id='word_1_32' title='bbox 1690 633 2003 689; x_wconf 70' lang='lat' dir='ltr'>Dominica:</span> 
     </span>
    </p>
   </div>
   <div class='ocr_carea' id='block_1_6' title="bbox 354 717 2003 793">
    <p class='ocr_par' dir='ltr' id='par_1_6' title="bbox 354 717 2003 793">
     <span class='ocr_line' id='line_1_6' title="bbox 354 717 2003 793; baseline 0.004 -23"><span class='ocrx_word' id='word_1_33' title='bbox 354 717 673 789; x_wconf 74' lang='lat' dir='ltr'>promissio</span> <span class='ocrx_word' id='word_1_34' title='bbox 705 719 933 791; x_wconf 79' lang='lat' dir='ltr'>impleri</span> <span class='ocrx_word' id='word_1_35' title='bbox 973 720 1281 787; x_wconf 76' lang='lat' dir='ltr'>videretur,</span> <span class='ocrx_word' id='word_1_36' title='bbox 1318 739 1435 793; x_wconf 87' lang='lat' dir='ltr'>qua</span> <span class='ocrx_word' id='word_1_37' title='bbox 1465 723 1723 778; x_wconf 83' lang='lat' dir='ltr'>dicitur:</span> <span class='ocrx_word' id='word_1_38' title='bbox 1753 724 2003 778; x_wconf 78' lang='lat' dir='ltr'>Primum</span> 
     </span>
    </p>
   </div>
   <div class='ocr_carea' id='block_1_7' title="bbox 354 808 2003 883">
    <p class='ocr_par' dir='ltr' id='par_1_7' title="bbox 354 808 2003 883">
     <span class='ocr_line' id='line_1_7' title="bbox 354 808 2003 883; baseline 0.004 -24"><span class='ocrx_word' id='word_1_39' title='bbox 354 808 589 877; x_wconf 69' lang='lat' dir='ltr'>qurrritc</span> <span class='ocrx_word' id='word_1_40' title='bbox 626 824 851 876; x_wconf 78' lang='lat' dir='ltr'>regnum</span> <span class='ocrx_word' id='word_1_41' title='bbox 879 810 976 863; x_wconf 75' lang='lat' dir='ltr'>Dei</span> <span class='ocrx_word' id='word_1_42' title='bbox 1004 818 1056 864; x_wconf 77' lang='lat' dir='ltr'>et</span> <span class='ocrx_word' id='word_1_43' title='bbox 1085 811 1359 881; x_wconf 75' lang='lat' dir='ltr'>justitiam</span> <span class='ocrx_word' id='word_1_44' title='bbox 1389 813 1534 881; x_wconf 68' lang='lat' dir='ltr'>ejus,</span> <span class='ocrx_word' id='word_1_45' title='bbox 1564 820 1615 866; x_wconf 80' lang='lat' dir='ltr'>et</span> <span class='ocrx_word' id='word_1_46' title='bbox 1649 815 1833 866; x_wconf 82' lang='lat' dir='ltr'>omnia</span> <span class='ocrx_word' id='word_1_47' title='bbox 1861 811 2003 883; x_wconf 82' lang='lat' dir='ltr'>adji-</span> 
     </span>
    </p>
   </div>
   <div class='ocr_carea' id='block_1_8' title="bbox 354 897 766 950">
    <p class='ocr_par' dir='ltr' id='par_1_8' title="bbox 354 897 766 950">
     <span class='ocr_line' id='line_1_8' title="bbox 354 897 766 950; baseline 0.005 -2"><span class='ocrx_word' id='word_1_48' title='bbox 354 898 571 950; x_wconf 58' lang='lat' dir='ltr'>ciantur</span> <span class='ocrx_word' id='word_1_49' title='bbox 602 897 766 950; x_wconf 71' lang='lat' dir='ltr'>vobis.</span> 
     </span>
    </p>
   </div>
   <div class='ocr_carea' id='block_1_9' title="bbox 430 985 2024 1060">
    <p class='ocr_par' dir='ltr' id='par_1_9' title="bbox 430 985 2024 1060">
     <span class='ocr_line' id='line_1_9' title="bbox 430 985 2024 1060; baseline 0.004 -21"><span class='ocrx_word' id='word_1_50' title='bbox 430 985 564 1039; x_wconf 73' lang='lat' dir='ltr'>CAP.</span> <span class='ocrx_word' id='word_1_51' title='bbox 598 985 716 1040; x_wconf 76' lang='lat' dir='ltr'>XII.</span> <span class='ocrx_word' id='word_1_52' title='bbox 750 986 921 1040; x_wconf 83' lang='lat' dir='ltr'>Venit</span> <span class='ocrx_word' id='word_1_53' title='bbox 978 1004 1113 1059; x_wconf 80' lang='lat' dir='ltr'>ergo</span> <span class='ocrx_word' id='word_1_54' title='bbox 1166 1005 1261 1043; x_wconf 89' lang='lat' dir='ltr'>rex</span> <span class='ocrx_word' id='word_1_55' title='bbox 1317 990 1571 1060; x_wconf 88' lang='lat' dir='ltr'>quadam</span> <span class='ocrx_word' id='word_1_56' title='bbox 1626 990 1720 1045; x_wconf 91' lang='lat' dir='ltr'>die</span> <span class='ocrx_word' id='word_1_57' title='bbox 1765 992 1838 1045; x_wconf 90' lang='lat' dir='ltr'>ad</span> <span class='ocrx_word' id='word_1_58' title='bbox 1876 1007 2024 1053; x_wconf 70' lang='lat' dir='ltr'>mo-.</span> 
     </span>
    </p>
   </div>
   <div class='ocr_carea' id='block_1_10' title="bbox 356 1073 2001 1153">
    <p class='ocr_par' dir='ltr' id='par_1_10' title="bbox 356 1073 2001 1153">
     <span class='ocr_line' id='line_1_10' title="bbox 356 1073 2001 1153; baseline 0.005 -27"><span class='ocrx_word' id='word_1_59' title='bbox 356 1073 703 1139; x_wconf 89' lang='lat' dir='ltr'>nasterium,</span> <span class='ocrx_word' id='word_1_60' title='bbox 729 1078 791 1128; x_wconf 92' lang='lat' dir='ltr'>ut</span> <span class='ocrx_word' id='word_1_61' title='bbox 813 1074 1191 1131; x_wconf 61' lang='lat' dir='ltr'>{artificiorum</span> <span class='ocrx_word' id='word_1_62' title='bbox 1222 1082 1575 1133; x_wconf 83' lang='lat' dir='ltr'>structuram</span> <span class='ocrx_word' id='word_1_63' title='bbox 1609 1096 1712 1151; x_wconf 91' lang='lat' dir='ltr'>per</span> <span class='ocrx_word' id='word_1_64' title='bbox 1742 1080 2001 1153; x_wconf 87' lang='lat' dir='ltr'>seipsum</span> 
     </span>
    </p>
   </div>
   <div class='ocr_carea' id='block_1_11' title="bbox 352 1163 2002 1235">
    <p class='ocr_par' dir='ltr' id='par_1_11' title="bbox 352 1163 2002 1235">
     <span class='ocr_line' id='line_1_11' title="bbox 352 1163 2002 1235; baseline 0.004 -20"><span class='ocrx_word' id='word_1_65' title='bbox 352 1163 672 1229; x_wconf 81' lang='lat' dir='ltr'>ordinaret;</span> <span class='ocrx_word' id='word_1_66' title='bbox 690 1179 1045 1235; x_wconf 85' lang='lat' dir='ltr'>mensusque</span> <span class='ocrx_word' id='word_1_67' title='bbox 1058 1165 1253 1219; x_wconf 87' lang='lat' dir='ltr'>omnia</span> <span class='ocrx_word' id='word_1_68' title='bbox 1266 1164 1648 1222; x_wconf 78' lang='lat' dir='ltr'>fundamenta</span> <span class='ocrx_word' id='word_1_69' title='bbox 1664 1169 2002 1224; x_wconf 75' lang='lat' dir='ltr'>monasterii</span> 
     </span>
    </p>
   </div>
   <div class='ocr_carea' id='block_1_12' title="bbox 356 1251 2004 1329">
    <p class='ocr_par' dir='ltr' id='par_1_12' title="bbox 356 1251 2004 1329">
     <span class='ocr_line' id='line_1_12' title="bbox 356 1251 2004 1329; baseline 0.006 -26"><span class='ocrx_word' id='word_1_70' title='bbox 356 1251 807 1322; x_wconf 69' lang='lat' dir='ltr'>propriamanu,</span> <span class='ocrx_word' id='word_1_71' title='bbox 833 1254 1329 1323; x_wconf 79' lang='lat' dir='ltr'>quemadmodum</span> <span class='ocrx_word' id='word_1_72' title='bbox 1349 1272 1548 1311; x_wconf 90' lang='lat' dir='ltr'>mures</span> <span class='ocrx_word' id='word_1_73' title='bbox 1570 1255 1789 1329; x_wconf 81' lang='lat' dir='ltr'>erigere</span> <span class='ocrx_word' id='word_1_74' title='bbox 1811 1257 2004 1314; x_wconf 89' lang='lat' dir='ltr'>decre-</span> 
     </span>
    </p>
   </div>
   <div class='ocr_carea' id='block_1_13' title="bbox 352 1340 2000 1416">
    <p class='ocr_par' dir='ltr' id='par_1_13' title="bbox 352 1340 2000 1416">
     <span class='ocr_line' id='line_1_13' title="bbox 352 1340 2000 1416; baseline 0.006 -25"><span class='ocrx_word' id='word_1_75' title='bbox 352 1344 532 1405; x_wconf 87' lang='lat' dir='ltr'>verat,</span> <span class='ocrx_word' id='word_1_76' title='bbox 570 1340 906 1411; x_wconf 80' lang='lat' dir='ltr'>rogavitque</span> <span class='ocrx_word' id='word_1_77' title='bbox 936 1358 1071 1395; x_wconf 88' lang='lat' dir='ltr'>eum</span> <span class='ocrx_word' id='word_1_78' title='bbox 1105 1343 1285 1397; x_wconf 81' lang='lat' dir='ltr'>abbas</span> <span class='ocrx_word' id='word_1_79' title='bbox 1316 1342 1375 1397; x_wconf 92' lang='lat' dir='ltr'>in</span> <span class='ocrx_word' id='word_1_80' title='bbox 1418 1343 1667 1416; x_wconf 90' lang='lat' dir='ltr'>hospitio</span> <span class='ocrx_word' id='word_1_81' title='bbox 1708 1363 1843 1401; x_wconf 90' lang='lat' dir='ltr'>cum</span> <span class='ocrx_word' id='word_1_82' title='bbox 1876 1348 2000 1401; x_wconf 86' lang='lat' dir='ltr'>suis</span> 
     </span>
    </p>
   </div>
   <div class='ocr_carea' id='block_1_14' title="bbox 354 1428 2001 1506">
    <p class='ocr_par' dir='ltr' id='par_1_14' title="bbox 354 1428 2001 1506">
     <span class='ocr_line' id='line_1_14' title="bbox 354 1428 2001 1506; baseline 0.005 -26"><span class='ocrx_word' id='word_1_83' title='bbox 354 1428 662 1499; x_wconf 86' lang='lat' dir='ltr'>prandere.</span> <span class='ocrx_word' id='word_1_84' title='bbox 697 1429 915 1483; x_wconf 82' lang='lat' dir='ltr'>Annuit</span> <span class='ocrx_word' id='word_1_85' title='bbox 947 1447 1041 1484; x_wconf 90' lang='lat' dir='ltr'>rex</span> <span class='ocrx_word' id='word_1_86' title='bbox 1072 1430 1247 1498; x_wconf 85' lang='lat' dir='ltr'>illico,</span> <span class='ocrx_word' id='word_1_87' title='bbox 1283 1437 1338 1485; x_wconf 86' lang='lat' dir='ltr'>et</span> <span class='ocrx_word' id='word_1_88' title='bbox 1369 1433 1611 1506; x_wconf 81' lang='lat' dir='ltr'>contigit</span> <span class='ocrx_word' id='word_1_89' title='bbox 1641 1435 1845 1490; x_wconf 86' lang='lat' dir='ltr'>adesse</span> <span class='ocrx_word' id='word_1_90' title='bbox 1890 1435 2001 1491; x_wconf 89' lang='lat' dir='ltr'>sibi</span> 
     </span>
    </p>
   </div>
   <div class='ocr_carea' id='block_1_15' title="bbox 354 1518 2001 1596">
    <p class='ocr_par' dir='ltr' id='par_1_15' title="bbox 354 1518 2001 1596">
     <span class='ocr_line' id='line_1_15' title="bbox 354 1518 2001 1596; baseline 0.005 -25"><span class='ocrx_word' id='word_1_91' title='bbox 354 1534 473 1571; x_wconf 88' lang='lat' dir='ltr'>non</span> <span class='ocrx_word' id='word_1_92' title='bbox 506 1533 725 1588; x_wconf 88' lang='lat' dir='ltr'>paucos</span> <span class='ocrx_word' id='word_1_93' title='bbox 757 1518 1107 1588; x_wconf 83' lang='lat' dir='ltr'>optimatum</span> <span class='ocrx_word' id='word_1_94' title='bbox 1140 1537 1384 1576; x_wconf 90' lang='lat' dir='ltr'>suorum</span> <span class='ocrx_word' id='word_1_95' title='bbox 1416 1522 1708 1578; x_wconf 83' lang='lat' dir='ltr'>venientes</span> <span class='ocrx_word' id='word_1_96' title='bbox 1737 1541 1805 1578; x_wconf 88' lang='lat' dir='ltr'>ex</span> <span class='ocrx_word' id='word_1_97' title='bbox 1830 1528 2001 1596; x_wconf 85' lang='lat' dir='ltr'>gente</span> 
     </span>
    </p>
   </div>
   <div class='ocr_carea' id='block_1_16' title="bbox 356 1605 2003 1683">
    <p class='ocr_par' dir='ltr' id='par_1_16' title="bbox 356 1605 2003 1683">
     <span class='ocr_line' id='line_1_16' title="bbox 356 1605 2003 1683; baseline 0.005 -23"><span class='ocrx_word' id='word_1_98' title='bbox 356 1605 982 1675; x_wconf 75' lang='lat' dir='ltr'>Nordanhimbrorum,</span> <span class='ocrx_word' id='word_1_99' title='bbox 1019 1608 1119 1678; x_wconf 90' lang='lat' dir='ltr'>qui</span> <span class='ocrx_word' id='word_1_100' title='bbox 1151 1626 1355 1664; x_wconf 85' lang='lat' dir='ltr'>omnes</span> <span class='ocrx_word' id='word_1_101' title='bbox 1399 1628 1533 1665; x_wconf 90' lang='lat' dir='ltr'>cum</span> <span class='ocrx_word' id='word_1_102' title='bbox 1567 1629 1698 1683; x_wconf 90' lang='lat' dir='ltr'>rege</span> <span class='ocrx_word' id='word_1_103' title='bbox 1729 1614 2003 1671; x_wconf 87' lang='lat' dir='ltr'>adierunt</span> 
     </span>
    </p>
   </div>
   <div class='ocr_carea' id='block_1_17' title="bbox 353 1693 2003 1773">
    <p class='ocr_par' dir='ltr' id='par_1_17' title="bbox 353 1693 2003 1773">
     <span class='ocr_line' id='line_1_17' title="bbox 353 1693 2003 1773; baseline 0.006 -26"><span class='ocrx_word' id='word_1_104' title='bbox 353 1693 705 1748; x_wconf 89' lang='lat' dir='ltr'>convivium.</span> <span class='ocrx_word' id='word_1_105' title='bbox 741 1695 1126 1768; x_wconf 70' lang='lat' dir='ltr'>Lzetatusquze</span> <span class='ocrx_word' id='word_1_106' title='bbox 1153 1714 1250 1752; x_wconf 86' lang='lat' dir='ltr'>rex</span> <span class='ocrx_word' id='word_1_107' title='bbox 1274 1699 1527 1769; x_wconf 88' lang='lat' dir='ltr'>etjussit</span> <span class='ocrx_word' id='word_1_108' title='bbox 1556 1700 1791 1756; x_wconf 87' lang='lat' dir='ltr'>abunde</span> <span class='ocrx_word' id='word_1_109' title='bbox 1811 1703 2003 1773; x_wconf 84' lang='lat' dir='ltr'>propi-</span> 
     </span>
    </p>
   </div>
   <div class='ocr_carea' id='block_1_18' title="bbox 354 1782 2076 1889">
    <p class='ocr_par' dir='ltr' id='par_1_18' title="bbox 354 1782 2076 1889">
     <span class='ocr_line' id='line_1_18' title="bbox 354 1782 2076 1889; baseline 0.008 -56"><span class='ocrx_word' id='word_1_110' title='bbox 354 1798 495 1889; x_wconf 61' lang='lat' dir='ltr'>nare</span> <span class='ocrx_word' id='word_1_111' title='bbox 516 1782 847 1889; x_wconf 68' lang='lat' dir='ltr'>hospitibus</span> <span class='ocrx_word' id='word_1_112' title='bbox 868 1783 1298 1856; x_wconf 84' lang='lat' dir='ltr'>hydromellum</span> <span class='ocrx_word' id='word_1_113' title='bbox 1320 1786 1397 1886; x_wconf 70' lang='lat' dir='ltr'>[et</span> <span class='ocrx_word' id='word_1_114' title='bbox 1415 1788 1766 1861; x_wconf 82' lang='lat' dir='ltr'>medonem],</span> <span class='ocrx_word' id='word_1_115' title='bbox 1782 1789 2076 1889; x_wconf 79' lang='lat' dir='ltr'>clausis&#39;B</span> 
     </span>
    </p>
   </div>
   <div class='ocr_carea' id='block_1_19' title="bbox 353 1870 1998 1948">
    <p class='ocr_par' dir='ltr' id='par_1_19' title="bbox 353 1870 1998 1948">
     <span class='ocr_line' id='line_1_19' title="bbox 353 1870 1998 1948; baseline 0.006 -24"><span class='ocrx_word' id='word_1_116' title='bbox 353 1870 667 1943; x_wconf 81' lang='lat' dir='ltr'>diligenter</span> <span class='ocrx_word' id='word_1_117' title='bbox 696 1871 940 1940; x_wconf 86' lang='lat' dir='ltr'>foribus,</span> <span class='ocrx_word' id='word_1_118' title='bbox 978 1890 1049 1928; x_wconf 90' lang='lat' dir='ltr'>ne</span> <span class='ocrx_word' id='word_1_119' title='bbox 1070 1875 1205 1945; x_wconf 89' lang='lat' dir='ltr'>quis</span> <span class='ocrx_word' id='word_1_120' title='bbox 1232 1874 1507 1948; x_wconf 84' lang='lat' dir='ltr'>fugiendo</span> <span class='ocrx_word' id='word_1_121' title='bbox 1532 1878 1886 1948; x_wconf 88' lang='lat' dir='ltr'>potationem</span> <span class='ocrx_word' id='word_1_122' title='bbox 1911 1897 1998 1934; x_wconf 87' lang='lat' dir='ltr'>re-</span> 
     </span>
    </p>
   </div>
   <div class='ocr_carea' id='block_1_20' title="bbox 354 1959 2000 2030">
    <p class='ocr_par' dir='ltr' id='par_1_20' title="bbox 354 1959 2000 2030">
     <span class='ocr_line' id='line_1_20' title="bbox 354 1959 2000 2030; baseline 0.007 -18"><span class='ocrx_word' id='word_1_123' title='bbox 354 1959 509 2029; x_wconf 79' lang='lat' dir='ltr'>galis</span> <span class='ocrx_word' id='word_1_124' title='bbox 540 1960 784 2015; x_wconf 76' lang='lat' dir='ltr'>convivii</span> <span class='ocrx_word' id='word_1_125' title='bbox 815 1962 1079 2017; x_wconf 89' lang='lat' dir='ltr'>deserere</span> <span class='ocrx_word' id='word_1_126' title='bbox 1101 1962 1412 2019; x_wconf 87' lang='lat' dir='ltr'>videretur.</span> <span class='ocrx_word' id='word_1_127' title='bbox 1438 1965 1584 2030; x_wconf 88' lang='lat' dir='ltr'>Quid</span> <span class='ocrx_word' id='word_1_128' title='bbox 1608 1966 1833 2022; x_wconf 84' lang='lat' dir='ltr'>multa?</span> <span class='ocrx_word' id='word_1_129' title='bbox 1855 1967 2000 2024; x_wconf 90' lang='lat' dir='ltr'>hau-</span> 
     </span>
    </p>
   </div>
   <div class='ocr_carea' id='block_1_21' title="bbox 355 2047 2004 2121">
    <p class='ocr_par' dir='ltr' id='par_1_21' title="bbox 355 2047 2004 2121">
     <span class='ocr_line' id='line_1_21' title="bbox 355 2047 2004 2121; baseline 0.006 -20"><span class='ocrx_word' id='word_1_130' title='bbox 355 2053 563 2102; x_wconf 86' lang='lat' dir='ltr'>serunt</span> <span class='ocrx_word' id='word_1_131' title='bbox 592 2047 845 2104; x_wconf 88' lang='lat' dir='ltr'>ministri</span> <span class='ocrx_word' id='word_1_132' title='bbox 878 2048 1167 2121; x_wconf 87' lang='lat' dir='ltr'>liquorem</span> <span class='ocrx_word' id='word_1_133' title='bbox 1202 2055 1322 2107; x_wconf 87' lang='lat' dir='ltr'>tota</span> <span class='ocrx_word' id='word_1_134' title='bbox 1360 2052 1453 2107; x_wconf 90' lang='lat' dir='ltr'>die</span> <span class='ocrx_word' id='word_1_135' title='bbox 1485 2054 1555 2108; x_wconf 92' lang='lat' dir='ltr'>ad</span> <span class='ocrx_word' id='word_1_136' title='bbox 1588 2070 1822 2109; x_wconf 89' lang='lat' dir='ltr'>omnem</span> <span class='ocrx_word' id='word_1_137' title='bbox 1845 2058 2004 2111; x_wconf 81' lang='lat' dir='ltr'>sutli—</span> 
     </span>
    </p>
   </div>
   <div class='ocr_carea' id='block_1_22' title="bbox 357 2137 2003 2216">
    <p class='ocr_par' dir='ltr' id='par_1_22' title="bbox 357 2137 2003 2216">
     <span class='ocr_line' id='line_1_22' title="bbox 357 2137 2003 2216; baseline 0.005 -25"><span class='ocrx_word' id='word_1_138' title='bbox 357 2137 627 2191; x_wconf 86' lang='lat' dir='ltr'>cientiam</span> <span class='ocrx_word' id='word_1_139' title='bbox 663 2138 1143 2206; x_wconf 84' lang='lat' dir='ltr'>cenvivantibus;</span> <span class='ocrx_word' id='word_1_140' title='bbox 1194 2141 1293 2195; x_wconf 89' lang='lat' dir='ltr'>sed</span> <span class='ocrx_word' id='word_1_141' title='bbox 1345 2141 1607 2212; x_wconf 87' lang='lat' dir='ltr'>nequivit</span> <span class='ocrx_word' id='word_1_142' title='bbox 1653 2143 1778 2215; x_wconf 91' lang='lat' dir='ltr'>ipse</span> <span class='ocrx_word' id='word_1_143' title='bbox 1807 2143 2003 2216; x_wconf 88' lang='lat' dir='ltr'>liquor</span> 
     </span>
    </p>
   </div>
   <div class='ocr_carea' id='block_1_23' title="bbox 356 2225 2003 2304">
    <p class='ocr_par' dir='ltr' id='par_1_23' title="bbox 356 2225 2003 2304">
     <span class='ocr_line' id='line_1_23' title="bbox 356 2225 2003 2304; baseline 0.006 -25"><span class='ocrx_word' id='word_1_144' title='bbox 356 2225 649 2280; x_wconf 72' lang='lat' dir='ltr'>exhauriri</span> <span class='ocrx_word' id='word_1_145' title='bbox 682 2227 753 2281; x_wconf 91' lang='lat' dir='ltr'>de</span> <span class='ocrx_word' id='word_1_146' title='bbox 773 2244 926 2293; x_wconf 87' lang='lat' dir='ltr'>vase,</span> <span class='ocrx_word' id='word_1_147' title='bbox 943 2229 1055 2281; x_wconf 83' lang='lat' dir='ltr'>nisi</span> <span class='ocrx_word' id='word_1_148' title='bbox 1081 2229 1153 2284; x_wconf 91' lang='lat' dir='ltr'>ad</span> <span class='ocrx_word' id='word_1_149' title='bbox 1174 2245 1513 2286; x_wconf 87' lang='lat' dir='ltr'>mensuram</span> <span class='ocrx_word' id='word_1_150' title='bbox 1536 2232 1735 2304; x_wconf 83' lang='lat' dir='ltr'>palmi,</span> <span class='ocrx_word' id='word_1_151' title='bbox 1753 2233 1810 2287; x_wconf 91' lang='lat' dir='ltr'>in</span> <span class='ocrx_word' id='word_1_152' title='bbox 1826 2234 2003 2289; x_wconf 90' lang='lat' dir='ltr'>ebrie-</span> 
     </span>
    </p>
   </div>
   <div class='ocr_carea' id='block_1_24' title="bbox 360 2316 2001 2391">
    <p class='ocr_par' dir='ltr' id='par_1_24' title="bbox 360 2316 2001 2391">
     <span class='ocr_line' id='line_1_24' title="bbox 360 2316 2001 2391; baseline 0.007 -23"><span class='ocrx_word' id='word_1_153' title='bbox 360 2320 475 2369; x_wconf 85' lang='lat' dir='ltr'>tate</span> <span class='ocrx_word' id='word_1_154' title='bbox 505 2316 720 2369; x_wconf 88' lang='lat' dir='ltr'>suatim</span> <span class='ocrx_word' id='word_1_155' title='bbox 754 2316 1262 2387; x_wconf 78' lang='lat' dir='ltr'>Nordanhimbris,</span> <span class='ocrx_word' id='word_1_156' title='bbox 1297 2323 1353 2373; x_wconf 91' lang='lat' dir='ltr'>et</span> <span class='ocrx_word' id='word_1_157' title='bbox 1371 2320 1595 2391; x_wconf 81' lang='lat' dir='ltr'>vesperi</span> <span class='ocrx_word' id='word_1_158' title='bbox 1636 2338 1771 2376; x_wconf 90' lang='lat' dir='ltr'>cum</span> <span class='ocrx_word' id='word_1_159' title='bbox 1802 2322 2001 2379; x_wconf 80' lang='lat' dir='ltr'>laetitia</span> 
     </span>
    </p>
   </div>
   <div class='ocr_carea' id='block_1_25' title="bbox 361 2404 782 2471">
    <p class='ocr_par' dir='ltr' id='par_1_25' title="bbox 361 2404 782 2471">
     <span class='ocr_line' id='line_1_25' title="bbox 361 2404 782 2471; baseline 0.005 -14"><span class='ocrx_word' id='word_1_160' title='bbox 361 2404 782 2471; x_wconf 82' lang='lat' dir='ltr'>recedentibus,</span> 
     </span>
    </p>
   </div>
   <div class='ocr_carea' id='block_1_26' title="bbox 429 2492 2003 2569">
    <p class='ocr_par' dir='ltr' id='par_1_26' title="bbox 429 2492 2003 2569">
     <span class='ocr_line' id='line_1_26' title="bbox 429 2492 2003 2569; baseline 0.007 -23"><span class='ocrx_word' id='word_1_161' title='bbox 429 2492 566 2547; x_wconf 77' lang='lat' dir='ltr'>CAP.</span> <span class='ocrx_word' id='word_1_162' title='bbox 591 2492 736 2547; x_wconf 76' lang='lat' dir='ltr'>XIII.</span> <span class='ocrx_word' id='word_1_163' title='bbox 760 2525 826 2532; x_wconf 90' lang='lat'>—</span> <span class='ocrx_word' id='word_1_164' title='bbox 848 2494 973 2548; x_wconf 80' lang='lat' dir='ltr'>Non</span> <span class='ocrx_word' id='word_1_165' title='bbox 1003 2500 1198 2550; x_wconf 89' lang='lat' dir='ltr'>tamen</span> <span class='ocrx_word' id='word_1_166' title='bbox 1224 2497 1397 2569; x_wconf 66' lang='lat' dir='ltr'>erepit</span> <span class='ocrx_word' id='word_1_167' title='bbox 1420 2497 1800 2554; x_wconf 81' lang='lat' dir='ltr'>Adelwoldus</span> <span class='ocrx_word' id='word_1_168' title='bbox 1821 2500 2003 2557; x_wconf 86' lang='lat' dir='ltr'>abbas</span> 
     </span>
    </p>
   </div>
   <div class='ocr_carea' id='block_1_27' title="bbox 359 2582 2002 2655">
    <p class='ocr_par' dir='ltr' id='par_1_27' title="bbox 359 2582 2002 2655">
     <span class='ocr_line' id='line_1_27' title="bbox 359 2582 2002 2655; baseline 0.007 -21"><span class='ocrx_word' id='word_1_169' title='bbox 359 2582 729 2654; x_wconf 83' lang='lat' dir='ltr'>designatum</span> <span class='ocrx_word' id='word_1_170' title='bbox 763 2582 876 2636; x_wconf 83' lang='lat' dir='ltr'>sibi</span> <span class='ocrx_word' id='word_1_171' title='bbox 923 2600 1071 2655; x_wconf 88' lang='lat' dir='ltr'>opus</span> <span class='ocrx_word' id='word_1_172' title='bbox 1110 2584 1397 2641; x_wconf 64' lang='lat' dir='ltr'>aedificare</span> <span class='ocrx_word' id='word_1_173' title='bbox 1425 2585 1486 2640; x_wconf 91' lang='lat' dir='ltr'>in</span> <span class='ocrx_word' id='word_1_174' title='bbox 1529 2586 1740 2643; x_wconf 85' lang='lat' dir='ltr'>diébus</span> <span class='ocrx_word' id='word_1_175' title='bbox 1769 2589 2002 2645; x_wconf 64' lang='grc' dir='ltr'>Λεὼ-θῶ</span> 
     </span>
    </p>
   </div>
   <div class='ocr_carea' id='block_1_28' title="bbox 361 2672 2005 2749">
    <p class='ocr_par' dir='ltr' id='par_1_28' title="bbox 361 2672 2005 2749">
     <span class='ocr_line' id='line_1_28' title="bbox 361 2672 2005 2749; baseline 0.006 -25"><span class='ocrx_word' id='word_1_176' title='bbox 361 2672 534 2741; x_wconf 76' lang='lat' dir='ltr'>regis,</span> <span class='ocrx_word' id='word_1_177' title='bbox 569 2672 707 2742; x_wconf 87' lang='lat' dir='ltr'>quia</span> <span class='ocrx_word' id='word_1_178' title='bbox 740 2689 836 2725; x_wconf 90' lang='lat' dir='ltr'>rex</span> <span class='ocrx_word' id='word_1_179' title='bbox 865 2673 1018 2726; x_wconf 88' lang='lat' dir='ltr'>idem</span> <span class='ocrx_word' id='word_1_180' title='bbox 1050 2673 1311 2728; x_wconf 87' lang='lat' dir='ltr'>celeriter</span> <span class='ocrx_word' id='word_1_181' title='bbox 1339 2691 1407 2729; x_wconf 83' lang='lat' dir='ltr'>ex</span> <span class='ocrx_word' id='word_1_182' title='bbox 1438 2675 1546 2730; x_wconf 90' lang='lat' dir='ltr'>hac</span> <span class='ocrx_word' id='word_1_183' title='bbox 1576 2675 1693 2730; x_wconf 88' lang='lat' dir='ltr'>vita</span> <span class='ocrx_word' id='word_1_184' title='bbox 1731 2678 2005 2749; x_wconf 87' lang='lat' dir='ltr'>migravit</span> 
     </span>
    </p>
   </div>
   <div class='ocr_carea' id='block_1_29' title="bbox 359 2760 2002 2839">
    <p class='ocr_par' dir='ltr' id='par_1_29' title="bbox 359 2760 2002 2839">
     <span class='ocr_line' id='line_1_29' title="bbox 359 2760 2002 2839; baseline 0.005 -25"><span class='ocrx_word' id='word_1_185' title='bbox 359 2760 454 2815; x_wconf 87' lang='lat' dir='ltr'>die</span> <span class='ocrx_word' id='word_1_186' title='bbox 485 2777 539 2813; x_wconf 76' lang='lat' dir='ltr'>ix</span> <span class='ocrx_word' id='word_1_187' title='bbox 568 2760 694 2814; x_wconf 87' lang='lat' dir='ltr'>Kal.</span> <span class='ocrx_word' id='word_1_188' title='bbox 731 2761 1083 2816; x_wconf 87' lang='lat' dir='ltr'>Decembris.</span> <span class='ocrx_word' id='word_1_189' title='bbox 1130 2762 1239 2817; x_wconf 89' lang='lat' dir='ltr'>Sed</span> <span class='ocrx_word' id='word_1_190' title='bbox 1274 2768 1555 2834; x_wconf 87' lang='lat' dir='ltr'>regnante</span> <span class='ocrx_word' id='word_1_191' title='bbox 1584 2765 1836 2836; x_wconf 90' lang='lat' dir='ltr'>glorioso</span> <span class='ocrx_word' id='word_1_192' title='bbox 1869 2785 2002 2839; x_wconf 82' lang='lat' dir='ltr'>rege</span> 
     </span>
    </p>
   </div>
   <div class='ocr_carea' id='block_1_30' title="bbox 361 2848 2003 2926">
    <p class='ocr_par' dir='ltr' id='par_1_30' title="bbox 361 2848 2003 2926">
     <span class='ocr_line' id='line_1_30' title="bbox 361 2848 2003 2926; baseline 0.005 -23"><span class='ocrx_word' id='word_1_193' title='bbox 361 2849 643 2921; x_wconf 86' lang='lat' dir='ltr'>Eadgare,</span> <span class='ocrx_word' id='word_1_194' title='bbox 678 2848 892 2921; x_wconf 83' lang='lat' dir='ltr'>insigni</span> <span class='ocrx_word' id='word_1_195' title='bbox 938 2856 995 2904; x_wconf 92' lang='lat' dir='ltr'>et</span> <span class='ocrx_word' id='word_1_196' title='bbox 1041 2851 1518 2920; x_wconf 89' lang='lat' dir='ltr'>clementissimo,</span> <span class='ocrx_word' id='word_1_197' title='bbox 1553 2859 1906 2926; x_wconf 75' lang='lat' dir='ltr'>praepotente</span> <span class='ocrx_word' id='word_1_198' title='bbox 1937 2873 2003 2911; x_wconf 88' lang='lat' dir='ltr'>ac</span> 
     </span>
    </p>
   </div>
   <div class='ocr_carea' id='block_1_31' title="bbox 358 2937 2000 3009">
    <p class='ocr_par' dir='ltr' id='par_1_31' title="bbox 358 2937 2000 3009">
     <span class='ocr_line' id='line_1_31' title="bbox 358 2937 2000 3009; baseline 0.005 -20"><span class='ocrx_word' id='word_1_199' title='bbox 358 2937 743 2992; x_wconf 88' lang='lat' dir='ltr'>invictissime</span> <span class='ocrx_word' id='word_1_200' title='bbox 770 2937 922 3009; x_wconf 87' lang='lat' dir='ltr'>regis</span> <span class='ocrx_word' id='word_1_201' title='bbox 950 2939 1278 2995; x_wconf 88' lang='lat' dir='ltr'>Eadmundi</span> <span class='ocrx_word' id='word_1_202' title='bbox 1310 2941 1449 3009; x_wconf 80' lang='lat' dir='ltr'>tilio,</span> <span class='ocrx_word' id='word_1_203' title='bbox 1485 2941 1826 2998; x_wconf 88' lang='lat' dir='ltr'>honorabile</span> <span class='ocrx_word' id='word_1_204' title='bbox 1856 2949 2000 2999; x_wconf 81' lang='lat' dir='ltr'>tem-</span> 
     </span>
    </p>
   </div>
   <div class='ocr_carea' id='block_1_32' title="bbox 359 3025 2002 3103">
    <p class='ocr_par' dir='ltr' id='par_1_32' title="bbox 359 3025 2002 3103">
     <span class='ocr_line' id='line_1_32' title="bbox 359 3025 2002 3103; baseline 0.005 -25"><span class='ocrx_word' id='word_1_205' title='bbox 359 3026 525 3097; x_wconf 87' lang='lat' dir='ltr'>plum</span> <span class='ocrx_word' id='word_1_206' title='bbox 560 3025 617 3079; x_wconf 91' lang='lat' dir='ltr'>in</span> <span class='ocrx_word' id='word_1_207' title='bbox 651 3025 867 3081; x_wconf 88' lang='lat' dir='ltr'>honore</span> <span class='ocrx_word' id='word_1_208' title='bbox 898 3032 1110 3083; x_wconf 78' lang='lat' dir='ltr'>sanctae</span> <span class='ocrx_word' id='word_1_209' title='bbox 1141 3029 1241 3084; x_wconf 88' lang='lat' dir='ltr'>Dei</span> <span class='ocrx_word' id='word_1_210' title='bbox 1296 3031 1597 3102; x_wconf 86' lang='lat' dir='ltr'>genitricis</span> <span class='ocrx_word' id='word_1_211' title='bbox 1656 3048 2002 3103; x_wconf 88' lang='lat' dir='ltr'>semperque</span> 
     </span>
    </p>
   </div>
   <div class='ocr_carea' id='block_1_33' title="bbox 358 3114 2002 3186">
    <p class='ocr_par' dir='ltr' id='par_1_33' title="bbox 358 3114 2002 3186">
     <span class='ocr_line' id='line_1_33' title="bbox 358 3114 2002 3186; baseline 0.005 -19"><span class='ocrx_word' id='word_1_212' title='bbox 358 3114 603 3186; x_wconf 84' lang='lat' dir='ltr'>virginis</span> <span class='ocrx_word' id='word_1_213' title='bbox 630 3115 818 3170; x_wconf 68' lang='lat' dir='ltr'>Marize</span> <span class='ocrx_word' id='word_1_214' title='bbox 836 3115 893 3169; x_wconf 86' lang='lat' dir='ltr'>in</span> <span class='ocrx_word' id='word_1_215' title='bbox 918 3117 1119 3171; x_wconf 89' lang='lat' dir='ltr'>eodem</span> <span class='ocrx_word' id='word_1_216' title='bbox 1143 3120 1467 3174; x_wconf 81' lang='lat' dir='ltr'>construxit</span> <span class='ocrx_word' id='word_1_217' title='bbox 1487 3120 1632 3186; x_wconf 90' lang='lat' dir='ltr'>loco,</span> <span class='ocrx_word' id='word_1_218' title='bbox 1657 3122 1714 3174; x_wconf 93' lang='lat' dir='ltr'>et</span> <span class='ocrx_word' id='word_1_219' title='bbox 1732 3137 2002 3175; x_wconf 90' lang='lat' dir='ltr'>consum-</span> 
     </span>
    </p>
   </div>
   <div class='ocr_carea' id='block_1_34' title="bbox 358 3204 2001 3290">
    <p class='ocr_par' dir='ltr' id='par_1_34' title="bbox 358 3204 2001 3290">
     <span class='ocr_line' id='line_1_34' title="bbox 358 3204 2001 3290; baseline 0.004 -33"><span class='ocrx_word' id='word_1_220' title='bbox 358 3204 558 3270; x_wconf 85' lang='lat' dir='ltr'>mavit,</span> <span class='ocrx_word' id='word_1_221' title='bbox 583 3205 738 3275; x_wconf 90' lang='lat' dir='ltr'>quod</span> <span class='ocrx_word' id='word_1_222' title='bbox 771 3221 957 3276; x_wconf 90' lang='lat' dir='ltr'>usque</span> <span class='ocrx_word' id='word_1_223' title='bbox 990 3205 1047 3290; x_wconf 79' lang='lat' dir='ltr'>in</span> <span class='ocrx_word' id='word_1_224' title='bbox 1079 3206 1235 3262; x_wconf 90' lang='lat' dir='ltr'>hunc</span> <span class='ocrx_word' id='word_1_225' title='bbox 1253 3207 1404 3262; x_wconf 89' lang='lat' dir='ltr'>diem</span> <span class='ocrx_word' id='word_1_226' title='bbox 1438 3208 1564 3263; x_wconf 90' lang='lat' dir='ltr'>visu</span> <span class='ocrx_word' id='word_1_227' title='bbox 1590 3208 1801 3264; x_wconf 85' lang='lat' dir='ltr'>melius</span> <span class='ocrx_word' id='word_1_228' title='bbox 1825 3226 2001 3280; x_wconf 91' lang='lat' dir='ltr'>quam</span> 
     </span>
    </p>
   </div>
   <div class='ocr_carea' id='block_1_35' title="bbox 356 3294 1001 3350">
    <p class='ocr_par' dir='ltr' id='par_1_35' title="bbox 356 3294 1001 3350">
     <span class='ocr_line' id='line_1_35' title="bbox 356 3294 1001 3350; baseline 0.003 -3"><span class='ocrx_word' id='word_1_229' title='bbox 356 3310 627 3348; x_wconf 84' lang='lat' dir='ltr'>sermone</span> <span class='ocrx_word' id='word_1_230' title='bbox 657 3294 1001 3350; x_wconf 88' lang='lat' dir='ltr'>ostenditur.</span> 
     </span>
    </p>
   </div>
   <div class='ocr_carea' id='block_1_36' title="bbox 429 3383 2002 3459">
    <p class='ocr_par' dir='ltr' id='par_1_36' title="bbox 429 3383 2002 3459">
     <span class='ocr_line' id='line_1_36' title="bbox 429 3383 2002 3459; baseline 0.005 -23"><span class='ocrx_word' id='word_1_231' title='bbox 429 3383 564 3437; x_wconf 73' lang='lat' dir='ltr'>CAP.</span> <span class='ocrx_word' id='word_1_232' title='bbox 598 3383 739 3437; x_wconf 82' lang='lat' dir='ltr'>XIV.</span> <span class='ocrx_word' id='word_1_233' title='bbox 792 3416 857 3422; x_wconf 84' lang='lat'>——</span> <span class='ocrx_word' id='word_1_234' title='bbox 906 3384 1071 3441; x_wconf 84' lang='lat' dir='ltr'>Circa</span> <span class='ocrx_word' id='word_1_235' title='bbox 1110 3385 1227 3439; x_wconf 69' lang='lat' dir='ltr'>haec</span> <span class='ocrx_word' id='word_1_236' title='bbox 1262 3389 1523 3456; x_wconf 87' lang='lat' dir='ltr'>tempora</span> <span class='ocrx_word' id='word_1_237' title='bbox 1552 3387 1791 3459; x_wconf 86' lang='lat' dir='ltr'>eligitur</span> <span class='ocrx_word' id='word_1_238' title='bbox 1819 3388 2002 3444; x_wconf 86' lang='lat' dir='ltr'>abbas</span> 
     </span>
    </p>
   </div>
   <div class='ocr_carea' id='block_1_37' title="bbox 356 3473 2000 3544">
    <p class='ocr_par' dir='ltr' id='par_1_37' title="bbox 356 3473 2000 3544">
     <span class='ocr_line' id='line_1_37' title="bbox 356 3473 2000 3544; baseline 0.003 -18"><span class='ocrx_word' id='word_1_239' title='bbox 356 3473 699 3527; x_wconf 88' lang='lat' dir='ltr'>Dunstanus</span> <span class='ocrx_word' id='word_1_240' title='bbox 730 3473 800 3526; x_wconf 89' lang='lat' dir='ltr'>ad</span> <span class='ocrx_word' id='word_1_241' title='bbox 833 3473 1231 3544; x_wconf 87' lang='lat' dir='ltr'>episcopatum</span> <span class='ocrx_word' id='word_1_242' title='bbox 1274 3473 1682 3543; x_wconf 81' lang='lat' dir='ltr'>Wirgonensis</span> <span class='ocrx_word' id='word_1_243' title='bbox 1732 3475 2000 3531; x_wconf 69' lang='lat' dir='ltr'>Ecclesia:</span> 
     </span>
    </p>
   </div>
   <div class='ocr_carea' id='block_1_38' title="bbox 345 3560 2002 3635">
    <p class='ocr_par' dir='ltr' id='par_1_38' title="bbox 345 3560 2002 3635">
     <span class='ocr_line' id='line_1_38' title="bbox 345 3560 2002 3635; baseline 0.003 -21"><span class='ocrx_word' id='word_1_244' title='bbox 345 3562 519 3631; x_wconf 82' lang='lat' dir='ltr'>juxta</span> <span class='ocrx_word' id='word_1_245' title='bbox 544 3561 904 3633; x_wconf 86' lang='lat' dir='ltr'>prepbetiam</span> <span class='ocrx_word' id='word_1_246' title='bbox 929 3560 1113 3617; x_wconf 87' lang='lat' dir='ltr'>sancti</span> <span class='ocrx_word' id='word_1_247' title='bbox 1136 3560 1314 3632; x_wconf 73' lang='lat' dir='ltr'>Elfegi</span> <span class='ocrx_word' id='word_1_248' title='bbox 1338 3562 1613 3634; x_wconf 85' lang='lat' dir='ltr'>episcopi,</span> <span class='ocrx_word' id='word_1_249' title='bbox 1648 3564 1801 3618; x_wconf 87' lang='lat' dir='ltr'>sicut</span> <span class='ocrx_word' id='word_1_250' title='bbox 1823 3581 2002 3635; x_wconf 88' lang='lat' dir='ltr'>supra</span> 
     </span>
    </p>
   </div>
   <div class='ocr_carea' id='block_1_39' title="bbox 353 3649 2000 3721">
    <p class='ocr_par' dir='ltr' id='par_1_39' title="bbox 353 3649 2000 3721">
     <span class='ocr_line' id='line_1_39' title="bbox 353 3649 2000 3721; baseline 0.004 -19"><span class='ocrx_word' id='word_1_251' title='bbox 353 3649 676 3720; x_wconf 82' lang='lat' dir='ltr'>tetigimus.</span> <span class='ocrx_word' id='word_1_252' title='bbox 695 3649 760 3704; x_wconf 83' lang='lat' dir='ltr'>Et</span> <span class='ocrx_word' id='word_1_253' title='bbox 786 3654 915 3721; x_wconf 89' lang='lat' dir='ltr'>post</span> <span class='ocrx_word' id='word_1_254' title='bbox 945 3650 1167 3721; x_wconf 87' lang='lat' dir='ltr'>aliquot</span> <span class='ocrx_word' id='word_1_255' title='bbox 1196 3668 1484 3705; x_wconf 90' lang='lat' dir='ltr'>annorum</span> <span class='ocrx_word' id='word_1_256' title='bbox 1498 3651 1789 3708; x_wconf 90' lang='lat' dir='ltr'>curricula</span> <span class='ocrx_word' id='word_1_257' title='bbox 1810 3653 2000 3708; x_wconf 90' lang='lat' dir='ltr'>factus</span> 
     </span>
    </p>
   </div>
   <div class='ocr_carea' id='block_1_40' title="bbox 355 3737 1996 3812">
    <p class='ocr_par' dir='ltr' id='par_1_40' title="bbox 355 3737 1996 3812">
     <span class='ocr_line' id='line_1_40' title="bbox 355 3737 1996 3812; baseline 0.004 -22"><span class='ocrx_word' id='word_1_258' title='bbox 355 3737 849 3809; x_wconf 84' lang='lat' dir='ltr'>archiepiscopus,</span> <span class='ocrx_word' id='word_1_259' title='bbox 870 3738 1090 3794; x_wconf 88' lang='lat' dir='ltr'>mansit</span> <span class='ocrx_word' id='word_1_260' title='bbox 1111 3738 1170 3793; x_wconf 90' lang='lat' dir='ltr'>in</span> <span class='ocrx_word' id='word_1_261' title='bbox 1192 3739 1395 3794; x_wconf 86' lang='lat' dir='ltr'>Cantia</span> <span class='ocrx_word' id='word_1_262' title='bbox 1424 3739 1666 3811; x_wconf 81' lang='lat' dir='ltr'>triginta</span> <span class='ocrx_word' id='word_1_263' title='bbox 1698 3745 1754 3795; x_wconf 90' lang='lat' dir='ltr'>et</span> <span class='ocrx_word' id='word_1_264' title='bbox 1773 3746 1996 3812; x_wconf 88' lang='lat' dir='ltr'>septem</span> 
     </span>
    </p>
   </div>
   <div class='ocr_carea' id='block_1_41' title="bbox 354 3827 2000 3897">
    <p class='ocr_par' dir='ltr' id='par_1_41' title="bbox 354 3827 2000 3897">
     <span class='ocr_line' id='line_1_41' title="bbox 354 3827 2000 3897; baseline 0.003 -17"><span class='ocrx_word' id='word_1_265' title='bbox 354 3827 547 3892; x_wconf 87' lang='lat' dir='ltr'>annis,</span> <span class='ocrx_word' id='word_1_266' title='bbox 573 3827 740 3897; x_wconf 90' lang='lat' dir='ltr'>quasi</span> <span class='ocrx_word' id='word_1_267' title='bbox 763 3827 1036 3882; x_wconf 86' lang='lat' dir='ltr'>columna</span> <span class='ocrx_word' id='word_1_268' title='bbox 1054 3827 1394 3894; x_wconf 88' lang='lat' dir='ltr'>immobilis,</span> <span class='ocrx_word' id='word_1_269' title='bbox 1416 3828 1680 3883; x_wconf 90' lang='lat' dir='ltr'>doctrina</span> <span class='ocrx_word' id='word_1_270' title='bbox 1700 3833 1757 3884; x_wconf 92' lang='lat' dir='ltr'>et</span> <span class='ocrx_word' id='word_1_271' title='bbox 1775 3829 2000 3885; x_wconf 87' lang='lat' dir='ltr'>actione</span> 
     </span>
    </p>
   </div>
   <div class='ocr_carea' id='block_1_42' title="bbox 354 3914 2001 3990">
    <p class='ocr_par' dir='ltr' id='par_1_42' title="bbox 354 3914 2001 3990">
     <span class='ocr_line' id='line_1_42' title="bbox 354 3914 2001 3990; baseline 0.003 -22"><span class='ocrx_word' id='word_1_272' title='bbox 354 3916 704 3987; x_wconf 71' lang='lat' dir='ltr'>praecipuus,</span> <span class='ocrx_word' id='word_1_273' title='bbox 734 3914 993 3988; x_wconf 85' lang='lat' dir='ltr'>angelico</span> <span class='ocrx_word' id='word_1_274' title='bbox 1032 3917 1196 3972; x_wconf 89' lang='lat' dir='ltr'>vultu</span> <span class='ocrx_word' id='word_1_275' title='bbox 1228 3918 1495 3985; x_wconf 90' lang='lat' dir='ltr'>decorus,</span> <span class='ocrx_word' id='word_1_276' title='bbox 1529 3917 1913 3990; x_wconf 81' lang='lat' dir='ltr'>eleemesynis</span> <span class='ocrx_word' id='word_1_277' title='bbox 1944 3923 2001 3973; x_wconf 90' lang='lat' dir='ltr'>et</span> 
     </span>
    </p>
   </div>
   <div class='ocr_carea' id='block_1_43' title="bbox 355 4004 2000 4077">
    <p class='ocr_par' dir='ltr' id='par_1_43' title="bbox 355 4004 2000 4077">
     <span class='ocr_line' id='line_1_43' title="bbox 355 4004 2000 4077; baseline 0.002 -19"><span class='ocrx_word' id='word_1_278' title='bbox 355 4004 660 4077; x_wconf 86' lang='lat' dir='ltr'>prephetia</span> <span class='ocrx_word' id='word_1_279' title='bbox 690 4004 1071 4076; x_wconf 74' lang='lat' dir='ltr'>praepollens:</span> <span class='ocrx_word' id='word_1_280' title='bbox 1115 4007 1186 4061; x_wconf 90' lang='lat' dir='ltr'>ad</span> <span class='ocrx_word' id='word_1_281' title='bbox 1237 4009 1407 4077; x_wconf 88' lang='lat' dir='ltr'>cujus</span> <span class='ocrx_word' id='word_1_282' title='bbox 1444 4008 1712 4062; x_wconf 87' lang='lat' dir='ltr'>tumbam</span> <span class='ocrx_word' id='word_1_283' title='bbox 1744 4007 2000 4063; x_wconf 82' lang='lat' dir='ltr'>ccelestia</span> 
     </span>
    </p>
   </div>
   <div class='ocr_carea' id='block_1_44' title="bbox 352 4093 1997 4166">
    <p class='ocr_par' dir='ltr' id='par_1_44' title="bbox 352 4093 1997 4166">
     <span class='ocr_line' id='line_1_44' title="bbox 352 4093 1997 4166; baseline 0.002 -18"><span class='ocrx_word' id='word_1_284' title='bbox 352 4111 506 4166; x_wconf 69' lang='lat' dir='ltr'>smpc</span> <span class='ocrx_word' id='word_1_285' title='bbox 538 4093 661 4147; x_wconf 85' lang='lat' dir='ltr'>fieri</span> <span class='ocrx_word' id='word_1_286' title='bbox 696 4093 978 4148; x_wconf 82' lang='lat' dir='ltr'>miracula</span> <span class='ocrx_word' id='word_1_287' title='bbox 1008 4094 1361 4150; x_wconf 88' lang='lat' dir='ltr'>audivimus.</span> <span class='ocrx_word' id='word_1_288' title='bbox 1393 4095 1771 4152; x_wconf 81' lang='lat' dir='ltr'>Adelwoldus</span> <span class='ocrx_word' id='word_1_289' title='bbox 1802 4100 1997 4152; x_wconf 88' lang='lat' dir='ltr'>autem</span> 
     </span>
    </p>
   </div>
   <div class='ocr_carea' id='block_1_45' title="bbox 354 4182 2001 4242">
    <p class='ocr_par' dir='ltr' id='par_1_45' title="bbox 354 4182 2001 4242">
     <span class='ocr_line' id='line_1_45' title="bbox 354 4182 2001 4242; baseline 0.003 -6"><span class='ocrx_word' id='word_1_290' title='bbox 354 4183 515 4237; x_wconf 82' lang='lat' dir='ltr'>misit</span> <span class='ocrx_word' id='word_1_291' title='bbox 544 4182 825 4237; x_wconf 77' lang='lat' dir='ltr'>Oscarum</span> <span class='ocrx_word' id='word_1_292' title='bbox 859 4183 1214 4238; x_wconf 88' lang='lat' dir='ltr'>monachum</span> <span class='ocrx_word' id='word_1_293' title='bbox 1248 4189 1410 4239; x_wconf 87' lang='lat' dir='ltr'>trans</span> <span class='ocrx_word' id='word_1_294' title='bbox 1431 4200 1591 4239; x_wconf 91' lang='lat' dir='ltr'>mare</span> <span class='ocrx_word' id='word_1_295' title='bbox 1615 4185 1688 4239; x_wconf 91' lang='lat' dir='ltr'>ad</span> <span class='ocrx_word' id='word_1_296' title='bbox 1710 4192 2001 4242; x_wconf 88' lang='lat' dir='ltr'>monaste-</span> 
     </span>
    </p>
   </div>
   <div class='ocr_carea' id='block_1_46' title="bbox 356 4272 1998 4347">
    <p class='ocr_par' dir='ltr' id='par_1_46' title="bbox 356 4272 1998 4347">
     <span class='ocr_line' id='line_1_46' title="bbox 356 4272 1998 4347; baseline 0.004 -22"><span class='ocrx_word' id='word_1_297' title='bbox 356 4272 508 4325; x_wconf 88' lang='lat' dir='ltr'>rium</span> <span class='ocrx_word' id='word_1_298' title='bbox 541 4272 725 4327; x_wconf 86' lang='lat' dir='ltr'>sancti</span> <span class='ocrx_word' id='word_1_299' title='bbox 761 4272 945 4326; x_wconf 87' lang='lat' dir='ltr'>Patris</span> <span class='ocrx_word' id='word_1_300' title='bbox 980 4273 1271 4327; x_wconf 90' lang='lat' dir='ltr'>Benedicti</span> <span class='ocrx_word' id='word_1_301' title='bbox 1317 4272 1700 4341; x_wconf 88' lang='lat' dir='ltr'>Floriacense,</span> <span class='ocrx_word' id='word_1_302' title='bbox 1735 4278 1801 4329; x_wconf 90' lang='lat' dir='ltr'>ut</span> <span class='ocrx_word' id='word_1_303' title='bbox 1830 4292 1998 4347; x_wconf 87' lang='lat' dir='ltr'>regu-</span> 
     </span>
    </p>
   </div>
   <div class='ocr_carea' id='block_1_47' title="bbox 356 4361 1995 4430">
    <p class='ocr_par' dir='ltr' id='par_1_47' title="bbox 356 4361 1995 4430">
     <span class='ocr_line' id='line_1_47' title="bbox 356 4361 1995 4430; baseline 0.001 -15"><span class='ocrx_word' id='word_1_304' title='bbox 356 4361 496 4415; x_wconf 80' lang='lat' dir='ltr'>laris</span> <span class='ocrx_word' id='word_1_305' title='bbox 537 4361 916 4415; x_wconf 66' lang='lat' dir='ltr'>observantia}</span> <span class='ocrx_word' id='word_1_306' title='bbox 974 4377 1165 4417; x_wconf 87' lang='lat' dir='ltr'>mores</span> <span class='ocrx_word' id='word_1_307' title='bbox 1224 4361 1340 4416; x_wconf 90' lang='lat' dir='ltr'>illic</span> <span class='ocrx_word' id='word_1_308' title='bbox 1399 4364 1665 4430; x_wconf 88' lang='lat' dir='ltr'>disceret,</span> <span class='ocrx_word' id='word_1_309' title='bbox 1717 4380 1783 4418; x_wconf 92' lang='lat' dir='ltr'>ac</span> <span class='ocrx_word' id='word_1_310' title='bbox 1841 4365 1995 4419; x_wconf 89' lang='lat' dir='ltr'>demi</span> 
     </span>
    </p>
   </div>
   <div class='ocr_carea' id='block_1_48' title="bbox 356 4450 1998 4524">
    <p class='ocr_par' dir='ltr' id='par_1_48' title="bbox 356 4450 1998 4524">
     <span class='ocr_line' id='line_1_48' title="bbox 356 4450 1998 4524; baseline 0.004 -21"><span class='ocrx_word' id='word_1_311' title='bbox 356 4450 633 4505; x_wconf 74' lang='lat' dir='ltr'>fratribus</span> <span class='ocrx_word' id='word_1_312' title='bbox 654 4450 916 4504; x_wconf 88' lang='lat' dir='ltr'>docendo</span> <span class='ocrx_word' id='word_1_313' title='bbox 938 4451 1269 4505; x_wconf 86' lang='lat' dir='ltr'>ostenderet</span> <span class='ocrx_word' id='word_1_314' title='bbox 1291 4452 1717 4524; x_wconf 89' lang='lat' dir='ltr'>quatenusipse</span> <span class='ocrx_word' id='word_1_315' title='bbox 1731 4469 1998 4510; x_wconf 88' lang='lat' dir='ltr'>normam</span> 
     </span>
    </p>
   </div>
   <div class='ocr_carea' id='block_1_49' title="bbox 2116 541 3755 614">
    <p class='ocr_par' dir='ltr' id='par_1_49' title="bbox 2116 541 3755 614">
     <span class='ocr_line' id='line_1_49' title="bbox 2116 541 3755 614; baseline -0.001 -17"><span class='ocrx_word' id='word_1_316' title='bbox 2116 548 2227 614; x_wconf 86' lang='lat' dir='ltr'>que</span> <span class='ocrx_word' id='word_1_317' title='bbox 2259 544 2512 614; x_wconf 87' lang='lat' dir='ltr'>quadam</span> <span class='ocrx_word' id='word_1_318' title='bbox 2547 544 2660 609; x_wconf 90' lang='lat' dir='ltr'>die,</span> <span class='ocrx_word' id='word_1_319' title='bbox 2686 542 2825 596; x_wconf 89' lang='lat' dir='ltr'>dum</span> <span class='ocrx_word' id='word_1_320' title='bbox 2850 541 3030 598; x_wconf 89' lang='lat' dir='ltr'>abbas</span> <span class='ocrx_word' id='word_1_321' title='bbox 3052 558 3210 597; x_wconf 89' lang='lat' dir='ltr'>more</span> <span class='ocrx_word' id='word_1_322' title='bbox 3233 541 3401 595; x_wconf 87' lang='lat' dir='ltr'>solito</span> <span class='ocrx_word' id='word_1_323' title='bbox 3424 549 3755 614; x_wconf 84' lang='lat' dir='ltr'>peragraret</span> 
     </span>
    </p>
   </div>
   <div class='ocr_carea' id='block_1_50' title="bbox 2116 630 3755 701">
    <p class='ocr_par' dir='ltr' id='par_1_50' title="bbox 2116 630 3755 701">
     <span class='ocr_line' id='line_1_50' title="bbox 2116 630 3755 701; baseline -0.001 -15"><span class='ocrx_word' id='word_1_324' title='bbox 2116 634 2556 698; x_wconf 77' lang='lat' dir='ltr'>monasterium,</span> <span class='ocrx_word' id='word_1_325' title='bbox 2594 637 2656 685; x_wconf 91' lang='lat' dir='ltr'>ut</span> <span class='ocrx_word' id='word_1_326' title='bbox 2688 631 2967 701; x_wconf 78' lang='lat' dir='ltr'>aspiceret</span> <span class='ocrx_word' id='word_1_327' title='bbox 3002 630 3163 684; x_wconf 88' lang='lat' dir='ltr'>illum</span> <span class='ocrx_word' id='word_1_328' title='bbox 3194 631 3428 683; x_wconf 81' lang='lat' dir='ltr'>fratrem</span> <span class='ocrx_word' id='word_1_329' title='bbox 3456 631 3624 699; x_wconf 80' lang='lat' dir='ltr'>juxta</span> <span class='ocrx_word' id='word_1_330' title='bbox 3644 632 3755 686; x_wconf 82' lang='lat' dir='ltr'>fer-</span> 
     </span>
    </p>
   </div>
   <div class='ocr_carea' id='block_1_51' title="bbox 2112 718 3757 789">
    <p class='ocr_par' dir='ltr' id='par_1_51' title="bbox 2112 718 3757 789">
     <span class='ocr_line' id='line_1_51' title="bbox 2112 718 3757 789; baseline 0 -15"><span class='ocrx_word' id='word_1_331' title='bbox 2112 739 2253 776; x_wconf 87' lang='lat' dir='ltr'>vens</span> <span class='ocrx_word' id='word_1_332' title='bbox 2285 721 2629 783; x_wconf 83' lang='lat' dir='ltr'>caldarium,</span> <span class='ocrx_word' id='word_1_333' title='bbox 2663 720 2717 773; x_wconf 91' lang='lat' dir='ltr'>in</span> <span class='ocrx_word' id='word_1_334' title='bbox 2749 736 2865 789; x_wconf 89' lang='lat' dir='ltr'>quo</span> <span class='ocrx_word' id='word_1_335' title='bbox 2898 718 3170 773; x_wconf 84' lang='lat' dir='ltr'>victualia</span> <span class='ocrx_word' id='word_1_336' title='bbox 3198 719 3560 789; x_wconf 65' lang='lat' dir='ltr'>praeparabat</span> <span class='ocrx_word' id='word_1_337' title='bbox 3582 720 3757 774; x_wconf 84' lang='lat' dir='ltr'>artiﬁ-</span> 
     </span>
    </p>
   </div>
   <div class='ocr_carea' id='block_1_52' title="bbox 2114 807 3755 875">
    <p class='ocr_par' dir='ltr' id='par_1_52' title="bbox 2114 807 3755 875">
     <span class='ocr_line' id='line_1_52' title="bbox 2114 807 3755 875; baseline -0.001 -11"><span class='ocrx_word' id='word_1_338' title='bbox 2114 811 2300 875; x_wconf 90' lang='lat' dir='ltr'>cibus,</span> <span class='ocrx_word' id='word_1_339' title='bbox 2333 816 2388 864; x_wconf 89' lang='lat' dir='ltr'>et</span> <span class='ocrx_word' id='word_1_340' title='bbox 2422 811 2646 864; x_wconf 86' lang='lat' dir='ltr'>intrans</span> <span class='ocrx_word' id='word_1_341' title='bbox 2676 809 2818 863; x_wconf 88' lang='lat' dir='ltr'>vidit</span> <span class='ocrx_word' id='word_1_342' title='bbox 2850 809 3048 863; x_wconf 88' lang='lat' dir='ltr'>omnia</span> <span class='ocrx_word' id='word_1_343' title='bbox 3075 824 3213 861; x_wconf 85' lang='lat' dir='ltr'>vasa</span> <span class='ocrx_word' id='word_1_344' title='bbox 3244 807 3656 873; x_wconf 88' lang='lat' dir='ltr'>mundissima,</span> <span class='ocrx_word' id='word_1_345' title='bbox 3691 825 3755 863; x_wconf 89' lang='lat' dir='ltr'>ac</span> 
     </span>
    </p>
   </div>
   <div class='ocr_carea' id='block_1_53' title="bbox 2115 895 3753 971">
    <p class='ocr_par' dir='ltr' id='par_1_53' title="bbox 2115 895 3753 971">
     <span class='ocr_line' id='line_1_53' title="bbox 2115 895 3753 971; baseline -0.002 -18"><span class='ocrx_word' id='word_1_346' title='bbox 2115 901 2509 971; x_wconf 88' lang='lat' dir='ltr'>pavimentum</span> <span class='ocrx_word' id='word_1_347' title='bbox 2542 902 2866 968; x_wconf 87' lang='lat' dir='ltr'>scepatum,</span> <span class='ocrx_word' id='word_1_348' title='bbox 2893 898 3153 967; x_wconf 80' lang='lat' dir='ltr'>dixitque</span> <span class='ocrx_word' id='word_1_349' title='bbox 3174 896 3245 950; x_wconf 86' lang='lat' dir='ltr'>ad</span> <span class='ocrx_word' id='word_1_350' title='bbox 3278 913 3410 951; x_wconf 85' lang='lat' dir='ltr'>cum</span> <span class='ocrx_word' id='word_1_351' title='bbox 3437 895 3606 949; x_wconf 91' lang='lat' dir='ltr'>hilari</span> <span class='ocrx_word' id='word_1_352' title='bbox 3630 897 3753 950; x_wconf 86' lang='lat' dir='ltr'>vul-</span> 
     </span>
    </p>
   </div>
   <div class='ocr_carea' id='block_1_54' title="bbox 2113 985 3752 1052">
    <p class='ocr_par' dir='ltr' id='par_1_54' title="bbox 2113 985 3752 1052">
     <span class='ocr_line' id='line_1_54' title="bbox 2113 985 3752 1052; baseline -0.002 -10"><span class='ocrx_word' id='word_1_353' title='bbox 2113 995 2212 1043; x_wconf 86' lang='lat' dir='ltr'>tu:</span> <span class='ocrx_word' id='word_1_354' title='bbox 2249 990 2293 1042; x_wconf 88' lang='lat'>0</span> <span class='ocrx_word' id='word_1_355' title='bbox 2327 990 2403 1041; x_wconf 88' lang='lat' dir='ltr'>mi</span> <span class='ocrx_word' id='word_1_356' title='bbox 2440 988 2615 1042; x_wconf 80' lang='lat' dir='ltr'>frater</span> <span class='ocrx_word' id='word_1_357' title='bbox 2644 986 2922 1052; x_wconf 83' lang='lat' dir='ltr'>Elfstane,</span> <span class='ocrx_word' id='word_1_358' title='bbox 2966 985 3115 1039; x_wconf 86' lang='lat' dir='ltr'>hanc</span> <span class='ocrx_word' id='word_1_359' title='bbox 3166 985 3557 1040; x_wconf 87' lang='lat' dir='ltr'>obedientiam</span> <span class='ocrx_word' id='word_1_360' title='bbox 3610 985 3752 1039; x_wconf 92' lang='lat' dir='ltr'>mihi</span> 
     </span>
    </p>
   </div>
   <div class='ocr_carea' id='block_1_55' title="bbox 2115 1074 3831 1148">
    <p class='ocr_par' dir='ltr' id='par_1_55' title="bbox 2115 1074 3831 1148">
     <span class='ocr_line' id='line_1_55' title="bbox 2115 1074 3831 1148; baseline -0.003 -15"><span class='ocrx_word' id='word_1_361' title='bbox 2115 1079 2339 1133; x_wconf 87' lang='lat' dir='ltr'>furatus</span> <span class='ocrx_word' id='word_1_362' title='bbox 2371 1094 2452 1143; x_wconf 85' lang='lat' dir='ltr'>es,</span> <span class='ocrx_word' id='word_1_363' title='bbox 2480 1092 2655 1148; x_wconf 89' lang='lat' dir='ltr'>quam</span> <span class='ocrx_word' id='word_1_364' title='bbox 2677 1091 2769 1129; x_wconf 91' lang='lat' dir='ltr'>me</span> <span class='ocrx_word' id='word_1_365' title='bbox 2792 1076 3094 1145; x_wconf 88' lang='lat' dir='ltr'>ignorante</span> <span class='ocrx_word' id='word_1_366' title='bbox 3114 1074 3511 1148; x_wconf 8' lang='lat' dir='ltr'>exerces.»Sed</span> <span class='ocrx_word' id='word_1_367' title='bbox 3544 1075 3593 1127; x_wconf 89' lang='lat' dir='ltr'>si</span> <span class='ocrx_word' id='word_1_368' title='bbox 3624 1074 3758 1128; x_wconf 89' lang='lat' dir='ltr'>talis</span> <span class='ocrx_word' id='word_1_369' title='bbox 3822 1138 3831 1147; x_wconf 30' lang='grc' dir='ltr'>ί</span> 
     </span>
    </p>
   </div>
   <div class='ocr_carea' id='block_1_56' title="bbox 2114 1146 3754 1235">
    <p class='ocr_par' dir='ltr' id='par_1_56' title="bbox 2114 1146 3754 1235">
     <span class='ocr_line' id='line_1_56' title="bbox 2114 1146 3754 1235; baseline -0.002 -16"><span class='ocrx_word' id='word_1_370' title='bbox 2114 1166 2281 1220; x_wconf 89' lang='lat' dir='ltr'>miles</span> <span class='ocrx_word' id='word_1_371' title='bbox 2313 1146 2524 1219; x_wconf 84' lang='lat' dir='ltr'>Christi</span> <span class='ocrx_word' id='word_1_372' title='bbox 2557 1162 2886 1235; x_wconf 90' lang='lat' dir='ltr'>es,qualem</span> <span class='ocrx_word' id='word_1_373' title='bbox 2922 1168 2973 1216; x_wconf 89' lang='lat' dir='ltr'>te</span> <span class='ocrx_word' id='word_1_374' title='bbox 3005 1160 3283 1227; x_wconf 89' lang='lat' dir='ltr'>ostendis,</span> <span class='ocrx_word' id='word_1_375' title='bbox 3319 1146 3482 1215; x_wconf 66' lang='lat' dir='ltr'>mitte</span> <span class='ocrx_word' id='word_1_376' title='bbox 3514 1178 3754 1216; x_wconf 87' lang='lat' dir='ltr'>manum</span> 
     </span>
    </p>
   </div>
   <div class='ocr_carea' id='block_1_57' title="bbox 2112 1250 3757 1323">
    <p class='ocr_par' dir='ltr' id='par_1_57' title="bbox 2112 1250 3757 1323">
     <span class='ocr_line' id='line_1_57' title="bbox 2112 1250 3757 1323; baseline -0.001 -14"><span class='ocrx_word' id='word_1_377' title='bbox 2112 1262 2274 1309; x_wconf 89' lang='lat' dir='ltr'>tuam</span> <span class='ocrx_word' id='word_1_378' title='bbox 2294 1255 2350 1308; x_wconf 92' lang='lat' dir='ltr'>in</span> <span class='ocrx_word' id='word_1_379' title='bbox 2367 1253 2707 1309; x_wconf 86' lang='lat' dir='ltr'>bullientem</span> <span class='ocrx_word' id='word_1_380' title='bbox 2730 1268 2965 1323; x_wconf 88' lang='lat' dir='ltr'>aquam,</span> <span class='ocrx_word' id='word_1_381' title='bbox 2984 1256 3039 1304; x_wconf 90' lang='lat' dir='ltr'>et</span> <span class='ocrx_word' id='word_1_382' title='bbox 3060 1268 3241 1305; x_wconf 86' lang='lat' dir='ltr'>unum</span> <span class='ocrx_word' id='word_1_383' title='bbox 3258 1252 3507 1305; x_wconf 83' lang='lat' dir='ltr'>frustum</span> <span class='ocrx_word' id='word_1_384' title='bbox 3528 1250 3599 1304; x_wconf 90' lang='lat' dir='ltr'>de</span> <span class='ocrx_word' id='word_1_385' title='bbox 3620 1250 3757 1307; x_wconf 85' lang='lat' dir='ltr'>imis</span> 
     </span>
    </p>
   </div>
   <div class='ocr_carea' id='block_1_58' title="bbox 2113 1340 3757 1413">
    <p class='ocr_par' dir='ltr' id='par_1_58' title="bbox 2113 1340 3757 1413">
     <span class='ocr_line' id='line_1_58' title="bbox 2113 1340 3757 1413; baseline -0.002 -16"><span class='ocrx_word' id='word_1_386' title='bbox 2113 1343 2255 1397; x_wconf 89' lang='lat' dir='ltr'>mihi</span> <span class='ocrx_word' id='word_1_387' title='bbox 2285 1342 2533 1413; x_wconf 85' lang='lat' dir='ltr'>impiger</span> <span class='ocrx_word' id='word_1_388' title='bbox 2555 1341 2800 1406; x_wconf 87' lang='lat' dir='ltr'>attrahe;</span> <span class='ocrx_word' id='word_1_389' title='bbox 2834 1340 2932 1411; x_wconf 90' lang='lat' dir='ltr'>qui</span> <span class='ocrx_word' id='word_1_390' title='bbox 2962 1340 3159 1395; x_wconf 88' lang='lat' dir='ltr'>statim</span> <span class='ocrx_word' id='word_1_391' title='bbox 3184 1340 3307 1392; x_wconf 86' lang='lat' dir='ltr'>sine</span> <span class='ocrx_word' id='word_1_392' title='bbox 3334 1356 3498 1393; x_wconf 89' lang='lat' dir='ltr'>mora</span> <span class='ocrx_word' id='word_1_393' title='bbox 3521 1340 3757 1394; x_wconf 88' lang='lat' dir='ltr'>mittens</span> 
     </span>
    </p>
   </div>
   <div class='ocr_carea' id='block_1_59' title="bbox 2114 1428 3753 1493">
    <p class='ocr_par' dir='ltr' id='par_1_59' title="bbox 2114 1428 3753 1493">
     <span class='ocr_line' id='line_1_59' title="bbox 2114 1428 3753 1493; baseline -0.003 -6"><span class='ocrx_word' id='word_1_394' title='bbox 2114 1449 2353 1487; x_wconf 89' lang='lat' dir='ltr'>manum</span> <span class='ocrx_word' id='word_1_395' title='bbox 2386 1447 2553 1485; x_wconf 88' lang='lat' dir='ltr'>suam</span> <span class='ocrx_word' id='word_1_396' title='bbox 2588 1430 2656 1484; x_wconf 91' lang='lat' dir='ltr'>ad</span> <span class='ocrx_word' id='word_1_397' title='bbox 2692 1430 2876 1483; x_wconf 90' lang='lat' dir='ltr'>imum</span> <span class='ocrx_word' id='word_1_398' title='bbox 2910 1429 3134 1493; x_wconf 90' lang='lat' dir='ltr'>lebetis,</span> <span class='ocrx_word' id='word_1_399' title='bbox 3188 1428 3470 1483; x_wconf 82' lang='lat' dir='ltr'>abstraxit</span> <span class='ocrx_word' id='word_1_400' title='bbox 3499 1428 3753 1482; x_wconf 81' lang='lat' dir='ltr'>frustum</span> 
     </span>
    </p>
   </div>
   <div class='ocr_carea' id='block_1_60' title="bbox 2113 1517 3757 1587">
    <p class='ocr_par' dir='ltr' id='par_1_60' title="bbox 2113 1517 3757 1587">
     <span class='ocr_line' id='line_1_60' title="bbox 2113 1517 3757 1587; baseline -0.002 -13"><span class='ocrx_word' id='word_1_401' title='bbox 2113 1520 2419 1587; x_wconf 88' lang='lat' dir='ltr'>fervidum,</span> <span class='ocrx_word' id='word_1_402' title='bbox 2450 1536 2566 1573; x_wconf 89' lang='lat' dir='ltr'>non</span> <span class='ocrx_word' id='word_1_403' title='bbox 2590 1519 2848 1573; x_wconf 89' lang='lat' dir='ltr'>sentiens</span> <span class='ocrx_word' id='word_1_404' title='bbox 2866 1517 3115 1572; x_wconf 90' lang='lat' dir='ltr'>calorem</span> <span class='ocrx_word' id='word_1_405' title='bbox 3136 1517 3410 1571; x_wconf 83' lang='lat' dir='ltr'>ferventis</span> <span class='ocrx_word' id='word_1_406' title='bbox 3435 1533 3619 1587; x_wconf 69' lang='lat' dir='ltr'>aquae.</span> <span class='ocrx_word' id='word_1_407' title='bbox 3636 1519 3757 1582; x_wconf 88' lang='lat' dir='ltr'>Quo</span> 
     </span>
    </p>
   </div>
   <div class='ocr_carea' id='block_1_61' title="bbox 2110 1605 3755 1677">
    <p class='ocr_par' dir='ltr' id='par_1_61' title="bbox 2110 1605 3755 1677">
     <span class='ocr_line' id='line_1_61' title="bbox 2110 1605 3755 1677; baseline -0.001 -15"><span class='ocrx_word' id='word_1_408' title='bbox 2110 1610 2254 1673; x_wconf 90' lang='lat' dir='ltr'>viso,</span> <span class='ocrx_word' id='word_1_409' title='bbox 2280 1608 2658 1677; x_wconf 87' lang='lat' dir='ltr'>abbasjussit</span> <span class='ocrx_word' id='word_1_410' title='bbox 2679 1607 2928 1661; x_wconf 83' lang='lat' dir='ltr'>frustum</span> <span class='ocrx_word' id='word_1_411' title='bbox 2954 1605 3185 1675; x_wconf 88' lang='lat' dir='ltr'>deponi,</span> <span class='ocrx_word' id='word_1_412' title='bbox 3211 1609 3267 1659; x_wconf 91' lang='lat' dir='ltr'>et</span> <span class='ocrx_word' id='word_1_413' title='bbox 3288 1606 3508 1660; x_wconf 89' lang='lat' dir='ltr'>nemini</span> <span class='ocrx_word' id='word_1_414' title='bbox 3532 1605 3641 1658; x_wconf 86' lang='lat' dir='ltr'>hoc</span> <span class='ocrx_word' id='word_1_415' title='bbox 3663 1606 3755 1660; x_wconf 90' lang='lat' dir='ltr'>in-</span> 
     </span>
    </p>
   </div>
   <div class='ocr_carea' id='block_1_62' title="bbox 2111 1694 3757 1766">
    <p class='ocr_par' dir='ltr' id='par_1_62' title="bbox 2111 1694 3757 1766">
     <span class='ocr_line' id='line_1_62' title="bbox 2111 1694 3757 1766; baseline -0.002 -15"><span class='ocrx_word' id='word_1_416' title='bbox 2111 1699 2303 1752; x_wconf 89' lang='lat' dir='ltr'>dicare</span> <span class='ocrx_word' id='word_1_417' title='bbox 2333 1696 2567 1751; x_wconf 85' lang='lat' dir='ltr'>viventi.</span> <span class='ocrx_word' id='word_1_418' title='bbox 2604 1695 2774 1751; x_wconf 89' lang='lat' dir='ltr'>Illum</span> <span class='ocrx_word' id='word_1_419' title='bbox 2806 1711 2937 1749; x_wconf 90' lang='lat' dir='ltr'>vero</span> <span class='ocrx_word' id='word_1_420' title='bbox 2980 1696 3217 1748; x_wconf 85' lang='lat' dir='ltr'>fratrem</span> <span class='ocrx_word' id='word_1_421' title='bbox 3250 1694 3625 1766; x_wconf 86' lang='lat' dir='ltr'>postmodum</span> <span class='ocrx_word' id='word_1_422' title='bbox 3657 1694 3757 1749; x_wconf 88' lang='lat' dir='ltr'>ab-</span> 
     </span>
    </p>
   </div>
   <div class='ocr_carea' id='block_1_63' title="bbox 2110 1783 3757 1854">
    <p class='ocr_par' dir='ltr' id='par_1_63' title="bbox 2110 1783 3757 1854">
     <span class='ocr_line' id='line_1_63' title="bbox 2110 1783 3757 1854; baseline -0.004 -12"><span class='ocrx_word' id='word_1_423' title='bbox 2110 1787 2301 1842; x_wconf 89' lang='lat' dir='ltr'>batem</span> <span class='ocrx_word' id='word_1_424' title='bbox 2335 1786 2589 1840; x_wconf 84' lang='lat' dir='ltr'>vidimus</span> <span class='ocrx_word' id='word_1_425' title='bbox 2620 1784 2974 1847; x_wconf 88' lang='lat' dir='ltr'>ordinatum,</span> <span class='ocrx_word' id='word_1_426' title='bbox 2999 1783 3099 1854; x_wconf 89' lang='lat' dir='ltr'>qui</span> <span class='ocrx_word' id='word_1_427' title='bbox 3122 1784 3296 1837; x_wconf 87' lang='lat' dir='ltr'>etiam</span> <span class='ocrx_word' id='word_1_428' title='bbox 3328 1783 3536 1837; x_wconf 89' lang='lat' dir='ltr'>deinde</span> <span class='ocrx_word' id='word_1_429' title='bbox 3569 1784 3757 1854; x_wconf 89' lang='lat' dir='ltr'>ponti-</span> 
     </span>
    </p>
   </div>
   <div class='ocr_carea' id='block_1_64' title="bbox 2112 1870 3759 1940">
    <p class='ocr_par' dir='ltr' id='par_1_64' title="bbox 2112 1870 3759 1940">
     <span class='ocr_line' id='line_1_64' title="bbox 2112 1870 3759 1940; baseline -0.003 -10"><span class='ocrx_word' id='word_1_430' title='bbox 2112 1876 2265 1932; x_wconf 87' lang='lat' dir='ltr'>ticali</span> <span class='ocrx_word' id='word_1_431' title='bbox 2297 1876 2516 1931; x_wconf 83' lang='lat' dir='ltr'>honore</span> <span class='ocrx_word' id='word_1_432' title='bbox 2548 1874 2921 1940; x_wconf 87' lang='lat' dir='ltr'>sublimatus,</span> <span class='ocrx_word' id='word_1_433' title='bbox 2955 1871 3223 1926; x_wconf 78' lang='lat' dir='ltr'>Ecclesiae</span> <span class='ocrx_word' id='word_1_434' title='bbox 3261 1870 3638 1925; x_wconf 84' lang='lat' dir='ltr'>Wiltuniensi</span> <span class='ocrx_word' id='word_1_435' title='bbox 3671 1876 3759 1928; x_wconf 88' lang='lat' dir='ltr'>est</span> 
     </span>
    </p>
   </div>
   <div class='ocr_carea' id='block_1_65' title="bbox 2112 1960 3757 2037">
    <p class='ocr_par' dir='ltr' id='par_1_65' title="bbox 2112 1960 3757 2037">
     <span class='ocr_line' id='line_1_65' title="bbox 2112 1960 3757 2037; baseline -0.004 -17"><span class='ocrx_word' id='word_1_436' title='bbox 2112 1964 2407 2037; x_wconf 63' lang='lat' dir='ltr'>praelatus,</span> <span class='ocrx_word' id='word_1_437' title='bbox 2427 1969 2483 2018; x_wconf 89' lang='lat' dir='ltr'>et</span> <span class='ocrx_word' id='word_1_438' title='bbox 2502 1964 2670 2019; x_wconf 89' lang='lat' dir='ltr'>beate</span> <span class='ocrx_word' id='word_1_439' title='bbox 2693 1963 2808 2017; x_wconf 83' lang='lat' dir='ltr'>fine</span> <span class='ocrx_word' id='word_1_440' title='bbox 2828 1960 2940 2032; x_wconf 82' lang='grc'>(10)</span> <span class='ocrx_word' id='word_1_441' title='bbox 2958 1960 3019 2015; x_wconf 91' lang='lat' dir='ltr'>in</span> <span class='ocrx_word' id='word_1_442' title='bbox 3037 1960 3273 2015; x_wconf 91' lang='lat' dir='ltr'>domino</span> <span class='ocrx_word' id='word_1_443' title='bbox 3292 1963 3757 2015; x_wconf 88' lang='lat' dir='ltr'>consummatus.</span> 
     </span>
    </p>
   </div>
   <div class='ocr_carea' id='block_1_66' title="bbox 2185 2047 3761 2122">
    <p class='ocr_par' dir='ltr' id='par_1_66' title="bbox 2185 2047 3761 2122">
     <span class='ocr_line' id='line_1_66' title="bbox 2185 2047 3761 2122; baseline -0.003 -13"><span class='ocrx_word' id='word_1_444' title='bbox 2185 2054 2318 2109; x_wconf 76' lang='lat' dir='ltr'>CAP.</span> <span class='ocrx_word' id='word_1_445' title='bbox 2354 2052 2469 2108; x_wconf 84' lang='lat' dir='ltr'>XV.</span> <span class='ocrx_word' id='word_1_446' title='bbox 2503 2084 2571 2092; x_wconf 91' lang='lat'>-—</span> <span class='ocrx_word' id='word_1_447' title='bbox 2612 2052 2748 2106; x_wconf 85' lang='lat' dir='ltr'>Erat</span> <span class='ocrx_word' id='word_1_448' title='bbox 2791 2068 3045 2122; x_wconf 88' lang='lat' dir='ltr'>namque</span> <span class='ocrx_word' id='word_1_449' title='bbox 3088 2054 3329 2105; x_wconf 87' lang='lat' dir='ltr'>sanctus</span> <span class='ocrx_word' id='word_1_450' title='bbox 3384 2047 3761 2119; x_wconf 84' lang='lat' dir='ltr'>Adelweldus</span> 
     </span>
    </p>
   </div>
   <div class='ocr_carea' id='block_1_67' title="bbox 2113 2137 3764 2211">
    <p class='ocr_par' dir='ltr' id='par_1_67' title="bbox 2113 2137 3764 2211">
     <span class='ocr_line' id='line_1_67' title="bbox 2113 2137 3764 2211; baseline -0.004 -14"><span class='ocrx_word' id='word_1_451' title='bbox 2113 2143 2491 2198; x_wconf 88' lang='lat' dir='ltr'>ecclesiarum</span> <span class='ocrx_word' id='word_1_452' title='bbox 2517 2158 2582 2196; x_wconf 89' lang='lat' dir='ltr'>ac</span> <span class='ocrx_word' id='word_1_453' title='bbox 2605 2142 2965 2195; x_wconf 83' lang='lat' dir='ltr'>diversorum</span> <span class='ocrx_word' id='word_1_454' title='bbox 2990 2156 3231 2211; x_wconf 90' lang='lat' dir='ltr'>operum</span> <span class='ocrx_word' id='word_1_455' title='bbox 3258 2154 3508 2210; x_wconf 84' lang='lat' dir='ltr'>magnus</span> <span class='ocrx_word' id='word_1_456' title='bbox 3521 2137 3764 2192; x_wconf 61' lang='lat' dir='ltr'>aidifica-</span> 
     </span>
    </p>
   </div>
   <div class='ocr_carea' id='block_1_68' title="bbox 2114 2227 3755 2299">
    <p class='ocr_par' dir='ltr' id='par_1_68' title="bbox 2114 2227 3755 2299">
     <span class='ocr_line' id='line_1_68' title="bbox 2114 2227 3755 2299; baseline -0.002 -14"><span class='ocrx_word' id='word_1_457' title='bbox 2114 2238 2223 2299; x_wconf 89' lang='lat' dir='ltr'>tor,</span> <span class='ocrx_word' id='word_1_458' title='bbox 2255 2237 2309 2285; x_wconf 88' lang='lat' dir='ltr'>et</span> <span class='ocrx_word' id='word_1_459' title='bbox 2342 2232 2483 2285; x_wconf 88' lang='lat' dir='ltr'>dum</span> <span class='ocrx_word' id='word_1_460' title='bbox 2515 2235 2668 2286; x_wconf 88' lang='lat' dir='ltr'>esset</span> <span class='ocrx_word' id='word_1_461' title='bbox 2724 2230 2925 2295; x_wconf 87' lang='lat' dir='ltr'>abbas,</span> <span class='ocrx_word' id='word_1_462' title='bbox 2973 2234 3028 2282; x_wconf 86' lang='lat' dir='ltr'>et</span> <span class='ocrx_word' id='word_1_463' title='bbox 3067 2230 3207 2282; x_wconf 90' lang='lat' dir='ltr'>dum</span> <span class='ocrx_word' id='word_1_464' title='bbox 3239 2233 3392 2283; x_wconf 85' lang='lat' dir='ltr'>esset</span> <span class='ocrx_word' id='word_1_465' title='bbox 3424 2227 3755 2299; x_wconf 88' lang='lat' dir='ltr'>episcopus.</span> 
     </span>
    </p>
   </div>
   <div class='ocr_carea' id='block_1_69' title="bbox 2118 2316 3758 2376">
    <p class='ocr_par' dir='ltr' id='par_1_69' title="bbox 2118 2316 3758 2376">
     <span class='ocr_line' id='line_1_69' title="bbox 2118 2316 3758 2376; baseline -0.002 -1"><span class='ocrx_word' id='word_1_466' title='bbox 2118 2320 2276 2375; x_wconf 88' lang='lat' dir='ltr'>Unde</span> <span class='ocrx_word' id='word_1_467' title='bbox 2308 2320 2553 2376; x_wconf 85' lang='lat' dir='ltr'>tetendit</span> <span class='ocrx_word' id='word_1_468' title='bbox 2581 2321 2630 2374; x_wconf 89' lang='lat' dir='ltr'>ei</span> <span class='ocrx_word' id='word_1_469' title='bbox 2662 2320 2994 2374; x_wconf 87' lang='lat' dir='ltr'>communis</span> <span class='ocrx_word' id='word_1_470' title='bbox 3015 2319 3384 2373; x_wconf 85' lang='lat' dir='ltr'>adversarius</span> <span class='ocrx_word' id='word_1_471' title='bbox 3414 2316 3617 2372; x_wconf 89' lang='lat' dir='ltr'>solitas</span> <span class='ocrx_word' id='word_1_472' title='bbox 3639 2334 3758 2371; x_wconf 67' lang='lat' dir='ltr'>sua:</span> 
     </span>
    </p>
   </div>
   <div class='ocr_carea' id='block_1_70' title="bbox 2115 2407 3759 2481">
    <p class='ocr_par' dir='ltr' id='par_1_70' title="bbox 2115 2407 3759 2481">
     <span class='ocr_line' id='line_1_70' title="bbox 2115 2407 3759 2481; baseline -0.002 -18"><span class='ocrx_word' id='word_1_473' title='bbox 2115 2410 2498 2481; x_wconf 84' lang='lat' dir='ltr'>malignitatis</span> <span class='ocrx_word' id='word_1_474' title='bbox 2528 2409 2793 2473; x_wconf 87' lang='lat' dir='ltr'>insidias,</span> <span class='ocrx_word' id='word_1_475' title='bbox 2829 2415 2893 2462; x_wconf 89' lang='lat' dir='ltr'>ut</span> <span class='ocrx_word' id='word_1_476' title='bbox 2923 2425 3078 2475; x_wconf 90' lang='lat' dir='ltr'>cum,</span> <span class='ocrx_word' id='word_1_477' title='bbox 3113 2408 3161 2462; x_wconf 92' lang='lat' dir='ltr'>si</span> <span class='ocrx_word' id='word_1_478' title='bbox 3198 2407 3314 2461; x_wconf 92' lang='lat' dir='ltr'>ulle</span> <span class='ocrx_word' id='word_1_479' title='bbox 3341 2407 3515 2461; x_wconf 88' lang='lat' dir='ltr'>modo</span> <span class='ocrx_word' id='word_1_480' title='bbox 3547 2411 3759 2478; x_wconf 88' lang='lat' dir='ltr'>posset,</span> 
     </span>
    </p>
   </div>
   <div class='ocr_carea' id='block_1_71' title="bbox 2113 2494 3765 2570">
    <p class='ocr_par' dir='ltr' id='par_1_71' title="bbox 2113 2494 3765 2570">
     <span class='ocr_line' id='line_1_71' title="bbox 2113 2494 3765 2570; baseline -0.002 -17"><span class='ocrx_word' id='word_1_481' title='bbox 2113 2498 2525 2570; x_wconf 82' lang='lat' dir='ltr'>exstingueret.</span> <span class='ocrx_word' id='word_1_482' title='bbox 2552 2498 2697 2552; x_wconf 84' lang='lat' dir='ltr'>Nam</span> <span class='ocrx_word' id='word_1_483' title='bbox 2723 2498 2974 2568; x_wconf 88' lang='lat' dir='ltr'>quadam</span> <span class='ocrx_word' id='word_1_484' title='bbox 3000 2498 3112 2561; x_wconf 88' lang='lat' dir='ltr'>die,</span> <span class='ocrx_word' id='word_1_485' title='bbox 3140 2497 3279 2550; x_wconf 89' lang='lat' dir='ltr'>dum</span> <span class='ocrx_word' id='word_1_486' title='bbox 3305 2496 3391 2550; x_wconf 88' lang='lat' dir='ltr'>vir</span> <span class='ocrx_word' id='word_1_487' title='bbox 3413 2495 3513 2550; x_wconf 88' lang='lat' dir='ltr'>Dei</span> <span class='ocrx_word' id='word_1_488' title='bbox 3536 2494 3594 2549; x_wconf 92' lang='lat' dir='ltr'>in</span> <span class='ocrx_word' id='word_1_489' title='bbox 3617 2500 3765 2550; x_wconf 89' lang='lat' dir='ltr'>stru-</span> 
     </span>
    </p>
   </div>
   <div class='ocr_carea' id='block_1_72' title="bbox 2115 2583 3761 2656">
    <p class='ocr_par' dir='ltr' id='par_1_72' title="bbox 2115 2583 3761 2656">
     <span class='ocr_line' id='line_1_72' title="bbox 2115 2583 3761 2656; baseline -0.002 -16"><span class='ocrx_word' id='word_1_490' title='bbox 2115 2593 2279 2641; x_wconf 88' lang='lat' dir='ltr'>ctura</span> <span class='ocrx_word' id='word_1_491' title='bbox 2311 2587 2618 2651; x_wconf 85' lang='lat' dir='ltr'>laboraret,</span> <span class='ocrx_word' id='word_1_492' title='bbox 2654 2587 2860 2656; x_wconf 83' lang='lat' dir='ltr'>ingens</span> <span class='ocrx_word' id='word_1_493' title='bbox 2884 2586 3066 2656; x_wconf 80' lang='lat' dir='ltr'>postis</span> <span class='ocrx_word' id='word_1_494' title='bbox 3098 2602 3275 2656; x_wconf 83' lang='lat' dir='ltr'>super</span> <span class='ocrx_word' id='word_1_495' title='bbox 3295 2601 3427 2639; x_wconf 87' lang='lat' dir='ltr'>eum</span> <span class='ocrx_word' id='word_1_496' title='bbox 3453 2583 3678 2649; x_wconf 87' lang='lat' dir='ltr'>cecidit,</span> <span class='ocrx_word' id='word_1_497' title='bbox 3704 2589 3761 2639; x_wconf 86' lang='lat' dir='ltr'>et</span> 
     </span>
    </p>
   </div>
   <div class='ocr_carea' id='block_1_73' title="bbox 2116 2674 3759 2747">
    <p class='ocr_par' dir='ltr' id='par_1_73' title="bbox 2116 2674 3759 2747">
     <span class='ocr_line' id='line_1_73' title="bbox 2116 2674 3759 2747; baseline -0.003 -17"><span class='ocrx_word' id='word_1_498' title='bbox 2116 2678 2173 2730; x_wconf 89' lang='lat' dir='ltr'>in</span> <span class='ocrx_word' id='word_1_499' title='bbox 2214 2677 2529 2747; x_wconf 82' lang='lat' dir='ltr'>quamdam</span> <span class='ocrx_word' id='word_1_500' title='bbox 2600 2678 2819 2729; x_wconf 84' lang='lat' dir='ltr'>foveam</span> <span class='ocrx_word' id='word_1_501' title='bbox 2876 2675 3103 2744; x_wconf 83' lang='lat' dir='ltr'>dejeeit,</span> <span class='ocrx_word' id='word_1_502' title='bbox 3166 2674 3566 2745; x_wconf 85' lang='lat' dir='ltr'>eonfregitquc</span> <span class='ocrx_word' id='word_1_503' title='bbox 3615 2689 3759 2743; x_wconf 87' lang='lat' dir='ltr'>pene</span> 
     </span>
    </p>
   </div>
   <div class='ocr_carea' id='block_1_74' title="bbox 2115 2760 3759 2833">
    <p class='ocr_par' dir='ltr' id='par_1_74' title="bbox 2115 2760 3759 2833">
     <span class='ocr_line' id='line_1_74' title="bbox 2115 2760 3759 2833; baseline -0.005 -12"><span class='ocrx_word' id='word_1_504' title='bbox 2115 2783 2319 2821; x_wconf 88' lang='lat' dir='ltr'>omnes</span> <span class='ocrx_word' id='word_1_505' title='bbox 2352 2772 2544 2819; x_wconf 86' lang='lat' dir='ltr'>costas</span> <span class='ocrx_word' id='word_1_506' title='bbox 2576 2766 2703 2833; x_wconf 87' lang='lat' dir='ltr'>ejus</span> <span class='ocrx_word' id='word_1_507' title='bbox 2733 2782 2801 2817; x_wconf 86' lang='lat' dir='ltr'>ex</span> <span class='ocrx_word' id='word_1_508' title='bbox 2833 2780 2946 2817; x_wconf 89' lang='lat' dir='ltr'>uno</span> <span class='ocrx_word' id='word_1_509' title='bbox 2977 2763 3174 2828; x_wconf 89' lang='lat' dir='ltr'>latere,</span> <span class='ocrx_word' id='word_1_510' title='bbox 3211 2763 3290 2814; x_wconf 90' lang='lat' dir='ltr'>ita</span> <span class='ocrx_word' id='word_1_511' title='bbox 3342 2766 3407 2814; x_wconf 89' lang='lat' dir='ltr'>ut</span> <span class='ocrx_word' id='word_1_512' title='bbox 3456 2760 3568 2814; x_wconf 91' lang='lat' dir='ltr'>nisi</span> <span class='ocrx_word' id='word_1_513' title='bbox 3602 2763 3759 2814; x_wconf 84' lang='lat' dir='ltr'>fovea</span> 
     </span>
    </p>
   </div>
   <div class='ocr_carea' id='block_1_75' title="bbox 2114 2853 3277 2924">
    <p class='ocr_par' dir='ltr' id='par_1_75' title="bbox 2114 2853 3277 2924">
     <span class='ocr_line' id='line_1_75' title="bbox 2114 2853 3277 2924; baseline -0.003 -17"><span class='ocrx_word' id='word_1_514' title='bbox 2114 2854 2279 2908; x_wconf 90' lang='lat' dir='ltr'>illum</span> <span class='ocrx_word' id='word_1_515' title='bbox 2314 2853 2656 2924; x_wconf 88' lang='lat' dir='ltr'>susciperet,</span> <span class='ocrx_word' id='word_1_516' title='bbox 2692 2857 2848 2907; x_wconf 89' lang='lat' dir='ltr'>totus</span> <span class='ocrx_word' id='word_1_517' title='bbox 2879 2856 3277 2923; x_wconf 86' lang='lat' dir='ltr'>quassaretur.</span> 
     </span>
    </p>
   </div>
   <div class='ocr_carea' id='block_1_76' title="bbox 2186 2936 3758 2998">
    <p class='ocr_par' dir='ltr' id='par_1_76' title="bbox 2186 2936 3758 2998">
     <span class='ocr_line' id='line_1_76' title="bbox 2186 2936 3758 2998; baseline -0.005 0"><span class='ocrx_word' id='word_1_518' title='bbox 2186 2944 2321 2998; x_wconf 72' lang='lat' dir='ltr'>CAP.</span> <span class='ocrx_word' id='word_1_519' title='bbox 2356 2942 2497 2997; x_wconf 77' lang='lat' dir='ltr'>XVI.</span> <span class='ocrx_word' id='word_1_520' title='bbox 2523 2974 2588 2982; x_wconf 93' lang='lat'><strong><em>—</em></strong></span> <span class='ocrx_word' id='word_1_521' title='bbox 2611 2940 2915 2996; x_wconf 90' lang='lat' dir='ltr'>Convaluit</span> <span class='ocrx_word' id='word_1_522' title='bbox 2944 2944 3139 2994; x_wconf 91' lang='lat' dir='ltr'>tamen</span> <span class='ocrx_word' id='word_1_523' title='bbox 3171 2939 3258 2992; x_wconf 86' lang='lat' dir='ltr'>vir</span> <span class='ocrx_word' id='word_1_524' title='bbox 3286 2941 3525 2994; x_wconf 89' lang='lat' dir='ltr'>sanctus</span> <span class='ocrx_word' id='word_1_525' title='bbox 3556 2938 3627 2993; x_wconf 88' lang='lat' dir='ltr'>de</span> <span class='ocrx_word' id='word_1_526' title='bbox 3649 2936 3758 2991; x_wconf 86' lang='lat' dir='ltr'>hac</span> 
     </span>
    </p>
   </div>
   <div class='ocr_carea' id='block_1_77' title="bbox 2118 3025 3757 3102">
    <p class='ocr_par' dir='ltr' id='par_1_77' title="bbox 2118 3025 3757 3102">
     <span class='ocr_line' id='line_1_77' title="bbox 2118 3025 3757 3102; baseline -0.003 -16"><span class='ocrx_word' id='word_1_527' title='bbox 2118 3032 2402 3087; x_wconf 88' lang='lat' dir='ltr'>molestia.</span> <span class='ocrx_word' id='word_1_528' title='bbox 2433 3030 2535 3086; x_wconf 80' lang='lat' dir='ltr'>Dei</span> <span class='ocrx_word' id='word_1_529' title='bbox 2558 3028 2973 3102; x_wconf 81' lang='lat' dir='ltr'>omnipotentis</span> <span class='ocrx_word' id='word_1_530' title='bbox 2994 3029 3304 3098; x_wconf 86' lang='lat' dir='ltr'>adjuvante</span> <span class='ocrx_word' id='word_1_531' title='bbox 3324 3026 3529 3099; x_wconf 82' lang='lat' dir='ltr'>gratia,</span> <span class='ocrx_word' id='word_1_532' title='bbox 3560 3031 3613 3080; x_wconf 88' lang='lat' dir='ltr'>et</span> <span class='ocrx_word' id='word_1_533' title='bbox 3644 3025 3757 3081; x_wconf 87' lang='lat' dir='ltr'>ele-</span> 
     </span>
    </p>
   </div>
   <div class='ocr_carea' id='block_1_78' title="bbox 2114 3115 3758 3193">
    <p class='ocr_par' dir='ltr' id='par_1_78' title="bbox 2114 3115 3758 3193">
     <span class='ocr_line' id='line_1_78' title="bbox 2114 3115 3758 3193; baseline -0.004 -18"><span class='ocrx_word' id='word_1_534' title='bbox 2114 3122 2198 3193; x_wconf 83' lang='lat' dir='ltr'>git</span> <span class='ocrx_word' id='word_1_535' title='bbox 2228 3138 2362 3175; x_wconf 92' lang='lat' dir='ltr'>eum</span> <span class='ocrx_word' id='word_1_536' title='bbox 2394 3121 2695 3191; x_wconf 85' lang='lat' dir='ltr'>Eadgarus</span> <span class='ocrx_word' id='word_1_537' title='bbox 2742 3117 3119 3173; x_wconf 89' lang='lat' dir='ltr'>felicissimus</span> <span class='ocrx_word' id='word_1_538' title='bbox 3147 3115 3466 3187; x_wconf 80' lang='lat' dir='ltr'>Anglorum</span> <span class='ocrx_word' id='word_1_539' title='bbox 3500 3115 3758 3171; x_wconf 86' lang='lat' dir='ltr'>basileus</span> 
     </span>
    </p>
   </div>
   <div class='ocr_carea' id='block_1_79' title="bbox 2113 3205 3759 3281">
    <p class='ocr_par' dir='ltr' id='par_1_79' title="bbox 2113 3205 3759 3281">
     <span class='ocr_line' id='line_1_79' title="bbox 2113 3205 3759 3281; baseline -0.004 -17"><span class='ocrx_word' id='word_1_540' title='bbox 2113 3211 2181 3264; x_wconf 86' lang='lat' dir='ltr'>ad</span> <span class='ocrx_word' id='word_1_541' title='bbox 2218 3210 2620 3281; x_wconf 86' lang='lat' dir='ltr'>episcopatum</span> <span class='ocrx_word' id='word_1_542' title='bbox 2650 3206 3075 3261; x_wconf 83' lang='lat' dir='ltr'>\Vintoniensis</span> <span class='ocrx_word' id='word_1_543' title='bbox 3106 3205 3393 3272; x_wconf 65' lang='lat' dir='ltr'>Ecclesiae,</span> <span class='ocrx_word' id='word_1_544' title='bbox 3445 3210 3759 3275; x_wconf 89' lang='lat' dir='ltr'>antequam</span> 
     </span>
    </p>
   </div>
   <div class='ocr_carea' id='block_1_80' title="bbox 2115 3294 3758 3369">
    <p class='ocr_par' dir='ltr' id='par_1_80' title="bbox 2115 3294 3758 3369">
     <span class='ocr_line' id='line_1_80' title="bbox 2115 3294 3758 3369; baseline -0.005 -14"><span class='ocrx_word' id='word_1_545' title='bbox 2115 3300 2361 3355; x_wconf 86' lang='lat' dir='ltr'>ecclesia</span> <span class='ocrx_word' id='word_1_546' title='bbox 2391 3299 2611 3369; x_wconf 65' lang='lat' dir='ltr'>praafati</span> <span class='ocrx_word' id='word_1_547' title='bbox 2644 3296 2887 3352; x_wconf 75' lang='lat' dir='ltr'>emnebii</span> <span class='ocrx_word' id='word_1_548' title='bbox 2950 3296 3335 3349; x_wconf 89' lang='lat' dir='ltr'>dedicaretur.</span> <span class='ocrx_word' id='word_1_549' title='bbox 3398 3294 3463 3348; x_wconf 78' lang='lat' dir='ltr'>Et</span> <span class='ocrx_word' id='word_1_550' title='bbox 3514 3294 3758 3363; x_wconf 84' lang='lat' dir='ltr'>jubente</span> 
     </span>
    </p>
   </div>
   <div class='ocr_carea' id='block_1_81' title="bbox 2116 3382 3761 3459">
    <p class='ocr_par' dir='ltr' id='par_1_81' title="bbox 2116 3382 3761 3459">
     <span class='ocr_line' id='line_1_81' title="bbox 2116 3382 3761 3459; baseline -0.003 -18"><span class='ocrx_word' id='word_1_551' title='bbox 2116 3405 2271 3459; x_wconf 82' lang='lat' dir='ltr'>rege,</span> <span class='ocrx_word' id='word_1_552' title='bbox 2305 3387 2662 3441; x_wconf 87' lang='lat' dir='ltr'>consecravit</span> <span class='ocrx_word' id='word_1_553' title='bbox 2694 3385 2851 3439; x_wconf 91' lang='lat' dir='ltr'>illam</span> <span class='ocrx_word' id='word_1_554' title='bbox 2894 3385 3236 3439; x_wconf 88' lang='lat' dir='ltr'>Dunstanus</span> <span class='ocrx_word' id='word_1_555' title='bbox 3287 3382 3761 3454; x_wconf 85' lang='lat' dir='ltr'>archiepiscopus</span> 
     </span>
    </p>
   </div>
   <div class='ocr_carea' id='block_1_82' title="bbox 2114 3472 3761 3541">
    <p class='ocr_par' dir='ltr' id='par_1_82' title="bbox 2114 3472 3761 3541">
     <span class='ocr_line' id='line_1_82' title="bbox 2114 3472 3761 3541; baseline -0.005 -9"><span class='ocrx_word' id='word_1_556' title='bbox 2114 3476 2574 3532; x_wconf 85' lang='lat' dir='ltr'>Dorobernensis</span> <span class='ocrx_word' id='word_1_557' title='bbox 2603 3474 2889 3541; x_wconf 40' lang='lat' dir='ltr'>Ecclesiae,</span> <span class='ocrx_word' id='word_1_558' title='bbox 2925 3491 3077 3528; x_wconf 89' lang='lat' dir='ltr'>anno</span> <span class='ocrx_word' id='word_1_559' title='bbox 3132 3473 3445 3527; x_wconf 76' lang='lat' dir='ltr'>Deminicze</span> <span class='ocrx_word' id='word_1_560' title='bbox 3491 3472 3761 3527; x_wconf 79' lang='lat' dir='ltr'>incarna-</span> 
     </span>
    </p>
   </div>
   <div class='ocr_carea' id='block_1_83' title="bbox 2111 3560 3758 3635">
    <p class='ocr_par' dir='ltr' id='par_1_83' title="bbox 2111 3560 3758 3635">
     <span class='ocr_line' id='line_1_83' title="bbox 2111 3560 3758 3635; baseline -0.004 -15"><span class='ocrx_word' id='word_1_561' title='bbox 2111 3566 2292 3620; x_wconf 90' lang='lat' dir='ltr'>tionis</span> <span class='ocrx_word' id='word_1_562' title='bbox 2323 3564 2765 3635; x_wconf 85' lang='lat' dir='ltr'>nongentesime</span> <span class='ocrx_word' id='word_1_563' title='bbox 2798 3563 3160 3634; x_wconf 85' lang='lat' dir='ltr'>sexagesimo</span> <span class='ocrx_word' id='word_1_564' title='bbox 3184 3563 3371 3627; x_wconf 89' lang='lat' dir='ltr'>tertio,</span> <span class='ocrx_word' id='word_1_565' title='bbox 3398 3562 3507 3615; x_wconf 86' lang='lat' dir='ltr'>sub</span> <span class='ocrx_word' id='word_1_566' title='bbox 3531 3560 3624 3615; x_wconf 91' lang='lat' dir='ltr'>die</span> <span class='ocrx_word' id='word_1_567' title='bbox 3646 3565 3758 3614; x_wconf 90' lang='lat' dir='ltr'>ter-</span> 
     </span>
    </p>
   </div>
   <div class='ocr_carea' id='block_1_84' title="bbox 2112 3649 3757 3721">
    <p class='ocr_par' dir='ltr' id='par_1_84' title="bbox 2112 3649 3757 3721">
     <span class='ocr_line' id='line_1_84' title="bbox 2112 3649 3757 3721; baseline -0.003 -15"><span class='ocrx_word' id='word_1_568' title='bbox 2112 3654 2192 3709; x_wconf 89' lang='lat' dir='ltr'>tio</span> <span class='ocrx_word' id='word_1_569' title='bbox 2205 3650 3009 3707; x_wconf 82' lang='lat' dir='ltr'>KalendarumDecembrium</span> <span class='ocrx_word' id='word_1_570' title='bbox 3021 3652 3099 3717; x_wconf 90' lang='lat' dir='ltr'>,in</span> <span class='ocrx_word' id='word_1_571' title='bbox 3113 3649 3505 3721; x_wconf 57' lang='lat' dir='ltr'>vigiliajsancti</span> <span class='ocrx_word' id='word_1_572' title='bbox 3519 3649 3639 3702; x_wconf 87' lang='lat' dir='ltr'>And</span> <span class='ocrx_word' id='word_1_573' title='bbox 3651 3665 3757 3701; x_wconf 67' lang='lat' dir='ltr'>rea:</span> 
     </span>
    </p>
   </div>
   <div class='ocr_carea' id='block_1_85' title="bbox 2113 3736 3763 3813">
    <p class='ocr_par' dir='ltr' id='par_1_85' title="bbox 2113 3736 3763 3813">
     <span class='ocr_line' id='line_1_85' title="bbox 2113 3736 3763 3813; baseline -0.004 -16"><span class='ocrx_word' id='word_1_574' title='bbox 2113 3742 2381 3813; x_wconf 88' lang='lat' dir='ltr'>apostoli,</span> <span class='ocrx_word' id='word_1_575' title='bbox 2417 3760 2544 3813; x_wconf 64' lang='lat' dir='ltr'>qua:</span> <span class='ocrx_word' id='word_1_576' title='bbox 2574 3747 2713 3795; x_wconf 80' lang='lat' dir='ltr'>tunc</span> <span class='ocrx_word' id='word_1_577' title='bbox 2762 3741 3087 3794; x_wconf 87' lang='lat' dir='ltr'>habebatur</span> <span class='ocrx_word' id='word_1_578' title='bbox 3133 3740 3187 3792; x_wconf 92' lang='lat' dir='ltr'>in</span> <span class='ocrx_word' id='word_1_579' title='bbox 3230 3736 3534 3793; x_wconf 89' lang='lat' dir='ltr'>Deminica</span> <span class='ocrx_word' id='word_1_580' title='bbox 3574 3738 3763 3807; x_wconf 85' lang='lat' dir='ltr'>prima</span> 
     </span>
    </p>
   </div>
   <div class='ocr_carea' id='block_1_86' title="bbox 2111 3824 3756 3885">
    <p class='ocr_par' dir='ltr' id='par_1_86' title="bbox 2111 3824 3756 3885">
     <span class='ocr_line' id='line_1_86' title="bbox 2111 3824 3756 3885; baseline -0.005 0"><span class='ocrx_word' id='word_1_581' title='bbox 2111 3833 2408 3885; x_wconf 85' lang='lat' dir='ltr'>Adventus</span> <span class='ocrx_word' id='word_1_582' title='bbox 2431 3829 2659 3884; x_wconf 90' lang='lat' dir='ltr'>Domini</span> <span class='ocrx_word' id='word_1_583' title='bbox 2691 3834 2747 3882; x_wconf 85' lang='lat' dir='ltr'>et</span> <span class='ocrx_word' id='word_1_584' title='bbox 2778 3828 3092 3882; x_wconf 82' lang='lat' dir='ltr'>Salvatoris</span> <span class='ocrx_word' id='word_1_585' title='bbox 3138 3827 3317 3880; x_wconf 91' lang='lat' dir='ltr'>nostri</span> <span class='ocrx_word' id='word_1_586' title='bbox 3350 3826 3488 3881; x_wconf 87' lang='lat' dir='ltr'>Jesu</span> <span class='ocrx_word' id='word_1_587' title='bbox 3522 3824 3756 3879; x_wconf 85' lang='lat' dir='ltr'>Christi.</span> 
     </span>
    </p>
   </div>
   <div class='ocr_carea' id='block_1_87' title="bbox 2112 3912 3754 3979">
    <p class='ocr_par' dir='ltr' id='par_1_87' title="bbox 2112 3912 3754 3979">
     <span class='ocr_line' id='line_1_87' title="bbox 2112 3912 3754 3979; baseline -0.004 -6"><span class='ocrx_word' id='word_1_588' title='bbox 2112 3921 2289 3975; x_wconf 85' lang='lat' dir='ltr'>Erant</span> <span class='ocrx_word' id='word_1_589' title='bbox 2321 3924 2514 3973; x_wconf 89' lang='lat' dir='ltr'>autem</span> <span class='ocrx_word' id='word_1_590' title='bbox 2550 3924 2689 3972; x_wconf 88' lang='lat' dir='ltr'>tunc</span> <span class='ocrx_word' id='word_1_591' title='bbox 2722 3918 2779 3971; x_wconf 89' lang='lat' dir='ltr'>in</span> <span class='ocrx_word' id='word_1_592' title='bbox 2811 3915 2985 3970; x_wconf 88' lang='lat' dir='ltr'>veteri</span> <span class='ocrx_word' id='word_1_593' title='bbox 3020 3914 3391 3979; x_wconf 89' lang='lat' dir='ltr'>monasterio,</span> <span class='ocrx_word' id='word_1_594' title='bbox 3434 3914 3535 3967; x_wconf 87' lang='lat' dir='ltr'>ubi</span> <span class='ocrx_word' id='word_1_595' title='bbox 3562 3912 3754 3967; x_wconf 84' lang='lat' dir='ltr'>cathe-</span> 
     </span>
    </p>
   </div>
   <div class='ocr_carea' id='block_1_88' title="bbox 2111 4002 3752 4080">
    <p class='ocr_par' dir='ltr' id='par_1_88' title="bbox 2111 4002 3752 4080">
     <span class='ocr_line' id='line_1_88' title="bbox 2111 4002 3752 4080; baseline -0.004 -18"><span class='ocrx_word' id='word_1_596' title='bbox 2111 4010 2218 4062; x_wconf 88' lang='lat' dir='ltr'>dra</span> <span class='ocrx_word' id='word_1_597' title='bbox 2250 4006 2603 4080; x_wconf 80' lang='lat' dir='ltr'>pontificalis</span> <span class='ocrx_word' id='word_1_598' title='bbox 2625 4006 2891 4072; x_wconf 88' lang='lat' dir='ltr'>habetur,</span> <span class='ocrx_word' id='word_1_599' title='bbox 2916 4002 3179 4058; x_wconf 88' lang='lat' dir='ltr'>canonici</span> <span class='ocrx_word' id='word_1_600' title='bbox 3203 4003 3437 4057; x_wconf 88' lang='lat' dir='ltr'>nefandi</span> <span class='ocrx_word' id='word_1_601' title='bbox 3471 4002 3752 4057; x_wconf 85' lang='lat' dir='ltr'>scelerum</span> 
     </span>
    </p>
   </div>
   <div class='ocr_carea' id='block_1_89' title="bbox 2112 4091 3756 4166">
    <p class='ocr_par' dir='ltr' id='par_1_89' title="bbox 2112 4091 3756 4166">
     <span class='ocr_line' id='line_1_89' title="bbox 2112 4091 3756 4166; baseline -0.002 -16"><span class='ocrx_word' id='word_1_602' title='bbox 2112 4097 2379 4151; x_wconf 72' lang='lat' dir='ltr'>moribus</span> <span class='ocrx_word' id='word_1_603' title='bbox 2438 4095 2741 4166; x_wconf 89' lang='lat' dir='ltr'>implicati,</span> <span class='ocrx_word' id='word_1_604' title='bbox 2798 4093 3044 4148; x_wconf 90' lang='lat' dir='ltr'>elatione</span> <span class='ocrx_word' id='word_1_605' title='bbox 3107 4096 3165 4146; x_wconf 90' lang='lat' dir='ltr'>et</span> <span class='ocrx_word' id='word_1_606' title='bbox 3220 4091 3532 4147; x_wconf 87' lang='lat' dir='ltr'>insolentia</span> <span class='ocrx_word' id='word_1_607' title='bbox 3581 4097 3756 4164; x_wconf 86' lang='lat' dir='ltr'>atque</span> 
     </span>
    </p>
   </div>
   <div class='ocr_carea' id='block_1_90' title="bbox 2112 4180 3757 4257">
    <p class='ocr_par' dir='ltr' id='par_1_90' title="bbox 2112 4180 3757 4257">
     <span class='ocr_line' id='line_1_90' title="bbox 2112 4180 3757 4257; baseline -0.003 -18"><span class='ocrx_word' id='word_1_608' title='bbox 2112 4185 2343 4241; x_wconf 83' lang='lat' dir='ltr'>luxuria</span> <span class='ocrx_word' id='word_1_609' title='bbox 2364 4184 2658 4257; x_wconf 60' lang='lat' dir='ltr'>praeventi,</span> <span class='ocrx_word' id='word_1_610' title='bbox 2684 4184 2827 4238; x_wconf 90' lang='lat' dir='ltr'>adeo</span> <span class='ocrx_word' id='word_1_611' title='bbox 2862 4186 2924 4236; x_wconf 71' lang='lat' dir='ltr'>ut.</span> <span class='ocrx_word' id='word_1_612' title='bbox 2951 4180 3216 4236; x_wconf 89' lang='lat' dir='ltr'>nonnulli</span> <span class='ocrx_word' id='word_1_613' title='bbox 3248 4197 3447 4236; x_wconf 91' lang='lat' dir='ltr'>eorum</span> <span class='ocrx_word' id='word_1_614' title='bbox 3480 4181 3757 4252; x_wconf 76' lang='lat' dir='ltr'>dedigna-</span> 
     </span>
    </p>
   </div>
   <div class='ocr_carea' id='block_1_91' title="bbox 2114 4270 3758 4340">
    <p class='ocr_par' dir='ltr' id='par_1_91' title="bbox 2114 4270 3758 4340">
     <span class='ocr_line' id='line_1_91' title="bbox 2114 4270 3758 4340; baseline -0.005 -9"><span class='ocrx_word' id='word_1_615' title='bbox 2114 4281 2314 4331; x_wconf 83' lang='lat' dir='ltr'>rentur</span> <span class='ocrx_word' id='word_1_616' title='bbox 2346 4274 2560 4328; x_wconf 80' lang='lat' dir='ltr'>missas</span> <span class='ocrx_word' id='word_1_617' title='bbox 2610 4290 2716 4327; x_wconf 88' lang='lat' dir='ltr'>suo</span> <span class='ocrx_word' id='word_1_618' title='bbox 2763 4271 2963 4326; x_wconf 90' lang='lat' dir='ltr'>ordine</span> <span class='ocrx_word' id='word_1_619' title='bbox 3020 4270 3331 4334; x_wconf 86' lang='lat' dir='ltr'>celebrare,</span> <span class='ocrx_word' id='word_1_620' title='bbox 3383 4270 3758 4340; x_wconf 86' lang='lat' dir='ltr'>repudiantes</span> 
     </span>
    </p>
   </div>
   <div class='ocr_carea' id='block_1_92' title="bbox 2114 4357 3755 4434">
    <p class='ocr_par' dir='ltr' id='par_1_92' title="bbox 2114 4357 3755 4434">
     <span class='ocr_line' id='line_1_92' title="bbox 2114 4357 3755 4434; baseline -0.005 -15"><span class='ocrx_word' id='word_1_621' title='bbox 2114 4382 2322 4419; x_wconf 83' lang='lat' dir='ltr'>uxores</span> <span class='ocrx_word' id='word_1_622' title='bbox 2353 4380 2499 4434; x_wconf 81' lang='lat' dir='ltr'>quas</span> <span class='ocrx_word' id='word_1_623' title='bbox 2534 4362 2730 4416; x_wconf 80' lang='lat' dir='ltr'>illicite</span> <span class='ocrx_word' id='word_1_624' title='bbox 2763 4361 3067 4425; x_wconf 85' lang='lat' dir='ltr'>duxerant,</span> <span class='ocrx_word' id='word_1_625' title='bbox 3107 4364 3161 4413; x_wconf 88' lang='lat' dir='ltr'>et</span> <span class='ocrx_word' id='word_1_626' title='bbox 3211 4357 3356 4413; x_wconf 88' lang='lat' dir='ltr'>alias</span> <span class='ocrx_word' id='word_1_627' title='bbox 3387 4357 3755 4429; x_wconf 87' lang='lat' dir='ltr'>accipientes,</span> 
     </span>
    </p>
   </div>
   <div class='ocr_carea' id='block_1_93' title="bbox 2112 4446 3757 4526">
    <p class='ocr_par' dir='ltr' id='par_1_93' title="bbox 2112 4446 3757 4526">
     <span class='ocr_line' id='line_1_93' title="bbox 2112 4446 3757 4526; baseline -0.005 -18"><span class='ocrx_word' id='word_1_628' title='bbox 2112 4454 2260 4526; x_wconf 69' lang='lat' dir='ltr'>gulm</span> <span class='ocrx_word' id='word_1_629' title='bbox 2295 4460 2350 4507; x_wconf 90' lang='lat' dir='ltr'>et</span> <span class='ocrx_word' id='word_1_630' title='bbox 2388 4451 2885 4521; x_wconf 83' lang='lat' dir='ltr'>ebrietatijugiter</span> <span class='ocrx_word' id='word_1_631' title='bbox 2904 4448 3105 4503; x_wconf 90' lang='lat' dir='ltr'>dediti.</span> <span class='ocrx_word' id='word_1_632' title='bbox 3128 4448 3287 4512; x_wconf 86' lang='lat' dir='ltr'>Quod</span> <span class='ocrx_word' id='word_1_633' title='bbox 3311 4446 3554 4501; x_wconf 90' lang='lat' dir='ltr'>minime</span> <span class='ocrx_word' id='word_1_634' title='bbox 3570 4447 3757 4500; x_wconf 89' lang='lat' dir='ltr'>ferens</span> 
     </span>
    </p>
   </div>
   <div class='ocr_carea' id='block_1_94' title="bbox 354 4535 3757 4620">
    <p class='ocr_par' dir='ltr' id='par_1_94' title="bbox 354 4535 3757 4620">
     <span class='ocr_line' id='line_1_94' title="bbox 354 4535 3757 4620; baseline -0.001 -28"><span class='ocrx_word' id='word_1_635' title='bbox 354 4540 690 4594; x_wconf 74' lang='lat' dir='ltr'>monastith</span> <span class='ocrx_word' id='word_1_636' title='bbox 706 4538 1003 4610; x_wconf 87' lang='lat' dir='ltr'>religionis</span> <span class='ocrx_word' id='word_1_637' title='bbox 1021 4545 1277 4607; x_wconf 89' lang='lat' dir='ltr'>secutus,</span> <span class='ocrx_word' id='word_1_638' title='bbox 1303 4545 1359 4594; x_wconf 89' lang='lat' dir='ltr'>et</span> <span class='ocrx_word' id='word_1_639' title='bbox 1381 4556 1497 4594; x_wconf 89' lang='lat' dir='ltr'>una</span> <span class='ocrx_word' id='word_1_640' title='bbox 1520 4557 1655 4594; x_wconf 90' lang='lat' dir='ltr'>cum</span> <span class='ocrx_word' id='word_1_641' title='bbox 1678 4540 1789 4595; x_wconf 90' lang='lat' dir='ltr'>sibi</span> <span class='ocrx_word' id='word_1_642' title='bbox 1813 4542 2003 4613; x_wconf 87' lang='lat' dir='ltr'>subje-</span> <span class='ocrx_word' id='word_1_643' title='bbox 2033 4556 2081 4620; x_wconf 78' lang='grc' dir='ltr'>Ι)</span> <span class='ocrx_word' id='word_1_644' title='bbox 2114 4548 2351 4599; x_wconf 83' lang='lat' dir='ltr'>sanctus</span> <span class='ocrx_word' id='word_1_645' title='bbox 2380 4542 2468 4596; x_wconf 89' lang='lat' dir='ltr'>vir</span> <span class='ocrx_word' id='word_1_646' title='bbox 2497 4540 2891 4604; x_wconf 72' lang='lat' dir='ltr'>Adelweldus,</span> <span class='ocrx_word' id='word_1_647' title='bbox 2924 4539 3061 4591; x_wconf 89' lang='lat' dir='ltr'>data</span> <span class='ocrx_word' id='word_1_648' title='bbox 3100 4535 3332 4590; x_wconf 87' lang='lat' dir='ltr'>licentia</span> <span class='ocrx_word' id='word_1_649' title='bbox 3362 4553 3394 4589; x_wconf 88' lang='lat' dir='ltr'>a</span> <span class='ocrx_word' id='word_1_650' title='bbox 3434 4551 3564 4605; x_wconf 88' lang='lat' dir='ltr'>rege</span> <span class='ocrx_word' id='word_1_651' title='bbox 3612 4536 3757 4588; x_wconf 79' lang='lat' dir='ltr'>Ead-</span> 
     </span>
    </p>
   </div>
   <div class='ocr_carea' id='block_1_95' title="bbox 355 4627 1999 4701">
    <p class='ocr_par' dir='ltr' id='par_1_95' title="bbox 355 4627 1999 4701">
     <span class='ocr_line' id='line_1_95' title="bbox 355 4627 1999 4701; baseline 0.003 -20"><span class='ocrx_word' id='word_1_652' title='bbox 355 4628 895 4699; x_wconf 77' lang='lat' dir='ltr'>ctisdeviaquueqne</span> <span class='ocrx_word' id='word_1_653' title='bbox 909 4627 1229 4695; x_wconf 88' lang='lat' dir='ltr'>declinans,</span> <span class='ocrx_word' id='word_1_654' title='bbox 1245 4645 1478 4701; x_wconf 88' lang='lat' dir='ltr'>gregem</span> <span class='ocrx_word' id='word_1_655' title='bbox 1492 4629 1602 4684; x_wconf 91' lang='lat' dir='ltr'>sibi</span> <span class='ocrx_word' id='word_1_656' title='bbox 1616 4630 1999 4686; x_wconf 89' lang='lat' dir='ltr'>commissum</span> 
     </span>
    </p>
   </div>
   <div class='ocr_carea' id='block_1_96' title="bbox 356 4716 1999 4790">
    <p class='ocr_par' dir='ltr' id='par_1_96' title="bbox 356 4716 1999 4790">
     <span class='ocr_line' id='line_1_96' title="bbox 356 4716 1999 4790; baseline 0.002 -21"><span class='ocrx_word' id='word_1_657' title='bbox 356 4717 425 4769; x_wconf 87' lang='lat' dir='ltr'>ad</span> <span class='ocrx_word' id='word_1_658' title='bbox 460 4716 810 4787; x_wconf 87' lang='lat' dir='ltr'>promissam</span> <span class='ocrx_word' id='word_1_659' title='bbox 842 4716 1092 4771; x_wconf 72' lang='lat' dir='ltr'>ccelestis</span> <span class='ocrx_word' id='word_1_660' title='bbox 1125 4717 1285 4788; x_wconf 88' lang='lat' dir='ltr'>regni</span> <span class='ocrx_word' id='word_1_661' title='bbox 1339 4718 1587 4788; x_wconf 88' lang='lat' dir='ltr'>patriam</span> <span class='ocrx_word' id='word_1_662' title='bbox 1637 4720 1999 4790; x_wconf 89' lang='lat' dir='ltr'>perduceret.</span> 
     </span>
    </p>
   </div>
   <div class='ocr_carea' id='block_1_97' title="bbox 359 4805 2003 4877">
    <p class='ocr_par' dir='ltr' id='par_1_97' title="bbox 359 4805 2003 4877">
     <span class='ocr_line' id='line_1_97' title="bbox 359 4805 2003 4877; baseline 0.002 -18"><span class='ocrx_word' id='word_1_663' title='bbox 359 4806 421 4859; x_wconf 87' lang='lat' dir='ltr'>1r.</span> <span class='ocrx_word' id='word_1_664' title='bbox 455 4821 572 4876; x_wconf 89' lang='lat' dir='ltr'>qua</span> <span class='ocrx_word' id='word_1_665' title='bbox 602 4806 1046 4877; x_wconf 83' lang='lat' dir='ltr'>congregatione</span> <span class='ocrx_word' id='word_1_666' title='bbox 1076 4810 1200 4859; x_wconf 90' lang='lat' dir='ltr'>erat</span> <span class='ocrx_word' id='word_1_667' title='bbox 1228 4805 1468 4877; x_wconf 88' lang='lat' dir='ltr'>quidam</span> <span class='ocrx_word' id='word_1_668' title='bbox 1499 4807 1677 4861; x_wconf 86' lang='lat' dir='ltr'>frater</span> <span class='ocrx_word' id='word_1_669' title='bbox 1704 4806 2003 4863; x_wconf 84' lang='lat' dir='ltr'>Elfstanus</span> 
     </span>
    </p>
   </div>
   <div class='ocr_carea' id='block_1_98' title="bbox 361 4887 1999 4968">
    <p class='ocr_par' dir='ltr' id='par_1_98' title="bbox 361 4887 1999 4968">
     <span class='ocr_line' id='line_1_98' title="bbox 361 4887 1999 4968; baseline 0.003 -21"><span class='ocrx_word' id='word_1_670' title='bbox 361 4887 614 4959; x_wconf 64' lang='lat' dir='ltr'>nomine,</span> <span class='ocrx_word' id='word_1_671' title='bbox 650 4893 898 4965; x_wconf 82' lang='lat' dir='ltr'>simplex</span> <span class='ocrx_word' id='word_1_672' title='bbox 945 4899 1001 4947; x_wconf 88' lang='lat' dir='ltr'>et</span> <span class='ocrx_word' id='word_1_673' title='bbox 1052 4909 1277 4965; x_wconf 52' lang='lat' dir='ltr'>magna</span> <span class='ocrx_word' id='word_1_674' title='bbox 1318 4894 1657 4950; x_wconf 72' lang='lat' dir='ltr'>obedientia:</span> <span class='ocrx_word' id='word_1_675' title='bbox 1684 4896 1791 4964; x_wconf 88' lang='lat' dir='ltr'>vir,</span> <span class='ocrx_word' id='word_1_676' title='bbox 1827 4914 1999 4968; x_wconf 89' lang='lat' dir='ltr'>quem</span> 
     </span>
    </p>
   </div>
   <div class='ocr_carea' id='block_1_99' title="bbox 358 4982 2000 5054">
    <p class='ocr_par' dir='ltr' id='par_1_99' title="bbox 358 4982 2000 5054">
     <span class='ocr_line' id='line_1_99' title="bbox 358 4982 2000 5054; baseline 0.003 -19"><span class='ocrx_word' id='word_1_677' title='bbox 358 4982 540 5036; x_wconf 86' lang='lat' dir='ltr'>abbas</span> <span class='ocrx_word' id='word_1_678' title='bbox 554 4983 737 5051; x_wconf 88' lang='lat' dir='ltr'>jussit</span> <span class='ocrx_word' id='word_1_679' title='bbox 759 4984 1069 5054; x_wconf 59' lang='lat' dir='ltr'>prawidere</span> <span class='ocrx_word' id='word_1_680' title='bbox 1091 4982 1311 5037; x_wconf 89' lang='lat' dir='ltr'>cibaria</span> <span class='ocrx_word' id='word_1_681' title='bbox 1336 4984 1627 5040; x_wconf 86' lang='lat' dir='ltr'>artificum</span> <span class='ocrx_word' id='word_1_682' title='bbox 1640 4987 2000 5053; x_wconf 89' lang='lat' dir='ltr'>monasterii,</span> 
     </span>
    </p>
   </div>
   <div class='ocr_carea' id='block_1_100' title="bbox 359 5070 2005 5144">
    <p class='ocr_par' dir='ltr' id='par_1_100' title="bbox 359 5070 2005 5144">
     <span class='ocr_line' id='line_1_100' title="bbox 359 5070 2005 5144; baseline 0.004 -20"><span class='ocrx_word' id='word_1_683' title='bbox 359 5072 452 5124; x_wconf 92' lang='lat' dir='ltr'>cui</span> <span class='ocrx_word' id='word_1_684' title='bbox 477 5070 708 5125; x_wconf 87' lang='lat' dir='ltr'>servitio</span> <span class='ocrx_word' id='word_1_685' title='bbox 732 5073 854 5142; x_wconf 89' lang='lat' dir='ltr'>ipse</span> <span class='ocrx_word' id='word_1_686' title='bbox 874 5071 1248 5127; x_wconf 87' lang='lat' dir='ltr'>devotissime</span> <span class='ocrx_word' id='word_1_687' title='bbox 1270 5090 1330 5127; x_wconf 90' lang='lat' dir='ltr'>se</span> <span class='ocrx_word' id='word_1_688' title='bbox 1343 5074 1622 5144; x_wconf 88' lang='lat' dir='ltr'>subdens,</span> <span class='ocrx_word' id='word_1_689' title='bbox 1638 5075 2005 5131; x_wconf 79' lang='lat' dir='ltr'>coxitcarnes</span> 
     </span>
    </p>
   </div>
   <div class='ocr_carea' id='block_1_101' title="bbox 360 5160 2004 5232">
    <p class='ocr_par' dir='ltr' id='par_1_101' title="bbox 360 5160 2004 5232">
     <span class='ocr_line' id='line_1_101' title="bbox 360 5160 2004 5232; baseline 0.004 -19"><span class='ocrx_word' id='word_1_690' title='bbox 360 5160 643 5230; x_wconf 78' lang='lat' dir='ltr'>quotidie,</span> <span class='ocrx_word' id='word_1_691' title='bbox 678 5167 733 5214; x_wconf 82' lang='lat' dir='ltr'>et</span> <span class='ocrx_word' id='word_1_692' title='bbox 782 5162 1063 5232; x_wconf 86' lang='lat' dir='ltr'>operariis</span> <span class='ocrx_word' id='word_1_693' title='bbox 1112 5162 1353 5217; x_wconf 89' lang='lat' dir='ltr'>sedulus</span> <span class='ocrx_word' id='word_1_694' title='bbox 1385 5164 1777 5231; x_wconf 88' lang='lat' dir='ltr'>ministrabat,</span> <span class='ocrx_word' id='word_1_695' title='bbox 1810 5165 2004 5219; x_wconf 85' lang='lat' dir='ltr'>focum</span> 
     </span>
    </p>
   </div>
   <div class='ocr_carea' id='block_1_102' title="bbox 361 5249 2008 5325">
    <p class='ocr_par' dir='ltr' id='par_1_102' title="bbox 361 5249 2008 5325">
     <span class='ocr_line' id='line_1_102' title="bbox 361 5249 2008 5325; baseline 0.004 -23"><span class='ocrx_word' id='word_1_696' title='bbox 361 5249 709 5312; x_wconf 87' lang='lat' dir='ltr'>accendens,</span> <span class='ocrx_word' id='word_1_697' title='bbox 724 5256 779 5304; x_wconf 91' lang='lat' dir='ltr'>et</span> <span class='ocrx_word' id='word_1_698' title='bbox 796 5267 1010 5321; x_wconf 86' lang='lat' dir='ltr'>aquam</span> <span class='ocrx_word' id='word_1_699' title='bbox 1031 5256 1369 5323; x_wconf 88' lang='lat' dir='ltr'>apportans,</span> <span class='ocrx_word' id='word_1_700' title='bbox 1385 5258 1440 5306; x_wconf 89' lang='lat' dir='ltr'>et</span> <span class='ocrx_word' id='word_1_701' title='bbox 1452 5270 1587 5307; x_wconf 88' lang='lat' dir='ltr'>vasa</span> <span class='ocrx_word' id='word_1_702' title='bbox 1600 5254 1788 5308; x_wconf 91' lang='lat' dir='ltr'>denuo</span> <span class='ocrx_word' id='word_1_703' title='bbox 1803 5259 2008 5325; x_wconf 91' lang='lat' dir='ltr'>sponte</span> 
     </span>
    </p>
   </div>
   <div class='ocr_carea' id='block_1_103' title="bbox 363 5338 2009 5405">
    <p class='ocr_par' dir='ltr' id='par_1_103' title="bbox 363 5338 2009 5405">
     <span class='ocr_line' id='line_1_103' title="bbox 363 5338 2009 5405; baseline 0.004 -15"><span class='ocrx_word' id='word_1_704' title='bbox 363 5338 716 5405; x_wconf 84' lang='lat' dir='ltr'>emundans,</span> <span class='ocrx_word' id='word_1_705' title='bbox 741 5339 1107 5394; x_wconf 81' lang='lat' dir='ltr'>existimante</span> <span class='ocrx_word' id='word_1_706' title='bbox 1125 5340 1332 5395; x_wconf 90' lang='lat' dir='ltr'>abbate</span> <span class='ocrx_word' id='word_1_707' title='bbox 1346 5340 1453 5395; x_wconf 89' lang='lat' dir='ltr'>hoc</span> <span class='ocrx_word' id='word_1_708' title='bbox 1480 5340 1641 5395; x_wconf 87' lang='lat' dir='ltr'>illum</span> <span class='ocrx_word' id='word_1_709' title='bbox 1655 5357 1790 5396; x_wconf 89' lang='lat' dir='ltr'>cum</span> <span class='ocrx_word' id='word_1_710' title='bbox 1805 5341 2009 5397; x_wconf 89' lang='lat' dir='ltr'>solatio</span> 
     </span>
    </p>
   </div>
   <div class='ocr_carea' id='block_1_104' title="bbox 440 5463 2012 5543">
    <p class='ocr_par' dir='ltr' id='par_1_104' title="bbox 440 5463 2012 5543">
     <span class='ocr_line' id='line_1_104' title="bbox 440 5463 2012 5543; baseline 0.001 -24"><span class='ocrx_word' id='word_1_711' title='bbox 440 5464 560 5543; x_wconf 25' lang='grc' dir='ltr'>(ίῳ),</span> <span class='ocrx_word' id='word_1_712' title='bbox 608 5463 842 5543; x_wconf 40' lang='lat' dir='ltr'>Eadem.</span> <span class='ocrx_word' id='word_1_713' title='bbox 876 5463 1116 5543; x_wconf 73' lang='lat' dir='ltr'>tetidem</span> <span class='ocrx_word' id='word_1_714' title='bbox 1172 5465 1364 5543; x_wconf 80' lang='lat' dir='ltr'>verbis</span> <span class='ocrx_word' id='word_1_715' title='bbox 1390 5482 1565 5543; x_wconf 51' lang='lat' dir='ltr'>,mnec</span> <span class='ocrx_word' id='word_1_716' title='bbox 1614 5465 1805 5543; x_wconf 79' lang='lat' dir='ltr'>pl_ura_</span> <span class='ocrx_word' id='word_1_717' title='bbox 1841 5469 2012 5543; x_wconf 85' lang='lat' dir='ltr'>refert</span> 
     </span>
    </p>
   </div>
   <div class='ocr_carea' id='block_1_105' title="bbox 365 5533 2011 5593">
    <p class='ocr_par' dir='ltr' id='par_1_105' title="bbox 365 5533 2011 5593">
     <span class='ocr_line' id='line_1_105' title="bbox 365 5533 2011 5593; baseline 0.004 -7"><span class='ocrx_word' id='word_1_718' title='bbox 365 5533 701 5588; x_wconf 76' lang='lat' dir='ltr'>\Villelmus</span> <span class='ocrx_word' id='word_1_719' title='bbox 735 5534 1274 5591; x_wconf 81' lang='lat' dir='ltr'>Malmesburiensis</span> <span class='ocrx_word' id='word_1_720' title='bbox 1304 5538 1361 5591; x_wconf 88' lang='lat' dir='ltr'>in</span> <span class='ocrx_word' id='word_1_721' title='bbox 1397 5537 1494 5593; x_wconf 91' lang='lat' dir='ltr'>lib.</span> <span class='ocrx_word' id='word_1_722' title='bbox 1549 5554 1586 5590; x_wconf 83' lang='lat' dir='ltr'>II</span> <span class='ocrx_word' id='word_1_723' title='bbox 1614 5533 1717 5591; x_wconf 48' lang='lat' dir='ltr'>_de</span> <span class='ocrx_word' id='word_1_724' title='bbox 1771 5537 2011 5592; x_wconf 78' lang='lat' dir='ltr'>Pontiﬁ-</span> 
     </span>
    </p>
   </div>
   <div class='ocr_carea' id='block_1_106' title="bbox 367 5605 1155 5680">
    <p class='ocr_par' dir='ltr' id='par_1_106' title="bbox 367 5605 1155 5680">
     <span class='ocr_line' id='line_1_106' title="bbox 367 5605 1155 5680; baseline 0.004 -22"><span class='ocrx_word' id='word_1_725' title='bbox 367 5605 537 5659; x_wconf 91' lang='lat' dir='ltr'>cibus</span> <span class='ocrx_word' id='word_1_726' title='bbox 568 5606 907 5680; x_wconf 85' lang='lat' dir='ltr'>Anglorum.</span> <span class='ocrx_word' id='word_1_727' title='bbox 944 5624 1069 5678; x_wconf 89' lang='lat' dir='ltr'>cap.</span> <span class='ocrx_word' id='word_1_728' title='bbox 1104 5608 1155 5661; x_wconf 78' lang='grc'>4.</span> 
     </span>
    </p>
   </div>
   <div class='ocr_carea' id='block_1_107' title="bbox 2113 4623 3757 4702">
    <p class='ocr_par' dir='ltr' id='par_1_107' title="bbox 2113 4623 3757 4702">
     <span class='ocr_line' id='line_1_107' title="bbox 2113 4623 3757 4702; baseline -0.004 -18"><span class='ocrx_word' id='word_1_729' title='bbox 2113 4651 2272 4702; x_wconf 74' lang='lat' dir='ltr'>garo,</span> <span class='ocrx_word' id='word_1_730' title='bbox 2307 4630 2526 4702; x_wconf 86' lang='lat' dir='ltr'>expulit</span> <span class='ocrx_word' id='word_1_731' title='bbox 2555 4629 2837 4682; x_wconf 87' lang='lat' dir='ltr'>citissime</span> <span class='ocrx_word' id='word_1_732' title='bbox 2860 4626 3234 4679; x_wconf 80' lang='lat' dir='ltr'>detestandes</span> <span class='ocrx_word' id='word_1_733' title='bbox 3260 4623 3757 4694; x_wconf 86' lang='lat' dir='ltr'>blasphematores</span> 
     </span>
    </p>
   </div>
   <div class='ocr_carea' id='block_1_108' title="bbox 2114 4712 3755 4783">
    <p class='ocr_par' dir='ltr' id='par_1_108' title="bbox 2114 4712 3755 4783">
     <span class='ocr_line' id='line_1_108' title="bbox 2114 4712 3755 4783; baseline -0.005 -9"><span class='ocrx_word' id='word_1_734' title='bbox 2114 4722 2211 4775; x_wconf 87' lang='lat' dir='ltr'>Dei</span> <span class='ocrx_word' id='word_1_735' title='bbox 2246 4722 2315 4773; x_wconf 89' lang='lat' dir='ltr'>de</span> <span class='ocrx_word' id='word_1_736' title='bbox 2366 4716 2742 4783; x_wconf 86' lang='lat' dir='ltr'>monasterio;</span> <span class='ocrx_word' id='word_1_737' title='bbox 2787 4721 2843 4769; x_wconf 86' lang='lat' dir='ltr'>et</span> <span class='ocrx_word' id='word_1_738' title='bbox 2872 4715 3171 4768; x_wconf 85' lang='lat' dir='ltr'>adducens</span> <span class='ocrx_word' id='word_1_739' title='bbox 3199 4712 3518 4766; x_wconf 90' lang='lat' dir='ltr'>monachos</span> <span class='ocrx_word' id='word_1_740' title='bbox 3544 4713 3614 4765; x_wconf 94' lang='lat' dir='ltr'>de</span> <span class='ocrx_word' id='word_1_741' title='bbox 3644 4712 3755 4765; x_wconf 81' lang='lat' dir='ltr'>Ab-</span> 
     </span>
    </p>
   </div>
   <div class='ocr_carea' id='block_1_109' title="bbox 2113 4799 3754 4874">
    <p class='ocr_par' dir='ltr' id='par_1_109' title="bbox 2113 4799 3754 4874">
     <span class='ocr_line' id='line_1_109' title="bbox 2113 4799 3754 4874; baseline -0.007 -10"><span class='ocrx_word' id='word_1_742' title='bbox 2113 4808 2406 4864; x_wconf 86' lang='lat' dir='ltr'>bandonia</span> <span class='ocrx_word' id='word_1_743' title='bbox 2438 4808 2643 4862; x_wconf 85' lang='lat' dir='ltr'>locavit</span> <span class='ocrx_word' id='word_1_744' title='bbox 2674 4805 2810 4871; x_wconf 88' lang='lat' dir='ltr'>illic,</span> <span class='ocrx_word' id='word_1_745' title='bbox 2837 4805 3051 4874; x_wconf 88' lang='lat' dir='ltr'>quibus</span> <span class='ocrx_word' id='word_1_746' title='bbox 3082 4802 3205 4873; x_wconf 91' lang='lat' dir='ltr'>ipse</span> <span class='ocrx_word' id='word_1_747' title='bbox 3236 4800 3419 4855; x_wconf 88' lang='lat' dir='ltr'>abbas</span> <span class='ocrx_word' id='word_1_748' title='bbox 3445 4805 3500 4853; x_wconf 82' lang='lat' dir='ltr'>et</span> <span class='ocrx_word' id='word_1_749' title='bbox 3531 4799 3754 4869; x_wconf 84' lang='lat' dir='ltr'>episce-</span> 
     </span>
    </p>
   </div>
   <div class='ocr_carea' id='block_1_110' title="bbox 2116 4892 2963 4971">
    <p class='ocr_par' dir='ltr' id='par_1_110' title="bbox 2116 4892 2963 4971">
     <span class='ocr_line' id='line_1_110' title="bbox 2116 4892 2963 4971; baseline -0.006 -18"><span class='ocrx_word' id='word_1_750' title='bbox 2116 4916 2224 4971; x_wconf 92' lang='lat' dir='ltr'>pus</span> <span class='ocrx_word' id='word_1_751' title='bbox 2255 4898 2492 4952; x_wconf 87' lang='lat' dir='ltr'>exstitit.</span> <span class='ocrx_word' id='word_1_752' title='bbox 2958 4892 2963 4895; x_wconf 21' lang='grc' dir='ltr'><strong>Α</strong></span> 
     </span>
    </p>
   </div>
   <div class='ocr_carea' id='block_1_111' title="bbox 2187 4977 3757 5048">
    <p class='ocr_par' dir='ltr' id='par_1_111' title="bbox 2187 4977 3757 5048">
     <span class='ocr_line' id='line_1_111' title="bbox 2187 4977 3757 5048; baseline -0.007 -7"><span class='ocrx_word' id='word_1_753' title='bbox 2187 4988 2320 5041; x_wconf 75' lang='lat' dir='ltr'>CAP.</span> <span class='ocrx_word' id='word_1_754' title='bbox 2344 4982 3026 5040; x_wconf 84' lang='lat' dir='ltr'>XVll.—-Acciditautem</span> <span class='ocrx_word' id='word_1_755' title='bbox 3043 4979 3296 5033; x_wconf 88' lang='lat' dir='ltr'>Sabbato</span> <span class='ocrx_word' id='word_1_756' title='bbox 3320 4977 3375 5030; x_wconf 89' lang='lat' dir='ltr'>in</span> <span class='ocrx_word' id='word_1_757' title='bbox 3399 4977 3586 5048; x_wconf 85' lang='lat' dir='ltr'>capite</span> <span class='ocrx_word' id='word_1_758' title='bbox 3609 4978 3757 5041; x_wconf 81' lang='lat' dir='ltr'>Qua-</span> 
     </span>
    </p>
   </div>
   <div class='ocr_carea' id='block_1_112' title="bbox 2116 5065 3758 5147">
    <p class='ocr_par' dir='ltr' id='par_1_112' title="bbox 2116 5065 3758 5147">
     <span class='ocr_line' id='line_1_112' title="bbox 2116 5065 3758 5147; baseline -0.007 -16"><span class='ocrx_word' id='word_1_759' title='bbox 2116 5076 2458 5147; x_wconf 72' lang='lat' dir='ltr'>dragesimze</span> <span class='ocrx_word' id='word_1_760' title='bbox 2483 5075 2524 5144; x_wconf 44' lang='lat' dir='ltr'>tl</span> <span class='ocrx_word' id='word_1_761' title='bbox 2544 5075 2611 5141; x_wconf 65' lang='lat' dir='ltr'>l),</span> <span class='ocrx_word' id='word_1_762' title='bbox 2638 5073 2777 5124; x_wconf 90' lang='lat' dir='ltr'>dum</span> <span class='ocrx_word' id='word_1_763' title='bbox 2800 5068 3070 5123; x_wconf 88' lang='lat' dir='ltr'>monachi</span> <span class='ocrx_word' id='word_1_764' title='bbox 3093 5065 3390 5120; x_wconf 89' lang='lat' dir='ltr'>venientes</span> <span class='ocrx_word' id='word_1_765' title='bbox 3421 5066 3491 5120; x_wconf 91' lang='lat' dir='ltr'>de</span> <span class='ocrx_word' id='word_1_766' title='bbox 3521 5066 3758 5120; x_wconf 76' lang='lat' dir='ltr'>Abbati-</span> 
     </span>
    </p>
   </div>
   <div class='ocr_carea' id='block_1_113' title="bbox 2118 5154 3758 5231">
    <p class='ocr_par' dir='ltr' id='par_1_113' title="bbox 2118 5154 3758 5231">
     <span class='ocr_line' id='line_1_113' title="bbox 2118 5154 3758 5231; baseline -0.007 -12"><span class='ocrx_word' id='word_1_767' title='bbox 2118 5165 2291 5219; x_wconf 88' lang='lat' dir='ltr'>denia</span> <span class='ocrx_word' id='word_1_768' title='bbox 2304 5167 2523 5218; x_wconf 83' lang='lat' dir='ltr'>starent</span> <span class='ocrx_word' id='word_1_769' title='bbox 2547 5162 2617 5214; x_wconf 87' lang='lat' dir='ltr'>ad</span> <span class='ocrx_word' id='word_1_770' title='bbox 2638 5161 2969 5231; x_wconf 84' lang='lat' dir='ltr'>ingressum</span> <span class='ocrx_word' id='word_1_771' title='bbox 2983 5154 3504 5222; x_wconf 68' lang='lat' dir='ltr'>ecclcsize,clericos</span> <span class='ocrx_word' id='word_1_772' title='bbox 3515 5155 3758 5210; x_wconf 88' lang='lat' dir='ltr'>missam</span> 
     </span>
    </p>
   </div>
   <div class='ocr_carea' id='block_1_114' title="bbox 2120 5245 3761 5308">
    <p class='ocr_par' dir='ltr' id='par_1_114' title="bbox 2120 5245 3761 5308">
     <span class='ocr_line' id='line_1_114' title="bbox 2120 5245 3761 5308; baseline -0.006 -1"><span class='ocrx_word' id='word_1_773' title='bbox 2120 5253 2305 5308; x_wconf 79' lang='lat' dir='ltr'>finire.</span> <span class='ocrx_word' id='word_1_774' title='bbox 2341 5248 2821 5306; x_wconf 86' lang='lat' dir='ltr'>Communienem</span> <span class='ocrx_word' id='word_1_775' title='bbox 2855 5246 3116 5301; x_wconf 88' lang='lat' dir='ltr'>canendo</span> <span class='ocrx_word' id='word_1_776' title='bbox 3151 5262 3162 5298; x_wconf 86' lang='lat'><strong>:</strong></span> <span class='ocrx_word' id='word_1_777' title='bbox 3214 5246 3420 5299; x_wconf 78' lang='lat' dir='ltr'>Scrm&#39;te</span> <span class='ocrx_word' id='word_1_778' title='bbox 3448 5245 3672 5298; x_wconf 76' lang='lat' dir='ltr'>Domino</span> <span class='ocrx_word' id='word_1_779' title='bbox 3702 5245 3761 5298; x_wconf 79' lang='lat' dir='ltr'>in</span> 
     </span>
    </p>
   </div>
   <div class='ocr_carea' id='block_1_115' title="bbox 2120 5331 3767 5406">
    <p class='ocr_par' dir='ltr' id='par_1_115' title="bbox 2120 5331 3767 5406">
     <span class='ocr_line' id='line_1_115' title="bbox 2120 5331 3767 5406; baseline -0.007 -9"><span class='ocrx_word' id='word_1_780' title='bbox 2120 5344 2330 5406; x_wconf 73' lang='lat' dir='ltr'>(iniere,</span> <span class='ocrx_word' id='word_1_781' title='bbox 2374 5348 2425 5395; x_wconf 75' lang='grc' dir='ltr'><strong><em>ρι</em></strong></span> <span class='ocrx_word' id='word_1_782' title='bbox 2470 5339 2737 5393; x_wconf 68' lang='lat' dir='ltr'>exsatiate</span> <span class='ocrx_word' id='word_1_783' title='bbox 2783 5338 2835 5391; x_wconf 76' lang='lat' dir='ltr'>ei</span> <span class='ocrx_word' id='word_1_784' title='bbox 2890 5352 3011 5389; x_wconf 79' lang='lat' dir='ltr'>cum</span> <span class='ocrx_word' id='word_1_785' title='bbox 3064 5342 3327 5399; x_wconf 73' lang='lat' dir='ltr'>tremore;</span> <span class='ocrx_word' id='word_1_786' title='bbox 3384 5331 3767 5402; x_wconf 76' lang='lat' dir='ltr'>apprehendile</span> 
     </span>
    </p>
   </div>
   <div class='ocr_carea' id='block_1_116' title="bbox 2195 5454 3761 5535">
    <p class='ocr_par' dir='ltr' id='par_1_116' title="bbox 2195 5454 3761 5535">
     <span class='ocr_line' id='line_1_116' title="bbox 2195 5454 3761 5535; baseline -0.008 -15"><span class='ocrx_word' id='word_1_787' title='bbox 2195 5468 2303 5535; x_wconf 74' lang='lat' dir='ltr'>(ll)</span> <span class='ocrx_word' id='word_1_788' title='bbox 2321 5465 2494 5519; x_wconf 81' lang='lat' dir='ltr'>Vides</span> <span class='ocrx_word' id='word_1_789' title='bbox 2512 5469 2683 5535; x_wconf 82' lang='lat' dir='ltr'>caput</span> <span class='ocrx_word' id='word_1_790' title='bbox 2709 5459 3174 5535; x_wconf 66' lang='lat' dir='ltr'>Quadragesiinze</span> <span class='ocrx_word' id='word_1_791' title='bbox 3196 5457 3369 5535; x_wconf 80' lang='lat' dir='ltr'>etiam</span> <span class='ocrx_word' id='word_1_792' title='bbox 3395 5461 3531 5535; x_wconf 82' lang='lat' dir='ltr'>tunc</span> <span class='ocrx_word' id='word_1_793' title='bbox 3554 5454 3761 5535; x_wconf 81' lang='lat' dir='ltr'>initum</span> 
     </span>
    </p>
   </div>
   <div class='ocr_carea' id='block_1_117' title="bbox 2122 5526 3764 5607">
    <p class='ocr_par' dir='ltr' id='par_1_117' title="bbox 2122 5526 3764 5607">
     <span class='ocr_line' id='line_1_117' title="bbox 2122 5526 3764 5607; baseline -0.005 -17"><span class='ocrx_word' id='word_1_794' title='bbox 2122 5556 2155 5591; x_wconf 88' lang='lat' dir='ltr'>a</span> <span class='ocrx_word' id='word_1_795' title='bbox 2176 5526 2642 5607; x_wconf 70' lang='lat' dir='ltr'>Quadragesiinm</span> <span class='ocrx_word' id='word_1_796' title='bbox 2667 5526 2969 5607; x_wconf 69' lang='lat' dir='ltr'>Dominiea</span> <span class='ocrx_word' id='word_1_797' title='bbox 2992 5531 3197 5607; x_wconf 62' lang='lat' dir='ltr'>prima,</span> <span class='ocrx_word' id='word_1_798' title='bbox 3224 5528 3283 5607; x_wconf 77' lang='lat' dir='ltr'>in</span> <span class='ocrx_word' id='word_1_799' title='bbox 3315 5546 3429 5599; x_wconf 83' lang='lat' dir='ltr'>qua</span> <span class='ocrx_word' id='word_1_800' title='bbox 3462 5527 3579 5581; x_wconf 67' lang='lat' dir='ltr'>haec</span> <span class='ocrx_word' id='word_1_801' title='bbox 3612 5526 3764 5581; x_wconf 87' lang='lat' dir='ltr'>anti-</span> 
     </span>
    </p>
   </div>
   <div class='ocr_carea' id='block_1_118' title="bbox 2123 5600 3405 5680">
    <p class='ocr_par' dir='ltr' id='par_1_118' title="bbox 2123 5600 3405 5680">
     <span class='ocr_line' id='line_1_118' title="bbox 2123 5600 3405 5680; baseline -0.008 -18"><span class='ocrx_word' id='word_1_802' title='bbox 2123 5600 2317 5680; x_wconf 77' lang='lat' dir='ltr'>phona</span> <span class='ocrx_word' id='word_1_803' title='bbox 2347 5600 2642 5662; x_wconf 70' lang='lat' dir='ltr'>admissa:</span> <span class='ocrx_word' id='word_1_804' title='bbox 2675 5600 3143 5661; x_wconf 63' lang='lat' dir='ltr'>cemn‘iunionem</span> <span class='ocrx_word' id='word_1_805' title='bbox 3176 5600 3405 5671; x_wconf 84' lang='lat' dir='ltr'>legitur.</span> 
     </span>
    </p>
   </div>
  </div>
