4130 6180
373 271 442 332 91
565 317 568 320 .
1465 267 1526 328 S.
1575 263 2044 326 ETHEWOLDI
2088 261 2431 324 WINTON.
2477 263 2716 325 EPISC.
3215 327 3219 332 ,
3693 271 3772 330 92

373 402 727 473 disciplinam
753 417 822 454 ne
849 401 1088 472 pereatis
1117 399 1181 455 de
1209 401 1299 455 via
1319 400 1492 470 iusta,
1529 399 1694 470 quasi
1727 397 2014 452 dicerent:
2045 396 2100 464 Α
2128 395 2312 454 σεὸίιῗ
2339 397 2544 454 Nonne
2573 397 2685 470 ipsi
2717 397 2814 470 qui
2847 398 2967 454 haec
2999 398 3260 472 loquitur
3288 415 3544 470 praesens
3573 361 3664 454 est
3685 401 3771 454 di-

379 492 496 547 Nos
528 489 826 545 noluimus
855 489 970 544 Deo
989 489 1340 555 serviremec
1363 487 1735 558 disciplinam
1758 487 1888 557 ejus
1909 503 2026 541 ser-

379 596 532 644 vare,
556 596 658 634 vos
681 577 878 634 saltim
902 577 1092 645 facite,
1118 593 1190 630 ne
1208 578 1364 631 sicut
1385 593 1491 631 nos
1523 575 1777 648 pereatis
1809 575 1878 630 de
1908 575 2023 642 via,

383 667 990 742 quaecustodientibus
1005 666 1304 736 justitiam
1327 682 1508 738 regna
1529 666 1666 720 facit
1685 665 1897 736 aperiri
1911 681 2023 720 cca-

385 757 574 813 lestia.
590 759 712 823 Quo
729 755 933 810 audito
960 756 1169 810 fratres
1201 756 1356 828 gravi
1383 760 1542 823 sunt,
1569 753 1964 828 intelligentes
1992 770 2028 806 a

387 844 630 900 Domino
658 861 836 898 suum
865 844 979 899 iter
1005 861 1135 900 esse
1166 850 1592 916 prosperatum,
1627 849 1684 899 et
1729 844 1832 898 Dei
1879 847 2026 898 nutu

385 934 541 989 hunc
571 931 868 1004 psalmum
898 939 1134 1004 propter
1163 933 1399 990 illorum
1447 934 1816 1004 prmsentiam
1848 933 2030 988 fuisse

387 1025 785 1088 decantatum,
819 1039 1068 1094 moxque
1107 1023 1446 1078 Davidicum
1495 1023 1568 1078 ad
1617 1039 1680 1076 se
1729 1025 2032 1077 traxerunt

388 1111 722 1182 imperium.
757 1111 978 1183 Osgaro
1007 1110 1351 1166 exhortante
1383 1129 1480 1167 eos
1529 1116 1702 1182 atque
1751 1111 1978 1166 dicente
2014 1127 2027 1164 :

389 1199 506 1254 Cur
533 1199 674 1255 foris
706 1201 1042 1255 moramur?
1073 1201 1356 1256 faciamus
1387 1202 1540 1256 sicut
1587 1199 1898 1256 hortantur
1925 1216 2032 1254 nos

391 1289 676 1356 canonici,
706 1289 1128 1361 ingrediamur,
1162 1294 1220 1344 et
1267 1307 1370 1361 per
1416 1290 1568 1345 viam
1607 1289 1853 1360 justitiaa
1900 1303 2031 1360 gra-

393 1379 641 1444 dientes,
675 1379 920 1434 Domino
949 1379 1065 1434 Deo
1097 1385 1294 1434 nostro
1323 1395 1460 1434 cum
1492 1379 1702 1434 timore
1742 1383 1803 1432 et
1839 1375 2033 1432 exsul-

393 1469 614 1522 tatione
645 1467 1016 1535 famulemur,
1051 1474 1115 1523 ut
1139 1485 1278 1522 cum
1323 1469 1606 1524 exarserit
1635 1468 1694 1523 in
1743 1468 1899 1523 brevi
1951 1467 2038 1521 ira

394 1557 542 1628 ejus,
579 1573 908 1612 mereamur
931 1573 1064 1612 esse
1097 1557 1411 1628 participes
1443 1557 1678 1613 illorum
1708 1558 1781 1612 de
1819 1555 2037 1628 quibus

393 1645 776 1718 subjungitur
808 1663 822 1700 :
853 1647 1010 1702 Beati
1037 1661 1220 1703 omnes
1248 1649 1350 1720 qui
1377 1647 1658 1719 miiﬁdum
1688 1649 1747 1702 in
1773 1663 1854 1702 eo.

465 1733 893 1836 GAPZXVIH..—.-
911 1737 1314 1809 Misitquoque
1328 1754 1426 1792 rex
1440 1736 1579 1836 illuc
1598 1752 1744 1836 cum.
1764 1735 2038 1834 episcopo
2068 1770 2117 1836 Β

397 1825 713 1896 quemdam
743 1825 1148 1880 ministrorum
1179 1843 1422 1882 suorum
1453 1823 2038 1892 famosissimum,cui

397 1929 536 1970 nom
565 1918 690 1970 erat
717 1913 987 1970 Vulfstan
1017 1915 1346 1972 Etdelbam
1378 1915 1628 1988 (l2),qui
1659 1915 1819 1988 regia
1839 1919 2037 1968 aucto-

397 2005 568 2059 ritate
597 2005 900 2060 mandavit.
923 2005 1244 2072 canonicis,
1273 2009 1338 2060 ut
1367 2023 1550 2060 unum
1581 2006 1652 2060 de
1675 2005 1904 2060 duobus
1931 2001 2038 2057 eli-

397 2099 620 2166 gerent,
651 2099 756 2148 aut
801 2095 928 2148 sine
977 2111 1140 2149 mora
1185 2096 1324 2149 dare
1354 2095 1546 2150 locum
1577 2094 1903 2160 monachis,
1937 2097 2040 2146 aut

397 2183 694 2254 suscipere
725 2181 991 2238 habitum
1023 2185 1370 2239 monachilis
1397 2184 1728 2238 crdinis.At
1750 2182 1833 2237 illi
1857 2181 2039 2236 nimio

401 2288 608 2343 pavore
637 2273 886 2327 conterri
897 2273 1033 2342 ti,et
1044 2274 1221 2328 vitam
1237 2277 1606 2328 exsecrantes
1627 2272 2036 2338 monasticam,

399 2362 759 2416 intrantibus
794 2361 1104 2417 monachis
1153 2363 1308 2418 illico
1356 2363 1657 2429 exierunt;
1688 2361 1792 2416 sed
1843 2366 2038 2414 tamen

400 2451 778 2522 postmodum
810 2455 928 2506 tres
956 2469 1028 2506 ex
1048 2451 1166 2506 illis
1196 2453 1268 2507 ad
1291 2451 1722 2509 conversionem
1734 2452 2038 2514 venerunt,

401 2539 624 2595 scilicet
654 2541 963 2608 Eadsinus,
996 2540 1298 2610 Vulsiniis,
1329 2545 1386 2595 et
1425 2540 1754 2596 Wilstanus
1804 2537 2040 2610 presby-

401 2633 510 2684 ter.
544 2630 650 2695 Qui
683 2630 1033 2698 coenobium,
1067 2631 1220 2702 quod
1253 2630 1476 2702 expulsi
1523 2629 1900 2701 reliquerant,
1933 2625 2042 2680 hu-

401 2718 528 2774 mili
559 2719 730 2774 corde
761 2724 1112 2791 repetentes,
1141 2719 1360 2774 Christi
1385 2721 1530 2792 jugo
1565 2717 1719 2772 colla
1767 2716 2044 2771 subdide-

405 2808 720 2862 runt.Nam
753 2807 1038 2864 hactenus
1058 2825 1127 2864 ea
1157 2814 1504 2880 tempestate
1537 2824 1649 2863 non
1682 2805 2048 2860 habebantur

401 2897 674 2952 monachi
710 2899 818 2970 (i3)
850 2899 910 2952 in
941 2903 1112 2970 gente
1144 2897 1486 2970 Anglorum,
1521 2897 1632 2951 nisi
1664 2900 1896 2951 tantum
1947 2893 2046 2964 qui

378 2987 464 3040 'in
493 2985 798 3041 Glestonia
828 2987 1210 3041 morabantur
1238 2992 1296 3040 et
1327 2986 1728 3041 Abbandonia.

477 3075 614 3129 Car.
647 3075 788 3129 XIX.
821 3105 886 3116 ——
919 3074 1138 3129 Deinde
1166 3091 1300 3129 cum
1335 3075 1590 3146 prindicti
1615 3074 1822 3128 fratres
1854 3073 1909 3126 in
1941 3071 2048 3126 Ve-

408 3162 517 3218 teri
549 3163 811 3218 ccenobio
840 3162 1126 3236 regularis
1145 3164 1275 3217 vitae
1298 3179 1563 3218 normam
1587 3179 1812 3216 servare
1842 3161 2049 3232 cmpis-

411 3255 562 3317 sent,
592 3255 654 3305 et
668 3250 806 3306 illuc
819 3251 991 3306 multi
1005 3252 1081 3306 ad
1095 3251 1196 3306 Dei
1212 3250 1558 3306 famulatum
1581 3265 1752 3306 senes
1766 3250 2050 3316 conversi,

406 3341 652 3410 juvenes
681 3341 944 3405 adducti,
973 3345 1036 3395 et
1066 3339 1286 3412 parvuli
1319 3339 1498 3396 oblati
1541 3340 1940 3406 conﬂuerent;
1981 3354 2054 3393 ex

415 3429 634 3485 invidia
663 3429 1006 3484 cier-iceram
1055 3429 1257 3484 datum
1299 3435 1394 3484 est
1439 3430 1710 3502 episcopo
1766 3441 2054 3483 venenum

418 3518 615 3573 bibere
629 3517 685 3572 in
700 3517 1099 3574 aulasuacum
1111 3519 1444 3590 hospitibus
1457 3518 1762 3591 prandenti
1772 3531 2056 3585 ,omnem-

413 3621 531 3678 que
553 3606 636 3660 eis
667 3605 1094 3661 humanitatem
1134 3606 1451 3678 exhibenti,
1482 3611 1774 3679 quatenus
1823 3605 1922 3660 illo
1969 3623 2062 3662 ex-

416 3694 632 3750 stincto
660 3711 861 3750 servos
892 3695 993 3750 Dei
1024 3695 1769 3768 expellerent,rursumque
1791 3697 1851 3751 in
1874 3713 2059 3751 unum

419 3785 753 3856 congregati
780 3785 1049 3856 pristinis
1077 3785 1256 3840 libere
1283 3786 1398 3840 frui
1430 3785 1668 3858 flagitiis
1707 3786 2058 3857 potuissent.

424 3871 562 3926 Erat
593 3889 844 3944 namque
871 3873 926 3928 ei
957 3875 1136 3929 moris
1167 3875 1368 3930 statim
1389 3880 1523 3946 post
1548 3879 1670 3929 tros
1692 3880 1793 3930 aut
1813 3879 2064 3946 quatuor

423 3959 636 4018 offulae
667 3962 962 4016 modicum
1009 3962 1151 4034 quid
1203 3963 1442 4018 bibere:
1495 3963 1758 4035 bibitque
1797 3963 2063 4018 nesciens

427 4053 799 4118 apportatum
827 4050 942 4103 sibi
965 4066 1251 4106 venenum
1264 4055 1453 4106 totum
1477 4052 1630 4123 quod
1654 4051 2060 4118 eratinCalice,

427 4141 486 4189 et
512 4137 716 4191 statim
747 4138 802 4192 in
839 4137 1120 4208 pallorem
1151 4139 1328 4194 facies
1358 4141 1486 4211 ejus
1523 4141 1837 4194 immutata
1867 4145 1974 4206 est,
2007 4145 2066 4195 et

427 4224 649 4280 viscera
679 4225 839 4281 illius
872 4227 1120 4281 nimium
1152 4228 1201 4282 vi
1234 4229 1564 4301 grassantis
1594 4233 1804 4284 venant
1840 4229 2065 4284 crucia-

429 4314 664 4368 bantur.
682 4315 943 4370 Surrexit
971 4323 1166 4372 autem
1187 4317 1279 4373 vix
1299 4335 1332 4370 a
1353 4333 1556 4372 mensa
1581 4318 1778 4372 exiens
1795 4319 1866 4372 ad
1897 4318 2069 4372 lectu-

431 4401 574 4470 lum,
591 4404 920 4476 serpsitque
949 4421 1238 4460 venenum
1269 4423 1372 4478 per
1399 4407 1596 4461 omnia
1626 4407 1890 4462 membra
1917 4408 2066 4478 eius,

2129 485 2390 555 vinitatc,
2405 485 2541 542 licet
2562 487 2774 542 absens
2795 488 2872 542 sit
2892 489 3308 560 corpore?Ipse
3339 487 3539 559 procul
3572 489 3771 554 dubio,

2134 576 2258 648 ipse
2287 572 2396 632 hoc
2443 577 2649 632 veneni
2697 577 2858 632 virus
2903 578 2963 632 in
3011 581 3066 633 te
3111 593 3385 632 cvacucre
3429 581 3638 649 potest,
3675 579 3776 649 qui

2135 681 2366 738 semper
2394 665 2594 721 omnia
2632 669 2844 738 potest.
2874 666 2976 722 His
3023 671 3079 722 et
3125 666 3532 737 hujuscemodi
3585 667 3778 722 verbis

2137 769 2380 810 accensa
2392 755 2538 810 ﬁdes
2551 755 2607 809 in
2622 771 2950 823 eo,omnem
2964 755 3295 810 lethiferum
3310 754 3588 810 haustum
3604 771 3778 826 quem

2138 844 2365 899 biberat
2394 845 2690 913 exstinxit,
2725 844 3087 916 furentisque
3116 844 3320 898 veneni
3353 843 3549 898 dolore
3579 844 3778 916 fugato

2138 931 2405 1001 surrexit,
2421 933 2624 989 abiens
2645 935 2716 988 ad
2757 933 2952 989 aulam
2975 933 3142 988 hilari
3164 931 3348 1000 vultu,
3367 931 3528 986 nulla
3546 933 3782 1003 penitus

2140 1025 2309 1096 signa
2335 1022 2578 1096 palloris
2609 1039 2670 1079 se
2699 1023 3065 1078 intuentibus
3097 1023 3430 1089 ostendens,
3467 1039 3569 1077 nec
3610 1023 3782 1094 quid-

2141 1129 2318 1186 quam
2345 1111 2485 1169 mali
2515 1126 2622 1168 suo
2652 1113 2907 1168 veneﬁco
2938 1113 3207 1179 reddens,
3245 1113 3346 1167 sed
3377 1112 3426 1166 ei
3461 1113 3615 1183 quod
3647 1111 3786 1166 deli-

2143 1203 2271 1276 quit
2300 1203 2632 1276 ignoscens.
2668 1202 2877 1274 Sicque
2908 1201 3010 1257 Dei
3039 1202 3249 1256 virtute
3299 1201 3648 1272 dissipatum
3678 1207 3786 1282 _est

2143 1291 2470 1366 malignum
2492 1290 2806 1347 consilium
2827 1290 3194 1361 clericorum,
3211 1290 3309 1362 qui
3330 1291 3593 1346 videntes
3615 1308 3783 1346 suam

2144 1381 2291 1438 nihil
2323 1380 2629 1452 praevalere
2660 1380 3219 1453 nequitiam,tandiu
3245 1394 3348 1451 per
3367 1379 3625 1435 diversas
3647 1397 3786 1452 gen-

2144 1475 2222 1530 tis
2250 1470 2572 1546 Anglorum
2593 1471 2922 1542 provincias
2942 1470 3056 1526 huc
3088 1468 3343 1542 illucque
3355 1469 3602 1540 dispersi
3625 1475 3785 1538 sunt,

2149 1577 2454 1636 quousque
2480 1559 2660 1615 vitam
2691 1559 2987 1614 ﬁnierunt.

2217 1650 2355 1708 CAP.
2387 1649 2500 1705 XX.
2533 1679 2604 1690 -—
2633 1648 2852 1704 Exinde
2881 1647 3095 1703 Christi
3119 1645 3317 1720 aquila
3343 1647 3589 1702 antistes
3617 1647 3791 1703 Adel-

2146 1741 2380 1799 woldus
2409 1737 2686 1811 expandit
2713 1752 2920 1793 aureas
2951 1735 3073 1791 alas
3095 1739 3318 1802 suas,et
3339 1741 3628 1792 annuente
3660 1754 3793 1808 rege

2148 1832 2411 1904 Eadgaro
2440 1827 2752 1884 canonicos
2781 1825 3004 1898 expulit
3031 1827 3102 1881 de
3133 1825 3289 1882 Novo
3319 1826 3695 1894 monasterio,
3721 1825 3790 1880 il-

2149 1922 2361 1994 lucque
2381 1917 2700 1974 monachos
2731 1916 3053 1972 introduxit
3081 1913 3427 1989 regulariter
3454 1931 3794 1972 conversan-

2147 2017 2256 2069 tes.
2289 2007 2641 2081 Edelgarum
2675 2009 2871 2061 autem
2903 2004 3258 2077 discipulum
3289 2019 3464 2059 suum
3503 2004 3794 2060 ordinavit

2149 2102 2269 2158 illis
2316 2099 2610 2164 abbatem,
2643 2095 2744 2168 qui
2786 2095 3161 2166 postmodum
3211 2094 3517 2166 provincia:
3566 2100 3792 2149 austra-

2151 2192 2296 2248 lium
2328 2189 2623 2245 Saxonum
2653 2187 2986 2258 episcopus,
3017 2201 3082 2239 ac
3114 2184 3324 2240 deinde
3372 2188 3572 2239 sancto
3605 2185 3795 2239 Duns-

2151 2286 2289 2337 tano
2318 2279 2393 2335 ad
2423 2275 2683 2332 omlestia
2711 2289 2891 2349 regna
2919 2273 3682 2339 translato,Cantuariorum
3706 2291 3796 2329 ar~

2152 2366 2465 2441 chipraesul
2497 2366 2739 2421 effectus
2769 2367 2878 2420 est.

2223 2458 2357 2514 CAP.
2387 2456 2530 2512 XXI.
2563 2483 2632 2497 ω-
2661 2459 2727 2510 In
2755 2453 3140 2510 Abbandonia
3177 2469 3308 2507 vero
3358 2452 3646 2524 Osgarum
3696 2469 3799 2524 pro

2151 2564 2218 2603 se
2263 2543 2572 2608 constituit
2621 2543 2914 2604 abbatem,
2961 2541 3302 2612 ditatusque
3349 2545 3437 2594 est
3488 2539 3650 2594 locus
3701 2539 3799 2596 ille

2154 2631 2442 2692 sexcentis
2473 2633 2539 2685 ut
2564 2645 2630 2684 eo
2651 2628 2906 2699 amplius
2935 2629 3201 2694 cessatis,
3219 2629 3458 2698 insuper
3487 2632 3539 2681 et
3571 2633 3796 2683 mternm

2156 2720 2442 2779 libertatis
2471 2715 2748 2775 suffultus
2777 2715 3113 2789 privilegiis,
3129 2715 3325 2770 divina
3354 2715 3530 2770 simul
3562 2721 3620 2770 et
3641 2717 3796 2787 regia

2157 2809 2502 2868 auctoritate
2528 2805 2916 2878 conscriptis;
2949 2822 3076 2878 quae
3107 2803 3344 2860 laminis
3390 2805 3584 2859 aureis
3633 2803 3796 2874 sigil~

2158 2901 2294 2968 lata,
2331 2897 2477 2955 inibi
2506 2912 2694 2968 usque
2722 2895 2896 2951 hodie
2923 2899 3359 2950 conservantur.

2229 2992 2365 3047 CAP.
2397 2986 2566 3044 XXII.
2600 3015 2667 3026 —
2699 2984 2762 3040 In
2792 2984 2963 3040 tertio
2994 2999 3224 3056 quoque
3263 2982 3658 3036 Wintoniensi
3689 2998 3800 3035 cce-

2162 3078 2335 3135 nobio
2369 3076 2506 3150 (14),
2537 3075 2694 3148 quod
2727 3073 2952 3147 anglice
2978 3073 3418 3128 Nmnumenster
3453 3069 3798 3142 appellatur,

2156 3171 2219 3225 in
2248 3169 2468 3224 honore
2489 3179 2722 3236 semper
2746 3163 2990 3236 virginis
3012 3160 3206 3216 Mariis
3237 3161 3353 3215 Deo
3375 3163 3800 3220 consecratum,

2162 3259 2438 3316 mandras
2486 3251 3023 3311 sanctimonialium
3072 3250 3380 3316 ordinavit,
3415 3249 3632 3320 quibus
3681 3264 3803 3300 ma-

2161 3353 2332 3415 trem,
2369 3347 2439 3402 de
2463 3359 2578 3418 qua
2607 3341 2878 3414 superius
2907 3338 3214 3412 paululum
3259 3337 3578 3410 tetigimus.
3613 3335 3804 3391 Ethel-

2166 3437 2395 3494 dridam
2425 3432 2700 3507 praafccit,
2733 3429 2832 3485 ubi
2866 3427 3152 3501 regularis
3180 3428 3310 3482 vitae
3359 3443 3565 3480 norma
3614 3425 3805 3480 hacte-

2168 3542 2280 3584 nus
2309 3525 2671 3582 observatur.

2237 3617 2377 3672 ΟΑΡ.
2391 3613 2588 3669 XXIII.
2605 3594 2799 3665 ——Nec
2812 3607 3074 3664 solumin
3109 3607 3328 3661 ﬁnibus
3357 3603 3808 3661 occidentalium

2171 3709 2490 3773 Saxonum,
2520 3716 2722 3758 verum
2758 3699 2932 3755 etiam
2983 3698 3043 3752 in
3094 3697 3332 3752 remotis
3380 3695 3646 3768 partibus
3691 3693 3813 3746 Bri-

2171 3795 2408 3864 tanniae,
2443 3795 2685 3848 sanctus
2717 3789 2964 3845 antistes
2991 3785 3372 3842 AdelwoldUB
3423 3785 3495 3838 ad
3547 3783 3648 3838 Dei
3699 3797 3816 3835 om-

2174 3881 2494 3957 nipotentis
2522 3879 2824 3934 servitium
2856 3873 3174 3931 monachos
3205 3889 3519 3945 aggregare
3569 3869 3813 3925 curavit.

2173 3970 2277 4030 Est
2305 3971 2461 4026 enim
2491 3967 2760 4040 quadam
2789 3964 2948 4037 regio
2977 3963 3204 4018 famosa
3223 3961 3281 4015 in
3314 3959 3609 4031 provincia
3629 3959 3816 4014 orien-

2173 4062 2382 4118 talium
2395 4057 2715 4130 Anglorum
2747 4053 2880 4120 sita,
2895 4050 3210 4124 paludibus
3224 4055 3281 4104 et
3303 4049 3472 4121 aquis
3494 4049 3552 4102 in
3576 4047 3816 4101 modum

2176 4149 2382 4206 insulae
2405 4142 2956 4209 circumdata,unde
2976 4144 3078 4196 eta
3097 4139 3264 4210 copia
3283 4136 3680 4211 anguillarum
3693 4153 3821 4207 quae

2177 4243 2238 4297 in
2267 4239 2490 4296 eisdem
2521 4231 2838 4307 paludibus
2869 4230 3202 4302 capiuntur,
3234 4228 3386 4299 Elige
3415 4243 3626 4282 nomen
3660 4241 3820 4280 acce-

2178 4331 2284 4404 pit.
2321 4328 2384 4383 In
2432 4339 2550 4398 qua
2577 4323 2812 4395 regione
2841 4319 3005 4375 locus
3035 4319 3193 4374 omni
3216 4315 3583 4372 veneratione
3606 4313 3823 4387 dignus

2180 4420 2450 4483 habetur,
2484 4412 2898 4486 magniﬁcatus
2929 4409 3210 4463 nimirum
3242 4405 3507 4478 reliquiis
3547 4409 3604 4459 et
3653 4404 3823 4457 mira-

422 4494 548 4564 jam
582 4493 897 4548 instantem
912 4495 1315 4551 minitanssibi
1342 4499 1696 4552 mortem.At
1719 4495 1814 4550 ille
1835 4496 2070 4550 tandem
2103 4499 2150 4565 Β
2180 4503 2331 4566 cum;
2359 4508 2573 4562 sancta;
2604 4500 2956 4558 Etheldridm
2997 4498 3112 4569 (15)
3163 4497 3374 4569 regium
3423 4500 3480 4550 et
3529 4499 3820 4566 perpetuae

431 4581 778 4655 recogitans,
809 4583 984 4655 capit
1014 4585 1329 4656 exprobare
1372 4586 1776 4656 semetipsum,
1809 4584 2070 4656 dixitque

403 4671 504 4726 ‘ad
519 4673 1124 4729 animumsuumzllbi
1145 4679 1236 4729 est
1267 4675 1437 4734 modo
1468 4675 1612 4730 fides
1645 4674 1782 4728 tua?
1803 4674 1908 4728 Ubi
1933 4678 2072 4728 sunt

430 4761 814 4833 cogitationes
844 4780 1054 4818 sensus
1086 4763 1206 4818 tui?
1231 4765 1432 4819 Nonne
1460 4764 1636 4817 verba
1671 4763 1888 4818 Christi
1936 4779 2072 4817 vera

434 4855 637 4906 suntet
652 4852 865 4922 ﬁdelia,
884 4853 1168 4926 quibusin
1182 4852 1491 4927 Evangelio
1513 4851 1819 4924 pollicetur
1838 4853 2072 4908 dicens-

433 4940 501 4994 Et
526 4943 577 4994 εἰ
604 4944 951 5014 mortiferum
969 4943 1100 5016 quid
1129 4944 1374 5000 biberint
1406 4940 1820 5008 avdentesmon
1862 4943 1942 4997 eis
1971 4957 2068 4997 no:

508 5053 620 5140 (i2)
651 5054 909 5112 [Elfricoz
935 5081 962 5106 ‹‹
991 5057 1150 5140 Misit
1181 5075 1411 5140 quoque
1443 5056 1882 5140 rexuqu‘emdam
1908 5057 2076 5110 mini~

438 5127 697 5196 strorum
731 5143 970 5182 suorum
1014 5127 1496 5196 famosissimum,
1531 5127 1926 5183 \Volfstanum
1979 5145 2074 5182 vo-

436 5194 832 5281 cab‘u‘lo,‘cu‘m
863 5201 1135 5281 episcopo
1166 5203 1265 5274 qui
1299 5202 1457 5281 regis
1487 5194 1862 5281 auctoritate,
1899 5223 1926 5248 ››
1962 5205 2072 5281 etc.

511 5269 623 5350 (13)
655 5267 1132 5350 Spelmannusin
1163 5267 1322 5329 tonio
1345 5267 1777 5350 I‘Conciliorum
1808 5273 2072 5350 pag:434,

440 5339 536 5420 ubi
570 5339 787 5420 similia
817 5341 1086 5420 rel'crt,id
1119 5345 1535 5420 interpretatur
1554 5339 2076 5420 deinonarchisre-

437 5409 907 5491 gularibuspnon
938 5415 1010 5491 de
1041 5409 1420 5491 saecularibus
1453 5435 1554 5472 seu
1584 5416 1714 5471 vita:
1756 5413 2074 5491 solutioris,

441 5497 586 5561 gues
617 5483 676 5538 in
695 5483 838 5561 aliis
869 5486 1011 5561 locis
1030 5487 1422 5561 exstitisse,et
1451 5505 1554 5559 pro
1573 5486 1880 5561 canonicis
1898 5502 2077 5561 saecu-

441 5552 664 5608 laribus
695 5555 926 5614 habitos
959 5559 1140 5616 fuisse
1173 5563 1424 5624 constat,
1451 5552 1523 5614 ut
1553 5560 1624 5614 de
1673 5557 1989 5615 Gallicanis
2020 5556 2076 5610 in

2179 4596 2424 4670 virginis
2455 4608 2520 4649 ac
2551 4605 2818 4647 sororum
2851 4589 3006 4660 ejus;
3030 4587 3130 4641 sed
3164 4587 3222 4639 in
3255 4586 3380 4656 ipso
3410 4590 3670 4654 tempore
3696 4586 3823 4637 erat

2179 4685 2498 4743 destitutus
2529 4685 2586 4736 et
2612 4677 2791 4753 regali
2823 4679 2963 4732 ﬁsco
2995 4675 3429 4730 deditus.Hunc
3459 4689 3595 4743 ergo
3626 4671 3819 4726 locum

2181 4773 2438 4832 famulus
2465 4768 2680 4827 Christi
2709 4783 2813 4840 pro
2845 4765 3151 4822 dilectione
3181 4767 3476 4818 tantarum
3524 4760 3818 4832 virginum

2181 4874 2532 4936 magnopere
2559 4857 2820 4916 venerari
2853 4854 3044 4926 cmpit,
3070 4853 3321 4925 datoque
3353 4851 3536 4924 pretio
3558 4867 3672 4904 non
3695 4865 3818 4903 mo-

2182 4957 2324 5012 dicas
2353 4953 2633 5026 pecuniae,
2658 4951 2800 5006 emit
2829 4962 2964 5004 eum
2995 4961 3128 5020 rege
3161 4941 3824 5017 Eadgaro,eonstituens

2186 5069 2540 5128 monasterio
2571 5067 2631 5124 S.
2667 5063 2921 5122 Dionvsii
2953 5068 3010 5118 et
3050 5059 3398 5118 Martiniano
3439 5057 3574 5112 alibi
3622 5055 3824 5111 obser-

2184 5143 2468 5200 vavimus.

2257 5239 2368 5315 (14)
2387 5239 2458 5315 βξ
2490 5235 2814 5315 Eadburgae
2848 5227 3273 5315 iiiizehEduardi'
3311 5226 3468 5315 regis
3493 5242 3828 5315 φςριξξέξίι-

2187 5295 2364 5369 crum,
2382 5311 2460 5367 ibi
2493 5295 2857 5382 requiescere
2887 5299 3101 5376 legitur
3131 5301 3190 5356 in
3221 5295 3528 5355 Monastici
3559 5295 3832 5368 Anglica-

2185 5386 2246 5440 ni
2276 5389 2434 5439 tomo
2468 5383 2509 5451 Ι,
2545 5397 2678 5454 pag.
2709 5383 2800 5435 32.

2259 5481 2372 5554 (15)
2405 5482 2464 5554 S.
2499 5477 2996 5554 Etheldi'itze_acta
3025 5471 3305 5554 dedimus.
3326 5469 3396 5551 in.
3416 5466 3629 5554 saeculo
3682 5464 3828 5554 uad

2189 5540 2411 5610 annum
2438 5551 2572 5620 679,
2602 5549 2702 5605 ubi
2731 5544 2804 5604 de
2835 5544 3052 5603 Eliensi
3082 5542 3437 5600 monasterio
3481 5541 3676 5595 actum
3717 5540 3828 5590 est.
