4166 6172
289 319 367 380 93
1823 286 1828 292 ”
1851 317 1952 379 vn

3618 287 3720 391 Μ-

289 455 348 508 in
382 469 448 509 eo
481 452 902 508 monachorum
933 467 1170 525 gregem
1202 469 1316 510 non
1357 452 1692 510 minimum.
1715 452 1938 520 Quibus
1967 453 2026 522 Α
2049 452 2259 510 Christi
2285 457 2662 516 Adelwoldus
2677 459 2909 533 singula
2932 461 3514 527 monasteria,mores
3535 461 3700 518 insti-

289 543 578 598 ordinavit
609 541 882 596 abbatem
914 541 1302 600 Brithnodum
1335 543 1710 614 praepositum
1741 559 1936 609 suum,

288 636 340 686 et
374 631 642 700 ejusdem
674 627 780 683 loci
817 630 994 684 situm
1024 631 1535 687 monasterialibus
1555 631 1816 686 aediﬁciis
1848 631 1943 686 de-

288 721 628 774 centissime
659 719 971 787 renovavit,
1007 735 1260 792 eumque
1299 724 1588 777 terrarum
1615 721 1938 792 possessio-

287 809 464 864 nibus
494 808 942 866 al‘iluentissime
969 808 1390 881 locupletatum
1423 813 1481 866 et
1508 814 1733 866 aeternae
1764 810 1939 866 liber-

285 897 425 952 tatis
467 897 767 969 privilegio
817 898 1228 956 conﬁrmatum
1261 899 1644 970 omnipotenti
1692 897 1940 956 Domino

285 987 744 1044 commendavit.

359 1077 496 1132 CAP.
528 1075 720 1132 XXIV.
743 1107 811 1118 --
831 1075 1095 1134 Alterum
1131 1095 1361 1150 quoque
1392 1077 1586 1136 locum
1615 1078 1676 1132 in
1706 1078 1942 1151 regione

286 1166 617 1222 Girviorum
651 1165 836 1237 pretio
867 1166 1123 1222 obtinuit
1145 1184 1178 1222 a
1203 1183 1336 1240 rege
1359 1172 1416 1224 et
1435 1167 1733 1224 nobilibus
1751 1171 1938 1232 terrae,

283 1254 548 1327 positum
570 1255 628 1310 in
655 1254 782 1325 ripa
805 1255 1066 1310 fluminis
1097 1257 1231 1322 Νθη,
1265 1259 1358 1312 cui
1389 1257 1592 1326 lingua
1621 1257 1942 1330 Anglorum

289 1345 590 1417 quondam
623 1342 1070 1400 Medeshamstode
1087 1345 1200 1416 (16)
1223 1363 1434 1402 nomen
1461 1347 1763 1418 imposuit,
1788 1363 1944 1404 nunc

288 1439 490 1490 autem
517 1436 794 1488 consuete
823 1433 994 1488 Barth
1025 1433 1372 1504 appellatur.
1400 1435 1582 1506 Cujus
1612 1436 1722 1492 loci
1749 1433 1947 1496 basili.

289 1539 421 1579 cam
452 1522 728 1594 congruis
743 1522 1050 1578 domorum
1074 1525 1386 1580 structuris
1407 1528 1674 1580 ornatam
1697 1530 1754 1582 et
1775 1526 1946 1584 terris

290 1611 702 1685 adjacentibus
734 1611 964 1682 copiose
996 1611 1261 1679 ditatam,
1289 1614 1344 1670 in
1369 1613 1588 1668 honore
1618 1614 1771 1670 beati
1794 1615 1945 1674 Petri

290 1701 580 1773 principis
629 1699 1027 1771 apostolorum
1074 1703 1460 1770 consecravit,
1513 1703 1710 1775 ibique
1765 1704 1946 1760 simili

291 1791 470 1846 modo
496 1793 790 1844 catervam
836 1789 1256 1846 monachorum
1301 1792 1668 1850 coadunavit.
1711 1792 1944 1850 Ealdul-
1973 1823 2026 1894 Β

292 1883 422 1936 tum
456 1881 564 1952 (17)
598 1895 732 1935 vero
763 1879 1117 1934 monachum
1151 1896 1325 1936 suum
1356 1880 1442 1936 eis
1485 1881 1742 1953 prmfecit
1769 1883 1946 1938 abba-

291 1977 447 2038 tem;
481 1969 579 2042 qui
611 1973 744 2040 post
779 1984 1084 2024 excessum
1114 1969 1336 2027 domini
1368 1969 1626 2026 Oswaldi
1656 1970 1949 2041 pontiﬁcis

295 2059 570 2116 Ecclesiae
609 2059 992 2116 Eboracensis
1046 2059 1612 2132 archiepiscopatum
1670 2061 1946 2132 suscepit.

299 2149 564 2208 Tertium
599 2147 980 2202 nihilominus
1009 2147 1321 2218 acquisivit
1345 2149 1530 2220 pretio
1549 2148 1766 2219 locum,
1781 2151 1953 2222 juxta

299 2237 660 2310 crepidinem
717 2237 974 2307 preedicti
1025 2235 1288 2298 ﬂuminis
1336 2238 1538 2305 situm,
1565 2239 1664 2311 qui
1717 2245 1954 2311 propter

301 2330 534 2400 spineta
581 2326 1036 2398 circumquaque
1082 2328 1508 2382 succrescentia
1560 2328 1794 2399 Thorm'g
1841 2328 1952 2400 (18)

304 2417 476 2473 solito
498 2420 898 2486 nuncupatum
922 2414 1148 2488 anglice
1169 2415 1654 2488 vocabulo,quem
1676 2416 1801 2488 pari
1823 2433 1956 2472 con-

301 2507 523 2562 ditione
562 2503 866 2560 monachis
909 2503 1282 2574 aptissimum
1313 2503 1619 2578 delegavit.
1653 2505 1952 2563 Rectorem

303 2611 538 2668 quoque
570 2593 686 2648 illis
719 2598 774 2646 et
813 2591 1083 2648 abbatem
1115 2593 1584 2654 Godemmanum
1613 2594 1951 2666 praeposuit,

299 2688 822 2753 constructumque
864 2682 1286 2738 monasterium
1318 2682 1377 2737 in
1411 2682 1628 2740 honore
1659 2683 1760 2738 Dei
1791 2684 1952 2755 geni-

299 2775 466 2831 tricis
495 2777 554 2827 et
581 2771 823 2843 virginis
855 2771 1044 2830 Mariae
1074 2771 1378 2840 dedicavit,
1413 2776 1471 2828 et
1519 2773 1807 2828 honorum
1837 2789 1958 2830 om-

303 2864 470 2922 nium
503 2859 869 2933 possessione
899 2859 1261 2932 gratulanter
1289 2861 1516 2919 ditavit.

375 2953 513 3008 CAP.
547 2950 710 3005 XXV.
733 2980 802 2988 ——
823 2949 957 3006 Erat
987 2953 1184 3004 autem
1214 2949 1302 3003 vir
1339 2949 1439 3004 Dei
1470 2949 1849 3008 Adelwoldus
1881 2952 1954 3008 ad

303 3045 530 3097 secreta
563 3039 806 3110 Eadgari
835 3037 1018 3094 incliti
1051 3037 1204 3110 regis
1244 3055 1511 3096 sermone
1545 3043 1602 3094 et
1628 3056 1800 3112 opere
1829 3057 1953 3098 ma-

305 3131 519 3203 gniﬁce
557 3127 802 3200 pollens,
833 3127 890 3182 in
941 3125 1232 3198 plerisque
1276 3126 1418 3182 locis
1461 3127 1740 3186 ecclesias
1786 3129 1952 3186 dedi-

306 3193 472 3286 cans,
513 3193 574 3272 et
629 3193 843 3288 ubique
901 3193 1280 3289 Evangelium
1335 3217 1549 3274 Christi
1606 3218 1952 3288 przedicans,
1983 3193 2028 3262 CI

299 3312 469 3386 juxta
503 3305 959 3364 admonitionem
994 3303 1152 3363 Isaiae
1194 3305 1486 3377 prophetas
1518 3307 1804 3366 dicentis:
1839 3308 1958 3364 Cla-

307 3418 424 3465 ma,
455 3415 525 3454 ne
559 3413 748 3460 cesses,
778 3397 934 3466 quasi
975 3394 1106 3452 tuba
1133 3395 1314 3452 exalto
1339 3411 1520 3452 vocem
1565 3403 1734 3465 tuam,
1766 3404 1819 3454 et
1862 3415 1958 3454 an-

304 3491 508 3546 numin
531 3487 730 3558 populo
759 3500 875 3540 meo
902 3485 1106 3543 scelera
1133 3500 1342 3550 eorum,
1363 3492 1416 3540 et
1439 3485 1628 3547 domm
1653 3487 1814 3545 Iacob
1839 3504 1957 3558 pec-

300 3586 422 3635 cata
450 3592 658 3633 eorum.

374 3667 515 3722 CAP.
544 3663 732 3730 XXVI.
749 3694 815 3702 —
836 3661 1016 3733 Cujus
1037 3662 1510 3733 praedicationem
1533 3665 1785 3727 maxime
1799 3665 1955 3736 juvit

302 3761 550 3814 sanctus
581 3753 826 3810 antistes
859 3751 1242 3819 Suvithunus,
1267 3753 1469 3812 eodem
1501 3757 1761 3824 tempore
1790 3753 1955 3810 coale-

301 3847 500 3904 stibus
529 3843 714 3916 signis
735 3839 1082 3907 declaratus,
1107 3843 1164 3896 et
1183 3840 1332 3896 intra
1362 3841 1564 3914 templi
1593 3841 1814 3914 regiam
1838 3840 1953 3915 glo-

303 3934 630 3990 riosissime
681 3929 1022 3995 translatus,
1057 3945 1123 3984 ac
1171 3930 1581 3988 decentissime
1611 3929 1950 3990 collocatus.

300 4025 558 4094 Ideoque
583 4021 820 4094 gemina
848 4017 1027 4076 simul
1049 4019 1106 4073 in
1131 4019 1304 4074 domo
1335 4019 1435 4074 Dei
1463 4010 1678 4076 fulsere
1709 4019 1957 4078 lumina-

300 4115 413 4180 ria,
428 4109 794 4168 candelabris
815 4108 1008 4164 aureis
1030 4109 1398 4179 superposita
1420 4123 1433 4162 :
1455 4107 1594 4180 quia
1615 4109 1770 4180 quod
1789 4109 1954 4165 Ade].

299 4200 541 4260 woldus
571 4197 790 4256 salubri
821 4197 1128 4256 verborum
1169 4195 1566 4254 exhortatione
1597 4195 1950 4270 praedicavit,

301 4293 416 4346 hoc
429 4288 790 4345 Suvithunus
811 4285 1064 4358 gloriosa
1076 4285 1492 4342 miraculorum
1506 4286 1859 4344 exhibitione
1880 4289 1950 4344 ad

297 4379 540 4436 laudem
573 4363 828 4432 nominis
855 4375 1067 4432 Christi
1100 4375 1344 4430 miriﬁce
1374 4376 1684 4434 decoravit.

377 4469 516 4524 CAP.
541 4466 755 4524 XXVII.
781 4496 844 4504 ——
868 4465 1077 4536 Sicque
1107 4464 1346 4532 factum,
1371 4465 1770 4524 consentiente
1797 4481 1950 4539 rege,

2051 547 2241 610 tuens,
2267 545 2603 602 obedientes
2635 553 2698 604 ut
2726 549 2785 603 in
2816 549 2967 604 bono
2996 550 3343 620 proﬁcerent
3370 549 3562 604 verbis
3593 551 3694 605 ad-

2052 633 2360 700 monendo,
2385 637 2441 688 et
2473 635 2683 692 stultos
2714 642 2778 692 ut
2807 653 2842 691 a
2871 637 3026 692 malo
3057 638 3424 694 discederent
3453 639 3698 694 verberi-

2051 720 2161 775 bus
2191 722 2402 778 acriter
2429 724 2792 796 corrigendo.

2120 810 2616 866 ΟΑΡ.ΧΧνΙΙΙ.-
2649 815 2782 870 Erat
2839 831 3094 885 namque
3151 815 3428 870 terribilis
3486 819 3553 870 ut
3611 816 3698 872 leo

2051 898 2286 954 discolis
2309 905 2366 954 et
2385 901 2670 972 perversis
2687 921 2700 968 ;
2716 903 3042 959 humilibus
3064 920 3194 958 vero
3213 909 3269 958 et
3292 905 3700 960 obedientibus

2052 1004 2113 1042 se
2142 987 2310 1058 quasi
2342 1005 2561 1060 agnum
2591 989 2972 1046 mitissimum
2999 991 3331 1060 exhibebat,
3360 993 3442 1050 ita
3471 1009 3704 1064 serpen-

2050 1076 2184 1132 tinaz
2224 1077 2544 1147 prudentiae
2587 1083 2919 1149 temperans
2957 1079 3347 1147 severitatem,
3381 1086 3446 1136 ut
3475 1081 3699 1137 colum-

2053 1165 2201 1222 bime
2233 1163 2626 1236 simplicitatis
2657 1183 2772 1222 non
2796 1167 3088 1224 amitteret
3111 1168 3628 1234 lenitatem.Quem
3649 1169 3700 1226 si

2051 1255 2287 1325 quando
2308 1253 2467 1310 zelus
2489 1254 2856 1312 rectitudinis
2875 1261 3128 1328 cogeret,
3147 1261 3210 1312 ut
3223 1257 3362 1326 jura
3383 1257 3702 1329 disciplinae

2052 1343 2333 1414 subjectis
2365 1343 2716 1414 imponeret;
2752 1345 2913 1402 furor
2940 1345 3066 1416 ipse
3091 1361 3208 1401 non
3235 1346 3310 1400 de
3339 1339 3700 1412 crudelitate,

2053 1433 2156 1491 sed
2197 1432 2268 1488 de
2317 1448 2516 1490 amore
2547 1435 2856 1502 processit;
2887 1439 2946 1489 et
2992 1433 3153 1492 intus
3205 1438 3446 1506 paterna
3492 1434 3705 1506 pietate

2053 1519 2274 1587 dilexit,
2299 1538 2448 1592 quos
2478 1521 2618 1576 foris
2639 1522 2808 1592 quasi
2839 1523 3158 1594 insequens
3183 1525 3513 1598 castigavit.
3539 1525 3707 1582 Pater

2055 1613 2178 1664 erat
2225 1613 2282 1664 et
2327 1613 2526 1682 pastor
2575 1611 3018 1678 monachorum,
3070 1611 3311 1684 pervigil
3367 1617 3707 1684 procurator

2055 1697 2592 1756 sanctimonialium
2621 1703 2679 1754 et
2721 1704 3010 1770 protector
3037 1699 3363 1774 virginum;
3394 1701 3704 1758 viduarum

2055 1787 2404 1854 consolator,
2456 1787 2894 1859 peregrinorum
2945 1793 3266 1860 susceptor,
3315 1788 3704 1846 Ecclesiarum

2057 1878 2346 1945 defensor,
2368 1878 2692 1934 errantium
2711 1882 3019 1945 corrector,
3043 1895 3368 1951 pauperum
3397 1884 3702 1946 recreator,

2058 1965 2418 2039 pupillorum
2450 1971 2507 2022 et
2536 1967 2932 2038 orphanorum
2955 1968 3216 2040 adjutor;
3252 1969 3406 2040 quod
3439 1967 3572 2040 plus
3601 1969 3710 2027 im-

2060 2055 2238 2128 plevit
2266 2073 2457 2128 opere,
2491 2074 2668 2128 quam
2700 2062 2902 2114 nostra
2938 2059 3192 2128 parvitas
3222 2074 3491 2116 sermone
3522 2059 3709 2130 possit

2059 2145 2316 2202 evolvere
2341 2147 2474 2216 (19).

2129 2235 2263 2291 Cu.
2295 2235 2481 2290 XXIX.
2505 2265 2574 2274 —
2594 2235 2819 2290 Accidit
2847 2236 3002 2290 enim
3034 2236 3288 2306 quodam
3320 2241 3600 2308 tempore,
3643 2241 3709 2291 ut

2063 2326 2271 2380 acerba
2298 2325 2482 2378 fames
2513 2324 2842 2378 universam
2879 2325 3186 2379 Britanniae
3217 2326 3512 2398 regionem
3542 2325 3708 2381 vehe-

2064 2419 2290 2469 menter
2319 2419 2626 2484 premeret,
2657 2419 2716 2468 et
2763 2413 2968 2484 inopina
3023 2413 3367 2486 magnitudo
3399 2413 3709 2486 plerosque

2064 2503 2192 2559 dira
2217 2504 2360 2560 cede
2383 2502 2910 2575 exstingueret.Vir
2939 2507 3135 2558 autem
3167 2503 3396 2560 Domini
3430 2503 3708 2559 misertus

2064 2609 2240 2663 super
2271 2594 2503 2648 turbam
2539 2592 2690 2646 fame
2717 2589 2908 2646 valida
2938 2592 3328 2663 pereuntium,
3349 2608 3587 2648 omnem
3619 2608 3711 2661 pe-

2063 2682 2248 2737 cuniae
2282 2682 2603 2753 portionem
2627 2697 2802 2751 quam
2837 2681 3108 2746 habebat,
3135 2681 3194 2734 in
3218 2698 3361 2734 usus
3383 2696 3706 2751 pauperum

2063 2771 2354 2840 expendit.
2377 2771 2641 2841 Cumque
2671 2769 2918 2840 pecunia
2949 2770 3238 2832 deﬁcelet,
3263 2769 3384 2824 tolli
3411 2769 3596 2839 jussit
3623 2786 3711 2825 or-

2065 2864 2341 2916 namenta
2370 2876 2615 2930 quisque
2647 2863 2703 2914 et
2743 2862 3016 2929 argentea
3063 2874 3198 2914 vasa
3252 2856 3613 2928 perplurima
3643 2857 3712 2912 de

2065 2948 2356 3004 thesauris
2386 2940 2661 3012 ecclesiae,
2694 2963 2876 3018 eaque
2907 2947 3177 3017 praecepit
3206 2945 3544 3003 minutatim
3573 2962 3710 3002 con-

2063 3039 2258 3110 fringi,
2284 3042 2338 3092 et
2375 3038 2430 3090 in
2460 3037 2738 3108 pecunias
2768 3036 2972 3108 redigi.
3001 3036 3211 3090 lntimo
3235 3035 3427 3090 cordis
3457 3034 3713 3105 suspirio
3800 3093 3818 3109 I

2063 3127 2147 3181 sic
2191 3127 2638 3198 protestabatur,
2673 3142 2734 3180 se
2774 3125 3180 3196 aequanimiter
3209 3125 3356 3180 ferre
3396 3141 3510 3178 non
3545 3141 3714 3194 posse

2067 3221 2233 3272 muta
2263 3214 2502 3274 metalla
2531 3215 2757 3286 integra
2787 3215 3120 3285 perdurare,
3147 3213 3444 3272 hominem
3474 3229 3608 3271 vero
3639 3214 3712 3270 ad

2066 3305 2381 3380 imaginem
2407 3305 2507 3360 Dei
2530 3309 2809 3370 creatum,
2833 3307 2891 3358 et
2918 3303 3168 3373 pretioso
3184 3302 3405 3361 Christi
3427 3303 3712 3375 sanguine

2067 3395 2434 3465 redemptum
2483 3393 2856 3448 mendicitate
2903 3396 2961 3446 et
3007 3391 3204 3450 inedia
3250 3392 3456 3462 perire.
3487 3391 3712 3461 Emptis

2064 3499 2201 3555 ergo
2221 3483 2370 3540 cibis
2391 3482 2736 3537 sustentavit
2756 3478 3244 3540 innumerabilem
3269 3478 3711 3536 multitudinem

2064 3589 2402 3646 egenorum,
2426 3571 2527 3642 qui
2558 3569 2884 3641 periculum
2915 3569 3090 3624 famis
3117 3585 3181 3623 er
3207 3570 3358 3623 utere
3388 3568 3708 3640 cupientes,

2065 3663 2136 3718 ad
2167 3679 2302 3718 eum
2337 3660 2592 3731 undique
2615 3659 3017 3732 confugerant,
3040 3663 3099 3714 et
3127 3673 3226 3712 eos
3257 3657 3357 3728 qui
3391 3657 3712 3712 semineces

2064 3752 2124 3806 in
2154 3749 2362 3822 plateis
2397 3754 2454 3804 et
2491 3748 2764 3818 compitis
2803 3747 2962 3802 omni
3003 3745 3211 3802 solatio
3251 3745 3518 3800 destituti
3550 3745 3710 3813 jace-

2066 3842 2225 3906 bant,
2253 3837 2627 3894 ret'ocillando
2649 3835 2986 3900 sublevavit,
3012 3835 3086 3890 ab
3106 3835 3251 3904 ipsis
3272 3833 3542 3890 faucibus
3565 3848 3716 3890 mor-

2063 3932 2140 3986 tis
2169 3928 2422 3999 eripiens
2452 3926 2718 3991 miseros,
2754 3924 3016 3994 praebens
3045 3938 3276 3994 quoque
3312 3920 3535 3978 cibaria
3563 3937 3713 3991 quo-
3808 3919 3812 3922 ’

2066 4019 2288 4074 tidiana
2315 4013 2566 4088 singulis
2592 4031 2604 4067 ε
2635 4014 2815 4068 donec
2848 4009 3246 4066 misericordia
3265 4009 3367 4066 Dei
3389 4009 3460 4064 de
3475 4007 3620 4064 caelo
3651 4007 3711 4062 in

2065 4115 2278 4164 terram
2307 4104 2681 4177 prospiceret,
2707 4106 2764 4156 et
2786 4100 3043 4159 humano
3069 4098 3268 4172 generi
3296 4097 3468 4156 solita
3500 4097 3714 4167 pietate

2066 4197 2415 4253 subveniens
2475 4192 2697 4250 malum
2748 4190 2954 4260 inepia:
3002 4191 3372 4259 temperaret.
3425 4187 3488 4242 In
3537 4186 3713 4256 cujus

2066 4285 2296 4359 pietatis
2343 4299 2512 4355 Opere
2551 4284 2806 4336 sectatus
2855 4277 3139 4334 imitabile
3187 4275 3518 4348 exemplum
3559 4275 3713 4332 beati

2065 4375 2360 4434 Laurentii
2395 4373 2575 4427 levitas
2605 4375 2662 4424 et
2691 4369 2982 4440 martyris,
3009 4368 3130 4438 qui.
3157 4367 3410 4422 instante
3443 4379 3711 4436 persecu-

2063 4465 2239 4521 tionis
2259 4460 2854 4533 tempore,thesauros
2873 4462 2930 4512 et
2963 4455 3269 4510 facultates
3299 4452 3569 4510 Ecclesia
3601 4450 3715 4508 dis-

301 4563 370 4614 ut
393 4558 606 4630 partim
630 4554 916 4610 Dunstani
937 4552 1182 4608 consilio
1202 4558 1258 4609 et
1278 4555 1523 4621 actione,
1548 4554 1763 4624 partim
1783 4554 1952 4612 Adel-
1983 4562 2032 4630 ι)
2053 4555 2237 4632 parsit
2267 4551 2538 4622 deditque
2562 4547 2938 4620 pauperibus,
2961 4550 3019 4600 et
3031 4545 3265 4615 justitia
3282 4544 3411 4632 ejus
3455 4542 3715 4632 maneret

301 4646 488 4702 woldi
536 4644 741 4701 sedula
787 4643 1210 4714 cooperatione,
1245 4643 1602 4698 monasteria
1650 4643 1868 4716 ubique
1897 4645 1957 4699 in

298 4741 478 4810 gente
499 4734 817 4806 Anglorum
850 4732 1116 4803 quaedam
1147 4731 1754 4804 monachis,qua3dam
1784 4749 1953 4790 sane-

305 4823 716 4881 timonialibus
737 4820 1232 4879 constituerentur
1250 4821 1360 4876 sub
1383 4821 1694 4876 abbatibus
1706 4825 1765 4876 et
1785 4823 1958 4882 abba-

299 4913 469 4970 tissis
498 4910 846 4984 regulariter
864 4909 1210 4966 viventibus.
1227 4909 1678 4982 Circumivitque
1699 4910 1956 4968 famulus

379 5055 593 5140 miti-De
625 5053 1106 5140 hoc'ifn‘ona‘sterio
1133 5053 1256 5126 agri
1279 5051 1813 5140 Huntendoniensis
1833 5053 1958 5140 lege

294 5123 672 5182 VVillelmum
706 5123 1268 5180 Malhesburiensem
1302 5124 1361 5178 in
1392 5123 1494 5178 lib.
1517 5141 1596 5189 IV,
1619 5124 1700 5179 De
1729 5123 1961 5196 pontiﬁ-

295 5201 496 5262 cibus,
521 5198 620 5252 ubi
645 5198 715 5250 de
737 5197 1023 5267 episcopis
1051 5195 1582 5264 Dorcestrensibus,
1601 5200 1658 5250 et
1678 5195 1958 5252 saeculum

296 5291 340 5327 ιι
378 5269 844 5334 Benedictinum,
879 5285 952 5338 pa
998 5309 1008 5320 .
1038 5268 1166 5322 756.
1773 5323 1788 5330 _

375 5343 490 5396 (17)
525 5341 604 5394 De
631 5357 697 5394 eo
745 5339 874 5393 vide
920 5284 1363 5396 0%servationes
1420 5337 1661 5396 praevias
1709 5339 1782 5394 ad

375 5343 490 5412 (17)
525 5341 604 5412 De
628 5357 697 5412 eo
745 5337 1363 5412 \*Aide’()bservationes
1419 5337 1661 5410 praevias
1709 5339 1782 5394 ad
1831 5343 1959 5394 acta

297 5416 364 5470 S.
386 5409 664 5467 ‘Os‘waldi
697 5409 950 5480 episcopi
981 5409 1154 5464 infra.

377 5483 492 5554 (18)
528 5482 608 5536 De
639 5480 1018 5554 Thorneicnsi
1051 5480 1405 5554 monasterio
1433 5484 1628 5536 actum
1658 5484 1750 5536 est
1779 5498 1961 5552 supra

298 5559 364 5612 in
386 5551 921 5624 'Observationibus
951 5552 1199 5624 praeviis.

378 5626 492 5698 (19)
516 5624 651 5679 Post
682 5623 802 5679 hinc
835 5622 1350 5694 .Elt'ricus,omisso
1382 5623 1647 5698 sequenti
1678 5622 1955 5696 capitulo,

2066 4616 2126 4702 in
2178 4640 2457 4698 surculum
2509 4636 2725 4702 saeculi,
2759 4641 2816 4690 et
2847 4652 3024 4690 cornu
3079 4635 3206 4704 ejus
3254 4616 3607 4688 eialtaretur
3655 4627 3711 4684 in

2065 4734 2271 4880 813::
2294 4819 2454 4876 XXX.
2479 4849 2546 4858 —
2567 4817 2782 4873 Verum
2815 4813 2953 4885 quia
2991 4810 3294 4874 Dominus,
3329 4807 3480 4864 sicut
3520 4803 3712 4873 Scrip-

2063 4916 2199 4968 tura
2227 4909 2386 4974 dicit,
2420 4922 2594 4978 quem
2639 4903 2830 4976 diligit
2867 4900 3124 4970 corripit,
3155 4901 3212 4952 et
3242 4909 3474 4950 omnem
3527 4890 3712 4950 ﬁlium

2067 5054 2149 5108 ita
2169 5051 2368 5107 subdit
2394 5066 2407 5104 :
2434 5069 2461 5098 «
2488 5047 2902 5102 Inﬁrmabatur
2921 5059 3070 5116 serpe
3093 5041 3148 5116 in
3170 5035 3493 5116 visceribus
3516 5039 3571 5091 et
3592 5050 3718 5116 cru-

2067 5125 2250 5189 ribus,
2304 5122 2604 5176 insomnes
2658 5121 2854 5170 noctes
2904 5131 2972 5167 ex
3003 5109 3214 5189 dolore
3263 5109 3511 5189 ducens;
3556 5109 3614 5189 et
3657 5109 3714 5158 in

2068 5175 2345 5260 d—ie,ilicet
2377 5190 2650 5263 pallidus,
2695 5193 2889 5263 tamen
2932 5183 3098 5263 quasi
3149 5197 3329 5263 sanus
3380 5175 3712 5263 ambulans.

2069 5253 2309 5323 Minime
2325 5253 2517 5318 tamen
2536 5277 2638 5314 esu
2653 5257 2914 5332 carnium
2931 5253 3377 5332 quadrupedum
3401 5255 3502 5304 aut
3518 5253 3713 5332 avium

2069 5319 2334 5394 ususfest
2382 5333 2495 5389 nisi
2527 5329 2728 5395 semel,
2757 5350 2782 5377 ››
2817 5319 2965 5396 etc,
2985 5332 3050 5380 ut
3098 5319 3251 5400 intra
3297 5323 3357 5400 in
3380 5320 3594 5400 famis
3619 5319 3713 5382 30,

2065 5387 2632 5476 Kt'bujusqcapitis
2691 5387 2779 5476 2'9
2817 5387 3336 5476 sum_mam_refert
3380 5387 3717 5476 Willelmus

2070 5467 2630 5538 Malmesburieﬁsis,
2685 5471 2783 5544 qui
2841 5469 3081 5542 proinde
3132 5467 3239 5522 hoc
3289 5467 3522 5520 auctore
3572 5473 3716 5522 usus

2068 5555 2180 5608 est.
