4166 6172
433 309 510 369 95
548 336 557 345 ί
1309 308 1318 315 ’
1481 311 1544 378 S,
1594 307 2107 370 ETHELWULDI
2151 297 2492 366 WINTON.
2538 307 2776 368 EPISC.
3737 298 3817 364 95

433 459 605 514 quem
631 425 834 514 recipit
853 441 1130 516 flagellat;
1155 443 1242 496 vir
1261 443 1358 497 Dei
1384 443 1792 496 intirmabatur
1811 442 2072 510 frequen-
2097 441 2150 505 Α
2180 439 2342 494 tistes
2374 439 2431 492 in
2465 445 2749 496 conventu
2769 443 3014 497 fratrum
3047 441 3370 496 modestam
3397 437 3816 509 correptionem

438 537 523 586 ter
553 532 607 584 in
632 531 969 600 visceribus,
999 533 1381 602 morbumque
1403 531 1649 585 tumoris
1672 530 1997 584 sustinebat
2018 529 2072 581 in

441 620 729 673 cruribus.
755 619 962 674 Noctes
993 619 1335 690 plerumque
1366 621 1610 674 ducebat
1645 619 1942 672 insomnes
1965 635 2078 688 prie

443 708 666 770 dolore;
716 713 771 762 et
819 708 930 773 die,
965 708 1099 763 licet
1146 707 1417 778 pallidus,
1451 715 1645 763 tamen
1686 708 1851 780 quasi
1902 722 2080 761 sanus

444 804 500 851 et
531 795 610 850 nil
643 796 920 851 molestiae
951 797 1191 851 sentiret
1218 797 1575 860 ambulabat,
1610 813 1834 852 memor
1860 799 2083 866 aposto-

445 883 566 940 licae
587 883 1000 939 consolationis
1021 903 1137 957 qua
1158 885 1388 952 dicitur,
1413 887 1550 956 quia
1573 888 1742 940 virtus
1775 887 1832 940 in.
1853 884 2086 955 inﬁrmi-

445 981 550 1029 tate
595 975 894 1044 perﬁcitur,
928 978 985 1028 et
1026 991 1308 1029 rursum:
1355 975 1576 1042 Quando
1623 975 1770 1028 enim
1816 974 2082 1044 inﬁrmor,

447 1071 575 1117 tunc
607 1063 802 1133 fortior
828 1079 950 1116 sum
997 1071 1048 1118 et
1095 1071 1298 1134 potens,
1331 1068 1386 1116 et
1415 1063 1622 1117 iterum
1659 1080 1671 1116 ε
1709 1062 1955 1117 Libenter
1983 1061 2090 1132 glo-

449 1151 638 1207 riabor
667 1153 722 1205 in
757 1152 1168 1222 inﬁnnitatibus
1190 1154 1342 1218 meis,
1366 1159 1426 1206 ut
1445 1151 1706 1206 inhabitet
1726 1153 1784 1206 in
1813 1168 1897 1205 mc
1916 1151 2089 1204 virtus

453 1239 672 1294 Christi.
691 1241 758 1294 Et
777 1241 1042 1311 quamvis
1065 1241 1177 1296 acri
1201 1239 1529 1312 pulsaretur
1550 1241 1834 1306 molestia,
1852 1239 2090 1292 minime

457 1335 648 1383 tamen
680 1345 782 1384 esu
815 1331 1078 1384 carnium
1114 1331 1556 1402 quadrupedum
1593 1333 1694 1382 aut
1723 1329 1915 1382 avium
1950 1342 2094 1380 usus

453 1422 562 1484 est,
589 1417 699 1471 nisi
729 1417 929 1485 semel,
955 1423 1192 1490 cogente
1215 1419 1468 1474 maxima
1489 1419 1828 1472 inﬁrmitate
1852 1432 1952 1486 per
1979 1419 2095 1467 tres

455 1521 686 1562 menses
706 1523 718 1560 :
737 1507 912 1578 (quod
934 1512 989 1562 et
1009 1508 1326 1578 fecitjussu
1347 1507 1628 1562 Dunstani
1655 1503 2096 1581 archiepiscopi)

451 1599 506 1648 et
538 1595 748 1649 iterum
783 1595 836 1648 in
867 1596 1204 1650 inﬁrmitate
1239 1613 1353 1666 qua
1384 1596 1546 1650 obiit.

525 1686 658 1738 CAP.
691 1683 880 1738 XXXI.
905 1716 973 1724 -—
994 1685 1172 1740 Dulce
1205 1703 1456 1758 namque
1477 1690 1602 1740 erat
1622 1686 1669 1740 ei
1705 1684 2100 1740 adolescentes

452 1779 508 1826 et
533 1774 780 1844 juvenes
807 1790 1039 1844 semper
1060 1775 1282 1841 docere,
1307 1781 1365 1828 et
1397 1775 1631 1828 Latinos
1664 1774 1842 1828 libros
1862 1772 2100 1844 Anglice

453 1863 538 1916 eis
559 1859 798 1928 solvere,
824 1866 881 1916 et
900 1862 1132 1935 regulas
1153 1864 1546 1934 grammaticae
1576 1863 1718 1917 artis
1750 1878 1814 1916 ac
1845 1861 2096 1916 metricae

455 1951 698 2006 rationis
727 1951 973 2019 tradere,
1009 1956 1066 2006 et
1101 1953 1376 2024 jocundis
1417 1953 1688 2026 alloquiis
1739 1951 1811 2006 ad
1857 1949 2098 2004 meliora

455 2039 864 2095 hortari.Unde
893 2041 1109 2094 factum
1141 2046 1248 2108 est,
1273 2045 1336 2095 ut
1365 2042 1666 2113 perplures
1705 2058 1772 2096 ex
1792 2036 2097 2109 discipulis

455 2131 584 2200 ejus
608 2129 810 2183 tierent
835 2131 1163 2184 sacerdotes
1185 2136 1358 2201 atque
1381 2132 1636 2198 abbatcs,
1653 2135 1707 2186 et
1729 2127 2098 2183 honorabiles

458 2219 733 2288 episcopi,
769 2219 1005 2288 quidam
1041 2219 1210 2272 etiam
1246 2219 1661 2290 archiepiscopi
1703 2220 1756 2272 in
1789 2222 1958 2291 gente
1987 2218 2100 2270 An-

461 2306 710 2378 glorum.

532 2395 677 2450 CAP.‘
718 2395 930 2452 XXXII.
965 2429 1034 2438 —-
1073 2397 1292 2452 Placuit
1347 2399 1498 2454 inter
1544 2399 1662 2453 hcce
1713 2397 2092 2469 omnipotenti

461 2486 598 2553 Deo,
625 2491 687 2540 ut
713 2487 926 2541 caelesti
959 2487 1132 2541 etiam
1163 2493 1584 2543 monstraretur
1603 2488 1836 2552 indicio,
1862 2487 2015 2559 quod
2047 2487 2096 2541 ei

463 2574 886 2645 beneplacitum
935 2581 1086 2629 esset
1129 2577 1388 2631 habitare
1441 2577 1496 2630 in
1546 2574 1746 2631 sancto
1793 2595 1916 2631 suo.
1952 2577 2096 2632 Nam

461 2679 594 2717 cum
629 2663 736 2718 iter
766 2665 1057 2735 quoddam
1086 2683 1249 2719 sacer
1276 2667 1517 2721 antistes
1550 2673 1766 2738 ageret,
1788 2668 1930 2722 utin
1963 2683 2100 2740 agro

465 2753 764 2808 Dominico
795 2771 990 2808 semen
1027 2755 1181 2810 verbi
1215 2755 1312 2810 Dei
1355 2761 1677 2828 spargeret;
1719 2757 1959 2829 contigit
1991 2754 2102 2828 (29)

467 2841 741 2896 clericum
763 2844 910 2914 ejus,
937 2844 1029 2897 cui
1053 2850 1320 2899 sanctum
1342 2845 1598 2900 chrisma
1620 2846 1806 2900 fuerat
1835 2845 2101 2918 designa-

467 2937 614 2997 tum,
648 2931 844 2986 minus
882 2930 990 2986 olei
1041 2951 1214 3004 quam
1263 2935 1580 2989 necessitas
1627 2936 1899 3006 poscebat
1944 2950 2102 2989 acce-

467 3021 644 3091 pisse,
675 3026 732 3074 et
757 3021 867 3082 hoc
897 3038 1102 3090 parum
1137 3023 1289 3093 quod
1331 3028 1630 3094 acceperat
1662 3024 1718 3078 in
1751 3025 1874 3094 ipso
1905 3024 2106 3078 itinere

468 3109 810 3178 perdidisse.
836 3109 1096 3179 Cumque
1127 3109 1337 3164 Christi
1363 3111 1619 3166 famulus
1650 3114 1720 3166 ad
1752 3113 2104 3166 destinatum

2189 529 2502 595 mandavit,
2529 533 2593 584 ut
2622 529 2668 584 si
2702 531 2834 602 quis
2866 531 3000 585 furti
3034 529 3190 584 illius
3213 530 3320 584 sibi
3349 529 3619 584 conscius
3645 533 3821 593 esset,

2191 634 2310 672 rem
2343 634 2518 688 quam
2561 618 2878 674 abstulerat
2916 617 3262 690 quantocius
3302 634 3434 672 cum
3469 617 3568 671 Dei
3600 616 3831 675 benedi-

2189 706 2381 762 ctione
2409 706 2694 774 redderet,
2720 713 2820 761 aut
2850 708 2908 762 in
2933 707 3033 762 tali
3066 707 3190 762 loco
3219 724 3344 762 eam
3379 705 3706 778 projiceret,
3731 703 3828 758 ubi

2193 795 2436 850 inveniri
2467 797 2772 867 potuisset.
2806 796 2907 852 Ille
2957 813 3088 852 vero
3133 798 3309 850 frater
3339 793 3632 850 obstinato
3664 794 3837 848 corde

2195 885 2452 954 seipsum
2504 885 2814 952 induravit,
2849 891 2907 941 et
2945 886 3287 940 mandatum
3319 885 3424 938 viri
3458 885 3558 939 Dei
3609 893 3837 936 servare

2196 972 2469 1044 neglexit.
2504 974 2838 1029 Transactis
2870 975 3063 1046 itaque
3093 975 3282 1029 tribus
3323 973 3530 1029 diebus
3561 975 3619 1027 et
3649 971 3838 1025 tribus

2199 1061 2489 1128 noctibus,
2523 1079 2657 1118 cum
2691 1081 2780 1118 res
2810 1064 3002 1120 furata
3021 1064 3261 1118 minime
3293 1066 3445 1117 esset
3473 1063 3729 1121 inventa,
3755 1059 3837 1114 lo-

2199 1155 2369 1206 cutus
2399 1157 2488 1207 est
2507 1152 2594 1206 vir
2623 1159 2862 1209 sanctus
2886 1154 2942 1207 in
2967 1153 3221 1224 capitulo
3244 1169 3437 1207 coram
3461 1151 3618 1206 omni
3647 1150 3841 1204 multi-

2200 1240 2402 1295 tudine
2432 1241 2700 1308 fratrum,
2737 1241 2975 1297 terribili
3007 1241 3402 1313 indignatione
3432 1243 3489 1295 et
3529 1239 3844 1294 commina-

2203 1330 2358 1383 tione
2387 1329 2660 1402 inquiens
2693 1347 2706 1384 :
2736 1354 2761 1380 ‹‹
2795 1331 2992 1386 Noluit
3041 1331 3357 1403 sacrilegus
3399 1329 3496 1384 ille
3534 1325 3841 1400 pecuniam

2205 1434 2381 1490 quam
2412 1419 2639 1473 furatus
2669 1423 2756 1473 est
2807 1420 3042 1474 reddere
3081 1437 3212 1474 cum
3265 1418 3661 1474 benedictione
3691 1417 3844 1471 sicut

2198 1507 2520 1578 jussimus;
2555 1509 2758 1562 reddat
2787 1525 2913 1563 eam
2947 1509 3118 1562 modo
3139 1525 3271 1562 cum
3303 1508 3402 1564 Dei
3433 1505 3847 1578 omnipotentis

2211 1595 2697 1664 maledictione,et
2720 1597 2794 1650 sit
2818 1597 2940 1668 ipse
2963 1597 3176 1669 ligatus
3197 1613 3312 1652 non
3335 1595 3524 1651 solum
3548 1596 3605 1650 in
3629 1595 3846 1658 anima,

2211 1687 2311 1741 sed
2335 1687 2506 1741 etiam
2529 1688 2587 1742 in
2610 1703 2848 1757 corpore
2873 1692 3071 1741 nostra
3091 1685 3606 1751 auctoritate.Quid
3630 1683 3852 1738 multa?

2211 1775 2480 1832 dixerunt
2529 1777 2737 1832 fratres
2773 1792 2786 1829 :
2819 1777 3022 1831 Amen.
3048 1798 3074 1826 »
3100 1776 3169 1830 Et
3208 1792 3336 1831 ecce
3385 1773 3708 1830 monachus
3757 1770 3851 1826 ille

2207 1865 2416 1922 sedens
2450 1863 2819 1920 invisibiliter
2847 1864 3156 1938 ligabatur,
3180 1864 3436 1921 brachiis
3463 1864 3573 1918 sibi
3606 1863 3850 1918 invicem

2208 1954 2638 2010 adhaerentibus
2665 1956 2774 2010 sub
2798 1954 3028 2010 cuculla
3048 1969 3175 2024 sua,
3200 1954 3534 2026 mansitque
3555 1951 3850 2024 stupidus,

2207 2044 2470 2117 cogitans
2503 2044 2640 2116 quid
2674 2059 2842 2115 agere
2878 2044 3132 2099 deberet.
3167 2043 3376 2098 Omnia
3400 2046 3597 2098 tamen
3630 2041 3854 2112 reliqua

2208 2135 2472 2189 membra
2518 2151 2625 2188 sua
2674 2133 2914 2188 mobilia
2960 2137 3018 2188 et
3065 2134 3136 2188 ad
3187 2150 3360 2188 usum
3397 2139 3530 2204 apta
3577 2131 3848 2196 habebat,

2208 2223 2464 2294 exceptis
2493 2222 2768 2290 brachiis,
2787 2240 2912 2295 quae
2939 2223 3028 2277 vir
3046 2218 3284 2278 sanctus
3315 2221 3654 2277 auctoritate
3675 2219 3786 2272 sibi
3819 2235 3852 2272 ι

2207 2312 2322 2367 Deo
2339 2311 2552 2367 collata
2572 2309 2857 2384 ligavit,et
2877 2310 3112 2366 inutilia
3127 2311 3664 2367 reddidit.Tandem
3689 2307 3850 2362 finito

2207 2401 2460 2472 capitulo
2491 2401 2761 2467 surrexit,
2796 2401 2976 2456 miser
3010 2400 3108 2456 ille
3141 2402 3245 2460 Tsic
3293 2401 3528 2472 ligatus,
3563 2401 3618 2454 et
3649 2398 3846 2453 exiens

2209 2495 2339 2563 post
2368 2495 2636 2545 sanctum
2659 2491 2995 2561 episcopum
3017 2491 3320 2544 confessus
3350 2495 3438 2544 est
3458 2489 3508 2542 ei
3541 2491 3761 2542 secreto
3786 2501 3847 2540 se

2207 2581 2388 2634 fuisse
2421 2595 2603 2644 reum,
2639 2594 2815 2648 seque
2855 2577 3140 2632 latrocinii
3181 2581 3544 2648 perpetrasse
3586 2581 3846 2640 reatum;

2210 2667 2354 2723 nihil
2376 2671 2570 2722 tamen
2593 2666 2642 2720 ei
2672 2666 2742 2720 de
2769 2664 3060 2737 ligatione,
3088 2682 3202 2736 qua
3222 2665 3532 2719 tenebatur
3551 2665 3848 2728 astrictus,

2209 2755 2830 2826 indicans.Episcopus
2850 2758 3042 2809 autem
3054 2755 3258 2808 videns
3275 2770 3409 2808 eum
3432 2753 3612 2807 nimio
3633 2758 3850 2806 terrore

2213 2850 2564 2918 correptum,
2590 2843 2741 2898 sicut
2760 2843 2810 2898 ei
2834 2844 3014 2897 moris
3045 2846 3168 2898 erat
3198 2843 3613 2913 pamitentibus
3635 2845 3693 2896 et
3711 2841 3854 2895 ﬂen-

2215 2937 2374 2990 tibus
2401 2934 2716 2988 clementer
2745 2933 3062 3004 ignoscere,
3096 2935 3155 2985 et
3182 2931 3592 2986 misericordiae
3621 2928 3857 2983 visceri-

2218 3026 2328 3079 bus
2357 3021 2686 3089 condolere,
2721 3020 2934 3076 blando
2967 3035 3233 3074 sermone
3264 3020 3564 3090 respondit
3591 3036 3603 3072 :
3636 3041 3657 3069 ι
3692 3019 3862 3072 Modo

2219 3111 2415 3167 saltim
2445 3111 2591 3166 bene
2621 3109 2832 3176 fecisti,
2868 3108 3004 3164 licet
3041 3125 3168 3164 sero
3203 3109 3534 3164 conﬁtendo
3563 3111 3863 3179 peccatum

471 3195 828 3267 pervenisset
895 3197 1115 3265 locum,
1186 3203 1316 3270 post
1384 3201 1575 3255 missa:
1643 3200 2110 3264 celebrationem,
2145 3177 2188 3242 (ἶ
2222 3205 2390 3256 tuum
2423 3216 2437 3253 :
2472 3199 2690 3254 habeas
2723 3214 2876 3252 nunc
2925 3203 3179 3253 nostram
3229 3197 3766 3252 benedictionem.»
3799 3195 3868 3250 Et

472 3291 718 3358 postque
741 3285 935 3340 dulcia
956 3293 1168 3341 sancta:
1191 3289 1617 3358 praedicationis
1643 3289 1916 3360 alloquia,
1931 3289 2114 3360 jussit.

474 3392 541 3429 ex
553 3391 712 3430 more
733 3376 805 3429 ad
829 3376 1258 3432 confirmandos
1273 3394 1480 3447 pueros
1493 3377 1683 3433 oleum
1698 3379 1806 3434 sibi
1823 3379 2112 3434 exhibere.

475 3463 587 3518 Sed
617 3463 864 3518 clericus
896 3465 992 3537 qui
1029 3465 1349 3536 ampullam
1381 3483 1442 3522 se
1473 3483 1670 3522 secum
1701 3469 1848 3522 ferre
1872 3468 2119 3522 aestima-

475 3552 592 3619 bat,
609 3559 842 3624 repente
863 3555 1015 3624 quod
1041 3571 1166 3608 eam
1194 3556 1540 3625 perdidisset
1564 3557 2117 3628 agnovit.’l‘urbatus

476 3657 610 3713 ergo
643 3639 941 3696 celerrime
962 3643 1190 3714 repetiit
1221 3645 1330 3699 iter
1350 3646 1502 3700 unde
1525 3651 1776 3713 venerat,
1802 3651 1859 3700 et
1880 3645 1954 3700 dil
1969 3647 2120 3717 igen-

477 3736 562 3784 ter
591 3730 703 3784 huc
737 3729 990 3802 illucque
1019 3733 1516 3804 circumspiciens,
1549 3735 1766 3790 invenit
1797 3735 2117 3806 ampullam

476 3819 812 3888 chrismatis
843 3821 902 3874 in
940 3821 1032 3876 via
1051 3821 1344 3892 jacentem
1367 3822 1492 3878 oleo
1521 3823 1774 3896 plenam,
1799 3826 1970 3896 cujus
2001 3841 2116 3879 me-

477 3909 664 3963 dietas
685 3909 920 3981 quidem
945 3909 1118 3982 paulo
1141 3915 1272 3966 ante
1293 3913 1613 3984 quidquam
1638 3913 1882 3985 liquoris
1904 3913 2120 3968 habue-

479 4002 586 4052 rat.
613 4000 736 4063 Qua
778 4004 1110 4070 assumpta,
1144 4017 1277 4054 cum
1324 4001 1532 4056 timore
1563 4005 1619 4055 et
1649 4003 1860 4073 gaudio
1911 4019 2122 4074 magno

483 4105 746 4142 reversus
779 4094 869 4142 est
889 4091 1090 4142 sancto
1112 4090 1359 4144 antistiti
1381 4091 1767 4157 satisfaciens,
1791 4095 1848 4145 et
1873 4090 2124 4144 caelestis

481 4175 763 4230 stillicidii
785 4176 1134 4231 miraculum
1153 4179 1340 4232 veraci
1365 4179 1639 4234 relatione.
1664 4181 1946 4249 pandens.
1962 4179 2122 4244 Quod

483 4263 582 4319 Dei
625 4269 769 4319 nutu
818 4271 1048 4337 gestum
1097 4282 1224 4320 esse
1281 4267 1581 4336 probatur,
1613 4273 1678 4320 ut
1729 4268 1826 4338 qui
1873 4267 2124 4338 Spiritus

483 4353 668 4409 sancti
693 4354 880 4426 gratia
901 4355 1376 4425 perfundebatur,
1391 4356 1634 4426 ejusque
1658 4357 1928 4411 unctione
1951 4357 2126 4410 corda

481 4451 537 4500 et
585 4443 760 4499 facies
809 4443 1126 4498 multorum
1159 4443 1544 4509 exhilarabat;
1597 4444 1719 4515 ipse
1768 4461 1880 4500 non
1932 4445 2124 4500 solum

2223 3289 2420 3344 statim
2444 3285 2635 3342 soluta
2657 3290 2796 3341 sunt
2821 3286 3060 3341 brachia
3079 3285 3530 3364 illiuslepiscopo
3553 3285 3864 3339 nesciente.

2224 3381 2297 3434 At
2326 3377 2424 3433 ille
2452 3376 2650 3431 exiens
2693 3374 2828 3430 inde
2855 3375 3226 3430 vehementer
3271 3375 3506 3446 gavisus
3537 3379 3646 3442 est,
3671 3390 3868 3428 narra-

2225 3469 2420 3538 vitque
2449 3482 2550 3538 per
2591 3464 2853 3520 ordinem
2885 3465 2955 3517 de
2996 3480 3102 3518 sua
3152 3461 3426 3534 ligatione
3475 3468 3530 3518 et
3581 3462 3868 3517 solutione

2227 3557 2460 3611 cuidam
2493 3553 2652 3608 fratri
2684 3553 2919 3607 nomine
2949 3551 3210 3624 Wlfgaro
3244 3551 3339 3624 [aL
3369 3552 3611 3625 Wfaroj,
3647 3552 3744 3623 qui
3777 3551 3873 3605 ad-

2231 3645 2456 3700 monuit
2484 3643 2592 3699 hoc
2632 3643 2820 3713 magis
2859 3639 3088 3695 silentio
3137 3657 3265 3696 esse
3295 3641 3624 3708 celandum,
3649 3646 3705 3695 et
3733 3657 3868 3694 con-

2229 3752 2374 3807 gruo
2405 3733 2777 3805 postmodum
2812 3735 3070 3802 tempore
3100 3731 3510 3803 detegendum.
3540 3732 3660 3796 Qua
3693 3747 3759 3784 ex
3791 3746 3876 3784 re-

2231 3827 2404 3880 datur
2431 3821 2701 3894 intelligi,
2725 3821 2895 3891 cujus
2927 3819 3115 3874 meriti
3147 3819 3236 3873 vir
3265 3820 3373 3873 iste
3403 3820 3576 3874 fuerit
3606 3824 3738 3874 ante
3768 3819 3874 3873 Do-

2233 3914 2480 3977 minum,
2511 3910 2608 3981 qui
2655 3907 2778 3962 solo
2829 3923 3094 3962 sermone
3144 3911 3364 3962 tantam
3413 3908 3707 3974 virtutem,
3743 3907 3878 3962 licet

2233 4001 2518 4065 nesciens,
2571 3997 2843 4052 ostendit.
2893 3997 3038 4050 Nam
3093 3995 3230 4066 quia
3278 3995 3629 4067 pastoralem
3689 3997 3874 4050 sancti

2234 4088 2536 4162 regiminis
2565 4102 2764 4140 curam
2807 4085 2919 4139 fide
2951 4089 3006 4139 et
3035 4085 3297 4139 moribus
3337 4087 3510 4156 digne
3542 4085 3874 4152 custodivit,

2234 4179 2486 4251 profecto
2517 4175 2670 4232 beati
2714 4175 2864 4229 Petri
2917 4173 3196 4245 principis
3244 4173 3637 4245 apostolorum
3670 4175 3874 4242 vicem,

2234 4268 2468 4340 ligando
2501 4271 2675 4336 atque
2705 4263 2978 4319 solvendo
3009 4263 3279 4318 obtinuit.

2305 4357 2440 4412 CAP.
2470 4353 2708 4410 XXXIV.
2731 4385 2800 4394 --
2824 4353 3006 4424 Igitur
3045 4369 3179 4407 cum
3205 4353 3292 4407 vir
3311 4352 3409 4406 Dei
3453 4353 3875 4424 magno'cona-

2236 4446 2392 4500 mine
2413 4449 2665 4501 veterem
2690 4459 2962 4498 renovare
2983 4441 3330 4497 decrevisset
3353 4439 3678 4505 ecclesiam,
3697 4440 3880 4512 jussit

485 4534 746 4602 interius,
783 4533 882 4586 sed
916 4532 1090 4586 etiam
1129 4532 1380 4586 exterius
1429 4532 1552 4586 oleo
1602 4549 1865 4604 superum
1916 4533 2126 4588 laetitia":
2151 4539 2198 4603 1)
2233 4538 2439 4592 fratres
2469 4535 2804 4606 frequenter
2833 4532 3131 4586 laboribus
3163 4548 3279 4584 una
3307 4547 3440 4584 cum
3473 4529 3796 4584 artiﬁcibus
3819 4535 3877 4584 et

482 4625 912 4677 remuneraretu
923 4639 968 4675 r.

553 4712 687 4766 Car.
720 4710 959 4766 XXXIII.
987 4711 1314 4776 —Quidam
1356 4712 1678 4765 monachus
1714 4712 1822 4783 (‘21)
1855 4713 1964 4766 sub
1995 4713 2123 4782 ejus

406 4871 411 4879 ¹
484 4801 818 4873 magisterio
848 4801 1110 4870 degebat,
1147 4801 1245 4870 qui
1289 4800 1606 4854 diPmOIlICO
1655 4801 1930 4855 instinctu
1985 4802 2122 4856 furti

483 4895 704 4944 reatum
731 4889 1268 4962 perpetravit.Unde
1291 4894 1343 4943 et
1364 4906 1594 4943 onmem
1617 4891 2122 4962 congregationem

483 4997 694 5052 magna
717 4980 954 5034 tristitia
975 4977 1138 5034 dolor
1159 4978 1534 5044 invasit,dum
1557 4979 1804 5050 quisque
1826 4981 2126 5050 subjectus

483 5069 554 5122 ab
587 5068 766 5122 altero
795 5070 970 5123 fratre
999 5069 1119 5138 geri
1159 5072 1406 5139 putaret,
1441 5069 1592 5138 quod
1645 5085 1706 5122 se
1755 5085 2120 5140 nequaquam

483 5157 686 5211 fecisse
715 5156 914 5226 procul
951 5158 1130 5213 dubia
1170 5158 1356 5212 scivit.
1387 5157 1491 5211 Pro
1522 5174 1636 5228 qua
1668 5174 1726 5210 re
1756 5162 1995 5212 sanctus
2022 5176 2122 5212 an.-

555 5254 664 5328 (29)
696 5253 924 5328 .‘Elfrico
949 5270 962 5306 :
983 5277 1008 5302 «
1037 5254 1290 5327 Contigit
1316 5255 1634 5328 aliquando
1666 5253 1940 5328 clericum
1973 5257 2122 5326 ejus,

480 5325 572 5380 cui
587 5325 960 5398 designatum
983 5331 1106 5380 erat
1127 5325 1448 5397 ampullam
1473 5329 1600 5398 ejus
1625 5327 1788 5388 ferre,
1807 5325 2122 5382 minus'olei

481 5398 758 5468 accipere,
775 5401 1048 5468 ctc.,quze
1072 5414 1173 5452 nec
1198 5399 1564 5454 medietatem
1589 5403 1759 5452 antea
1786 5398 2122 5454 habuerat.»

484 5467 619 5541 Mos
666 5473 788 5522 erat
837 5467 1129 5541 quondam
1184 5470 1490 5539 episcopis,
1535 5475 1948 5541 utnunquam
2001 5471 2126 5525 sine

481 5538 798 5594 chrismate
856 5538 1392 5610 proﬁciscerentur;
1435 5540 1755 5594 Concilium
1793 5538 2124 5596 CArausica-

487 5626 626 5664 num
679 5628 717 5678 ι,
749 5627 878 5666 can.
912 5619 966 5678 2,
994 5635 1021 5661 ‹‹
1053 5610 1262 5667 Nullus
1312 5611 1736 5677 ministrorum,
1791 5613 1886 5682 qui
1940 5613 2124 5683 bapti-

2233 4625 2513 4696 operariis
2552 4623 2841 4687 insistere,
2877 4621 3090 4691 quibus
3132 4619 3399 4672 certatim
3449 4618 3876 4682 laborantibus,

2233 4731 2381 4786 opus
2401 4711 2629 4767 aediﬁcii
2656 4708 2940 4781 paulatim
2964 4709 3022 4761 in
3045 4705 3296 4762 sublime
3316 4707 3582 4772 excrevit,
3607 4707 3878 4778 plurimis

2233 4803 2370 4858 hinc
2400 4802 2534 4856 inde
2560 4797 2866 4854 sutfultum
2897 4797 3184 4863 oratoriis,
3208 4797 3265 4850 in
3292 4797 3506 4868 quibus
3537 4801 3875 4850 sanctorum

2233 4894 2581 4947 venerantur
2611 4887 2890 4960 suffragia
2928 4885 3154 4940 cunctis
3185 4885 3434 4940 ﬁdeliter
3469 4885 3880 4940 accedentibus

2235 4981 2559 5054 profutura.
2577 4977 2828 5049 Contigit
2859 4980 3054 5030 autem
3087 4975 3338 5046 quadam
3363 4975 3472 5039 die,
3497 4974 3638 5028 dum
3671 4975 3880 5028 fratres

2233 5073 2454 5124 starent
2475 5068 2548 5123 ad
2574 5082 2875 5120 summum
2907 5062 3139 5118 culmen
3169 5061 3370 5133 templi
3404 5079 3538 5116 cum
3572 5066 3878 5116 caementa-

2234 5159 2430 5225 riis,ut
2451 5175 2605 5212 unus
2617 5153 3043 5220 eorum,Godus
3065 5151 3555 5217 nomine,caderet
3575 5168 3607 5204 a
3629 5150 3882 5204 summis

2233 5257 2402 5312 zandi
2452 5255 2657 5329 recipit
2687 5253 2943 5329 oft'icium
2977 5251 3114 5329 sine
3131 5248 3446 5329 chrismathe
3498 5264 3745 5329 usquam
3781 5249 3878 5302 de-

2237 5330 2334 5384 bet
2381 5319 2671 5400 progredi.
2706 5348 2733 5376 »
2773 5326 2918 5396 Lege
2970 5321 3363 5393 przefationem
3398 5319 3604 5374 Szeculi
3640 5337 3678 5387 ῐ,
3713 5336 3878 5374 num.

2239 5403 2707 5542 1032.1)21311fricus
2732 5485 2783 5542 ;‹‹
2807 5465 3051 5531 Quidam
3076 5462 3398 5542 monachus
3421 5463 3528 5542 sub
3551 5463 3876 5542 co‘degens,

2235 5533 2556 5598 Ea‘dxvinus
2587 5538 2840 5600 nomine,
2877 5535 3238 5606 marsupium
3283 5535 3590 5604 cujusdam
3623 5533 3880 5587 hominis

2224 5615 2518 5669 instinctu
2551 5609 2870 5666 da’monico
2901 5609 3126 5662 furatus
3157 5611 3264 5667 est,
3296 5629 3321 5654 ››
3355 5610 3463 5662 etc.
