4166 6172
328 297 412 353 97

1945 297 2123 356 VITA
2136 341 2149 354 .

3666 305 3744 359 98

335 445 523 499 usque
583 428 655 481 ad
707 432 942 481 terram.
996 425 1100 491 Qui
1166 442 1301 480 mox
1364 432 1427 481 ut
1488 432 1702 483 terram
1762 428 1977 500 attigit,
2010 429 2167 494 Aad
2201 444 2457 484 amorem
2482 436 2537 485 et
2561 432 2935 507 reverentiam
2960 432 3105 486 tanti
3130 432 3316 487 Patris
3336 433 3542 488 humili
3565 436 3737 489 devo-

336 516 651 570 incolumis
709 532 957 587 surgens
1023 514 1206 580 stetit,
1280 514 1359 568 nil
1430 515 1567 570 mali
1642 534 1854 588 passus
1914 518 1984 571 de

335 611 503 659 tanta
559 605 730 659 ruina
785 621 796 657 :
850 620 1028 674 seque
1077 604 1268 657 crucis
1318 603 1619 675 signaculo
1667 605 1981 669 benedixit,

332 694 639 749 admirans
709 693 847 765 quid
924 692 1000 746 ibi
1078 697 1293 765 ageret,
1369 692 1456 747 vel
1541 692 1792 765 qualiter
1848 692 1984 747 illuc

333 782 576 836 venerit.
604 783 674 836 Et
694 781 922 835 cunctis
955 780 1053 852 qui
1078 781 1319 835 aderant
1336 780 1689 847 videntibus,
1724 783 1988 836 ascendit

335 872 411 925 ad
444 870 639 923 locum
673 870 771 924 ubi
807 874 979 924 antea
1009 871 1280 935 steterat;
1314 873 1371 923 et
1402 869 1692 941 accipiens
1724 870 1983 935 trullam,

336 960 499 1031 operi
534 959 688 1030 quod
716 957 1110 1023 inchoaverat,
1150 956 1490 1033 diligentius
1522 959 1850 1015 insistebat.
1884 950 1985 1014 Cui

339 1066 480 1120 ergo
502 1048 608 1102 hoc
643 1047 993 1102 miraculum
1016 1046 1426 1102 ascribendum
1448 1048 1676 1115 est,nisi
1708 1048 1989 1121 illi,cujus

334 1138 515 1206 jussu
546 1137 617 1191 ad
650 1154 798 1208 opus
842 1134 1186 1191 obedientize
1216 1135 1437 1190 exivit?
1469 1136 1567 1206 qui
1613 1137 1827 1192 idcirco
1860 1137 1989 1191 laedi

346 1243 460 1284 non
497 1226 707 1297 potuit,
742 1225 880 1297 quia
900 1224 1056 1279 hunc
1088 1224 1147 1278 in
1167 1240 1307 1279 casu
1330 1242 1436 1279 suo
1462 1225 1568 1279 viri
1589 1225 1690 1280 Dei
1716 1226 1987 1281 meritum

328 1315 621 1387 .portavit,
682 1320 739 1369 et
801 1332 835 1368 a
896 1313 1152 1386 periculo
1215 1314 1393 1369 ruinae
1468 1313 1796 1370 incolumen
1861 1332 1990 1387 pro—

345 1405 512 1463 texit.
910 1453 923 1465 .

418 1493 555 1549 CAP.
592 1492 802 1547 XXXV.
837 1524 905 1533 -—-
950 1493 1235 1565 Tempore
1285 1494 1540 1565 quodam
1586 1493 1826 1548 hiemali
1859 1510 1991 1548 cum

353 1584 563 1638 fratres
594 1582 917 1637 secundum
953 1580 1161 1653 regulae
1193 1581 1450 1637 edictum
1482 1583 1802 1653 temporius
1825 1583 1896 1636 ad
1919 1582 1995 1635 vi-

344 1670 517 1744 gilias
549 1675 854 1743 surgerent
887 1671 1124 1741 (Regqu
1151 1670 1208 1725 S.
1238 1671 1437 1726 Bened.
1471 1687 1598 1742 cap.
1649 1672 1730 1741 ιι),
1782 1675 1839 1725 et
1887 1687 1992 1724 no—

346 1765 555 1815 cturno
586 1759 890 1815 intervallo
923 1759 1261 1831 psalmodize
1285 1764 1342 1815 et
1371 1759 1603 1814 lectioni
1626 1760 1992 1827 inservirent;

345 1849 589 1921 quidam
622 1848 967 1916 monachus,
994 1848 1229 1903 nomine
1250 1849 1668 1917 Teodricus,ad
1690 1849 1792 1905 Dei
1814 1849 1997 1904 homi-

346 1956 483 1995 nem
505 1939 774 2012 perrexit,
807 1938 1006 1993 volens
1029 1938 1261 1992 indiciis
1282 1937 1354 1992 de
1374 1939 1627 2009 quadam
1650 1939 1995 1994 necessitate

346 2029 400 2084 ei
431 2029 967 2099 indicare,eumque
998 2026 1242 2081 luminis
1272 2025 1690 2082 candelabrum
1711 2044 1891 2082 manu
1911 2032 1993 2082 te-

350 2123 588 2172 nentem
621 2118 835 2189 reperit
863 2122 921 2171 et
952 2115 1262 2187 legentem,
1289 2120 1346 2170 et
1376 2114 1577 2170 sedula
1597 2115 1857 2189 agilitate
1878 2115 1995 2188 pal-

351 2206 665 2279 pebrarum
690 2205 901 2261 seniles
920 2206 1162 2260 obtutus
1181 2209 1487 2259 acuentem
1514 2222 1527 2259 :
1554 2205 1750 2277 ibique
1772 2206 1996 2260 diutius

352 2297 536 2363 stetit,
565 2295 871 2349 attendens
906 2311 1081 2366 quam
1114 2294 1374 2349 studiose
1406 2294 1605 2349 oculos
1626 2295 1849 2367 paginre
1874 2294 1998 2351 infi-

351 2385 804 2457 geret.Surrexit
837 2384 1073 2438 tandem
1094 2383 1183 2437 vir
1204 2387 1445 2437 sanctus
1471 2402 1505 2438 a
1524 2384 1788 2451 lectione,
1813 2388 1871 2438 et
1900 2383 1995 2437 ille

352 2477 530 2528 frater
558 2473 821 2528 residens
852 2473 1074 2544 accepit
1104 2471 1427 2535 candelam,
1468 2473 1754 2544 capitque
1784 2471 1993 2543 legere,

353 2564 607 2635 probans
632 2571 830 2617 utrum
850 2568 905 2617 et
924 2562 1049 2633 ipse
1066 2566 1265 2633 posset
1281 2561 1479 2616 oculos
1510 2578 1649 2616 suos
1672 2565 1903 2616 sanctos
1923 2561 1993 2615 ad

348 2652 663 2725 legendum
701 2657 819 2705 tam
852 2650 1161 2723 diligenter
1205 2667 1429 2716 acuere,
1464 2650 1617 2705 sicut
1657 2652 1995 2723 episcopum

350 2758 489 2796 suos
522 2740 843 2812 caligantes
874 2740 1080 2795 fecisse
1113 2740 1352 2795 viderat.
1390 2740 1499 2795 Sed
1551 2739 1653 2794 illa
1697 2740 1997 2794 temeritas

348 2847 464 2884 non
496 2831 735 2902 impune
768 2829 956 2884 evenit
1008 2828 1111 2883 illi.
1147 2829 1294 2883 Nam
1346 2829 1609 2900 sequenti
1642 2832 1829 2895 nocte,
1862 2845 1995 2882 cum

348 2919 617 2973 membra
645 2917 836 2989 sopori
869 2916 1145 2979 dedisset,
1181 2917 1451 2988 apparuit
1481 2917 1530 2971 ei
1565 2918 1800 2987 quidam
1835 2916 1998 2972 vultu

352 3008 708 3079 incognitus,
747 3006 986 3061 terribili
1021 3006 1475 3060 comminatione
1506 3006 1706 3061 dicens
1728 3006 1799 3061 ad
1823 3023 1956 3061 eum
1983 3023 1995 3059 :

2024 1800 2073 1864 B

2094 517 2249 571 tione
2274 518 2958 575 incitaremus.Czeterum
2993 538 3104 575 non
3142 521 3307 576 facile
3330 523 3497 578 nobis
3529 540 3734 579 occur-

2099 606 2171 658 rit
2202 606 2738 678 explieare,quanta
2759 609 2840 663 vel
2876 609 3072 679 qualia
3091 615 3329 665 sanctus
3358 612 3736 669 Adelwoldus

2097 695 2442 750 sustinuerit
2492 714 2595 767 pro
2646 697 3063 752 monachorum
3094 699 3427 755 defensione
3458 702 3733 772 pericula.

2099 787 2401 854 autquam
2455 784 2707 857 benigna
2755 785 3034 858 diligebat
3083 788 3291 842 affectu
3341 790 3637 845 studiosos
3682 797 3738 846 et

2098 872 2436 926 obedientes
2458 873 2685 936 fratres,
2708 878 2809 928 aut
2829 879 3114 944 quantum
3148 876 3203 928 in
3229 881 3523 933 structura
3545 896 3740 934 mona-

2100 960 2255 1013 sterii
2292 960 2613 1015 elaboraret
2642 962 2943 1016 ecclesiam
2986 964 3307 1034 reparando
3336 955 3597 1038 aliasque
3636 969 3739 1023 do-

2102 1065 2227 1102 mos
2258 1048 2634 1117 aedificando;
2670 1054 2976 1121 autquam
3010 1052 3249 1123 pervigil
3282 1058 3405 1107 erat
3436 1055 3492 1108 in
3525 1058 3737 1111 oratio-

2102 1138 2360 1203 nibus,et
2383 1155 2558 1209 quam
2580 1138 2781 1192 devote
2802 1139 3147 1193 hortabatur
3190 1141 3396 1196 fratres
3414 1144 3484 1196 ad
3513 1146 3739 1200 confes~

2102 1226 2283 1281 sionis
2314 1227 2765 1290 remedium,aut
2794 1245 2967 1298 quam
3002 1228 3186 1283 multa
3205 1229 3390 1285 millia
3409 1232 3738 1289 animarum

2101 1314 2331 1369 diaboio
2363 1316 2953 1387 subtraxerit,easque
2986 1317 3101 1371 Deo
3133 1318 3391 1374 redditas
3420 1320 3561 1376 ccelo
3596 1322 3742 1377 intu-

2100 1402 2377 1458 lerit.Sed
2406 1420 2473 1457 ex
2504 1404 2596 1458 his
2628 1406 2828 1475 paucis
2859 1404 3026 1476 plura
3046 1408 3313 1477 cognosci
3340 1416 3739 1483 possuntque:

2102 1510 2136 1545 a
2166 1492 2333 1546 nobis
2364 1492 2618 1546 enarrari
2654 1498 2946 1564 nequeunt
2968 1494 3099 1565 (22).

2173 1580 2611 1635 CAP.XXXVIII.
2638 1612 2703 1620 —-
2716 1581 3027 1653 Oportebat
3051 1601 3301 1655 namque
3336 1586 3561 1658 impleri
3587 1606 3742 1644 som-

2106 1668 2453 1739 nium,quod
2475 1686 2638 1724 sacer
2659 1670 2999 1725 Dunstanus
3038 1669 3133 1726 ille
3153 1671 3442 1743 gloriosus
3454 1679 3511 1729 et
3532 1678 3745 1750 angeli-

2104 1757 2572 1829 cusAngelorum
2592 1759 2783 1830 gentis
2799 1759 3271 1832 archiepiscopus
3283 1762 3421 1817 olim
3434 1764 3505 1819 de
3516 1781 3582 1820 eo
3596 1782 3657 1821 se
3669 1768 3745 1820 vi-

2104 1846 2262 1901 disse
2287 1846 2801 1917 perhibebat.Nam
2829 1864 2963 1902 cum
2999 1854 3154 1903 esset
3188 1851 3371 1906 abbas
3408 1855 3743 1910 monasterii

2106 1935 2731 2004 Glestoniensis,etsub
2744 1937 2872 2008 ejus
2886 1937 3166 2008 regimine
3189 1938 3468 1997 militaret
3487 1944 3748 2015 omnipo-

2105 2025 2282 2079 tentis
2303 2024 2403 2079 Dei
2423 2025 2679 2081 famulus
2694 2025 3091 2091 Adclwoldus,
3109 2027 3261 2082 sicut
3287 2047 3465 2102 supra
3490 2033 3745 2087 narravi-

2106 2114 2410 2181 mus,vidit
2423 2116 2478 2169 in
2494 2116 2717 2170 somnis
2729 2120 2890 2170 extra
2900 2116 3309 2172 dormitorium
3323 2120 3745 2193 positus,quasi

2107 2205 2422 2275 quamdam
2466 2205 2623 2259 mira:
2664 2204 3026 2260 celsitudinis
3072 2207 3359 2275 arborem,
3385 2227 3509 2281 qum
3552 2228 3745 2267 ramos

2107 2309 2243 2347 suos
2271 2295 2593 2364 expandere
2614 2294 2737 2349 visa
2758 2294 2938 2349 estad
2963 2294 3243 2351 orientem
3271 2302 3329 2351 et
3362 2300 3741 2365 occidentem,

2108 2382 2562 2453 septentrionem
2586 2388 2640 2437 et
2661 2382 3507 2456 meridiem,superuniversam
3524 2389 3748 2444 Britan-

2108 2471 2214 2524 niae
2239 2472 2531 2543 regionem
2544 2476 2707 2526 vasta
2720 2471 3083 2543 longitudine
3096 2478 3153 2528 et
3168 2472 3475 2533 latitudine
3488 2481 3743 2533 extensa.

2108 2559 2287 2629 Cujus
2299 2561 2523 2615 arboris
2546 2561 2687 2614 rami
2714 2561 3213 2617 innumeriserant
3233 2564 3554 2634 majoribus
3572 2570 3745 2638 atque

2109 2649 2434 2703 minoribus
2455 2648 3172 2721 suetillis(23)onusti,ipsa
3192 2668 3324 2706 vero
3337 2654 3574 2708 arborin
3593 2672 3746 2709 sum-

2111 2753 2203 2789 mo
2225 2737 2526 2791 cacumine
2540 2738 2803 2809 gestabat
2822 2756 2999 2792 unam
3018 2740 3415 2810 praegrandem
3431 2742 3740 2809 cucullam,

2110 2843 2235 2896 qua:
2251 2826 2610 2880 manicarum
2626 2827 2947 2880 velamento
2960 2828 3398 2896 supereminens
3412 2831 3748 2901 protegebat

2109 2919 2428 2979 e:eteras,et
2452 2915 2669 2987 ingenti
2693 2914 3033 2985 proceritate
3058 2915 3503 2987 supergrediens
3527 2916 3748 2973 univer-

2111 3021 2225 3067 sas,
2262 3004 2455 3075 ipsum
2487 3004 2859 3075 contingebat
2879 3003 3109 3058 coelum.
3133 3004 3233 3057 Vir
3263 3008 3455 3060 autem
3492 3006 3741 3073 Domini,

356 3100 511 3163 «Qua
527 3097 851 3151 temeritate
866 3095 1289 3171 praesumpsisti
1304 3095 2000 3168 exprobrareepiscopum
2046 3169 2055 3171 4
2113 3092 2663 3165 Dunstanus,super
2682 3092 2779 3147 tali
2804 3093 3023 3148 visione
3046 3093 3415 3149 vehementer
3444 3097 3744 3164 attonitus,

356 3184 649 3257 praeterita
670 3189 834 3239 nocte
858 3185 914 3239 in
939 3184 1215 3256 legendo!
1260 3207 1289 3234 ››
1320 3184 1581 3256 Cumque
1618 3186 1996 3240 tremefactus
2027 3169 2069 3235 C
2112 3182 2633 3253 interrogabatwa
2648 3182 2759 3236 sibi
2783 3183 3747 3257 demonstrantemcanisangelieis

357 3292 420 3329 se
453 3274 562 3329 hoc
589 3274 794 3328 fecisse
826 3278 1083 3344 negaret,
1120 3272 1214 3327 ille
1246 3273 1423 3327 torvis
1476 3274 1532 3327 in
1583 3290 1716 3329 eum
1768 3275 2003 3328 intuens

358 3363 685 3419 luminibus
718 3380 731 3416 :
762 3385 788 3409 ‹‹
821 3362 941 3416 Non
978 3361 1480 3434 potes,inquit,me
1510 3362 1762 3418 fallendo
1783 3363 2003 3428 ludere,

366 3454 523 3507 sicut
552 3451 807 3506 :estimas
841 3468 853 3504 ε
884 3451 982 3504 sed
1008 3449 1116 3504 hoc
1139 3450 1372 3523 signum
1398 3456 1509 3505 tua:
1530 3452 2005 3524 praesumptionis

362 3542 605 3605 habeas.
642 3564 667 3589 υ
702 3541 770 3595 Et
802 3539 922 3593 haec
962 3539 1162 3593 dicens
1210 3539 1460 3593 incussit
1496 3539 1779 3595 violenter
1823 3540 2003 3595 ictum

366 3629 553 3685 oculis
583 3629 711 3699 ejus
744 3628 924 3701 digito
972 3644 1098 3695 suo,
1140 3629 1456 3700 statimque
1504 3629 1668 3684 dolor
1704 3629 2004 3685 oculorum

361 3717 591 3777 validus
620 3722 858 3772 secutus
889 3720 996 3782 est,
1032 3717 1129 3787 qui
1170 3734 1303 3771 cum
1337 3716 1541 3771 multis
1592 3717 1799 3771 diebus
1844 3718 2008 3772 vehe-

362 3813 591 3862 menter
621 3807 934 3878 aflligebat,
988 3806 1167 3860 donec
1214 3805 1610 3861 satisfactione
1643 3806 1874 3877 culpam
1916 3807 2008 3860 de-

360 3896 523 3959 leret,
559 3912 731 3967 quam
766 3896 823 3948 in
854 3898 1123 3949 sanctum
1164 3895 1353 3949 virum
1407 3896 1640 3950 incaute
1686 3895 2001 3949 commisit.

429 3985 565 4039 Car.
596 3983 829 4039 XXXVI.
864 4016 931 4022 —
965 3984 1107 4038 Item
1141 3983 1353 4038 accidit
1383 4000 1517 4038 curn
1551 3983 1809 4039 famulus
1840 3984 2004 4038 Chri-

356 4075 431 4129 sti
457 4078 741 4129 nocturno
774 4077 1031 4143 tempore
1069 4072 1303 4127 lectioni
1328 4088 1565 4144 operam
1587 4074 1914 4141 daret,eum
1932 4072 2005 4127 ob

356 4163 601 4217 nimiam
624 4160 988 4233 vigilantiam
1010 4161 1459 4227 obdormisse,et
1480 4161 1785 4217 candelam
1806 4162 2007 4217 arden-

358 4268 477 4315 tem
504 4260 573 4315 de
600 4258 949 4314 candelabro
975 4274 1152 4330 super
1172 4258 1385 4313 librum
1410 4259 1468 4313 in
1492 4276 1606 4330 quo
1628 4259 1847 4332 legerat
1866 4260 2006 4315 ceci-

357 4351 539 4404 disse.
570 4351 703 4414 Qum
738 4347 963 4402 tamdiu
1012 4348 1222 4403 ardens
1274 4365 1450 4419 super
1500 4347 1702 4402 folium
1745 4349 2001 4419 jacebat,

359 4438 545 4492 donec
578 4453 728 4492 unus
770 4436 965 4501 frater,
1012 4436 1245 4490 nomine
1302 4436 1633 4507 Leqfredus,
1684 4436 2001 4491 adveniret.

360 4526 468 4590 Qui
503 4525 749 4581 festinus
782 4525 1003 4597 accepit
1033 4524 1338 4579 candelam
1371 4524 1562 4579 adhuc
1606 4526 2004 4580 ﬂammantem
2036 4540 2083 4603 Ι)

359 4615 433 4668 de
464 4614 694 4679 libro,et
720 4613 970 4668 intuitus
992 4614 1217 4685 aspexit
1246 4612 1473 4668 favillas
1521 4613 1707 4684 ipsius
1756 4614 2007 4669 candelae

362 4721 466 4775 per
495 4703 715 4757 multas
748 4702 930 4757 lineas
953 4702 1239 4771 jacentes,
1273 4706 1330 4757 et
1359 4703 1677 4758 exsufﬂans
1715 4719 1814 4759 eas
1854 4704 2007 4758 inve-

365 4794 449 4846 nit
486 4790 758 4863 pag‘inam
792 4789 1055 4845 illzesam.
1108 4793 1231 4855 Qua
1278 4791 1337 4843 in
1390 4808 1448 4845 re
1500 4792 1775 4846 meritum
1822 4792 2007 4859 sancti

359 4881 467 4934 viri
500 4880 710 4951 patuit,
745 4879 882 4950 quia
912 4879 1209 4933 ardentem
1239 4878 1542 4933 candelam
1591 4880 1838 4934 ﬂumma
1868 4897 2011 4935 con—

362 4968 638 5039 sumpsit,
673 4972 729 5021 et
761 4970 988 5021 tantum
1040 4966 1155 5021 vim
1200 4968 1431 5021 virtutis
1462 4984 1579 5021 sum
1621 4985 1692 5023 ne
1737 4969 2009 5040 paginam

364 5056 603 5111 Iazderet
635 5056 852 5111 amisit.
1348 5056 1371 5078 “

434 5145 569 5199 CAP.
604 5143 870 5198 XXXVII.
893 5176 959 5183 —
992 5144 1121 5198 Hazc
1152 5144 1382 5200 Christo
1413 5144 1728 5218 largientes
1758 5146 2009 5200 breviter

360 5232 694 5297 retulimus,
724 5237 786 5286 ut
808 5239 862 5287 et
886 5237 1198 5304 praesentes
1221 5237 1278 5288 et
1298 5234 1529 5289 futuros
1556 5251 1786 5306 quoque
1808 5234 2008 5288 ﬁdeles

433 5376 546 5445 (22)
574 5375 632 5429 Id
655 5380 1073 5431 commemorat
1101 5376 1436 5432 Willelmus
1469 5376 2009 5433 Malmesburiensis

361 5449 420 5502 in
442 5445 555 5521 lib.
592 5447 735 5521 1_1_de
767 5446 1147 5521 Pongtilicibus
1176 5448 1518 5521 Anglorum.

431 5518 544 5587 (23)
578 5516 845 5572 .Elfricus
878 5518 1009 5572 inde
1041 5516 1524 5576 caeteris'emissis
1565 5520 1749 5575 sancti
1786 5520 2006 5574 obitum

356 5590 443 5645 ita
474 5588 835 5661 praestringit
870 5608 881 5644 :
922 5613 947 5637 ‹‹
985 5589 1139 5646 Obiit
1178 5597 1373 5648 autem
1421 5592 1704 5663 vigesimo
1755 5593 2010 5647 secundo

2114 3270 2449 3324 decoratum
2500 3272 2901 3343 presbyterum
2950 3272 3195 3327 dicens:
3237 3295 3262 3319 ‹‹
3305 3275 3526 3339 Quaeso,
3580 3291 3748 3330 vene-

2116 3359 2293 3413 rande
2325 3361 2536 3425 senior,
2568 3378 2691 3431 quae.
2724 3367 2813 3415 est
2835 3360 2951 3414 lure
3005 3361 3243 3414 robusta
3277 3365 3333 3414 et
3373 3361 3643 3418 sublimis
3664 3381 3752 3419 ar-

2116 3447 2579 3517 bor,cujusrami
2605 3448 2773 3520 longe
2798 3448 3025 3520 lateque
3046 3449 3281 3520 expansi
3325 3453 3443 3504 tam
3483 3451 3751 3507 innume-

2118 3535 2329 3591 rabiles
2353 3536 2612 3591 cucullas
2646 3537 2934 3592 sustinere
2965 3542 3303 3590 cernuntur.
3338 3559 3364 3585 ››
3400 3536 3503 3591 Cui
3526 3537 3622 3593 ille
3663 3556 3750 3595 re-

2117 3624 2353 3695 spondit
2386 3642 2399 3678 :
2433 3648 2457 3673 ‹‹
2489 3626 2673 3680 Arbor
2705 3625 2823 3679 haec
2857 3642 3033 3695 quam
3054 3625 3400 3694 vides,abba
3428 3626 3747 3695 Dunstane,

2116 3713 2295 3767 situm
2328 3713 2787 3786 designathujus
2811 3712 3012 3768 insula:
3031 3730 3044 3768 ε
3060 3717 3477 3792 magnaautem
3502 3715 3748 3785 cuculla,

2116 3818 2241 3871 qua!
2277 3802 2332 3854 in
2364 3801 2543 3871 hujus
2572 3802 2795 3855 arboris
2846 3800 3183 3855 summitate
3214 3800 3474 3871 erigitur,
3512 3802 3637 3873 ipsa
3666 3808 3755 3859 est

2117 3888 2384 3943 monachi
2400 3889 2481 3942 tui
2496 3882 2793 3943 Adelwold
2804 3888 2817 3941 i
2828 3930 2840 3954 ,
2858 3905 2982 3959 quae
2997 3888 3051 3941 in
3068 3888 3175 3941 hoc
3189 3888 3540 3943 monasterio
3553 3890 3753 3945 devote

2116 3976 2344 4031 Christo
2376 3974 2727 4042 famulatur;
2772 3974 3005 4046 reliqua)
3053 3991 3185 4029 vero
3231 3972 3490 4041 cucullaz,
3540 3977 3754 4048 quibus

2116 4066 2173 4122 hi
2209 4066 2353 4119 rami
2390 4064 2661 4119 videntur
2709 4062 2925 4127 onusti,
2959 4062 3396 4118 multitudinem
3447 4064 3756 4138 designant

2116 4154 2559 4219 monachorum,
2595 4154 2693 4225 qui
2719 4154 2847 4224 ejus
2877 4152 3205 4208 eruditione
3234 4156 3372 4206 sunt
3404 4152 3750 4221 instruendi,

2114 4250 2170 4300 et
2204 4243 2456 4315 undique
2488 4243 2546 4297 in
2581 4242 2687 4297 hac
2721 4243 2953 4315 regione
2983 4243 3052 4297 ad
3079 4241 3492 4313 omnipotentis
3520 4243 3617 4299 Dei
3644 4262 3758 4299 ser-

2114 4333 2209 4386 viti
2223 4349 2317 4386 um
2338 4332 2722 4404 congregandi
2743 4350 2755 4398 ;
2781 4333 3023 4403 ejusque
3043 4331 3257 4385 ducatu
3277 4332 3605 4401 perventuri
3620 4337 3757 4388 sunt

2115 4424 2185 4476 ad
2219 4422 2462 4493 gloriam
2498 4422 2655 4492 regni
2686 4421 2985 4485 cmlorum,
3034 4424 3090 4475 et
3139 4420 3210 4474 ad
3253 4418 3591 4475 societatem
3623 4437 3754 4476 cum

2115 4511 2343 4565 Christo
2364 4510 2729 4581 regnantium
2754 4510 3065 4580 spirituum
3082 4509 3576 4572 beatorum-nQuo
3600 4526 3757 4564 acce-

2120 4614 2216 4679 pto
2252 4625 2548 4679 responso,
2582 4607 2669 4661 vir
2705 4611 2943 4662 sanctus
2975 4605 3513 4678 evigilat,visionem
3547 4607 3757 4661 tacitus

2120 4714 2318 4752 secum
2349 4696 2998 4766 considerans,eamque
3030 4694 3403 4765 postmodum
3436 4692 3588 4749 fideli
3614 4694 3758 4749 rela-

2120 4786 2275 4841 tione
2316 4785 2587 4840 ﬁdelibus
2636 4783 2921 4839 indicans.
2955 4785 3087 4848 Quae
3120 4782 3462 4837 succedente
3501 4786 3757 4854 tempore

2120 4876 2276 4931 fama
2304 4874 2577 4946 vulgante
2609 4873 2810 4927 multis
2832 4871 3167 4937 innotuit,et
3196 4870 3429 4925 tandem
3454 4870 3524 4924 ad
3548 4876 3756 4926 nostrae

2121 4981 2350 5036 quoque
2378 4962 2677 5035 parvitatis
2706 4961 2971 5016 notitiam
3000 4959 3275 5031 pervenit.

2191 5054 2327 5108 CAP.
2358 5052 2593 5107 XXXIX.
2627 5081 2696 5091 ——-
2738 5050 2853 5104 Nec
2902 5038 3098 5101 minus
3147 5051 3203 5101 et
3251 5045 3409 5102 aliud
3460 5048 3761 5118 oportebat

2119 5141 2345 5213 impleri
2380 5140 2694 5203 somnium,
2727 5138 2880 5209 quod
2911 5137 3035 5207 ipse
3065 5136 3151 5190 vir
3180 5135 3280 5190 Dei
3312 5140 3553 5193 sanctus
3589 5137 3759 5193 Adel-

2118 5231 2350 5285 woldus
2367 5231 2438 5285 de
2457 5245 2517 5284 se
2537 5228 2704 5282 nobis
2723 5226 2975 5297 quadam
2992 5224 3115 5279 vice
3144 5224 3722 5301 referebatﬁnquiens
3743 5242 3758 5282 :

2121 5390 2273 5429 anno
2304 5372 2395 5428 sui
2421 5372 2812 5444 episcopatus,
2846 5367 3015 5444 tertio
3047 5367 3339 5444 Kalendas
3368 5367 3639 5444 Augusti,
3673 5384 3760 5424 re-

2120 5449 2339 5526 gnante
2363 5439 2591 5526 Elredo
2620 5439 2755 5526 rege
2780 5439 3119 5526 anglprum,
3155 5439 3536 5526 sepultusque
3564 5439 3624 5496 in
3668 5455 3759 5496 ec-

2122 5512 2298 5572 clesia
2327 5515 2629 5571 beatorum
2662 5512 2808 5570 Petri
2840 5512 2898 5570 et
2927 5512 3109 5580 Pauli,
3142 5531 3172 5563 »
3197 5515 3306 5569 etc.
