4166 6172
420 303 497 361 99
1469 295 1532 354 s.
1585 267 2102 352 ETHELWOLDI
2145 287 2494 350 WIN'l‘ON.
2539 287 2783 351 EPISC.

3711 277 3828 340 100

428 455 456 481 ι(
489 431 772 487 Putabam
801 445 894 484 me
923 433 1079 484 stare
1102 427 1272 498 juxta
1320 425 1486 480 littus
1516 425 1715 492 maris,
1773 423 1870 478 ubi
1922 420 2064 476 mihi
2097 422 2151 486 Α
2179 419 2492 493 populares
2522 421 2738 493 quique
2769 421 3045 491 satagunt
3069 434 3102 472 a
3131 415 3284 472 malo
3317 413 3704 478 declinare,et
3734 413 3830 468 bo-

427 519 736 576 videbatur
754 518 961 578 adesse
1009 515 1273 588 quaedam
1327 513 1582 568 maxima
1638 511 1819 578 navis,
1855 509 1914 564 in
1965 525 2078 580 qua

433 607 748 666 multitudo
771 606 1005 678 copiosa
1025 604 1294 676 piscium,
1320 607 1377 656 et
1411 601 1664 656 maxime
1685 597 2076 672 anguillarum

431 696 708 754 conclusa
728 695 1035 751 tenebatur
1045 693 1116 746 ab
1141 692 1258 746 imo
1281 707 1466 762 usque
1486 691 1556 745 ad
1582 706 1775 748 summ
1785 688 2080 742 um.Cum-

427 803 540 858 que
571 800 802 841 mecum
836 782 1051 838 tacitus
1082 780 1417 853 cogitarem,
1454 779 1592 850 quid
1626 778 1734 832 sibi
1775 777 1943 831 vellet
1971 775 2078 830 hoc

429 873 728 930 somnium
753 871 909 943 quod
929 870 1219 936 videbam,
1246 874 1481 940 repente
1503 866 1694 921 audivi
1729 882 1925 919 vocem
1951 881 2078 919 meo

429 963 664 1022 nomine
695 977 790 1017 me
823 963 1152 1024 vocantem,
1207 957 1472 1028 mihique
1501 957 1788 1010 dicentem
1841 970 1853 1007 :
1904 951 2077 1008 Adel-

427 1047 1122 1117 wolde,Adelwolde,hoc
1142 1046 1246 1100 tibi
1269 1047 1614 1100 mandatum
1631 1041 1885 1098 caelitum
1909 1059 1943 1096 a
1964 1042 2079 1096 Deo

431 1140 679 1197 missum
713 1141 821 1194 est.
854 1137 1056 1191 Excita
1107 1135 1214 1189 hos
1261 1135 1449 1206 pisces
1499 1133 1714 1204 quibus
1753 1131 1872 1186 haec
1918 1131 2079 1185 navis

431 1245 608 1299 quam
655 1226 847 1282 cerni
884 1224 1126 1296 impleta
1154 1227 1260 1289 est,
1295 1227 1353 1278 et
1381 1221 1740 1277 orationibUs
1769 1220 1888 1274 tuis
1918 1221 2080 1275 effice

440 1321 504 1376 ut
533 1316 650 1373 sint
679 1315 972 1381 homines,
996 1312 1149 1368 sicut
1179 1315 1348 1368 antea
1367 1309 1809 1380 fuerunt.Cujus
1823 1308 2078 1380 jussioni

432 1421 566 1466 mox
597 1422 705 1478 ego
731 1405 1167 1475 obtemperans,
1219 1400 1351 1456 steti
1383 1417 1488 1472 pro
1517 1399 1604 1454 eis
1627 1399 1701 1452 ad
1736 1397 2076 1464 orationem,

431 1498 490 1550 et
511 1479 902 1564 lacrymarum
941 1490 1128 1544 imbre
1157 1489 1450 1559 perfusus,
1473 1487 1866 1559 ingemiscens
1911 1485 2028 1540 dixi
2064 1502 2076 1540 ε

431 1581 675 1638 Domine
706 1577 966 1646 Jesu,cni
1001 1575 1144 1632 nihil
1177 1580 1265 1632 est
1294 1573 1677 1648 impossibile,
1715 1573 1936 1646 respice
1957 1590 2083 1645 pro-

430 1671 619 1743 pitius
649 1670 721 1725 ad
752 1669 980 1723 animas
1012 1665 1301 1721 diabolica
1333 1665 1535 1720 fraude
1566 1665 1856 1735 deceptas,
1891 1681 2016 1736 quae
2049 1681 2082 1717 a

429 1775 609 1818 sensu
639 1757 910 1814 humanae
941 1755 1184 1811 rationis
1215 1754 1478 1809 alienatas
1513 1757 1677 1820 sunt,
1711 1757 1766 1808 et
1797 1769 1959 1808 more
1987 1753 2082 1808 be-

431 1847 586 1907 etiali
609 1846 669 1904 in
695 1845 920 1903 lubrico
941 1845 1122 1916 hujus
1147 1842 1342 1900 saeculi
1362 1859 1525 1898 como
1552 1841 1961 1897 miserabiliter
2000 1841 2082 1896 in-

431 1936 760 1997 volvuntur.
792 1935 894 2002 Ne,
931 1933 1302 2006 quaeso,bone
1333 1931 1494 2000 Jesu,
1529 1930 1854 2004 permittas,
1899 1935 1964 1986 ut
2009 1931 2080 1986 de

420 2027 518 2084 eis
548 2024 920 2097 triumphans
947 2022 1226 2095 glorietur
1253 2021 1498 2077 humani
1529 2019 1756 2093 generis
1782 2021 2076 2088 inimicus,

433 2116 536 2174 sed
567 2131 669 2186 per
691 2113 778 2168 tui
811 2112 997 2168 sancti
1030 2111 1286 2166 nominis
1316 2108 1797 2182 omnipotentiam
1829 2110 2076 2165 resusci-

434 2208 633 2262 tentur
661 2204 734 2260 ad
763 2203 964 2269 vitam,
993 2205 1058 2257 ut
1087 2199 1383 2257 somnium
1433 2203 1657 2254 aeternae
1709 2197 1914 2253 mortis
1956 2216 2081 2255 eva-

435 2293 657 2359 dentes,
695 2296 746 2347 le
777 2308 977 2346 verum
1008 2297 1066 2344 et
1099 2290 1338 2344 unicum
1372 2287 1577 2342 mundi
1607 2287 1961 2342 Salvatorem
1984 2304 2078 2343 co-

435 2379 1085 2455 gnoscant,etdeinceps
1116 2395 1348 2450 semper
1363 2379 1432 2433 ad
1457 2376 1838 2448 tranquillum
1873 2376 2080 2433 salutis

436 2475 548 2528 tuae
566 2475 798 2543 portum
821 2468 1320 2541 confugientes,ab
1343 2466 1618 2521 omnibus
1639 2467 1842 2520 mundi
1862 2472 2082 2538 pertur-

436 2559 772 2618 bationibus
800 2559 1093 2613 immunes
1124 2557 1394 2624 existant,
1431 2560 1486 2611 ut
1517 2557 1626 2610 sub
1659 2559 1763 2610 tua
1791 2555 2078 2627 guberna-

438 2649 596 2706 tione
625 2665 838 2703 securaa
872 2651 1272 2718 permaneant.
1305 2646 1495 2700 Tuum
1530 2648 1618 2699 est
1647 2643 2076 2710 enim,Christe,

437 2741 702 2795 mortuos
728 2735 1102 2801 viviﬁcare,et
1123 2734 1437 2804 imaginem
1462 2738 1625 2788 tuam
1645 2750 1824 2804 quam
1847 2734 2075 2801 creasti,

433 2827 494 2884 in
518 2827 782 2882 decorem
815 2841 988 2880 suum
1023 2823 1337 2896 pristinum
1371 2823 1702 2890 reformare,
1737 2822 1836 2894 qui
1873 2823 2079 2878 venisti

435 2916 492 2970 in
523 2915 682 2971 hunc
714 2914 1004 2968 mundum
1036 2917 1367 2984 peccatores
1398 2911 1588 2966 salvos
1623 2911 1826 2975 facere,
1861 2916 1916 2967 et
1953 2913 2081 2966 dira

436 3004 644 3060 mortis
664 3002 955 3074 supplicia
984 3019 1195 3072 passus
1227 3001 1284 3054 in
1317 3017 1488 3056 cruce
1517 3001 1794 3072 dignatus
1841 3017 1904 3056 es
1954 3002 2082 3056 fun-

433 3094 569 3148 dere
593 3089 940 3162 sanguinem
957 3094 1127 3144 tuum
1147 3089 1464 3160 pretiosum
1483 3105 1586 3160 pro
1605 3089 1794 3144 salute
1815 3089 2078 3144 omnium

2189 527 2331 565 num
2363 511 2568 576 facere,
2621 512 2679 564 et
2726 507 3030 562 humiliter
3077 505 3213 577 Regi
3267 520 3532 576 regnum,
3575 501 3826 566 Christo,

2188 598 2336 654 colla
2367 599 2616 655 subdere
2649 615 2662 652 :
2697 599 2986 669 quatenus
3017 599 3073 650 et
3103 593 3371 649 monachi
3403 588 3579 645 simul
3631 594 3687 643 et
3722 588 3829 644 lai-

2189 689 2238 742 ci
2272 693 2584 760 sequentes
2614 687 2800 742 sancti
2833 685 3018 740 Patris
3065 681 3390 738 Adelwoldi
3422 677 3686 752 vestigia,
3717 695 3829 734 cre-

2189 776 2352 834 lestis
2401 777 2564 850 regni
2613 775 2968 847 sempiterna
3016 776 3348 828 mereantur
3397 767 3641 840 adipisci
3689 785 3831 839 gau-

2190 866 2306 921 dia.
2559 912 2568 916 _

2261 955 2590 1012 CAP.XL.-—-
2618 957 2785 1011 Anno
2802 952 3116 1012 Dominicze
3138 946 3558 1007 incarnationis
3580 963 3835 1020 nongen-

2189 1045 2398 1102 tesimo
2411 1045 3065 1118 octogesimo,renovata
3077 1045 3134 1097 et
3145 1043 3477 1097 constructa
3489 1042 3573 1092 est
3587 1037 3833 1092 ecclesia

2186 1133 2410 1190 Veteris
2427 1133 2695 1202 caenobii,
2712 1151 2918 1189 novem
2945 1131 3320 1204 pontificibus
3342 1145 3468 1184 eam
3494 1125 3832 1184 solemniter

2188 1239 2322 1278 cum
2355 1239 2570 1296 magna
2599 1221 2786 1295 gloria
2815 1221 3222 1278 dedicantibus
3260 1236 3272 1274 :
3313 1235 3561 1290 quorum
3581 1215 3753 1288 primi
3777 1220 3834 1270 et

2189 1311 2463 1383 praecipui
2480 1329 2672 1368 arcem
2684 1312 2963 1368 tenebant
2983 1311 3245 1368 Dunstan
3253 1326 3324 1364 us
3337 1307 3828 1378 archiepiscopus,

2187 1406 2244 1454 et
2264 1400 2389 1471 ipse
2411 1404 2649 1456 sanctus
2668 1399 3046 1455 Adelwoldus
3079 1399 3406 1470 episcopus,
3433 1397 3540 1452 sub
3592 1395 3684 1449 die
3731 1412 3832 1450 xm

2188 1487 2583 1544 Kalendarum
2615 1487 3116 1557 Novembrium,in
3141 1487 3450 1560 praesentia
3479 1483 3632 1557 regis
3661 1482 3831 1539 Adel-

2187 1578 2334 1646 redi,
2368 1583 2426 1634 et
2454 1578 2516 1634 in
2545 1581 2832 1635 conventu
2865 1577 3131 1634 omnium
3179 1593 3324 1649 pene
3383 1575 3620 1640 ducum,
3657 1571 3832 1627 abba-

2188 1671 2336 1736 tum,
2360 1667 2641 1723 comitum
2671 1667 3113 1744 primorumque
3155 1666 3505 1737 optimatum
3548 1662 3834 1716 universae

2188 1757 2380 1829 gentis
2409 1757 2752 1829 Anglorum,
2807 1757 2907 1829 qui
2957 1757 3222 1812 eamdem
3272 1754 3450 1808 biduo
3501 1768 3635 1806 cum
3675 1749 3834 1805 omni

2190 1844 2404 1918 gaudio
2435 1844 2876 1902 celebraverunt
2905 1845 3328 1902 dedicationem
3355 1859 3368 1898 :
3402 1842 3472 1898 de
3497 1859 3611 1914 qua
3640 1846 3699 1896 et
3729 1857 3836 1896 nos

2189 1934 2250 1990 in
2283 1934 2529 1992 Domino
2561 1934 3059 2010 congratulantes,
3084 1934 3195 1990 hoc
3217 1948 3452 1990 carmen
3475 1930 3796 1986 cecinimus
3820 1945 3832 1984 :

2193 2113 2408 2172 Praesul
2435 2115 2815 2173 Adelwoldus
2848 2132 3012 2172 sacro
3045 2113 3399 2188 aspiramine
3426 2111 3657 2185 plenus.

2263 2205 2420 2261 Fecit
2451 2223 2629 2261 ovans
2661 2223 2836 2278 opera
2867 2203 3056 2260 multa
3086 2205 3202 2260 Deo
3232 2203 3468 2276 placita.

2192 2295 2368 2350 Istius
2393 2294 2620 2368 antiqui
2654 2295 2944 2366 reparavit
2973 2298 3030 2359 et
3060 2294 3206 2349 atria
3239 2291 3436 2364 templi

2265 2383 2554 2439 Moenibus
2585 2383 2828 2440 excelsis
2861 2383 3336 2453 culminibusque
3376 2379 3560 2435 novis.

2193 2471 2462 2528 Partibus
2492 2472 2603 2528 hoc
2629 2473 2825 2528 Austri
2859 2473 3102 2528 firmans
3132 2476 3189 2525 et
3223 2470 3487 2541 partibus
3516 2467 3695 2533 Arcti,

2262 2560 2589 2616 Porticibus
2621 2559 2825 2614 solidis
2855 2561 3108 2614 arcubus
3137 2564 3196 2613 et
3225 2558 3418 2611 variis.

2189 2649 2428 2704 Addidit
2457 2652 2514 2705 et
2543 2647 2742 2723 plures
2773 2647 2954 2702 sacris
2985 2646 3270 2701 altaribus
3303 2646 3472 2704 aedes,

2261 2741 2396 2805 Qua:
2428 2735 2682 2793 retinent
2712 2735 2956 2791 dubium
2988 2735 3210 2790 liminis
3241 2733 3569 2789 introitum.

2191 2827 2469 2900 Quisquis
2499 2830 2566 2882 ut
2595 2825 2812 2898 ignotis
2857 2825 2977 2879 haec
3011 2823 3349 2879 deambulat
3397 2821 3545 2877 atria
3591 2817 3832 2890 plantis,

2264 2917 2498 2972 Nesciat
2520 2915 2676 2972 unde
2708 2917 2884 2982 meat,
2918 2930 3103 2984 quove
3133 2914 3340 2984 pedem
3377 2911 3606 2966 referat.

2192 3005 2363 3060 Omni
2395 3009 2560 3076 parte
2589 3005 2740 3059 fores
2773 3003 2912 3075 quia
2941 2999 3385 3072 conspiciuntur
3415 3004 3645 3070 apertae,

2259 3095 2376 3150 Nec
2405 3098 2568 3164 patet
2596 3092 2719 3149 ulla
2747 3093 2858 3148 sibi
2893 3092 3104 3146 semita
3131 3095 3288 3146 certa
3317 3091 3440 3144 viae.

437 3183 726 3238 nostrum.
759 3178 904 3234 Cum
937 3177 1057 3232 haec
1105 3183 1162 3232 et
1189 3177 1282 3232 his
1312 3175 1530 3232 similia
1578 3178 1858 3233 orationis
1905 3179 2081 3234 verba
2108 3163 2152 3229 C
2192 3183 2316 3238 Huc
2344 3163 2602 3254 illasque
2632 3197 2809 3254 vagos
2842 3185 3006 3235 stans
3038 3179 3426 3234 circumducit,
3457 3179 3690 3247 0001103,

435 3272 784 3339 compuncto
815 3267 988 3323 corde
1011 3271 1068 3320 et
1087 3265 1294 3336 spiritu
1325 3265 1674 3320 humilitalis
1696 3267 2074 3333 ell'underem,

436 3373 567 3413 ecce
598 3372 748 3427 quos
777 3358 948 3410 antea
976 3353 1166 3426 pisces
1188 3354 1245 3408 in
1268 3353 1390 3408 luto
1413 3353 1568 3410 faecis
1589 3359 1647 3409 et
1677 3355 1734 3408 in
1759 3354 1886 3411 lacu
1912 3356 2083 3412 mise-

432 3445 530 3502 riae
557 3444 816 3502 videram
846 3442 1360 3510 involutos,subito
1391 3443 1660 3498 homines
1691 3444 1926 3500 effectos
1963 3449 2018 3499 et
2050 3463 2083 3500 a

436 3539 622 3592 morte
659 3532 1034 3588 resuscitatus
1082 3531 1248 3586 video
1295 3549 1306 3586 :
1365 3532 1731 3604 surrexitque
1761 3534 1833 3588 de
1865 3534 1992 3588 navi
2027 3537 2084 3589 et

436 3622 688 3697 pertexit
718 3620 1062 3677 fastinanter
1110 3621 1183 3676 ad
1234 3625 1445 3676 terram
1497 3622 1731 3692 cepiosa
1776 3622 2082 3678 hominum

439 3711 778 3776 multitudo,
812 3727 1062 3782 quorum
1094 3709 1312 3764 multos
1344 3711 1674 3782 specialiter
1695 3728 2081 3783 agnoveram:

440 3802 594 3860 inter
614 3817 762 3874 quos
784 3817 938 3856 unus
961 3803 1281 3854 retrorsum
1304 3799 1761 3866 cadens,iterum
1783 3801 1842 3854 in
1865 3801 2087 3874 anguil-

439 3889 558 3947 lam
587 3906 790 3945 versus
809 3892 917 3956 est,
935 3887 1032 3943 ille
1053 3888 1320 3944 videlicet
1338 3888 1709 3956 Adelstanus,
1726 3889 1825 3960 qui
1856 3907 2086 3945 mecum

439 3979 740 4051 presbyter
769 3977 1067 4049 quondam
1087 3979 1275 4032 fuerat
1291 3977 1796 4049 ordinatus,quem
1817 3979 2089 4050 deinceps

442 4065 606 4122 nullo
626 4067 802 4121 modo
821 4064 1206 4133 excitare,nec
1225 4071 1291 4120 ut
1313 4065 1486 4121 homo
1510 4067 1672 4122 fieret
1691 4072 1950 4138 poteram
1975 4069 2092 4123 effi-

445 4171 594 4212 uere.
629 4153 856 4225 Reliqui
879 4171 1013 4209 vero
1031 4171 1235 4210 omnes
1256 4155 1613 4211 unanimiter
1640 4155 1974 4212 levaverunt
1995 4175 2090 4212 vo-

445 4261 573 4300 cem
585 4242 644 4298 in
659 4242 1173 4311 celum,manibus
1187 4243 1614 4314 plaudentes,et
1626 4244 1844 4317 gratias
1857 4247 2093 4320 omnipo

443 4333 588 4389 tanti
601 4332 720 4388 Deo
731 4331 1210 4403 referentes,quia
1227 4333 1468 4403 perejus
1480 4332 1834 4389 ineffabilem
1849 4335 2097 4392 clemen-

444 4421 588 4478 tiam
628 4425 684 4476 et
723 4436 824 4492 per
852 4437 994 4476 meae
1021 4421 1321 4492 parvitatis
1361 4421 1672 4476 adventum
1705 4429 2044 4478 meruerunt
2065 4443 2099 4480 a

2257 3271 2452 3327 Attica
2482 3269 2708 3326 dedalei
2739 3273 2895 3324 tecta
2925 3273 3239 3341 stupetque
3272 3267 3400 3323 soli.

2190 3360 2412 3417 Certior
2437 3359 2707 3415 adveniat
2736 3359 2919 3413 donec
2949 3358 3060 3413 sibi
3093 3358 3318 3424 ductor,
3353 3363 3410 3411 et
3442 3357 3634 3428 ipsum

2262 3451 2448 3506 Ducat
2480 3449 2553 3504 ad
2583 3447 2828 3504 extremi
2861 3446 3068 3502 limina
3096 3445 3392 3502 vestibuli.

2205 3538 2308 3594 Hic
2338 3555 2537 3594 secum
2562 3537 2806 3604 mirans,
2841 3553 3010 3592 cruce
3043 3553 3103 3592 se
3135 3535 3460 3607 consignat,
3495 3537 3734 3592 et’unde

2279 3629 2456 3684 Exeat
2486 3627 2734 3682 attonito
2766 3629 2994 3698 pectore
3025 3624 3173 3679 scire
3202 3625 3425 3696 nequit.

2199 3718 2294 3774 Sic
2329 3720 2668 3774 constructa
2699 3714 2895 3782 micat,
2921 3715 3003 3769 sic
3025 3718 3084 3768 et
3111 3713 3331 3768 variata
3361 3718 3627 3768 coruscat

2276 3806 2566 3872 Machina,
2603 3821 2728 3876 quae
2757 3808 3012 3858 veterem
3041 3803 3293 3858 sustinet
3323 3801 3648 3857 ecclesiam.

2202 3899 2386 3962 Quam
2418 3895 2588 3950 Pater
2615 3891 2714 3947 ille
2745 3893 2879 3962 pius
2913 3907 3148 3946 summa
3178 3891 3391 3962 pietate
3423 3890 3690 3958 refertus,

2269 3981 2535 4056 Nominis
2564 3980 2638 4037 ad
2658 3979 2893 4035 laudem
2923 3978 3328 4036 celsitonantis
3357 3979 3481 4034 heri

2203 4071 2468 4138 Fulcivit,
2501 4069 2664 4138 texit,
2699 4069 2939 4136 dotavit,
2965 4085 3211 4142 eamque
3243 4069 3510 4133 sacravit,

2273 4161 2344 4216 Et
2376 4158 2597 4214 meruit
2628 4157 2836 4234 templi
2868 4157 3090 4214 solvere
3118 4163 3252 4214 vota
3283 4157 3394 4223 sui,

2206 4249 2382 4324 Regis
2411 4247 2678 4305 Edelredi
2713 4249 2855 4305 facie
2888 4253 3171 4320 praesente
3201 4247 3472 4312 modesti,

2239 4337 2248 4348 ’
2279 4339 2342 4394 In
2371 4337 2535 4414 regni
2568 4337 2714 4394 solio
2748 4339 2848 4411 qui
2880 4341 3148 4408 superest
3177 4335 3370 4390 hodie.

2209 4427 2334 4483 lllic
2365 4427 2672 4499 pontifices
2699 4428 2944 4484 aderant
2973 4425 3124 4480 terni
3151 4429 3241 4479 ter
3269 4428 3524 4489 ovanter,

447 4513 632 4568 morte
662 4510 734 4566 ad
758 4510 936 4564 vitam
965 4511 1216 4564 revocari
1247 4513 1306 4564 et
1336 4508 1607 4565 humanae
1653 4513 1861 4568 rationi
1913 4531 2088 4586 quam
2121 4533 2168 4598 D
2279 4516 2652 4590 Complentes
2682 4520 2954 4572 sanctum
2986 4514 3094 4568 rite
3126 4511 3541 4566 ministerium.

449 4600 790 4666 amiserant,
824 4598 1159 4657 restaurari.
1195 4599 1314 4671 Ego
1344 4604 1541 4654 autem
1581 4603 1845 4672 gaudens
1875 4604 1933 4657 in
1985 4606 2093 4660 Do-

451 4689 632 4758 mino,
667 4692 723 4745 et
752 4686 1167 4761 congratulans
1209 4687 1330 4744 illis
1377 4687 1603 4761 evigilo,
1641 4691 1908 4763 hancque
1937 4695 2102 4751 visio-

453 4795 588 4838 nem
618 4778 804 4846 vobis,
831 4795 864 4834 0
895 4777 1058 4834 ﬁlioli
1091 4777 1238 4832 meil
1277 4777 1492 4832 idcirco
1524 4780 1727 4847 refero,
1783 4787 1845 4834 ut
1893 4788 1950 4837 et
1999 4801 2100 4840 vos

453 4885 588 4926 cuni
619 4867 908 4926 honorum
930 4883 1172 4939 operum
1193 4865 1356 4922 cultu
1381 4869 1791 4937 perserveretis
1810 4869 1869 4924 in
1901 4879 2101 4929 sancto

454 4956 766 5028 proposito,
803 4973 916 5029 quo
948 4973 1050 5027 per
1097 4955 1347 5029 gratiam
1398 4955 1497 5010 Dei
1542 4958 1778 5028 possitis
1806 4959 1864 5016 in
1899 4978 2101 5016 eorum

456 5061 702 5104 numero
731 5045 1185 5116 computari,qui
1209 5043 1353 5099 mihi
1378 5043 1513 5099 licet
1538 5045 1778 5118 indigno
1801 5049 2102 5104 commissi

458 5137 618 5198 sunt,
653 5136 717 5186 ut
739 5133 808 5188 de
841 5133 1036 5190 saeculi
1067 5133 1252 5204 huius
1274 5133 1604 5189 cmnulenta
1631 5137 1904 5209 voragine
1929 5137 2107 5194 liben-

455 5224 550 5283 ter
564 5223 626 5279 et.
655 5219 714 5278 in.
747 5224 962 5275 aeterna
983 5221 1342 5278 beatitudine
1365 5223 1490 5277 sine
1515 5224 1627 5278 tino
1649 5223 2103 5284 salvantur.ch

463 5327 590 5383 quae
621 5307 955 5367 notavimus
977 5307 1204 5363 somnia
1225 5313 1362 5364 tunc
1388 5310 1623 5384 quidem
1647 5313 1772 5368 visa
1799 5319 1938 5370 sunt
1963 5332 1974 5368 :
2003 5317 2104 5372 sed

462 5415 534 5456 ex
561 5415 628 5456 eo
659 5403 920 5474 tempore
949 5412 1139 5470 usque
1185 5396 1355 5456 hodie
1406 5399 1638 5474 impleri
1686 5420 1800 5460 non
1850 5409 2102 5473 cessant,

467 5486 608 5545 dum
639 5489 852 5560 quippe
885 5485 1078 5545 divino
1099 5485 1384 5544 ferventes
1416 5491 1913 5551 amoretestinant
1943 5510 2108 5551 mun-

465 5577 608 5637 dum
629 5572 1364 5649 relinquere,coenobialem
1389 5577 1567 5634 vitam
1590 5579 1831 5650 ducere;
1862 5585 1919 5636 et
1967 5583 2106 5638 dum

2211 4607 2467 4671 Quorum
2494 4607 2721 4676 primus
2751 4609 2898 4671 erat,
2930 4601 3097 4657 vultu
3129 4605 3399 4655 maturus
3427 4605 3482 4655 et
3513 4604 3643 4656 actu

2281 4693 2501 4750 Canitie
2523 4691 2726 4748 niveus
2759 4692 3027 4746 Dunstan
3057 4694 3115 4744 et
3144 4688 3463 4760 angelicus.

2211 4783 2377 4838 Hunc
2405 4781 2720 4836 comitatus
2752 4797 2930 4836 ovans
2961 4777 3284 4850 Anglorum
3317 4777 3524 4833 lucifer
3552 4778 3765 4843 adstat,

2281 4871 2544 4926 Domnus
2575 4866 2956 4924 Adelwoldus
2985 4867 3158 4923 corde
3192 4865 3618 4940 benignivolus.

2212 4959 2348 5014 Post
2378 4958 2476 5014 alii
2509 4963 2753 5030 septem,
2787 4973 3036 5030 quorum
3066 4956 3162 5012 hic
3198 4961 3336 5012 sunt
3371 4955 3610 5009 nomina
3643 4954 3858 5025 scripta

2283 5047 2552 5104 Carmine
2583 5047 2846 5103 versiﬁco
2879 5063 3014 5103 cum
3040 5046 3186 5118 pede
3218 5043 3521 5116 dactylico.

2214 5135 3186 5211 Elfstan,Edelgarus,rursumque
3217 5131 3536 5188 Elfstamus
3557 5135 3612 5186 et
3642 5129 3861 5204 {Eswig

2285 5227 2526 5295 Elfech,
2561 5225 2914 5293 Edeléimus,
2949 5225 3042 5281 hic
3073 5227 3131 5279 et
3159 5220 3436 5278 Athulfus
3467 5226 3610 5276 erat.

2215 5317 2286 5372 Et
2311 5316 2550 5374 tandem
2583 5310 2846 5374 decimus
2879 5315 3028 5374 Poca
3054 5311 3212 5368 venit
3235 5309 3544 5382 episcopus
3576 5309 3736 5374 illuc,

2289 5404 2461 5461 Nulla
2490 5405 2708 5462 laboris
2739 5421 2941 5478 agens,
2963 5400 3174 5474 poeula
3201 5399 3390 5455 multa
3418 5399 3646 5457 bibens.

2217 5494 2356 5552 Poet
2385 5494 2484 5551 alii
2515 5494 2716 5568 plures
2746 5495 2990 5550 aderant
3017 5505 3402 5564 proceresque
3430 5489 3744 5558 ducesque,

2289 5585 2493 5644 Gentis
2523 5589 2582 5643 et
2610 5583 2934 5658 Anglorum
2965 5579 3222 5642 maxima
3251 5595 3387 5650 pars
3417 5575 3718 5632 comitum.
