4166 6172
284 307 393 366 101

280 440 439 504 Quos
470 455 501 493 e
532 437 778 493 concilio
810 436 1030 509 pariter
1058 435 1368 509 collegerat
1394 435 1516 493 illo.

354 528 516 594 Quod
550 528 739 582 fuerat
768 527 892 582 vico
924 525 1076 598 regis
1108 526 1169 580 in
1200 526 1537 595 Andeveran,

278 616 442 673 Idem
473 623 674 688 pastor
702 633 880 671 ovans
911 633 977 670 ac
1009 632 1161 687 saepe
1193 616 1493 671 canendus
1522 613 1849 683 Adclwold,

363 709 529 763 Sicut
559 709 611 762 ei
644 706 873 761 Domini
908 704 1097 778 gratia
1135 704 1481 761 contulerat.

279 805 353 859 Et
385 800 683 857 celebrant
714 794 908 850 cuncti
943 792 1230 849 solemnia
1260 793 1515 849 maxima
1541 791 1766 867 templi,

357 889 713 946 Plaudentes
744 883 990 939 Domino
1021 887 1253 957 pectore
1282 881 1586 940 laudiﬂuo.

285 983 704 1047 Latanturque
730 973 900 1028 bonis
933 989 1111 1045 super
1138 971 1415 1029 omnibus
1445 971 1541 1028 ille
1570 969 1879 1045 benignus,

362 1071 496 1135 Quae
531 1065 739 1122 statuit
772 1063 1001 1117 cunctis
1033 1060 1243 1134 praesul
1276 1060 1473 1134 opima
1502 1060 1648 1129 dari,

290 1157 536 1215 Fcrcula
566 1158 706 1211 sunt
733 1151 987 1208 admista
1016 1150 1227 1223 epulis,
1251 1150 1418 1207 cibus
1440 1150 1634 1207 omnis
1653 1149 1935 1219 abundat,

363 1245 573 1302 Nullus
606 1244 769 1299 adest
804 1239 1007 1307 tristis,
1041 1239 1233 1296 omnis
1260 1241 1427 1296 adest
1461 1239 1687 1297 hilaris.

288 1335 469 1394 Nulla
497 1334 702 1399 fames,
737 1330 833 1386 ubi
868 1333 1008 1385 sunt
1039 1330 1266 1386 cunctis
1296 1329 1540 1386 obsonia
1567 1328 1777 1403 plenis,

364 1426 435 1483 Et
470 1426 729 1480 remanet
758 1420 915 1475 vario
947 1435 1153 1475 mensa
1180 1420 1394 1475 referta
1424 1419 1573 1475 cibo.

292 1515 705 1584 Pincernzeque
735 1508 865 1582 vagi
895 1507 1128 1564 cellaria
1156 1524 1307 1583 saepe
1332 1509 1725 1581 frequentant,

365 1602 764 1677 Convivasque
796 1602 1003 1671 rogant
1029 1602 1094 1654 ut
1124 1598 1322 1655 bibere
1350 1597 1656 1670 incipiant.

294 1694 562 1748 Crateras
592 1692 881 1754 statuunt,
912 1691 969 1742 et
998 1686 1193 1743 dulcia
1221 1687 1359 1743 vina
1389 1691 1689 1756 coronant,

368 1782 678 1836 Miscentes
709 1784 883 1851 potus
915 1776 1152 1849 potibus
1181 1776 1529 1833 innumeris.

292 1871 511 1942 Sicque
541 1868 666 1923 dies
699 1866 960 1939 alterque
991 1865 1115 1923 dies
1146 1866 1430 1939 processit
1459 1866 1521 1922 in
1553 1863 1809 1939 hymnis,

364 1960 439 2015 Et
465 1956 886 2014 benedixerunt
916 1954 1115 2011 omnia
1137 1957 1312 2011 corda
1341 1955 1547 2012 Deum.

292 2048 581 2106 Omnibus
612 2045 855 2118 expletis
887 2045 1124 2100 tandem
1158 2045 1497 2100 solemniter
1526 2045 1783 2117 hymnis,

366 2141 522 2204 Quos
554 2138 613 2193 in
644 2136 863 2191 honore
895 2135 995 2190 Dei
1024 2150 1132 2189 vox
1163 2134 1361 2190 sonuit
1398 2134 1619 2207 populi.

295 2227 714 2299 Unusquisque
742 2242 879 2280 suas
910 2224 1100 2279 alacer
1128 2224 1404 2279 remeavit
1434 2225 1506 2279 ad
1538 2236 1689 2291 oras,

370 2319 436 2373 ln
468 2316 714 2372 Domino
745 2315 1007 2387 gaudens
1036 2319 1268 2385 pectore
1296 2318 1354 2369 et
1385 2330 1481 2368 ore
1512 2329 1749 2368 canens.

301 2408 617 2478 Nunquam
649 2408 813 2459 tanta
846 2403 956 2457 fuit
989 2402 1237 2474 talisque
1266 2401 1477 2457 dicatio
1510 2401 1735 2473 templi,

371 2497 435 2551 In
468 2500 588 2551 tota
615 2493 934 2566 Anglorum
966 2495 1137 2565 gente
1167 2494 1417 2564 patrata,
1456 2507 1602 2559 reor,

299 2586 500 2650 Qualis
531 2588 654 2639 erat
682 2582 898 2637 Wenta
927 2580 1216 2637 celebrata
1247 2585 1515 2652 potenter
1544 2580 1604 2636 in
1636 2579 1781 2637 urbe

376 2675 440 2729 ln
471 2673 655 2728 sancti
688 2671 843 2733 Petri,
868 2670 1129 2728 ccenobio
1157 2669 1373 2725 Veteri.

292 2764 459 2829 Quod
492 2763 645 2816 Deus
670 2760 1041 2831 omnipotens
1062 2759 1147 2815 sic
1176 2764 1442 2833 protegat
1469 2758 1939 2825 immaculatum,

368 2851 484 2906 Hoc
516 2855 581 2904 ut
614 2866 678 2904 eo
712 2850 957 2921 dignum
984 2849 1127 2921 juge
1157 2849 1233 2904 sit
1263 2849 1608 2922 hospitium.

292 2934 363 2997 Et
396 2939 733 3012 quicunque
762 2937 1017 2993 humiles
1046 2937 1156 2994 hoc
1196 2938 1610 3011 ingrediuntur
1639 2937 1870 3012 asylum

368 3028 671 3085 Exsultent
703 3026 884 3100 plenae
916 3026 1232 3099 participes
1262 3028 1464 3085 veniae.

1819 300 2004 365 VITA
2017 347 2029 360 .

1960 437 2015 502 Α
2044 452 2324 511 roseoque
2373 440 2580 495 rubore
2629 448 2963 509 venustum,
3016 443 3099 499 ita
3149 450 3211 499 ut
3254 447 3507 517 quodam
3557 465 3688 504 mo-

1971 1811 2021 1877 B

3575 319 3688 391 ι

2043 525 2117 580 do
2148 528 2447 598 septennis
2475 532 2637 601 pueri
2657 531 2885 587 vultum
2919 534 3275 605 praetendere
3293 535 3603 602 videretur,
3628 537 3687 591 in

2044 629 2157 685 quo
2182 616 2304 686 jam
2330 618 2593 688 quaedam
2620 621 3063 678 resurrectionis
3085 622 3269 695 gloria
3291 641 3393 696 per
3411 627 3692 682 ostensio-

2044 719 2177 759 nem
2211 711 2446 762 mutatis
2480 708 2673 764 carnis
2694 710 2985 781 apparuit.
3012 711 3142 766 Jam
3168 729 3300 768 vero
3322 713 3434 769 dici
3461 731 3575 769 non
3596 732 3693 786 po-

2045 796 2181 859 test,
2216 800 2437 865 quanta
2458 797 2528 851 ad
2562 798 2868 869 exsequias
2893 800 3021 869 ejus
3044 800 3351 856 hominum
3375 803 3689 860 multitudo

2047 885 2398 938 convenerit.
2426 884 2693 956 Undique
2725 888 2990 944 certatim
3041 906 3109 945 ex
3138 890 3345 947 vicinis
3375 891 3605 965 oppidis
3636 897 3693 947 et

2047 971 2303 1028 castellis
2324 972 2503 1028 simul
2527 975 2587 1028 in
2610 992 2792 1031 unum
2806 977 3014 1034 divites
3030 984 3088 1033 et
3104 980 3692 1051 pauperes,ultimum

2048 1060 2170 1115 vale
2203 1062 2418 1132 pastori
2454 1079 2560 1118 suo
2592 1063 2805 1119 dicturi
2845 1067 3265 1122 conﬂuxerant.
3301 1068 3515 1124 Omnes
3559 1086 3691 1124 cum

2050 1149 2244 1204 dolore
2275 1155 2332 1205 et
2363 1167 2560 1207 amaro
2612 1150 2806 1209 animo
2838 1156 3236 1226 sequebantur
3272 1157 3572 1222 feretrum,
3604 1157 3693 1213 in-

2050 1240 2428 1311 comparabili
2450 1241 2729 1297 thesauro
2749 1244 3093 1315 pretiosum,
3108 1246 3498 1301 sacrosanctis
3520 1247 3696 1302 Evan-

2052 1328 2219 1401 geliis
2251 1334 2308 1383 et
2341 1329 2613 1385 crucibus
2663 1335 2976 1399 armatum,
3012 1333 3323 1406 palliorum
3352 1334 3696 1391 velamentis

2052 1422 2345 1486 ornatum,
2368 1420 2628 1476 accensis
2657 1420 3051 1478 luminaribus
3079 1428 3138 1478 et
3176 1423 3411 1496 hymnis
3450 1423 3695 1481 cmlesti-

2053 1507 2165 1563 bus
2186 1512 2361 1579 atque
2396 1508 2756 1581 psalmorum
2788 1512 3169 1569 concentibus
3198 1513 3335 1570 hinc
3363 1514 3498 1569 inde
3516 1514 3695 1570 valla-

2052 1597 2431 1662 tum.Quibus
2454 1600 2719 1670 sequenti
2742 1600 2834 1654 die
2849 1600 3211 1657 Wintoniam
3235 1602 3698 1673 ingredientibus

2054 1686 2283 1741 obviam
2306 1688 2531 1759 corpori
2562 1693 2684 1743 tota
2706 1688 2881 1743 simul
2903 1689 3108 1746 civitas
3130 1690 3487 1747 unanimiter
3504 1709 3700 1748 occur—

2053 1774 2147 1831 rit.
2163 1775 2309 1831 Hinc
2324 1776 2612 1847 ejulantes
2634 1778 2839 1833 turbas
2856 1777 3222 1849 conspiceres
3244 1779 3695 1850 monachorum;

2051 1863 2187 1920 inde
2217 1863 2435 1939 pallida
2463 1866 2701 1939 agmina
2728 1866 3050 1939 virginum;
3079 1867 3217 1922 hinc
3246 1869 3482 1925 audires
3511 1869 3571 1925 in
3602 1886 3698 1931 ex-

2051 1953 2206 2011 celso
2236 1970 2404 2011 voces
2434 1955 2812 2028 psallentium
2841 1955 3214 2026 clericorum;
3246 1956 3385 2014 inde
3412 1958 3698 2031 gemitum

2052 2043 2321 2101 flentium
2354 2061 2699 2118 pauperum,
2725 2051 2782 2102 et
2800 2045 3091 2104 ululatum
3112 2047 3552 2104 vociferantium
3576 2065 3703 2122 agt-

2054 2151 2285 2201 norum,
2320 2135 2422 2207 qui
2452 2136 2706 2208 pastoris
2750 2137 2841 2191 sui
2872 2137 3183 2208 praesentia
3227 2154 3291 2193 se
3336 2139 3551 2210 privari
3581 2156 3698 2195 non

2054 2224 2435 2291 sustinentes,
2460 2225 2680 2281 dabant
2708 2225 2972 2283 infinitos
3003 2226 3393 2299 lacrymarum
3415 2228 3701 2287 clamores

2056 2313 2125 2369 ad
2161 2312 2391 2371 cadum.
2422 2314 2739 2369 Perductus
2762 2320 2851 2371 est
2880 2332 3016 2388 ergo
3039 2315 3126 2371 vir
3155 2316 3254 2372 Dei
3286 2333 3420 2372 cum
3452 2316 3699 2373 scelesti-

2055 2402 2166 2458 bus
2199 2403 2492 2475 exsequiis
2520 2403 2579 2458 in
2612 2404 2917 2460 ecclesiam
2967 2406 3273 2461 beatorum
3304 2407 3699 2478 apostolorum

2056 2492 2208 2547 Petri
2228 2498 2287 2548 et
2308 2492 2469 2547 Pauli
2496 2495 2565 2549 ad
2589 2494 2785 2550 sedem
2811 2511 2978 2550 suam
3011 2494 3419 2567 episcopalem,
3444 2500 3501 2553 et
3519 2496 3703 2569 exple-

2058 2581 2132 2635 tis
2162 2580 2492 2654 vigiliarum
2515 2583 2949 2655 missarumque
2971 2584 3292 2651 solemniis,
3317 2586 3586 2657 sepultus
3615 2591 3703 2642 est

2054 2670 2113 2724 in
2145 2676 2347 2742 crypta
2377 2672 2446 2726 ad
2497 2672 2814 2727 australem
2864 2672 3094 2746 plagam
3130 2675 3315 2729 sancti
3349 2674 3568 2742 altaris,
3605 2674 3702 2733 ubi

2056 2775 2190 2813 eum
2243 2761 2604 2831 requiescere
2653 2762 2880 2829 debere,
2915 2762 3067 2816 sicut
3096 2762 3220 2833 ipse
3270 2764 3434 2818 vobis
3480 2762 3700 2829 retulit,

2055 2847 2194 2904 olim
2227 2848 2338 2905 sibi
2370 2848 2599 2905 ccelitus
2630 2853 2932 2905 ostensum
2964 2855 3073 2905 est.

2123 2936 2259 2992 CAP.
2290 2937 2456 2993 XLll.
2480 2970 2548 2979 —-
2568 2939 2732 2992 Anno
2784 2938 3129 2994 duodecimo
3161 2944 3292 3010 post
3323 2940 3548 2995 obitum
3579 2940 3700 3013 glo-

2052 3026 2186 3083 riosi
2214 3026 2505 3099 pontiﬁcis
2526 3026 3100 3099 Adelwoldi,placuit
3121 3045 3385 3100 supernae
3407 3030 3705 3101 dispensa~

2053 3117 2203 3182 tioni
2234 3116 2400 3171 illum
2434 3134 2536 3188 per
2556 3116 2813 3172 coelestia
2832 3117 3001 3188 signa
3022 3117 3282 3185 revelari,
3309 3120 3553 3191 ejusque
3574 3137 3709 3177 ossa
3764 3170 3769 3171 ,

369 3211 499 3264 Haec
527 3209 597 3263 de
628 3207 995 3263 renovatione
1028 3211 1085 3262 et
1113 3206 1476 3263 dedicatione
1504 3207 1732 3265 Veteris
1756 3207 1935 3265 eccle-
1969 3182 2012 3249 C
2057 3210 2127 3263 de
2149 3205 2399 3278 sepulcri
2424 3205 2749 3261 munimine
2773 3205 3039 3273 levari,ut
3060 3205 3299 3264 lucerna
3320 3226 3446 3280 quae
3470 3210 3541 3263 ad
3564 3212 3708 3265 tem-

298 3300 396 3354 siae
420 3298 593 3363 edita,
609 3296 701 3351 hic
725 3298 977 3351 inserere
995 3299 1391 3367 opportunum
1413 3297 1710 3353 duximus.
1725 3297 1946 3353 Exinde

298 3404 556 3459 superna
584 3385 769 3457 pietas
793 3388 993 3439 sancto
1018 3384 1279 3456 pontiﬁci
1300 3389 1525 3441 tantam
1547 3385 1795 3441 contulit
1823 3402 1949 3466 gra-

298 3478 466 3541 tiam,
493 3478 558 3529 ut
578 3473 860 3528 sublimes
894 3472 974 3527 illi
1006 3472 1375 3529 saecularium
1407 3478 1764 3547 potestatum
1796 3474 1951 3547 prin-

301 3568 480 3637 cipes,
524 3564 719 3627 duces,
755 3561 1005 3634 tyranni,
1043 3565 1215 3634 atque
1255 3563 1506 3634 judices,
1539 3569 1597 3619 et
1628 3563 1820 3620 omnis
1848 3563 1948 3635 qui

302 3655 353 3708 ei
385 3654 668 3707 hactenus
691 3650 965 3705 contrarii
989 3655 1046 3706 et
1075 3650 1132 3706 in
1156 3651 1249 3706 via
1270 3652 1369 3706 Dei
1392 3653 1661 3708 resistere
1680 3654 1951 3709 videban-

306 3751 423 3806 tur,
458 3742 652 3797 subito
681 3739 839 3794 velut
868 3756 1001 3796 oves
1030 3757 1098 3796 ex
1126 3739 1284 3812 lupis
1310 3741 1700 3810 efficerentur,
1729 3745 1788 3797 et
1816 3757 1952 3797 eum

307 3833 456 3887 miro
496 3831 705 3901 atl’ectu
734 3833 1184 3897 venerarentur;
1220 3831 1466 3902 ejusque
1511 3830 1760 3903 genibus
1808 3828 1957 3885 colla

307 3921 744 3983 submittentes,
770 3918 840 3971 ad
874 3918 1171 3974 dexteram
1204 3918 1363 3975 illius
1390 3919 1696 3976 humiliter
1723 3934 1958 3975 exoscu-

307 4011 520 4073 lantes,
544 4007 907 4064 orationibus
929 4025 990 4063 se
1022 4007 1127 4063 viri
1157 4008 1258 4064 Dei
1278 4007 1338 4064 in
1360 4008 1636 4065 omnibus
1666 4025 1955 4067 commen-

308 4101 536 4155 darent.

382 4190 520 4244 CAP.
553 4187 778 4243 XLl.—
809 4187 1024 4242 Eodem
1065 4203 1198 4243 vero
1248 4190 1507 4260 tempore
1556 4204 1671 4262 quo
1719 4192 1958 4246 sanctus

314 4278 558 4333 antistes
587 4275 963 4331 Adelwoldus
994 4276 1065 4331 de
1094 4276 1203 4332 hac
1234 4277 1463 4333 mortali
1483 4278 1604 4335 vita
1628 4283 1753 4335 erat
1781 4276 1964 4335 exitu-

317 4382 439 4429 rus,
464 4372 520 4421 et
540 4365 809 4420 laborum
833 4381 1075 4420 suorum
1099 4365 1340 4438 praemia
1360 4384 1393 4420 a
1412 4365 1528 4422 Deo
1554 4371 1957 4443 percepturus,

313 4455 474 4511 venit
506 4456 576 4509 ad
606 4453 807 4509 villam
839 4470 965 4526 quae
997 4458 1273 4510 consueto
1305 4455 1542 4510 nomine
1584 4455 1964 4528 Beaddingtun

2058 3316 2168 3370 pus
2200 3297 2308 3352 sub
2342 3294 2536 3350 modio
2564 3294 2796 3360 latebat,
2823 3312 2999 3367 super
3017 3296 3433 3352 candelabrum
3467 3315 3705 3370 ponere-

2058 3393 2174 3449 tur,
2197 3390 2486 3457 quatenus
2509 3384 2725 3439 luceret
2747 3383 3020 3441 omnibus
3043 3385 3139 3456 qui
3165 3384 3224 3439 in
3248 3387 3421 3441 domo
3442 3389 3710 3444 sunt.Est

2060 3476 2217 3532 enim
2250 3473 2452 3529 civitas
2486 3473 2752 3547 quaedam
2798 3474 3047 3541 modica,
3082 3476 3449 3531 commerciis
3481 3477 3711 3532 abunde

2062 3565 2289 3627 referta,
2316 3580 2442 3634 qua:
2474 3561 2646 3617 solito
2684 3562 3104 3633 Weattingaford
3136 3563 3479 3635 appellatur,
3504 3564 3561 3619 in
3595 3581 3712 3636 qua

2063 3655 2149 3708 vir
2187 3658 2461 3709 strenuus
2509 3650 2746 3723 quidam
2797 3652 3155 3719 morabatur,
3186 3654 3277 3707 cui
3329 3670 3540 3708 nomen
3590 3659 3714 3709 erat

2063 3740 2398 3798 Elebclmus
2421 3740 2517 3812 qui
2541 3755 2679 3794 casu
2702 3738 2898 3794 lumen
2920 3740 3195 3795 amittens
3216 3741 3539 3807 oculorum,
3557 3741 3714 3796 caeci-

2063 3832 2244 3886 tatelm
2281 3828 2483 3883 multis
2518 3845 2827 3903 perpessus
2858 3833 2949 3883 est
2993 3829 3183 3884 annis.
3219 3830 3363 3884 Huic
3395 3829 3453 3883 in
3489 3829 3712 3884 somnis

2066 3924 2327 3990 tempore
2350 3915 2626 3989 gallicinii
2651 3920 2890 3970 sanctus
2912 3916 3291 3973 Adelwoldus
3313 3917 3555 3972 antistes
3581 3917 3717 3973 asti-

2067 4010 2156 4076 tit,
2183 4024 2434 4078 eumque
2466 4011 2532 4060 ut
2562 4005 2851 4060 maturius
2872 4004 3232 4060 Wintoniam
3256 4010 3537 4078 pergeret,
3563 4010 3622 4061 et
3642 4004 3715 4061 ad

2070 4100 2198 4169 ejus
2230 4096 2495 4151 tumbam
2527 4092 2715 4167 gratia
2750 4093 3067 4164 recipiendi
3096 4093 3255 4149 visus
3287 4095 3584 4149 accederet
3614 4095 3714 4151 ad-

2071 4184 2321 4252 monuit,
2358 4183 2558 4239 dicens
2591 4199 2604 4236 :
2634 4204 2661 4231 ‹‹
2690 4182 2909 4237 Idcirco
2939 4186 2993 4237 te
3026 4183 3083 4236 in
3116 4187 3270 4238 statu
3303 4190 3404 4239 tuo
3434 4184 3716 4240 recuban-

2070 4280 2189 4332 tem
2220 4272 2409 4339 visito,
2444 4277 2502 4327 et
2534 4288 2661 4344 quae
2694 4270 2799 4325 tibi
2828 4276 3075 4327 ventura
3101 4276 3241 4327 sunt
3272 4273 3619 4344 prmnuntio,
3656 4277 3721 4328 ut

2073 4381 2175 4438 per
2203 4367 2314 4417 tua:
2337 4360 2546 4416 salutis
2568 4360 2803 4432 signum
2830 4360 3259 4427 manifestetur,
3283 4362 3421 4432 quia
3442 4379 3538 4416 me
3558 4379 3721 4433 opor-

2078 4458 2162 4508 tet
2193 4451 2366 4506 levari
2420 4449 2488 4503 de
2535 4447 2766 4504 tumulo
2805 4449 2864 4503 in
2896 4466 3011 4521 quo
3034 4451 3221 4521 jaceo.
3246 4472 3274 4499 ››
3309 4450 3418 4516 Qui
3448 4450 3568 4505 hinc
3617 4465 3719 4504 au-

316 4542 665 4617 appellatur.
690 4543 993 4615 sexaginta
1015 4542 1277 4599 millibus
1308 4544 1379 4599 ab
1399 4544 1545 4600 urbe
1563 4544 1866 4601 Wintonia
1886 4544 1968 4600 di-
1996 4552 2045 4618 ι)
2077 4542 2264 4607 diens,
2289 4544 2346 4594 et
2375 4554 2573 4593 vocem
2597 4554 2795 4593 secum
2828 4537 3120 4608 loquentis
3151 4555 3493 4612 agnoscens,
3521 4542 3720 4593 sancto

318 4640 506 4688 stans.
542 4633 623 4686 Ibi
682 4648 817 4703 ergo
876 4649 1010 4685 cum
1070 4631 1409 4704 aliquandiu
1469 4637 1813 4702 moraretur,
1848 4632 1966 4690 acri

319 4721 494 4794 coepit
517 4719 857 4775 inﬁrmitate
878 4719 1133 4792 gravari;
1157 4725 1214 4775 et
1233 4722 1446 4777 sacrati
1470 4720 1578 4778 olei
1601 4721 1827 4795 liquore
1845 4739 1970 4799 per-

322 4816 556 4877 unctus,
580 4808 869 4864 Dominici
890 4809 1148 4883 corporis
1180 4814 1238 4866 et
1267 4812 1574 4883 sanguinis
1602 4810 1971 4887 perceptione

320 4901 541 4957 exitum
572 4914 748 4953 suum
778 4898 1047 4953 munivit.
1082 4898 1292 4971 Sicque
1332 4899 1700 4970 valefaciens,
1734 4906 1803 4973 et,
1822 4901 1970 4957 dans

324 5005 525 5061 pacem
576 4987 712 5041 filiis
762 4985 905 5050 suis,
942 4987 1095 5043 inter
1137 4988 1315 5043 verba
1362 4987 1643 5046 orationis
1693 4991 1970 5063 spiritum

323 5076 465 5133 coelo
498 5074 750 5131 reddidit
782 5076 838 5129 in
872 5074 1145 5132 Kalendis
1171 5076 1438 5149 Augusti,
1473 5094 1626 5134 anno
1656 5078 1971 5134 Dominicis

321 5164 744 5222 incarnationis
767 5164 1207 5236 nongentesimo
1229 5166 1585 5239 octogesimo
1607 5172 1839 5240 quarto,
1858 5166 1974 5241 epi-

324 5258 601 5327 scOpatus
630 5258 826 5308 autem
876 5253 967 5309 sui
996 5253 1273 5312 vicesimo
1321 5257 1600 5325 secundo,
1634 5257 1800 5330 regni
1849 5272 1973 5312 mc-

322 5342 627 5399 deramina
686 5342 1049 5415 gubernante
1096 5343 1398 5401 Edelredo
1450 5361 1583 5419 rege
1629 5345 1972 5418 Anglorum.

323 5431 545 5489 Testati
606 5447 736 5486 vero
794 5432 963 5487 nobis
1018 5438 1160 5489 sunt
1210 5433 1309 5506 qui
1369 5434 1451 5491 ibi
1501 5438 1820 5507 praesentes
1876 5435 1976 5490 ad-

319 5524 513 5587 erant,
545 5519 811 5577 exanime
842 5537 1052 5593 corpus
1097 5523 1286 5581 sancti
1322 5524 1429 5581 viri
1470 5524 1670 5582 subita
1697 5524 1977 5580 immuta-

318 5613 481 5667 tione
512 5607 696 5665 fuisse
735 5614 1094 5682 renovatum,
1127 5610 1313 5672 lacteo
1355 5615 1609 5683 candore
1650 5614 1976 5688 perfusum,

2078 4629 2231 4687 Patri
2262 4628 2484 4700 gratias
2504 4628 2642 4700 egit,
2669 4627 2821 4698 quod
2853 4644 2988 4682 eum
3010 4627 3245 4682 visitare
3265 4627 3631 4699 dignaretur;
3664 4630 3723 4681 et

2080 4719 2219 4791 quia
2250 4718 2349 4771 ubi
2382 4715 2648 4787 sepultus
2666 4720 2840 4782 esset,
2868 4715 3099 4786 penitus
3144 4714 3449 4787 ignoravit,
3475 4713 3722 4786 qualiter

2080 4805 2414 4879 sepulcrum
2437 4805 2565 4876 ejus
2587 4805 2734 4859 scire
2755 4807 2811 4857 et
2831 4803 2990 4858 adire
3015 4802 3622 4875 potuissetdiligenter
3642 4801 3724 4855 in-

2081 4894 2319 4969 quisivit
2342 4911 2354 4947 :
2380 4893 2473 4948 cui
2506 4892 2773 4964 protinus
2799 4890 2888 4945 vir
2916 4892 3017 4946 Dei
3050 4907 3260 4945 nomen
3283 4891 3505 4944 alumni
3527 4894 3584 4945 et
3608 4906 3726 4945 mo-

2082 4984 2254 5041 nachi
2303 4983 2391 5038 sui
2442 4981 2717 5047 innotuit,
2752 4980 2923 5049 cujus
2958 4978 3237 5034 hactenus
3269 4978 3443 5032 homo
3488 4977 3587 5033 ille
3619 4995 3724 5033 ne-

2084 5074 2243 5129 scius
2290 5070 2503 5136 existit,
2537 5068 2705 5140 eique
2752 5067 2897 5121 dixit
2931 5083 2943 5119 :
2972 5087 2993 5116 α
3020 5066 3166 5120 Cum
3216 5066 3462 5122 festinus
3492 5066 3724 5121 Winte-

2085 5162 2244 5217 niam
2278 5156 2624 5231 perveneris,
2660 5161 2716 5211 et
2744 5154 2967 5209 Veteris
3006 5154 3251 5210 coanobii
3300 5156 3606 5211 ecclesiam
3636 5154 3726 5211 in-

2082 5249 2345 5315 traveris,
2380 5244 2648 5301 accersiri
2683 5244 2769 5298 [ac
2800 5242 2871 5297 ad
2922 5248 2979 5298 te
3026 5244 3380 5303 monachum
3412 5246 3726 5317 quemdam

2085 5338 2474 5403 Wlesfanum,
2527 5337 2915 5405 cognomento
2954 5332 3285 5388 Cantorem.
3320 5334 3424 5389 Hic
3468 5350 3603 5389 cum
3659 5350 3732 5389 ex

2088 5444 2185 5484 ore
2212 5431 2315 5482 tuo
2338 5424 2511 5478 verba
2531 5438 2673 5477 meae
2703 5420 3011 5493 legationis
3041 5420 3310 5487 audierit,
3334 5426 3391 5477 te
3413 5438 3547 5478 mox
3564 5420 3733 5478 indu-

2088 5519 2346 5575 bitanter
2377 5513 2448 5567 ad
2481 5528 2678 5567 meum
2712 5511 2986 5583 perducet
3013 5509 3333 5576 tumulum,
3355 5511 3576 5584 ubique
3596 5510 3735 5567 reci-

2090 5607 2213 5679 pies
2245 5604 2443 5659 lumen
2471 5599 2772 5657 oculorum
2795 5605 3089 5658 tuorum.»
3111 5598 3261 5666 Quid
3283 5599 3509 5659 multa?
3526 5601 3733 5660 crodu-
