4130 6180
495 293 608 352 103

1544 277 1607 336 S.
1659 271 2122 334 ETHEWOLDI
2166 271 2510 333 WINTON.
2558 275 2804 336 EPISC.

3772 273 3886 333 104

490 426 582 480 lus
603 423 692 476 vir
712 420 809 475 ille
833 417 1022 472 verbis
1047 419 1101 470 et
1128 409 1614 484 promissionibus
1637 408 1783 462 sacri
1817 404 2130 477 pontiﬁcis,
2152 403 2211 471 Α
2241 405 2342 471 mi,
2375 405 2635 462 sustineo
2686 424 2908 478 pinnas,
2935 411 2992 462 et
3019 409 3184 478 justo
3227 407 3452 478 judicio
3501 407 3753 478 epis00pi
3802 407 3885 461 sic

494 510 848 568 Wintoniam
877 506 1052 562 citius
1073 502 1254 566 addit,
1279 498 1580 555 ecclesiam
1616 495 1870 558 intravit,
1894 495 2128 548 fratrem

487 601 825 675 prmdietum
859 591 1176 655 accersivit,
1212 589 1674 657 accersitumque
1707 583 2038 656 postulavit,
2065 586 2129 636 ut

485 673 783 746 missatica
813 684 958 740 beati
995 681 1179 736 Patris
1219 677 1504 749 impleret,
1539 692 1783 730 narrans
1815 673 1862 728 ei
1897 678 1951 727 et
1985 690 2126 726 cun-

481 781 589 835 ctis
611 776 941 833 astantibus
961 771 1225 824 ordinem
1247 767 1506 822 visionis.
1532 766 1666 819 Erat
1685 763 1841 818 enim
1863 779 2122 833 vespera,

479 870 536 923 in
570 885 686 940 qua
715 863 985 919 nativitas
1017 857 1424 912 sacratissimis
1457 855 1556 908 Dei
1581 851 1877 924 genitricis
1909 855 1964 903 et
1996 867 2124 920 per-

477 937 662 1028 petuas
694 951 936 1024 virginis
969 947 1182 1012 Mariae,
1207 962 1310 1016 per
1330 947 1517 998 totum
1541 941 1829 995 mundum
1855 937 2124 993 solemni-

476 1027 563 1100 ter
594 1049 650 1100 et
679 1039 1025 1114 dignissime
1063 1034 1407 1089 celebratur.
1433 1029 1534 1085 ille
1564 1046 1694 1084 vero
1727 1029 1906 1082 frater
1934 1027 2118 1080 admi-

479 1153 633 1198 rans,
670 1133 819 1185 inter
850 1145 1013 1200 spem
1045 1130 1102 1179 et
1131 1124 1401 1177 timorem
1433 1137 1492 1174 se
1525 1118 1782 1172 medium
1816 1117 2030 1188 posuit,
2065 1120 2122 1170 et

473 1223 662 1278 vicino
679 1217 1020 1276 obedientize
1047 1211 1390 1285 pedejussis
1404 1209 1589 1263 sancti
1617 1207 1910 1278 pontificis
1931 1205 2121 1260 humi—

473 1311 606 1366 liter
634 1310 1062 1377 obtemperans,
1095 1303 1166 1356 ad
1201 1304 1431 1354 antrum
1480 1295 1816 1366 sarcophagi
1854 1294 2119 1364 perduxit

472 1417 711 1466 caecum,
739 1397 838 1469 qui
861 1409 1076 1466 pernox
1097 1390 1312 1444 ibidem
1336 1388 1392 1442 in
1416 1386 1673 1440 oratione
1698 1383 2037 1454 permansit,
2061 1388 2118 1438 et

472 1506 644 1545 mane
673 1488 822 1543 facto
851 1485 978 1555 jam
1011 1479 1264 1550 amplius
1305 1478 1542 1530 ductore
1573 1490 1684 1526 non
1720 1472 2008 1543 indigens,
2041 1473 2114 1526 ad

473 1577 704 1652 propria
730 1591 863 1630 cum
915 1569 1128 1643 gaudio
1160 1583 1423 1621 reversus
1467 1568 1555 1618 est
1599 1561 1822 1627 videns,
1857 1559 2027 1614 corde
2059 1564 2115 1614 et

467 1668 663 1723 animo
693 1662 1007 1720 Dominum
1036 1655 1406 1713 benedicens.

2240 498 2533 566 torqueor,
2587 495 2725 567 quia
2773 497 3103 568 frequenter
3156 496 3212 550 in
3265 495 3436 550 furtis
3486 495 3883 564 deprehensus

2239 599 2392 651 sum,
2424 589 2482 638 et
2513 585 2585 639 ab
2635 585 2720 638 eis
2767 601 2880 639 non
2929 585 3176 646 cessavi:
3229 586 3327 640 sed
3391 582 3544 638 mala
3595 600 3718 654 quae
3775 584 3879 639 feci

2239 671 2448 727 iterum
2480 677 2655 745 atque
2676 673 2888 728 iterum
2913 674 3168 746 repetivi.
3195 696 3220 724 ››
3247 675 3396 728 Tum
3420 677 3658 727 sanctus
3682 689 3732 724 ;‹‹
3755 672 3883 728 Ces-

2236 777 2320 828 sa,
2344 761 2556 834 inquit,
2579 762 2667 816 vel
2697 763 2871 817 modo
2904 762 3084 816 miser
3105 779 3138 816 a
3167 761 3354 828 furtis,
3377 779 3562 824 cessa,
3587 765 3643 814 et
3673 761 3754 814 sis
3787 779 3877 815 so-

2233 846 2396 904 lutus
2419 868 2453 904 a
2475 867 2622 905 nexu
2645 851 2944 923 compedis
2970 850 3205 922 hujus.»
3231 849 3492 905 Surrexit
3518 847 3670 903 illico
3702 850 3882 904 miser

2234 935 2330 991 ille
2362 939 2688 1008 absolutus,
2713 945 2772 994 et
2801 940 2998 995 exiens
3025 939 3158 994 inde
3188 939 3361 1005 venit,
3385 943 3443 992 et
3463 937 3713 1008 procidit
3743 945 3877 993 ante

2232 1026 2408 1096 pedes
2437 1027 2676 1101 zElfeagi
2706 1029 2983 1100 episcopi,
3013 1029 3380 1100 narravitque
3411 1027 3462 1082 ei
3495 1043 3616 1082 rem
3647 1033 3872 1099 gestam

2229 1113 2385 1168 circa
2405 1133 2466 1170 se
2497 1133 2598 1188 per
2617 1119 2903 1182 ordinem,
2928 1121 2984 1172 et
3001 1115 3099 1170 ille
3127 1133 3230 1188 pro
3260 1116 3475 1170 honore
3509 1115 3652 1170 tanti
3691 1115 3876 1170 Patris

2231 1203 2364 1257 sivit
2394 1221 2527 1259 eum
2559 1207 2719 1261 abire
2759 1206 3116 1262 indemnem.
3149 1205 3390 1260 Constat
3419 1221 3553 1276 ergo
3604 1209 3870 1259 sanctum

2230 1291 2384 1347 hunc
2417 1297 2639 1349 aeternae
2670 1293 2798 1350 vitae
2848 1295 3228 1366 conjunctum
3269 1294 3478 1347 virtute
3530 1293 3869 1349 meritorum

2228 1396 2488 1447 suorum,
2506 1399 2676 1454 posse
2696 1399 2803 1438 nos
2825 1402 2858 1438 a
2880 1387 3248 1455 peccatorum
3275 1387 3604 1437 nostrorum
3623 1381 3872 1438 vinculis

2227 1467 2466 1536 solvere,
2495 1474 2551 1526 et
2579 1473 2652 1526 ad
2683 1471 2940 1528 ccelestia
2980 1489 3158 1545 regna
3196 1473 3527 1544 perducere,
3555 1471 3646 1525 cui
3678 1471 3869 1526 adhuc

2225 1557 2285 1612 in
2316 1575 2488 1614 carne
2521 1561 2753 1633 degenti
2798 1560 3026 1616 coalitus
3056 1578 3330 1616 concessa
3375 1565 3463 1615 est
3512 1565 3770 1632 potestas
3801 1559 3868 1614 li-

2223 1647 2400 1717 gandi
2431 1653 2603 1721 atque
2629 1649 2910 1718 solvendi,
2943 1654 3253 1722 praestante
3286 1649 3530 1704 Domino
3554 1655 3751 1704 nostro
3780 1651 3870 1704 Je-

537 1756 672 1810 CAP.
706 1751 981 1807 XLIII.—-
1003 1748 1133 1803 Haec
1162 1743 1431 1800 revelatio
1461 1741 1631 1813 longe
1663 1740 1894 1812 lateque
1924 1738 2108 1793 divul-
2141 1773 2190 1838 B
2222 1752 2292 1790 su
2314 1736 2677 1810 Christo,qui
2711 1756 2842 1794 cum
2877 1739 2992 1794 Deo
3023 1745 3304 1795 coaeterno
3341 1739 3524 1804 Patre,
3547 1743 3604 1794 et
3645 1739 3864 1809 Spiritu

469 1848 606 1918 gata
625 1846 732 1910 est,
758 1858 882 1914 quae
911 1844 1029 1893 tam
1060 1833 1308 1890 evidenti
1341 1829 1622 1886 miraculo
1646 1830 1834 1884 fuerat
1855 1833 2113 1900 compro-

467 1917 622 1990 bata.
644 1931 864 1988 Exinde
885 1926 1142 1983 famulus
1163 1922 1376 1980 Christi
1397 1921 1671 1994 praedicto
1694 1919 1854 1973 fratri
1875 1917 2112 1973 Witsta-

465 2039 560 2090 no,
596 2026 654 2077 et
683 2020 975 2092 plerisque
1007 2015 1136 2070 aliis
1168 2029 1270 2086 per
1299 2015 1643 2066 nocturnam
1663 2009 1945 2062 visionem
1985 2025 2108 2063 ma-

465 2113 714 2168 nifestus
755 2106 1043 2181 apparuit,
1077 2103 1310 2175 illisque
1350 2117 1452 2173 per
1489 2100 1607 2154 lliBC
1648 2103 1704 2153 et
1734 2097 1851 2152 haec
1894 2097 2107 2151 indicia

463 2199 710 2271 aperuit,
727 2199 866 2270 quia
887 2211 1150 2266 superum
1173 2190 1559 2262 complaceret
1572 2187 1850 2242 voluntati
1875 2203 2007 2241 eum
2036 2187 2106 2240 de

463 2287 690 2344 tumulo
721 2284 1044 2350 transferri,
1070 2289 1126 2338 et
1149 2283 1320 2355 digne
1353 2280 1409 2332 in
1444 2277 1686 2332 ecclesia
1709 2274 2108 2330 collocari.Ve-

461 2377 754 2434 nerandus
775 2392 910 2447 ergo
933 2371 1190 2446 pontifex
1217 2369 1486 2441 Elfeagus
1519 2383 1818 2421 successor
1839 2366 1967 2436 ejus
1989 2365 2107 2418 aui-

459 2484 555 2523 mo
587 2466 776 2538 sagaci
805 2463 946 2519 talia
967 2477 1166 2517 secum
1197 2461 1576 2530 pertractans,
1603 2453 1968 2511 humillimas
1993 2453 2107 2508 ala-

459 2557 540 2612 cri
581 2557 752 2611 corde
792 2551 1173 2623 omnipotenti
1207 2548 1435 2604 Christo
1469 2546 1689 2618 gratias
1727 2544 2002 2610 reddidit,
2037 2561 2102 2597 eo

457 2646 611 2718 quod
635 2661 740 2701 suo
765 2649 1022 2713 tempore
1053 2637 1390 2712 dignarefur
1409 2635 1744 2691 cwlestibus
1769 2633 1952 2704 signis
1975 2650 2103 2686 san-

455 2738 617 2789 ctum
651 2749 826 2788 suum
879 2731 1207 2785 miriﬁcare.
1243 2727 1356 2782 Nec
1400 2743 1590 2792 mora;
1643 2725 1886 2779 fratrum
1937 2722 2096 2786 cleri,

453 2823 755 2895 plebisque
787 2819 1164 2876 multitudine
1193 2819 1558 2890 congregata,
1595 2812 1870 2884 reliquias
1911 2811 2097 2865 sancti

451 2911 718 2983 praesulis
747 2908 1073 2966 Adelwoldi
1107 2908 1215 2962 sub
1247 2905 1338 2960 die
1361 2909 1568 2976 quarta
1597 2903 1805 2958 Iduum
1841 2903 2099 2972 Septem-

453 3001 643 3055 brium
675 3000 993 3055 honoriﬁce
1023 2994 1344 3060 transtulit,
1383 3010 1594 3063 easque
1627 2992 1684 3045 in
1717 2991 1892 3046 choro
1913 2989 2092 3045 eccle-

451 3089 548 3142 sia:
581 3087 916 3144 collocavit:
942 3085 1042 3141 ubi
1083 3085 1138 3138 in
1178 3100 1392 3154 magna
1414 3081 1776 3136 veneratione
1808 3079 2094 3134 habentur

2221 1829 2422 1880 sancto
2469 1827 2608 1882 vivit
2657 1834 2714 1884 et
2764 1833 2967 1902 regnat
3016 1827 3189 1896 Deus,
3223 1846 3324 1900 per
3375 1827 3604 1882 inﬁnita
3653 1829 3865 1883 saecula

2221 1914 2588 1972 saeculorum.
2625 1919 2829 1974 Amen.

2222 2099 2438 2241 Ιησῖῑῖ
2483 2101 2832 2182 figamusjn
2874 2103 3092 2164 honore
3136 2103 3207 2162 S.
3237 2100 3866 2182 Adclwoldz'przesulzk

2296 2200 2326 2239 e
2384 2183 2551 2241 az'aco
2581 2192 2641 2241 et
2665 2185 3008 2241 naraeterieo
3037 2184 3300 2241 carmine
3343 2202 3448 2241 per
3486 2181 3864 2241 alphabetum

2296 2181 2551 2264 elegiaco
2581 2192 2641 2242 et
2661 2185 3008 2264 paraeterieo
3037 2184 3300 2243 carmine
3334 2202 3448 2263 per
3486 2181 3864 2262 alphabetum

2293 2263 2664 2342 compositus,
3282 2297 3302 2309 ε

2212 2377 2384 2432 Alma
2407 2377 2643 2434 lucerna
2675 2378 2870 2446 micat,
2905 2378 3102 2434 lumen
3137 2378 3464 2450 populoque
3498 2378 3792 2434 ministrat

2287 2467 2502 2522 Praasul
2531 2467 2932 2536 Adelwoldus,
2961 2468 3118 2524 alma
3148 2469 3385 2522 lucerna
3411 2468 3608 2522 micat.

2213 2554 2464 2628 Belliger
2493 2557 2606 2612 iste
2634 2558 2735 2612 Dei
2766 2558 3024 2612 victricia
3050 2551 3204 2611 bella
3237 2557 3475 2628 peregit,

2280 2645 2426 2699 Acer
2455 2645 2514 2698 in
2547 2661 2710 2698 arma
2740 2645 2856 2698 ruit
2885 2644 3128 2716 belliger
3157 2645 3263 2699 iste
3295 2645 3419 2698 Dei.

2210 2732 2390 2804 Cujus
2420 2735 2492 2789 ab
2523 2751 2619 2788 ore
2651 2749 2814 2788 sacro
2847 2733 3139 2786 fluxerunt
3171 2733 3447 2803 degmata
3471 2733 3617 2795 vitae,

2280 2821 2598 2878 Hausimus
2628 2838 2798 2877 omne
2829 2822 3048 2876 bonum
3078 2821 3248 2891 cujus
3279 2821 3350 2875 ab
3383 2838 3480 2874 ore
3508 2837 3691 2874 sacro.

2206 2911 2412 2968 Dulcia
2441 2913 2613 2967 corde
2642 2913 2736 2983 pio
2769 2927 3106 2966 resonemus
3136 2909 3361 2964 cantica
3391 2909 3563 2975 Patri,

2277 3000 2550 3056 Carmina
2579 3006 2883 3056 cantemus
2913 2998 3108 3054 dulcia
3136 2999 3307 3054 corde
3342 2999 3456 3069 pio.

2204 3090 2347 3146 Ecce
2377 3095 2644 3146 coruscat
2672 3107 2817 3162 apex
2846 3089 2952 3144 tibi
2977 3087 3328 3160 pontiﬁcalis
3361 3086 3589 3142 abunde

453 3193 635 3248 usque
667 3177 724 3230 in
758 3178 1100 3246 praesentem
1129 3173 1306 3236 diem,
1331 3172 1429 3226 ubi
1461 3171 1634 3253 etiam
1669 3169 1838 3223 nobis
1873 3170 2095 3222 intuen-
2124 3141 2168 3208 (ἶ
2275 3177 2420 3234 Hinc
2447 3141 2739 3250 ίῃίῃοῳιξ
2761 3182 2899 3233 tuus
2938 3141 3069 3232 3306
3100 3181 3369 3231 coruscat
3399 3174 3562 3244 apex,

449 3265 609 3320 tibus
638 3263 892 3320 coelestia
941 3267 1079 3318 sunt
1110 3264 1440 3334 perpetrata
1489 3259 1789 3325 miracula,
1821 3275 1850 3312 c
1881 3257 2092 3330 quibus

449 3355 565 3409 dua
594 3354 842 3409 breviter
873 3353 944 3407 ad
980 3351 1274 3406 ﬁrmitatis
1305 3347 1585 3404 indicium
1618 3347 2085 3419 perstrinximus.

517 3443 651 3499 Car.
703 3441 890 3497 XLIV.
933 3474 998 3480 μ-
1051 3441 1186 3495 Erat
1245 3455 1311 3494 eo
1368 3442 1628 3510 tempore
1686 3437 1740 3491 in
1800 3437 2089 3490 \Ventana

443 3532 586 3602 urbe
617 3530 810 3604 puella
837 3530 1102 3602 quaedam
1137 3527 1392 3600 parvula,
1417 3527 1724 3598 cujusdam
1753 3525 2084 3580 Adelwardi

442 3620 744 3676 domestici
796 3619 934 3684 lilia,
969 3636 1095 3690 quae
1125 3617 1302 3672 nimis
1353 3616 1776 3680 inﬁrmabatur,
1813 3617 1870 3668 et
1899 3630 2085 3684 usque

441 3711 513 3765 ad
545 3714 788 3766 mortem
814 3725 958 3782 pene
981 3708 1380 3780 torquebatur.
1416 3705 1543 3760 Haec
1565 3722 1599 3758 a
1621 3707 1804 3758 matre
1835 3703 2086 3758 deducta

439 3800 512 3854 ad
540 3799 642 3854 viri
675 3799 774 3854 Dei
811 3797 1125 3863 tumulum,
1161 3795 1511 3850 obdormivit
1545 3791 1874 3865 paululum.
1900 3792 2080 3846 Proti-

436 3907 547 3945 nus
577 3887 858 3961 evigilans
889 3905 1032 3943 sana
1079 3885 1350 3952 surrexit,
1374 3889 1430 3939 et
1461 3884 1723 3956 gaudens
1754 3898 1888 3936 cum
1919 3881 2075 3954 geni-

435 3977 573 4034 trice
604 3979 844 4033 domum
879 3977 1068 4032 rediit.

504 4066 640 4120 CAP.
663 4065 1060 4122 XLV.—-Puer
1079 4065 1253 4120 etiam
1279 4063 1515 4135 quidam
1543 4059 1838 4133 parvulus,
1862 4059 2076 4114 rElfﬁni

433 4155 743 4226 cujusdam
794 4155 1084 4209 mansueti
1119 4158 1176 4208 et
1207 4153 1450 4208 modesti
1488 4151 1592 4205 viri
1640 4148 1818 4215 ﬁlius,
1861 4148 1919 4202 in
1951 4149 2078 4220 ipsa

435 4243 681 4297 infantia
713 4243 932 4298 lumine
962 4249 1051 4298 est
1093 4242 1370 4314 privatus,
1404 4245 1461 4294 et
1507 4239 1785 4294 maternis
1816 4238 1972 4292 ulnis
2004 4239 2076 4292 ad

430 4332 740 4388 venerandi
777 4332 962 4387 Patris
999 4329 1323 4386 Adelwoldi
1365 4328 1698 4401 sepulcrum
1739 4328 2072 4398 perductus.

433 4421 645 4476 Mirum
678 4421 856 4488 dictu,
885 4439 1016 4474 mox
1043 4419 1228 4490 caligo
1249 4417 1519 4473 razritatis
1543 4416 1846 4482 abscessit,
1872 4419 1928 4470 et
1948 4432 2078 4470 ocu-

2203 3269 2354 3324 Fons
2385 3270 2442 3324 et
2470 3267 2630 3340 origo
2663 3267 2795 3322 boni
2829 3272 2886 3322 te
2913 3267 3088 3321 verba
3119 3269 3344 3321 serente
3373 3264 3649 3326 cucurrit,

2273 3357 2336 3411 In
2367 3361 2424 3412 te
2455 3357 2714 3412 manavit
2742 3356 2872 3410 fons
2902 3359 2959 3411 et
2987 3355 3146 3427 origo
3178 3355 3335 3408 boni.

2201 3445 2398 3502 Gloria
2427 3462 2637 3518 perpes
2669 3444 2778 3500 erit
2807 3443 2914 3500 tibi
2945 3460 3100 3498 nunc
3131 3443 3375 3514 ideoque
3411 3460 3513 3513 per
3553 3459 3736 3496 arvum

2269 3536 2454 3600 Quam
2484 3535 2692 3590 merito
2724 3534 2958 3600 retines,
2991 3531 3178 3605 gloria
3206 3533 3544 3604 perpeserit.

2194 3623 2387 3694 Hujus
2415 3640 2612 3679 amore
2642 3621 2836 3696 gregis
2865 3612 3139 3694 sprevisti
3165 3619 3392 3692 spicula
3423 3619 3649 3685 mortis,

2266 3711 2491 3768 Pellene
2521 3711 2660 3768 hinc
2689 3711 2866 3767 fortes
2897 3710 3076 3782 hujus
3097 3726 3293 3764 amore
3321 3709 3535 3780 gregis.

2194 3799 2455 3873 lnclytus
2486 3805 2662 3874 atque
2694 3805 2900 3873 potens
2930 3802 2988 3853 te
3016 3815 3114 3854 rex
3141 3797 3434 3854 adamavit
3466 3797 3710 3868 Eadgar,

2264 3890 2344 3945 Te
2375 3891 2662 3946 monitore
2693 3889 2890 3961 vigens
2921 3887 3176 3959 inclytus
3207 3891 3381 3958 atque
3413 3891 3636 3957 potens.

2191 3977 2402 4034 Kastra
2430 3978 2532 4033 Dei
2562 3978 2804 4033 reboant
2833 3981 2890 4032 te
2919 3977 3313 4032 constituente
3340 3974 3618 4039 celeuma,

2261 4066 2722 4138 Davidicumque
2753 4065 2938 4122 melos
2967 4070 3162 4120 castra
3191 4064 3288 4120 Dei
3323 4065 3582 4118 reboant.

2189 4155 2488 4210 Laudibus
2519 4155 2846 4210 innumeris
2878 4153 2982 4208 tibi
3022 4153 3195 4208 turba
3235 4152 3559 4208 monastica
3586 4152 3831 4224 plaudit,

2258 4243 2709 4316 Conjubilatque
2739 4243 2845 4298 tibi
2875 4242 3150 4298 laudibus
3179 4242 3525 4297 innumeris.

2187 4331 2402 4387 Moenia
2431 4331 2588 4388 celsa
2617 4332 2828 4387 domus
2858 4335 2961 4386 tua.
2989 4347 3131 4386 cura
3159 4330 3446 4386 levaverat
3475 4329 3673 4402 hujus,

2258 4421 2506 4493 Haecque
2535 4421 2752 4476 dicavit
2781 4437 2960 4476 ovans
2992 4419 3208 4474 mmnia
3237 4418 3392 4474 celsa
3420 4419 3650 4474 domus.

431 4509 517 4567 los
551 4509 714 4584 pueri
747 4511 983 4565 veniens
1015 4508 1290 4580 splendor
1333 4507 1476 4562 lucis
1507 4505 1752 4577 aperuit,
1783 4505 1941 4559 omni
1975 4521 2072 4575 po-
2102 4512 2156 4577 Β
2184 4509 2364 4565 Nocte
2394 4510 2604 4582 dieque
2635 4526 2868 4565 sacrum
2901 4508 3204 4564 celebrasti
3239 4508 3490 4580 pectoris
3521 4507 3827 4580 hymnum,

431 4598 566 4671 pulo
616 4599 1038 4672 congaudente,
1075 4604 1129 4653 et
1180 4601 1302 4650 tota
1352 4597 1650 4650 devotione
1685 4593 1942 4660 Christo,
1978 4595 2076 4665 qui

427 4693 640 4744 cuncta
671 4691 879 4760 potest,
917 4686 1166 4742 fideliter
1194 4685 1412 4756 gratias
1444 4689 1670 4757 agente.

497 4778 632 4834 ΟΑΡ.
665 4776 1084 4832 XLVI—Nec
1145 4775 1378 4830 silentio
1437 4773 1904 4844 przrtereundum
1962 4778 2066 4840 est,

425 4867 580 4939 quod
611 4867 924 4940 praedictus
975 4865 1158 4920 sancti
1199 4864 1303 4917 viri
1355 4879 1657 4918 successor
1703 4861 1939 4933 Elfagus
1969 4880 2069 4917 an-

424 4955 614 5023 tistes,
632 4956 944 5028 quemdam
971 4955 1155 5009 furem
1180 4969 1283 5024 pro
1306 4949 1616 5022 multiplici
1640 4953 1802 5005 reatu
1826 4949 2070 5022 flagellis

425 5059 662 5110 caesum,
687 5044 839 5098 mitti
863 5043 1047 5115 jussit
1078 5042 1136 5096 in
1163 5043 1398 5113 cippum
1423 5039 1746 5094 acrioribus
1767 5037 2071 5110 suppliciis

425 5130 828 5185 cruciandum.
863 5131 1126 5203 Cumque
1175 5131 1274 5185 diu
1325 5130 1407 5183 sic
1455 5129 1514 5182 in
1562 5129 1748 5200 pomis
1789 5128 2072 5199 jacuisset

425 5220 762 5283 damnatus,
788 5220 1040 5290 quadam
1092 5225 1258 5276 nocte
1289 5219 1447 5275 venit
1485 5219 1557 5273 ad
1598 5235 1730 5273 eum
1763 5217 1820 5270 in
1851 5217 2070 5274 visione

421 5314 664 5366 sanctus
687 5307 787 5362 Dei
811 5307 1068 5378 pontifex
1089 5307 1485 5375 Adelwoldus,
1502 5312 1558 5362 et
1587 5306 1668 5362 ait
1689 5304 1772 5360 illi
1797 5323 1848 5360 ;‹‹
1873 5306 2066 5375 Miser,

419 5415 524 5454 cur
555 5401 716 5454 tanto
747 5401 1009 5468 tempore
1040 5396 1123 5451 sic
1164 5397 1221 5450 in
1259 5401 1464 5453 trunco
1497 5399 1660 5469 jaces
1699 5400 2063 5451 extensus?»

413 5485 604 5544 Atille
629 5501 1056 5559 recognoscens
1087 5488 1356 5540 sanctum
1376 5487 1776 5559 virum,quem
1801 5503 1952 5559 saepe
1981 5485 2030 5538 vi
2057 5517 2070 5525 -

419 5575 584 5632 derat
614 5575 674 5632 in
705 5575 826 5631 vita
855 5572 1110 5644 mortali,
1141 5574 1441 5646 respondit
1475 5592 1488 5632 :
1515 5598 1541 5624 ‹‹
1572 5575 1810 5647 Dignas,
1837 5574 2068 5632 domine

2259 4597 2500 4654 Solvens
2528 4599 2785 4654 ofﬁcium
2823 4603 2990 4653 nocte
3021 4597 3231 4668 dieque
3262 4614 3516 4652 sacrum.

2185 4687 2473 4744 Omnibus
2503 4688 2680 4759 inque
2715 4686 2858 4742 locis
2889 4686 3158 4758 sparsisti
3190 4687 3416 4740 semina
3443 4685 3612 4750 lucis,

2254 4775 2572 4849 Expuleras
2602 4776 2873 4832 tenebras
2901 4775 3176 4832 omnibus
3207 4775 3384 4846 inque
3414 4775 3576 4830 locis.

2186 4864 2431 4938 Pervigil
2460 4870 2586 4921 esto
2619 4865 2758 4932 tuis,
2792 4865 3067 4936 petimus,
3102 4863 3372 4918 defensor
3405 4863 3682 4925 alumnis,

2255 4953 2554 5010 Protector
2582 4953 2819 5009 famulis
2850 4951 3091 5026 pervigil
3123 4957 3247 5008 esto
3277 4952 3414 5006 tuis.

2184 5043 2434 5113 Quisque
2483 5046 2714 5110 nocent,
2758 5057 2974 5109 reseca,
3025 5057 3152 5113 quae
3205 5046 3344 5096 sunt
3391 5045 3447 5094 et
3495 5041 3822 5107 commoda,

3485 5129 3750 5203 [praesta;

2252 5221 2385 5285 Quae
2418 5220 2571 5275 bona
2611 5224 2770 5288 sunt,
2805 5236 3026 5282 revoca,
3061 5237 3303 5291 quaeque
3342 5225 3568 5286 nocent,
3605 5235 3822 5274 reseca.

2181 5308 2391 5363 Rector
2421 5309 2752 5381 apostolicae
2782 5309 2914 5364 felix
2945 5314 3003 5364 et
3025 5307 3248 5379 janitor
3279 5307 3422 5362 aulae

2251 5397 2440 5469 Hujus
2471 5403 2529 5453 et
2557 5399 2826 5455 Ecclesiae
2857 5402 3046 5453 rector
3079 5395 3429 5470 apostolica),

2179 5485 2343 5542 Solve
2376 5491 2510 5543 tuos
2539 5488 2793 5544 famulos
2817 5487 2967 5543 Petri
2995 5487 3136 5552 vice,
3170 5485 3323 5542 solve
3353 5485 3582 5559 ligatos,

2251 5575 2366 5630 Nos
2398 5593 2431 5630 a
2462 5578 2718 5648 peccatis
2751 5577 2906 5634 solve
2936 5581 3069 5632 tuos
3102 5573 3371 5631 famulos.
