4130 6180
354 292 473 349 105

351 426 435 481 Te
464 426 634 495 duce,
669 426 935 483 stallit’eri
966 426 1319 484 scandamus
1353 432 1416 483 ut
1448 430 1595 485 atria
1625 428 1773 497 carli,

427 513 744 588 Partieipes
777 516 961 588 regni,
994 520 1050 571 to
1078 517 1244 584 duce,
1279 516 1561 573 stelliferi.

346 600 632 660 Versibus
663 604 1018 678 hymni'dicis
1048 605 1169 661 hmc
1201 606 1464 661 carmina
1496 606 1828 678 pangimus,
1862 610 1919 662 et
1948 610 2004 663 te

424 690 739 749 Patronum
771 693 1018 749 colimus
1048 696 1313 751 versibus
1340 694 1715 768 hymnidicis.

342 780 725 838 Christicolas
753 783 983 855 animas
1013 784 1152 856 quia
1183 784 1573 856 multiplicare
1604 783 1853 851 solebas,

416 872 499 926 Ad
533 871 702 927 ctrlos
734 889 1011 929 revocans
1040 873 1413 929 Christicolas
1444 873 1693 929 animas.

342 958 500 1014 Ydra
530 977 745 1018 nocens
778 962 981 1033 fugiat,
1016 979 1088 1017 ne
1117 980 1223 1019 nos
1254 979 1355 1035 per
1383 962 1548 1017 devia
1571 961 1735 1016 ludat
1768 979 1780 1016 :

417 1048 533 1103 Nos
562 1054 663 1105 tua
689 1050 892 1106 dextra
924 1055 1096 1125 tegat,
1128 1051 1312 1125 hydra
1341 1067 1557 1107 nocens
1588 1051 1793 1123 fugiat.

338 1138 483 1194 Elus
512 1140 714 1195 obesse
746 1141 971 1213 nequit,
1000 1140 1229 1197 Christo
1261 1143 1572 1214 superante
1621 1140 1943 1213 malignum
1977 1157 1990 1195 :

415 1228 685 1285 Christus
715 1230 879 1285 adest
905 1229 1107 1299 victor,
1141 1229 1300 1287 zelus
1331 1231 1536 1286 obesse
1567 1230 1789 1301 nequit.

335 1318 569 1390 Aspice,
606 1323 804 1375 sancte
835 1319 1020 1387 Pater,
1054 1336 1181 1392 quae
1207 1336 1312 1376 nos
1342 1320 1586 1375 adversa
1616 1318 1861 1391 fatigant
1894 1334 1906 1373 :

413 1409 550 1472 Quae
581 1407 735 1463 mala
760 1425 866 1465 nos
896 1408 1173 1478 lacerant,
1208 1408 1421 1482 aspice,
1456 1412 1655 1465 sancte
1686 1407 1871 1463 Pater.

339 1496 502 1552 Mitis
532 1497 730 1553 adesto
762 1498 879 1553 tuis
906 1498 1011 1554 tibi
1043 1499 1143 1570 qui
1176 1498 1540 1553 famulantur
1566 1497 1844 1552 alumnis.

413 1587 521 1652 Qui
552 1591 608 1642 te
636 1586 991 1656 collaudant,
1024 1587 1184 1642 mitis
1214 1588 1415 1643 adesto
1443 1587 1582 1643 tuis.

337 1675 530 1749 Eripe,
564 1681 782 1749 pastor,
814 1693 969 1746 oves,
1002 1676 1199 1732 animo
1225 1693 1372 1748 quas
1402 1692 1636 1748 semper
1662 1674 1894 1742 amasti,

410 1766 480 1821 Et
505 1782 653 1838 quas
683 1765 973 1822 nutrieras
1004 1766 1181 1838 eripe,
1211 1768 1427 1838 pastor,
1462 1780 1615 1820 oves.

336 1853 588 1910 Nomina
618 1859 817 1911 nostra
847 1858 1006 1911 notet
1032 1870 1148 1927 quo
1179 1853 1447 1909 Christus
1466 1853 1525 1908 in
1557 1868 1687 1907 arce
1718 1849 1984 1924 polorum

410 1943 555 2000 Cum
588 1946 924 2017 sanctisque
950 1944 1075 2001 suis
1096 1942 1336 2000 nomina
1355 1946 1555 1999 nostra
1577 1945 1753 1998 notet.
1776 1941 1980 1996 Amen.

334 2130 616 2213 Hymnus
671 2130 1079 2212 vesperti'nalis
1140 2129 1415 2211 ,Sap/u'co
1474 2139 1660 2192 metro
1736 2130 1979 2194 endeca-

415 2221 645 2371 sgllabo
696 2220 905 2295 editus,
953 2220 1249 2282 Adom'um
1304 2229 1519 2301 quarto
1576 2222 1874 2284 continens
1921 2225 1983 2283 in

473 2330 562 2371 co.

473 2330 562 2371 CO.

410 2472 661 2546 Inclytus
692 2477 893 2545 pastor
922 2470 1235 2545 populique
1265 2476 1472 2538 rector,

405 2554 587 2624 Cujus
617 2553 909 2625 insignem
940 2551 1187 2608 colimus
1215 2551 1604 2623 triumphum.

406 2635 570 2690 Nunc
599 2632 975 2689 Adelwoldus
1005 2631 1132 2687 sine
1160 2632 1275 2686 fine
1300 2631 1466 2687 laetus

618 2724 845 2796 Regnat
873 2721 934 2776 in
965 2719 1159 2776 astris.

405 2803 511 2870 Qui
544 2804 713 2858 Pater
741 2804 939 2858 noster
969 2800 1079 2855 fuit
1109 2803 1167 2856 et
1197 2801 1497 2874 magister,

402 2892 693 2948 Exhibeas
724 2907 902 2948 saera;
932 2890 1284 2946 documenta
1312 2890 1460 2958 vita},

401 2983 472 3038 Et
501 2982 616 3038 Deo
645 2997 877 3053 semper
906 2983 1179 3052 satagens
1208 2977 1436 3051 placere

612 3070 795 3127 Corde
823 3068 1096 3143 benigno.

401 3159 446 3215 Ο
472 3159 627 3215 diem
657 3163 948 3227 sanctum,
981 3156 1286 3224 celebrem,
1320 3173 1650 3225 coruscum,

401 3250 585 3315 Quem
616 3247 717 3304 Dei
743 3246 913 3304 nobis
944 3246 1127 3319 pietas
1158 3245 1425 3314 sacravit,

403 3338 476 3395 Ut
506 3337 659 3393 Patri
690 3341 851 3393 tanto
882 3352 1241 3392 mereremur
1271 3334 1494 3390 almum

619 3427 886 3483 Promere
914 3429 1151 3482 cantum
1174 3424 1187 3480 ι

402 3515 573 3571 Nunc
601 3530 735 3570 eum
763 3514 897 3570 nisu
928 3513 1249 3586 rogitemus
1278 3512 1459 3581 omni,

401 3612 617 3668 Abluat
647 3618 912 3669 nostrum
943 3610 1076 3684 pius
1108 3614 1174 3667 ut
1203 3614 1453 3674 reatum.

401 3702 473 3758 Et
501 3718 612 3759 sua
640 3706 844 3758 sancta
870 3717 1039 3775 prece
1068 3716 1176 3757 nos
1206 3700 1280 3756 ad
1312 3699 1495 3755 altum

616 3790 802 3847 Ducat
829 3788 1149 3864 olympum.

401 3880 491 3937 Sit
518 3880 634 3936 Deo
664 3879 774 3937 soli
804 3880 984 3937 decus
1012 3883 1070 3936 et
1093 3881 1369 3952 potestas,

401 3969 557 4025 Laus
587 3968 645 4025 in
673 3968 938 4037 excelsis,
971 3968 1159 4024 honor
1186 3984 1253 4024 ac
1282 3968 1574 4041 perennis,

398 4058 509 4126 Qui
539 4057 665 4115 suis
694 4062 880 4115 totum
914 4057 1223 4114 moderans
1252 4057 1540 4131 gubernat

616 4146 865 4222 Legibus
893 4146 1115 4204 orbem.
1148 4148 1353 4201 Amen.

328 4236 470 4294 Caeli
501 4241 736 4293 senator
762 4235 992 4309 inclyte,
1022 4239 1223 4291 sancte
1252 4234 1420 4290 Pater
1445 4233 1712 4290 Ecclesia:

326 4324 686 4394 Adelwolde,
719 4323 1015 4398 supplices
1046 4329 1178 4380 tuos
1208 4323 1416 4381 exaudi
1448 4322 1725 4380 servulos.

326 4415 463 4472 Jam
494 4414 661 4471 sidus
689 4414 842 4471 inter
868 4413 1081 4483 sidera,
1115 4410 1451 4484 resplendes
1483 4429 1660 4485 super
1690 4412 1921 4480 aethera,

326 4503 511 4560 Nobis
538 4503 827 4577 benignus
856 4503 1105 4574 impetra
1135 4500 1413 4558 Paracleti
1443 4500 1819 4558 charismata.

329 4592 536 4649 Pronis
567 4609 843 4667 rogamus
868 4591 1165 4649 mentibus
1195 4588 1290 4646 hic
1321 4606 1516 4646 coram
1545 4589 1665 4646 tuis
1711 4589 1975 4659 artubus,

326 4682 556 4738 Nostris
588 4683 787 4738 adesto
819 4681 1089 4755 precibus
1119 4696 1361 4736 serenus
1392 4696 1459 4735 ac
1490 4677 1795 4752 propitius.

330 4771 401 4827 Ut
432 4772 550 4827 tuis
584 4770 926 4827 necessariis
957 4768 1199 4842 protecti
1231 4768 1568 4841 patrocinis,

324 4862 411 4917 Ad
444 4860 725 4916 coslorum
760 4864 1041 4933 perpetua
1070 4858 1477 4933 perveniamus
1508 4856 1741 4929 gaudia,

330 4950 569 5006 Prastet
599 4950 767 5006 nobis
798 4950 1097 5023 Ingenitus
1128 4949 1238 5005 hoc
1267 4951 1441 5019 atque
1474 4945 1835 5019 Unigenitus,

330 5040 584 5095 Sanctus
599 5040 905 5095 amborum
927 5037 1200 5111 Spiritus,
1215 5037 1407 5091 trinus
1425 5039 1480 5091 et
1498 5052 1651 5091 unus
1675 5034 1977 5090 Dominus.

614 5131 818 5185 Amen.

1026 5263 1288 5320 Oremus.

402 5380 581 5449 Deus,
614 5378 715 5452 qui
747 5376 1007 5452 praeclari
1037 5374 1246 5433 sideris
1277 5373 1463 5430 sancti
1494 5372 1785 5446 pontiﬁcis
1814 5370 1983 5427 Adel-

330 5469 513 5527 woldi
567 5467 978 5537 illustratione,
1012 5482 1220 5524 novam
1261 5464 1493 5538 populis
1528 5461 1849 5535 Anglorum
1881 5460 1983 5515 tri-

332 5557 514 5617 buisti
534 5558 725 5615 lucem
742 5556 1026 5615 hodierna
1046 5555 1137 5614 die
1159 5555 1503 5614 clarescere:
1521 5549 1863 5624 suppliciter
1881 5547 1987 5604 im-

333 5648 639 5725 ploramus
658 5646 1052 5716 clementiam,
1068 5650 1134 5701 ut
1161 5645 1331 5717 cujus
1354 5638 1690 5717 magisterio
1707 5636 1887 5697 totius
1906 5652 1988 5696 re-

654 5747 924 5809 Pa'raon.
963 5745 1300 5808 CXXXVII.

1954 297 2159 359 VITA.

2038 432 2092 498 Α
2123 429 2356 502 ligionis
2386 433 2736 489 documenta
2780 432 3178 505 cognovimus,
3214 450 3368 490 unus
3397 439 3453 490 et
3482 435 3761 509 exemplis

2012 1808 2063 1875 B

2012 3182 2059 3246 D

3645 304 3762 365 106

2114 518 2521 588 informemur,
2552 525 2609 576 et
2639 521 2978 594 patrociniis
3008 522 3372 593 adiuvamur.
3406 523 3530 579 Per.

2753 628 2838 684 Ad
2866 628 3119 684 missam.

2182 732 2356 800 Deus,
2391 735 2488 805 qui
2524 734 2864 790 hodiernam
2897 734 3048 791 diem
3081 736 3231 791 beati
3270 736 3621 793 confessoris
3670 738 3755 793 tui

2107 821 2430 876 Adelwoldi
2463 823 2719 895 episc0pi
2751 824 2999 879 transitu
3033 824 3201 880 nobis
3230 825 3631 882 honorabilem
3664 828 3757 883 dc-

2109 910 2315 965 dicasti
2349 929 2361 965 :
2400 913 2648 966 concede
2680 911 2988 984 propitius,
3025 918 3089 968 ut
3115 915 3284 985 cujus
3315 914 3639 971 eruditione
3660 933 3751 972 ve-

2109 997 2295 1054 ritatis
2340 1003 2450 1053 tute
2501 998 2628 1054 luce
2678 1002 3105 1072 perfundimur,
3157 1004 3286 1073 ejus
3338 1002 3754 1062 intercessione

2105 1085 2355 1144 caelestis
2374 1086 2500 1142 vita:
2530 1084 2745 1160 gaudia
2777 1104 3226 1161 consequamur.
3260 1090 3383 1147 Per.

2798 1198 3052 1252 Secreta.

2172 1299 2379 1355 Oblata
2420 1300 2717 1358 servitutis
2764 1306 2974 1358 nostris
3024 1319 3269 1358 munera
3320 1304 3447 1372 tibi,
3482 1305 3744 1375 Domine,

2100 1402 2442 1459 quaasumus
2480 1407 2677 1446 annua
2723 1390 2911 1446 sancti
2961 1390 3147 1447 Patris
3191 1392 3376 1448 nostri
3421 1394 3748 1450 Adelwoldi

2097 1477 2355 1550 episcOpi
2382 1479 2722 1536 solemnitas
2742 1480 3110 1535 commendet
3129 1485 3394 1555 accepta:
3419 1486 3482 1538 ut
3502 1484 3631 1555 ejus
3653 1483 3749 1557 pia

2096 1581 2165 1620 su
2174 1565 2522 1638 ppiicationo
2554 1568 2785 1638 muniti,
2822 1573 3165 1625 cunctorum
3188 1575 3523 1628 nostrorum
3546 1573 3747 1629 remis-

2097 1652 2319 1710 sionem
2338 1657 2742 1728 peccaminum
2762 1662 2820 1714 et
2840 1658 3221 1715 beatitudinis
3242 1659 3608 1732 sempiternae
3630 1678 3745 1718 me-

2097 1759 2331 1800 reamur
2360 1745 2618 1803 obtinere
2649 1746 3029 1803 consortium.
3063 1747 3187 1804 Per.

2768 1854 3066 1925 Pra‘fatio.

2164 1949 2231 2003 V.
2268 1949 2334 2005 D.
2360 1954 2570 2007 aeterne
2597 1950 2770 2020 Deus,
2799 1951 3078 2023 quoniam
3102 1953 3265 2007 adest
3286 1952 3453 2010 nobis
3474 1955 3742 2025 jucunda

2092 2042 2148 2094 et
2192 2038 2380 2094 votiva
2429 2040 2727 2113 praesentis
2775 2039 2888 2095 dici
2936 2039 3155 2110 laetitia,
3196 2057 3374 2113 quam
3424 2043 3741 2115 Apostoliei

2092 2126 2369 2185 culminis
2427 2128 2644 2186 honore
2711 2129 3063 2198 sublimem,
3125 2146 3405 2202 roseoque
3477 2132 3739 2205 martyrii

2091 2233 2295 2273 cruore
2326 2217 2665 2285 solemnem,
2694 2217 2930 2292 gloriosi
2957 2218 3208 2291 potitlcis
3227 2218 3593 2277 Andelwoldi
3623 2239 3741 2279 mo-

2090 2306 2273 2362 derna
2302 2305 2632 2362 celebritate
2662 2306 3037 2375 consecrasti,
3071 2311 3128 2363 et
3166 2325 3331 2381 spem
3362 2309 3532 2365 nobis
3564 2315 3737 2368 tanta:

2091 2395 2316 2452 fiducia:
2339 2396 2659 2464 contulisti,
2686 2400 2750 2451 ut
2779 2413 2885 2453 nos
2912 2396 3170 2469 paternis
3192 2398 3320 2469 ejus
3345 2398 3661 2472 suﬂ'ragiis,
3681 2403 3741 2455 et

2090 2501 2124 2539 a
2153 2490 2522 2557 peccatorum
2555 2489 2889 2541 nostrorum
2922 2485 3164 2542 nexibus
3208 2485 3399 2543 solvas
3425 2491 3481 2542 et
3510 2489 3582 2544 ad
3623 2506 3735 2544 ca:-

2090 2573 2256 2630 lestia
2287 2592 2465 2649 regna
2495 2575 2797 2648 perducas.
2834 2574 2940 2631 Per
2968 2574 3289 2633 Christum.

2670 2682 3151 2739 l’ostcommunio.

2161 2782 2443 2849 Refectos,
2476 2778 2739 2848 Domine,
2772 2780 2963 2835 vitalis
2995 2780 3283 2836 alimonia:
3327 2782 3731 2851 sacramentis,

2087 2871 2274 2929 sancti
2304 2868 2654 2926 confessoris
2684 2868 2769 2923 tui
2798 2866 3124 2923 Adclwoldi
3169 2868 3581 2925 intercessione
3610 2870 3735 2943 glo-

2088 2962 2242 3017 riosa
2268 2977 2374 3016 nos
2406 2962 2658 3031 protege,
2691 2959 2749 3012 et
2776 2957 2847 3011 ad
2889 2960 3170 3012 aeternum
3218 2956 3469 3014 caelestis
3518 2975 3733 3016 mensze

2085 3048 2415 3107 convivium
2446 3046 2743 3120 pervenire
2770 3046 3038 3102 concede.
3076 3045 3198 3102 Per.

2834 3143 2986 3199 Alia.

2157 3263 2402 3334 Gregem
2442 3264 2633 3327 tuum,
2688 3258 2890 3313 Pastor
2934 3259 3165 3324 aeterne,
3198 3255 3278 3328 pii
3332 3256 3734 3329 sutl'ragatoris

2085 3348 2407 3408 Adelwoldi
2442 3346 2627 3405 Patris
2662 3346 2844 3402 nostri
2893 3344 3229 3401 defensione
3259 3345 3539 3418 guberna,
3572 3362 3735 3418 qua:-

2087 3457 2315 3506 sumns,
2365 3437 2629 3504 Domine,
2664 3439 2728 3491 ut
2773 3435 2945 3507 cujus
2994 3433 3395 3490 benevolentia
3440 3435 3731 3506 provocati

2085 3527 2324 3603 superni
2369 3526 2587 3583 amoris
2635 3524 2940 3580 dulcedine
2969 3522 3286 3596 pascimur,
3318 3523 3446 3594 ejus
3487 3523 3734 3579 interve-

2088 3619 2282 3675 niente
2311 3614 2654 3689 patrocinio,
2689 3617 2747 3669 et
2794 3630 2827 3668 a
2873 3612 3215 3685 temporalis
3245 3612 3375 3667 vitae
3429 3612 3732 3683 perturba-

2085 3707 2344 3763 tionibus
2373 3721 2670 3772 eruamur,
2703 3707 2759 3759 et
2788 3699 3089 3757 mansuris
3110 3716 3499 3773 supernorum
3521 3700 3733 3756 civium

2086 3795 2316 3870 gaudiis
2343 3794 2695 3850 inseramur.
2730 3791 2853 3848 Per.

2327 3909 2383 3948 IV
2409 3906 2542 3948 IDUS
2572 3904 2945 3956 SEPTEMBRIS,
2979 3904 3037 3943 IN
3066 3901 3491 3944 TRANSLATIONE

2623 3993 2817 4033 SANCTI
2846 3992 3206 4033 ADELWOLDI.

2158 4080 2332 4149 Deus,
2361 4078 2462 4151 qui
2490 4077 2659 4133 nobis
2690 4079 2959 4132 sanctum
3005 4073 3339 4147 pontificem
3367 4076 3533 4128 tuum
3564 4072 3734 4128 Adel-

2085 4169 2350 4227 woldum
2374 4166 2581 4223 salutis
2603 4169 2827 4221 aeternae
2849 4164 3145 4220 doctorem
3169 4161 3426 4219 tribuisti
3452 4178 3464 4216 ε
3486 4162 3736 4219 concede

2086 4257 2394 4332 propitius,
2410 4260 2475 4311 ut
2503 4256 2673 4327 cujus
2687 4271 2893 4310 annuae
2916 4251 3318 4308 translationis
3339 4250 3624 4308 solemnia
3648 4268 3740 4307 co-

2085 4348 2286 4416 limus,
2319 4348 2447 4419 ejus
2478 4360 2710 4416 semper
2740 4341 2963 4399 meritis
2995 4342 3340 4413 adjuvemur
3358 4344 3413 4398 et
3442 4340 3735 4413 precibus.

2087 4437 2210 4493 Per.

2655 4534 2841 4601 Super
2873 4531 3146 4586 oblatam.

2160 4630 2525 4689 Sacriﬁcium
2558 4633 2829 4685 nostrum
2876 4627 3001 4696 tibi,
3056 4626 3318 4693 Domine,
3373 4637 3734 4696 quaesumus,

2090 4721 2275 4778 sancti
2311 4720 2497 4776 Patris
2530 4718 2710 4774 nostri
2742 4716 3063 4774 Adchuldi
3088 4714 3341 4787 episcopi
3370 4710 3739 4769 commendet

2089 4811 2271 4868 oratio
2307 4827 2319 4866 :
2356 4814 2421 4867 ut
2450 4808 2620 4864 nobis
2651 4825 2716 4864 eo
2748 4805 3102 4877 suffragante
3136 4804 3237 4858 fiat
3281 4804 3492 4857 sanctae
3524 4799 3736 4871 majes-

2090 4901 2226 4957 tatis
2282 4904 2392 4955 tuae
2452 4896 2802 4969 prepiriatio,
2865 4899 2920 4949 et
2974 4896 3341 4965 peccatorum
3402 4894 3737 4947 nostrorum

2088 4993 2355 5061 exaptata
2386 4985 2673 5041 remissio.
2710 4984 2832 5038 Per.

2759 5086 3059 5159 Prw/lilio.

2163 5192 2426 5250 Votivam
2450 5189 2601 5246 beati
2633 5185 2923 5261 pontificis
2948 5182 3271 5241 Adelvvoldi
3298 5183 3738 5240 translationem

2093 5281 2189 5354 pia
2216 5279 2582 5338 veneratione
2614 5275 2991 5343 celebrantes,
3015 5277 3186 5346 teque
3206 5290 3421 5330 cernua
3441 5271 3741 5329 devotione

2093 5373 2418 5435 exorantes,
2454 5371 2517 5422 ut
2565 5365 2758 5438 ipsum
2799 5381 2905 5420 nos
2953 5364 3106 5437 apud
3158 5362 3526 5421 clementiam
3574 5362 3737 5415 tuam

2094 5459 2419 5518 sentiamus
2449 5454 2663 5511 habere
2695 5456 3028 5526 patronum,
3063 5469 3237 5525 quem
3270 5454 3368 5507 tua
3412 5449 3598 5525 gratia
3625 5447 3739 5505 lar-

2093 5546 2285 5620 giente
2315 5542 2525 5600 salutis
2556 5546 2779 5599 interna:
2821 5540 3145 5601 meruimus
3187 5539 3486 5615 suscipere
3525 5535 3739 5613 magis-

2093 5640 2270 5696 trum.
2307 5633 2412 5693 Per
2442 5631 2760 5694 Christum.

3381 5733 3420 5795 4
