4148 6184
407 295 520 354 107

995 427 1472 484 Postcommunio.

479 543 549 598 Ut
579 543 700 598 h:ec
731 543 1067 598 communio
1099 561 1228 614 nos,
1259 544 1521 609 Domine,
1555 543 1659 599 tibi
1695 543 1904 614 dignos
1931 543 2054 598 efﬁ-

406 631 540 700 ciat,
566 632 770 686 beatus
793 632 1167 688 Paternoster
1186 631 1564 688 Adelwoldus
1585 632 1883 704 suffragio,
1909 647 2060 704 quae-

407 735 636 789 sumus,
671 719 779 792 piae
809 719 1246 777 intercessionis
1277 719 1558 777 obtineat.
1593 721 1716 776 Per.

878 849 961 902 De
992 846 1150 902 horis
1179 846 1591 916 peculiaribus-

481 959 760 1016 Praaterea
777 959 984 1016 beatus
1004 961 1170 1016 Pater
1182 960 1558 1017 Adelwoldus
1575 961 1750 1018 horas
1767 962 2062 1034 regulares

409 1053 466 1106 et
494 1048 816 1122 peculiares
857 1049 970 1105 sibi
1005 1050 1076 1104 ad
1111 1049 1406 1123 singulare
1433 1050 1731 1107 servitium
1781 1049 2056 1118 instituit,

411 1153 558 1209 quas
587 1137 648 1192 in
679 1136 868 1192 tribus
898 1137 1168 1193 cursibus
1200 1138 1485 1193 ordinavit
1519 1156 1530 1192 :
1567 1138 1900 1194 humillima
1929 1138 2058 1193 dili-

409 1225 606 1298 gentia
635 1240 899 1297 quosque
931 1227 1226 1297 subjectos
1247 1228 1590 1294 admonens,
1619 1231 1683 1282 ut
1711 1227 1820 1284 hoc
1841 1231 2060 1283 secreto

410 1313 697 1370 famulatu
719 1312 919 1388 ignitis
941 1315 1166 1370 Satanae
1194 1315 1570 1372 tentamentis
1592 1315 1897 1388 vigilanter
1927 1315 2062 1372 resi-

409 1406 648 1471 sterent,
677 1408 733 1458 et
752 1420 820 1460 ea
839 1421 942 1476 per
961 1403 1060 1460 Dei
1083 1404 1330 1475 gratiam
1353 1403 1674 1460 resistendo
1696 1409 2058 1476 superarent,

409 1495 467 1548 et
497 1495 562 1548 ut
591 1493 735 1548 fides
765 1509 892 1564 quae
924 1510 1029 1565 per
1063 1493 1243 1548 nostri
1279 1493 1565 1549 Creatoris
1593 1497 1648 1548 et
1679 1493 1929 1565 piissimi
1953 1493 2060 1548 Re-

411 1581 735 1654 demptoris
765 1581 1229 1638 incarnationem
1271 1581 1402 1638 luce
1445 1581 1662 1638 clarius
1709 1580 1940 1650 enituit,
1974 1581 2060 1636 in-

413 1673 602 1726 stante
621 1670 827 1726 futura:
851 1669 1275 1742 persecutionis
1291 1674 1550 1744 tempore
1571 1686 1698 1742 quae
1709 1671 1834 1742 jam
1857 1669 2062 1726 vicinis

1453 296 1513 368 S.
1566 295 2086 356 ETlIELWOLDI
2131 295 2474 356 WINTUN.
2525 295 2769 357 EPISC.

3700 293 3816 352 108

2084 428 2139 495 Α
2168 427 2468 482 Atichristi
2515 428 2876 500 temporibus
2924 429 3165 502 ingruit,
3218 428 3378 486 nullo
3430 429 3622 496 modo,
3657 426 3816 500 quod

2166 517 2336 583 absit,
2371 515 2678 572 titubando
2718 518 2960 584 vacillet,
2996 519 3095 574 sed
3144 517 3237 575 his
3287 517 3496 574 divinis
3546 516 3819 572 roborata

2167 605 2472 678 praeconiis
2491 607 2944 680 integrajugiter
2963 611 3017 662 et
3042 607 3317 664 inviolata
3336 608 3693 680 permaneat.
3718 604 3821 660 Est

2165 693 2324 750 enim
2356 696 2558 767 prima:
2590 695 2928 767 psalmodia:
2951 697 3240 752 cantilena
3269 697 3340 752 ad
3371 695 3607 752 laudem
3639 695 3818 750 beatas

2168 783 2271 840 Dei
2300 783 2600 856 genitricis
2625 800 2972 857 semperque
2991 784 3232 859 virginis
3255 785 3448 842 Marias
3478 785 3818 858 procurata;

2169 873 2428 929 secunda
2457 877 2655 929 autem
2678 874 2750 930 ad
2783 873 3062 930 honorem
3084 874 3387 930 beatorum
3419 871 3820 946 apostolorum

2172 962 2321 1018 Petri
2341 967 2394 1017 et
2417 961 2578 1017 Pauli
2599 962 2986 1034 omniumque
3008 962 3190 1019 nostri
3217 962 3532 1020 Salvatoris
3552 961 3820 1018 humani-

2167 1051 2270 1106 tati
2303 1051 2745 1123 praesentialiter
2777 1051 3220 1120 famulantium;
3252 1051 3422 1108 tertia
3446 1069 3579 1108 vero
3601 1052 3673 1106 ad
3706 1050 3825 1107 suf-

2171 1139 2354 1211 fragia
2372 1139 2638 1196 omnium
2657 1145 2996 1196 sanctorum
3027 1139 3398 1212 postulanda,
3418 1145 3482 1196 ut
3501 1155 3701 1196 eorum
3725 1138 3824 1212 pia

2171 1228 2586 1285 intercessione
2602 1231 2866 1302 protecti,
2889 1229 3308 1286 multiformem
3326 1229 3473 1286 versi
3478 1227 3646 1302 pellis
3665 1229 3826 1284 Anti-

2171 1315 2374 1372 christi
2408 1321 2465 1372 et
2495 1317 2896 1374 membrorum
2923 1320 3052 1390 ejus
3075 1317 3366 1374 fallaciam
3389 1333 3743 1391 expugnare,
3767 1322 3826 1374 et

2171 1404 2252 1460 Ch
2260 1405 2402 1460 risto
2415 1411 2824 1462 remunerante
2837 1407 3161 1462 ccelestium
3180 1406 3550 1480 praemiorum
3564 1405 3824 1480 palmam

2171 1509 2504 1548 mereamur
2524 1493 2804 1566 accipere.
2831 1497 2964 1562 Quae
2987 1495 3254 1552 videlicet
3277 1495 3430 1551 horae
3447 1495 3743 1568 plerisque
3763 1495 3824 1551 in

2171 1581 2316 1637 locis
2333 1580 2626 1638 habentur
2640 1583 2927 1656 ascriptac,
2949 1589 3004 1640 et
3028 1585 3155 1642 ideo
3177 1585 3237 1641 in
3259 1584 3367 1642 hoc
3385 1585 3661 1642 codicello
3684 1589 3827 1642 sunt

2172 1671 2596 1744 praetermissae.

2020 1799 2216 1868 Tropi.
2256 1807 2259 1809 ‘

841 1920 1028 1976 Patris
1061 1922 1228 1978 adest
1257 1922 1445 1978 votiva
1473 1924 1618 1990 dies,
1653 1926 1959 1978 cantemus
1987 1925 2242 1979 ovantes.
2277 1923 2478 1978 Statuit
2507 1927 2577 1978 ei.

843 2009 1180 2066 Pontiﬁcem
1211 2010 1428 2083 templo
1460 2011 1572 2067 sibi
1601 2027 1776 2082 quem
1809 2010 2058 2066 sacravit
2085 2010 2146 2066 in
2176 2011 2310 2066 isto.
2344 2013 2410 2067 Et
2432 2014 2756 2085 principem.

841 2097 995 2154 Inter
1025 2098 1372 2170 apostolicos
1406 2099 1554 2156 stola
1585 2098 1924 2172 splendente
1956 2099 2314 2156 hierarcbos.
2353 2101 2416 2157 Ut
2439 2103 2512 2157 sit
2540 2102 2648 2156 illi.

837 2185 1194 2255 Adelwolde,
1231 2187 1327 2259 pia
1355 2205 1525 2260 prece
1557 2205 1665 2244 nos
1694 2188 1935 2243 defende
1967 2188 2246 2245 misellos.
2280 2190 2344 2245 In
2375 2197 2658 2246 aeternum.

839 2274 1055 2331 Praesul
1085 2274 1462 2332 Adelwoldus
1493 2276 1631 2348 quia
1663 2275 1827 2332 fulsit
1856 2277 1916 2332 in
1948 2276 2151 2334 ordine
2185 2293 2456 2350 magnus.
2489 2279 2692 2334 Statuit
2717 2283 2786 2334 ci.

837 2363 1210 2420 Constituens
1238 2363 1404 2420 illum
1436 2365 1610 2422 hodie
1639 2381 1817 2438 super
1847 2365 2026 2421 aethra
2052 2365 2340 2438 polorum.
2377 2367 2441 2422 Et
2462 2369 2788 2442 principem.
3367 2363 3416 2398 κ

837 2452 1049 2522 Gloria,
1087 2452 1378 2526 splendor.
1411 2454 1616 2522 honor,
1653 2456 1834 2510 decus
1864 2459 1919 2510 et
1946 2453 2240 2512 veneratio
2273 2473 2499 2529 perpes.
2531 2457 2594 2512 In
2623 2466 2904 2514 (sternam.

419 2635 3830 2666 Μ

926 2777 1467 2866 EPIS'I‘OLA
1529 2779 2134 2868 WOLSTANI
2192 2777 2716 2868 MONACHI
2772 2782 3294 2868 WENTANI

1428 2956 1523 3013 AD
1563 2956 1906 3014 ELFEGUM
1945 2955 2372 3012 WENTANUM
2411 2955 2812 3014 EPISCOPUM

886 3106 1069 3169 Libro
1100 3107 1170 3168 de
1219 3109 1348 3172 Vita
1389 3108 1461 3170 S.
1495 3107 1804 3170 Switlauni
1825 3107 2107 3190 praeﬁxa,
2141 3109 2202 3166 in
2233 3127 2352 3188 qua
2381 3107 2569 3171 multa
2601 3109 2668 3171 de
2693 3119 2892 3172 sancto
2919 3111 3360 3174 Ernstwowo.

849 3366 1077 3446 Incipit
1107 3367 1188 3427 ad
1219 3367 1544 3428 dominum
1573 3366 1860 3446 specialis
1890 3365 2158 3446 epistola
2185 3367 2456 3440 Patrem,

849 3463 1165 3542 Elfegum,
1197 3467 1426 3526 Wenta
1455 3466 1686 3526 residet
1717 3465 1827 3545 qui
1857 3463 2096 3544 prtesul
2124 3463 2188 3524 in
2219 3465 2395 3538 urbe,

848 3563 936 3622 De
966 3563 1166 3623 sancti
1195 3564 1399 3624 Patris
1429 3564 1740 3626 Swithuni
1771 3562 2144 3642 insignibus,
2175 3567 2238 3622 et
2267 3562 2344 3622 de

850 3659 1118 3720 Basilica
1147 3661 1340 3732 Petri,
1377 3668 1612 3722 reserat
1641 3662 1750 3740 qui
1777 3661 1969 3722 limen
2002 3659 2278 3738 Olympi,

412 3809 658 3866 Domino
689 3809 972 3882 pontifici,
1006 3809 1358 3868 Wentanam
1391 3812 1655 3885 principe
1683 3812 1914 3868 Christo

481 3899 591 3965 Qui
618 3898 767 3971 regit
795 3897 1138 3970 Ecelesiam,
1175 3918 1453 3974 prospera
1483 3906 1696 3958 cuncta
1729 3917 1935 3957 canam

413 3986 684 4044 Conferat
711 3986 974 4062 Elmego
1006 3990 1171 4064 regni
1199 3990 1454 4048 caelestis
1486 3991 1790 4059 honorem,

481 4076 589 4143 Qui
622 4075 782 4133 dedit
811 4077 968 4134 hunc
995 4080 1154 4136 omni
1189 4079 1528 4137 Pontiﬁeem
1561 4078 1797 4152 populo.

414 4162 544 4235 Ipse
575 4163 680 4219 tibi
711 4182 915 4238 pacem
947 4167 1167 4224 tribuat
1194 4169 1320 4225 sine
1352 4171 1466 4226 line
1497 4185 1834 4242 perennem,

484 4251 586 4308 Est
618 4252 720 4324 qui
750 4259 1087 4312 sanctorum
1119 4257 1306 4330 gloria
1335 4275 1446 4330 pax
1475 4264 1532 4315 et
1561 4258 1768 4314 honor.

411 4341 530 4400 Hoc
561 4343 726 4416 cupit
756 4360 854 4401 ore
886 4345 1003 4416 pio,
1033 4345 1194 4417 cupit
1219 4347 1327 4402 hoc
1361 4347 1676 4418 animoque
1702 4346 1974 4419 benigno.

481 4429 734 4492 Ultimus
779 4432 1100 4508 Anglorum
1150 4434 1416 4492 servulus
1468 4435 1873 4508 hymnicinum
1913 4436 1975 4507 (ἱ.
2017 4450 2066 4490 e.

1616 4557 1623 4560 -
1665 4525 2066 4595 (sanctorum).

413 4608 502 4666 Sit
533 4607 670 4668 licet
695 4629 847 4686 azgra
879 4611 1023 4668 mihi
1051 4613 1178 4669 sine
1209 4612 1498 4686 dogmatis
1530 4613 1663 4685 igne
1693 4611 1943 4684 loquela,

485 4699 602 4757 Nec
631 4700 858 4757 valeam
893 4705 1056 4758 tanto
1088 4700 1342 4758 scribere
1369 4701 1546 4773 digna
1573 4699 1694 4756 viro
1727 4717 1738 4754 :

412 4787 532 4846 Hoc
562 4793 762 4848 tamen
787 4789 1068 4865 exiguum
1099 4791 1254 4863 quod
1289 4791 1482 4846 defero
1517 4806 1734 4846 munus
1767 4790 2004 4856 amoris,

485 4877 910 4938 Commendare
943 4879 1068 4949 tibi,
1104 4895 1315 4952 magne
1348 4879 1534 4946 Pater,
1568 4877 1769 4934 studui
1805 4895 1817 4933 :

412 4967 477 5024 In
504 4983 619 5040 quo
650 4969 963 5042 perstrinxi
995 4987 1125 5042 qua:
1157 4968 1292 5026 fecit
1321 4969 1529 5024 Itector
1559 4967 1788 5040 Olympi

487 5055 785 5114 Swithuni
813 5057 1040 5116 meritis
1072 5057 1272 5115 cmlica
1302 5057 1472 5130 signa
1505 5056 1690 5113 Patris
1726 5074 1738 5112 ε

415 5143 526 5226 ﬁer
555 5161 730 5216 quem
761 5163 974 5220 magna
1005 5148 1128 5204 suis
1155 5145 1438 5204 miracula
1464 5145 1709 5218 praebuit
1735 5145 1956 5219 Anglis,

487 5230 671 5288 Millia
699 5231 1086 5306 languentum
1119 5253 1362 5308 corpora
1391 5235 1728 5292 sacriﬁcans

415 5319 546 5376 Haec
577 5321 793 5379 etenim
831 5322 1014 5378 cecini
1045 5324 1341 5396 magnalia
1371 5341 1625 5396 paupere
1657 5329 1850 5392 cantu,

487 5410 901 5468 Prmsumendo
933 5411 1069 5468 boni
1102 5413 1173 5468 de
1200 5413 1455 5469 bonitate
1485 5413 1606 5482 Dei,

419 5498 675 5555 Grandia
705 5501 777 5557 de
803 5500 1067 5558 minimis
1099 5505 1188 5557 est
1217 5501 1318 5572 qui
1350 5519 1597 5573 pensare
1623 5507 1844 5572 suetus,

489 5587 824 5662 Suscipiens
857 5591 1040 5649 vidua:
1072 5589 1212 5649 bina
1241 5590 1468 5647 minuta
1497 5590 1706 5648 libens.

2103 3811 2151 3877 B
2182 3811 2304 3876 Qua
2336 3827 2451 3868 non
2483 3819 2816 3884 paupertas,
2852 3814 2952 3869 sed
2986 3819 3108 3870 crat
3139 3819 3382 3886 pensata
3408 3813 3700 3879 voluntas,

2253 3911 2386 3974 Qus:
2416 3911 2636 3968 vietum
2669 3913 2886 3984 sprevit
2915 3917 2971 3968 et
3000 3929 3109 3968 sua
3139 3917 3352 3969 cuncta
3380 3911 3558 3968 dedit.

2181 4007 2310 4062 Haec
2340 4008 2518 4080 igitur
2548 4011 2894 4066 commendo
2926 4009 3030 4065 tibi
3064 4010 3418 4066 munuscula
3449 4011 3621 4077 Patri,

2253 4097 2384 4161 Quae
2415 4097 2541 4152 vovi
2574 4097 2820 4154 Domino
2855 4098 3093 4154 reddere
3125 4099 3297 4156 corde
3328 4099 3424 4172 pio
3456 4116 3469 4154 :

2183 4192 2252 4248 Ut
2280 4197 2380 4248 tua
2411 4193 2684 4267 dignetur
2714 4197 2834 4252 haec
2865 4197 3242 4253 corroborare
3273 4200 3550 4269 potestas,

2249 4285 2380 4338 Haec
2411 4286 2468 4338 et
2497 4284 2569 4340 ab
2599 4283 2828 4340 infestis
2859 4291 3160 4358 protegere
3192 4285 3424 4343 insidiis
3456 4303 3468 4340 :

2180 4379 2403 4453 Dignus
2435 4381 2752 4454 apostolica
2783 4382 3002 4438 resides
3033 4384 3134 4456 qui
3166 4383 3380 4457 praesul
3411 4384 3470 4440 in
3501 4383 3654 4450 aula,

2252 4469 2500 4526 Instruis
2529 4475 2586 4526 et
2617 4470 2897 4544 populum
2931 4472 3200 4544 dogmate
3231 4471 3604 4529 catholicum.

2181 4567 2414 4640 Ilocque
2445 4569 2871 4624 monasterium
2901 4567 3080 4624 variis
3112 4569 3415 4626 ornatibus
3441 4586 3635 4638 ornas,

2254 4657 2416 4712 Intus
2449 4661 2505 4711 et
2533 4656 2786 4712 exterius
2818 4655 2963 4712 illud
2998 4656 3216 4728 ubique
3246 4657 3462 4716 levans.

2181 4753 2341 4820 Quod
2373 4752 2670 4823 quondam
2702 4753 2996 4810 renovavit
3023 4771 3204 4812 ovans
3227 4757 3470 4814 antistes
3498 4757 3834 4828 Adelwold,

2250 4840 2590 4897 Sollicitudo
2623 4841 2716 4898 cui
2747 4846 2914 4898 nocte
2946 4842 3158 4915 dieque
3187 4843 3298 4901 fuit

2179 4937 2555 4998 Christicolas
2585 4955 2796 5013 augere
2820 4955 3045 5014 greges,
3081 4946 3254 5014 atque
3283 4959 3380 5000 ore
3409 4947 3648 5016 paterno

2251 5028 2366 5084 Hos
2397 5043 2533 5084 cum
2559 5027 2706 5085 lacte
2737 5028 2844 5084 soli
2877 5028 3023 5086 lacte
3054 5031 3273 5086 nutrire
3303 5031 3440 5103 poli.

2179 5125 2287 5194 Qui
2319 5124 2532 5183 struxit
2559 5125 2745 5182 firmis
2777 5125 2898 5186 hace
2927 5131 3138 5184 cuncta
3161 5127 3496 5185 habitacula
3525 5129 3731 5198 muris,

2097 5173 2140 5242 α
2184 5173 2219 5194 1.
2251 5213 2349 5271 Ille
2379 5214 2554 5272 etiam
2583 5215 2750 5272 tectis
2779 5173 2920 5272 texit
2949 5219 3006 5272 et
3035 5216 3161 5288 ipsa
3192 5173 3375 5273 novis.

2179 5314 2246 5370 Et
2276 5312 2504 5369 cunctis
2535 5313 2826 5370 decoravit
2853 5330 3030 5369 ovans
3060 5313 3114 5368 id
3147 5312 3489 5382 honoribus,
3523 5314 3758 5387 hucque

2251 5401 2455 5459 Dulcia
2485 5400 2726 5474 piscosae
2757 5401 3002 5458 ﬂumina
3031 5401 3206 5458 traxit
3235 5418 3400 5474 aqum
3433 5419 3448 5460 :

2179 5502 2572 5573 Secessusque
2601 5499 2712 5556 laci
2744 5503 3047 5572 penetrant
3077 5504 3299 5557 secreta
3325 5501 3656 5570 domorum,

2249 5591 2598 5649 Mandantes
2625 5587 2810 5648 tolum
2845 5604 3146 5646 murmure
3177 5589 3523 5650 coenobium.
