4166 6172
424 287 448 342 1
462 287 539 344 09
2016 291 2064 348 ν

2184 314 2222 349 ι.
3714 299 3829 357 110

418 416 593 473 Istius
622 417 848 489 antiqui
880 420 1168 490 reparavit
1197 425 1252 475 et
1282 420 1432 475 atria
1460 414 1681 492 templi,
2089 424 2145 489 Α
2246 423 2314 478 Et
2346 425 2766 482 benedixerunt
2792 427 2989 482 omnia
3020 429 3194 483 corda
3226 428 3430 485 Deum.

489 505 779 562 Moenibus
807 506 1051 563 excelsis
1070 507 1548 581 eulminibusque
1578 510 1740 564 novis
1776 527 1787 562 :
2177 511 2461 568 Omnibus
2492 514 2731 586 expletis
2761 518 3000 572 tandem
3029 516 3369 573 solemniter
3395 517 3632 590 hymnis

416 592 684 650 Partibus
716 593 825 650 hoc
849 593 1047 650 Austri
1080 594 1324 651 ﬁrmans
1350 601 1406 653 et
1438 598 1704 669 partibus
1735 597 1911 652 Arcti.
2246 602 2401 667 Quos
2432 602 2491 657 in
2523 603 2743 659 honore
2774 603 2875 659 Dei
2903 620 3011 660 vox
3042 605 3240 662 sonuit
3270 606 3491 678 populi,

483 680 810 739 Porticibus
843 682 1068 751 solidis,
1106 685 1363 741 arcubus
1394 689 1451 740 et
1481 685 1677 752 variis,
2175 687 2590 763 Unusquisque
2621 707 2759 747 suas
2791 692 2981 748 alacer
3008 694 3302 767 repedavit
3331 695 3403 751 ad
3436 710 3589 764 oras,

412 770 649 827 Addidit
678 776 736 828 et
767 772 963 845 plures
994 773 1178 829 sacris
1209 772 1493 830 altaribus
1522 775 1695 841 aedes,
2246 777 2311 832 In
2341 778 2588 835 Domino
2618 781 2882 853 gaudens
2910 788 3140 853 pectore
3167 786 3225 838 et
3254 799 3351 838 ore
3384 800 3618 839 canens.

482 861 617 926 Qus
649 860 898 917 retinent
928 862 1176 918 dubium
1207 862 1431 918 liminis
1460 861 1788 918 introitum.
2171 864 2488 937 Nunquam
2519 871 2684 923 tanta
2711 868 2823 924 fuit
2851 870 3102 942 talisque
3131 870 3345 926 dicatio
3376 872 3579 943 templi

409 947 690 1021 Quisquis
722 954 788 1005 ut
818 950 1035 1023 ignotis
1067 950 1405 1007 deambulat
1434 950 1584 1007 atria
1614 950 1852 1023 plantis,
2241 954 2304 1008 In
2335 957 2457 1009 tota
2484 955 2804 1029 Anglorum
2835 962 3009 1030 gente
3037 962 3269 1030 patrata
3302 976 3431 1015 reor
3465 977 3478 1014 :

482 1036 712 1094 Neseiat
743 1039 898 1094 unde
929 1044 1105 1107 meat,
1140 1055 1323 1112 quove
1358 1041 1563 1112 pedem
1595 1041 1823 1097 referat.
2170 1040 2369 1106 Qualis
2404 1048 2531 1098 erat
2558 1044 2771 1099 Wenta
2800 1045 3092 1100 celebrata
3120 1051 3388 1117 potenter
3417 1048 3477 1103 in
3510 1050 3672 1117 urbe,

409 1124 579 1181 Omni
612 1131 774 1199 parte
804 1127 955 1183 fores
983 1129 1123 1200 quia
1152 1128 1597 1201 conspiciuntur
1628 1133 1858 1201 apertae,
2241 1130 2304 1185 In
2336 1130 2523 1187 sancti
2556 1132 2707 1188 Petri
2736 1134 2997 1189 cmnobio
3026 1134 3238 1190 Veteri.

480 1215 595 1303 Nec
624 1219 786 1287 patet
816 1216 937 1272 ulla
970 1216 1081 1272 sibi
1115 1217 1326 1273 semita
1355 1221 1513 1273 certa
1538 1217 1664 1272 vize.
1960 1294 1961 1303 χ
2168 1220 2330 1285 Quod
2362 1219 2516 1276 Deus
2545 1221 2916 1293 omnipotens
2954 1222 3037 1278 sic
3079 1226 3345 1296 protegat
3373 1225 3817 1282 immaculatum

408 1303 531 1360 Huc
558 1302 817 1377 illucque
846 1321 1024 1378 vagos
1054 1311 1218 1362 stans
1250 1306 1637 1362 circumducit
1666 1306 1898 1373 ocellos,
2238 1308 2311 1363 Ut
2331 1310 2473 1381 juge
2504 1308 2777 1382 dignetur
2806 1310 2930 1383 ipse
2961 1312 3224 1367 habitare
3254 1312 3313 1368 in
3346 1329 3412 1369 eo
3441 1330 3454 1369 :

479 1392 667 1449 Attica
694 1392 943 1450 Daadalei
974 1398 1125 1451 tecta
1153 1399 1465 1467 stupetque
1498 1394 1604 1451 soli
1641 1410 1653 1449 :
2165 1397 2235 1451 Et
2264 1396 2592 1469 cuicunque
2623 1384 2876 1454 humiles
2908 1398 3018 1456 hoc
3048 1399 3462 1474 ingrediuntur
3493 1403 3741 1476 asylum,

404 1480 628 1537 Certior
655 1482 922 1539 adveniat
952 1484 1134 1539 donec
1170 1482 1282 1538 sibi
1314 1484 1540 1550 ductor,
1573 1488 1630 1539 et
1658 1484 1852 1554 ipsum
2235 1483 2539 1541 Exsultent
2568 1486 2749 1557 plenas
2780 1486 3094 1560 participes
3124 1488 3323 1544 venite.

476 1571 661 1627 Ducat
692 1571 764 1626 ad
796 1572 1035 1627 extremi
1064 1571 1271 1628 limina
1295 1571 1591 1628 vestibuli.
2166 1572 2266 1629 His
2297 1590 2472 1646 super
2500 1574 2757 1631 Antistes
2785 1591 2949 1632 sacro
2980 1576 3299 1649 spiramine
3329 1578 3538 1650 plenus

399 1659 505 1715 Hic
535 1677 735 1715 secum
768 1661 992 1717 mirans
1023 1678 1195 1717 cruce
1225 1678 1287 1716 se
1317 1661 1652 1734 consignat;
1688 1666 1743 1717 et
1772 1661 1927 1717 unde
2233 1662 2516 1718 Adhibuit
2545 1663 2792 1720 Domino
2826 1664 3081 1737 plurima
3109 1670 3241 1722 vota
3272 1683 3402 1723 suo.

471 1750 667 1816 Exeat,
701 1748 947 1805 attonito
978 1754 1210 1822 pectore
1242 1749 1390 1805 scire
1424 1749 1648 1821 nequit.
2083 1792 2129 1857 Β
2163 1750 2308 1806 Nam
2341 1752 2658 1808 fundamen
2690 1770 2868 1809 ovans
2899 1770 2934 1810 a
2962 1755 3201 1810 cardine
3222 1755 3366 1827 jecit
3396 1772 3597 1812 eorum

399 1837 496 1894 Sic
527 1841 862 1894 constructa
893 1838 1089 1905 micat,
1123 1837 1206 1893 sic
1238 1842 1295 1894 et
1322 1839 1544 1894 variata
1575 1843 1841 1894 coruscat
2085 1837 2129 1857 "
2233 1839 2494 1896 Porticus
2524 1845 2589 1895 ut
2621 1846 2801 1897 staret
2832 1842 3119 1899 aedificata
3149 1843 3287 1899 Deo.

474 1927 762 1995 Machina,
792 1943 919 2000 qua:
949 1927 1101 1983 hanc
1132 1932 1379 1983 matrem
1413 1928 1662 1983 sustinet
1692 1927 2021 1997 ecclesiam,
2161 1927 2470 2000 Erexitque
2515 1946 2729 1984 novum
2763 1930 2871 2002 (24)
2898 1931 3057 2001 jacto
3101 1931 3444 1988 fundamine
3474 1934 3758 2006 templum
3793 1953 3805 1991 :

398 2017 587 2081 Quam
619 2016 785 2072 Pater
812 2015 912 2071 ille
942 2016 1095 2088 pius,
1128 2033 1365 2072 summa
1394 2016 1606 2088 pietate
1635 2016 1905 2083 refertus,
2231 2017 2313 2072 Ne
2342 2020 2536 2071 tamen
2570 2017 2823 2088 expleret
2853 2023 3056 2089 raptus
3088 2019 3160 2074 ab
3192 2021 3330 2075 orbe
3363 2022 3493 2089 fuit,

474 2104 739 2160 Nominis
763 2104 835 2160 ad
870 2104 1105 2161 laudem
1138 2104 1540 2161 celsitonantis
1572 2105 1703 2161 Heri
2163 2105 2266 2160 Pro
2296 2105 2519 2161 meritis
2550 2124 2823 2178 superam
2857 2108 3031 2180 digne
3069 2108 3396 2165 translatus
3426 2110 3484 2164 in
3519 2111 3735 2181 aulam,

400 2193 705 2261 Fundavit,
737 2194 969 2261 struxit,
1003 2193 1240 2261 dotavit,
1270 2197 1328 2250 et
1356 2194 1491 2249 inde
1532 2194 1797 2257 sacravit,
2230 2195 2485 2259 Quorum
2519 2195 2876 2267 multiplices
2907 2213 3012 2251 nec
3044 2203 3435 2253 numerantur
3465 2215 3605 2271 opes
3638 2216 3651 2255 :

471 2284 540 2338 Et
569 2283 784 2339 meruit
812 2280 1017 2355 templi
1048 2283 1268 2339 solvere
1296 2288 1428 2338 vota
1460 2284 1572 2351 sui,
2157 2281 2550 2337 Altitbronum
2584 2283 2773 2355 primo
2803 2284 3018 2356 quibus
3047 2285 3391 2341 exbilaravit
3422 2288 3493 2342 ab
3524 2305 3661 2356 aevo,

399 2370 573 2445 Regis
601 2371 888 2428 Edelredi
918 2371 1025 2427 visi
1057 2374 1329 2428 cernente
1360 2373 1627 2440 modesti,
2230 2370 2421 2425 Donec
2450 2371 2676 2426 Cbristo
2709 2373 2967 2428 animam
3000 2374 3268 2429 redderet
3298 2375 3423 2446 ipse
3454 2393 3645 2431 suam.

472 2461 534 2515 In
566 2461 728 2534 regni
761 2461 906 2517 solio
940 2461 1038 2533 qui
1071 2465 1339 2533 superest
1370 2460 1565 2516 hodie.
2157 2459 2361 2515 Vestra
2392 2461 2484 2515 cui
2516 2460 2714 2516 statim
2746 2461 3030 2517 successit
3057 2463 3116 2517 in
3148 2480 3279 2518 arce
3311 2468 3591 2535 potestas,

397 2548 571 2604 Illum
600 2549 908 2605 Pontifices
940 2550 1337 2622 sequebantur
1365 2548 1424 2604 in
1458 2550 1661 2604 ordine
1693 2550 1910 2622 plures,
2228 2549 2297 2603 Et
2321 2553 2575 2620 ereptum
2604 2549 2763 2622 vigili
2796 2554 3026 2621 pectore
3060 2552 3271 2606 struxit
3299 2569 3447 2623 opus
3482 2569 3496 2607 :

355 2632 361 2643 ’
470 2638 841 2710 Complentes
873 2643 1143 2694 sanctum
1177 2638 1284 2695 rite
1314 2638 1732 2694 ministerium.
2158 2637 2401 2707 Insuper
2429 2637 2685 2691 occultas
2718 2638 3030 2693 studuistis
3061 2644 3118 2693 et
3148 2640 3359 2694 addere
3391 2645 3644 2712 cryptae,

399 2728 658 2792 Quorum
690 2744 963 2783 summus
994 2732 1117 2783 erat
1144 2727 1308 2783 vultu
1341 2732 1608 2783 maturus
1639 2732 1695 2783 et
1723 2732 1878 2796 actu,
2226 2729 2383 2790 Quas
2412 2725 2495 2780 sic
2524 2726 2854 2781 Dazdaleum
2888 2731 3179 2781 struxerat
3207 2726 3507 2799 ingenium
3539 2747 3552 2782 :

471 2815 691 2872 Canitie
722 2817 925 2872 niveus
956 2817 1221 2873 Dunstan
1253 2821 1309 2872 ct
1339 2816 1658 2889 angelicus.
2155 2813 2431 2886 Quisquis
2463 2818 2529 2868 ut
2559 2815 2793 2885 ignotus
2821 2815 3058 2869 veniens
3090 2814 3388 2870 intraverit
3420 2815 3571 2881 illas,

399 2904 565 2959 Hunc
596 2906 949 2978 sequebatur
977 2923 1155 2962 ovans
1186 2905 1505 2978 Anglorum
1537 2905 1743 2961 lucifer
1770 2906 1924 2961 idem
2224 2902 2457 2958 Nesciet
2490 2903 2645 2957 unde
2676 2907 2849 2969 meat,
2883 2919 3068 2975 quove
3093 2904 3300 2975 pedem
3335 2904 3564 2959 referat.

472 2994 686 3050 Przesul
714 2994 1112 3064 Adclwoldus,
1146 2995 1318 3050 corde
1348 2994 1774 3068 benignivolus.
2154 2992 2303 3047 Sunt
2333 2990 2548 3063 quibus
2569 2991 2804 3046 occulta:
2827 2990 3061 3046 latitant
3082 3009 3207 3064 qum
3230 2991 3365 3046 hinc
3387 2992 3524 3047 inde
3543 2992 3801 3060 latebris,

400 3083 536 3138 Post
556 3083 652 3139 alii
673 3089 916 3156 septem,
938 3101 1085 3156 quos
1106 3100 1263 3139 nunc
1286 3083 1552 3139 addicere
1573 3088 1908 3156 promptum
1930 3087 2040 3140 est.
2224 3082 2485 3146 Quarum
2518 3084 2670 3134 tecta
2700 3083 2918 3151 patent,
2952 3079 3114 3135 intus
3142 3084 3201 3135 et
3233 3084 3400 3135 antra
3430 3080 3632 3149 latent,

470 3172 735 3229 Carmine
763 3172 1026 3229 versifieo
1058 3189 1193 3229 cum
1224 3172 1369 3244 pede
1400 3172 1703 3245 dactylico,
1816 3171 2015 3245 [cwig,
2081 3157 2123 3224 C
2154 3168 2431 3224 Introitus
2463 3185 2713 3240 quarum
2747 3172 2864 3224 stat
2893 3173 3149 3240 apertus,
3184 3175 3241 3224 et
3268 3170 3458 3226 exitus
3486 3169 3698 3225 harum
3734 3186 3747 3226 :

393 3260 639 3317 Elfstan
669 3261 1060 3335 ZEthelgarus,
1095 3278 1450 3333 rursumque
1486 3261 1804 3317 zElfstanus
1834 3266 1890 3318 et
1919 3262 2042 3317 Es-
2223 3261 2378 3324 Quas
2410 3258 2586 3313 homo
2618 3257 2717 3329 qui
2749 3257 2979 3330 ignorat
3009 3257 3137 3313 luce
3166 3275 3360 3314 curere
3392 3261 3580 3330 putat.

466 3350 750 3420 Elfbean,
783 3348 1150 3417 Ethilsinus,
1184 3349 1279 3405 hic
1306 3355 1363 3405 et
1391 3349 1639 3404 Adultus
1667 3355 1853 3405 erant.
2152 3348 2328 3403 Nocte
2360 3348 2469 3402 sub
2501 3347 2751 3402 obseura
2780 3363 2906 3419 qua:
2947 3351 3100 3401 stare
3132 3346 3401 3402 videntur
3439 3350 3495 3403 et
3532 3347 3754 3404 umbra:
3789 3364 3802 3402 :

395 3439 534 3495 Post
558 3439 657 3494 alii
688 3439 887 3512 plures
918 3439 1161 3495 aderant
1190 3455 1595 3511 proceresque,
1624 3440 1943 3511 ducesque,-
2224 3437 2335 3491 Scd
2366 3440 2563 3491 tamen
2595 3435 2804 3490 occulti
2838 3434 3064 3490 lumina
3090 3435 3230 3491 solis
3261 3435 3498 3491 habent.

467 3528 667 3584 Gentis
699 3533 755 3583 et
784 3527 1105 3601 Anglorum
1136 3527 1394 3583 maxima
1424 3544 1558 3599 pars
1591 3528 1870 3582 comitum
1909 3545 1918 3582 :
2154 3526 2335 3597 Cujus
2360 3525 2419 3580 in
2453 3528 2653 3580 exortu
2686 3542 2819 3579 cum
2852 3524 3081 3596 spicula
3111 3523 3301 3597 prima
3330 3524 3640 3590 resultant,

396 3619 553 3684 Quos
584 3634 615 3672 e
642 3616 886 3672 concilio
910 3616 1129 3689 pariter
1157 3615 1468 3689 collegerat
1496 3615 1617 3683 illo,
2228 3615 2457 3670 Lucifer
2488 3613 2826 3688 ingrediens
2858 3613 3082 3686 spargit
3113 3612 3333 3685 ubique
3353 3614 3535 3685 jubar
3567 3631 3579 3667 :

468 3706 631 3772 Quod
662 3707 851 3762 fuerat
879 3706 988 3761 vici
1019 3706 1172 3778 regis
1204 3704 1262 3759 in
1292 3705 1641 3771 Andeferan,
2154 3704 2225 3759 Et
2255 3706 2520 3775 penetrat
2548 3706 2788 3757 cunctas
2818 3701 2967 3756 lueis
3000 3700 3305 3772 splendore
3336 3718 3633 3769 cavernas,

400 3795 557 3851 Idem
588 3800 788 3867 pastor
816 3812 996 3851 ovans
1026 3799 1083 3850 et
1109 3811 1260 3866 saepe
1290 3795 1586 3849 notandus
1619 3793 1939 3860 Adclwold,
2228 3792 2418 3846 Donec
2445 3791 2504 3845 in
2536 3791 2880 3862 Hesperium
2912 3789 2997 3845 sol
3032 3795 3163 3844 ruat
3190 3789 3505 3845 Oceanum.

470 3884 633 3940 Sicut
662 3889 721 3939 et
750 3883 980 3940 Domini
1009 3883 1197 3957 gratia
1228 3882 1571 3939 contulerat.
2158 3880 2427 3935 Machina
2456 3883 2572 3935 stat
2602 3896 2874 3951 quarum,
2907 3895 3135 3934 sacram
3177 3882 3501 3949 supportat,
3534 3879 3591 3930 et
3620 3894 3801 3945 aram,

402 3973 471 4028 Et
499 3972 794 4029 celebrant
822 3973 1014 4029 cuncti
1048 3971 1332 4027 solemnia
1361 3972 1617 4027 maxima
1646 3970 1867 4042 templi,
2229 3969 2695 4039 Sanctorumque
2726 3966 2851 4039 pias
2882 3966 3084 4023 ordine
3115 3965 3411 4037 reliquias,

475 4062 821 4119 Plaudentes
853 4062 1098 4118 Domino
1129 4066 1358 4133 pectore
1382 4060 1683 4116 laudifluo.
2158 4055 2559 4128 Multplicique
2589 4056 2763 4111 modo
2796 4058 2992 4110 manet
3022 4054 3163 4110 utile
3193 4052 3425 4110 culmen
3459 4071 3682 4123 earum,

406 4151 811 4223 Laetanturque
842 4151 1013 4207 bonis
1035 4168 1212 4222 super
1240 4148 1516 4206 omnibus
1548 4148 1643 4206 ille
1674 4148 1965 4223 benignus
2229 4144 2522 4200 Exteriora
2552 4161 2779 4217 gerens,
2814 4143 3089 4199 interiora
3118 4148 3341 4216 tegens.

475 4243 609 4307 Quae
640 4241 847 4296 statuit
878 4240 1105 4295 cunctis
1135 4237 1350 4295 Przesul
1382 4239 1578 4311 opima
1607 4239 1753 4294 dari.
2159 4232 2323 4289 Talia
2352 4238 2408 4288 et
2439 4233 2685 4289 auxistis
2716 4232 2811 4288 hic
2841 4249 3081 4305 organa,
3117 4231 3313 4304 qualia
3342 4249 3638 4305 nusquam

404 4330 647 4386 Eercula
676 4332 816 4385 sunt
845 4329 1097 4384 admista
1116 4327 1323 4400 epulis,
1349 4327 1514 4384 cibus
1544 4327 1737 4382 dmnis
1768 4327 2046 4382 abundat.
2229 4321 2580 4391 Cernuntur,
2615 4320 2847 4394 gemino
2880 4320 3253 4377 constabilita
3283 4320 3427 4377 solo.

475 4418 684 4476 Nullus
715 4418 880 4475 adest
910 4417 1117 4487 tristis,
1151 4416 1343 4474 omnis
1377 4418 1542 4473 adest
1574 4415 1798 4471 hilaris.
2160 4410 2386 4466 Bisseni
2418 4427 2596 4481 supra
2627 4410 2926 4466 sociantur
2953 4409 3013 4464 in
3045 4409 3247 4465 ordine
3280 4409 3466 4478 folles,

404 4507 578 4565 Nulla
607 4509 810 4575 fames,
848 4507 948 4563 ubi
981 4511 1120 4563 sunt
1148 4507 1375 4563 cunctis
1406 4505 1649 4562 obsonia
1680 4504 1888 4575 plenis,
2083 4525 2130 4590 Β
2212 4499 2598 4590 Alnferiusque
2623 4499 2823 4590 jacent
2853 4502 3104 4590 quatuor
3134 4503 3310 4590 atque
3335 4499 3556 4590 decem.

476 4597 547 4653 Et
574 4601 833 4653 remanet
857 4596 1015 4652 vario
1049 4612 1251 4651 mensa
1280 4596 1488 4651 referta
1519 4593 1678 4661 cibo;
2083 4585 2120 4590 ”
2166 4588 2425 4643 Flatibus
2456 4586 2696 4642 alternis
2729 4585 3023 4658 spiracula
3052 4587 3309 4642 maxima
3339 4587 3609 4652 reddunt,

408 4686 817 4757 Pincernaaque
846 4685 976 4758 vagi
1008 4683 1242 4742 cellaria
1272 4701 1422 4755 saape
1454 4683 1843 4754 frequentant,
2235 4680 2389 4744 Quos
2420 4678 2645 4749 agitant
2673 4675 2850 4731 validi
2882 4676 3253 4747 septuaginta
3281 4674 3407 4731 viri.

475 4774 876 4847 Convivasque
906 4778 1130 4848 rogant,
1168 4777 1232 4830 ut
1261 4773 1457 4829 bibere
1490 4771 1792 4843 incipiant.
2164 4766 2410 4823 Brachia
2437 4770 2737 4821 versantes
2767 4764 2953 4820 multo
2985 4768 3042 4820 et
3071 4765 3285 4820 sudore
3316 4764 3637 4829 madentes,

405 4862 674 4920 Crateras
705 4880 947 4935 magnos
980 4865 1266 4931 statuunt,
1299 4865 1357 4917 et
1383 4860 1515 4915 vina
1542 4863 1844 4926 coronant,
2234 4855 2627 4925 Certatimque
2659 4869 2798 4908 suos
2830 4852 3048 4924 quique
3075 4859 3315 4907 monent
3344 4849 3534 4907 socios
3569 4867 3582 4903 :

479 4952 786 5008 Miscentes
814 4955 986 5023 potus
1013 4950 1247 5023 potibus
1277 4948 1625 5005 innumeris.
2163 4944 2400 4999 Viribus
2429 4948 2494 4998 ut
2523 4941 2662 4998 telis
2696 4940 3002 5012 impellant
3031 4940 3269 4995 ﬂamina
3296 4956 3557 5008 sursum,

408 5041 662 5098 Fecundi
701 5040 931 5107 calices,
967 5041 1067 5096 ubi
1100 5040 1355 5095 rusticus
1388 5037 1635 5110 impiger
1666 5035 1861 5091 hausit
2237 5034 2303 5088 Et
2334 5032 2526 5104 rugiat
2554 5030 2723 5101 pleno
2755 5046 2931 5099 capsa
2960 5028 3169 5083 referta
3197 5027 3332 5083 sinu
3368 5044 3380 5084 :

480 5129 863 5201 Spumantem
892 5132 1152 5200 pateram
1184 5126 1414 5201 gurgite
1444 5125 1787 5181 melliﬂuam
1823 5141 1835 5178 :
2165 5121 2299 5178 Sola
2328 5119 2788 5193 quadringentas
2818 5133 2944 5188 qua:
2978 5116 3230 5173 sustinet
3258 5117 3461 5173 ordine
3484 5134 3709 5185 musas,

405 5217 471 5274 El
503 5218 739 5274 tandem
771 5216 941 5289 pleno
973 5233 1034 5272 se
1066 5221 1253 5273 totum
1287 5214 1523 5287 produit
1548 5231 1708 5282 auro,
2236 5213 2392 5277 Quas
2423 5224 2634 5263 manus
2666 5204 2923 5277 organici
2954 5207 3241 5277 temperat
3270 5205 3510 5281 ingenii.

477 5307 806 5381 Setigerum
840 5312 1103 5363 mentum
1135 5305 1520 5363 concutiendo
1548 5319 1747 5359 suum.
2166 5300 2281 5356 llas
2314 5297 2499 5369 aperit
2529 5295 2779 5361 clausas,
2808 5292 3135 5366 iterumque
3165 5294 3273 5352 has
3304 5295 3525 5352 claudit
3556 5298 3805 5366 apertas,

402 5394 617 5468 Sicque
646 5394 771 5450 dies
803 5394 1066 5467 alterque
1095 5395 1219 5451 dies
1250 5392 1534 5465 processit
1566 5392 1623 5446 in
1657 5390 1911 5462 hymnis,
2237 5386 2425 5459 Exigit
2456 5389 2520 5440 ut
2546 5381 2688 5437 varii
2721 5386 2879 5437 certa
2908 5398 3171 5439 cammna
3200 5383 3348 5440 soni.

474 5510 587 5583 (24)
610 5510 737 5583 Haec
767 5514 889 5583 tam
912 5510 1065 5583 clare
1090 5513 1269 5583 atque
1300 5507 1699 5583 indubitanter
1721 5522 1753 5562 a
1772 5505 2439 5563 Wolstano'referuntur
2470 5501 2539 5557 de
2570 5497 2899 5556 conditione
2930 5498 3062 5555 novi
3091 5498 3337 5555 cmnobii
3361 5496 3805 5573 Wintoniensis,

399 5579 577 5650 utea
595 5581 845 5640 Eliredo
877 5581 999 5655 regi
1032 5579 1209 5640 tribui
1241 5597 1357 5640 non
1386 5579 1592 5655 possit.
