4148 6184
373 335 477 396 ill

369 466 812 540 Considuntque
843 469 957 526 duo
989 471 1258 525 concordi
1294 473 1523 544 pectore
1553 471 1782 537 fratres,

440 555 510 610 Et
541 556 686 629 regit
715 557 1094 630 alphabetum
1130 563 1317 614 rector
1347 563 1590 630 uterque
1622 575 1816 614 suum.

369 644 633 716 Suntque
666 651 873 719 quater
905 647 1070 702 denis
1103 647 1328 703 occulta
1361 647 1649 702 foramina
1679 647 1919 720 linguis,

441 733 621 806 Inque
652 751 759 790 suo
792 735 1000 791 retinet
1030 735 1232 791 ordine
1265 753 1509 808 qumque
1540 736 1764 791 decem.

369 821 492 877 Huc
522 822 645 877 alia;
677 827 940 892 currunt,
976 822 1113 879 illuc
1146 824 1388 897 aliaeque
1422 827 1755 891 recurrunt;

439 913 745 968 Servantes
780 911 1036 968 modulis
1069 913 1304 987 singula
1333 920 1552 986 puncta
1581 914 1728 969 suis.

367 1001 437 1055 Et
467 999 683 1056 feriunt
704 1000 962 1072 jubilum
997 1006 1220 1074 septem
1252 1003 1596 1059 discrimina
1625 1020 1855 1068 vocum,

441 1087 724 1144 Permisto
756 1086 918 1161 lyrici
952 1090 1210 1146 carmine
1241 1092 1512 1147 semitoni
1548 1109 1560 1146 :

369 1176 551 1249 Inque
582 1177 822 1232 modum
854 1178 1106 1234 tonitrus
1137 1196 1243 1234 vox
1277 1181 1459 1236 ferrea
1489 1181 1750 1237 verberat
1778 1199 1966 1248 aures,

441 1265 649 1322 Prester
680 1269 746 1322 ut
773 1267 930 1322 hunc
963 1268 1152 1324 solum
1186 1267 1267 1324 nil
1299 1270 1490 1342 capiat
1521 1270 1798 1326 sonitum.

369 1353 690 1428 Concrcpat
709 1356 768 1411 in
786 1359 1016 1412 tantum
1039 1374 1220 1414 sonus
1241 1356 1682 1431 hinc,illincque
1699 1359 2012 1427 resultans,

441 1443 699 1517 Quisque
729 1461 908 1500 manu
941 1445 1172 1517 patulas
1205 1445 1440 1502 claudat
1469 1455 1534 1502 ut
1565 1448 1878 1514 auriculas,

369 1532 534 1588 Haud
566 1549 866 1605 quaquam
897 1533 1139 1590 sufferre
1161 1533 1359 1590 valens
1385 1535 1707 1608 propiando
1731 1536 1990 1610 rugitum

439 1623 623 1688 Quem
656 1622 910 1677 reddant
937 1621 1082 1677 varii
1113 1622 1562 1696 concrepitando
1594 1625 1722 1682 soni
1757 1642 1770 1682 :

369 1709 789 1783 Musarumque
819 1709 1004 1766 melos
1035 1710 1273 1767 auditur
1304 1711 1521 1786 ubique
1547 1730 1650 1786 per
1680 1715 1904 1786 urbem,

437 1799 507 1854 Et
536 1803 806 1872 peragrat
834 1802 1015 1855 totam
1047 1799 1204 1856 fama
1233 1799 1434 1858 volans
1464 1803 1736 1876 patriam.

367 1887 486 1944 Hoc
517 1889 696 1945 decus
725 1887 980 1944 ecclesiae
1013 1887 1166 1944 vovit
1195 1893 1297 1944 tua
1327 1906 1469 1946 cura
1497 1891 1770 1962 Tonanti,

439 1975 718 2049 Clavigeri
753 1976 929 2049 inque
961 1976 1110 2032 sacri
1140 1977 1353 2033 struxit
1379 1977 1597 2036 honore
1628 1980 1797 2038 Petri.

369 2067 618 2139 Insuper
646 2062 939 2121 excelsum
970 2065 1191 2121 fecistis
1221 2069 1278 2122 et
1307 2065 1518 2123 addere
1549 2069 1834 2142 templum

439 2157 562 2220 Quo
594 2152 719 2210 sine
749 2157 918 2210 nocte
949 2159 1148 2210 manet
1177 2155 1518 2213 continuata
1546 2157 1690 2214 dies.

369 2243 576 2300 Turris
608 2242 678 2299 ab
711 2259 815 2298 axe
847 2242 1042 2312 micat,
1076 2259 1191 2316 quo
1231 2243 1317 2300 sol
1349 2245 1584 2302 oriende
1617 2255 1904 2316 coruscat,

439 2333 510 2388 Et
536 2330 760 2405 spargit
789 2329 937 2388 lucis
969 2331 1196 2404 spicula
1224 2332 1415 2407 prima
1443 2353 1582 2391 suae.

369 2421 638 2494 Quinque
667 2423 827 2476 tenet
865 2419 1080 2494 patulis
1110 2427 1412 2496 segmenta
1449 2424 1681 2482 oculata
1720 2425 2009 2496 fenestris,

441 2511 548 2566 Per
575 2509 949 2582 quadrasque
982 2509 1184 2582 plagas
1215 2512 1420 2583 pandit
1449 2512 1666 2585 ubique
1696 2515 1838 2572 vias.

369 2601 538 2656 Stant
567 2597 795 2654 excelsa
822 2597 999 2654 tholis
1024 2603 1274 2655 rostrata
1305 2601 1612 2658 cacumina
1640 2605 1843 2674 turris,

441 2686 784 2745 Fornicibus
813 2686 991 2744 variis
1020 2692 1076 2743 et
1107 2687 1340 2744 sinuata
1370 2690 1610 2748 micant.

367 2781 500 2844 Quae
533 2776 617 2832 sic
650 2775 952 2849 ingenium
984 2775 1181 2832 docuit
1209 2794 1448 2834 curvare
1478 2780 1730 2852 peritum
1765 2799 1780 2839 :

435 2862 598 2934 Quod
633 2864 780 2922 solet
810 2865 868 2920 in
900 2864 1164 2937 pulchris
1196 2866 1406 2924 addere
1447 2868 1694 2941 pulchra
1720 2871 1886 2929 locis.

365 2957 492 3013 Stat
521 2971 698 3028 super
728 2954 950 3010 auratis
979 2953 1150 3028 virga:
1183 2955 1486 3014 fabricatio
1516 2959 1715 3018 bullis.

431 3047 658 3102 Aureus
691 3048 748 3099 et
778 3047 966 3099 totum
1000 3043 1276 3116 splendor
1305 3046 1552 3104 adornat
1580 3065 1748 3122 opus,

365 3136 531 3192 Luna
559 3137 834 3192 coronato
866 3132 1095 3205 quoties
1127 3134 1436 3190 radiaverit
1463 3140 1615 3206 ortu,

433 3222 695 3280 Alterum
727 3222 799 3278 ab
829 3221 948 3276 tede
978 3238 1146 3278 sacra
1171 3223 1360 3297 surgit
1387 3225 1459 3280 ad
1492 3229 1652 3282 astra
1671 3227 1852 3298 jubar
1887 3246 1898 3284 :

364 3314 424 3370 Si
457 3315 626 3370 nocte
658 3309 932 3384 inspiciat
963 3309 1120 3366 hunc
1151 3314 1552 3384 praetereundo
1587 3314 1793 3386 viator,

433 3403 504 3459 Et
532 3405 750 3458 terram
782 3398 983 3456 stellas
1013 3401 1195 3456 credit
1224 3401 1437 3459 habere
1468 3419 1626 3462 suas.

361 3491 613 3548 Additur
642 3490 711 3546 ad
748 3489 1044 3562 specimen
1077 3493 1192 3546 stat
1219 3490 1270 3546 ei
1301 3493 1457 3562 quod
1488 3493 1700 3551 vertice
1728 3494 1918 3568 gallus

431 3583 658 3636 Aureus
689 3581 897 3635 ornatu
929 3577 1171 3652 grandis
1201 3582 1258 3633 et
1288 3578 1524 3637 intuitu.

364 3668 620 3742 Despicit
648 3685 820 3724 omne
851 3667 1064 3734 solum,
1098 3667 1324 3723 cunctis
1363 3671 1758 3742 supereminet
1785 3673 1936 3730 arvis

433 3756 706 3832 Signiferi
737 3760 794 3812 et
823 3757 1012 3812 Boreae
1043 3757 1237 3812 sidera
1265 3758 1511 3831 pulchra
1546 3762 1769 3819 videns.

362 3847 596 3923 Imperii
628 3847 933 3918 Sceptrum
967 3845 1216 3918 pedibus
1247 3850 1404 3904 tenet
1435 3847 1532 3905 ille
1563 3853 1852 3924 superbis,

431 3937 560 3994 Stat
587 3951 762 4008 super
793 3939 849 3992 et
877 3938 1156 3992 cunctum
1188 3933 1500 3991 Wintoniae
1536 3939 1838 4011 populum.

360 4028 614 4102 Imperat
643 4029 700 4081 et
727 4024 954 4080 cunctis
983 4027 1214 4080 evectus
1245 4023 1303 4079 in
1336 4041 1469 4080 aera
1499 4025 1691 4098 gallis.

430 4117 501 4173 Et
529 4113 675 4185 regit
704 4111 1012 4168 occiduum
1045 4111 1258 4168 nobilis
1290 4113 1623 4186 imperium.

361 4201 614 4276 Impiger
641 4199 974 4256 imbriferos
1001 4199 1101 4270 qui
1133 4197 1380 4272 suscipit
1410 4201 1670 4274 undique
1699 4208 1923 4272 ventos,

430 4293 620 4362 Seque
653 4289 896 4344 rotando
929 4303 1097 4343 suam
1131 4287 1346 4359 praebet
1377 4287 1460 4344 eis
1491 4289 1719 4346 faciem.

359 4377 635 4437 Turbinis
665 4376 1004 4432 horrisonos
1035 4375 1354 4448 suffertque
1384 4376 1622 4434 viriliter
1651 4378 1824 4436 ictus.

429 4465 763 4538 Intrepidus
791 4469 1092 4538 perstans;
1127 4464 1327 4533 ï¬‚abra,
1361 4465 1520 4522 nives
1550 4466 1824 4538 tolerans,

357 4557 582 4612 Oceano
616 4553 799 4611 solem
832 4553 994 4610 solus
1024 4551 1166 4607 vidit
1197 4552 1320 4624 ipse
1352 4561 1618 4612 ruentem
1656 4575 1667 4612 :

425 4646 659 4701 Aurora:
692 4643 950 4715 primum
981 4641 1166 4697 cernit
1199 4647 1253 4698 et
1286 4643 1379 4699 hic
1413 4645 1662 4700 radium.

354 4737 400 4790 A
431 4733 600 4808 longe
631 4732 945 4789 adveniens
977 4731 1144 4786 oculo
1175 4731 1400 4788 vicinus
1431 4733 1702 4801 adhzrret,

426 4823 578 4896 Figit
607 4826 665 4880 et
695 4826 1000 4895 aspectum
1034 4819 1386 4876 dissociante
1418 4821 1563 4877 loco.

355 4913 477 4978 Quo
509 4913 699 4970 fessus
732 4910 959 4985 rapitur
985 4911 1114 4966 visu
1146 4910 1393 4965 mirante
1423 4911 1628 4978 viator,

426 5002 494 5056 Et
521 5001 667 5074 pede
693 5000 1026 5073 disjunctus
1057 4998 1279 5054 lumine
1301 5001 1548 5071 junctus
1580 5003 1763 5057 adest.

355 5089 528 5146 Plura
558 5090 699 5163 quid
731 5089 824 5145 his
855 5089 1107 5146 addam?
1137 5094 1258 5146 tota
1288 5091 1499 5144 virtute
1532 5089 1761 5146 laboras

427 5177 500 5236 Ut
529 5178 765 5234 decores
795 5183 983 5234 totum
1017 5179 1278 5251 undique
1311 5178 1664 5235 cmnobium.

355 5268 538 5342 Cujus
571 5282 758 5339 nuper
787 5272 910 5322 erat
939 5267 1193 5323 encmnia
1222 5267 1328 5325 rite
1358 5272 1610 5340 peracta,

427 5358 496 5414 Et
526 5356 816 5414 celebrata
848 5355 992 5412 satis
1023 5354 1224 5412 ordine
1257 5356 1504 5412 miriï¬co
1539 5374 1550 5411 :

356 5446 498 5503 Octo
529 5445 684 5518 quod
716 5443 931 5518 egregii
964 5443 1212 5500 Domino
1244 5461 1486 5500 sanxere
1518 5445 1833 5514 Hierarchi,

427 5537 586 5601 Quos
612 5533 789 5590 simul
821 5533 916 5590 hic
947 5532 1134 5606 pietas
1165 5532 1300 5588 fecit
1331 5534 1533 5588 adesse
1565 5534 1685 5592 Dei.

359 5623 589 5684 Primus
621 5628 746 5681 erat
776 5639 1026 5696 quorum
1058 5620 1352 5696 Sigericus
1383 5627 1652 5680 onomate
1681 5623 1945 5699 pulchro,

1293 341 1356 399 S.
1406 337 1922 398 ETHELWOLDI
1966 335 2307 394 WINTON.
2357 338 2594 397 EPISC.
2642 339 2844 399 Vl'lâ€˜A.
2894 387 2902 392 .

3655 337 3772 398 112

2045 467 2099 534 Î‘
2201 467 2396 524 Victor
2427 469 2645 526 honore
2674 475 2898 542 potens,
2931 472 3113 528 victor
3144 472 3203 527 in
3238 487 3369 529 arce
3398 470 3592 527 nitens
3624 488 3638 526 :

2128 557 2273 612 Ante
2303 562 2572 630 retroque
2604 557 2847 626 micans,
2871 559 3074 615 habitu
3096 560 3466 616 venerandus
3496 562 3553 616 et
3578 563 3734 616 actu.

2199 645 2380 718 Cujus
2411 648 2484 703 ab
2516 647 2744 721 eloquio
2776 647 2968 704 dulcia
2998 648 3170 705 mella
3201 649 3413 704 fluunt.

2128 735 2309 798 Quem
2342 735 2494 791 Deus
2526 753 2555 792 e
2587 735 2748 792 cmlis
2779 740 3012 793 tueatur
3041 737 3260 810 ubique
3292 739 3566 812 supernis
3598 755 3610 793 :

2196 823 2514 895 Anglorum
2547 824 2778 896 populis
2809 830 2997 882 servet
3023 830 3080 881 et
3109 826 3484 882 incolumem.
3802 887 3814 891 _

2127 911 2292 967 Hunc
2323 913 2646 969 :Elfstanus
2677 931 2875 982 ovans,
2910 914 3056 969 alter
3096 915 3410 970 comitatur
3438 920 3495 970 et
3525 915 3767 971 Elfstan.

2197 1001 2504 1058 Pontifices
2537 1003 2728 1068 ambo,
2763 1003 2970 1074 plenus
3002 1007 3245 1076 uterque
3276 1003 3412 1059 Deo.

2124 1089 2382 1144 .Elfheah
2406 1090 2946 1158 adest,0rdbirhtus
2965 1091 3468 1159 adest,Wilfsinus
3483 1090 3764 1161 ct.â€˜Elfric,

2197 1177 2582 1251 Splendentes
2615 1180 2810 1234 cuncti
2837 1181 2971 1252 jure
3003 1179 3336 1236 sacerdotii.

2125 1267 2532 1339 lncipiuntque
2565 1285 2766 1324 omnes
2798 1268 3099 1324 modulata
3127 1285 3263 1325 voce
3296 1276 3566 1326 canentes
3601 1287 3612 1324 :

2197 1356 2309 1412 Pax
2341 1357 2417 1411 sit
2447 1357 2582 1411 huic
2615 1357 2836 1423 domui,
2872 1375 2982 1430 pax
3022 1358 3098 1412 sit
3128 1362 3183 1413 et
3213 1358 3308 1414 hic
3338 1358 3470 1416 lldei
3503 1375 3516 1414 :

2127 1444 2240 1500 Pax
2271 1447 2372 1499 fiat
2404 1443 2668 1512 intranti,
2707 1463 2817 1518 pax
2847 1451 2903 1502 et
2935 1447 3034 1500 fiat
3065 1447 3384 1520 egredienti
3420 1465 3435 1504 :

2197 1533 2440 1605 Semper
2468 1533 2530 1589 in
2561 1533 2788 1606 hocque
2824 1533 2972 1603 loco,
3005 1535 3134 1592 laus
3161 1536 3239 1592 sit
3267 1536 3567 1610 honorque
3600 1536 3735 1593 Deo.

2125 1621 2218 1676 Sic
2251 1621 2310 1675 in
2342 1619 2514 1678 laude
2543 1621 2643 1678 Oei
2675 1628 2951 1679 resonant
2982 1641 3128 1681 nova
3158 1627 3372 1682 mmnia
3402 1625 3625 1698 templi,

2195 1708 2399 1765 Omnis
2430 1715 2488 1764 et
2515 1709 2574 1765 in
2607 1710 2854 1766 Domino
2885 1710 3087 1786 lingua
3116 1713 3361 1770 resultat
3390 1731 3588 1770 ovans.

2047 1835 2094 1901 B
2126 1799 2270 1855 Hinc
2301 1800 2538 1854 adstant
2566 1817 2850 1872 proceres,
2885 1801 3048 1873 pueri
3079 1801 3236 1870 hinc,
3261 1803 3644 1876 juvenesque,
3677 1820 3768 1861 se-

2195 1889 2266 1944 Et
2295 1887 2592 1944 celebrant
2620 1889 2805 1945 sancti
2837 1891 3051 1964 gaudia
3081 1891 3347 1948 ccenobii.
3503 1891 3767 1966 [nesque,

2124 1977 2220 2034 Sic
2251 1981 2448 2050 optata
2479 1976 2576 2033 diu
2610 1979 2748 2034 data
2779 1995 2932 2034 nunc
2964 1980 3344 2036 memoranda
3372 1998 3474 2054 per
3501 1999 3708 2052 (svum,

2194 2064 2356 2122 Votis
2387 2065 2559 2138 plena
2589 2065 2702 2139 piis
2735 2065 2896 2122 fulsit
2926 2067 2984 2123 in
3018 2067 3161 2124 urbe
3192 2068 3346 2138 dies;

2124 2156 2186 2212 In
2217 2172 2337 2228 qua
2366 2155 2690 2228 promeruit
2721 2173 2828 2212 sua
2856 2156 3070 2231 gaudia
3099 2173 3334 2215 cernere
3365 2157 3587 2226 Pastor,

2194 2245 2514 2318 Ofï¬cioque
2543 2263 2708 2328 sacro
2742 2246 2981 2302 reddere
3012 2251 3144 2302 vota
3175 2246 3312 2304 Deo.

2123 2333 2268 2390 Hinc
2298 2339 2354 2390 te
2386 2335 2695 2391 Pontifices
2726 2331 3112 2405 circumdant,
3148 2337 3285 2394 inde
3319 2337 3593 2396 ministri.

2193 2424 2275 2479 Te
2303 2428 2492 2480 totum
2524 2423 2724 2492 cinxit,
2758 2423 2893 2481 hinc
2923 2424 3129 2494 honor,
3164 2425 3300 2482 inde
3329 2425 3506 2482 favor.

2122 2513 2192 2570 Et
2219 2511 2397 2568 simul
2425 2512 2780 2586 hymnisona
2810 2513 3054 2568 fratrum
3087 2518 3332 2569 coeunte
3363 2531 3574 2570 corona
3605 2533 3616 2569 :

2193 2603 2450 2674 Quisque
2481 2606 2650 2656 tuum
2680 2605 2901 2669 votum,
2936 2617 3054 2673 qua
3083 2601 3237 2658 valet
3267 2606 3409 2670 arte,
3440 2603 3617 2657 canit.

2120 2690 2448 2748 Cimbalicze
2478 2707 2646 2746 voces
2678 2687 2919 2745 calamis
2951 2688 3274 2746 miscentur
3302 2689 3508 2745 acutis.

2191 2779 2650 2852 Disparibusque
2680 2777 2860 2850 tropis
2892 2775 3058 2832 dulce
3089 2794 3352 2833 cammna
3381 2779 3567 2834 sonat.

2121 2869 2366 2942 Insuper
2394 2872 2452 2924 et
2480 2866 2618 2923 cleri
2642 2865 2860 2939 jubilat
2890 2863 3053 2938 plebs
3083 2865 3275 2922 omnis
3306 2871 3364 2922 et
3392 2865 3585 2922 infans
3617 2883 3630 2922 :

2191 2960 2262 3014 Et
2293 2957 2534 3014 Deitatis
2560 2973 2730 3030 opem
2756 2955 3027 3011 machina
3057 2955 3214 3011 trina
3241 2959 3422 3011 tonat.

2121 3047 2356 3103 Lmtitiae
2385 3048 2767 3120 augmentum
2799 3043 3077 3117 quoniam
3109 3043 3445 3102 cumulatur
3473 3043 3532 3099 in
3563 3043 3726 3100 omni

2192 3135 2368 3191 Istius
2398 3133 2624 3207 antiqui
2655 3138 2818 3206 parte
2848 3133 3209 3189 monasterii.

2040 3200 2084 3269 (á¼¶
2121 3200 2708 3296 Î™Î¹Ï‰Î¹ÎµÎ¹Î·á¿Î¹Î¹Î¹Î·Ï…Î¸á½¹á½¶á½ºá¿–Îµ
2737 3239 2941 3278 omues
2969 3221 3275 3294 epulisque
3306 3221 3520 3289 refecti,

2191 3311 2430 3368 Potibus
2459 3315 2516 3368 et
2543 3309 2718 3367 variis
2749 3310 3025 3366 omnibus
3055 3315 3232 3382 atque
3260 3309 3450 3366 bonis.

2118 3401 2214 3464 Sic
2243 3401 2424 3473 hujus
2453 3399 2640 3456 sancti
2672 3399 2850 3455 nituit
2875 3398 3187 3456 celebratio
3221 3398 3444 3472 templi,

2189 3489 2434 3546 Nomine
2464 3487 2780 3562 apostolico
2811 3487 3176 3543 sanctiï¬cata
3206 3485 3344 3543 Deo.

2120 3581 2248 3636 Haec
2277 3583 2366 3635 cst
2395 3577 2530 3634 aula
2559 3576 2639 3650 pii
2669 3575 2900 3650 fulgens
2932 3575 2990 3631 in
3021 3581 3295 3632 onomate
3325 3575 3498 3644 Petri,

2190 3668 2296 3734 Qui
2328 3667 2476 3724 solet
2505 3665 2764 3723 excelsos
2795 3665 2952 3721 clave
2982 3663 3164 3738 ligare
3195 3665 3359 3736 polos
3392 3681 3406 3720 :

2118 3759 2226 3825 Qui
2259 3761 2572 3830 praestante
2602 3755 2718 3811 Deo
2749 3752 3036 3826 solvitque
3067 3752 3347 3826 ligamina
3377 3753 3636 3823 mundo,

2191 3847 2259 3902 Et
2287 3849 2506 3902 reserat
2533 3843 2762 3900 cunctis
2793 3841 2995 3900 cmlica
3024 3859 3203 3916 regna
3234 3842 3370 3916 piis.

2119 3937 2247 3992 Haec
2275 3952 2526 4008 quoque,
2562 3933 2755 4000 Paule,
2790 3931 2895 3987 tibi
2924 3931 3331 4000 committitur,
3355 3929 3488 3988 aula
3518 3931 3758 4000 tuenda,

2187 4023 2296 4090 Qui
2323 4023 2529 4078 mundi
2560 4025 2802 4078 cunctos
2832 4038 2929 4076 ore
2961 4019 3165 4076 domas
3197 4019 3464 4094 pepulos.

2117 4112 2433 4169 Existantis
2463 4115 2529 4166 ut
2557 4110 2652 4165 hic
2681 4107 2962 4181 speciales
2993 4109 3166 4165 ambo
3197 4109 3426 4182 patroni
3459 4127 3472 4165 :

2187 4201 2288 4256 Est
2319 4200 2536 4273 quibus
2565 4215 2718 4255 unus
2751 4215 2914 4270 apex,
2949 4195 3133 4271 gloria
3162 4215 3383 4272 parque
3412 4197 3562 4272 polo.

2115 4289 2403 4346 Exaudirc
2431 4288 2616 4344 Deum
2647 4285 2913 4360 rogitetis
2942 4290 2999 4342 et
3028 4287 3510 4358 omnipotentem,

2186 4378 2472 4452 Dignetur
2500 4375 2699 4450 populi
2731 4379 2864 4431 vota
2894 4391 3213 4450 precesque
3245 4375 3359 4434 sui.

2115 4467 2392 4540 Quisquis
2414 4471 2480 4523 ut
2507 4465 2617 4521 hoc
2647 4464 2932 4537 templum
2959 4464 3240 4520 beneficia
3272 4481 3510 4538 poscere
3529 4465 3758 4539 qumrit,

2036 4569 2084 4634 D
2188 4557 2462 4630 Impetret
2492 4572 2526 4610 a
2557 4552 2802 4610 Domino
2833 4553 3048 4626 gaudia
3077 4553 3250 4626 plena
3278 4553 3394 4626 pio.

2116 4647 2241 4712 Qua
2268 4645 2356 4700 vir
2386 4642 2741 4717 apostolicus
2766 4643 2922 4715 jacet
2951 4642 3145 4698 almus
3175 4647 3230 4699 et
3258 4642 3354 4699 ille
3385 4643 3618 4700 Birinus

2187 4735 2302 4790 Has
2333 4734 2560 4789 lavacro
2591 4736 2792 4804 gentes
2823 4730 2925 4803 qui
2956 4729 3094 4785 lavit
3125 4731 3421 4789 occiduas.

2115 4823 2486 4896 Signipotens
2520 4819 2578 4874 in
2618 4837 2686 4875 ea
2734 4823 2943 4891 pausat
2991 4836 3220 4892 quoque
3271 4821 3498 4878 demate
3531 4820 3593 4896 [Î¹.
3627 4838 3758 4878 cor-

2257 4913 2414 4984 poch
2453 4908 2730 4966 Swithun

2184 5001 2290 5068 Qui
2323 4999 2594 5073 precibus
2625 5003 2902 5053 cunctum
2937 4997 3200 5056 sublevat
3234 4999 3388 5056 hunc
3416 4999 3718 5073 populum.

2115 5092 2176 5147 In
2210 5089 2398 5146 medio
2431 5086 2633 5159 templi
2664 5086 2891 5159 fulgent
2922 5088 3285 5160 Byrnstanus
3312 5093 3368 5144 ct
3397 5089 3682 5157 zElfheah,

2183 5181 2324 5238 Jure
2355 5176 2663 5236 sacerdotii
2697 5176 2886 5232 cultor
2917 5181 3159 5250 uterque
3190 5177 3310 5232 Dei.

2115 5271 2396 5327 Summus
2423 5271 2480 5325 et
2511 5265 2777 5334 antistes,
2804 5265 3002 5340 patria:
3026 5265 3222 5331 decus,
3247 5264 3397 5321 altor
3423 5270 3718 5340 egentum,

2185 5360 2330 5432 Spes
2361 5357 2835 5430 pcregninorum,
2862 5352 3134 5425 splendor
3162 5353 3465 5427 honorque
3488 5356 3757 5424 Patrum;

2115 5449 2321 5505 Noster
2344 5445 2723 5503 Adelwoldus
2755 5447 2972 5516 pastor,
2999 5445 3163 5512 pater
3191 5445 3366 5516 atque
3399 5444 3696 5518 magister,

2183 5537 2364 5609 Cujus
2396 5535 2455 5592 in
2489 5539 2702 5590 aeterna
2731 5531 2860 5588 luce
2888 5535 3156 5588 coruscat
3187 5545 3352 5604 apex.

2112 5627 2292 5700 Cujus
2323 5626 2384 5682 in
2411 5623 2729 5697 Anglorum
2758 5619 2935 5678 micat
2966 5620 3123 5677 omni
3154 5618 3356 5680 limine
3387 5636 3622 5692 nomen,
