4148 6184
413 364 526 425 123
1403 365 1836 427 WIDUKINDI
1883 363 2391 426 CORBEIENSIS
2438 339 2810 428 MONACHI.
3700 369 3819 428 124

407 499 570 568 vidit,
601 497 714 573 ipsi
747 497 1120 573 t_ribuere_fa_s_
1152 499 1310 573 duxi,
1346 497 1654 573 plerasque
1700 501 1895 573 tamen
1927 497 2054 568 ejus
2083 497 2132 565 A
2166 515 2258 554 me
2289 516 2521 573 summo
2553 499 2757 573 Pertzii
2779 501 3089 558 consilioet
3104 501 3318 558 auxilio
3340 501 3611 573 adjutum
3634 500 3818 558 fuisse

409 576 577 628 notas
609 569 801 643 rejeci.
838 573 972 643 Qum
1007 570 1266 626 Leibnitz
1295 569 1361 624 et
1381 569 1644 643 Bouquet
1674 569 2051 643 adnotarunt,
2167 569 2502 643 gratissimo
2532 571 2728 627 animo
2754 573 3046 643 proﬁteor.

407 645 500 698 vix
520 639 698 698 semel
730 645 831 696 aut
861 640 951 695 bis
981 657 1108 711 quze
1139 639 1535 711 repeterentur
1556 640 1734 711 digna
1751 639 1875 694 visa
1894 644 2054 694 sunt.
2173 639 2196 642 ⁷
2379 642 2713 698 Hannoverae
2740 639 2793 698 ἁ.
2827 642 2882 697 d.
2917 661 2979 699 ιιι
3007 643 3137 700 ldus
3168 644 3320 701 Febr.
3357 643 3514 700 1839.

409 714 634 786 Ubique
663 728 797 768 vero
825 712 883 765 in
916 709 1024 766 hac
1057 709 1397 766 Widukindi
1428 709 1680 766 editione
1719 711 2060 766 adornanda
3411 715 3474 772 G.
3513 715 3724 772 Wam.

1015 1031 1117 1090 AD
1189 1028 1556 1090 DOMINAM
1631 1026 2150 1089 MAHTHILDAM
2210 1029 2225 1060 ¹
2301 1027 2830 1091 IMPERATORIS
2901 1031 3190 1092 FILIAM.

1125 1196 1432 1284 LIBRI
1489 1197 1792 1282 ΡΒΙΜΙ
1847 1195 2256 1284 INCIPIT
2310 1196 2964 1286 PB/EPHATIO
3019 1189 3076 1285 ².

471 1483 633 1538 Flore
655 1484 675 1516 ³
705 1481 971 1554 virginali
1004 1498 1134 1537 cum
1178 1481 1482 1550 majestate
1530 1477 1818 1551 imperiali
1851 1495 1916 1534 ac
1948 1496 2037 1534 sa-
2070 1482 2117 1546 Β
2149 1477 2366 1534 sissimi
2403 1495 2493 1534 res
2525 1484 2721 1552 gestas
2753 1480 3045 1536 memoria:
3079 1481 3324 1537 traditas
3359 1481 3586 1555 legeris,
3621 1467 3808 1541 babes

394 1571 615 1642 pientia
646 1567 929 1642 singulari
960 1569 1204 1641 fulgenti
1239 1568 1488 1624 domina:
1523 1567 1860 1623 Mahtbildze
1906 1565 2039 1620 ulti-
2151 1567 2307 1622 unde
2333 1584 2402 1622 ex
2434 1568 2654 1640 optima
2683 1573 2742 1624 et
2769 1567 3196 1642 gloriosissima
3226 1569 3433 1626 melior
3467 1569 3805 1644 gloriosior-

393 1675 528 1714 mus
561 1657 923 1713 servulorum
958 1656 1170 1712 Christi
1213 1656 1523 1712 martirum
1557 1655 1835 1728 Stephani
1866 1660 2040 1727 atque
2149 1671 2263 1727 que
2287 1655 2582 1710 efﬁciaris.
2618 1656 2731 1712 Nec
2763 1661 2958 1712 tamen
2992 1657 3190 1714 omnia
3235 1674 3435 1714 eorum
3483 1663 3649 1732 gesta
3696 1678 3806 1718 nos

389 1746 528 1816 Viti,
561 1747 841 1802 Corbeius
864 1747 884 1778 ⁸
911 1744 1310 1801 Widukindus
1332 1745 1372 1812 ⁸,
1407 1744 1585 1800 totius
1619 1743 1915 1798 servitutis
1947 1744 2041 1800 de-
2147 1760 2318 1816 posse
2352 1745 2846 1817 comprehendere
2878 1746 3149 1814 fatemur,
3186 1747 3287 1802 sed
3332 1746 3580 1803 strictim
3613 1753 3671 1804 et
3703 1765 3809 1822 per

389 1835 761 1891 votissimum
783 1835 804 1869 °
834 1833 1183 1890 famulatum
1215 1850 1529 1905 veramque
1551 1833 1608 1888 in
1634 1831 1924 1889 Salvatore
1945 1849 2035 1887 sa-
2147 1837 2341 1904 partes
2372 1833 2712 1903 scribimus,
2748 1838 2811 1888 ut
2841 1850 3032 1890 sermo
3065 1833 3142 1889 sit
3190 1834 3518 1908 legentibus
3562 1835 3802 1910 planus,

391 1925 596 1980 lutem.
617 1922 893 1990 Quamvis
926 1927 979 1978 te
1009 1927 1263 1996 paterna:
1296 1920 1564 1994 potentia:
1583 1921 1605 1954 ⁷
1630 1920 1813 1992 gloria
1835 1919 2034 1992 singu-
2147 1937 2263 1976 non
2295 1922 2658 1978 fastidiosus.
2695 1923 2804 1978 Sed
2838 1927 2895 1977 et
2925 1923 2995 1978 de
3025 1921 3250 1996 origine
3279 1928 3555 1997 statuque
3583 1927 3802 1998 gentis,

389 2011 530 2068 laris
585 2011 921 2085 magniﬁcet
965 2028 1031 2066 ac
1080 2009 1410 2066 clarissima
1455 2009 1684 2065 decoret
1730 2008 2032 2080 sapientia,
2146 2008 2205 2064 in
2239 2026 2356 2080 qua
2385 2009 2510 2081 ipse
2543 2027 2740 2065 rerum
2773 2009 3048 2066 dominus
3079 2009 3388 2068 Heinricus
3409 2011 3431 2046 ⁸
3459 2011 3688 2085 primus
3721 2031 3807 2070 re-

391 2104 592 2156 nostra
620 2105 815 2155 tamen
846 2099 1148 2155 humilitas
1181 2099 1485 2172 praesumit
1507 2099 1575 2154 de
1597 2097 1859 2171 proxima
1879 2115 2038 2170 seep-
2144 2098 2361 2170 gnavit,
2397 2115 2586 2170 pauca
2636 2099 2889 2155 scribere
2932 2099 3148 2167 curavi,
3179 2103 3244 2155 ut
3292 2116 3359 2156 ea
3397 2099 3641 2173 legendo
3673 2103 3802 2158 ani-

388 2189 495 2246 tris
529 2205 759 2260 semper
791 2187 1120 2253 clementia,
1152 2187 1290 2260 quia
1349 2192 1550 2242 nostra
1608 2185 1831 2242 devotio
1871 2202 1905 2240 a
1933 2191 2036 2241 tua
2144 2201 2308 2240 mum
2337 2185 2610 2254 oblectes,
2649 2204 2821 2243 curas
2872 2187 3106 2254 releves,
3159 2187 3404 2260 pulchro
3455 2189 3570 2245 otio
3603 2206 3797 2248 vaces.

388 2277 601 2352 pietate
634 2275 1244 2349 suscipiatur,etiamsi
1267 2291 1381 2332 non
1406 2278 1715 2330 mereatur.
1731 2273 1876 2329 Nam
1899 2290 2033 2330 cum
2145 2273 2324 2347 Legat
2357 2274 2537 2348 igitur
2561 2280 2663 2331 tua
2696 2275 2929 2331 claritas
2960 2275 3140 2331 istum
3191 2275 3452 2332 libellum
3483 2294 3550 2334 ea
3581 2277 3800 2350 pietate

389 2371 588 2426 nostro
618 2366 814 2422 labore
846 2365 1026 2437 patris
1059 2363 1445 2438 potentissimi
1480 2363 1684 2435 avique
1715 2360 1799 2418 tui
1830 2361 2035 2434 glorio-
2143 2361 2328 2418 nostri
2360 2379 2731 2436 memor,qua
2749 2369 2837 2422 est
2868 2363 3234 2438 conscriptus
3265 2365 3579 2424 devotione.
3597 2366 3794 2424 Vale’.

1744 2528 1996 2568 sxrmcrr
2035 2513 2079 2548 ¹⁰
2117 2529 2425 2570 Ριυερλτιο.

1733 2637 1972 2693 VARIE
2013 2637 2428 2694 LECTIONES.

461 2769 476 2802 ¹
508 2765 850 2822 matbildam
884 2768 932 2820 1.
1008 2767 1029 2798 ²
1060 2765 1136 2819 Ita
1171 2766 1191 2818 1
1223 2783 1235 2829 ;
1269 2765 1462 2819 des-unt
1490 2763 1602 2818 hau:
1628 2766 1662 2818 2
1687 2772 1736 2819 et
1763 2764 1846 2830 A;
1882 2763 1954 2834 ad
1977 2760 2621 2834 Amathildamreginam
2645 2761 2972 2834 vvitichindi
3005 2762 3337 2834 praafatio3.
3421 2765 3442 2798 ³
3471 2764 3786 2821 mabthildi

385 2843 456 2904 2;
490 2838 579 2892 hic
606 2841 662 2893 et
687 2839 1008 2908 plerumque
1037 2835 1352 2900 mathildm,
1383 2835 1546 2908 semel
1577 2843 1758 2908 tamen
1778 2831 2073 2908 _mah_tilda
2088 2851 2110 2908 _;
2145 2831 2508 2908 mahtildi'A.
2564 2834 2584 2868 ⁸
2613 2833 2922 2908 cborbeius
3081 2835 3100 2868 ⁵
3130 2833 3492 2908 widikindus
3519 2839 3589 2908 2;
3623 2835 3702 2908 γ.
3725 2837 3783 2892 3.

384 2903 451 2964 A.
526 2911 547 2943 ⁸
578 2903 989 2965 devotissimus
1025 2909 1072 2963 1.
1177 2908 1196 2940 ⁷
1229 2906 1526 2979 sapientiae
1556 2908 1622 2962 A.
1727 2905 1748 2941 ⁸
1777 2905 2051 2961 henricus
2081 2905 2136 2960 3.
2169 2920 2419 2977 semper;
2451 2905 2594 2961 deest
2620 2907 2685 2960 A.
2787 2906 2809 2940 θ
2837 2903 2979 2960 deest
3007 2905 3054 2960 1.
3160 2905 3206 2940 ¹⁰
3233 2905 3354 2962 [laxe
3391 2922 3460 2962 ea:
3509 2907 3557 2962 1.
3597 2906 3789 2963 addita

385 2990 529 3038 sunt.

2883 2559 2934 2617 ἢ

1700 3181 2066 3240 INCIPIUNT
2113 3181 2470 3238 CAPITULA

457 3313 506 3366 1.
543 3310 688 3378 Quia
717 3308 859 3364 alios
891 3306 1116 3363 libellos
1149 3306 1450 3378 scripserit
1479 3311 1669 3379 preter
1697 3306 1898 3363 istum.
2053 3308 2095 3375 C
2207 3306 2296 3360 16.
2325 3305 2404 3361 De
2439 3303 2756 3360 Luthuvico
2802 3308 2858 3358 et
2891 3303 3157 3360 Brunone
3189 3309 3246 3360 et
3277 3305 3514 3361 Oddone
3547 3309 3605 3360 et
3633 3304 3782 3361 Con-

452 3405 508 3456 2.
541 3400 622 3456 De
650 3397 872 3472 origine
905 3397 1094 3470 gentis
1125 3397 1406 3453 Saxonice
1434 3395 1654 3452 variam
1692 3396 2028 3469 opinionem
2137 3394 2279 3450 rado
2311 3409 2465 3466 rege.

384 3489 702 3546 multorum
735 3490 952 3542 narrat.
2210 3484 2296 3538 17.
2332 3481 2412 3538 De
2444 3497 2577 3554 rege
2605 3479 2895 3537 Heinrico.

419 3622 426 3626 .
453 3580 506 3634 3.
542 3577 704 3644 Quod
738 3577 984 3631 navibus
1017 3573 1237 3630 advecti
1283 3573 1400 3630 sint
1429 3574 1487 3630 in
1519 3574 1712 3630 locum
1745 3576 1846 3646 qui
1879 3573 2026 3629 dici-
2208 3572 2295 3626 18.
2329 3571 2410 3626 De
2439 3567 2708 3642 Ungariis
2733 3568 2832 3640 qui
2863 3573 2920 3624 et
2949 3571 3161 3624 Avares
3182 3569 3477 3626 dicuntur.

383 3671 479 3722 tur
510 3665 853 3722 Hathalaon.
2208 3659 2295 3714 19.
2329 3658 2566 3734 Ungarii
2591 3674 2624 3714 a
2651 3673 2862 3731 magno
2885 3655 3087 3714 Carolo
3113 3657 3426 3729 clausi,sed
3449 3660 3522 3716 ab
3541 3661 3785 3718 Mnulfo

454 3756 505 3810 4.
539 3754 702 3820 Quod
727 3752 976 3826 graviter
995 3752 1306 3808 adventum
1319 3767 1520 3808 eorum
1539 3751 1828 3825 Thuringi
1841 3751 2028 3808 ferant
2134 3746 2386 3804 dimissi.

380 3847 438 3900 et
466 3860 601 3900 cum
633 3842 717 3898 eis
739 3846 1020 3916 pugnent.
2203 3838 2294 3892 20.
2329 3835 2586 3903 Qualiter
2616 3835 2854 3908 Ungarii
2879 3835 3192 3892 Saxoniam
3221 3837 3546 3893 vastabant.

449 3935 503 3988 5.
539 3931 837 3998 Quomodo
869 3929 1206 3986 adolescens
1235 3936 1448 3986 terram
1473 3947 1615 3985 auro
1645 3929 2021 4000 comparavit.
2203 3926 2294 3981 21.
2329 3924 2635 3982 Heinricus
2668 3924 2733 3978 fit
2761 3925 2881 3979 dux
2911 3923 3177 3980 Saxonis.

449 4022 503 4076 6.
539 4019 825 4092 Thuringi
875 4022 1154 4075 accusant
1201 4019 1455 4075 Saxones
1487 4019 1557 4074 de
1589 4022 1760 4090 rupto
1793 4018 2021 4082 fodere;
2204 4016 2293 4068 22.
2329 4014 2408 4068 De
2440 4011 2673 4068 Hinrico
2697 4011 2741 4048 ⁸⁸
2770 4016 2828 4068 et
2856 4012 3128 4085 episcopo
3178 4013 3442 4072 Hathone
3487 4019 3544 4070 et
3573 4015 3784 4072 comite

383 4109 642 4165 Saxones
672 4113 866 4164 autem
894 4108 1140 4162 victores
1171 4106 1444 4163 existunt.
2131 4100 2501 4158 Adelberhto.

449 4199 502 4250 7.
532 4195 695 4252 Unde
727 4196 980 4252 Saxones
1011 4196 1301 4250 dicantur.
2203 4190 2293 4244 23.
2328 4189 2409 4244 De
2433 4188 2699 4244 Conrado
2731 4193 2788 4244 et
2815 4190 2943 4260 ejus
2975 4190 3150 4246 fratre
3177 4188 3513 4251 Evurhardo
3536 4193 3599 4248 '°.

449 4287 502 4339 8.
538 4285 758 4340 Nomen
821 4285 1114 4341 Saxonum
1175 4282 1397 4339 celebre
1444 4284 1507 4338 fit
1556 4287 1612 4338 et
1641 4300 1674 4338 a
1705 4283 1914 4338 Brettis
1963 4282 2022 4336 in
2201 4279 2291 4332 24.
2325 4276 2629 4333 Conradus
2651 4276 2879 4333 obsedit
2907 4277 3262 4334 Heinricum.

379 4373 661 4430 auxilium
692 4376 1028 4430 sumuntur.
2200 4367 2290 4421 25.
2325 4365 2573 4422 Conradi
2609 4366 2762 4439 regis
2793 4381 2984 4423 sermo
3016 4369 3150 4422 ante
3179 4371 3447 4424 mortem.

446 4467 502 4520 9.
533 4463 880 4520 Thiadricus
908 4465 946 4498 “
981 4461 1039 4517 in
1073 4476 1266 4533 regem
1297 4459 1532 4532 eligitur
1561 4462 1616 4515 et
1647 4460 1901 4515 Saxones
1927 4474 2022 4513 vo.
2200 4455 2290 4510 26.
2325 4453 2700 4538 Evurhardus
2722 4456 2764 4491 ¹⁷
2790 4471 2984 4529 regem
3011 4455 3316 4513 constituit
3345 4456 3702 4514 Heinricum.

378 4557 471 4608 cat
501 4553 559 4608 in
583 4551 864 4608 auxilium
896 4555 1098 4608 contra
1130 4547 1611 4621 Hyrminfridum.
2200 4546 2290 4598 27.
2326 4543 2632 4601 Heinricus
2691 4548 2885 4600 autem
2948 4561 3046 4600 rex
3103 4545 3294 4601 factus
3353 4549 3664 4604 confusum
3715 4548 3777 4604 in

452 4644 536 4697 10.
572 4641 730 4714 Iring
751 4637 1454 4696 "Thiadricum'3contra
1483 4636 1739 4692 Saxones
1759 4636 2020 4706 instigat.
2053 4677 2100 4742 Β
2132 4633 2286 4689 brevi
2321 4632 2540 4706 colligit
2571 4649 2837 4706 regnum.

454 4733 538 4786 11.
574 4729 903 4804 Hathagath
953 4729 1208 4784 Saxones
1235 4727 1310 4781 ad
1346 4724 1684 4781 bellandum
1730 4727 2018 4796 provocat.
2054 4721 2099 4742 υ
2199 4724 2289 4778 28.
2325 4723 2405 4780 De
2437 4722 2756 4778 Luthuvico
2787 4727 2844 4778 et
2873 4721 3012 4779 {iliis
3042 4722 3193 4792 ejus.

450 4823 534 4878 12.
570 4822 826 4877 Saxones
853 4822 1024 4890 capta
1055 4816 1198 4872 urbe
1229 4816 1531 4888 deponunt
1560 4812 1840 4886 aguilam.
2198 4811 2288 4868 29.
2324 4811 2403 4868 De
2433 4809 2636 4868 Carolo
2666 4815 2723 4867 et
2751 4810 2947 4867 Odone
2974 4814 3032 4866 et
3061 4811 3312 4883 posteris
3343 4829 3568 4870 eorum.

450 4911 534 4964 12.
571 4907 920 4964 Thiadricus
951 4905 995 4940 “
1042 4903 1370 4960 Saxonibus
1441 4907 1658 4958 terram
1717 4899 1912 4968 tradit,
1965 4905 2022 4956 et
2200 4901 2288 4956 30.
2321 4899 2578 4967 Qualiter
2600 4899 2903 4956 Heinricus
2928 4899 3342 4974 rex‘8regnum
3367 4903 3778 4962 Lothariorum

377 4997 796 5052 Hirminfridus
827 4993 1130 5050 occiditur.
2131 4989 2403 5048 obtinuit.

451 5087 535 5140 14.
571 5083 826 5150 Qualiter
856 5085 1114 5140 Saxones
1144 5098 1313 5153 agros
1346 5079 1632 5145 dividunt,
1666 5081 1722 5134 et
1751 5078 1888 5151 quia
1917 5080 2018 5134 tri-
2199 5079 2288 5134 31.
2323 5077 2402 5132 De
2433 5075 2570 5132 ﬁliis
2618 5076 2769 5150 regis
2813 5077 3066 5134 Heinrici
3099 5083 3156 5135 et
3184 5080 3384 5152 regina
3428 5080 3776 5153 Mahthilda,

375 5173 548 5228 formi
581 5187 787 5242 genere
821 5189 885 5225 uc
917 5171 1042 5241 lege
1072 5171 1290 5224 vivunt.
2128 5171 2184 5223 et
2215 5165 2552 5239 genealogis
2581 5166 2731 5237 ejus.

449 5263 535 5315 15.
573 5259 829 5326 Qualiter
880 5275 978 5312 eos
1031 5275 1280 5329 magnus
1353 5255 1595 5313 Carolus
1659 5255 2020 5313 Christianos
2199 5257 2289 5311 32.
2323 5255 2403 5310 De
2450 5253 2722 5328 Ungariis
2763 5261 2820 5310 et
2857 5257 2928 5312 de
2960 5256 3185 5328 captivo
3217 5257 3261 5290 ³⁸
3289 5272 3517 5330 eorum,
3549 5263 3606 5315 et
3636 5261 3778 5332 quia

376 5350 529 5407 fecit.
2130 5360 2240 5417 pax
2269 5359 2372 5416 per
2394 5358 2524 5398 eum
2560 5359 2765 5398 novem
2799 5344 2966 5399 annis
2993 5344 3223 5398 firmata
3249 5343 3344 5400 sit.

1724 5468 1962 5524 VARIJE
2002 5467 2416 5525 LECTIONES.

448 5599 491 5634 ιι
523 5597 876 5652 thriadricus
905 5613 949 5651 ε.
1085 5595 1127 5628 ³³
1158 5590 1340 5664 irring
1378 5610 1422 5646 ο.
1555 5594 1598 5628 ³³
1628 5593 1960 5650 thadricum
2006 5612 2052 5651 c.
2184 5595 2226 5629 ”
2257 5595 2558 5651 thadricus
2606 5611 2650 5648 c.
2766 5592 2808 5628 ¹⁸
2839 5591 3064 5650 hinrico
3117 5611 3162 5649 ο.
3295 5594 3336 5630 ³⁸
3365 5595 3691 5654 euuthardo
3723 5617 3772 5655 c.

376 5671 418 5707 ¹⁷
449 5668 785 5726 euuhardus
815 5686 860 5724 ο.
977 5667 1018 5700 ¹⁸
1054 5681 1270 5737 regnus
1302 5664 1414 5719 cod.
1515 5664 1559 5698 ιθ
1590 5665 1814 5735 captiva
1843 5683 1888 5721 ε.
