4166 6172
283 368 401 430 125

352 502 446 558 33.
475 500 555 558 De
587 518 766 557 manu
798 497 1056 574 Dyonisii
1088 499 1379 572 martyris.

352 592 445 646 34.
482 591 561 647 De
592 593 794 646 sancto
826 588 1063 645 martire
1090 588 1241 643 Vito.

353 680 445 735 35.
480 677 739 746 Qualiter
786 694 883 734 rex
929 677 1239 733 Heinrieus
1291 695 1495 734 novem
1549 696 1731 735 annos
1774 678 1934 750 pacis

279 766 581 824 habuerit.

354 854 448 912 36.
483 856 565 912 De
594 856 858 913 Redariis
891 856 1184 928 quomodo
1212 855 1347 911 victi
1380 860 1538 911 sunt.

358 946 450 1001 37.
487 945 566 1001 De
595 945 819 1018 nuptiis
849 942 953 1000 filii
986 944 1183 1018 regis.‘

1321 367 1460 428 RES
1510 368 1781 427 GESTAE
1828 367 2258 429 SAXONICE.
2306 404 2379 411 ——
2425 368 2567 428 LIB.
2616 367 2662 426 Ῐ.

3578 369 3692 427 126

1961 500 2017 569 Α
2121 501 2210 557 38.
2237 500 2439 557 Contio
2492 499 2662 573 regis,
2693 506 2745 556 et
2795 500 3085 572 quomodo
3136 499 3417 572 Ungaries
3460 500 3690 573 publico

2046 590 2193 647 bello
2225 590 2379 647 vicit.

2114 678 2203 734 39.
2238 679 2537 744 Quomodo
2566 679 2748 734 victor
2781 695 3046 733 reversus
3095 682 3179 733 est
3223 684 3275 733 et
3315 680 3385 734 de
3431 679 3694 736 moribus

2044 769 2193 839 ejus.

2117 857 2204 909 40.
2236 856 2535 921 Quomodo
2568 856 2759 911 Danos
2786 855 2938 911 vicit.

2118 945 2204 999 41.
2240 945 2539 1010 Quomodo
2571 944 2773 1000 morbo
2805 948 3079 1015 gravatur
3110 948 3163 999 et
3196 945 3460 1011 moritur,
3496 951 3551 1001 et
3594 946 3693 1002 ubi

2045 1031 2341 1104 sepelitur.
3698 1048 3701 1055 λ

1674 1174 2011 1214 EXPLICIUNT
2048 1173 2321 1214 CAPITULA

679 1448 981 1519 INCIPIT
1036 1448 1277 1518 LIBER
1334 1448 1643 1519 PRIMUS
1696 1450 1995 1521 BERUM
2047 1451 2516 1523 GESTARUM
2572 1450 3181 1521 SAXONICARUM
3238 1452 3311 1519 ’°.

364 1628 412 1681 1.
448 1626 582 1681 Post
622 1640 865 1697 operum
938 1629 1270 1680 nostrorum
1322 1624 1663 1696 primordia,
1717 1626 1933 1696 quibus
1971 1630 2020 1695 B
2052 1631 2108 1681 et
2138 1625 2341 1681 multis
2372 1626 2508 1681 hinc
2541 1626 2672 1680 inde
2706 1626 3065 1689 cadentibus,
3092 1625 3309 1697 placuit
3340 1627 3603 1699 utrisque
3624 1630 3696 1685 de

290 1713 511 1771 summi
544 1713 919 1786 Imperatoris
952 1711 1207 1767 militum
1255 1712 1587 1784 triumphos
1627 1713 1935 1779 declaravi,

290 1820 467 1860 nemo
498 1821 593 1858 me
615 1802 862 1858 miretur
892 1801 1222 1875 principum
1257 1805 1590 1857 nostrorum
1624 1819 1715 1857 res
1746 1807 1938 1874 gestas

286 1892 503 1949 litteris
529 1891 674 1947 velle
710 1891 1150 1957 commendare;
1184 1890 1324 1963 quia
1350 1890 1410 1946 in
1459 1890 1559 1946 illo
1590 1908 1762 1963 epero
1808 1909 1937 1962 pro-

286 1980 529 2038 fessioni
580 1998 740 2046 meai,
772 1985 836 2034 ut
884 1980 1067 2052 potui,
1093 1980 1251 2052 quod
1300 1980 1473 2034 debui
1526 1979 1729 2045 exolvi,
1766 1982 1937 2035 modo

288 2069 523 2143 generis
563 2069 868 2141 gentisque
897 2085 1037 2124 mea:
1088 2068 1397 2135 devotioni,
1433 2075 1495 2123 ut
1545 2085 1711 2140 queo,
1746 2069 1936 2124 elabo-

289 2175 421 2215 rare
452 2175 569 2213 non
600 2157 834 2227 effugio.

363 2249 484 2301 2³³.
525 2247 595 2301 Et
651 2245 908 2318 primum
965 2244 1203 2317 quidem
1254 2245 1325 2300 de
1385 2245 1607 2316 origine
1667 2250 1941 2317 statuque

292 2335 487 2409 gentis
518 2352 705 2407 pauca
733 2334 1238 2407 expediam,soam
1273 2351 1417 2406 pene
1448 2334 1662 2388 famam
1688 2351 1940 2405 sequens

294 2424 354 2479 in
385 2423 495 2479 bac
528 2428 709 2495 parte.
739 2422 922 2478 nimia
950 2426 1234 2478 vetustate
1260 2438 1492 2477 omnem
1517 2421 1631 2477 fere
1650 2422 1943 2477 certitudi-

293 2526 429 2567 nem
461 2511 834 2566 obscurante.
850 2512 994 2566 Nam
1018 2527 1195 2582 super
1217 2509 1325 2575 hac
1350 2527 1408 2565 re
1430 2509 1591 2565 varia
1611 2510 1805 2583 opinio
1828 2516 1935 2577 est,

294 2600 428 2655 aliis
459 2599 881 2655 arbitrantibus
912 2600 981 2653 de
1013 2597 1157 2653 Dani
1216 2598 1752 2670 Northmannisque
1769 2600 1814 2632 “
1834 2600 1941 2653 ori-

289 2688 490 2761 ginem
522 2689 759 2743 duxisse
790 2688 1064 2756 Saxones,
1100 2687 1230 2742 aliis
1262 2692 1455 2743 autem
1489 2687 1935 2753 aestimantibus,

288 2780 357 2832 ut
386 2778 511 2849 ipse
542 2774 1011 2833 adolescentulus
1044 2775 1238 2831 audivi
1281 2776 1575 2848 quendam
1621 2776 1937 2848 pradican-

285 2871 430 2933 tem,
463 2866 536 2921 de
584 2865 817 2933 Graecis,
846 2865 985 2937 quia
1027 2865 1139 2937 ipsi
1189 2866 1465 2933 dicerent,
1501 2865 1756 2921 Saxones
1808 2864 1937 2919 reli-

2050 1731 2190 1787 pace
2210 1720 2479 1781 tractare,
2502 1716 2688 1769 foedus
2713 1715 2888 1781 inire;
2916 1720 3227 1786 actumque
3247 1717 3289 1749 ’⁷
3309 1720 3396 1770 est
3418 1717 3604 1771 fmdus
3630 1734 3694 1772 eo

2051 1808 2236 1875 pacto,
2272 1820 2388 1876 quo
2419 1804 2702 1858 baberent
2732 1803 2985 1858 Saxones
3015 1803 3299 1859 vendendi
3348 1805 3695 1876 emendique

2049 1892 2585 1964 copiam,ca:terum
2621 1892 2691 1946 ab
2726 1892 2903 1962 agris,
2939 1908 2971 1945 a
3003 1893 3155 1946 cmde
3188 1892 3495 1947 hominum
3520 1898 3695 1964 atque

2049 1979 2253 2051 rapina
2278 1980 2664 2045 abstinerent;
2700 1978 2978 2050 stetitque
2998 1978 3139 2033 illud
3172 1980 3217 2014 ’³
3240 1982 3428 2035 foedus
3457 1981 3695 2037 inviola-

2049 2068 2242 2123 biliter
2273 2068 2472 2123 multis
2502 2068 2728 2123 diebus.
2750 2067 3013 2139 Cumque
3048 2068 3374 2124 Saxonibus
3391 2070 3695 2125 defecisset

2050 2157 2315 2228 pecunia,
2351 2158 2491 2228 quid
2524 2158 2838 2211 venderent
2868 2161 2968 2211 aut
2997 2163 3257 2212 emerent
3289 2175 3403 2212 non
3436 2158 3694 2214 habenti-

2050 2246 2180 2309 bus,
2214 2245 2482 2300 inutilem
2515 2245 2624 2299 sibi
2658 2262 2858 2317 pacem
2892 2262 3020 2300 esse
3051 2245 3490 2302 arbitrabantur
3511 2249 3574 2301 ³³.

2118 2335 2172 2388 5.
2208 2335 2287 2389 Ea
2313 2334 2493 2407 igitur
2529 2339 2877 2405 tempestate
2908 2333 3150 2405 contigit
3199 2335 3625 2391 adolescentem
3650 2337 3695 2372 ³ο

2049 2424 2342 2494 quendam
2376 2422 2569 2495 egredi
2593 2424 2663 2477 de
2694 2421 2940 2477 navibus
2961 2426 3266 2477 oneratum
3289 2424 3474 2480 multo
3496 2441 3637 2481 auro
3651 2426 3694 2461 ³¹

2049 2515 2254 2582 torque
2285 2528 2478 2578 aurea,
2512 2510 2807 2583 simulque
2838 2510 3085 2567 armillis
3110 2511 3333 2580 aureis;
3369 2513 3462 2568 cui
3491 2514 3695 2570 obvius

2050 2601 2285 2672 quidam
2320 2600 2755 2671 Thuringorum
2789 2616 2801 2653 :
2840 2601 2979 2667 Quid
3008 2601 3115 2655 sibi
3146 2601 3486 2672 vult,inqnit
3505 2603 3569 2669 “,
3588 2610 3697 2657 tam

2048 2691 2239 2760 ingens
2286 2705 2487 2743 aurum
2542 2691 2684 2743 circa
2738 2696 2892 2742 tuum
2940 2691 3255 2758 famelicum
3305 2691 3505 2751 collum
3523 2692 3694 2745 ?'Em-

2045 2785 2270 2850 ptorem,
2304 2776 2514 2848 inquit,
2550 2792 2748 2848 qurere,
2782 2776 2851 2831 ad
2880 2777 3057 2831 nichil
3096 2778 3250 2832 aliud
3300 2779 3447 2833 istud
3494 2796 3694 2833 aurum

2048 2866 2267 2937 gero”,-
2296 2868 2426 2937 quia
2454 2867 2603 2920 enim
2649 2866 2794 2935 fame
2837 2865 3142 2936 periclitor,
3192 2882 3294 2937 quo
3324 2882 3460 2923 auro
3519 2867 3694 2921 delec-

285 2955 463 3027 quias
493 2954 673 3062 {pisse
705 2952 1061 3062 biacedonici
1091 2954 1399 3018 exercitus,
1424 2954 1525 3052 qui
1556 2958 1791 3051 secutus
1824 2971 1941 3008 ma-
1969 2996 2011 3062 C
2050 2955 2193 3010 ter“
2213 2958 2239 3009 .9
2265 2957 2336 3009 At
2366 2952 2461 3009 ille
2494 2952 2838 3054 qualitatem
2871 2953 3377 3062 quantitpteinque
3407 2955 3576 3027 pretii
3612 2974 3696 3011 ro-

285 3057 472 3115 gnum
506 3041 897 3097 Alexandrum
920 3042 1000 3095 im
1034 3046 1264 3095 matura
1303 3046 1489 3097 morte
1511 3041 1699 3113 ipsius
1723 3058 1823 3114 per
1860 3048 1940 3096 to-
1971 3041 2011 3062 “
2049 3051 2163 3117 gat.
2196 3044 2443 3107 Nullum,
2496 3042 2707 3113 inquit,
2764 3042 2934 3097 michi
2981 3050 3059 3098 est
3077 3043 3143 3107 ³⁸,
3188 3043 3357 3110 Saxo,
3400 3044 3695 3100 discrimen

286 3134 418 3185 tum
464 3129 663 3185 orbem
710 3129 786 3185 sit
831 3128 1136 3201 dispersus
1185 3129 1315 3201 (83)-
1365 3129 1650 3184 Caeterum
1705 3134 1936 3201 gentem

288 3217 594 3290 antiquam
619 3223 677 3273 et
705 3216 958 3273 nobilem
993 3217 1171 3273 fuisse
1194 3234 1309 3272 non
1342 3217 1689 3288 ambigitur;
1723 3219 1793 3274 de
1815 3219 1938 3290 qui-

288 3308 402 3364 bus
424 3313 481 3362 et
510 3307 569 3362 in
600 3306 867 3362 contione
898 3305 1165 3377 Agrippae
1199 3305 1267 3360 ad
1287 3305 1521 3360 Judazos
1547 3307 1604 3361 in
1627 3306 1937 3378 Josepbo“

289 3397 476 3452 oratio
505 3396 554 3430 “
582 3394 909 3450 contexitur
936 3395 1069 3466 (84),
1105 3398 1159 3449 et
1192 3393 1407 3449 Lucani
1440 3399 1618 3465 poetae
1651 3395 1937 3450 sententia

288 3486 574 3556 probatur
602 3484 735 3555 (85).

357 3574 413 3628 3.
449 3573 557 3627 Pro
587 3576 742 3627 certo
775 3575 968 3627 autem
1002 3571 1271 3627 novimus
1302 3572 1557 3627 Saxones
1581 3570 1672 3627 his
1696 3572 1937 3643 regioni

290 3663 400 3717 bus
430 3662 676 3717 navibus
717 3661 983 3716 advectos
1015 3661 1146 3731 (86),
1181 3664 1238 3715 et
1267 3660 1392 3716 loco
1442 3661 1699 3733 primum
1751 3661 1933 3733 appli-

289 3750 481 3806 cuisse
511 3750 611 3822 qui
645 3764 833 3820 usque
872 3749 1046 3805 hodie
1100 3753 1474 3821 nuncupatur
1494 3750 1539 3783 ⁸⁸
1570 3748 1869 3804 Hadolaun
1893 3751 1937 3783 ⁸⁸

288 3840 425 3911 (87).

356 3930 413 3984 4.
449 3926 661 3983 Incolis
690 3943 822 3982 vero
855 3927 1167 3982 adventum
1202 3943 1404 3982 eorum
1457 3927 1708 3998 graviter
1759 3926 1937 3981 feren-

288 4016 472 4071 tibus.
506 4015 606 4086 qui
635 4015 923 4087 Tburingi
952 4015 1269 4070 traduntur
1299 4016 1500 4083 fuisse,
1536 4032 1699 4071 arma
1737 4020 1938 4070 contra

285 4120 386 4160 eos
418 4108 680 4171 movent;
705 4104 1033 4159 Saxonibus
1061 4120 1194 4159 vero
1245 4105 1454 4159 acriter
1504 4104 1932 4171 resistentibus,

288 4196 525 4264 portum
556 4191 838 4249 obtinent.
865 4192 972 4248 Diu
1004 4192 1213 4248 deinde
1233 4192 1383 4247 inter
1413 4210 1472 4248 se
1495 4192 1933 4260 dimicantibus,

2048 3136 2107 3189 in
2132 3134 2305 3203 pretio
2324 3154 2342 3199 ;
2375 3131 2639 3204 quidquid
2668 3131 2820 3187 dabis
2849 3140 3067 3203 gratum
3116 3140 3283 3187 teneo.
3338 3131 3439 3187 Ille
3488 3150 3622 3188 vero
3652 3134 3696 3168 ⁸⁸

2048 3220 2359 3277 subridens
2411 3219 2837 3276 adolescentem
2872 3237 2885 3274 :
2915 3219 3053 3288 Quid
3100 3222 3171 3285 si,
3222 3220 3433 3292 inquit,
3482 3221 3553 3276 de
3601 3224 3700 3277 iste

2041 3311 2263 3381 pulvere
2291 3312 2476 3363 sinum
2507 3310 2609 3363 tibi
2624 3310 2667 3343 ³⁷
2700 3309 2935 3380 impleo?
2966 3314 3090 3363 erat
3119 3309 3274 3364 enim
3325 3310 3383 3363 in
3427 3310 3697 3381 praisenti

2045 3398 2170 3453 loco
2200 3403 2397 3469 egesta
2419 3397 2637 3452 humus
2668 3396 2941 3469 plurima.
2978 3398 3126 3452 Saxo
3159 3397 3340 3453 nichil
3388 3403 3699 3454 cunctatus

2046 3484 2231 3558 aperit
2246 3485 2441 3539 sinum
2462 3490 2517 3539 et
2533 3484 2800 3556 accipit”
2817 3484 3086 3549 humum,
3104 3485 3375 3557 illicoque
3396 3486 3696 3560 Thuringo

2045 3572 2286 3629 tradidit
2333 3588 2576 3638 aurum;
2610 3571 2777 3626 lmtus
2830 3575 3075 3643 uterque
3126 3573 3197 3627 ad
3247 3589 3385 3628 suas
3438 3576 3693 3646 repedat.

2046 3661 2331 3732 Thuringi
2350 3660 2718 3732 Thuringum
2739 3660 3014 3715 laudibus
3033 3662 3103 3716 ad
3121 3662 3331 3716 coelum
3353 3662 3697 3735 tollunt,qui

2047 3749 2226 3815 nobi[i
2249 3750 2453 3803 fraude
2484 3749 2793 3813 Saxonem,
2844 3749 3157 3820 deceperit,
3209 3750 3695 3822 fortunatumque

2046 3853 2179 3892 eum
2206 3836 2356 3891 inter
2381 3852 2584 3891 omnes
2618 3836 2893 3891 mortales
2915 3836 3116 3903 fuisse,
3133 3838 3230 3909 qui
3255 3837 3355 3891 vili
3372 3839 3553 3909 pretio
3575 3843 3692 3893 tam

2048 3927 2254 3999 ingens
2286 3941 2493 3980 aurum
2527 3926 2869 3997 possederit.
2906 3924 3188 3980 Cmterum
3222 3925 3360 3981 certi
3395 3926 3439 3962 ³ο
3480 3927 3550 3982 de
3578 3926 3693 3982 vic-

2044 4016 2213 4083 toria,
2230 4015 2300 4070 de
2324 4013 2783 4085 Saxonibusjam
2806 4014 2973 4085 quasi
2999 4014 3696 4086 triumphabantJnterea

2047 4104 2194 4159 Saxo
2246 4102 2507 4175 privatus
2556 4120 2716 4167 auro,
2751 4107 3025 4158 oneratus
3067 4119 3200 4158 vero
3252 4103 3439 4158 multa
3490 4103 3693 4171 humo,

2049 4191 2353 4265 apprOpiat
2398 4191 2662 4247 navibus.
2708 4190 2891 4248 Sociis
2922 4190 3102 4265 igitur
3144 4191 3195 4247 ei
3228 4192 3693 4259 occurrentibus,

1647 4318 1885 4375 VARUE
1926 4316 2342 4373 LECTIONES.

354 4416 556 4472 ωηατ
598 4416 791 4471 desunt
834 4418 887 4470 2.
939 4416 992 4470 3.

286 4488 332 4522 ’³
358 4487 856 4559 Nortmannisque
914 4488 965 4541 3.
1009 4488 1074 4541 A.
1218 4487 1261 4521 "
1285 4488 1531 4591 ,ἰοειθὲρο
1584 4488 1633 4541 1.

285 4560 329 4593 π
358 4559 658 4593 :nhmnmm
690 4559 749 4593 Q-
785 4557 1114 4593 tntinmnnn
1156 4560 1180 4593 Δ
1242 4559 1277 4593 Α
1485 4557 1629 4593 deos!

358 4559 659 4630 ictumque
688 4557 1115 4629 3;'initumque
1145 4560 1209 4630 Α.
1232 4559 1302 4630 6.
1410 4557 1629 4630 ﬂ"deest
1662 4559 1708 4612 1.

1131 4418 1173 4451 ¹¹
1206 4417 1304 4470 llic
1350 4432 1465 4487 mp.
1518 4418 1570 4468 2.
1606 4432 1896 4471 numerum
1940 4417 2120 4487 posui,
2169 4422 2221 4469 et
2268 4430 2522 4469 numeros
2566 4422 2841 4486 sequentes
2898 4431 3067 4487 usque
3115 4424 3361 4471 octavum
3415 4415 3697 4469 emendari

1218 4487 1261 4521 "
1296 4488 1531 4541 iosenoo
1584 4488 1633 4541 1.
1746 4488 1790 4521 "
1820 4487 1965 4541 deest
2011 4488 2076 4541 A.
2188 4486 2235 4519 "
2262 4490 2503 4540 vocatur
2549 4485 2635 4539 vel
2687 4492 3062 4541 nuncunatur
3091 4491 3146 4540 2.
3260 4488 3305 4519 ²⁶
3336 4485 3604 4540 badolam
3642 4488 3691 4539 1.

1887 4495 1965 4542 est
2011 4495 2076 4541 A.

1823 4560 1866 4593 ’θ
1900 4558 2259 4612 arbitrantur
2288 4558 2340 4610 3.
2420 4556 2466 4591 ⁸ο
2496 4555 2997 4612 adolescentulum
3030 4561 3082 4611 2.
3163 4558 3202 4591 "
3239 4574 3380 4611 auro
3424 4556 3609 4610 multo
3638 4560 3691 4609 2.

2188 4486 2235 4519 "
2262 4490 2503 4557 vocatur
2549 4485 2645 4557 vel
2687 4485 3062 4557 nuncupatur
3091 4491 3146 4540 2.
3260 4488 3305 4519 ²⁶
3336 4485 3604 4557 badolam
3642 4488 3691 4539 1.

285 4631 331 4666 ⁸³
361 4626 737 4738 ἱηὲιιξάξίφε
764 4630 839 4684 ita
866 4626 1102 4701 saepius,-
1132 4629 1263 4712 sibi,
1292 4628 1500 4701 inquit,
1533 4628 1751 4710 vult
1830 4631 1875 4664 ³³
1906 4630 2026 4685 fero
2056 4633 2109 4684 2.
2137 4629 2182 4663 “
2214 4627 2466 4682 delector
2502 4630 2547 4682 1.
2627 4628 2672 4662 ³³
2704 4644 2840 4684 saxo
2892 4628 3069 4683 michi
3119 4632 3208 4683 est
3237 4632 3291 4682 2.
3331 4630 3386 4683 6.
3464 4628 3509 4661 ⁸⁸
3555 4626 3697 4682 deest

289 4704 338 4757 1.
491 4701 595 4757 tibi
626 4717 825 4757 sinum
854 4704 908 4755 2.
985 4701 1031 4736 ³⁸
1063 4705 1285 4757 accepit
1313 4702 1361 4755 3.
1445 4701 1490 4735 ’θ
1522 4706 1715 4755 ceteri.
1743 4704 1809 4756 Α.

491 4700 595 4758 tibi
626 4700 825 4758 sinum
854 4704 908 4755 2.
941 4699 954 4701 “
985 4701 1031 4736 ³⁸
1063 4699 1285 4773 accepit
1313 4699 1388 4755 3(
1445 4701 1490 4735 ’θ
1522 4702 1715 4755 ceteri.
1743 4704 1809 4756 Α.

1873 4797 2107 4855 NOTAE.

357 4895 467 4965 (83)
502 4893 789 4950 Fabulosa
815 4895 1111 4950 Saxonum
1134 4894 1315 4967 origo,
1338 4894 1435 4965 qui
1466 4911 1495 4948 a
1520 4895 1937 4950 Macedonibus
1970 4897 2012 4961 Ι)
2046 4893 2315 4967 codicum
2346 4894 2460 4967 fide
2494 4894 2856 4967 conﬁrmata,
2882 4893 3189 4967 Suessones.

288 4982 477 5046 usque
508 4969 1212 5046 arcessuntur,_quantum
1236 4966 1507 5046 'constam
1541 4966 1797 5046 primum
1830 4967 1932 5022 ha-

288 5037 413 5092 buit
443 5042 793 5093 assertorem
828 5037 1256 5094 Widukindum
1287 5037 1571 5092 nostrum.
1602 5037 1858 5092 MEIBOM.

356 5109 467 5188 (84)
501 5108 957 5188 Locus‘Josepbi
986 5114 1139 5188 extat
1168 5108 1269 5163 lib.
1307 5109 1732 5188 Il,heap.16,_de
1784 5108 1932 5188 bello

283 5178 669 5246 Judaico,ubi
691 5178 888 5235 tamen
910 5197 1024 5235 non
1047 5181 1342 5235 Saxonum
1378 5180 1441 5233 ﬁt
1474 5178 1713 5245 mentio,
1739 5181 1839 5235 sed
1875 5178 1931 5233 in

285 5265 499 5333 genere
521 5251 591 5333 de
623 5250 941 5333 germanis
971 5251 1203 5333 dicitur.
1255 5251 1510 5333 Memoria.
1541 5250 1932 5333 Hegesippum

283 5321 343 5376 in
376 5321 518 5377 hist.
554 5321 690 5393 belli
714 5321 944 5378 Judaici
968 5321 1294 5393 rJosephum
1330 5322 1400 5377 de
1432 5321 1768 5377 Saxonibus
1800 5321 1931 5393 per-

280 5400 549 5448 orantem
582 5392 875 5462 inducere,
929 5392 1025 5448 alii
1074 5392 1455 5459 adnotarunt;
1493 5409 1685 5448 nonne
1740 5392 1934 5448 noster

279 5465 352 5520 de
384 5464 498 5520 hoc
532 5464 655 5519 loco
682 5464 991 5536 cogitavit?

352 5536 466 5607 (85)
496 5536 667 5607 Apud
702 5534 1002 5591 Lucanum
1038 5553 1076 5599 ι,
1110 5553 1160 5589 v.
1198 5537 1318 5601 423,
1364 5539 1534 5589 antea
1582 5534 1882 5607 legebatur
1918 5551 1927 5585 :

399 5607 461 5656 Et
495 5606 714 5665 Biturix,
749 5608 1033 5671 longisque
1064 5608 1205 5657 leves
1236 5608 1471 5655 Saxones
1502 5607 1557 5654 in
1588 5606 1764 5654 armis.

265 5678 399 5751 jam
420 5695 559 5734 vero
582 5694 648 5733 ex
672 5677 885 5751 Mieylli
905 5685 959 5734 et
979 5678 1227 5734 Turnebi
1255 5678 1559 5737 sententia,
1578 5677 1931 5747 optimorum

2116 4966 2224 5036 (86)
2248 4965 2331 5019 Ci".
2355 4964 2706 5020 Ruodolfum
2725 4954 3021 5036 detransi.
3045 4961 3604 5036 S.Alexandr_i_Mon.
3623 4963 3689 5031 II,
3793 5022 3803 5032 ,

2044 5032 2240 5108 ρ.674,
2259 5036 2359 5107 qui
2386 5035 2566 5102 addit,
2585 5034 2892 5108 abAnglis
2919 5033 3236 5108 Britannize
3272 5032 3477 5108 incolis
3500 5050 3690 5105 egres-

2045 5103 2141 5163 sos
2172 5103 2300 5162 esse
2332 5108 2618 5171 Saxones;
2653 5106 2709 5159 id
2743 5103 2897 5175 q'uod
2930 5110 3128 5157 noster
3160 5103 3399 5175 minime
3452 5103 3693 5160 innuero

2043 5179 2289 5233 videtur.
2342 5178 2424 5232 Cf.
2476 5174 2857 5248 Lappenhérg
2901 5175 3051 5248 llist.
3090 5174 3273 5248 ‘Angl.
3325 5177 3366 5241 I,
3420 5193 3475 5247 p,
3512 5179 3692 5230 87.—

2045 5194 2289 5233 vmetur.
2342 5194 2424 5232 ur.
2477 5194 2857 5301 Lagpennerg
2907 5194 3051 5229 rust.
3102 5194 3271 5248 angi.
3325 5194 3366 5241 ι,
3420 5194 3475 5247 p,
3512 5194 3691 5230 δι.-

2045 5250 2250 5304 Noster
2282 5250 2538 5303 Saxones
2614 5247 2661 5300 is
2695 5245 3051 5318 regionibus,
3087 5246 3124 5300 i.
3159 5263 3208 5302 e.
3254 5247 3513 5302 Saxonis:
3564 5264 3691 5318 quze

2043 5319 2526 5390 Nordalbingiam
2557 5316 2984 5390 complectitur,
3008 5318 3256 5372 navibus
3288 5319 3555 5390 advectos
3576 5316 3690 5390 tra-

2044 5392 2209 5459 dens,
2242 5407 2341 5446 eos
2362 5388 2431 5445 ex
2462 5388 2705 5460 regione
2726 5389 2982 5459 quadam
3007 5393 3228 5445 remota
3275 5394 3338 5443 ut
3370 5388 3692 5460 Ruodolfus

2042 5479 2110 5516 ex
2157 5458 2455 5515 Britannia
2506 5458 2773 5515 advectos
2825 5461 3128 5532 opinatur;
3163 5460 3314 5531 quod
3362 5458 3691 5515 traditionis

2044 5532 2251 5588 rationi
2286 5547 2609 5603 congruum
2645 5549 2824 5603 supra
2846 5532 3068 5587 monui.
3095 5532 3296 5585 Psa'rz.

2115 5604 2222 5673 (87)
2258 5603 2315 5657 In
2354 5601 2655 5674 Haduloha
2705 5601 2951 5673 (Balleia)
3004 5618 3303 5674 nunquam
3356 5601 3690 5672 Thuringos

2044 5676 2263 5731 sedisse
2294 5673 2436 5730 satis
2468 5679 2711 5729 constat.
