4148 6184
444 337 560 400 127

1456 340 1890 404 WIDUKINDI
1934 337 2434 402 CORBEIENSIS
2477 338 2826 402 MONACHI

3729 340 3844 402 128

442 479 500 532 et
530 473 670 547 quid
704 479 898 548 ageret
929 474 1377 544 admirantibus,
1411 475 1508 532 alii
1539 492 1673 532 eum
1705 474 1944 530 irridere
1981 491 2089 530 cm—
2113 472 2174 542 Α,
2199 471 2363 530 siano
2395 474 2658 547 principe
2681 475 2806 548 jam
2837 473 2974 532 olim
3007 474 3158 532 inter
3178 473 3505 549 provincias
3532 473 3769 531 redacta
3788 477 3846 532 et

442 567 656 637 perunt
699 565 1024 621 amicorum
1044 566 1108 632 ‘°,
1159 564 1256 620 alii
1307 582 1569 636 arguere,
1619 580 1823 619 omnes
1875 563 2092 636 pariter
2198 562 2308 618 sub
2332 561 2598 619 clientela
2630 563 3027 619 Romanorum
3070 563 3256 620 multo
3308 568 3570 637 tempore
3623 563 3848 620 utiliter

442 657 734 708 amentem
769 669 902 708 cum
935 653 1326 708 crediderunt.
1360 655 1432 706 At
1461 652 1558 707 ille
1591 651 1880 723 postulato
1913 651 2084 708 silen-

441 742 560 796 tio:
593 742 922 813 Sequimini,
959 739 1172 811 inquit,
1203 758 1307 807 me,
1337 743 1530 812 Optimi
1559 741 1882 804 Sa.mne.s,ct
1910 758 2088 796 meam

440 831 586 885 vobis
617 832 911 884 amentiam
939 829 1236 899 prolnzbitis
1269 831 1474 884 utilem.
1507 832 1578 884 At
1601 829 1704 895 illi,
1732 828 1863 882 licet
1895 829 2081 896 dubii,

439 924 769 989 sequuntur
808 919 848 952 ⁴¹
901 923 1094 972 tamen
1147 919 1376 971 durem.
1441 918 1539 974 llle
1604 923 1795 972 autem
1849 924 2086 989 sumpta

438 1007 638 1074 humo,
676 1025 777 1078 per
822 1007 1045 1061 vicinos
1095 1024 1266 1077 agros
1325 1023 1501 1076 quam
1553 1006 1741 1078 potuit
1792 1005 2086 1061 subtiliter

438 1096 673 1168 sparsit,
703 1099 760 1150 et
791 1100 1116 1150 castrorum
1150 1094 1273 1148 loca
1305 1095 1624 1165 occupavit.

505 1184 668 1238 (3.1}t
716 1188 908 1237 autem
960 1183 1292 1237 viderunt"
1337 1183 1618 1253 Thuringi
1673 1189 1864 1238 castra
1905 1185 2078 1238 Saxo-

435 1289 599 1336 num,
634 1271 1018 1327 intolerabilis
1051 1289 1141 1325 res
1165 1271 1247 1325 eis
1279 1271 1400 1325 visa
1426 1271 1468 1306 ‘3
1511 1277 1616 1338 est,
1650 1275 1706 1326 et
1753 1270 1950 1325 missis
1995 1271 2077 1326 le-

435 1360 584 1433 gatis
614 1359 917 1431 conquesti
965 1365 1102 1414 sunt
1152 1359 1222 1414 de
1271 1363 1442 1430 rupto
1495 1359 1705 1414 ﬁndere
1757 1376 1821 1414 ac
1867 1359 2078 1414 violato

435 1453 603 1521 pacto
633 1466 702 1504 ex
753 1453 916 1519 parte
965 1448 1281 1503 Saxonum.
1330 1448 1588 1502 Saxones
1635 1448 1987 1518 respondent
2017 1465 2078 1503 se

433 1537 716 1594 hactenus
739 1537 928 1591 fmdus
957 1533 1366 1590 inviolabiliter
1393 1551 1681 1602 servasse;
1707 1541 1920 1590 terram
1953 1551 2079 1608 pro-

432 1627 558 1700 prio
579 1642 721 1681 auro
750 1629 1146 1696 comparatam
1178 1639 1312 1678 cum
1348 1640 1488 1694 pace
1508 1622 1650 1679 velle
1673 1623 1950 1692 obtinere,
1976 1630 2078 1680 aut

431 1720 583 1772 certe
633 1713 811 1769 armis
880 1713 1210 1768 defendere.
1263 1711 1364 1768 llis
1407 1711 1644 1779 auditis,
1696 1711 1896 1767 incolas
1947 1713 2074 1783 jam

431 1803 857 1860 maledicebant
872 1818 1080 1858 aurum
1101 1799 1536 1869 Saxonicum,et
1553 1818 1726 1872 quem
1751 1799 1923 1872 paulo
1942 1805 2074 1856 ante

428 1892 658 1948 felicem
707 1907 836 1946 esse
879 1889 1348 1962 praedicabant“,
1384 1894 1679 1944 auctorem
1730 1889 2072 1969 perditionis

430 1997 548 2038 sua)
571 1981 616 2014 ⁸⁵
641 1995 879 2051 suaeque
905 1977 1158 2050 regionis
1188 1977 1462 2033 tatentur.
1480 1977 1569 2033 Ira
1591 1976 1800 2032 deinde
1817 1977 2066 2046 accensi,

427 2087 577 2126 caeco
610 2073 795 2124 marte
821 2067 946 2122 sine
968 2065 1170 2122 ordine
1200 2071 1254 2120 et
1287 2065 1413 2122 sine
1445 2065 1684 2121 consilio
1732 2065 1965 2122 irruunt
2009 2066 2067 2122 in

429 2162 652 2226 castra;
685 2159 941 2213 Saxones
971 2173 1104 2212 vero
1135 2154 1319 2227 parati
1354 2155 1551 2210 hostes
1583 2153 1877 2226 excipiunt
1922 2159 2066 2210 ster-

428 2251 716 2318 nuntque,
734 2250 792 2301 et
820 2245 994 2300 rebus
1027 2260 1302 2316 prospere
1322 2243 1522 2316 gestis,
1538 2243 1802 2314 proxima
1826 2243 2070 2299 circum-

426 2337 583 2394 circa
602 2335 729 2391 loca
748 2335 885 2406 jure
914 2332 1048 2389 belli
1081 2331 1364 2388 obtinent.
1383 2331 1494 2386 Diu
1522 2331 1719 2404 itaque
1749 2331 2068 2403 crebroque

425 2442 562 2482 cum
618 2425 690 2480 ab
740 2421 1034 2479 alterutris
1092 2425 1419 2493 pugnatum
1479 2421 1644 2487 foret,
1678 2425 1734 2476 et
1780 2419 2068 2492 Thuringi

425 2516 684 2572 Saxones
712 2511 824 2567 sibi
855 2510 1184 2582 superiores
1216 2510 1336 2564 fore
1371 2513 1702 2580 pensarent,
1738 2525 1841 2581 per
1885 2508 2066 2564 inter-

423 2602 663 2660 nuntios
695 2601 1010 2674 postulant,
1037 2603 1318 2670 utrosque
1351 2596 1605 2652 inermes
1654 2596 1976 2664 convenire,
2010 2602 2070 2653 et

423 2692 495 2748 de
548 2706 691 2764 pace
749 2688 962 2744 iterum
1012 2691 1277 2752 tractare,
1331 2685 1596 2740 condicto
1652 2684 1777 2740 loco
1834 2685 2063 2758 dieque.

422 2780 678 2838 Saxones
703 2774 1011 2850 postulatis
1042 2791 1103 2829 se
1133 2773 1386 2830 oboedire
1407 2773 1451 2807 ‘5
1471 2777 1491 2797 ¹
1525 2773 1896 2846 respondent.
1933 2775 2068 2830 Erat

422 2872 616 2926 autem
630 2866 674 2901 ⁸⁸
705 2865 818 2920 illis
849 2863 1056 2920 diebus
1081 2862 1407 2919 Saxonibus
1439 2877 1788 2934 magnorum
1812 2861 2068 2920 cultello-

420 2975 552 3015 rum
571 2953 956 3026 usus,quibus
974 2968 1160 3025 usque
1183 2951 1356 3006 hodie
1373 2949 1543 3023 Angli
1561 2954 1826 3020 utuntur,
1843 2967 2062 3007 morem

420 3045 611 3121 gentis
643 3043 896 3116 antiquas
939 3044 1246 3097 sectantes.
1280 3039 1502 3106 Quibus
1553 3038 1760 3096 armati
1810 3039 2066 3096 Saxones

423 3135 533 3192 sub
585 3131 744 3204 sagis
797 3129 941 3195 suis,
989 3127 1314 3200 procedunt
1369 3125 1577 3182 castris
1635 3131 2067 3198 occurruntque

2196 651 2434 724 degens,
2468 668 2503 706 a
2530 649 2736 706 vicinis
2767 651 3102 708 nationibus
3125 651 3530 725 impugnatur,
3566 668 3632 707 eo
3686 653 3841 724 quod

2195 739 2409 795 auxilio
2461 740 2862 796 Romanorum
2909 740 3189 797 destituta
3242 740 3559 796 videretur.
3585 739 3848 813 Populus

2194 845 2448 900 namque
2480 829 2799 895 Romanus,
2837 828 3085 885 Martiali
3112 829 3459 902 imperatore
3492 846 3525 884 a
3555 829 3847 885 militibus

2191 915 2492 972 interfecto
2543 919 2673 990 (89),
2711 918 2962 972 externis
3015 916 3181 972 bellis
3230 918 3481 990 graviter
3539 917 3842 989 fatigatus,

2192 1021 2307 1059 non
2341 1005 2668 1060 sufﬁciebat
2699 1005 2870 1060 solita
2901 1005 3116 1061 auxilia
3149 1006 3559 1062 administrare
3609 1007 3842 1062 amicis.

2191 1093 2495 1149 Exstructo
2517 1099 2712 1150 tamen
2734 1094 2953 1167 ingenti
2977 1111 3147 1166 opere
3167 1095 3237 1149 ad
3261 1095 3564 1150 munimen
3587 1095 3844 1167 regionis

2189 1179 2341 1236 inter
2363 1182 2613 1237 conﬁnia
2639 1199 2673 1237 a
2705 1183 2852 1237 mari
2885 1199 3070 1254 usque
3102 1183 3172 1238 ad
3222 1200 3400 1251 mare,
3435 1183 3534 1238 ubi
3583 1183 3844 1256 impetus

2188 1267 2448 1324 hostium
2472 1271 2776 1326 videbatur
2798 1272 2934 1337 fore,
2953 1270 3370 1342 relinquebant;
3399 1271 3693 1345 regionem
3727 1273 3842 1328 Ro-

2191 1357 2369 1411 mani.
2405 1358 2514 1412 Sed
2549 1358 2704 1413 hosti
2735 1358 2942 1414 acriori
2976 1365 3031 1414 et
3061 1360 3130 1414 ad
3173 1359 3514 1416 bellandum
3545 1366 3839 1433 prompto,

2189 1445 2286 1500 ubi
2321 1461 2464 1517 gens
2496 1445 2690 1501 mollis
2722 1451 2779 1500 et
2807 1446 2975 1520 pigra
2995 1447 3130 1502 belli
3154 1447 3570 1516 resistit,nulla
3590 1449 3844 1504 difﬁcul-

2186 1535 2276 1587 tas
2303 1532 2359 1587 iu
2381 1534 2735 1589 destruendo
2759 1549 2929 1606 opere
2952 1533 3080 1590 fuit.
3099 1533 3282 1608 Igitur
3297 1537 3453 1592 fama
3467 1537 3748 1608 prodente
3767 1538 3844 1594 de

2185 1621 2359 1676 rebus
2383 1638 2416 1676 a
2435 1621 2766 1677 Saxonibus
2799 1639 3077 1696 prospere
3107 1625 3308 1697 gestis,
3333 1625 3660 1698 supplicem
3709 1627 3844 1682 mit-

2184 1712 2318 1766 tunt
2347 1709 2695 1782 legationem
2728 1711 2799 1766 ad
2831 1728 3033 1768 eorum
3065 1713 3418 1784 postulanda
3455 1713 3670 1770 auxilia
3701 1715 3836 1788 (90).

2187 1799 2259 1853 Et
2306 1799 2687 1870 procedentes
2727 1798 2902 1872 legati
2937 1816 2950 1855 :
2987 1800 3208 1872 Optimi,
3240 1801 3535 1874 inquiunt,
3569 1801 3836 1872 Saxones,

2185 1887 2378 1942 miseri
2408 1887 2576 1944 Bretti
2596 1889 2636 1922 ⁵⁸
2670 1887 2873 1944 crebris
2905 1888 3140 1944 hostium
3182 1891 3589 1948 incursionibus
3618 1893 3841 1964 fatigati

2179 1983 2232 2031 et
2258 1975 2552 2031 admodum
2590 1979 2829 2045 contriti,
2861 1977 3065 2034 auditis
3096 1980 3339 2035 victoriis
3366 1996 3398 2034 a
3431 1980 3578 2036 vobis
3624 1985 3842 2054 mgni-

2175 2064 2274 2135 ﬁce
2305 2065 2559 2136 patratis,
2592 2067 2864 2122 miserunt
2888 2083 2986 2122 nos
3015 2066 3084 2122 ad
3113 2083 3225 2135 vos,
3257 2069 3624 2141 supplicantes
3675 2079 3739 2126 ut
3763 2072 3837 2127 ab

2173 2154 2253 2208 eis
2283 2162 2460 2208 vestra
2487 2154 2706 2208 ait-cilia
2729 2155 2775 2188 ⁸³
2807 2171 2913 2210 uon
2939 2154 3296 2212 subtrahatis.
3338 2155 3563 2213 Terram
3594 2158 3764 2214 uitam
3783 2169 3844 2215 et

2175 2245 2478 2313 spatiosam
2505 2251 2557 2298 et
2583 2245 2831 2298 omnium
2859 2260 3044 2300 rerum
3089 2246 3302 2315 copiam
3346 2247 3605 2317 refertam
3643 2256 3838 2303 vestra:

2173 2330 2441 2386 man-dant
2485 2330 2684 2387 ditioni
2727 2348 2937 2404 parere.
2988 2332 3100 2388 Sub
3148 2333 3516 2390 Romanorum
3563 2335 3829 2393 hactenus

2175 2419 2428 2475 clientela
2455 2436 2520 2475 ac
2567 2421 2738 2476 tutela
2772 2421 3074 2478 liberaliter
3122 2423 3396 2490 vincimus;
3417 2432 3537 2495 post
3560 2425 3834 2482 Ramnes

2175 2508 2326 2563 vobis
2374 2509 2624 2564 meliores
2675 2511 3025 2582 ignoramus;
3057 2509 3176 2566 ideo
3226 2511 3328 2566 sub
3375 2520 3562 2567 vestrae
3607 2514 3833 2570 virtutis

2173 2597 2294 2652 alas
2337 2598 2526 2668 lugere
2573 2599 2890 2669 quaerimus.
2929 2599 3108 2653 Vestra
3146 2599 3364 2664 virtute,
3412 2601 3603 2655 vestris
3647 2605 3832 2660 armis

2175 2684 2415 2740 hostibus
2462 2693 2676 2741 tantum
2718 2686 3024 2756 superiores
3075 2687 3442 2754 inveniamur,
3475 2695 3527 2743 et
3561 2691 3830 2760 quicquid

2174 2774 2454 2844 imponitis
2481 2774 2716 2838 servitii,
2740 2773 2967 2830 libenter
2993 2774 3348 2830 sustinemus.
3374 2773 3570 2831 Patres
3591 2775 3659 2832 ad
3695 2777 3825 2834 haec

2175 2878 2363 2934 pauca
2411 2862 2766 2934 respondent
2801 2859 3023 2933 χθονίοις
3079 2863 3286 2918 amicos
3329 2863 3526 2919 Breuis
3573 2863 3826 2920 Saxones

2172 2951 2380 3018 sciatis,
2406 2958 2458 3005 et
2483 2965 2671 3006 eorum
2700 2948 3104 3006 necessitatibus
3133 2957 3293 3022 atque
3336 2951 3626 3008 commodis
3671 2969 3832 3026 teque

2171 3055 2384 3117 semper
2411 3038 2701 3111 a/futuros.
2717 3036 2913 3112 Legati
2942 3035 3054 3092 ιωιί
3085 3037 3385 3094 redierunt
3400 3039 3462 3096 in
3493 3040 3745 3112 patriam
3755 3043 3826 3110 ⁵²,

2173 3132 2443 3200 exoptato
2473 3127 2680 3184 nuntio
2711 3126 2899 3183 socios
2945 3125 3196 3183 laetiores
3245 3127 3570 3184 reddentes.
3604 3129 3830 3189 Deinde

421 3219 741 3292 Thuringis
768 3217 1032 3274 condicto
1063 3215 1209 3271 loco.
1240 3216 1506 3288 Cumque
1553 3216 1815 3271 viderent
1862 3215 2060 3272 hostes
2097 3203 2142 3271 C
2180 3215 2511 3288 promissus
2558 3215 2620 3271 in
2667 3215 3086 3271 Britanniam“
3114 3215 3370 3271 mittitur
3425 3216 3734 3287 exercitus,
3768 3224 3830 3275 et

421 3312 697 3377 inermes,
730 3312 787 3362 et
813 3322 1016 3362 omnes
1047 3305 1342 3376 principes
1367 3305 1806 3378 Thuringorum
1837 3305 2063 3372 adesse,

421 3407 656 3472 tempus
686 3397 796 3452 rati
817 3395 996 3450 totius
1017 3393 1270 3466 regionis
1299 3393 1648 3460 obtinendae,
1664 3392 1912 3450 cultellis
1933 3393 2064 3449 abs-

420 3489 644 3556 tractis,
679 3503 857 3558 super
900 3483 1153 3539 inermes
1212 3486 1269 3538 et
1315 3481 1664 3554 improvisos
1721 3481 1958 3538 irruunt
2009 3485 2067 3538 et

421 3594 625 3636 omnes
657 3574 929 3640 fundunt,
963 3572 1047 3627 ita
1076 3575 1140 3626 ut
1170 3589 1240 3626 ne
1270 3587 1427 3626 unus
1457 3569 1698 3642 quidem
1731 3588 1800 3626 ex
1838 3570 1923 3626 eis
1964 3589 2062 3626 su-

421 3665 718 3741 perfuerit.
751 3663 1000 3719 Saxones
1031 3659 1171 3716 clari
1201 3659 1464 3728 existere,
1497 3663 1555 3715 et
1583 3659 1833 3716 nimium
1883 3665 2062 3716 terro-

419 3772 544 3814 rem
568 3753 776 3810 vicinis
805 3749 1078 3825 gentibus
1108 3748 1365 3804 incutere
1385 3751 1708 3820 cmperunt.

486 3848 543 3900 7.
569 3845 828 3900 Fuerunt
856 3844 1052 3896 autem
1078 3842 1134 3894 et
1159 3835 1260 3910 qui
1291 3835 1401 3893 hoc
1419 3837 1676 3892 facinore
1701 3853 1914 3893 nomen
1945 3837 2063 3892 illis

416 3935 672 3990 inditum
703 3929 1011 3987 tradant".
1036 3925 1264 3983 Cultelli
1287 3925 1443 3982 enim
1475 3929 1675 3982 nostra
1702 3925 1906 3997 lingua
1921 3925 2064 3982 salis

420 4025 530 4096 (88)
563 4021 857 4088 dicuntur,
909 4018 1156 4088 ideoque
1204 4016 1459 4071 Saxones
1499 4018 1888 4086 nuncupatos,
1922 4013 2063 4086 quia

419 4109 670 4168 cultellis
701 4112 924 4163 tantam
957 4103 1394 4160 multitudinem
1429 4103 1737 4160 fudissent.

489 4200 546 4254 8.
586 4196 738 4252 Dum
768 4211 837 4251 ea
851 4197 1138 4266 geruntur
1159 4192 1202 4227 ⁸⁸
1233 4193 1389 4265 apud
1422 4191 1796 4248 Saxoniam"
1825 4208 1951 4264 quae
1982 4190 2062 4248 ita

419 4285 594 4344 modo
636 4282 923 4340 vocitatur
973 4280 1289 4354 regionem,
1323 4280 1649 4337 Brittannia
1669 4281 1734 4347 ⁸ο,
1767 4297 1801 4337 a
1836 4279 2059 4353 Vespa-

2173 3308 2472 3377 gratanter
2503 3303 2574 3360 ab
2605 3303 2811 3360 amicis
2851 3306 3182 3376 susceptus,
3213 3303 3274 3359 in
3305 3304 3462 3361 brevi
3494 3303 3704 3362 liberat
3734 3323 3825 3364 ro-

2173 3391 2408 3466 gionem
2428 3411 2464 3449 a
2481 3391 2830 3460 latronibus,
2851 3391 3167 3448 restituens
3193 3392 3446 3466 patriam
3468 3393 3696 3451 incolis.
3720 3397 3829 3454 Ne-

2173 3497 2287 3554 que
2313 3482 2470 3537 enim
2500 3479 2561 3536 in
2583 3480 2641 3536 id
2672 3481 2898 3555 agendo
2927 3479 3180 3536 multum
3211 3479 3430 3538 laboris
3454 3482 3583 3551 fuit,
3604 3485 3827 3558 quippe

2173 3569 2274 3642 qui
2289 3571 2415 3642 jam
2447 3568 2586 3626 olim
2619 3569 2819 3626 audita
2844 3570 3002 3626 fama
3029 3569 3328 3627 Saxonum
3359 3571 3612 3644 perculsi
3651 3578 3827 3633 terre-

2173 3659 2408 3728 bantur,
2443 3659 2763 3716 dummodo
2795 3657 3102 3732 prazsentia
3131 3675 3334 3716 eorum
3367 3661 3568 3732 procul
3598 3662 3824 3735 pellun-

2171 3752 2287 3804 tur.
2322 3749 2502 3804 Erant
2529 3747 2684 3804 enim
2716 3747 2802 3804 htB
2834 3753 3036 3821 gentes
3085 3748 3295 3806 Brettis
3342 3751 3616 3819 adversm,
3637 3753 3824 3809 Scotti

2170 3840 2228 3892 et
2260 3837 2421 3894 Pehti
2445 3837 2510 3907 ⁵⁵,
2537 3837 2816 3893 adversus
2855 3853 3004 3910 quos
3040 3835 3358 3894 militantes
3375 3839 3650 3909 Saxones,
3675 3842 3827 3898 acci-

2171 3925 2408 3999 piebant
2442 3941 2475 3983 a
2507 3925 2718 3982 Brettis
2742 3925 2942 3982 omnia
2968 3925 3041 3984 ad
3072 3943 3248 3983 usum
3280 3928 3626 3985 necessaria.
3661 3931 3824 3988 Man-

2171 4018 2376 4070 serunt
2396 4013 2594 4086 itaque
2615 4013 2674 4069 in
2695 4012 2800 4070 illa
2817 4013 3052 4087 regione
3071 4015 3370 4088 aliquanto
3386 4019 3826 4090 tempore,viea-

2170 4101 2257 4158 ria
2276 4103 2605 4158 Brettorum
2628 4103 2774 4160 bene
2797 4103 2888 4158 usi
2909 4102 3186 4160 amicitia.
3219 4103 3292 4161 Ut
3329 4110 3527 4162 autem
3547 4105 3826 4166 viderunt

2168 4189 2463 4264 principes
2475 4190 2762 4248 exercitus
2774 4197 2990 4249 terram
3003 4191 3182 4249 latam
3196 4209 3262 4250 ac
3274 4193 3522 4252 fertilem
3533 4201 3593 4254 et
3605 4195 3824 4256 incola-

2168 4295 2299 4336 rum
2313 4295 2524 4338 manus
2538 4280 2610 4337 ad
2623 4279 2960 4338 bellandum
2976 4281 3261 4356 pigras,se
3270 4299 3404 4340 vero
3415 4284 3488 4341 ad
3501 4284 3820 4344 maximam

1762 4395 2002 4452 VARI/E
2041 4391 2462 4454 LEGTIONES.

487 4500 534 4534 ⁵ο
563 4501 871 4570 Coeperunt
913 4495 1236 4570 amicorum
1267 4493 1383 4570 Aalii

418 4564 695 4628 dicabant
738 4585 867 4625 esse
894 4571 950 4635 2,
1026 4566 1072 4600 ⁸⁸
1091 4564 1235 4620 deest
1263 4565 1332 4638 3._
1393 4565 1574 4638 f"_lta
1619 4581 1690 4620 ea:
1739 4567 1764 4620 1
1815 4566 2010 4638 recepi.
2087 4564 2134 4638 ⁸9

1484 4495 1537 4582 ἒξ.
1572 4495 1614 4530 ⁸³
1644 4499 1923 4582 secuntur
2080 4509 2310 4582 semper:
2333 4566 2366 4582 ἢ
2388 4495 2433 4530 ⁸³
2453 4493 2647 4582 γξὰςιιθ
2807 4496 2993 4582 “ui-es
3015 4496 3148 4582 _visa
3195 4499 3306 4582 estn
3329 4497 3508 4582 eis}.
3585 4499 3632 4536 “
3665 4517 3818 4582 pra:-

2255 4573 2307 4621 st
2333 4566 2386 4620 3.
2464 4566 2508 4640 ’ζτ
2537 4565 2681 4640 deest
2707 4567 2802 4640 ΑΖΔ
2851 4566 2896 4602 ⁸⁸
2923 4565 3050 4640 add.
3101 4583 3230 4640 qua:
3269 4571 3326 4624 2.
3405 4569 3450 4605 “
3478 4565 3820 4630 saxonicam

413 4645 471 4698 2.
499 4642 594 4724 ﬂ“
623 4639 978 4724 britanuiﬁl‘i
1005 4653 1236 4724 semper,
1260 4637 1300 4671 '“
1321 4635 1575 4724 britti-A.
1596 4645 1779 4724 postea
1804 4635 2158 4724 perobr‘etti‘;
2185 4637 2221 4692 3
2245 4652 2459 4724 semper
2477 4635 3350 4724 διαθείη.ἠεαιίιέξονόειι-ᾳβ..
3411 4641 3540 4724 “in
3555 4642 3817 4724 patriam

415 4712 716 4770 redierunt
743 4715 810 4768 A.
887 4710 932 4744 ⁵⁸
953 4707 1288 4764 brittauiam
1321 4709 1371 4762 1.

416 4784 616 4854 scotti;
650 4783 819 4838 scotti
847 4787 906 4838 et
935 4779 1114 4854 pehtti
1147 4781 1221 4846 A;
1255 4777 1440 4834 scboti
1470 4777 1651 4851 pehiti
1681 4779 1734 4834 3.

1465 4707 1510 4741 ³⁵
1531 4706 1720 4788 ξίξρμξξ
1767 4713 1824 4764 et
1864 4707 2060 4781 pecbti
2112 4709 2162 4777 1,
2188 4706 2373 4780 postea
2419 4724 2543 4765 vero
2585 4708 2754 4764 scotti
2804 4713 2862 4764 et
2902 4707 3090 4782 pehti;
3127 4709 3274 4766 secti
3302 4715 3361 4768 et
3388 4706 3579 4784 pehiti
3597 4715 3652 4783 2,
3683 4721 3826 4788 post

1999 4875 2232 4932 NOT/B.

485 4979 597 5051 (88)
627 4979 712 5034 Cf.
745 4975 1038 5051 Nereium
1071 4973 1218 5051 Hist-
1252 4973 1482 5051 Britsa;
1504 4973 1751 5051 οειρ-Ᾱιδ-
1803 4973 2054 5051 Sshatan
2093 4974 2141 5040 D
2173 4974 2434 5051 Ρθιῒαιφνρ
2465 4971 2524 5051 i9
2555 4971 3274 5051 Ιῗνίιαωιίαριθοιοιραυιο
3301 4981 3435 5051 post
3475 4995 3609 5051 vero
3641 4980 3823 5038 inter-

413 5043 562 5106 Hist.
581 5043 915 5121 'Westphal.
949 5049 1060 5121 (ed.
1090 5045 1181 5121 II),
1216 5061 1348 5121 pag.
1384 5044 1487 5121 tt9
1518 5043 1802 5121 :_.§?_U_sus,
1841 5043 2052 5121 inquit,

414 5121 597 5191 hujus
626 5113 782 5191 vocis
813 5113 1234 5191 hodiedum'in—
1259 5113 1624 5191 Saterlandia
1643 5115 1876 5191 obtinet_
1903 5113 2058 5187 apud

414 5186 636 5247 incolas
667 5190 838 5260 prisci
867 5191 1157 5260 sermonis
1194 5186 1700 5260 retinentissimos,
1725 5186 1878 5258 apud
1911 5186 2060 5257 quos

413 5278 610 5320 coram
641 5252 834 5315 audivi
864 5252 1167 5330 loquentes
1198 5258 1368 5313 sachs
1397 5260 1635 5330 cultrum
1665 5252 1860 5330 seu-at.
1886 5277 1915 5308 ››

487 5333 596 5404 (89)
627 5334 713 5386 An
746 5327 996 5385 Martiali
1029 5330 1120 5385 hic
1139 5330 1290 5404 idem
1315 5331 1468 5400 quod
1481 5327 2061 5404 _belli_coso,_Maxi_mo

415 5398 655 5491 scilicet.
691 5404 1102 5491 Latrin:‘tlerte
1160 5398 1528 5491 imperatorii;
1581 5398 1862 5491 Marli‘allis
1921 5398 2059 5482 alibi

415 5475 579 5533 nulla
611 5475 826 5532 mentio
861 5475 952 5538 tit;
985 5488 1173 5542 neque
1206 5470 1630 5528 Widukindum
1651 5472 1724 5529 de
1747 5470 2060 5528 Marcoim-

2172 5046 2319 5118 t'ecto
2345 5043 2440 5118 (et.
2469 5043 2736 5118 Z_osimu_s
2753 5044 2901 5118 yi.2)
2944 5043 3230 5118 cogitasse
3257 5043 3573 5106 verisimile
3599 5055 3710 5106 est.
3744 5084 3820 5094 —

2168 5117 2314 5195 Cum
2346 5114 2442 5170 hic
2471 5115 2542 5170 de
2572 5114 2992 5195 traditionibus
3015 5114 3534 5195 agatur,Ma_rci_ani
3558 5121 3816 5195 impera-

2167 5184 2562 5266 tsrisonomen,
2586 5187 2789 5266 eodem
2820 5187 3034 5266 saeculo
3053 5184 3268 5260 quinto
3307 5191 3472 5260 clari,
3504 5184 3816 5266 perpéram

2168 5256 2507 5325 immisceri,
2540 5262 2643 5313 aut
2671 5259 2910 5314 mirum.
2943 5256 3142 5314 Panis.

2239 5329 2350 5401 (90)
2383 5329 2754 5403 Legationem
2811 5329 3053 5386 missam
3087 5346 3234 5403 esse
3287 5333 3464 5388 etiam
3536 5335 3690 5390 Beda
3744 5355 3811 5403 ιι,

2170 5403 2344 5528 (ἐξὲξ,
2374 5400 2579 5469 tradit;
2604 5400 2755 5459 hanc
2784 5417 2916 5458 vero
2955 5400 3275 5458 orationem
3307 5410 3504 5462 noster
3534 5405 3694 5464 solus
3739 5400 3814 5464 ex

2211 5489 2225 5527 ι
2275 5489 2304 5528 e
2337 5514 2348 5528 .

2211 5471 2348 5529 ibet.
