4148 6184
487 289 592 344 131

1497 283 1927 342 WlllUKlNDl
1975 282 2480 342 CORBEIENSIS
2528 284 2873 344 MONACHI

3780 285 3890 345 132

479 420 890 486 cunda;tertia
911 419 1143 474 verodie
1157 417 1341 471 victus
1369 415 1736 471 Irminfridus
1760 413 1935 469 cessit
1957 413 2126 471 Thia-
2153 416 2202 483 Δ
2241 413 2292 470 ei
2325 418 2518 471 essent
2549 415 2679 470 in‘“
2710 416 2921 472 auxilio
2959 435 2970 470 :
3005 417 3050 473 si
3083 418 3323 491 quidem
3353 419 3652 476 vincerent
3682 417 3888 474 Irmin-

479 508 660 576 drico,
693 511 750 564 et
783 508 1008 580 fugiens
1057 506 1292 560 tanden
1342 521 1402 558 se
1453 503 1671 574 recepit
1715 519 1852 556 eum
1903 501 2126 574 reliquo

479 597 753 653 comitatu
787 596 848 650 in
880 596 1022 650 urbe
1051 595 1094 628 ⁸⁷
1125 609 1252 665 qua:
1283 592 1326 625 ⁸³
1359 591 1574 646 dieitur
1605 589 1891 662 Scitbingi
1915 589 1960 624 ⁸³
1992 589 2124 662 (99),

475 686 590 743 sita
620 701 798 758 super
829 683 1069 738 fluvium
1100 680 1304 752 quod"0
1326 679 1542 734 dicitur
1571 677 1928 758 Unstrode’f.
1957 678 2128 734 Thia-

475 775 673 830 dricus
703 777 920 838 autem,
945 767 1314 842 congregatis
1332 766 1585 823 ducibus
1605 783 1672 822 ac
1698 765 1952 821 militum
1973 766 2126 838 prin-

474 863 725 935 cipibus,
759 859 1044 916 exercitus
1076 858 1167 914 sui
1199 860 1367 930 rogat
1401 855 2122 921 sentontiam,utrumnam

471 955 774 1008 censerent
801 947 1204 1005 lrminfridum
1238 945 1730 1018 persequendum,
1766 961 1838 999 an
1872 943 2130 1020 patriam,

473 1040 876 1098 remeandum.
913 1037 1084 1092 Inter.
1122 1052 1270 1107 quos
1319 1032 1655 1089 Waldricus
1687 1033 1731 1067 θ’
1762 1032 2066 1088 consultus
2103 1046 2120 1087 :

473 1132 690 1196 Censeo,
741 1126 952 1198 inquit,
1003 1142 1164 1180 causa
1225 1141 1384 1179 caesos
1440 1121 1755 1194 scpeliemii,
1812 1123 2120 1177 vulneratos

471 1219 730 1286 curandi,
779 1217 1041 1288 majorem
1098 1215 1396 1269 exercitum
1445 1210 1823 1284 congregandi,
1879 1211 2120 1282 patriam

470 1306 856 1372 remeantium,-
903 1320 1076 1375 neque
1131 1305 1280 1359 enim
1334 1301 1595 1366 arbitror,
1647 1300 1835 1354 multis
1892 1299 2116 1354 milibus

469 1408 685 1454 tuorum
721 1394 962 1456 amissis,
993 1393 1246 1462 sufﬁcere
1292 1407 1388 1444 nos
1436 1405 1590 1460 posse
1637 1387 1706 1442 ad
1750 1387 2117 1459 peragendum

463 1502 704 1558 przrsens
736 1483 955 1538 bellum.
991 1482 1052 1534 Si
1082 1481 1227 1534 enim
1258 1479 1506 1532 barbara:
1534 1479 1780 1532 nationes
1813 1478 2117 1532 innumera

468 1577 525 1630 in
573 1590 670 1630 nos
729 1576 1061 1640 consurg-unt
1079 1568 1144 1635 ³³,
1185 1567 1375 1621 multis
1432 1574 1743 1620 nostrorum
1797 1564 2110 1632 debilitatis,

459 1681 559 1736 per
589 1678 718 1734 quos
749 1659 971 1714 vincis“
993 1661 1015 1712 Ρ
1039 1657 1178 1712 Erat
1207 1659 1402 1710 autem
1435 1653 1745 1710 Thiadrico
1790 1670 1991 1708 servus
2020 1669 2112 1708 sa-

461 1752 538 1808 tis
567 1750 928 1823 ingeniosus,
948 1748 1116 1818 cujus
1141 1743 1450 1800 consilium
1483 1748 1753 1816 expertus
1783 1745 1871 1797 est
1891 1740 2105 1813 smpius

463 1841 734 1914 probum,
767 1837 935 1910 eique
982 1839 1288 1908 prapterca
1332 1833 1588 1904 quadam
1637 1829 2033 1886 familiaritate
2059 1830 2104 1866 ’⁵

463 1931 836 2001 conjunctus.
863 1925 965 1981 Hic
998 1929 1234 1996 rogatus
1266 1920 1613 1978 sententiam
1645 1921 1781 1976 dare
1807 1937 1820 1974 :
1846 1920 1906 1974 In
1925 1920 2102 1986 rebus,

462 2019 673 2090 inquit,
707 2016 942 2072 honestis
977 2011 1409 2084 pulcherrimam
1450 2027 1660 2082 semper
1709 2025 1822 2064 esse
1865 2009 2105 2065 arbitror

457 2099 936 2171 perseverantiam,
967 2110 1130 2166 quam
1186 2095 1260 2147 ita
1303 2093 1588 2146 coluerunt
1631 2093 1860 2162 majores
1906 2093 2098 2158 nostri,

460 2196 521 2243 ut
545 2189 773 2258 acceptis
794 2186 838 2218 95
867 2184 1094 2254 negotiis
1139 2197 1264 2236 raro
1295 2183 1376 2236 vel
1405 2197 1690 2252 nunquam
1720 2180 2006 2250 deﬁcerent
2021 2181 2102 2248 ’7;

458 2294 556 2334 nec
587 2285 764 2332 tamen
787 2273 994 2328 labores
1022 2279 1228 2326 nostros
1257 2285 1443 2325 eorum.
1465 2269 1757 2342 mquandos
1774 2269 2100 2340 putaverim,

461 2369 556 2438 qui
579 2366 766 2438 paruis
807 2363 974 2434 copiis
1024 2363 1264 2430 ingentes
1313 2361 1556 2430 gentium
1598 2359 1778 2429 copias
1820 2373 2102 2428 superave-

457 2455 654 2510 runt”.
685 2453 838 2508 Nunc
867 2459 1010 2506 terra
1043 2451 1098 2504 in
1133 2457 1318 2502 nostra
1347 2456 1426 2502 est
1452 2448 1496 2481 ’9
1525 2454 1796 2518 potestate,
1825 2455 1876 2501 et
1901 2445 2098 2502 disces-

457 2547 610 2600 sione
639 2551 822 2598 nostra
853 2541 1002 2594 victis
1035 2539 1370 2593 occasionem
1399 2535 1652 2590 vincendi
1683 2535 2100 2606 prcrstabimus.’

458 2633 820 2704 Amplecterer
845 2637 898 2684 et
923 2631 1036 2700 ipse
1061 2628 1300 2698 patriam
1335 2624 1531 2689 redire,
1561 2625 1899 2695 familiarem
1925 2641 2100 2681 neces-

455 2720 754 2776 situdinem
777 2717 982 2782 videre,
1009 2718 1060 2770 si
1077 2717 1291 2770 hostcm
1320 2723 1566 2768 nostrum
1589 2728 1648 2768 eo
1678 2715 1850 2784 spatio
1902 2716 2097 2769 scirem

454 2811 559 2866 otio
592 2825 798 2864 vacare.
831 2805 934 2862 Sed
963 2805 1236 2860 vulnerati
1262 2804 1436 2858 nostri
1464 2804 1696 2873 forsitan
1736 2802 1838 2857 hac
1867 2819 1924 2856 re
1949 2803 2095 2858 indi-

455 2907 598 2971 gent.
627 2897 937 2954 Castrorum
965 2903 1074 2951 esto
1105 2893 1290 2959 labor,-
1321 2893 1554 2963 inpigris
1583 2892 1806 2958 animis,
1838 2907 1979 2958 reor,
1998 2908 2098 2963 pro

455 2990 704 3044 maxima
731 2987 1000 3056 voluptate
1015 2991 1111 3047 est,
1125 2982 1263 3052 Ergo
1283 2997 1421 3037 casa
1452 2979 1802 3036 multitudine
1829 2982 2096 3036 exercitus

455 3086 535 3132 est
593 3076 926 3132 vehementer
980 3077 1314 3126 attenuatus.
1373 3066 1624 3123 Ilostesne
1678 3084 1860 3124 omnes
1915 3085 2094 3124 evase-

2238 501 2455 558 fridum
2481 503 2805 576 urbemque
2828 511 3118 584 caperent,
3144 512 3361 563 terram
3385 506 3469 562 eis
3488 506 3549 562 in
3575 505 3892 579 possessio-

2237 608 2369 646 nem
2403 595 2673 646 astcrnam
2701 591 2975 648 traderet.
3009 595 3268 651 Saxones
3301 594 3478 650 nichil
3504 595 3892 662 cunctati,no-

2233 696 2361 734 vem
2396 680 2574 735 duces
2597 697 2730 735 cum
2753 679 3002 753 singulis
3033 683 3275 740 milibus
3307 683 3564 740 militum
3592 683 3888 740 destinare

2234 786 2350 823 non
2384 769 2674 824 dubitant.
2691 767 3015 842 Etingrcssi
3048 771 3290 828 iucesin
3305 777 3498 829 castra
3510 771 3722 845 singuli
3747 789 3887 829 cum

2233 857 2491 913 centenis
2521 858 2827 926 militibus,
2853 859 3079 932 reliqua
3109 860 3484 917 multitudine
3505 866 3664 917 extra
3690 866 3888 918 castra

2229 945 2510 1014 dimissa,
2567 947 2828 1003 salutant
2883 947 3265 1006 'I‘biadricum
3323 951 3518 1008 verbis
3576 951 3882 1024 paciﬁcis.

2231 1037 2393 1102 Quod
2411 1037 2619 1091 l(“lcum
2633 1037 2982 1093 Thiadricus
3004 1037 3246 1094 hilarior
3267 1039 3792 1113 suscepisset,duxt
3803 1040 3885 1098 ris

2229 1123 2381 1179 datis
2412 1129 2467 1180 et
2497 1125 2769 1197 acceptis,
2805 1125 3032 1198 copiam
3071 1126 3212 1184 viris
3257 1128 3417 1184 fandi
3465 1128 3774 1184 concessit.
3809 1131 3884 1186 At

2227 1212 2310 1268 illi
2348 1230 2359 1266 :
2390 1215 2650 1285 Papulas,
2687 1213 2870 1281 aiunt,
2900 1215 3182 1272 Saxonum
3214 1216 3316 1272 tibi
3343 1215 3558 1273 devotus
3587 1225 3637 1274 ct
3657 1219 3768 1273 tuis
3783 1235 3884 1290 pa-

2227 1319 2350 1356 rens
2381 1305 2646 1374 imperiis,
2677 1306 2831 1359 misit
2852 1320 2951 1358 nos
2977 1303 3046 1358 ad
3076 1313 3156 1372 te;
3186 1313 3239 1360 et
3265 1321 3381 1362 ecce
3407 1323 3678 1374 assumus,
3691 1309 3884 1378 parati

2224 1390 2294 1444 ad
2325 1407 2480 1446 omne
2510 1391 2879 1465 quodcumque
2912 1393 2976 1426 ¹⁰⁷
3007 1393 3108 1448 tibi
3143 1394 3209 1429 ¹⁰³
3239 1396 3486 1451 voluntas
3523 1399 3876 1467 suggesserit,

2218 1481 2424 1550 parati,
2459 1489 2518 1534 ut
2558 1489 2656 1534 aut
2702 1481 2875 1536 hostes
2905 1490 3022 1538 tuos
3051 1485 3355 1549 vincamus,
3405 1492 3518 1551 aut,
3549 1472 3602 1539 si
3649 1486 3882 1556 fortuna

2221 1568 2377 1622 aliud
2394 1569 2643 1640 jusserit,
2674 1585 2773 1640 pro
2805 1577 2852 1624 te
2881 1571 3222 1638 moriamur;
3251 1572 3424 1626 aliam
3451 1573 3602 1627 enim
3647 1589 3881 1628 causam

2219 1658 2434 1712 nullam
2460 1656 2769 1712 Saxonibus
2795 1673 2912 1714 esse
2938 1661 3099 1725 scias,
3132 1661 3247 1714 nisi
3277 1661 3344 1695 ¹⁰⁹
3372 1661 3588 1716 vincere
3616 1661 3882 1730 vellc,aut

2221 1753 2359 1802 certe
2385 1748 2564 1801 vivere
2591 1747 2768 1813 nolle;
2799 1763 2972 1820 neque
2997 1749 3147 1803 enim
3176 1749 3416 1820 gratiam
3443 1751 3705 1822 majorem
3735 1753 3880 1807 ami-

2218 1836 2296 1889 cis
2325 1834 2543 1890 exibere
2565 1851 2875 1907 possumus,
2907 1853 3071 1908 quam
3099 1845 3160 1892 ut
3200 1853 3302 1910 pro
3351 1839 3429 1893 cis
3475 1847 3703 1894 mortem
3751 1856 3878 1896 con-

2214 1933 2585 1996 tempnamus;
2614 1933 2665 1980 et
2702 1933 2764 1980 ut
2817 1925 2914 1981 hoc
2966 1929 3336 1998 experimento
3394 1927 3591 1996 discas,
3641 1929 3872 1986 omni-no

2213 2012 2602 2068 desideramus.
2666 2013 2784 2069 Illis
2842 2013 2962 2070 hanc
3021 2014 3422 2088 loquentibus,
3474 2016 3670 2072 mirati
3728 2023 3876 2074 sunt

2215 2101 2418 2156 Franci
2450 2107 2792 2174 praistantes
2831 2118 3069 2174 corpore
3098 2107 3156 2158 et
3199 2103 3394 2160 animo
3443 2104 3635 2172 viros;
3669 2105 3874 2162 mirati

2211 2194 2351 2245 sunt
2382 2194 2438 2245 et
2467 2207 2682 2246 novum
2713 2190 3002 2258 habitum,
3039 2209 3204 2248 arma
3252 2208 3485 2265 quoque
3531 2198 3588 2248 et
3619 2193 3874 2251 ditl'usos

2211 2279 2485 2351 scapulas
2517 2280 2750 2336 caesarie
2791 2281 2880 2346 “°,
2911 2285 2968 2335 et
2997 2282 3059 2316 ³¹¹
3097 2297 3278 2354 supra
3319 2281 3518 2338 omnia
3565 2282 3868 2356 ingentem

2211 2367 2393 2423 animi
2427 2368 2835 2424 constantiam.
2871 2369 3017 2424 Nam
3047 2369 3241 2426 vestiti
3273 2375 3439 2425 erant
3471 2378 3650 2444 sagis,
3683 2376 3740 2426 ct
3771 2389 3870 2426 ar-

2209 2456 2351 2510 mati
2384 2456 2575 2530 longis
2596 2457 2898 2525 lanceis,et
2915 2456 3148 2512 subnixi
3173 2459 3410 2514 stabant
3434 2458 3628 2530 parvis
3649 2461 3866 2529 scutis,

2207 2543 2492 2600 habentes
2522 2547 2592 2600 ad
2626 2563 2792 2601 renes
2837 2543 3102 2602 cultellos
3151 2563 3414 2619 magnos.
3449 2547 3630 2602 Erant
3682 2547 3869 2604 etiam

2207 2633 2304 2704 qui
2337 2633 2598 2688 dicerent
2624 2632 2800 2688 tantis
2829 2649 2895 2688 ac
2924 2631 3144 2688 talibus
3192 2633 3396 2689 amicis
3447 2634 3706 2690 Francos
3741 2654 3869 2692 non

2206 2722 2500 2793 indigere;
2544 2720 2893 2776 indomitum
2944 2737 3132 2793 genus
3182 2720 3485 2776 hominum
3538 2721 3681 2788 fore,
3713 2728 3774 2778 et
3809 2725 3868 2778 si

2205 2815 2550 2882 praesentem
2580 2813 2794 2864 terram
2827 2807 3242 2878 inhabitarent,
3271 2825 3370 2864 eos
3414 2807 3618 2881 procul
3669 2810 3866 2868 dubio

2203 2914 2352 2965 esse,
2387 2897 2486 2970 qui
2510 2897 2862 2952 Francorum
2883 2895 3196 2969 imperium
3218 2897 3570 2968 quandoque
3591 2897 3872 2953 destrue-

2205 2991 2354 3042 rent.
2390 2986 2737 3042 Thiadricus
2766 3002 2919 3052 vero,
2951 2984 3200 3057 propriis
3239 2984 3590 3040 utilitatibus
3641 3002 3867 3042 consu-

2204 3073 2351 3142 lens,
2385 3075 2644 3148 suscepit
2671 3074 2730 3130 in
2759 3073 2872 3130 fide
2902 3073 3075 3142 viros,
3101 3073 3462 3128 domandans
3482 3077 3548 3127 ut
3569 3073 3642 3128 ad
3665 3073 3862 3147 obpu-

457 3165 719 3220 runt1°°P
770 3169 908 3218 certe
960 3159 1280 3214 rarissimus
1314 3158 1411 3226 ¹⁰¹;
1450 3159 1566 3228 ipse
1607 3173 1842 3228 namque
1883 3157 2000 3213 duc
2041 3166 2104 3214 ut
2129 3150 2172 3216 C
2206 3163 2504 3236 gnandam
2532 3164 2735 3220 urbem
2757 3160 3559 3235 praeparentur“'.llliarege
3580 3163 3864 3236 regressi,

457 3253 710 3327 quaedam
739 3249 960 3306 bestiola
988 3264 1088 3303 suo
1117 3249 1370 3302 munitur
1400 3246 1647 3310 latibulo,
1679 3247 1833 3301 urbis
1861 3249 2094 3303 circum-

455 3343 618 3399 datur
647 3343 901 3404 claustro,
933 3354 1033 3392 nec
1062 3339 1244 3408 ipsum
1271 3335 1463 3391 malum
1505 3352 1692 3390 secure
1737 3335 1900 3392 audet
1926 3338 2097 3408 inspi-

453 3449 590 3497 cere,
623 3438 804 3486 nostro
835 3435 1046 3498 cogente
1070 3427 1280 3480 timore.
1311 3423 1416 3479 Sed
1455 3440 1565 3480 non
1606 3425 1800 3480 desunt
1844 3427 1898 3481 ei
1937 3441 2096 3498 pecu-

452 3523 586 3588 πίω,
619 3518 815 3592 quibus
845 3515 1215 3572 conducuntur
1240 3516 1485 3570 nationes
1519 3513 1764 3570 barbara’
1785 3536 1802 3582 ;
1823 3530 1932 3570 non
1953 3514 2096 3570 deest

450 3611 694 3666 militum
721 3623 938 3674 manus,
973 3605 1096 3659 licet
1125 3604 1288 3658 lassa.
1325 3603 1454 3670 Quae
1483 3611 1661 3658 tamen
1692 3605 1878 3659 omnia
1909 3605 1976 3639 ¹⁰²
2002 3621 2095 3661 no-

449 3708 564 3755 stra
592 3697 834 3753 absentia
865 3694 1326 3765 redintegrantur.
1347 3693 1662 3748 Indecorum
1679 3702 1758 3748 est
1777 3694 2092 3762 victoribus,

456 3789 608 3844 uictis
637 3783 892 3840 vincendi
922 3784 1097 3838 locum
1127 3782 1276 3836 dare.
1308 3781 1450 3836 Num
1477 3782 1713 3852 singulis
1743 3782 1971 3838 urbibus
2000 3782 2092 3838 ad-

447 3873 815 3933 ministranda
870 3873 1174 3944 sufﬁcimus
1215 3869 1283 3904 “’3
1327 3870 1630 3941 praesidia?
1659 3871 1724 3925 Et
1765 3887 1856 3926 eas
1907 3888 2092 3928 omnes

441 3965 745 4039 perdimus,
776 3962 908 4017 dum
935 3961 1080 4016 imus
1099 3967 1150 4015 et
1168 3957 1426 4014 redimus.
1443 3958 1572 4013 Hanc
1594 3975 1659 4014 eo
1681 3964 2088 4031 prosequente,

448 4054 670 4126 placuit
698 4049 1008 4108 Thiadrico
1029 4047 1421 4118 omnibusque
1437 4045 1622 4120 gloria
1635 4047 1962 4103 ""victoriai
1980 4047 2092 4103 avi-

447 4143 560 4207 dis,
595 4156 828 4196 manere
857 4137 916 4192 in
948 4135 1156 4191 castris
1185 4141 1241 4190 et
1281 4135 1510 4190 mittere
1559 4136 1631 4190 ad
1677 4135 1954 4204 Saxones,
1987 4136 2090 4210 qui

437 4231 564 4302 jam
587 4229 726 4283 olim
749 4231 914 4284 erant
934 4223 1252 4296 Thuringis
1276 4223 1542 4280 acerrimi
1565 4223 1782 4290 hostes,
1807 4225 2086 4296 quatinus

2204 3257 2398 3308 castra
2429 3251 2630 3307 metati
2665 3255 2806 3308 sunt
2826 3251 2898 3306 ad
2923 3250 3308 3306 meridianam
3339 3249 3573 3323 plagam
3599 3251 3668 3286 ¹¹³
3691 3251 3868 3310 urbis

2203 3339 2262 3394 in
2297 3341 2482 3412 pratis
2515 3339 2687 3395 ﬂuvio
2717 3338 3042 3410 contiguis;
3067 3343 3124 3394 et
3145 3342 3378 3410 postera
3396 3337 3489 3394 die
3514 3338 3708 3410 prima
3727 3339 3868 3398 luce

2204 3427 2792 3502 surgentes,sumptis
2806 3428 2988 3483 armis
2999 3426 3864 3502 obpugnant'"oppidum(100)

2200 3517 2660 3588 incenduntque.
2685 3515 2863 3588 Capto
2889 3515 3102 3588 oppido
3131 3521 3188 3570 et
3216 3514 3478 3584 incenso,
3495 3516 3685 3572 aciem
3707 3517 3866 3574 ordi-

2201 3612 2345 3662 nant
2373 3623 2440 3662 ex
2472 3606 2710 3661 adverso
2758 3609 2936 3677 porte
2969 3605 3036 3639 "5
3065 3603 3384 3660 orientalis.
3419 3603 3616 3660 Clausi
3665 3606 3864 3663 muris

2201 3695 2344 3750 dum
2377 3695 2530 3750 acies
2556 3694 2752 3749 vident
2781 3693 3098 3761 ordinatas,
3131 3709 3200 3748 ac
3230 3710 3292 3750 se
3323 3693 3382 3748 in
3413 3691 3640 3750 ultimis
3674 3695 3744 3730 ¹¹⁶
3763 3711 3864 3750 ne

2202 3785 2578 3840 cessitatibus
2610 3783 2977 3849 constitutos,
3009 3783 3288 3838 audacter
3315 3786 3636 3854 erumpunt
3668 3784 3862 3856 portis

2201 3889 2470 3944 caecoque
2500 3873 2692 3927 furore
2723 3872 2958 3926 irruunt
2979 3870 3036 3924 in
3068 3870 3451 3936 adversarios,
3464 3870 3666 3926 ettelis
3683 3873 3862 3927 emis-

2202 3961 2304 4028 sis,
2321 3959 2532 4033 gladiis
2555 3959 2797 4030 proinde
2819 3975 2911 4014 res
2935 3959 3148 4031 agitur.
3163 3959 3428 4032 Cumque
3443 3975 3617 4032 grave
3628 3959 3859 4018 bellum

2200 4050 2439 4116 orietur,
2463 4047 2660 4120 plures
2682 4047 2839 4115 hinc,
2865 4046 3062 4120 plures
3081 4046 3218 4104 inde
3249 4050 3624 4118 sternuntur;
3651 4048 3860 4104 istis“?

2201 4155 2304 4210 pro
2337 4137 2544 4210 patria,
2579 4153 2682 4208 pro
2714 4135 2992 4192 uxoribus
3024 4151 3090 4191 ac
3118 4135 3184 4172 ³³⁸
3205 4135 3379 4205 natis,
3412 4140 3711 4209 postremo
3746 4155 3858 4210 pro

2198 4227 2328 4298 ipsa
2356 4226 2473 4280 vita
2493 4224 2916 4298 pugnantibus,
2941 4224 3269 4281 Saxonibus
3295 4241 3428 4281 vero
3450 4240 3554 4296 pro
3577 4223 3768 4299 gloria
3800 4231 3863 4283 et

1795 4401 2036 4459 VARIE
2077 4404 2494 4462 LECTIONES.
2529 4397 2534 4402 ⁴

519 4533 561 4567 ⁸⁷
597 4531 799 4608 urbem
829 4531 906 4608 3._
961 4529 1005 4608 ξδ
1035 4529 1135 4600 qui
1166 4531 1218 4608 1.
1296 4529 1340 4608 δέ’
1365 4526 1618 4608 ¹ξξεὶἀξξιεςί
1765 4527 2070 4608 δςτὶιιιίῃεθΔ
2097 4530 2150 4586 3.
2171 4528 2510 4608 schidingin
2560 4531 2613 4608 2.
2651 4527 3037 4608 schidinga
3115 4528 3160 4562 9°
3191 4526 3291 4608 qui
3318 4529 3372 4582 2.
3405 4528 3459 4584 3.
3535 4529 3576 4564 ⁹¹
3617 4533 3859 4608 ιιῐιεὶι-θτ

449 4607 534 4660 da:
587 4606 638 4658 1.
669 4602 910 4658 unstrod
941 4603 1010 4674 72.
1047 4597 1331 4674 unstrupd
1364 4599 1426 4674 3._
1495 4599 1538 4631 9’
1568 4597 1922 4674 vvaldericus
1951 4597 2012 4654 21⁷
2039 4601 2090 4656 3.
2171 4602 2216 4637 ⁸³
2245 4597 2603 4674 οοηειξιζεειῐιὶ
2644 4602 2709 4674 Α.
2741 4603 2782 4674 2
2805 4597 3155 4674 3.__nati9nes
3185 4597 3272 4674 in
3330 4614 3438 4674 nos
3495 4606 3864 4674 consurgant

447 4676 766 4735 innumera:
804 4677 858 4728 2.
934 4672 981 4706 9‘
1011 4671 1204 4744 vinces
1252 4671 1305 4744 3.
1383 4669 1428 4702 95
1455 4669 1906 4744 quadampl‘am.
1964 4676 2266 4744 propterea
2292 4675 2347 4726 2.
2414 4668 2528 4744 _9°—a
2559 4669 3200 4744 ceptiis?i__°7_deﬂceret
3249 4671 3312 4744 1_._
3376 4668 3864 4744 ’{guperavérint

449 4751 500 4802 1.
535 4762 877 4818 superavere
908 4745 964 4818 3.
1019 4743 1084 4818 _'9
1114 4747 1200 4818 est
1254 4743 1560 4818 inunostra
1715 4741 1789 4818 fg“
1819 4739 2050 4818 evasere
2071 4739 2277 4818 '3.__’°‘
2297 4739 2644 4818 _rarisum_us
2797 4741 2873 4818 ᾖξ’
2901 4739 3062 4818 deest.
3087 4813 3098 4818 Α
3119 4743 3170 4796 1.
3249 4741 3318 4778 ¹⁰³
3348 4739 3760 4818 sufﬁci—aremus
3802 4745 3856 4800 1.

449 4820 515 4852 ¹⁰⁸
540 4811 742 4891 gloriae
767 4818 821 4870 3.
900 4813 1142 4891 ‘°‘_decst
1167 4814 1219 4867 3.
1257 4889 1262 4891 _
1301 4812 1366 4891 [0°
1397 4812 1657 4891 qupslAa
1714 4812 1779 4846 ¹⁰⁷
1810 4813 1964 4884 quod
1995 4816 2049 4868 2.

2215 4813 2493 4891 voluntas
2524 4811 2630 4866 tibi
2662 4813 2715 4864 3.
2795 4811 2862 4846 ¹⁰⁹
2895 4811 3216 4891 ni
3251 4829 3301 4869 s.
3331 4811 3622 4891 desunt}.
3657 4818 3719 4870 et
3759 4831 3866 4891 no-

448 4882 580 4945 vum
611 4889 876 4944 habitum
910 4885 1104 4956 mirati
1135 4889 1274 4939 sunt
1302 4883 1363 4956 2.
1435 4882 1605 4956 mlta
1632 4884 1688 4956 1.
1717 4900 1804 4954 pr.
1829 4882 2008 4938 manu
2034 4893 2087 4941 et
2109 4886 2162 4940 3.
2197 4884 2441 4938 diffusas
2475 4885 2524 4936 1.
2559 4898 2661 4937 sec.
2693 4898 2864 4956 manu
2895 4885 3027 4956 eti2_,
3051 4882 3295 4956 diffusos
3326 4882 3583 4956 scapul'n
3611 4887 3865 4942 caesarie

446 4965 511 5016 A.
547 4961 819 5014 diffusam
863 4955 1121 5028 scapulis
1169 4953 1462 5030 cmrsariom
1493 4955 1591 5030 6.__
1627 4955 1690 5030 ⁸η
1719 4953 1865 5008 etut
1895 4972 1944 5010 s.
1978 4959 2030 5010 1.
2095 4957 2176 5030 _“_'
2204 4955 2902 5030 01Αρξ’ίιξρτιῐνοῐιζιῃχ2.ΑΛ.Δ
2951 4953 3210 5030 "idmst
3233 4956 3288 5010 3.
3366 4953 3868 5030 “‘oppungnant

452 5034 500 5086 1.
578 5033 644 5065 “5
673 5049 739 5086 cx
765 5023 1006 5084 adversa
1038 5031 1198 5100 parte
1228 5029 1292 5080 A.
1370 5026 1438 5060 ¹¹⁶
1470 5023 1768 5080 ordinatos
1801 5043 1866 5080 ac
1898 5043 1958 5081 se
1993 5023 2386 5082 multitudinis
2411 5023 2468 5080 ’1.
2549 5025 2615 5060 ι¹⁷
2646 5023 2762 5080 illis
2786 5027 2842 5080 2.
2873 5025 2926 5079 6.
3008 5025 3074 5060 ¹¹⁸
3104 5031 3159 5081 et
3186 5029 3240 5080 2.

2031 5177 2263 5234 ΝΟΤᾸΞ.

2207 5301 2400 5358 derico
2424 5318 2556 5375 rege
2575 5303 2759 5375 victos
2781 5301 3052 5375 usquead
3077 5300 3336 5375 Unstrud
3356 5299 3599 5360 ﬂuvium
3619 5300 3877 5375 fugatos

2205 5391 2352 5429 esse.
2387 5373 3295 5445 etiam_Gregor._flfuron.‘1h,fc.
3325 5375 3381 5442 7,
3412 5376 3634 5430 narrat.

2273 5447 2418 5516 (le-0)
2434 5441 2743 5516 Oppidum
2772 5441 3020 5516 aadiﬁcia
3043 5441 3372 5516 significat
3399 5447 3560 5500 extra
3605 5459 3880 5506 murum

2202 5513 2332 5590 sita,
2349 5513 2516 5570 nullo
2535 5513 2861 5590 munimine
2873 5518 3022 5590 tuta,
3039 5513 3288 5588 ideoque
3299 5515 3647 5590 plerumque
3658 5517 3880 5588 primo

2199 5586 2422 5662 impetu
2453 5591 2644 5658 capta.
2677 5583 2762 5640 Cf.
2795 5600 2880 5650 In,
2913 5585 3001 5641 45.

447 5306 602 5370 villa,
635 5305 778 5359 hora
809 5307 864 5357 et
895 5301 1136 5356 dimidia
1160 5301 1230 5355 ab
1252 5300 1595 5356 Hannovera
1615 5298 1765 5355 inter
1786 5301 2087 5356 meridiem

447 5384 501 5433 et
531 5377 888 5433 occidentem
917 5373 1192 5444 distans,
1243 5372 1301 5426 in
1364 5389 1512 5444 pago
1573 5371 1870 5444 Mar-stem,
1913 5372 2088 5428 mallo

447 5449 688 5518 antiquo
718 5443 996 5510 celebris;
1027 5461 1081 5498 v.
1109 5459 1290 5513 supra
1315 5441 1468 5497 Anni
1489 5441 1888 5516 Quedlinburg
1918 5461 1974 5516 p.
1999 5447 2088 5499 32.

449 5519 840 5666 Ρεῶἷῗᾚοάἰο
861 5583 1470 5665 Burg-Scheidungcn.
1497 5585 1830 5662 Thuringos
1853 5602 1887 5645 θ.
1907 5586 2092 5646 Theu-
