4148 6184
297 289 417 349 133
1426 289 1572 351 RES
1620 292 1892 352 GESTAE
1934 292 2361 354 SAXONICIE.
2410 297 2554 356 LIB.
2603 296 2647 356 Ι.
3621 309 3739 374 ιω

295 436 406 493 pro
459 423 621 475 terra
669 418 1038 491 adquirenda
1087 421 1473 477 certantibus.
1523 423 1830 479 Attollitur
1858 424 1974 480 cla-
2005 427 2059 494 Α
2089 435 2328 498 oporteat
2345 430 2465 484 sine
2497 429 2640 485 ludis
2671 448 2848 502 agere.
2888 433 3223 505 Quapropter
3269 440 3533 495 consulite
3587 442 3736 498 vobis

295 526 434 565 mor
468 509 536 544 "9
575 508 841 563 virorum
881 506 1133 562 invicem
1166 509 1626 579 exbortantinm,
1663 512 1856 585 fragor
1888 530 1978 567 ar-
2088 516 2244 585 ipsis,
2277 525 2329 571 et
2354 518 2486 588 fuga
2514 520 2745 575 salutem
2772 524 3016 592 qua‘rite.
3050 523 3198 578 Saxo
3232 526 3428 580 statim
3461 528 3734 587 amittens

297 614 542 654 morum
575 601 637 651 et
667 596 925 668 gemitus
958 596 1364 665 morientium,
1400 597 1617 670 talique
1648 600 1978 671 spectaculo
2089 604 2445 676 accipitrem,
2481 607 2654 662 sociis
2687 608 2884 663 retulit
2917 611 2981 645 ²³⁹
3012 628 3139 683 qua}
3184 592 3423 668 audivit.
3459 615 3545 671 Illi
3592 618 3735 672 satis

2088 693 2385 763 commoti,
2421 694 2480 748 in
2505 700 2781 768 promptu
2815 698 2879 732 “0
2911 716 3023 754 non
3060 700 3430 758 inveniebant
3461 705 3602 776 quid
3636 724 3734 761 su-

2088 797 2191 851 per
2219 780 2330 836 hoc
2360 799 2530 855 agere
2560 785 2920 841 debuissent.

2162 871 2400 925 11.Erat
2427 876 2623 927 autem
2654 877 2794 928 tune
2822 874 2881 929 in
2913 877 3122 933 castris
3153 879 3390 950 quidam
3422 882 3492 937 de
3520 886 3735 939 vetera-

2088 958 2181 1011 nis
2214 958 2500 1015 militibus
2520 961 2580 995 ¹⁸¹
2600 962 2726 1033 jam
2758 962 2970 1031 senior,
2987 966 3085 1019 sed
3116 965 3284 1021 viridi
3317 973 3615 1025 senectute
3638 972 3736 1026 ad-

2088 1047 2202 1101 huc
2232 1048 2457 1120 vigens,
2481 1050 2581 1121 qui
2608 1049 2812 1105 merito
2845 1052 3129 1107 bonarum
3152 1054 3435 1110 virtutum
3458 1062 3622 1129 pater
3639 1076 3734 1130 pa-

2086 1140 2245 1190 trum
2260 1137 2581 1205 dicebatur,
2598 1138 2833 1194 nomine
2847 1139 3136 1213 Hatbagat
3150 1142 3425 1212 (tOl).Hic
3444 1145 3731 1217 arripiens

2087 1224 2327 1295 signum
2358 1227 2511 1298 quod
2546 1228 2699 1299 apud
2740 1244 2839 1282 eos
2888 1228 3211 1284 habebatur
3258 1248 3512 1300 sacrum,
3547 1233 3731 1291 leonis

2088 1316 2265 1383 atque
2295 1315 2567 1370 draconis
2600 1320 2655 1370 et
2703 1317 2951 1388 desuper
2999 1316 3206 1388 aquila:
3255 1318 3501 1376 volantis
3548 1322 3731 1397 insig-

2087 1400 2279 1456 nitum
2319 1403 2509 1475 efﬁgie
2559 1405 2644 1471 ω,
2702 1421 2818 1475 quo
2874 1409 3190 1461 ostentaret
3236 1408 3595 1468 fortitudinis
3644 1416 3730 1467 at-

2087 1506 2204 1561 que
2233 1492 2554 1563 prudentia:
2584 1498 2640 1548 et
2680 1509 2881 1549 earum
2935 1512 3127 1550 rerum
3176 1498 3509 1569 efticatiam,
3561 1506 3618 1559 et
3663 1502 3733 1538 ⁸⁸³

294 689 426 745 tota
466 687 598 742 dies
649 685 757 741 illa
800 685 1076 741 trahitur.
1120 686 1386 759 Cumque
1425 689 1642 760 ubique
1681 692 1748 724 ¹²⁰
1786 690 1980 747 {ierint

294 778 515 845 cedes,
572 774 797 848 ubique
845 773 1112 830 ululatus
1153 780 1213 832 et
1260 782 1467 832 neuter
1504 780 1569 813 ⁸²¹
1612 795 1819 851 agmen
1851 777 1977 835 loco

299 865 613 930 cessisset,
627 864 759 936 jam
788 863 1014 919 tardior
1034 862 1183 919 hora
1201 863 1468 937 praelium
1493 864 1748 920 diremit.
1774 867 1853 921 Eo
1884 867 1977 923 die

294 972 369 1012 ex
403 952 739 1025 Thuringis
762 950 935 1007 multi
954 951 1269 1017 interfecti,
1295 951 1464 1007 multi
1489 953 1762 1020 sauciati;
1788 955 1858 1010 de
1880 957 1979 1011 Sa-

292 1042 564 1100 xonibus
593 1056 729 1097 vero
763 1040 1056 1095 numerati
1090 1039 1158 1074 ¹²²
1189 1046 1329 1095 sunt
1361 1057 1460 1095 sex
1490 1040 1652 1097 milia
1683 1058 1850 1096 cmsa.

374 1204 470 1258 ιο.
504 1182 767 1257 Mittitur
796 1199 978 1272 igitur
1010 1199 1168 1272 Iring
1196 1200 1271 1255 ab
1305 1200 1637 1256 Irmint‘rido
1670 1217 1803 1255 cum
1835 1216 1974 1272 sup-

292 1290 443 1365 plici
469 1288 768 1362 legatione
790 1291 847 1343 et
868 1287 1145 1343 omnibus
1169 1286 1293 1343 suis
1317 1287 1609 1343 thesauris
1626 1289 1698 1342 ad
1712 1287 1977 1343 Thiadri-

291 1396 440 1436 cum
474 1394 584 1451 pro
614 1375 759 1450 pace
791 1393 859 1433 ac
889 1380 1212 1448 spontanea
1242 1375 1556 1431 deditione.
1590 1376 1660 1431 Et
1692 1377 1975 1432 accedens

295 1469 469 1541 [ring
498 1467 624 1522 haec
658 1467 742 1522 ait
773 1482 787 1521 :
822 1465 970 1521 Misit
999 1466 1101 1522 tibi
1130 1464 1401 1537 quondam
1441 1473 1565 1520 tuus
1609 1466 1973 1536 propinquus,

293 1557 467 1613 modo
499 1571 718 1620 servus,
753 1561 818 1608 ut
839 1553 907 1588 ¹²³
936 1555 987 1608 si
1017 1570 1126 1609 non
1156 1554 1247 1609 sui
1272 1555 1608 1618 miserearis,
1632 1555 1846 1608 miserae
1874 1553 1981 1607 sal-

2088 1584 2254 1633 motu
2285 1581 2546 1652 corporis
2576 1581 2755 1636 animi
2806 1584 3194 1639 constantiam
3243 1586 3567 1657 declarans,
3600 1591 3682 1646 ait
3714 1607 3728 1646 :

296 1654 407 1701 tem
440 1652 555 1700 tuos
574 1643 644 1678 ηδ
655 1643 866 1698 sororis
894 1642 1499 1713 miserearis,nepotum
1529 1657 1738 1713 quoque
1757 1649 1963 1696 tuorum

2083 1667 2202 1722 Huc
2233 1642 2406 1740 usque
2448 1670 2590 1725 inter
2632 1672 2858 1742 optimos
2899 1670 3138 1727 Saxones
3186 1675 3326 1739 uixi,

297 1736 359 1790 in
391 1734 602 1789 ultima
631 1732 956 1787 necessitate
984 1732 1419 1786 constitutorum.
1452 1730 1603 1785 Dum
1635 1728 1757 1784 haec
1805 1727 1973 1785 lacri-

298 1839 478 1879 mans
500 1821 572 1857 ⁸³⁸
600 1817 1281 1891 dixisset,interpellatio
1313 1817 1668 1890 principium
1698 1833 1840 1872 auro
1857 1833 1977 1873 cor-

299 1916 622 1984 ruptorum
639 1907 880 1980 adjecit,
900 1906 1039 1980 quia
1049 1907 1262 1962 decens
1280 1906 1428 1961 foret
1438 1906 1757 1961 clementiae
1772 1904 1972 1978 regali,

298 2017 420 2073 quo
454 1998 635 2056 talem
669 1995 1167 2070 supplicationem
1192 2011 1307 2050 non
1340 1999 1976 2067 supernerot,commu-

304 2090 477 2145 nium
510 2101 751 2159 quoque
783 2088 1011 2140 naturae
1045 2100 1240 2139 rerum
1274 2099 1389 2137 non
1437 2082 1821 2150 obliviscitur,
1859 2082 1973 2138 uti-

301 2179 546 2250 liusque
575 2178 733 2232 esset
767 2175 858 2240 m,
891 2189 1023 2228 eum
1059 2172 1117 2228 in
1149 2173 1263 2228 {ide
1295 2171 1610 2244 suscipere,
1645 2188 1819 2243 quem
1845 2173 1973 2243 jam

303 2268 655 2339 superatum
688 2262 938 2318 haberet
969 2265 1208 2332 tamque
1239 2261 1305 2296 ⁸³⁷
1340 2260 1679 2326 contritum,
1714 2265 1779 2315 ut
1801 2277 1972 2315 num-

304 2370 487 2427 quam
518 2370 580 2408 se
601 2355 811 2408 contra
831 2366 969 2406 eum
994 2348 1593 2422 possitlevare,quam
1618 2348 1761 2403 illud
1789 2365 1972 2421 genus

303 2443 620 2501 hominum
654 2438 1021 2496 indomabile
1043 2442 1101 2494 et
1129 2439 1199 2494 ad
1231 2436 1739 2494 omnemlaborem
1765 2438 1902 2509 perd
1915 2455 1974 2492 u-

305 2530 510 2600 rabile,
537 2547 572 2586 a
592 2545 711 2602 quo
731 2527 914 2583 nichil
936 2530 1265 2600 expectaret
1279 2526 1634 2581 Francorum
1658 2525 1971 2595 imperium

306 2621 423 2678 nisi
453 2618 649 2677 solum
681 2615 1038 2691 periculum.
1084 2615 1145 2671 In
1177 2619 1411 2687 peracto
1442 2613 1509 2649 ¹²⁸
1539 2630 1770 2686 quoque
1819 2613 1971 2670 bello

305 2709 681 2767 considerare
704 2710 927 2780 posset,
944 2720 1123 2777 quam
1144 2703 1274 2759 duri
1301 2704 1370 2738 ¹²⁹
1391 2707 1446 2758 et
1462 2701 1889 2775 insuperabiles
1903 2704 1972 2739 ¹³⁰

304 2800 627 2856 existerent
656 2798 942 2863 Saxones,
965 2793 1210 2864 idecque
1241 2790 1452 2847 melius
1482 2795 1714 2859 esse,ut
1738 2807 1970 2863 suscep-

302 2889 380 2945 tis
401 2885 728 2960 Thuringis
746 2884 971 2958 pariter
990 2898 1089 2937 eos
1109 2879 1385 2952 ejicerent
1399 2879 1469 2935 de
1491 2878 1710 2934 ﬁnibus
1736 2879 1859 2933 suis
1878 2880 1965 2935 η’.

304 2977 411 3034 His
441 2975 638 3043 dictis,
658 2973 799 3029 licet
827 2970 1069 3037 invitus,
1085 2968 1338 3025 flectitur
1368 2972 1563 3025 tamen
1594 2966 1963 3038 Thiadricus,

306 3064 702 3140 promisitque
725 3065 962 3135 postera
983 3059 1076 3114 die
1097 3072 1377 3131 generum
1393 3074 1567 3112 suum
1591 3073 1652 3112 se
1672 3056 1739 3092 ¹⁸²
1768 3067 1964 3113 susce-

2003 1792 2053 1858 B
2083 1758 2200 1827 fere
2228 1757 2484 1858 ultimam
2510 1767 2830 1858 senectutem
2869 1768 3000 1816 ictas
3047 1777 3132 1816 me
3174 1762 3450 1833 perduxit,
3482 1774 3534 1821 et
3578 1784 3731 1822 nun-

2086 1862 2252 1917 quam
2279 1845 2520 1903 Saxones
2548 1864 2691 1903 meos
2724 1848 2789 1883 “‘
2816 1850 3004 1920 fugere
3032 1849 3185 1916 vidi;
3214 1859 3265 1905 et
3293 1854 3552 1923 quomodo
3580 1873 3734 1913 nune

2086 1935 2153 1970 M
2182 1951 2341 2007 cogor
2367 1952 2526 2006 agere
2558 1936 2697 2009 quod
2740 1954 3026 2009 nunquam
3073 1937 3288 1995 didici?
3336 1941 3551 1999 Certare
3593 1947 3729 2008 scio.

2081 2026 2273 2094 fugere
2302 2024 2511 2094 ignoro.
2539 2041 2638 2080 nec
2668 2024 2854 2092 valeo;
2885 2027 2936 2080 si
2956 2027 3071 2096 fata
3100 2032 3210 2082 non
3237 2029 3428 2084 sinunt
3464 2032 3611 2087 ultra
3639 2035 3730 2088 υἰ-

2082 2128 2224 2181 vere,
2260 2112 2418 2168 liceat
2442 2114 2654 2181 saltem,
2688 2113 2827 2184 quod
2856 2114 3027 2168 michi
3065 2114 3443 2172 dulcissimum
3477 2128 3572 2186 est,
3605 2138 3733 2178 cum

2081 2202 2275 2255 amicis
2306 2202 2635 2258 occumbere.
2669 2203 2921 2274 Exempli
2950 2203 3015 2237 ¹⁴⁶
3043 2204 3213 2259 michi
3241 2214 3483 2276 paterna:
3512 2210 3731 2268 virtutis

2084 2289 2149 2324 ³⁸⁷
2180 2296 2311 2344 sunt
2355 2291 2660 2346 amicorum
2705 2307 2930 2362 corpora
2971 2293 3117 2347 circa
3162 2309 3260 2349 nos
3302 2304 3597 2365 prostrata,
3631 2303 3730 2370 qui

2080 2378 2400 2432 maluerunt
2455 2379 2523 2413 ¹⁸⁸
2569 2382 2712 2435 mori
2758 2396 2921 2451 quam
2970 2382 3138 2446 vinci,
3190 2383 3450 2454 impigros
3510 2389 3728 2444 animas

2080 2468 2327 2522 amittere
2347 2483 2511 2539 quam
2535 2485 2718 2524 coram
2741 2470 2982 2523 inimicis
3013 2470 3123 2525 loco
3150 2471 3351 2527 cedere.
3366 2473 3469 2528 Sed
3500 2476 3566 2510 “9
3597 2478 3727 2548 quid

2076 2572 2291 2611 necesse
2322 2555 2488 2613 habeo
2539 2558 2968 2613 exhortationem
3005 2558 3322 2628 protrahere
3352 2564 3615 2635 tantisper
3661 2566 3727 2623 de

2076 2651 2381 2715 contemptu
2410 2648 2643 2701 mortis?
2670 2647 2799 2699 Ecce
2846 2645 2915 2699 ad
2961 2661 3178 2701 securos
3229 2648 3452 2715 ibimus,
3496 2652 3567 2707 ad
3621 2670 3723 2711 ωε-

2077 2733 2199 2787 dem
2223 2740 2455 2798 tantum,
2488 2750 2598 2790 non
2628 2733 2698 2787 ad
2721 2749 3000 2805 pugnam,-
3029 2750 3159 2788 nam
3184 2734 3249 2791 de
3283 2740 3553 2808 pro-missa
3590 2759 3725 2812 pace

2076 2838 2140 2877 ac
2181 2828 2365 2876 nostro
2410 2823 2567 2893 gravi
2615 2822 2840 2877 vulnere
2866 2821 3040 2876 nichil
3071 2824 3424 2893 suspicantur
3459 2827 3721 2897 adversi;

2076 2908 2336 2964 hodierno
2365 2925 2574 2981 quoque
2597 2910 2795 2981 praelio
2833 2910 3068 2980 fatigati,
3103 2910 3556 2981 quemadmodum
3592 2926 3724 2973 sunt

2075 3001 2196 3054 sine
2222 3007 2389 3064 metu,
2420 3001 2542 3055 sine
2573 3000 2778 3071 vigiliis
2808 3006 2860 3054 et
2881 2998 3041 3054 solita
3087 2999 3327 3055 custodia
3367 3013 3609 3061 manent.
3643 3008 3721 3061 Ir-

2076 3104 2300 3144 ruamus
2358 3088 2423 3123 ¹⁸⁰
2473 3090 2643 3159 igitur
2698 3105 2861 3160 super
2915 3089 3233 3159 improvisos
3289 3096 3341 3144 ct
3393 3107 3582 3149 somno
3635 3112 3719 3153 se-

304 3160 551 3255 ΡωῘυῬ
583 3153 962 3255 δυοξλθθίῖξξθ
992 3145 1963 3255 alii???
1993 3157 2036 3226 (ἶ
2066 3179 2290 3251 pultos;
2334 3145 2536 3250 parum
2577 3145 2778 3234 laboris
2836 3185 2915 3233 est
2936 3184 2955 3233 !
2990 3145 3317 3250 ‘Sequimini
3364 3145 3449 3235 me

304 3242 571 3316 vestigiis
601 3237 998 3314 prosternitur
1028 3234 1588 3309 regis,laudavitque
1608 3234 1962 3291 sententiam

310 3330 634 3387 clementis:
662 3325 1011 3401 imperialis,
1035 3329 1093 3381 et
1123 3323 1302 3380 misso
1334 3324 1405 3379 ad
1438 3322 1743 3379 dominum
1767 3328 1962 3396 Optato

313 3418 541 3485 nuntio,
572 3418 774 3473 laetum
807 3431 944 3471 eum
976 3429 1330 3484 omnemque
1370 3411 1575 3467 urbem
1607 3410 1959 3468 securiorem

305 3507 586 3575 reddidit,
618 3504 960 3576 mansitque
989 3502 1114 3575 ipse
1145 3502 1212 3537 ¹³⁸
1234 3502 1294 3557 in
1317 3500 1548 3568 castris,
1582 3517 1653 3556 ne
1685 3498 1824 3572 quid
1867 3501 1960 3556 ad-

306 3596 456 3653 versi
489 3613 605 3652 nox
635 3596 765 3667 ipsa
793 3592 1118 3649 moliretur.
1147 3590 1374 3646 Interea
1402 3589 1546 3644 urbe
1567 3606 1636 3645 ex
1665 3605 1805 3661 pace
1836 3606 1963 3661 pro-

306 3686 489 3741 missa
511 3682 808 3740 securiore
835 3680 1084 3747 reddita,
1101 3694 1374 3752 egressus
1405 3694 1532 3733 esse
1563 3677 1801 3749 quidam
1825 3694 1957 3733 cum

304 3771 841 3845 accipitre,victum
869 3766 1188 3840 qumritans
1219 3783 1398 3839 supra
1419 3765 1559 3820 litus
1581 3764 1737 3819 ﬂuvii
1761 3781 1965 3836 supra-

302 3859 713 3917 dicti.Emisso
736 3858 805 3896 ⁸⁸⁸
822 3873 958 3913 vero
986 3854 1238 3922 volucre,
1260 3855 1502 3927 quidam
1533 3870 1601 3910 ex
1630 3853 1958 3910 Saxonibus

300 3951 358 4006 in
373 3948 655 4006 ulteriore
668 3946 818 4020 ripia
834 3944 1190 4001 ilicoeum‘”
1204 3942 1612 4014 suscepit.Quo
1625 3943 1954 4014 rogantem,

299 4044 366 4095 ut
396 4036 753 4102 remittetur,
788 4034 938 4091 Saxo
970 4033 1108 4089 dare
1141 4031 1390 4104 negavit.
1435 4029 1535 4087 Ille
1577 4034 1773 4085 autem
1808 4046 1821 4084 :
1853 4031 1953 4097 Da,

292 4126 513 4199 inquit,
545 4132 598 4181 et
632 4131 897 4180 secretum
945 4121 1045 4177 tibi
1087 4121 1355 4192 sociisque
1408 4118 1473 4155 ³⁸⁷
1520 4120 1653 4174 utile
1696 4117 1942 4190 prodam.

292 4217 445 4274 Saxo
474 4216 713 4270 econtra
745 4229 758 4269 :
790 4213 907 4277 Dic,
936 4219 999 4266 ut
1022 4211 1264 4281 accipias
1304 4210 1444 4281 quod
1492 4210 1709 4280 quan-is.
1755 4209 1938 4279 Reges,

293 4303 513 4376 inquit,
547 4304 691 4358 inter
713 4318 770 4358 se
813 4315 945 4374 pace
989 4301 1134 4369 facta
1169 4298 1441 4355 decretum
1470 4304 1667 4363 tenent,
1717 4297 1767 4351 si
1814 4312 1970 4359 cras.

292 4392 664 4449 issueniumini
692 4392 751 4446 in
779 4391 992 4455 castris,
1025 4388 1346 4460 capiamini,
1378 4394 1474 4441 aut
1495 4394 1633 4442 certe
1659 4383 1955 4440 occidami-

288 4484 372 4537 ni.
400 4481 489 4537 Ad
519 4479 640 4535 haec
670 4477 768 4536 ille
800 4495 813 4534 :
845 4478 1070 4534 Serione
1097 4476 1187 4512 ⁸³⁷·
1217 4475 1331 4531 haec
1357 4492 1430 4531 an
1463 4474 1590 4530 ludo
1621 4474 1691 4509 ¹⁸⁹
1720 4476 1804 4528 ais
1829 4476 1852 4528 Ρ
1880 4506 1944 4514 -

286 4567 541 4626 Secunda
570 4568 723 4637 hora,
761 4567 861 4637 ait,
894 4567 1164 4638 sequentis
1213 4564 1325 4621 diei
1358 4563 1627 4635 probabit,
1675 4562 1807 4634 quia
1855 4578 1944 4619 vos

2071 3276 2122 3324 et
2153 3268 2251 3324 hoc
2282 3284 2481 3323 canum
2510 3275 2672 3340 caput
2698 3283 2882 3323 meum
2912 3266 3062 3323 vobis
3093 3266 3263 3336 trado,
3295 3270 3347 3323 si
3373 3286 3483 3326 non
3527 3290 3717 3331 evene-

2069 3360 2149 3413 rit
2174 3357 2314 3429 quod
2362 3357 2500 3413 dico.
2537 3356 2699 3413 Illius
2749 3357 2927 3429 igitur
2974 3357 3214 3430 optimis
3268 3359 3459 3415 verbis
3517 3365 3713 3434 erecti,

2071 3447 2226 3520 quod
2260 3452 2562 3519 supererat
2590 3447 2703 3502 diei
2754 3447 2813 3501 in
2863 3445 3189 3502 reficiendis
3220 3448 3343 3503 suis
3373 3453 3716 3522 corporibus

2070 3537 2474 3609 expendebant
2491 3555 2503 3604 ;
2519 3536 2729 3591 deinde
2744 3535 3140 3609 primavigilia
3158 3537 3344 3593 noctis
3366 3540 3498 3595 dato
3522 3542 3714 3615 signo,

2070 3642 2187 3698 qua
2212 3626 2358 3681 solet
2387 3643 2561 3699 seper
2590 3625 2819 3699 gravior
2840 3641 3124 3697 occupare
3155 3627 3715 3704 mortales,snmptis

2069 3714 2269 3781 armis,
2287 3716 2643 3784 princ-edente
2674 3712 3089 3780 duce,irruunt
3120 3733 3298 3788 super
3328 3720 3715 3785 muros,inve-

2068 3803 2409 3874 nientesque
2426 3802 2551 3858 sine
2572 3801 2783 3875 vigiliis
2800 3818 2864 3856 ac
2877 3803 3180 3870 custodiis,
3201 3804 3449 3875 ingressi
3473 3812 3713 3862 suntut»

2067 3892 2197 3946 bem
2229 3907 2363 3945 cum
2394 3890 2648 3946 clamore
2679 3889 2890 3945 valido.
2925 3892 3047 3955 Quo
3092 3891 3323 3947 excitati
3372 3893 3707 3963 adversarii,

2066 3980 2161 4036 alii
2195 3980 2332 4052 fuga
2378 3979 2626 4035 salutem
2661 3977 3036 4050 quaesierunt,
3084 3977 3183 4032 alii
3233 3995 3337 4050 per
3380 3979 3601 4052 plateas
3653 3987 3711 4038 et

2065 4086 2265 4124 muros
2298 4068 2460 4122 urbis
2491 4072 2557 4122 ut
2585 4066 2728 4123 ebrii
2776 4071 3136 4134 erraverunt,
3171 4066 3269 4121 alii
3322 4068 3380 4122 in
3428 4070 3705 4139 Saxones,

2064 4158 2214 4214 cives
2247 4174 2384 4212 suos
2402 4155 3064 4229 putantes,inciderunt.
3082 4155 3168 4210 Illi
3200 4172 3334 4212 vero
3360 4174 3563 4213 omnes
3586 4175 3710 4230 per-

2062 4248 2222 4302 fectae
2253 4245 2438 4307 aetatis
2469 4244 2642 4300 morti
2690 4244 3079 4312 tradiderunt,
3123 4245 3460 4317 impuberes
3500 4247 3705 4319 praeda:

2062 4339 2438 4392 servaverunt
2470 4334 2826 4405 ’“.Eratque
2857 4350 2969 4388 nox
2999 4332 3098 4388 illa
3129 4333 3304 4406 plena
3324 4334 3702 4404 clamoribus,

2061 4426 2215 4482 crede
2241 4429 2416 4495 atque
2447 4422 2672 4495 rapina,
2709 4420 3025 4494 nullusque
3053 4421 3218 4479 locus
3250 4423 3308 4478 in
3347 4424 3507 4479 omni
3561 4424 3703 4480 urbe

1985 4524 2031 4590 D
2060 4515 2312 4587 quietus,
2347 4514 2528 4568 donec
2559 4528 2767 4567 aurora
2801 4510 3050 4568 rutilans
3094 4511 3300 4584 surgit,
3335 4518 3391 4567 et
3429 4512 3698 4581 incruen-

2055 4612 2175 4662 tam
2205 4601 2463 4659 declarat
2493 4600 2813 4657 victoriam.
2849 4599 3110 4671 Cumque
3142 4614 3319 4671 penes
3361 4616 3576 4671 regem,
3612 4601 3698 4654 vi-

1643 4732 1884 4789 VARIAE
1924 4730 2341 4790 LECTIONES.

362 4866 434 4900 "9
461 4863 610 4921 deest
635 4862 689 4917 3.
801 4860 967 4917 mibi
996 4865 1051 4916 2.
1165 4835 1229 4896 ¹ί¹
1265 4862 1539 4915 neutrum
1568 4862 1622 4913 2.
1656 4858 1710 4913 3.
1742 4859 1798 4912 6.

1914 4859 1981 4894 ¹³²
2011 4859 2317 4913 numerata
2347 4855 2399 4908 3.
2436 4854 2461 4906 1
2487 4851 2513 4905 ‘l
2544 4853 2599 4905 6.

2714 4850 2780 4884 "3
2812 4854 2868 4905 et
2892 4851 2956 4903 A.
3074 4850 3139 4883 ¹²⁴
3163 4849 3380 4904 sororis
3410 4853 3523 4903 tua:
3552 4852 3606 4904 2.
3639 4850 3693 4903 6.

282 4936 355 4972 ¹²⁸
385 4920 652 4992 lacrimis
681 4934 731 4988 1.
810 4934 877 4970 ¹²⁶
898 4949 1033 4988 eum
1062 4936 1219 4987 esset
1250 4932 1298 4985 1.
1334 4946 1461 4986 esse
1490 4932 1555 4985 A.
1577 4933 1631 4984 2.
1665 4930 1718 4983 3.
1761 5000 1771 5001 7
1800 4930 1865 4965 ³³⁷
1896 4929 2296 5001 tamquam'A.
2342 4998 2350 5001 _
2375 4923 2442 5001 “_°
2472 4922 2756 5001 imperato
2792 4921 3170 5001 Limperacto
3189 4922 3255 5001 Αἶ
3336 4921 3406 5001 '”_
3433 4920 3696 5001 quandiu

282 5010 339 5064 1.
375 5023 557 5080 quam
589 5005 689 5080 diu
721 5005 777 5060 3.
891 5005 959 5040 ¹³⁰
989 5001 1352 5080 superabiles
1378 5003 1445 5057 A.

278 5074 476 5145 venit;
506 5078 826 5142 scriptorem
855 5091 1066 5131 errasse
1094 5074 1220 5130 inde

1292 5215 1358 5251 ³³⁸
1389 5232 1461 5270 an
1495 5214 1634 5268 Indo
1668 5213 1791 5269 haec
1820 5218 1875 5268 2.

1292 5289 1345 5340 2.
1451 5286 1519 5321 ι⁸³
1546 5285 1692 5340 deest
1718 5288 1770 5338 2.
1805 5287 1871 5339 A.

1583 5300 1692 5341 ϐεδε
1718 5300 1770 5338 Ζ.
1805 5300 1871 5339 Α.

276 5221 411 5277 add.
444 5220 566 5278 tuis
596 5221 660 5275 A.
741 5218 833 5254 “7'
864 5218 1014 5274 serio
1043 5219 1109 5271 A.
1140 5217 1195 5271 6.

274 5297 399 5349 vet.
431 5291 560 5348 mil.
612 5289 809 5346 desunt
840 5291 892 5343 4.
996 5287 1064 5323 ¹⁴¹
1093 5287 1261 5359 efﬁge
1291 5289 1345 5341 2.

1313 5080 1496 5144 paret,
1520 5071 1660 5144 quod
1689 5079 1867 5142 postea
1916 5067 1965 5127 οῖ
1999 5073 2084 5126 17.
2119 5071 2199 5125 bis
2241 5067 2574 5144 numeravit.

278 5089 476 5145 venit;
506 5089 826 5142 scriptorem
855 5091 1066 5131 errasse
1094 5089 1220 5130 mae
1246 5089 1488 5179 apparet,
1520 5089 1659 5152 quoa
1689 5089 1867 5142 postea
1916 5089 1962 5127 c.
1999 5089 2084 5126 ιι.
2119 5089 2199 5152 eis
2246 5089 2353 5122 nun

276 5152 339 5206 3.
419 5151 489 5187 ⁸³⁸
520 5148 741 5205 emissa
841 5148 905 5182 ¹³¹
938 5162 1065 5201 eam
1096 5146 1150 5199 3.
1256 5147 1271 5179 ¹
1303 5146 1322 5178 ⁸
1355 5160 1412 5198 1n
1445 5143 1717 5198 ulteriore
1747 5174 1815 5183 ——
1844 5144 1967 5208 Quo
2001 5158 2104 5213 rog
2134 5159 2191 5196 in
2221 5142 2286 5193 A.
2319 5155 2353 5192 si

276 5221 411 5267 add-
444 5220 566 5267 tuis
597 5221 660 5267 A-
741 5218 833 5254 ἥτ’
864 5218 1014 5267 serio
1043 5219 1109 5267 A.
1140 5217 1195 5267 6.
1292 5215 1358 5251 ³³⁸
1389 5232 1461 5267 an
1495 5214 1634 5267 Indo
1668 5213 1791 5267 haec
1820 5218 1875 5267 2.
1976 5214 2043 5249 ³³³
2075 5210 2297 5267 rettulit
2330 5211 2353 5263 1

2075 5229 2297 5267 Γθιιυιιῐ,
2330 5229 2353 5263 1
2368 5250 2379 5262 .

1979 5284 2046 5319 ³⁸⁸
2078 5300 2239 5337 meos
2288 5294 2532 5334 saxones
2560 5280 2614 5329 2.

1560 5001 1702 5072 "'71
1752 5000 1843 5055 hic
1889 4990 2059 5072 caput
2100 5003 2187 5072 11.
2238 4997 2455 5067 incipit,
2488 4990 2627 5072 quod
2675 4991 3013 5072 cumjndice
3053 4992 3338 5072 prﬂnisso
3387 4990 3533 5072 haud
3563 5008 3694 5072 con-

2691 5063 2756 5098 ³³³
2785 5062 2928 5135 deest
2951 5065 3004 5115 2.
3058 5060 3065 5061 ί
3120 5063 3186 5097 1⁸³
3216 5060 3274 5115 in
3304 5062 3513 5118 castris
3572 5063 3696 5135 ipse

2134 5143 2191 5196 in
2221 5142 2286 5193 A.
2319 5136 2555 5192 secunda
2581 5149 2752 5189 manu
2779 5134 2908 5204 aliis
2937 5134 3109 5188 erasis
3138 5135 3341 5204 scripta
3368 5142 3514 5189 sunt.
3602 5134 3694 5170 "'7

2485 5207 2551 5242 “0
2582 5222 2697 5260 non
2726 5204 2848 5277 inn.
2884 5202 2940 5256 in
2974 5202 3331 5277 promptu'2.
3363 5207 3427 5260 A.
3535 5206 3598 5277 ¹ἒ¹
3626 5207 3694 5261 de

2720 5276 2784 5308 ³⁸⁸
2814 5273 2961 5347 deest
2988 5278 3040 5329 2.
3073 5273 3160 5330 Af
3248 5277 3313 5311 “5
3344 5276 3609 5347 exempla
3636 5280 3690 5330 2-

271 5345 553 5436 eiém'pib
582 5345 724 5417 3.76.
786 5360 869 5436 _‘_"_’
896 5358 1142 5415 virtutes
1165 5345 1227 5412 2‘:
1252 5359 1306 5412 3.
1339 5359 1394 5413 6.
1420 5429 1449 5436 _
1475 5356 1539 5391 ¹⁴⁸
1570 5355 1827 5411 maluere
1856 5356 1909 5410 3.
1988 5354 2056 5391 “9
2086 5360 2176 5409 set
2210 5356 2260 5407 1.
2338 5351 2404 5386 ιδο
2436 5350 2655 5403 irruere
2684 5347 2737 5400 3.
2819 5345 2879 5381 ¹⁵¹
2916 5347 3196 5417 (ιυωδὶθιεε
3237 5379 3301 5387 ——
3333 5345 3594 5403 erravere
3624 5378 3693 5389 —

268 5429 546 5492 incidere
579 5463 644 5474 —
676 5430 965 5488 tradidere
996 5461 1063 5471 —
1092 5444 1388 5485 servavere
1418 5429 1471 5483 3.

1873 5523 2106 5581 NOTAE.

357 5631 506 5711 (101)
536 5629 689 5689 Eum
719 5630 864 5690 tunc
889 5627 1186 5689 Saxonum
1216 5626 1425 5686 ducem
1451 5624 1656 5698 fuisse,
1690 5621 2020 5683 Ruodolfus
2048 5619 2190 5685 dicit
2219 5616 2259 5676 1.
2295 5617 2335 5679 Ι.
