  <div class='ocr_page' id='page_1' title='image "/cluster/home/n/w/nwhite01/storage/ocr_20150623/137/hvd.32044054759972/084.png"; bbox 0 0 4166 6172; ppageno 0'>
   <div class='ocr_carea' id='block_1_1' title="bbox 406 292 523 355">
    <p class='ocr_par' dir='ltr' id='par_1_1' title="bbox 406 292 523 355">
     <span class='ocr_line' id='line_1_1' title="bbox 406 292 523 355; baseline 0.009 -1"><span class='ocrx_word' id='word_1_1' title='bbox 406 292 523 355; x_wconf 71' lang='grc'>149</span> 
     </span>
    </p>
   </div>
   <div class='ocr_carea' id='block_1_2' title="bbox 1432 298 2787 374">
    <p class='ocr_par' dir='ltr' id='par_1_2' title="bbox 1432 298 2787 374">
     <span class='ocr_line' id='line_1_2' title="bbox 1432 298 2787 374; baseline 0.011 -15"><span class='ocrx_word' id='word_1_2' title='bbox 1432 298 1580 360; x_wconf 90' lang='lat' dir='ltr'>RES</span> <span class='ocrx_word' id='word_1_3' title='bbox 1626 299 1901 365; x_wconf 61' lang='lat' dir='ltr'>GESTAE</span> <span class='ocrx_word' id='word_1_4' title='bbox 1944 302 2377 370; x_wconf 73' lang='lat' dir='ltr'>SAXONlC/E.</span> <span class='ocrx_word' id='word_1_5' title='bbox 2423 341 2502 355; x_wconf 94' lang='lat'>—-</span> <span class='ocrx_word' id='word_1_6' title='bbox 2540 310 2691 374; x_wconf 88' lang='lat' dir='ltr'>LIB.</span> <span class='ocrx_word' id='word_1_7' title='bbox 2738 312 2787 374; x_wconf 87' lang='grc' dir='ltr'><strong>Ι.</strong></span> 
     </span>
    </p>
   </div>
   <div class='ocr_carea' id='block_1_3' title="bbox 3695 323 3819 386">
    <p class='ocr_par' dir='ltr' id='par_1_3' title="bbox 3695 323 3819 386">
     <span class='ocr_line' id='line_1_3' title="bbox 3695 323 3819 386; baseline 0.016 -2"><span class='ocrx_word' id='word_1_8' title='bbox 3695 323 3819 386; x_wconf 78' lang='lat'>150</span> 
     </span>
    </p>
   </div>
   <div class='ocr_carea' id='block_1_4' title="bbox 403 436 2032 530">
    <p class='ocr_par' dir='ltr' id='par_1_4' title="bbox 403 440 2032 520">
     <span class='ocr_line' id='line_1_4' title="bbox 403 440 2032 520; baseline 0.005 -18"><span class='ocrx_word' id='word_1_9' title='bbox 403 461 517 518; x_wconf 89' lang='lat' dir='ltr'>que</span> <span class='ocrx_word' id='word_1_10' title='bbox 546 440 823 512; x_wconf 80' lang='lat' dir='ltr'>obtinuit,</span> <span class='ocrx_word' id='word_1_11' title='bbox 853 444 919 500; x_wconf 89' lang='lat' dir='ltr'>ut</span> <span class='ocrx_word' id='word_1_12' title='bbox 953 441 1175 503; x_wconf 86' lang='lat' dir='ltr'>reddito</span> <span class='ocrx_word' id='word_1_13' title='bbox 1209 446 1434 520; x_wconf 89' lang='lat' dir='ltr'>captivo</span> <span class='ocrx_word' id='word_1_14' title='bbox 1465 464 1599 506; x_wconf 90' lang='lat' dir='ltr'>cum</span> <span class='ocrx_word' id='word_1_15' title='bbox 1631 448 1761 508; x_wconf 88' lang='lat' dir='ltr'>aliis</span> <span class='ocrx_word' id='word_1_16' title='bbox 1792 451 2032 511; x_wconf 42' lang='lat' dir='ltr'>muneri.</span> 
     </span>
    </p>
   </div>
   <div class='ocr_carea' id='block_1_5' title="bbox 2141 436 3823 530">
    <p class='ocr_par' dir='ltr' id='par_1_5' title="bbox 2166 436 3823 530">
     <span class='ocr_line' id='line_1_5' title="bbox 2166 436 3823 530; baseline 0.013 -35"><span class='ocrx_word' id='word_1_17' title='bbox 2166 436 2302 496; x_wconf 90' lang='lat' dir='ltr'>Post</span> <span class='ocrx_word' id='word_1_18' title='bbox 2332 440 2453 497; x_wconf 72' lang='lat' dir='ltr'>haec</span> <span class='ocrx_word' id='word_1_19' title='bbox 2472 459 2506 498; x_wconf 89' lang='lat' dir='ltr'>a</span> <span class='ocrx_word' id='word_1_20' title='bbox 2528 442 2883 503; x_wconf 84' lang='lat' dir='ltr'>Diocletiano</span> <span class='ocrx_word' id='word_1_21' title='bbox 2914 461 3125 506; x_wconf 63' lang='lat' dir='ltr'>cessare</span> <span class='ocrx_word' id='word_1_22' title='bbox 3153 452 3394 511; x_wconf 87' lang='lat' dir='ltr'>vocatus</span> <span class='ocrx_word' id='word_1_23' title='bbox 3418 451 3663 515; x_wconf 85' lang='lat' dir='ltr'>Romam</span> <span class='ocrx_word' id='word_1_24' title='bbox 3683 471 3823 530; x_wconf 74' lang='lat' dir='ltr'>pro-.</span> 
     </span>
    </p>
   </div>
   <div class='ocr_carea' id='block_1_6' title="bbox 404 535 1729 609">
    <p class='ocr_par' dir='ltr' id='par_1_6' title="bbox 404 535 1729 609">
     <span class='ocr_line' id='line_1_6' title="bbox 404 535 1729 609; baseline 0.005 -18"><span class='ocrx_word' id='word_1_25' title='bbox 404 536 538 604; x_wconf 88' lang='lat' dir='ltr'>bus,</span> <span class='ocrx_word' id='word_1_26' title='bbox 573 535 643 589; x_wconf 89' lang='lat' dir='ltr'>ad</span> <span class='ocrx_word' id='word_1_27' title='bbox 679 549 886 590; x_wconf 89' lang='lat' dir='ltr'>novem</span> <span class='ocrx_word' id='word_1_28' title='bbox 918 550 1103 592; x_wconf 90' lang='lat' dir='ltr'>annos</span> <span class='ocrx_word' id='word_1_29' title='bbox 1133 552 1247 609; x_wconf 83' lang='lat' dir='ltr'>pax</span> <span class='ocrx_word' id='word_1_30' title='bbox 1279 536 1611 596; x_wconf 89' lang='lat' dir='ltr'>ﬁrmaretur</span> <span class='ocrx_word' id='word_1_31' title='bbox 1638 540 1729 597; x_wconf 72' lang='grc'>³⁸⁸.</span> 
     </span>
    </p>
   </div>
   <div class='ocr_carea' id='block_1_7' title="bbox 469 624 2050 689">
    <p class='ocr_par' dir='ltr' id='par_1_7' title="bbox 469 624 2050 689">
     <span class='ocr_line' id='line_1_7' title="bbox 469 624 2050 689; baseline 0.006 -9"><span class='ocrx_word' id='word_1_32' title='bbox 469 626 559 680; x_wconf 86' lang='grc'>33.</span> <span class='ocrx_word' id='word_1_33' title='bbox 597 624 842 689; x_wconf 78' lang='lat' dir='ltr'>Quando</span> <span class='ocrx_word' id='word_1_34' title='bbox 872 625 941 660; x_wconf 78' lang='grc'>³⁶⁰</span> <span class='ocrx_word' id='word_1_35' title='bbox 969 642 1102 680; x_wconf 90' lang='lat' dir='ltr'>vero</span> <span class='ocrx_word' id='word_1_36' title='bbox 1134 643 1233 681; x_wconf 84' lang='lat' dir='ltr'><strong>rex</strong></span> <span class='ocrx_word' id='word_1_37' title='bbox 1264 628 1491 684; x_wconf 86' lang='lat' dir='ltr'>Renum</span> <span class='ocrx_word' id='word_1_38' title='bbox 1522 631 1833 687; x_wconf 84' lang='lat' dir='ltr'>transierat</span> <span class='ocrx_word' id='word_1_39' title='bbox 1863 635 1935 689; x_wconf 89' lang='lat' dir='ltr'>ad</span> <span class='ocrx_word' id='word_1_40' title='bbox 1968 634 2050 689; x_wconf 91' lang='lat' dir='ltr'>di-</span> 
     </span>
    </p>
   </div>
   <div class='ocr_carea' id='block_1_8' title="bbox 398 714 2051 789">
    <p class='ocr_par' dir='ltr' id='par_1_8' title="bbox 398 714 2051 789">
     <span class='ocr_line' id='line_1_8' title="bbox 398 714 2051 789; baseline 0.005 -19"><span class='ocrx_word' id='word_1_41' title='bbox 398 714 704 770; x_wconf 84' lang='lat' dir='ltr'>latandum</span> <span class='ocrx_word' id='word_1_42' title='bbox 735 730 913 785; x_wconf 90' lang='lat' dir='ltr'><strong>super</strong></span> <span class='ocrx_word' id='word_1_43' title='bbox 934 714 1236 771; x_wconf 88' lang='lat' dir='ltr'>Lotharios</span> <span class='ocrx_word' id='word_1_44' title='bbox 1259 715 1569 789; x_wconf 87' lang='lat' dir='ltr'>imperium</span> <span class='ocrx_word' id='word_1_45' title='bbox 1594 723 2051 788; x_wconf 87' lang='lat' dir='ltr'>suum,oecurrit</span> 
     </span>
    </p>
   </div>
   <div class='ocr_carea' id='block_1_9' title="bbox 396 801 2043 875">
    <p class='ocr_par' dir='ltr' id='par_1_9' title="bbox 396 801 2043 875">
     <span class='ocr_line' id='line_1_9' title="bbox 396 801 2043 875; baseline 0.005 -18"><span class='ocrx_word' id='word_1_46' title='bbox 396 803 447 858; x_wconf 90' lang='lat' dir='ltr'>ei</span> <span class='ocrx_word' id='word_1_47' title='bbox 478 802 707 875; x_wconf 84' lang='lat' dir='ltr'>legatus</span> <span class='ocrx_word' id='word_1_48' title='bbox 737 801 1007 868; x_wconf 86' lang='lat' dir='ltr'>Caroli,et</span> <span class='ocrx_word' id='word_1_49' title='bbox 1028 802 1278 859; x_wconf 85' lang='lat' dir='ltr'>salutato</span> <span class='ocrx_word' id='word_1_50' title='bbox 1302 822 1366 860; x_wconf 88' lang='lat' dir='ltr'>eo</span> <span class='ocrx_word' id='word_1_51' title='bbox 1381 806 1651 862; x_wconf 70' lang='lat' dir='ltr'>36‘verbis</span> <span class='ocrx_word' id='word_1_52' title='bbox 1675 808 2043 866; x_wconf 83' lang='lat' dir='ltr'>humillimis:</span> 
     </span>
    </p>
   </div>
   <div class='ocr_carea' id='block_1_10' title="bbox 395 890 2044 970">
    <p class='ocr_par' dir='ltr' id='par_1_10' title="bbox 395 890 2044 970">
     <span class='ocr_line' id='line_1_10' title="bbox 395 890 2044 970; baseline 0.003 -22"><span class='ocrx_word' id='word_1_53' title='bbox 395 894 658 948; x_wconf 76' lang='lat' dir='ltr'>Dominus</span> <span class='ocrx_word' id='word_1_54' title='bbox 705 908 879 957; x_wconf 88' lang='lat' dir='ltr'>meus,</span> <span class='ocrx_word' id='word_1_55' title='bbox 914 890 1126 961; x_wconf 82' lang='lat' dir='ltr'>inquit,</span> <span class='ocrx_word' id='word_1_56' title='bbox 1156 894 1408 963; x_wconf 76' lang='lat' dir='ltr'>Karolus,</span> <span class='ocrx_word' id='word_1_57' title='bbox 1445 898 1593 965; x_wconf 80' lang='lat' dir='ltr'>regia</span> <span class='ocrx_word' id='word_1_58' title='bbox 1644 898 1916 968; x_wconf 75' lang='lat' dir='ltr'>quendam</span> <span class='ocrx_word' id='word_1_59' title='bbox 1949 916 2044 970; x_wconf 84' lang='lat' dir='ltr'>po-</span> 
     </span>
    </p>
   </div>
   <div class='ocr_carea' id='block_1_11' title="bbox 394 980 2045 1053">
    <p class='ocr_par' dir='ltr' id='par_1_11' title="bbox 394 980 2045 1053">
     <span class='ocr_line' id='line_1_11' title="bbox 394 980 2045 1053; baseline 0.004 -16"><span class='ocrx_word' id='word_1_60' title='bbox 394 989 581 1037; x_wconf 87' lang='lat' dir='ltr'>testate</span> <span class='ocrx_word' id='word_1_61' title='bbox 622 980 913 1052; x_wconf 70' lang='lat' dir='ltr'>pra’dilus,</span> <span class='ocrx_word' id='word_1_62' title='bbox 946 980 1103 1036; x_wconf 89' lang='lat' dir='ltr'>modo</span> <span class='ocrx_word' id='word_1_63' title='bbox 1138 983 1411 1053; x_wconf 87' lang='lat' dir='ltr'>privatus,</span> <span class='ocrx_word' id='word_1_64' title='bbox 1442 987 1596 1040; x_wconf 85' lang='lat' dir='ltr'>misit</span> <span class='ocrx_word' id='word_1_65' title='bbox 1640 1003 1726 1041; x_wconf 90' lang='lat' dir='ltr'>me</span> <span class='ocrx_word' id='word_1_66' title='bbox 1763 987 1833 1040; x_wconf 87' lang='lat' dir='ltr'>ad</span> <span class='ocrx_word' id='word_1_67' title='bbox 1869 995 1919 1042; x_wconf 88' lang='lat' dir='ltr'>te</span> <span class='ocrx_word' id='word_1_68' title='bbox 1948 988 2045 1044; x_wconf 88' lang='lat' dir='ltr'>de-</span> 
     </span>
    </p>
   </div>
   <div class='ocr_carea' id='block_1_12' title="bbox 394 1070 2043 1149">
    <p class='ocr_par' dir='ltr' id='par_1_12' title="bbox 394 1070 2043 1149">
     <span class='ocr_line' id='line_1_12' title="bbox 394 1070 2043 1149; baseline 0.004 -23"><span class='ocrx_word' id='word_1_69' title='bbox 394 1070 684 1134; x_wconf 83' lang='lat' dir='ltr'>mandans,</span> <span class='ocrx_word' id='word_1_70' title='bbox 716 1072 848 1141; x_wconf 87' lang='lat' dir='ltr'>quia</span> <span class='ocrx_word' id='word_1_71' title='bbox 886 1070 1063 1125; x_wconf 85' lang='lat' dir='ltr'>nichil</span> <span class='ocrx_word' id='word_1_72' title='bbox 1091 1072 1143 1125; x_wconf 89' lang='lat' dir='ltr'>ei</span> <span class='ocrx_word' id='word_1_73' title='bbox 1171 1072 1238 1127; x_wconf 88' lang='lat' dir='ltr'>ab</span> <span class='ocrx_word' id='word_1_74' title='bbox 1291 1074 1531 1129; x_wconf 81' lang='lat' dir='ltr'>inimicis</span> <span class='ocrx_word' id='word_1_75' title='bbox 1576 1077 1936 1133; x_wconf 80' lang='lat' dir='ltr'>circumvento</span> <span class='ocrx_word' id='word_1_76' title='bbox 1955 1080 2043 1149; x_wconf 86' lang='lat' dir='ltr'>jo-</span> 
     </span>
    </p>
   </div>
   <div class='ocr_carea' id='block_1_13' title="bbox 384 1158 2044 1236">
    <p class='ocr_par' dir='ltr' id='par_1_13' title="bbox 384 1158 2044 1236">
     <span class='ocr_line' id='line_1_13' title="bbox 384 1158 2044 1236; baseline 0.004 -21"><span class='ocrx_word' id='word_1_77' title='bbox 384 1159 648 1223; x_wconf 84' lang='lat' dir='ltr'>cundius,</span> <span class='ocrx_word' id='word_1_78' title='bbox 708 1158 885 1213; x_wconf 78' lang='lat' dir='ltr'>nichil</span> <span class='ocrx_word' id='word_1_79' title='bbox 939 1160 1157 1215; x_wconf 75' lang='lat' dir='ltr'>dulcius</span> <span class='ocrx_word' id='word_1_80' title='bbox 1210 1176 1324 1216; x_wconf 84' lang='lat' dir='ltr'>esse</span> <span class='ocrx_word' id='word_1_81' title='bbox 1376 1166 1563 1233; x_wconf 84' lang='lat' dir='ltr'>possit,</span> <span class='ocrx_word' id='word_1_82' title='bbox 1622 1181 1786 1236; x_wconf 87' lang='lat' dir='ltr'>quam</span> <span class='ocrx_word' id='word_1_83' title='bbox 1842 1165 1908 1221; x_wconf 88' lang='lat' dir='ltr'>de</span> <span class='ocrx_word' id='word_1_84' title='bbox 1962 1170 2044 1222; x_wconf 83' lang='lat' dir='ltr'>tui</span> 
     </span>
    </p>
   </div>
   <div class='ocr_carea' id='block_1_14' title="bbox 389 1249 2041 1323">
    <p class='ocr_par' dir='ltr' id='par_1_14' title="bbox 389 1249 2041 1323">
     <span class='ocr_line' id='line_1_14' title="bbox 389 1249 2041 1323; baseline 0.004 -20"><span class='ocrx_word' id='word_1_85' title='bbox 389 1249 671 1319; x_wconf 69' lang='lat' dir='ltr'>magniﬁci</span> <span class='ocrx_word' id='word_1_86' title='bbox 695 1249 965 1319; x_wconf 81' lang='lat' dir='ltr'>profectus</span> <span class='ocrx_word' id='word_1_87' title='bbox 995 1249 1173 1318; x_wconf 80' lang='lat' dir='ltr'>gloria</span> <span class='ocrx_word' id='word_1_88' title='bbox 1204 1250 1417 1321; x_wconf 85' lang='lat' dir='ltr'>aliquid</span> <span class='ocrx_word' id='word_1_89' title='bbox 1444 1252 1658 1317; x_wconf 85' lang='lat' dir='ltr'>audire,</span> <span class='ocrx_word' id='word_1_90' title='bbox 1687 1254 2041 1323; x_wconf 79' lang='lat' dir='ltr'>fama.virtu-</span> 
     </span>
    </p>
   </div>
   <div class='ocr_carea' id='block_1_15' title="bbox 388 1337 2045 1413">
    <p class='ocr_par' dir='ltr' id='par_1_15' title="bbox 388 1337 2045 1413">
     <span class='ocr_line' id='line_1_15' title="bbox 388 1337 2045 1413; baseline 0.003 -19"><span class='ocrx_word' id='word_1_91' title='bbox 388 1347 505 1394; x_wconf 82' lang='lat' dir='ltr'>tum</span> <span class='ocrx_word' id='word_1_92' title='bbox 534 1344 756 1392; x_wconf 82' lang='lat' dir='ltr'>tuarum</span> <span class='ocrx_word' id='word_1_93' title='bbox 811 1337 1100 1392; x_wconf 85' lang='lat' dir='ltr'>consolari.</span> <span class='ocrx_word' id='word_1_94' title='bbox 1137 1338 1201 1393; x_wconf 87' lang='lat' dir='ltr'>Et</span> <span class='ocrx_word' id='word_1_95' title='bbox 1256 1338 1354 1394; x_wconf 86' lang='lat' dir='ltr'>hoc</span> <span class='ocrx_word' id='word_1_96' title='bbox 1410 1341 1510 1395; x_wconf 85' lang='lat' dir='ltr'>tibi</span> <span class='ocrx_word' id='word_1_97' title='bbox 1567 1343 1787 1412; x_wconf 84' lang='lat' dir='ltr'>signum</span> <span class='ocrx_word' id='word_1_98' title='bbox 1835 1343 1963 1413; x_wconf 77' lang='lat' dir='ltr'>ﬁdei</span> <span class='ocrx_word' id='word_1_99' title='bbox 1992 1342 2045 1399; x_wconf 69' lang='lat' dir='ltr'>et</span> 
     </span>
    </p>
   </div>
   <div class='ocr_carea' id='block_1_16' title="bbox 389 1427 2042 1504">
    <p class='ocr_par' dir='ltr' id='par_1_16' title="bbox 389 1427 2042 1504">
     <span class='ocr_line' id='line_1_16' title="bbox 389 1427 2042 1504; baseline 0.002 -21"><span class='ocrx_word' id='word_1_100' title='bbox 389 1429 633 1483; x_wconf 79' lang='lat' dir='ltr'>veritatis</span> <span class='ocrx_word' id='word_1_101' title='bbox 659 1427 1368 1499; x_wconf 81' lang='lat' dir='ltr'>tmnsmisit;protulitque</span> <span class='ocrx_word' id='word_1_102' title='bbox 1391 1429 1462 1484; x_wconf 89' lang='lat' dir='ltr'>de</span> <span class='ocrx_word' id='word_1_103' title='bbox 1485 1429 1619 1485; x_wconf 84' lang='lat' dir='ltr'>sinu</span> <span class='ocrx_word' id='word_1_104' title='bbox 1652 1446 1894 1487; x_wconf 90' lang='lat' dir='ltr'>manum</span> <span class='ocrx_word' id='word_1_105' title='bbox 1919 1448 2042 1504; x_wconf 87' lang='lat' dir='ltr'>pre-</span> 
     </span>
    </p>
   </div>
   <div class='ocr_carea' id='block_1_17' title="bbox 398 1513 2042 1591">
    <p class='ocr_par' dir='ltr' id='par_1_17' title="bbox 398 1513 2042 1591">
     <span class='ocr_line' id='line_1_17' title="bbox 398 1513 2042 1591; baseline 0.002 -19"><span class='ocrx_word' id='word_1_106' title='bbox 398 1516 534 1572; x_wconf 86' lang='lat' dir='ltr'>tiosi</span> <span class='ocrx_word' id='word_1_107' title='bbox 564 1513 823 1570; x_wconf 88' lang='lat' dir='ltr'>martiris</span> <span class='ocrx_word' id='word_1_108' title='bbox 852 1514 1124 1587; x_wconf 79' lang='lat' dir='ltr'>Dyonysii</span> <span class='ocrx_word' id='word_1_109' title='bbox 1144 1516 1234 1581; x_wconf 64' lang='lat'>3“,</span> <span class='ocrx_word' id='word_1_110' title='bbox 1268 1533 1409 1573; x_wconf 89' lang='lat' dir='ltr'>auro</span> <span class='ocrx_word' id='word_1_111' title='bbox 1456 1518 1824 1591; x_wconf 88' lang='lat' dir='ltr'>gemmisque</span> <span class='ocrx_word' id='word_1_112' title='bbox 1861 1519 2042 1575; x_wconf 91' lang='lat' dir='ltr'>inclu-</span> 
     </span>
    </p>
   </div>
   <div class='ocr_carea' id='block_1_18' title="bbox 396 1603 2042 1680">
    <p class='ocr_par' dir='ltr' id='par_1_18' title="bbox 396 1603 2042 1680">
     <span class='ocr_line' id='line_1_18' title="bbox 396 1603 2042 1680; baseline 0.001 -17"><span class='ocrx_word' id='word_1_113' title='bbox 396 1623 544 1663; x_wconf 78' lang='lat' dir='ltr'>sam.</span> <span class='ocrx_word' id='word_1_114' title='bbox 580 1606 704 1671; x_wconf 81' lang='lat' dir='ltr'>Hoc,</span> <span class='ocrx_word' id='word_1_115' title='bbox 736 1603 947 1676; x_wconf 86' lang='lat' dir='ltr'>inquit,</span> <span class='ocrx_word' id='word_1_116' title='bbox 978 1604 1165 1661; x_wconf 78' lang='lat' dir='ltr'>habeto</span> <span class='ocrx_word' id='word_1_117' title='bbox 1199 1608 1399 1677; x_wconf 82' lang='lat' dir='ltr'>pignus</span> <span class='ocrx_word' id='word_1_118' title='bbox 1455 1606 1672 1677; x_wconf 67' lang='lat' dir='ltr'>[aderis</span> <span class='ocrx_word' id='word_1_119' title='bbox 1716 1611 1962 1680; x_wconf 77' lang='lat' dir='ltr'>perpetui</span> <span class='ocrx_word' id='word_1_120' title='bbox 1989 1616 2042 1665; x_wconf 86' lang='lat' dir='ltr'>et</span> 
     </span>
    </p>
   </div>
   <div class='ocr_carea' id='block_1_19' title="bbox 382 1694 2039 1765">
    <p class='ocr_par' dir='ltr' id='par_1_19' title="bbox 382 1694 2039 1765">
     <span class='ocr_line' id='line_1_19' title="bbox 382 1694 2039 1765; baseline 0.001 -14"><span class='ocrx_word' id='word_1_121' title='bbox 382 1696 589 1752; x_wconf 77' lang='lat' dir='ltr'>amoris</span> <span class='ocrx_word' id='word_1_122' title='bbox 622 1696 840 1749; x_wconf 75' lang='lat' dir='ltr'>oiazrii.</span> <span class='ocrx_word' id='word_1_123' title='bbox 872 1694 1024 1749; x_wconf 82' lang='lat' dir='ltr'>Hanc</span> <span class='ocrx_word' id='word_1_124' title='bbox 1047 1701 1261 1765; x_wconf 85' lang='lat' dir='ltr'>partem</span> <span class='ocrx_word' id='word_1_125' title='bbox 1294 1697 1449 1752; x_wconf 82' lang='lat' dir='ltr'>unici</span> <span class='ocrx_word' id='word_1_126' title='bbox 1473 1697 1659 1753; x_wconf 76' lang='lat' dir='ltr'>solatii</span> <span class='ocrx_word' id='word_1_127' title='bbox 1707 1699 2039 1754; x_wconf 82' lang='lat' dir='ltr'>Francorum</span> 
     </span>
    </p>
   </div>
   <div class='ocr_carea' id='block_1_20' title="bbox 390 1783 2032 1858">
    <p class='ocr_par' dir='ltr' id='par_1_20' title="bbox 390 1783 2032 1858">
     <span class='ocr_line' id='line_1_20' title="bbox 390 1783 2032 1858; baseline 0.002 -17"><span class='ocrx_word' id='word_1_128' title='bbox 390 1786 625 1841; x_wconf 77' lang='lat' dir='ltr'>Galliam</span> <span class='ocrx_word' id='word_1_129' title='bbox 654 1783 1103 1849; x_wconf 80' lang='lat' dir='ltr'>inhabitantium,</span> <span class='ocrx_word' id='word_1_130' title='bbox 1116 1791 1400 1857; x_wconf 77' lang='lat' dir='ltr'>postquam</span> <span class='ocrx_word' id='word_1_131' title='bbox 1418 1801 1515 1841; x_wconf 86' lang='lat' dir='ltr'>nos</span> <span class='ocrx_word' id='word_1_132' title='bbox 1544 1784 1781 1842; x_wconf 85' lang='lat' dir='ltr'>deseruit</span> <span class='ocrx_word' id='word_1_133' title='bbox 1798 1788 2032 1858; x_wconf 78' lang='lat' dir='ltr'>insignis</span> 
     </span>
    </p>
   </div>
   <div class='ocr_carea' id='block_1_21' title="bbox 382 1872 2030 1949">
    <p class='ocr_par' dir='ltr' id='par_1_21' title="bbox 382 1872 2030 1949">
     <span class='ocr_line' id='line_1_21' title="bbox 382 1872 2030 1949; baseline 0.002 -20"><span class='ocrx_word' id='word_1_134' title='bbox 382 1876 582 1929; x_wconf 82' lang='lat' dir='ltr'>martir</span> <span class='ocrx_word' id='word_1_135' title='bbox 641 1874 789 1928; x_wconf 76' lang='lat' dir='ltr'>Vitas</span> <span class='ocrx_word' id='word_1_136' title='bbox 840 1872 912 1928; x_wconf 89' lang='lat' dir='ltr'>ad</span> <span class='ocrx_word' id='word_1_137' title='bbox 985 1881 1227 1928; x_wconf 84' lang='lat' dir='ltr'>nostram</span> <span class='ocrx_word' id='word_1_138' title='bbox 1304 1876 1623 1945; x_wconf 81' lang='lat' dir='ltr'>perniciem,</span> <span class='ocrx_word' id='word_1_139' title='bbox 1692 1884 2030 1949; x_wconf 79' lang='lat' dir='ltr'>vestramque</span> 
     </span>
    </p>
   </div>
   <div class='ocr_carea' id='block_1_22' title="bbox 376 1962 2031 2036">
    <p class='ocr_par' dir='ltr' id='par_1_22' title="bbox 376 1962 2031 2036">
     <span class='ocr_line' id='line_1_22' title="bbox 376 1962 2031 2036; baseline 0.005 -22"><span class='ocrx_word' id='word_1_140' title='bbox 376 1971 695 2036; x_wconf 74' lang='lat' dir='ltr'>perpetuam</span> <span class='ocrx_word' id='word_1_141' title='bbox 737 1977 926 2033; x_wconf 86' lang='lat' dir='ltr'>pacem</span> <span class='ocrx_word' id='word_1_142' title='bbox 981 1962 1281 2017; x_wconf 68' lang='lat' dir='ltr'>Saxoniam</span> <span class='ocrx_word' id='word_1_143' title='bbox 1336 1965 1597 2029; x_wconf 87' lang='lat' dir='ltr'>visitavit,</span> <span class='ocrx_word' id='word_1_144' title='bbox 1630 1968 2031 2023; x_wconf 82' lang='lat' dir='ltr'>communicare</span> 
     </span>
    </p>
   </div>
   <div class='ocr_carea' id='block_1_23' title="bbox 379 2050 2033 2124">
    <p class='ocr_par' dir='ltr' id='par_1_23' title="bbox 379 2050 2033 2124">
     <span class='ocr_line' id='line_1_23' title="bbox 379 2050 2033 2124; baseline 0.004 -18"><span class='ocrx_word' id='word_1_145' title='bbox 379 2062 561 2117; x_wconf 72' lang='lat' dir='ltr'>(ecum</span> <span class='ocrx_word' id='word_1_146' title='bbox 588 2052 804 2107; x_wconf 86' lang='lat' dir='ltr'>maluit.</span> <span class='ocrx_word' id='word_1_147' title='bbox 833 2050 1012 2124; x_wconf 81' lang='lat' dir='ltr'><strong>Neque</strong></span> <span class='ocrx_word' id='word_1_148' title='bbox 1058 2053 1206 2106; x_wconf 84' lang='lat' dir='ltr'>enim</span> <span class='ocrx_word' id='word_1_149' title='bbox 1254 2060 1537 2124; x_wconf 80' lang='lat' dir='ltr'>postquam</span> <span class='ocrx_word' id='word_1_150' title='bbox 1585 2055 1912 2109; x_wconf 84' lang='lat' dir='ltr'>translatum</span> <span class='ocrx_word' id='word_1_151' title='bbox 1954 2063 2033 2112; x_wconf 89' lang='lat' dir='ltr'>est</span> 
     </span>
    </p>
   </div>
   <div class='ocr_carea' id='block_1_24' title="bbox 378 2140 2031 2214">
    <p class='ocr_par' dir='ltr' id='par_1_24' title="bbox 378 2140 2031 2214">
     <span class='ocr_line' id='line_1_24' title="bbox 378 2140 2031 2214; baseline 0.004 -20"><span class='ocrx_word' id='word_1_152' title='bbox 378 2142 710 2214; x_wconf 79' lang='lat' dir='ltr'>corpusejus</span> <span class='ocrx_word' id='word_1_153' title='bbox 731 2140 800 2175; x_wconf 70' lang='grc'>³⁸³</span> <span class='ocrx_word' id='word_1_154' title='bbox 826 2157 860 2195; x_wconf 92' lang='lat' dir='ltr'>a</span> <span class='ocrx_word' id='word_1_155' title='bbox 882 2140 1058 2206; x_wconf 89' lang='lat' dir='ltr'>nobis,</span> <span class='ocrx_word' id='word_1_156' title='bbox 1115 2141 1305 2196; x_wconf 85' lang='lat' dir='ltr'>civilia</span> <span class='ocrx_word' id='word_1_157' title='bbox 1362 2142 1444 2197; x_wconf 87' lang='lat' dir='ltr'>vel</span> <span class='ocrx_word' id='word_1_158' title='bbox 1494 2150 1718 2198; x_wconf 73' lang='lat' dir='ltr'>externa</span> <span class='ocrx_word' id='word_1_159' title='bbox 1761 2159 2031 2200; x_wconf 87' lang='lat' dir='ltr'>cessavere</span> 
     </span>
    </p>
   </div>
   <div class='ocr_carea' id='block_1_25' title="bbox 380 2230 2030 2302">
    <p class='ocr_par' dir='ltr' id='par_1_25' title="bbox 380 2230 2030 2302">
     <span class='ocr_line' id='line_1_25' title="bbox 380 2230 2030 2302; baseline -0.001 -13"><span class='ocrx_word' id='word_1_160' title='bbox 380 2232 571 2298; x_wconf 86' lang='lat' dir='ltr'>bella;</span> <span class='ocrx_word' id='word_1_161' title='bbox 616 2230 800 2286; x_wconf 89' lang='lat' dir='ltr'>eodem</span> <span class='ocrx_word' id='word_1_162' title='bbox 845 2231 1043 2302; x_wconf 85' lang='lat' dir='ltr'>quippe</span> <span class='ocrx_word' id='word_1_163' title='bbox 1089 2246 1233 2286; x_wconf 84' lang='lat' dir='ltr'>anno</span> <span class='ocrx_word' id='word_1_164' title='bbox 1283 2231 1425 2286; x_wconf 86' lang='lat' dir='ltr'>Dani</span> <span class='ocrx_word' id='word_1_165' title='bbox 1470 2238 1523 2287; x_wconf 85' lang='lat' dir='ltr'>et</span> <span class='ocrx_word' id='word_1_166' title='bbox 1566 2232 1933 2288; x_wconf 83' lang='lat' dir='ltr'>Northmanni</span> <span class='ocrx_word' id='word_1_167' title='bbox 1960 2234 2030 2269; x_wconf 61' lang='lat'>’6‘</span> 
     </span>
    </p>
   </div>
   <div class='ocr_carea' id='block_1_26' title="bbox 376 2319 2026 2393">
    <p class='ocr_par' dir='ltr' id='par_1_26' title="bbox 376 2319 2026 2393">
     <span class='ocr_line' id='line_1_26' title="bbox 376 2319 2026 2393; baseline 0.002 -18"><span class='ocrx_word' id='word_1_168' title='bbox 376 2321 651 2393; x_wconf 79' lang='lat' dir='ltr'>regionem</span> <span class='ocrx_word' id='word_1_169' title='bbox 678 2326 921 2374; x_wconf 86' lang='lat' dir='ltr'>nostram</span> <span class='ocrx_word' id='word_1_170' title='bbox 950 2320 1271 2374; x_wconf 86' lang='lat' dir='ltr'>invaserunt</span> <span class='ocrx_word' id='word_1_171' title='bbox 1300 2319 1472 2391; x_wconf 88' lang='lat'>(159).</span> <span class='ocrx_word' id='word_1_172' title='bbox 1508 2320 1625 2376; x_wconf 85' lang='lat' dir='ltr'>Rex</span> <span class='ocrx_word' id='word_1_173' title='bbox 1668 2326 1863 2379; x_wconf 87' lang='lat' dir='ltr'>autem</span> <span class='ocrx_word' id='word_1_174' title='bbox 1897 2339 2026 2378; x_wconf 85' lang='lat' dir='ltr'>mu-</span> 
     </span>
    </p>
   </div>
   <div class='ocr_carea' id='block_1_27' title="bbox 376 2406 2027 2481">
    <p class='ocr_par' dir='ltr' id='par_1_27' title="bbox 376 2406 2027 2481">
     <span class='ocr_line' id='line_1_27' title="bbox 376 2406 2027 2481; baseline 0 -15"><span class='ocrx_word' id='word_1_175' title='bbox 376 2427 492 2465; x_wconf 86' lang='lat' dir='ltr'>nus</span> <span class='ocrx_word' id='word_1_176' title='bbox 521 2407 784 2463; x_wconf 88' lang='lat' dir='ltr'>divinum</span> <span class='ocrx_word' id='word_1_177' title='bbox 814 2422 947 2462; x_wconf 90' lang='lat' dir='ltr'>cum</span> <span class='ocrx_word' id='word_1_178' title='bbox 980 2406 1138 2462; x_wconf 89' lang='lat' dir='ltr'>omni</span> <span class='ocrx_word' id='word_1_179' title='bbox 1190 2408 1513 2481; x_wconf 79' lang='lat' dir='ltr'>gratiarum</span> <span class='ocrx_word' id='word_1_180' title='bbox 1563 2408 1787 2466; x_wconf 85' lang='lat' dir='ltr'>actione</span> <span class='ocrx_word' id='word_1_181' title='bbox 1835 2411 2027 2466; x_wconf 88' lang='lat' dir='ltr'>susci-</span> 
     </span>
    </p>
   </div>
   <div class='ocr_carea' id='block_1_28' title="bbox 376 2495 2026 2572">
    <p class='ocr_par' dir='ltr' id='par_1_28' title="bbox 376 2495 2026 2572">
     <span class='ocr_line' id='line_1_28' title="bbox 376 2495 2026 2572; baseline 0.001 -18"><span class='ocrx_word' id='word_1_182' title='bbox 376 2498 564 2572; x_wconf 88' lang='lat' dir='ltr'>piens,</span> <span class='ocrx_word' id='word_1_183' title='bbox 598 2495 987 2569; x_wconf 82' lang='lat' dir='ltr'>prosternitur</span> <span class='ocrx_word' id='word_1_184' title='bbox 1016 2495 1283 2568; x_wconf 89' lang='lat' dir='ltr'>reliquiis</span> <span class='ocrx_word' id='word_1_185' title='bbox 1317 2496 1557 2564; x_wconf 86' lang='lat' dir='ltr'>sanctis,</span> <span class='ocrx_word' id='word_1_186' title='bbox 1592 2502 1649 2553; x_wconf 89' lang='lat' dir='ltr'>et</span> <span class='ocrx_word' id='word_1_187' title='bbox 1679 2499 2026 2555; x_wconf 89' lang='lat' dir='ltr'>deosculans</span> 
     </span>
    </p>
   </div>
   <div class='ocr_carea' id='block_1_29' title="bbox 376 2584 1641 2653">
    <p class='ocr_par' dir='ltr' id='par_1_29' title="bbox 376 2584 1641 2653">
     <span class='ocr_line' id='line_1_29' title="bbox 376 2584 1641 2653; baseline -0.002 -9"><span class='ocrx_word' id='word_1_188' title='bbox 376 2604 498 2653; x_wconf 84' lang='lat' dir='ltr'>eas,</span> <span class='ocrx_word' id='word_1_189' title='bbox 533 2602 768 2641; x_wconf 86' lang='lat' dir='ltr'>summa</span> <span class='ocrx_word' id='word_1_190' title='bbox 797 2584 1166 2641; x_wconf 85' lang='lat' dir='ltr'>veneratione</span> <span class='ocrx_word' id='word_1_191' title='bbox 1193 2590 1505 2642; x_wconf 84' lang='lat' dir='ltr'>veneratus</span> <span class='ocrx_word' id='word_1_192' title='bbox 1534 2591 1641 2642; x_wconf 88' lang='lat' dir='ltr'>est.</span> 
     </span>
    </p>
   </div>
   <div class='ocr_carea' id='block_1_30' title="bbox 449 2672 2028 2747">
    <p class='ocr_par' dir='ltr' id='par_1_30' title="bbox 449 2672 2028 2747">
     <span class='ocr_line' id='line_1_30' title="bbox 449 2672 2028 2747; baseline 0.003 -17"><span class='ocrx_word' id='word_1_193' title='bbox 449 2676 538 2731; x_wconf 78' lang='grc'>34.</span> <span class='ocrx_word' id='word_1_194' title='bbox 574 2672 815 2730; x_wconf 89' lang='lat' dir='ltr'>Inclitus</span> <span class='ocrx_word' id='word_1_195' title='bbox 830 2689 963 2728; x_wconf 92' lang='lat' dir='ltr'>vero</span> <span class='ocrx_word' id='word_1_196' title='bbox 994 2673 1300 2743; x_wconf 89' lang='lat' dir='ltr'>martir,de</span> <span class='ocrx_word' id='word_1_197' title='bbox 1321 2690 1436 2747; x_wconf 91' lang='lat' dir='ltr'>quo</span> <span class='ocrx_word' id='word_1_198' title='bbox 1460 2674 1685 2747; x_wconf 86' lang='lat' dir='ltr'>legatus</span> <span class='ocrx_word' id='word_1_199' title='bbox 1707 2675 1893 2732; x_wconf 83' lang='lat' dir='ltr'>Caroli</span> <span class='ocrx_word' id='word_1_200' title='bbox 1915 2678 2028 2734; x_wconf 68' lang='lat' dir='ltr'>diso</span> 
     </span>
    </p>
   </div>
   <div class='ocr_carea' id='block_1_31' title="bbox 376 2761 2029 2835">
    <p class='ocr_par' dir='ltr' id='par_1_31' title="bbox 376 2761 2029 2835">
     <span class='ocr_line' id='line_1_31' title="bbox 376 2761 2029 2835; baseline 0.001 -14"><span class='ocrx_word' id='word_1_201' title='bbox 376 2765 581 2831; x_wconf 83' lang='lat' dir='ltr'>seruit,</span> <span class='ocrx_word' id='word_1_202' title='bbox 615 2765 739 2819; x_wconf 87' lang='lat' dir='ltr'>erat</span> <span class='ocrx_word' id='word_1_203' title='bbox 765 2762 825 2817; x_wconf 90' lang='lat' dir='ltr'>in</span> <span class='ocrx_word' id='word_1_204' title='bbox 858 2761 1015 2818; x_wconf 91' lang='lat' dir='ltr'>Licia</span> <span class='ocrx_word' id='word_1_205' title='bbox 1039 2763 1109 2799; x_wconf 67' lang='grc'>³6³</span> <span class='ocrx_word' id='word_1_206' title='bbox 1137 2762 1433 2835; x_wconf 86' lang='lat' dir='ltr'>provincia</span> <span class='ocrx_word' id='word_1_207' title='bbox 1455 2764 1633 2820; x_wconf 91' lang='lat' dir='ltr'>nobili</span> <span class='ocrx_word' id='word_1_208' title='bbox 1665 2770 1839 2821; x_wconf 88' lang='lat' dir='ltr'>natus</span> <span class='ocrx_word' id='word_1_209' title='bbox 1866 2766 2029 2822; x_wconf 80' lang='lat' dir='ltr'>fami-</span> 
     </span>
    </p>
   </div>
   <div class='ocr_carea' id='block_1_32' title="bbox 375 2852 2026 2927">
    <p class='ocr_par' dir='ltr' id='par_1_32' title="bbox 375 2852 2026 2927">
     <span class='ocr_line' id='line_1_32' title="bbox 375 2852 2026 2927; baseline 0.002 -18"><span class='ocrx_word' id='word_1_210' title='bbox 375 2853 476 2921; x_wconf 88' lang='lat' dir='ltr'>lia,</span> <span class='ocrx_word' id='word_1_211' title='bbox 510 2853 611 2910; x_wconf 88' lang='lat' dir='ltr'>sed</span> <span class='ocrx_word' id='word_1_212' title='bbox 644 2852 1240 2925; x_wconf 85' lang='lat' dir='ltr'>pagana(160).Quem</span> <span class='ocrx_word' id='word_1_213' title='bbox 1264 2856 1428 2925; x_wconf 87' lang='lat' dir='ltr'>pater</span> <span class='ocrx_word' id='word_1_214' title='bbox 1448 2853 1681 2925; x_wconf 83' lang='lat' dir='ltr'>praesidi</span> <span class='ocrx_word' id='word_1_215' title='bbox 1718 2854 2026 2927; x_wconf 73' lang='lat' dir='ltr'>provincia:</span> 
     </span>
    </p>
   </div>
   <div class='ocr_carea' id='block_1_33' title="bbox 376 2941 2025 3015">
    <p class='ocr_par' dir='ltr' id='par_1_33' title="bbox 376 2941 2025 3015">
     <span class='ocr_line' id='line_1_33' title="bbox 376 2941 2025 3015; baseline 0.004 -20"><span class='ocrx_word' id='word_1_216' title='bbox 376 2942 688 2998; x_wconf 82' lang='lat' dir='ltr'>Valeriano</span> <span class='ocrx_word' id='word_1_217' title='bbox 731 2941 1122 3013; x_wconf 71' lang='lat' dir='ltr'>prmsentavit,</span> <span class='ocrx_word' id='word_1_218' title='bbox 1154 2957 1409 3014; x_wconf 90' lang='lat' dir='ltr'>eumque</span> <span class='ocrx_word' id='word_1_219' title='bbox 1453 2942 1578 3015; x_wconf 89' lang='lat' dir='ltr'>ipse</span> <span class='ocrx_word' id='word_1_220' title='bbox 1606 2944 1675 2979; x_wconf 65' lang='grc'>³⁸⁸</span> <span class='ocrx_word' id='word_1_221' title='bbox 1706 2960 1917 3015; x_wconf 57' lang='lat' dir='ltr'>presses</span> <span class='ocrx_word' id='word_1_222' title='bbox 1953 2945 2025 3001; x_wconf 89' lang='lat' dir='ltr'>ad</span> 
     </span>
    </p>
   </div>
   <div class='ocr_carea' id='block_1_34' title="bbox 375 3029 2027 3103">
    <p class='ocr_par' dir='ltr' id='par_1_34' title="bbox 375 3029 2027 3103">
     <span class='ocr_line' id='line_1_34' title="bbox 375 3029 2027 3103; baseline 0.001 -15"><span class='ocrx_word' id='word_1_223' title='bbox 375 3031 787 3088; x_wconf 80' lang='lat' dir='ltr'>inmolandam</span> <span class='ocrx_word' id='word_1_224' title='bbox 817 3029 1146 3085; x_wconf 79' lang='lat' dir='ltr'>simulacris</span> <span class='ocrx_word' id='word_1_225' title='bbox 1178 3031 1403 3103; x_wconf 85' lang='lat' dir='ltr'>coegit;</span> <span class='ocrx_word' id='word_1_226' title='bbox 1432 3033 1532 3086; x_wconf 91' lang='lat' dir='ltr'>sed</span> <span class='ocrx_word' id='word_1_227' title='bbox 1564 3032 1631 3067; x_wconf 66' lang='grc'>³⁸⁷</span> <span class='ocrx_word' id='word_1_228' title='bbox 1661 3032 1881 3089; x_wconf 87' lang='lat' dir='ltr'>interea</span> <span class='ocrx_word' id='word_1_229' title='bbox 1910 3050 2027 3090; x_wconf 84' lang='lat' dir='ltr'>ma-</span> 
     </span>
    </p>
   </div>
   <div class='ocr_carea' id='block_1_35' title="bbox 377 3118 2025 3192">
    <p class='ocr_par' dir='ltr' id='par_1_35' title="bbox 377 3118 2025 3192">
     <span class='ocr_line' id='line_1_35' title="bbox 377 3118 2025 3192; baseline 0.001 -15"><span class='ocrx_word' id='word_1_230' title='bbox 377 3138 527 3177; x_wconf 90' lang='lat' dir='ltr'>num</span> <span class='ocrx_word' id='word_1_231' title='bbox 554 3119 889 3192; x_wconf 87' lang='lat' dir='ltr'>perdidit,et</span> <span class='ocrx_word' id='word_1_232' title='bbox 906 3119 1166 3174; x_wconf 85' lang='lat' dir='ltr'>oratione</span> <span class='ocrx_word' id='word_1_233' title='bbox 1194 3118 1384 3191; x_wconf 90' lang='lat' dir='ltr'>ipsius</span> <span class='ocrx_word' id='word_1_234' title='bbox 1404 3119 1615 3176; x_wconf 88' lang='lat' dir='ltr'>iterum</span> <span class='ocrx_word' id='word_1_235' title='bbox 1648 3137 1851 3177; x_wconf 88' lang='lat' dir='ltr'>sanam</span> <span class='ocrx_word' id='word_1_236' title='bbox 1877 3138 2025 3179; x_wconf 88' lang='lat' dir='ltr'>reco-</span> 
     </span>
    </p>
   </div>
   <div class='ocr_carea' id='block_1_36' title="bbox 378 3186 2097 3282">
    <p class='ocr_par' dir='ltr' id='par_1_36' title="bbox 378 3186 2097 3282">
     <span class='ocr_line' id='line_1_36' title="bbox 378 3186 2097 3282; baseline 0.002 -19"><span class='ocrx_word' id='word_1_237' title='bbox 378 3209 485 3282; x_wconf 84' lang='lat' dir='ltr'>pit.</span> <span class='ocrx_word' id='word_1_238' title='bbox 520 3186 766 3263; x_wconf 66' lang='lat' dir='ltr'>Brachia</span> <span class='ocrx_word' id='word_1_239' title='bbox 792 3186 1111 3263; x_wconf 83' lang='lat' dir='ltr'>tortoribus</span> <span class='ocrx_word' id='word_1_240' title='bbox 1140 3186 1547 3276; x_wconf 79' lang='lat' dir='ltr'>aruerunt,sed</span> <span class='ocrx_word' id='word_1_241' title='bbox 1578 3210 1802 3266; x_wconf 88' lang='lat' dir='ltr'>meritis</span> <span class='ocrx_word' id='word_1_242' title='bbox 1829 3212 2025 3268; x_wconf 87' lang='lat' dir='ltr'>marti-</span> <span class='ocrx_word' id='word_1_243' title='bbox 2054 3186 2097 3254; x_wconf 76' lang='lat' dir='ltr'>C</span> 
     </span>
    </p>
   </div>
   <div class='ocr_carea' id='block_1_37' title="bbox 377 3295 2029 3372">
    <p class='ocr_par' dir='ltr' id='par_1_37' title="bbox 377 3295 2029 3372">
     <span class='ocr_line' id='line_1_37' title="bbox 377 3295 2029 3372; baseline 0.001 -18"><span class='ocrx_word' id='word_1_244' title='bbox 377 3297 463 3353; x_wconf 82' lang='lat' dir='ltr'>ris</span> <span class='ocrx_word' id='word_1_245' title='bbox 494 3297 765 3354; x_wconf 84' lang='lat' dir='ltr'>restituta</span> <span class='ocrx_word' id='word_1_246' title='bbox 793 3295 863 3333; x_wconf 76' lang='grc'>³⁸⁸</span> <span class='ocrx_word' id='word_1_247' title='bbox 893 3299 1033 3351; x_wconf 89' lang='lat' dir='ltr'>sunt</span> <span class='ocrx_word' id='word_1_248' title='bbox 1051 3296 1153 3351; x_wconf 89' lang='lat' dir='ltr'>eis.</span> <span class='ocrx_word' id='word_1_249' title='bbox 1184 3295 1404 3353; x_wconf 89' lang='lat' dir='ltr'>Videns</span> <span class='ocrx_word' id='word_1_250' title='bbox 1444 3302 1641 3354; x_wconf 86' lang='lat' dir='ltr'>autem</span> <span class='ocrx_word' id='word_1_251' title='bbox 1670 3304 1852 3371; x_wconf 88' lang='lat' dir='ltr'>pater,</span> <span class='ocrx_word' id='word_1_252' title='bbox 1887 3301 2029 3372; x_wconf 89' lang='lat' dir='ltr'>quia</span> 
     </span>
    </p>
   </div>
   <div class='ocr_carea' id='block_1_38' title="bbox 378 3384 2025 3455">
    <p class='ocr_par' dir='ltr' id='par_1_38' title="bbox 378 3384 2025 3455">
     <span class='ocr_line' id='line_1_38' title="bbox 378 3384 2025 3455; baseline 0.002 -13"><span class='ocrx_word' id='word_1_253' title='bbox 378 3391 670 3443; x_wconf 81' lang='lat' dir='ltr'>tormenta</span> <span class='ocrx_word' id='word_1_254' title='bbox 699 3384 1156 3453; x_wconf 88' lang='lat' dir='ltr'>irrisit,domum</span> <span class='ocrx_word' id='word_1_255' title='bbox 1185 3387 1434 3455; x_wconf 82' lang='lat' dir='ltr'>reduxit,</span> <span class='ocrx_word' id='word_1_256' title='bbox 1448 3387 1717 3443; x_wconf 90' lang='lat' dir='ltr'>cubiculo</span> <span class='ocrx_word' id='word_1_257' title='bbox 1750 3389 2025 3445; x_wconf 90' lang='lat' dir='ltr'>omnibus</span> 
     </span>
    </p>
   </div>
   <div class='ocr_carea' id='block_1_39' title="bbox 375 3472 2023 3549">
    <p class='ocr_par' dir='ltr' id='par_1_39' title="bbox 375 3472 2023 3549">
     <span class='ocr_line' id='line_1_39' title="bbox 375 3472 2023 3549; baseline 0.001 -18"><span class='ocrx_word' id='word_1_258' title='bbox 375 3475 606 3531; x_wconf 89' lang='lat' dir='ltr'>deliciis</span> <span class='ocrx_word' id='word_1_259' title='bbox 639 3472 899 3529; x_wconf 84' lang='lat' dir='ltr'>afﬂuenti</span> <span class='ocrx_word' id='word_1_260' title='bbox 930 3473 1277 3530; x_wconf 89' lang='lat' dir='ltr'>reclusit.lbi</span> <span class='ocrx_word' id='word_1_261' title='bbox 1311 3491 1446 3531; x_wconf 83' lang='lat' dir='ltr'>cum</span> <span class='ocrx_word' id='word_1_262' title='bbox 1477 3475 1733 3532; x_wconf 89' lang='lat' dir='ltr'>archana</span> <span class='ocrx_word' id='word_1_263' title='bbox 1756 3479 2023 3549; x_wconf 64' lang='lat' dir='ltr'>quaedam</span> 
     </span>
    </p>
   </div>
   <div class='ocr_carea' id='block_1_40' title="bbox 376 3562 2023 3637">
    <p class='ocr_par' dir='ltr' id='par_1_40' title="bbox 376 3562 2023 3637">
     <span class='ocr_line' id='line_1_40' title="bbox 376 3562 2023 3637; baseline 0.001 -18"><span class='ocrx_word' id='word_1_264' title='bbox 376 3563 556 3637; x_wconf 79' lang='lat' dir='ltr'>Hylas</span> <span class='ocrx_word' id='word_1_265' title='bbox 574 3563 644 3599; x_wconf 71' lang='grc'>⁸⁵⁸</span> <span class='ocrx_word' id='word_1_266' title='bbox 670 3594 739 3603; x_wconf 94' lang='lat'>--</span> <span class='ocrx_word' id='word_1_267' title='bbox 770 3562 855 3618; x_wconf 87' lang='lat' dir='ltr'>sic</span> <span class='ocrx_word' id='word_1_268' title='bbox 882 3562 1041 3618; x_wconf 89' lang='lat' dir='ltr'>enim</span> <span class='ocrx_word' id='word_1_269' title='bbox 1089 3563 1408 3619; x_wconf 82' lang='lat' dir='ltr'>vocabatur</span> <span class='ocrx_word' id='word_1_270' title='bbox 1436 3569 1602 3636; x_wconf 90' lang='lat' dir='ltr'>pater</span> <span class='ocrx_word' id='word_1_271' title='bbox 1630 3566 1758 3637; x_wconf 89' lang='lat' dir='ltr'>ejus</span> <span class='ocrx_word' id='word_1_272' title='bbox 1789 3597 1855 3607; x_wconf 90' lang='lat'>--</span> <span class='ocrx_word' id='word_1_273' title='bbox 1886 3583 2023 3621; x_wconf 88' lang='lat' dir='ltr'>con-</span> 
     </span>
    </p>
   </div>
   <div class='ocr_carea' id='block_1_41' title="bbox 374 3650 2026 3725">
    <p class='ocr_par' dir='ltr' id='par_1_41' title="bbox 374 3650 2026 3725">
     <span class='ocr_line' id='line_1_41' title="bbox 374 3650 2026 3725; baseline 0.001 -16"><span class='ocrx_word' id='word_1_274' title='bbox 374 3654 840 3725; x_wconf 65' lang='lat' dir='ltr'>spiceret,caacus</span> <span class='ocrx_word' id='word_1_275' title='bbox 866 3650 1137 3706; x_wconf 74' lang='lat' dir='ltr'>efﬁcitur.</span> <span class='ocrx_word' id='word_1_276' title='bbox 1170 3652 1241 3707; x_wconf 89' lang='lat' dir='ltr'>Et</span> <span class='ocrx_word' id='word_1_277' title='bbox 1267 3656 1504 3707; x_wconf 87' lang='lat' dir='ltr'>coactus</span> <span class='ocrx_word' id='word_1_278' title='bbox 1535 3653 1708 3709; x_wconf 88' lang='lat' dir='ltr'>idolis</span> <span class='ocrx_word' id='word_1_279' title='bbox 1739 3655 2026 3710; x_wconf 83' lang='lat' dir='ltr'>abrenun-</span> 
     </span>
    </p>
   </div>
   <div class='ocr_carea' id='block_1_42' title="bbox 375 3739 2021 3811">
    <p class='ocr_par' dir='ltr' id='par_1_42' title="bbox 375 3739 2021 3811">
     <span class='ocr_line' id='line_1_42' title="bbox 375 3739 2021 3811; baseline 0.001 -14"><span class='ocrx_word' id='word_1_280' title='bbox 375 3740 568 3811; x_wconf 86' lang='lat' dir='ltr'>ciavit,</span> <span class='ocrx_word' id='word_1_281' title='bbox 596 3739 894 3796; x_wconf 87' lang='lat' dir='ltr'>Christum</span> <span class='ocrx_word' id='word_1_282' title='bbox 926 3741 1231 3796; x_wconf 77' lang='lat' dir='ltr'>confessus</span> <span class='ocrx_word' id='word_1_283' title='bbox 1280 3746 1389 3796; x_wconf 90' lang='lat' dir='ltr'>est.</span> <span class='ocrx_word' id='word_1_284' title='bbox 1424 3740 1796 3798; x_wconf 89' lang='lat' dir='ltr'>Illuminatus</span> <span class='ocrx_word' id='word_1_285' title='bbox 1825 3746 2021 3798; x_wconf 89' lang='lat' dir='ltr'>autem</span> 
     </span>
    </p>
   </div>
   <div class='ocr_carea' id='block_1_43' title="bbox 376 3828 2024 3904">
    <p class='ocr_par' dir='ltr' id='par_1_43' title="bbox 376 3828 2024 3904">
     <span class='ocr_line' id='line_1_43' title="bbox 376 3828 2024 3904; baseline 0.001 -18"><span class='ocrx_word' id='word_1_286' title='bbox 376 3847 481 3904; x_wconf 91' lang='lat' dir='ltr'>per</span> <span class='ocrx_word' id='word_1_287' title='bbox 511 3829 720 3885; x_wconf 86' lang='lat' dir='ltr'>merita</span> <span class='ocrx_word' id='word_1_288' title='bbox 750 3828 854 3883; x_wconf 85' lang='lat' dir='ltr'>ﬁlii</span> <span class='ocrx_word' id='word_1_289' title='bbox 885 3829 976 3884; x_wconf 90' lang='lat' dir='ltr'>sui</span> <span class='ocrx_word' id='word_1_290' title='bbox 1009 3828 1145 3898; x_wconf 87' lang='lat' dir='ltr'>Viti,</span> <span class='ocrx_word' id='word_1_291' title='bbox 1166 3830 1466 3885; x_wconf 86' lang='lat' dir='ltr'>Christum</span> <span class='ocrx_word' id='word_1_292' title='bbox 1500 3831 1814 3903; x_wconf 89' lang='lat' dir='ltr'>negavit,et</span> <span class='ocrx_word' id='word_1_293' title='bbox 1834 3830 2024 3887; x_wconf 91' lang='lat' dir='ltr'>ﬁlium</span> 
     </span>
    </p>
   </div>
   <div class='ocr_carea' id='block_1_44' title="bbox 376 3918 2022 3992">
    <p class='ocr_par' dir='ltr' id='par_1_44' title="bbox 376 3918 2022 3992">
     <span class='ocr_line' id='line_1_44' title="bbox 376 3918 2022 3992; baseline 0.001 -16"><span class='ocrx_word' id='word_1_294' title='bbox 376 3920 703 3976; x_wconf 86' lang='lat' dir='ltr'>interﬁcere</span> <span class='ocrx_word' id='word_1_295' title='bbox 749 3918 1031 3990; x_wconf 62' lang='lat' dir='ltr'>quaesivit.</span> <span class='ocrx_word' id='word_1_296' title='bbox 1068 3919 1287 3974; x_wconf 87' lang='lat' dir='ltr'>Monitu</span> <span class='ocrx_word' id='word_1_297' title='bbox 1336 3918 1595 3992; x_wconf 87' lang='lat' dir='ltr'>angelico</span> <span class='ocrx_word' id='word_1_298' title='bbox 1637 3924 1811 3991; x_wconf 86' lang='lat' dir='ltr'>atque</span> <span class='ocrx_word' id='word_1_299' title='bbox 1842 3921 2022 3977; x_wconf 87' lang='lat' dir='ltr'>ductu</span> 
     </span>
    </p>
   </div>
   <div class='ocr_carea' id='block_1_45' title="bbox 374 4006 2020 4080">
    <p class='ocr_par' dir='ltr' id='par_1_45' title="bbox 374 4006 2020 4080">
     <span class='ocr_line' id='line_1_45' title="bbox 374 4006 2020 4080; baseline 0.001 -16"><span class='ocrx_word' id='word_1_300' title='bbox 374 4008 699 4078; x_wconf 78' lang='lat' dir='ltr'>Modestus,</span> <span class='ocrx_word' id='word_1_301' title='bbox 722 4007 850 4078; x_wconf 89' lang='lat' dir='ltr'>jam</span> <span class='ocrx_word' id='word_1_302' title='bbox 876 4006 1106 4079; x_wconf 84' lang='lat' dir='ltr'>gravior</span> <span class='ocrx_word' id='word_1_303' title='bbox 1135 4008 1506 4080; x_wconf 70' lang='lat' dir='ltr'>paedagogus,</span> <span class='ocrx_word' id='word_1_304' title='bbox 1539 4024 1786 4079; x_wconf 89' lang='lat' dir='ltr'>puerum</span> <span class='ocrx_word' id='word_1_305' title='bbox 1818 4010 2020 4077; x_wconf 88' lang='lat' dir='ltr'>sumit,</span> 
     </span>
    </p>
   </div>
   <div class='ocr_carea' id='block_1_46' title="bbox 374 4095 2021 4169">
    <p class='ocr_par' dir='ltr' id='par_1_46' title="bbox 374 4095 2021 4169">
     <span class='ocr_line' id='line_1_46' title="bbox 374 4095 2021 4169; baseline 0 -15"><span class='ocrx_word' id='word_1_306' title='bbox 374 4113 541 4154; x_wconf 86' lang='lat' dir='ltr'>mare</span> <span class='ocrx_word' id='word_1_307' title='bbox 570 4095 806 4169; x_wconf 85' lang='lat' dir='ltr'>navigat</span> <span class='ocrx_word' id='word_1_308' title='bbox 822 4095 912 4165; x_wconf 66' lang='lat'>37°,</span> <span class='ocrx_word' id='word_1_309' title='bbox 947 4097 1017 4151; x_wconf 90' lang='lat' dir='ltr'>ad</span> <span class='ocrx_word' id='word_1_310' title='bbox 1041 4095 1193 4152; x_wconf 90' lang='lat' dir='ltr'>Siler</span> <span class='ocrx_word' id='word_1_311' title='bbox 1225 4095 1467 4151; x_wconf 84' lang='lat' dir='ltr'>ﬂuvium</span> <span class='ocrx_word' id='word_1_312' title='bbox 1489 4096 1766 4169; x_wconf 88' lang='lat' dir='ltr'>pervenit.</span> <span class='ocrx_word' id='word_1_313' title='bbox 1795 4098 1877 4154; x_wconf 92' lang='lat' dir='ltr'>Ibi</span> <span class='ocrx_word' id='word_1_314' title='bbox 1912 4098 2021 4154; x_wconf 90' lang='lat' dir='ltr'>sub</span> 
     </span>
    </p>
   </div>
   <div class='ocr_carea' id='block_1_47' title="bbox 374 4184 2017 4257">
    <p class='ocr_par' dir='ltr' id='par_1_47' title="bbox 374 4184 2017 4257">
     <span class='ocr_line' id='line_1_47' title="bbox 374 4184 2017 4257; baseline 0.001 -15"><span class='ocrx_word' id='word_1_315' title='bbox 374 4187 584 4243; x_wconf 89' lang='lat' dir='ltr'>arbore</span> <span class='ocrx_word' id='word_1_316' title='bbox 612 4185 867 4257; x_wconf 87' lang='lat' dir='ltr'>quadam</span> <span class='ocrx_word' id='word_1_317' title='bbox 895 4184 1349 4256; x_wconf 88' lang='lat' dir='ltr'>requiescentes,</span> <span class='ocrx_word' id='word_1_318' title='bbox 1379 4190 1588 4242; x_wconf 88' lang='lat' dir='ltr'>vacant</span> <span class='ocrx_word' id='word_1_319' title='bbox 1635 4186 2017 4257; x_wconf 87' lang='lat' dir='ltr'>orationibus,</span> 
     </span>
    </p>
   </div>
   <div class='ocr_carea' id='block_1_48' title="bbox 375 4272 2025 4347">
    <p class='ocr_par' dir='ltr' id='par_1_48' title="bbox 375 4272 2025 4347">
     <span class='ocr_line' id='line_1_48' title="bbox 375 4272 2025 4347; baseline 0.002 -18"><span class='ocrx_word' id='word_1_320' title='bbox 375 4273 592 4347; x_wconf 82' lang='lat' dir='ltr'>aquilis</span> <span class='ocrx_word' id='word_1_321' title='bbox 621 4272 839 4329; x_wconf 89' lang='lat' dir='ltr'>victum</span> <span class='ocrx_word' id='word_1_322' title='bbox 872 4272 1233 4330; x_wconf 86' lang='lat' dir='ltr'>cotidianum</span> <span class='ocrx_word' id='word_1_323' title='bbox 1252 4273 1317 4308; x_wconf 71' lang='grc'>³⁷³</span> <span class='ocrx_word' id='word_1_324' title='bbox 1341 4272 2025 4332; x_wconf 66' lang='grc' dir='ltr'>ωἱηίεῐταηιίὺιιεδπΡο·</span> 
     </span>
    </p>
   </div>
   <div class='ocr_carea' id='block_1_49' title="bbox 373 4361 2018 4436">
    <p class='ocr_par' dir='ltr' id='par_1_49' title="bbox 373 4361 2018 4436">
     <span class='ocr_line' id='line_1_49' title="bbox 373 4361 2018 4436; baseline 0 -17"><span class='ocrx_word' id='word_1_325' title='bbox 373 4362 534 4436; x_wconf 80' lang='lat' dir='ltr'>palis</span> <span class='ocrx_word' id='word_1_326' title='bbox 556 4378 693 4418; x_wconf 89' lang='lat' dir='ltr'>eum</span> <span class='ocrx_word' id='word_1_327' title='bbox 714 4362 783 4397; x_wconf 73' lang='grc'>⁸⁷³</span> <span class='ocrx_word' id='word_1_328' title='bbox 810 4361 1183 4419; x_wconf 84' lang='lat' dir='ltr'>visitantibus</span> <span class='ocrx_word' id='word_1_329' title='bbox 1215 4379 1360 4435; x_wconf 88' lang='lat' dir='ltr'>puer</span> <span class='ocrx_word' id='word_1_330' title='bbox 1388 4362 1662 4436; x_wconf 65' lang='lat' dir='ltr'>praedicat</span> <span class='ocrx_word' id='word_1_331' title='bbox 1699 4363 2018 4432; x_wconf 88' lang='lat' dir='ltr'>Christum,</span> 
     </span>
    </p>
   </div>
   <div class='ocr_carea' id='block_1_50' title="bbox 372 4448 2016 4524">
    <p class='ocr_par' dir='ltr' id='par_1_50' title="bbox 372 4448 2016 4524">
     <span class='ocr_line' id='line_1_50' title="bbox 372 4448 2016 4524; baseline -0.001 -16"><span class='ocrx_word' id='word_1_332' title='bbox 372 4450 575 4524; x_wconf 82' lang='lat' dir='ltr'>plures</span> <span class='ocrx_word' id='word_1_333' title='bbox 606 4448 904 4517; x_wconf 84' lang='lat' dir='ltr'>convertit,</span> <span class='ocrx_word' id='word_1_334' title='bbox 929 4449 1124 4522; x_wconf 89' lang='lat' dir='ltr'>plures</span> <span class='ocrx_word' id='word_1_335' title='bbox 1156 4451 1517 4523; x_wconf 86' lang='lat' dir='ltr'>baptismum</span> <span class='ocrx_word' id='word_1_336' title='bbox 1549 4451 1845 4524; x_wconf 85' lang='lat' dir='ltr'>suscipere</span> <span class='ocrx_word' id='word_1_337' title='bbox 1864 4452 2016 4508; x_wconf 88' lang='lat' dir='ltr'>fecit.</span> 
     </span>
    </p>
   </div>
   <div class='ocr_carea' id='block_1_51' title="bbox 2162 527 3809 614">
    <p class='ocr_par' dir='ltr' id='par_1_51' title="bbox 2162 527 3809 614">
     <span class='ocr_line' id='line_1_51' title="bbox 2162 527 3809 614; baseline 0.012 -30"><span class='ocrx_word' id='word_1_338' title='bbox 2162 527 2464 603; x_wconf 86' lang='lat' dir='ltr'>ﬁciscitur,</span> <span class='ocrx_word' id='word_1_339' title='bbox 2496 536 2554 589; x_wconf 89' lang='lat' dir='ltr'>et</span> <span class='ocrx_word' id='word_1_340' title='bbox 2573 532 2694 592; x_wconf 88' lang='lat' dir='ltr'>ﬁlio</span> <span class='ocrx_word' id='word_1_341' title='bbox 2726 533 3094 610; x_wconf 83' lang='lat' dir='ltr'>imperatoris</span> <span class='ocrx_word' id='word_1_342' title='bbox 3122 555 3227 614; x_wconf 89' lang='lat' dir='ltr'>per</span> <span class='ocrx_word' id='word_1_343' title='bbox 3262 540 3585 602; x_wconf 87' lang='lat' dir='ltr'>orationem</span> <span class='ocrx_word' id='word_1_344' title='bbox 3606 527 3809 603; x_wconf 65' lang='lat' dir='ltr'>8&quot;Viti</span> 
     </span>
    </p>
   </div>
   <div class='ocr_carea' id='block_1_52' title="bbox 2161 620 3806 708">
    <p class='ocr_par' dir='ltr' id='par_1_52' title="bbox 2161 620 3806 708">
     <span class='ocr_line' id='line_1_52' title="bbox 2161 620 3806 708; baseline 0.01 -34"><span class='ocrx_word' id='word_1_345' title='bbox 2161 633 2198 708; x_wconf 58' lang='grc' dir='ltr'>ξι.</span> <span class='ocrx_word' id='word_1_346' title='bbox 2211 620 2515 708; x_wconf 72' lang='lat' dir='ltr'>daemonio</span> <span class='ocrx_word' id='word_1_347' title='bbox 2548 628 2814 698; x_wconf 85' lang='lat' dir='ltr'>purgato,</span> <span class='ocrx_word' id='word_1_348' title='bbox 2848 627 3025 684; x_wconf 88' lang='lat' dir='ltr'>thura</span> <span class='ocrx_word' id='word_1_349' title='bbox 3054 629 3123 664; x_wconf 74' lang='grc'>³⁷⁵</span> <span class='ocrx_word' id='word_1_350' title='bbox 3152 630 3265 686; x_wconf 90' lang='lat' dir='ltr'>diis</span> <span class='ocrx_word' id='word_1_351' title='bbox 3296 632 3503 688; x_wconf 79' lang='lat' dir='ltr'>oﬁ‘erre</span> <span class='ocrx_word' id='word_1_352' title='bbox 3557 636 3806 708; x_wconf 89' lang='lat' dir='ltr'>cogitur.</span> 
     </span>
    </p>
   </div>
   <div class='ocr_carea' id='block_1_53' title="bbox 2160 705 3808 793">
    <p class='ocr_par' dir='ltr' id='par_1_53' title="bbox 2160 705 3808 793">
     <span class='ocr_line' id='line_1_53' title="bbox 2160 705 3808 793; baseline 0.012 -32"><span class='ocrx_word' id='word_1_353' title='bbox 2160 705 2246 761; x_wconf 90' lang='lat' dir='ltr'>Illi</span> <span class='ocrx_word' id='word_1_354' title='bbox 2270 709 2337 744; x_wconf 74' lang='grc'>³⁷⁸</span> <span class='ocrx_word' id='word_1_355' title='bbox 2360 728 2492 768; x_wconf 77' lang='lat' dir='ltr'>vero</span> <span class='ocrx_word' id='word_1_356' title='bbox 2525 713 2813 770; x_wconf 60' lang='lat' dir='ltr'>durius”</span> <span class='ocrx_word' id='word_1_357' title='bbox 2836 716 3170 789; x_wconf 86' lang='lat' dir='ltr'>imperatori</span> <span class='ocrx_word' id='word_1_358' title='bbox 3194 705 3808 793; x_wconf 78' lang='lat' dir='ltr'>respondente,bestiis</span> 
     </span>
    </p>
   </div>
   <div class='ocr_carea' id='block_1_54' title="bbox 2158 796 3805 870">
    <p class='ocr_par' dir='ltr' id='par_1_54' title="bbox 2158 796 3805 870">
     <span class='ocr_line' id='line_1_54' title="bbox 2158 796 3805 870; baseline 0.012 -22"><span class='ocrx_word' id='word_1_359' title='bbox 2158 796 2483 867; x_wconf 85' lang='lat' dir='ltr'>projicitur,</span> <span class='ocrx_word' id='word_1_360' title='bbox 2520 819 2625 857; x_wconf 89' lang='lat' dir='ltr'>nec</span> <span class='ocrx_word' id='word_1_361' title='bbox 2656 802 2905 859; x_wconf 70' lang='lat' dir='ltr'>laeditur.</span> <span class='ocrx_word' id='word_1_362' title='bbox 2942 805 3158 862; x_wconf 90' lang='lat' dir='ltr'>Deinde</span> <span class='ocrx_word' id='word_1_363' title='bbox 3191 808 3249 862; x_wconf 89' lang='lat' dir='ltr'>in</span> <span class='ocrx_word' id='word_1_364' title='bbox 3282 809 3542 866; x_wconf 88' lang='lat' dir='ltr'>medium</span> <span class='ocrx_word' id='word_1_365' title='bbox 3590 809 3805 870; x_wconf 85' lang='lat' dir='ltr'>clibani</span> 
     </span>
    </p>
   </div>
   <div class='ocr_carea' id='block_1_55' title="bbox 2158 884 3803 971">
    <p class='ocr_par' dir='ltr' id='par_1_55' title="bbox 2158 884 3803 971">
     <span class='ocr_line' id='line_1_55' title="bbox 2158 884 3803 971; baseline 0.012 -34"><span class='ocrx_word' id='word_1_366' title='bbox 2158 884 2415 971; x_wconf 86' lang='lat' dir='ltr'>ardentis</span> <span class='ocrx_word' id='word_1_367' title='bbox 2460 890 2741 959; x_wconf 84' lang='lat' dir='ltr'>jactatur,</span> <span class='ocrx_word' id='word_1_368' title='bbox 2792 898 2849 949; x_wconf 91' lang='lat' dir='ltr'>et</span> <span class='ocrx_word' id='word_1_369' title='bbox 2892 894 2959 926; x_wconf 71' lang='grc'><strong>³⁷⁸</strong></span> <span class='ocrx_word' id='word_1_370' title='bbox 2991 894 3194 967; x_wconf 79' lang='lat' dir='ltr'>angelo</span> <span class='ocrx_word' id='word_1_371' title='bbox 3241 896 3509 954; x_wconf 81' lang='lat' dir='ltr'>flammas</span> <span class='ocrx_word' id='word_1_372' title='bbox 3541 899 3803 971; x_wconf 88' lang='lat' dir='ltr'>sedante,</span> 
     </span>
    </p>
   </div>
   <div class='ocr_carea' id='block_1_56' title="bbox 2158 970 3800 1059">
    <p class='ocr_par' dir='ltr' id='par_1_56' title="bbox 2158 970 3800 1059">
     <span class='ocr_line' id='line_1_56' title="bbox 2158 970 3800 1059; baseline 0.013 -35"><span class='ocrx_word' id='word_1_373' title='bbox 2158 970 2377 1030; x_wconf 78' lang='lat' dir='ltr'>illaesus</span> <span class='ocrx_word' id='word_1_374' title='bbox 2428 979 2741 1049; x_wconf 86' lang='lat' dir='ltr'>egreditur.</span> <span class='ocrx_word' id='word_1_375' title='bbox 2776 981 3153 1039; x_wconf 88' lang='lat' dir='ltr'>Vinculorum</span> <span class='ocrx_word' id='word_1_376' title='bbox 3195 985 3416 1059; x_wconf 87' lang='lat' dir='ltr'>ingenti</span> <span class='ocrx_word' id='word_1_377' title='bbox 3465 987 3615 1043; x_wconf 88' lang='lat' dir='ltr'>ferro</span> <span class='ocrx_word' id='word_1_378' title='bbox 3664 970 3800 1046; x_wconf 55' lang='lat' dir='ltr'>one?</span> 
     </span>
    </p>
   </div>
   <div class='ocr_carea' id='block_1_57' title="bbox 2160 1065 3802 1135">
    <p class='ocr_par' dir='ltr' id='par_1_57' title="bbox 2160 1065 3802 1135">
     <span class='ocr_line' id='line_1_57' title="bbox 2160 1065 3802 1135; baseline 0.012 -20"><span class='ocrx_word' id='word_1_379' title='bbox 2160 1065 2320 1117; x_wconf 88' lang='lat' dir='ltr'>ratus</span> <span class='ocrx_word' id='word_1_380' title='bbox 2353 1068 2569 1122; x_wconf 86' lang='lat' dir='ltr'>carceri</span> <span class='ocrx_word' id='word_1_381' title='bbox 2599 1068 2872 1135; x_wconf 84' lang='lat' dir='ltr'>traditur,</span> <span class='ocrx_word' id='word_1_382' title='bbox 2912 1073 3015 1127; x_wconf 88' lang='lat' dir='ltr'>sed</span> <span class='ocrx_word' id='word_1_383' title='bbox 3065 1073 3143 1128; x_wconf 92' lang='lat' dir='ltr'>ibi</span> <span class='ocrx_word' id='word_1_384' title='bbox 3176 1090 3209 1128; x_wconf 92' lang='lat' dir='ltr'>a</span> <span class='ocrx_word' id='word_1_385' title='bbox 3239 1075 3485 1133; x_wconf 89' lang='lat' dir='ltr'>Domino</span> <span class='ocrx_word' id='word_1_386' title='bbox 3514 1082 3571 1132; x_wconf 88' lang='lat' dir='ltr'>et</span> <span class='ocrx_word' id='word_1_387' title='bbox 3597 1077 3802 1134; x_wconf 89' lang='lat' dir='ltr'>multi-</span> 
     </span>
    </p>
   </div>
   <div class='ocr_carea' id='block_1_58' title="bbox 2155 1152 3799 1229">
    <p class='ocr_par' dir='ltr' id='par_1_58' title="bbox 2155 1152 3799 1229">
     <span class='ocr_line' id='line_1_58' title="bbox 2155 1152 3799 1229; baseline 0.011 -24"><span class='ocrx_word' id='word_1_388' title='bbox 2155 1152 2357 1208; x_wconf 85' lang='lat' dir='ltr'>tudine</span> <span class='ocrx_word' id='word_1_389' title='bbox 2418 1157 2756 1229; x_wconf 86' lang='lat' dir='ltr'>angelorum</span> <span class='ocrx_word' id='word_1_390' title='bbox 2816 1159 3103 1216; x_wconf 86' lang='lat' dir='ltr'>visitatur.</span> <span class='ocrx_word' id='word_1_391' title='bbox 3164 1164 3460 1220; x_wconf 87' lang='lat' dir='ltr'>Postremo</span> <span class='ocrx_word' id='word_1_392' title='bbox 3510 1168 3799 1223; x_wconf 88' lang='lat' dir='ltr'>tormento</span> 
     </span>
    </p>
   </div>
   <div class='ocr_carea' id='block_1_59' title="bbox 2154 1243 3800 1326">
    <p class='ocr_par' dir='ltr' id='par_1_59' title="bbox 2154 1243 3800 1326">
     <span class='ocr_line' id='line_1_59' title="bbox 2154 1243 3800 1326; baseline 0.009 -31"><span class='ocrx_word' id='word_1_393' title='bbox 2154 1243 2311 1311; x_wconf 88' lang='lat' dir='ltr'>quod</span> <span class='ocrx_word' id='word_1_394' title='bbox 2334 1248 2555 1300; x_wconf 84' lang='lat' dir='ltr'>catasta</span> <span class='ocrx_word' id='word_1_395' title='bbox 2585 1247 2798 1304; x_wconf 88' lang='lat' dir='ltr'>dicitur</span> <span class='ocrx_word' id='word_1_396' title='bbox 2828 1266 2962 1305; x_wconf 87' lang='lat' dir='ltr'>eum</span> <span class='ocrx_word' id='word_1_397' title='bbox 2987 1252 3246 1309; x_wconf 88' lang='lat' dir='ltr'>Modesto</span> <span class='ocrx_word' id='word_1_398' title='bbox 3265 1257 3321 1308; x_wconf 89' lang='lat' dir='ltr'>et</span> <span class='ocrx_word' id='word_1_399' title='bbox 3341 1254 3596 1326; x_wconf 88' lang='lat' dir='ltr'>quadam</span> <span class='ocrx_word' id='word_1_400' title='bbox 3618 1254 3800 1312; x_wconf 90' lang='lat' dir='ltr'>nobili</span> 
     </span>
    </p>
   </div>
   <div class='ocr_carea' id='block_1_60' title="bbox 2153 1329 3800 1411">
    <p class='ocr_par' dir='ltr' id='par_1_60' title="bbox 2153 1329 3800 1411">
     <span class='ocr_line' id='line_1_60' title="bbox 2153 1329 3800 1411; baseline 0.012 -28"><span class='ocrx_word' id='word_1_401' title='bbox 2153 1329 2372 1387; x_wconf 83' lang='lat' dir='ltr'>femina</span> <span class='ocrx_word' id='word_1_402' title='bbox 2398 1334 2725 1392; x_wconf 88' lang='lat' dir='ltr'>Crescentia</span> <span class='ocrx_word' id='word_1_403' title='bbox 2753 1338 2970 1411; x_wconf 88' lang='lat' dir='ltr'>ﬁgitur,</span> <span class='ocrx_word' id='word_1_404' title='bbox 3003 1343 3061 1395; x_wconf 90' lang='lat' dir='ltr'>et</span> <span class='ocrx_word' id='word_1_405' title='bbox 3090 1341 3288 1399; x_wconf 89' lang='lat' dir='ltr'>fractis</span> <span class='ocrx_word' id='word_1_406' title='bbox 3316 1341 3591 1400; x_wconf 88' lang='lat' dir='ltr'>omnibus</span> <span class='ocrx_word' id='word_1_407' title='bbox 3622 1359 3800 1401; x_wconf 85' lang='lat' dir='ltr'>mem-</span> 
     </span>
    </p>
   </div>
   <div class='ocr_carea' id='block_1_61' title="bbox 2152 1417 3799 1493">
    <p class='ocr_par' dir='ltr' id='par_1_61' title="bbox 2152 1417 3799 1493">
     <span class='ocr_line' id='line_1_61' title="bbox 2152 1417 3799 1493; baseline 0.01 -20"><span class='ocrx_word' id='word_1_408' title='bbox 2152 1417 2393 1476; x_wconf 90' lang='lat' dir='ltr'>brorum</span> <span class='ocrx_word' id='word_1_409' title='bbox 2426 1424 2745 1493; x_wconf 89' lang='lat' dir='ltr'>motibus,a</span> <span class='ocrx_word' id='word_1_410' title='bbox 2764 1427 2991 1483; x_wconf 89' lang='lat' dir='ltr'>Christo</span> <span class='ocrx_word' id='word_1_411' title='bbox 3016 1429 3530 1488; x_wconf 87' lang='lat' dir='ltr'>consolatur.Nam</span> <span class='ocrx_word' id='word_1_412' title='bbox 3551 1431 3799 1491; x_wconf 87' lang='lat' dir='ltr'>fulmine</span> 
     </span>
    </p>
   </div>
   <div class='ocr_carea' id='block_1_62' title="bbox 2150 1507 3796 1593">
    <p class='ocr_par' dir='ltr' id='par_1_62' title="bbox 2150 1507 3796 1593">
     <span class='ocr_line' id='line_1_62' title="bbox 2150 1507 3796 1593; baseline 0.011 -31"><span class='ocrx_word' id='word_1_413' title='bbox 2150 1507 2278 1564; x_wconf 84' lang='lat' dir='ltr'>coeli</span> <span class='ocrx_word' id='word_1_414' title='bbox 2309 1513 2559 1567; x_wconf 89' lang='lat' dir='ltr'>tortores.</span> <span class='ocrx_word' id='word_1_415' title='bbox 2586 1516 2724 1570; x_wconf 89' lang='lat' dir='ltr'>tacti</span> <span class='ocrx_word' id='word_1_416' title='bbox 2757 1520 2813 1571; x_wconf 90' lang='lat' dir='ltr'>et</span> <span class='ocrx_word' id='word_1_417' title='bbox 2832 1517 3050 1573; x_wconf 90' lang='lat' dir='ltr'>tonitru</span> <span class='ocrx_word' id='word_1_418' title='bbox 3072 1518 3140 1553; x_wconf 69' lang='grc'>⁸⁷³</span> <span class='ocrx_word' id='word_1_419' title='bbox 3158 1518 3383 1593; x_wconf 86' lang='lat' dir='ltr'>ingenti</span> <span class='ocrx_word' id='word_1_420' title='bbox 3414 1521 3704 1593; x_wconf 88' lang='lat' dir='ltr'>perterriti</span> <span class='ocrx_word' id='word_1_421' title='bbox 3724 1522 3796 1580; x_wconf 83' lang='lat' dir='ltr'>ab</span> 
     </span>
    </p>
   </div>
   <div class='ocr_carea' id='block_1_63' title="bbox 2147 1597 3793 1682">
    <p class='ocr_par' dir='ltr' id='par_1_63' title="bbox 2147 1597 3793 1682">
     <span class='ocr_line' id='line_1_63' title="bbox 2147 1597 3793 1682; baseline 0.013 -30"><span class='ocrx_word' id='word_1_422' title='bbox 2147 1612 2213 1653; x_wconf 92' lang='lat' dir='ltr'>eo</span> <span class='ocrx_word' id='word_1_423' title='bbox 2247 1597 2558 1671; x_wconf 81' lang='lat' dir='ltr'>fugantur;</span> <span class='ocrx_word' id='word_1_424' title='bbox 2594 1604 2907 1677; x_wconf 90' lang='lat' dir='ltr'>subitoque</span> <span class='ocrx_word' id='word_1_425' title='bbox 2938 1610 3201 1679; x_wconf 86' lang='lat' dir='ltr'>repertus</span> <span class='ocrx_word' id='word_1_426' title='bbox 3251 1612 3341 1666; x_wconf 87' lang='lat' dir='ltr'>est</span> <span class='ocrx_word' id='word_1_427' title='bbox 3367 1609 3437 1645; x_wconf 75' lang='grc'>³⁸0</span> <span class='ocrx_word' id='word_1_428' title='bbox 3465 1609 3526 1667; x_wconf 89' lang='lat' dir='ltr'>in</span> <span class='ocrx_word' id='word_1_429' title='bbox 3557 1609 3682 1671; x_wconf 89' lang='lat' dir='ltr'>loco</span> <span class='ocrx_word' id='word_1_430' title='bbox 3703 1613 3793 1682; x_wconf 70' lang='lat'>3&quot;,</span> 
     </span>
    </p>
   </div>
   <div class='ocr_carea' id='block_1_64' title="bbox 2148 1686 3793 1770">
    <p class='ocr_par' dir='ltr' id='par_1_64' title="bbox 2148 1686 3793 1770">
     <span class='ocr_line' id='line_1_64' title="bbox 2148 1686 3793 1770; baseline 0.012 -30"><span class='ocrx_word' id='word_1_431' title='bbox 2148 1686 2246 1741; x_wconf 92' lang='lat' dir='ltr'>ubi</span> <span class='ocrx_word' id='word_1_432' title='bbox 2280 1689 2443 1760; x_wconf 88' lang='lat' dir='ltr'>prius</span> <span class='ocrx_word' id='word_1_433' title='bbox 2473 1690 2719 1748; x_wconf 89' lang='lat' dir='ltr'>orationi</span> <span class='ocrx_word' id='word_1_434' title='bbox 2759 1695 3021 1764; x_wconf 86' lang='lat' dir='ltr'>vacabat,</span> <span class='ocrx_word' id='word_1_435' title='bbox 3055 1697 3259 1770; x_wconf 88' lang='lat' dir='ltr'>angelo</span> <span class='ocrx_word' id='word_1_436' title='bbox 3290 1698 3523 1757; x_wconf 85' lang='lat' dir='ltr'>Domini</span> <span class='ocrx_word' id='word_1_437' title='bbox 3550 1701 3634 1758; x_wconf 90' lang='lat' dir='ltr'>ibi</span> <span class='ocrx_word' id='word_1_438' title='bbox 3657 1719 3793 1760; x_wconf 88' lang='lat' dir='ltr'>eum</span> 
     </span>
    </p>
   </div>
   <div class='ocr_carea' id='block_1_65' title="bbox 2146 1776 3877 1858">
    <p class='ocr_par' dir='ltr' id='par_1_65' title="bbox 2146 1776 3877 1858">
     <span class='ocr_line' id='line_1_65' title="bbox 2146 1776 3877 1858; baseline 0.011 -27"><span class='ocrx_word' id='word_1_439' title='bbox 2146 1776 2507 1846; x_wconf 88' lang='lat' dir='ltr'>restituente,</span> <span class='ocrx_word' id='word_1_440' title='bbox 2541 1785 2598 1835; x_wconf 88' lang='lat' dir='ltr'>et</span> <span class='ocrx_word' id='word_1_441' title='bbox 2646 1780 2855 1838; x_wconf 85' lang='lat' dir='ltr'>ultima</span> <span class='ocrx_word' id='word_1_442' title='bbox 2903 1784 3163 1841; x_wconf 89' lang='lat' dir='ltr'>oratione</span> <span class='ocrx_word' id='word_1_443' title='bbox 3210 1786 3520 1858; x_wconf 86' lang='lat' dir='ltr'>celebrata,</span> <span class='ocrx_word' id='word_1_444' title='bbox 3563 1790 3792 1849; x_wconf 85' lang='lat' dir='ltr'>animas</span> <span class='ocrx_word' id='word_1_445' title='bbox 3870 1786 3877 1791; x_wconf 77' lang='grc'><em>’</em></span> 
     </span>
    </p>
   </div>
   <div class='ocr_carea' id='block_1_66' title="bbox 2139 1865 3790 1953">
    <p class='ocr_par' dir='ltr' id='par_1_66' title="bbox 2139 1865 3790 1953">
     <span class='ocr_line' id='line_1_66' title="bbox 2139 1865 3790 1953; baseline 0.011 -33"><span class='ocrx_word' id='word_1_446' title='bbox 2139 1865 2282 1922; x_wconf 61' lang='lat' dir='ltr'>casio</span> <span class='ocrx_word' id='word_1_447' title='bbox 2308 1869 2695 1927; x_wconf 88' lang='lat' dir='ltr'>tradiderunt.</span> <span class='ocrx_word' id='word_1_448' title='bbox 2728 1872 2982 1946; x_wconf 88' lang='lat' dir='ltr'>Corpora</span> <span class='ocrx_word' id='word_1_449' title='bbox 3028 1892 3160 1931; x_wconf 92' lang='lat' dir='ltr'>vero</span> <span class='ocrx_word' id='word_1_450' title='bbox 3194 1875 3492 1935; x_wconf 86' lang='lat' dir='ltr'>Florentia</span> <span class='ocrx_word' id='word_1_451' title='bbox 3520 1880 3790 1953; x_wconf 69' lang='lat' dir='ltr'>quaedam</span> 
     </span>
    </p>
   </div>
   <div class='ocr_carea' id='block_1_67' title="bbox 2139 1953 3789 2043">
    <p class='ocr_par' dir='ltr' id='par_1_67' title="bbox 2139 1953 3789 2043">
     <span class='ocr_line' id='line_1_67' title="bbox 2139 1953 3789 2043; baseline 0.012 -35"><span class='ocrx_word' id='word_1_452' title='bbox 2139 1953 2385 2011; x_wconf 87' lang='lat' dir='ltr'>illustris</span> <span class='ocrx_word' id='word_1_453' title='bbox 2435 1958 2654 2015; x_wconf 80' lang='lat' dir='ltr'>femina</span> <span class='ocrx_word' id='word_1_454' title='bbox 2700 1965 2867 2016; x_wconf 70' lang='lat' dir='ltr'>terra:</span> <span class='ocrx_word' id='word_1_455' title='bbox 2916 1963 3158 2019; x_wconf 88' lang='lat' dir='ltr'>tradidit</span> <span class='ocrx_word' id='word_1_456' title='bbox 3185 1963 3245 2022; x_wconf 92' lang='lat' dir='ltr'>in</span> <span class='ocrx_word' id='word_1_457' title='bbox 3278 1967 3483 2024; x_wconf 89' lang='lat' dir='ltr'>eodem</span> <span class='ocrx_word' id='word_1_458' title='bbox 3513 1968 3659 2037; x_wconf 92' lang='lat' dir='ltr'>loco,</span> <span class='ocrx_word' id='word_1_459' title='bbox 3687 1971 3789 2043; x_wconf 90' lang='lat' dir='ltr'>qui</span> 
     </span>
    </p>
   </div>
   <div class='ocr_carea' id='block_1_68' title="bbox 2139 2042 3792 2132">
    <p class='ocr_par' dir='ltr' id='par_1_68' title="bbox 2139 2042 3792 2132">
     <span class='ocr_line' id='line_1_68' title="bbox 2139 2042 3792 2132; baseline 0.011 -36"><span class='ocrx_word' id='word_1_460' title='bbox 2139 2042 2354 2099; x_wconf 88' lang='lat' dir='ltr'>dicitur</span> <span class='ocrx_word' id='word_1_461' title='bbox 2386 2046 2861 2120; x_wconf 87' lang='lat' dir='ltr'>Marianus.Ejus</span> <span class='ocrx_word' id='word_1_462' title='bbox 2891 2050 3158 2107; x_wconf 89' lang='lat' dir='ltr'>ultimam</span> <span class='ocrx_word' id='word_1_463' title='bbox 3185 2054 3506 2113; x_wconf 88' lang='lat' dir='ltr'>orationem</span> <span class='ocrx_word' id='word_1_464' title='bbox 3537 2061 3650 2115; x_wconf 66' lang='lat' dir='ltr'>tuae</span> <span class='ocrx_word' id='word_1_465' title='bbox 3672 2042 3792 2132; x_wconf 88' lang='lat' dir='ltr'>glo-</span> 
     </span>
    </p>
   </div>
   <div class='ocr_carea' id='block_1_69' title="bbox 2138 2130 3789 2220">
    <p class='ocr_par' dir='ltr' id='par_1_69' title="bbox 2138 2130 3789 2220">
     <span class='ocr_line' id='line_1_69' title="bbox 2138 2130 3789 2220; baseline 0.012 -35"><span class='ocrx_word' id='word_1_466' title='bbox 2138 2130 2236 2186; x_wconf 63' lang='lat' dir='ltr'>ria:</span> <span class='ocrx_word' id='word_1_467' title='bbox 2267 2132 2600 2205; x_wconf 87' lang='lat' dir='ltr'>signiﬁcare</span> <span class='ocrx_word' id='word_1_468' title='bbox 2630 2137 2845 2205; x_wconf 88' lang='lat' dir='ltr'>curavi,</span> <span class='ocrx_word' id='word_1_469' title='bbox 2879 2143 2945 2195; x_wconf 91' lang='lat' dir='ltr'>ut</span> <span class='ocrx_word' id='word_1_470' title='bbox 2983 2139 3117 2197; x_wconf 90' lang='lat' dir='ltr'>inde</span> <span class='ocrx_word' id='word_1_471' title='bbox 3168 2158 3371 2200; x_wconf 88' lang='lat' dir='ltr'>sumas</span> <span class='ocrx_word' id='word_1_472' title='bbox 3390 2144 3480 2214; x_wconf 83' lang='grc'>³³³,</span> <span class='ocrx_word' id='word_1_473' title='bbox 3514 2162 3630 2220; x_wconf 90' lang='lat' dir='ltr'>quo</span> <span class='ocrx_word' id='word_1_474' title='bbox 3659 2130 3789 2220; x_wconf 62' lang='lat' dir='ltr'>ejus</span> 
     </span>
    </p>
   </div>
   <div class='ocr_carea' id='block_1_70' title="bbox 2138 2224 3786 2308">
    <p class='ocr_par' dir='ltr' id='par_1_70' title="bbox 2138 2224 3786 2308">
     <span class='ocr_line' id='line_1_70' title="bbox 2138 2224 3786 2308; baseline 0.01 -32"><span class='ocrx_word' id='word_1_475' title='bbox 2138 2237 2338 2278; x_wconf 89' lang='lat' dir='ltr'>amore</span> <span class='ocrx_word' id='word_1_476' title='bbox 2371 2224 2595 2293; x_wconf 89' lang='lat' dir='ltr'>ardeas,</span> <span class='ocrx_word' id='word_1_477' title='bbox 2629 2230 2685 2281; x_wconf 92' lang='lat' dir='ltr'>et</span> <span class='ocrx_word' id='word_1_478' title='bbox 2716 2228 2920 2286; x_wconf 88' lang='lat' dir='ltr'>ardore</span> <span class='ocrx_word' id='word_1_479' title='bbox 2950 2228 3138 2302; x_wconf 86' lang='lat' dir='ltr'>ipsius</span> <span class='ocrx_word' id='word_1_480' title='bbox 3169 2233 3390 2289; x_wconf 91' lang='lat' dir='ltr'>amoris</span> <span class='ocrx_word' id='word_1_481' title='bbox 3438 2238 3786 2308; x_wconf 88' lang='lat' dir='ltr'>perpetuum</span> 
     </span>
    </p>
   </div>
   <div class='ocr_carea' id='block_1_71' title="bbox 2136 2311 3788 2396">
    <p class='ocr_par' dir='ltr' id='par_1_71' title="bbox 2136 2311 3788 2396">
     <span class='ocr_line' id='line_1_71' title="bbox 2136 2311 3788 2396; baseline 0.009 -30"><span class='ocrx_word' id='word_1_482' title='bbox 2136 2311 2266 2381; x_wconf 88' lang='lat' dir='ltr'>ejus</span> <span class='ocrx_word' id='word_1_483' title='bbox 2324 2315 2711 2385; x_wconf 87' lang='lat' dir='ltr'>patrocinium</span> <span class='ocrx_word' id='word_1_484' title='bbox 2768 2320 3067 2376; x_wconf 90' lang='lat' dir='ltr'>merearis.</span> <span class='ocrx_word' id='word_1_485' title='bbox 3127 2322 3375 2388; x_wconf 83' lang='lat' dir='ltr'>Domine,</span> <span class='ocrx_word' id='word_1_486' title='bbox 3418 2323 3627 2396; x_wconf 89' lang='lat' dir='ltr'>inquit,</span> <span class='ocrx_word' id='word_1_487' title='bbox 3659 2326 3788 2383; x_wconf 74' lang='lat' dir='ltr'>Iesu</span> 
     </span>
    </p>
   </div>
   <div class='ocr_carea' id='block_1_72' title="bbox 2137 2399 3786 2481">
    <p class='ocr_par' dir='ltr' id='par_1_72' title="bbox 2137 2399 3786 2481">
     <span class='ocr_line' id='line_1_72' title="bbox 2137 2399 3786 2481; baseline 0.01 -27"><span class='ocrx_word' id='word_1_488' title='bbox 2137 2399 2347 2457; x_wconf 84' lang='lat' dir='ltr'>Christe</span> <span class='ocrx_word' id='word_1_489' title='bbox 2367 2403 2457 2468; x_wconf 83' lang='grc'><strong>³⁸³,</strong></span> <span class='ocrx_word' id='word_1_490' title='bbox 2504 2404 2590 2473; x_wconf 80' lang='lat' dir='ltr'>ﬁli</span> <span class='ocrx_word' id='word_1_491' title='bbox 2643 2405 2743 2460; x_wconf 89' lang='lat' dir='ltr'>Dei</span> <span class='ocrx_word' id='word_1_492' title='bbox 2796 2408 2926 2475; x_wconf 87' lang='lat' dir='ltr'>vivi,</span> <span class='ocrx_word' id='word_1_493' title='bbox 2971 2410 3167 2481; x_wconf 76' lang='lat' dir='ltr'>perﬁce</span> <span class='ocrx_word' id='word_1_494' title='bbox 3222 2410 3555 2469; x_wconf 77' lang='lat' dir='ltr'>desiderium</span> <span class='ocrx_word' id='word_1_495' title='bbox 3609 2414 3786 2471; x_wconf 84' lang='lat' dir='ltr'>cordis</span> 
     </span>
    </p>
   </div>
   <div class='ocr_carea' id='block_1_73' title="bbox 2134 2491 3786 2575">
    <p class='ocr_par' dir='ltr' id='par_1_73' title="bbox 2134 2491 3786 2575">
     <span class='ocr_line' id='line_1_73' title="bbox 2134 2491 3786 2575; baseline 0.01 -31"><span class='ocrx_word' id='word_1_496' title='bbox 2134 2505 2325 2545; x_wconf 81' lang='lat' dir='ltr'>eorum</span> <span class='ocrx_word' id='word_1_497' title='bbox 2342 2491 2431 2557; x_wconf 71' lang='lat'>3“,</span> <span class='ocrx_word' id='word_1_498' title='bbox 2480 2502 2530 2548; x_wconf 89' lang='lat' dir='ltr'>et</span> <span class='ocrx_word' id='word_1_499' title='bbox 2586 2494 2758 2551; x_wconf 86' lang='lat' dir='ltr'>libera</span> <span class='ocrx_word' id='word_1_500' title='bbox 2812 2511 2899 2552; x_wconf 87' lang='lat' dir='ltr'>eos</span> <span class='ocrx_word' id='word_1_501' title='bbox 2956 2497 3025 2553; x_wconf 92' lang='lat' dir='ltr'>ab</span> <span class='ocrx_word' id='word_1_502' title='bbox 3081 2501 3332 2557; x_wconf 84' lang='lat' dir='ltr'>omnibus</span> <span class='ocrx_word' id='word_1_503' title='bbox 3386 2503 3786 2575; x_wconf 80' lang='lat' dir='ltr'>impedimentis</span> 
     </span>
    </p>
   </div>
   <div class='ocr_carea' id='block_1_74' title="bbox 2136 2577 3785 2669">
    <p class='ocr_par' dir='ltr' id='par_1_74' title="bbox 2136 2577 3785 2669">
     <span class='ocr_line' id='line_1_74' title="bbox 2136 2577 3785 2669; baseline 0.011 -37"><span class='ocrx_word' id='word_1_504' title='bbox 2136 2577 2299 2651; x_wconf 85' lang='lat' dir='ltr'>hujus</span> <span class='ocrx_word' id='word_1_505' title='bbox 2326 2582 2535 2648; x_wconf 65' lang='lat' dir='ltr'>seaculi,</span> <span class='ocrx_word' id='word_1_506' title='bbox 2562 2591 2614 2638; x_wconf 90' lang='lat' dir='ltr'>et</span> <span class='ocrx_word' id='word_1_507' title='bbox 2656 2583 2861 2656; x_wconf 84' lang='lat' dir='ltr'>perduc</span> <span class='ocrx_word' id='word_1_508' title='bbox 2888 2601 2976 2642; x_wconf 88' lang='lat' dir='ltr'>eos</span> <span class='ocrx_word' id='word_1_509' title='bbox 3004 2587 3074 2642; x_wconf 87' lang='lat' dir='ltr'>ad</span> <span class='ocrx_word' id='word_1_510' title='bbox 3101 2588 3338 2659; x_wconf 81' lang='lat' dir='ltr'>gloriam</span> <span class='ocrx_word' id='word_1_511' title='bbox 3365 2599 3537 2658; x_wconf 85' lang='lat' dir='ltr'>tuam,</span> <span class='ocrx_word' id='word_1_512' title='bbox 3563 2594 3661 2669; x_wconf 88' lang='lat' dir='ltr'>qui</span> <span class='ocrx_word' id='word_1_513' title='bbox 3684 2609 3785 2666; x_wconf 81' lang='lat' dir='ltr'>pro</span> 
     </span>
    </p>
   </div>
   <div class='ocr_carea' id='block_1_75' title="bbox 2134 2669 3786 2748">
    <p class='ocr_par' dir='ltr' id='par_1_75' title="bbox 2134 2669 3786 2748">
     <span class='ocr_line' id='line_1_75' title="bbox 2134 2669 3786 2748; baseline 0.01 -24"><span class='ocrx_word' id='word_1_514' title='bbox 2134 2683 2222 2724; x_wconf 88' lang='lat' dir='ltr'>me</span> <span class='ocrx_word' id='word_1_515' title='bbox 2248 2669 2556 2741; x_wconf 76' lang='lat' dir='ltr'>gloriﬁcent</span> <span class='ocrx_word' id='word_1_516' title='bbox 2583 2679 2651 2737; x_wconf 88' lang='lat' dir='ltr'>te,</span> <span class='ocrx_word' id='word_1_517' title='bbox 2683 2681 2734 2729; x_wconf 87' lang='lat' dir='ltr'>et</span> <span class='ocrx_word' id='word_1_518' title='bbox 2762 2674 2951 2730; x_wconf 85' lang='lat' dir='ltr'>volunt</span> <span class='ocrx_word' id='word_1_519' title='bbox 2976 2677 3210 2748; x_wconf 84' lang='lat' dir='ltr'>gloriari</span> <span class='ocrx_word' id='word_1_520' title='bbox 3263 2677 3330 2734; x_wconf 83' lang='lat' dir='ltr'>de</span> <span class='ocrx_word' id='word_1_521' title='bbox 3383 2683 3495 2737; x_wconf 84' lang='lat' dir='ltr'>mei</span> <span class='ocrx_word' id='word_1_522' title='bbox 3539 2684 3786 2740; x_wconf 86' lang='lat' dir='ltr'>martirii</span> 
     </span>
    </p>
   </div>
   <div class='ocr_carea' id='block_1_76' title="bbox 2132 2759 3788 2845">
    <p class='ocr_par' dir='ltr' id='par_1_76' title="bbox 2132 2759 3788 2845">
     <span class='ocr_line' id='line_1_76' title="bbox 2132 2759 3788 2845; baseline 0.01 -34"><span class='ocrx_word' id='word_1_523' title='bbox 2132 2760 2385 2829; x_wconf 85' lang='lat' dir='ltr'>passione</span> <span class='ocrx_word' id='word_1_524' title='bbox 2404 2759 2486 2816; x_wconf 77' lang='grc'>³⁸⁸.</span> <span class='ocrx_word' id='word_1_525' title='bbox 2508 2759 2667 2817; x_wconf 91' lang='lat' dir='ltr'>Hanc</span> <span class='ocrx_word' id='word_1_526' title='bbox 2694 2777 2893 2819; x_wconf 90' lang='lat' dir='ltr'>vocem</span> <span class='ocrx_word' id='word_1_527' title='bbox 2925 2764 3242 2823; x_wconf 88' lang='lat' dir='ltr'>subsecuta</span> <span class='ocrx_word' id='word_1_528' title='bbox 3269 2770 3358 2823; x_wconf 89' lang='lat' dir='ltr'>est</span> <span class='ocrx_word' id='word_1_529' title='bbox 3388 2769 3626 2845; x_wconf 82' lang='lat' dir='ltr'>sponsio</span> <span class='ocrx_word' id='word_1_530' title='bbox 3646 2772 3788 2831; x_wconf 85' lang='lat' dir='ltr'>divi-</span> 
     </span>
    </p>
   </div>
   <div class='ocr_carea' id='block_1_77' title="bbox 2136 2848 3782 2933">
    <p class='ocr_par' dir='ltr' id='par_1_77' title="bbox 2136 2848 3782 2933">
     <span class='ocr_line' id='line_1_77' title="bbox 2136 2848 3782 2933; baseline 0.01 -32"><span class='ocrx_word' id='word_1_531' title='bbox 2136 2863 2222 2902; x_wconf 61' lang='lat' dir='ltr'>ne</span> <span class='ocrx_word' id='word_1_532' title='bbox 2256 2848 2662 2919; x_wconf 87' lang='lat' dir='ltr'>promissionis</span> <span class='ocrx_word' id='word_1_533' title='bbox 2682 2850 2769 2919; x_wconf 73' lang='grc'>³⁸⁵,</span> <span class='ocrx_word' id='word_1_534' title='bbox 2804 2854 2930 2908; x_wconf 87' lang='lat' dir='ltr'>rata</span> <span class='ocrx_word' id='word_1_535' title='bbox 2956 2856 3014 2909; x_wconf 89' lang='lat' dir='ltr'>et</span> <span class='ocrx_word' id='word_1_536' title='bbox 3042 2852 3212 2910; x_wconf 86' lang='lat' dir='ltr'>ﬁrma</span> <span class='ocrx_word' id='word_1_537' title='bbox 3259 2869 3387 2911; x_wconf 88' lang='lat' dir='ltr'>esse</span> <span class='ocrx_word' id='word_1_538' title='bbox 3426 2858 3627 2916; x_wconf 87' lang='lat' dir='ltr'>omnia</span> <span class='ocrx_word' id='word_1_539' title='bbox 3653 2874 3782 2933; x_wconf 63' lang='lat' dir='ltr'>quas</span> 
     </span>
    </p>
   </div>
   <div class='ocr_carea' id='block_1_78' title="bbox 2136 2936 3781 3017">
    <p class='ocr_par' dir='ltr' id='par_1_78' title="bbox 2136 2936 3781 3017">
     <span class='ocr_line' id='line_1_78' title="bbox 2136 2936 3781 3017; baseline 0.011 -27"><span class='ocrx_word' id='word_1_540' title='bbox 2136 2940 2417 3007; x_wconf 85' lang='lat' dir='ltr'>rogasset.</span> <span class='ocrx_word' id='word_1_541' title='bbox 2454 2936 2591 2993; x_wconf 88' lang='lat' dir='ltr'>Post</span> <span class='ocrx_word' id='word_1_542' title='bbox 2635 2937 2823 2995; x_wconf 86' lang='lat' dir='ltr'>multa</span> <span class='ocrx_word' id='word_1_543' title='bbox 2866 2956 2999 2997; x_wconf 91' lang='lat' dir='ltr'>vero</span> <span class='ocrx_word' id='word_1_544' title='bbox 3031 2940 3179 3013; x_wconf 87' lang='grc'>(161)</span> <span class='ocrx_word' id='word_1_545' title='bbox 3220 2947 3487 3017; x_wconf 89' lang='lat' dir='ltr'>tempora</span> <span class='ocrx_word' id='word_1_546' title='bbox 3534 2945 3781 3007; x_wconf 81' lang='lat' dir='ltr'>Romam</span> 
     </span>
    </p>
   </div>
   <div class='ocr_carea' id='block_1_79' title="bbox 2133 3025 3782 3111">
    <p class='ocr_par' dir='ltr' id='par_1_79' title="bbox 2133 3025 3782 3111">
     <span class='ocr_line' id='line_1_79' title="bbox 2133 3025 3782 3111; baseline 0.01 -33"><span class='ocrx_word' id='word_1_547' title='bbox 2133 3025 2372 3081; x_wconf 88' lang='lat' dir='ltr'>veniens</span> <span class='ocrx_word' id='word_1_548' title='bbox 2403 3026 2664 3097; x_wconf 91' lang='lat' dir='ltr'>quidam,</span> <span class='ocrx_word' id='word_1_549' title='bbox 2700 3026 2987 3087; x_wconf 89' lang='lat' dir='ltr'>Fulradus</span> <span class='ocrx_word' id='word_1_550' title='bbox 3017 3029 3084 3065; x_wconf 78' lang='grc'>³⁸⁷</span> <span class='ocrx_word' id='word_1_551' title='bbox 3114 3030 3373 3099; x_wconf 86' lang='lat' dir='ltr'>nomine,</span> <span class='ocrx_word' id='word_1_552' title='bbox 3404 3037 3461 3091; x_wconf 90' lang='lat' dir='ltr'>et</span> <span class='ocrx_word' id='word_1_553' title='bbox 3506 3034 3588 3091; x_wconf 91' lang='lat' dir='ltr'>ibi</span> <span class='ocrx_word' id='word_1_554' title='bbox 3617 3039 3782 3111; x_wconf 86' lang='lat' dir='ltr'>gesta</span> 
     </span>
    </p>
   </div>
   <div class='ocr_carea' id='block_1_80' title="bbox 2132 3111 3777 3197">
    <p class='ocr_par' dir='ltr' id='par_1_80' title="bbox 2132 3111 3777 3197">
     <span class='ocr_line' id='line_1_80' title="bbox 2132 3111 3777 3197; baseline 0.009 -29"><span class='ocrx_word' id='word_1_555' title='bbox 2132 3111 2330 3186; x_wconf 91' lang='lat' dir='ltr'>legens</span> <span class='ocrx_word' id='word_1_556' title='bbox 2378 3115 2615 3187; x_wconf 88' lang='lat' dir='ltr'>pretiosi</span> <span class='ocrx_word' id='word_1_557' title='bbox 2656 3116 2934 3187; x_wconf 91' lang='lat' dir='ltr'>martiris,</span> <span class='ocrx_word' id='word_1_558' title='bbox 2977 3119 3199 3175; x_wconf 88' lang='lat' dir='ltr'>notavit</span> <span class='ocrx_word' id='word_1_559' title='bbox 3241 3118 3436 3178; x_wconf 89' lang='lat' dir='ltr'>locum</span> <span class='ocrx_word' id='word_1_560' title='bbox 3484 3122 3777 3197; x_wconf 89' lang='lat' dir='ltr'>sepulcri;</span> 
     </span>
    </p>
   </div>
   <div class='ocr_carea' id='block_1_81' title="bbox 2134 3201 3778 3278">
    <p class='ocr_par' dir='ltr' id='par_1_81' title="bbox 2134 3201 3778 3278">
     <span class='ocr_line' id='line_1_81' title="bbox 2134 3201 3778 3278; baseline 0.009 -22"><span class='ocrx_word' id='word_1_561' title='bbox 2134 3201 2491 3275; x_wconf 88' lang='lat' dir='ltr'>veniensque</span> <span class='ocrx_word' id='word_1_562' title='bbox 2528 3202 2736 3260; x_wconf 90' lang='lat' dir='ltr'>levavit</span> <span class='ocrx_word' id='word_1_563' title='bbox 2764 3204 3045 3278; x_wconf 87' lang='lat' dir='ltr'>reliquias</span> <span class='ocrx_word' id='word_1_564' title='bbox 3072 3222 3289 3275; x_wconf 87' lang='lat' dir='ltr'>sacras,</span> <span class='ocrx_word' id='word_1_565' title='bbox 3314 3211 3371 3265; x_wconf 89' lang='lat' dir='ltr'>et</span> <span class='ocrx_word' id='word_1_566' title='bbox 3390 3210 3693 3273; x_wconf 81' lang='lat' dir='ltr'>collocavit</span> <span class='ocrx_word' id='word_1_567' title='bbox 3709 3212 3778 3248; x_wconf 76' lang='grc'>³⁸⁸</span> 
     </span>
    </p>
   </div>
   <div class='ocr_carea' id='block_1_82' title="bbox 2135 3291 3782 3368">
    <p class='ocr_par' dir='ltr' id='par_1_82' title="bbox 2135 3291 3782 3368">
     <span class='ocr_line' id='line_1_82' title="bbox 2135 3291 3782 3368; baseline 0.012 -23"><span class='ocrx_word' id='word_1_568' title='bbox 2135 3305 2234 3345; x_wconf 89' lang='lat' dir='ltr'>eas</span> <span class='ocrx_word' id='word_1_569' title='bbox 2248 3291 2306 3346; x_wconf 91' lang='lat' dir='ltr'>in</span> <span class='ocrx_word' id='word_1_570' title='bbox 2325 3308 2473 3364; x_wconf 86' lang='lat' dir='ltr'>pago</span> <span class='ocrx_word' id='word_1_571' title='bbox 2506 3292 2961 3350; x_wconf 87' lang='lat' dir='ltr'>Parisiaco.lnde</span> <span class='ocrx_word' id='word_1_572' title='bbox 2982 3300 3260 3368; x_wconf 87' lang='lat' dir='ltr'>regnante</span> <span class='ocrx_word' id='word_1_573' title='bbox 3282 3296 3652 3359; x_wconf 86' lang='lat' dir='ltr'>Hluthowioo</span> <span class='ocrx_word' id='word_1_574' title='bbox 3677 3301 3782 3365; x_wconf 84' lang='lat' dir='ltr'>im-</span> 
     </span>
    </p>
   </div>
   <div class='ocr_carea' id='block_1_83' title="bbox 2135 3380 3779 3464">
    <p class='ocr_par' dir='ltr' id='par_1_83' title="bbox 2135 3380 3779 3464">
     <span class='ocr_line' id='line_1_83' title="bbox 2135 3380 3779 3464; baseline 0.01 -32"><span class='ocrx_word' id='word_1_575' title='bbox 2135 3382 2416 3449; x_wconf 87' lang='lat' dir='ltr'>peratore,</span> <span class='ocrx_word' id='word_1_576' title='bbox 2449 3380 2742 3438; x_wconf 70' lang='lat' dir='ltr'>translata:</span> <span class='ocrx_word' id='word_1_577' title='bbox 2773 3385 2913 3439; x_wconf 91' lang='lat' dir='ltr'>sunt</span> <span class='ocrx_word' id='word_1_578' title='bbox 2933 3382 2993 3440; x_wconf 90' lang='lat' dir='ltr'>in</span> <span class='ocrx_word' id='word_1_579' title='bbox 3023 3383 3358 3452; x_wconf 86' lang='lat' dir='ltr'>Saxoniam,</span> <span class='ocrx_word' id='word_1_580' title='bbox 3382 3391 3525 3449; x_wconf 79' lang='lat' dir='ltr'>etut</span> <span class='ocrx_word' id='word_1_581' title='bbox 3553 3387 3779 3464; x_wconf 83' lang='lat' dir='ltr'>legatus</span> 
     </span>
    </p>
   </div>
   <div class='ocr_carea' id='block_1_84' title="bbox 2135 3466 3778 3559">
    <p class='ocr_par' dir='ltr' id='par_1_84' title="bbox 2135 3466 3778 3559">
     <span class='ocr_line' id='line_1_84' title="bbox 2135 3466 3778 3559; baseline 0.007 -36"><span class='ocrx_word' id='word_1_582' title='bbox 2135 3466 2327 3523; x_wconf 89' lang='lat' dir='ltr'>Karoli</span> <span class='ocrx_word' id='word_1_583' title='bbox 2355 3470 2659 3527; x_wconf 90' lang='lat' dir='ltr'>confessus</span> <span class='ocrx_word' id='word_1_584' title='bbox 2687 3476 2798 3539; x_wconf 91' lang='lat' dir='ltr'>est,</span> <span class='ocrx_word' id='word_1_585' title='bbox 2831 3487 2899 3528; x_wconf 83' lang='lat' dir='ltr'>ex</span> <span class='ocrx_word' id='word_1_586' title='bbox 2930 3471 3040 3529; x_wconf 90' lang='lat' dir='ltr'>hoc</span> <span class='ocrx_word' id='word_1_587' title='bbox 3070 3491 3163 3530; x_wconf 90' lang='lat' dir='ltr'>res</span> <span class='ocrx_word' id='word_1_588' title='bbox 3205 3475 3563 3535; x_wconf 87' lang='lat' dir='ltr'>Francorum</span> <span class='ocrx_word' id='word_1_589' title='bbox 3591 3495 3778 3559; x_wconf 67' lang='lat' dir='ltr'>caspe-</span> 
     </span>
    </p>
   </div>
   <div class='ocr_carea' id='block_1_85' title="bbox 2134 3557 3781 3631">
    <p class='ocr_par' dir='ltr' id='par_1_85' title="bbox 2134 3557 3781 3631">
     <span class='ocr_line' id='line_1_85' title="bbox 2134 3557 3781 3631; baseline 0.01 -21"><span class='ocrx_word' id='word_1_590' title='bbox 2134 3560 2272 3631; x_wconf 87' lang='lat' dir='ltr'>runt</span> <span class='ocrx_word' id='word_1_591' title='bbox 2301 3557 2509 3625; x_wconf 89' lang='lat' dir='ltr'>minui,</span> <span class='ocrx_word' id='word_1_592' title='bbox 2544 3559 2838 3615; x_wconf 81' lang='lat' dir='ltr'>Saxonum</span> <span class='ocrx_word' id='word_1_593' title='bbox 2868 3577 3001 3617; x_wconf 90' lang='lat' dir='ltr'>vero</span> <span class='ocrx_word' id='word_1_594' title='bbox 3033 3578 3307 3631; x_wconf 87' lang='lat' dir='ltr'>crescere,</span> <span class='ocrx_word' id='word_1_595' title='bbox 3340 3565 3524 3623; x_wconf 86' lang='lat' dir='ltr'>donec</span> <span class='ocrx_word' id='word_1_596' title='bbox 3549 3567 3619 3607; x_wconf 70' lang='lat'>3”</span> <span class='ocrx_word' id='word_1_597' title='bbox 3638 3557 3781 3626; x_wconf 88' lang='lat' dir='ltr'>dila-</span> 
     </span>
    </p>
   </div>
   <div class='ocr_carea' id='block_1_86' title="bbox 2133 3630 3779 3722">
    <p class='ocr_par' dir='ltr' id='par_1_86' title="bbox 2133 3630 3779 3722">
     <span class='ocr_line' id='line_1_86' title="bbox 2133 3630 3779 3722; baseline 0.009 -23"><span class='ocrx_word' id='word_1_598' title='bbox 2133 3630 2266 3700; x_wconf 78' lang='lat' dir='ltr'>tatae</span> <span class='ocrx_word' id='word_1_599' title='bbox 2291 3644 2421 3717; x_wconf 90' lang='lat' dir='ltr'>ipsa</span> <span class='ocrx_word' id='word_1_600' title='bbox 2450 3664 2560 3704; x_wconf 87' lang='lat' dir='ltr'>sua</span> <span class='ocrx_word' id='word_1_601' title='bbox 2579 3648 2707 3720; x_wconf 88' lang='lat' dir='ltr'>jam</span> <span class='ocrx_word' id='word_1_602' title='bbox 2738 3650 2807 3684; x_wconf 70' lang='lat'>39°</span> <span class='ocrx_word' id='word_1_603' title='bbox 2836 3650 3245 3722; x_wconf 88' lang='lat' dir='ltr'>magnitudine</span> <span class='ocrx_word' id='word_1_604' title='bbox 3273 3651 3561 3722; x_wconf 88' lang='lat' dir='ltr'>laborant,</span> <span class='ocrx_word' id='word_1_605' title='bbox 3602 3659 3668 3713; x_wconf 90' lang='lat' dir='ltr'>ut</span> <span class='ocrx_word' id='word_1_606' title='bbox 3694 3656 3779 3714; x_wconf 90' lang='lat' dir='ltr'>vi-</span> 
     </span>
    </p>
   </div>
   <div class='ocr_carea' id='block_1_87' title="bbox 2132 3733 3781 3816">
    <p class='ocr_par' dir='ltr' id='par_1_87' title="bbox 2132 3733 3781 3816">
     <span class='ocr_line' id='line_1_87' title="bbox 2132 3733 3781 3816; baseline 0.009 -29"><span class='ocrx_word' id='word_1_607' title='bbox 2132 3733 2339 3789; x_wconf 89' lang='lat' dir='ltr'>demus</span> <span class='ocrx_word' id='word_1_608' title='bbox 2372 3734 2429 3789; x_wconf 93' lang='lat' dir='ltr'>in</span> <span class='ocrx_word' id='word_1_609' title='bbox 2460 3753 2656 3813; x_wconf 85' lang='lat' dir='ltr'>amore</span> <span class='ocrx_word' id='word_1_610' title='bbox 2688 3738 2892 3792; x_wconf 90' lang='lat' dir='ltr'>mundi</span> <span class='ocrx_word' id='word_1_611' title='bbox 2922 3743 2981 3793; x_wconf 87' lang='lat' dir='ltr'>et</span> <span class='ocrx_word' id='word_1_612' title='bbox 3009 3739 3188 3796; x_wconf 90' lang='lat' dir='ltr'>totius</span> <span class='ocrx_word' id='word_1_613' title='bbox 3217 3740 3375 3797; x_wconf 90' lang='lat' dir='ltr'>orbis</span> <span class='ocrx_word' id='word_1_614' title='bbox 3405 3742 3781 3816; x_wconf 79' lang='lat' dir='ltr'>oapite,patre</span> 
     </span>
    </p>
   </div>
   <div class='ocr_carea' id='block_1_88' title="bbox 2131 3825 3779 3898">
    <p class='ocr_par' dir='ltr' id='par_1_88' title="bbox 2131 3825 3779 3898">
     <span class='ocr_line' id='line_1_88' title="bbox 2131 3825 3779 3898; baseline 0.004 -16"><span class='ocrx_word' id='word_1_615' title='bbox 2131 3830 2258 3895; x_wconf 88' lang='lat' dir='ltr'>tuo,</span> <span class='ocrx_word' id='word_1_616' title='bbox 2289 3827 2460 3897; x_wconf 87' lang='lat' dir='ltr'>cujus</span> <span class='ocrx_word' id='word_1_617' title='bbox 2486 3825 2754 3897; x_wconf 67' lang='lat' dir='ltr'>potentiae</span> <span class='ocrx_word' id='word_1_618' title='bbox 2786 3827 3152 3898; x_wconf 87' lang='lat' dir='ltr'>majestatem</span> <span class='ocrx_word' id='word_1_619' title='bbox 3175 3845 3290 3885; x_wconf 92' lang='lat' dir='ltr'>non</span> <span class='ocrx_word' id='word_1_620' title='bbox 3321 3830 3513 3886; x_wconf 89' lang='lat' dir='ltr'>solum</span> <span class='ocrx_word' id='word_1_621' title='bbox 3546 3831 3779 3891; x_wconf 79' lang='lat' dir='ltr'>Germa-</span> 
     </span>
    </p>
   </div>
   <div class='ocr_carea' id='block_1_89' title="bbox 2134 3914 3776 3992">
    <p class='ocr_par' dir='ltr' id='par_1_89' title="bbox 2134 3914 3776 3992">
     <span class='ocr_line' id='line_1_89' title="bbox 2134 3914 3776 3992; baseline 0.001 -18"><span class='ocrx_word' id='word_1_622' title='bbox 2134 3918 2250 3989; x_wconf 86' lang='lat' dir='ltr'>nia,</span> <span class='ocrx_word' id='word_1_623' title='bbox 2287 3917 2452 3973; x_wconf 90' lang='lat' dir='ltr'>Italia</span> <span class='ocrx_word' id='word_1_624' title='bbox 2481 3919 2655 3986; x_wconf 90' lang='lat' dir='ltr'>atque</span> <span class='ocrx_word' id='word_1_625' title='bbox 2686 3914 2892 3981; x_wconf 89' lang='lat' dir='ltr'>Gallia,</span> <span class='ocrx_word' id='word_1_626' title='bbox 2927 3917 3028 3971; x_wconf 90' lang='lat' dir='ltr'>sed</span> <span class='ocrx_word' id='word_1_627' title='bbox 3062 3920 3183 3971; x_wconf 88' lang='lat' dir='ltr'>tota</span> <span class='ocrx_word' id='word_1_628' title='bbox 3230 3918 3348 3973; x_wconf 90' lang='lat' dir='ltr'>fere</span> <span class='ocrx_word' id='word_1_629' title='bbox 3390 3919 3621 3992; x_wconf 88' lang='lat' dir='ltr'>Europa</span> <span class='ocrx_word' id='word_1_630' title='bbox 3660 3937 3776 3977; x_wconf 92' lang='lat' dir='ltr'>non</span> 
     </span>
    </p>
   </div>
   <div class='ocr_carea' id='block_1_90' title="bbox 2133 4002 3775 4080">
    <p class='ocr_par' dir='ltr' id='par_1_90' title="bbox 2133 4002 3775 4080">
     <span class='ocr_line' id='line_1_90' title="bbox 2133 4002 3775 4080; baseline 0.001 -17"><span class='ocrx_word' id='word_1_631' title='bbox 2133 4006 2403 4063; x_wconf 88' lang='lat' dir='ltr'>sustinet.</span> <span class='ocrx_word' id='word_1_632' title='bbox 2454 4003 2637 4060; x_wconf 90' lang='lat' dir='ltr'>Colito</span> <span class='ocrx_word' id='word_1_633' title='bbox 2686 4002 2885 4075; x_wconf 88' lang='lat' dir='ltr'>itaque</span> <span class='ocrx_word' id='word_1_634' title='bbox 2929 4006 3160 4059; x_wconf 89' lang='lat' dir='ltr'>tantum</span> <span class='ocrx_word' id='word_1_635' title='bbox 3190 4005 3256 4040; x_wconf 79' lang='grc'>³⁹¹</span> <span class='ocrx_word' id='word_1_636' title='bbox 3289 4008 3625 4077; x_wconf 88' lang='lat' dir='ltr'>patronum,</span> <span class='ocrx_word' id='word_1_637' title='bbox 3657 4024 3775 4080; x_wconf 92' lang='lat' dir='ltr'>quo</span> 
     </span>
    </p>
   </div>
   <div class='ocr_carea' id='block_1_91' title="bbox 2133 4090 3778 4160">
    <p class='ocr_par' dir='ltr' id='par_1_91' title="bbox 2133 4090 3778 4160">
     <span class='ocr_line' id='line_1_91' title="bbox 2133 4090 3778 4160; baseline 0.001 -9"><span class='ocrx_word' id='word_1_638' title='bbox 2133 4095 2494 4160; x_wconf 80' lang='lat' dir='ltr'>adveniente,</span> <span class='ocrx_word' id='word_1_639' title='bbox 2529 4090 2779 4147; x_wconf 82' lang='lat' dir='ltr'>Saxonia</span> <span class='ocrx_word' id='word_1_640' title='bbox 2827 4105 2895 4145; x_wconf 80' lang='lat' dir='ltr'>ex</span> <span class='ocrx_word' id='word_1_641' title='bbox 2943 4108 3109 4151; x_wconf 79' lang='lat' dir='ltr'>serva</span> <span class='ocrx_word' id='word_1_642' title='bbox 3156 4093 3308 4151; x_wconf 78' lang='lat' dir='ltr'>facta</span> <span class='ocrx_word' id='word_1_643' title='bbox 3355 4096 3446 4149; x_wconf 86' lang='lat' dir='ltr'>est</span> <span class='ocrx_word' id='word_1_644' title='bbox 3486 4093 3673 4152; x_wconf 86' lang='lat' dir='ltr'>libera</span> <span class='ocrx_word' id='word_1_645' title='bbox 3717 4100 3778 4153; x_wconf 87' lang='lat' dir='ltr'>et</span> 
     </span>
    </p>
   </div>
   <div class='ocr_carea' id='block_1_92' title="bbox 2133 4178 3777 4257">
    <p class='ocr_par' dir='ltr' id='par_1_92' title="bbox 2133 4178 3777 4257">
     <span class='ocr_line' id='line_1_92' title="bbox 2133 4178 3777 4257; baseline 0.001 -18"><span class='ocrx_word' id='word_1_646' title='bbox 2133 4200 2202 4241; x_wconf 85' lang='lat' dir='ltr'>ex</span> <span class='ocrx_word' id='word_1_647' title='bbox 2228 4181 2539 4239; x_wconf 86' lang='lat' dir='ltr'>tributaria</span> <span class='ocrx_word' id='word_1_648' title='bbox 2584 4178 2906 4234; x_wconf 89' lang='lat' dir='ltr'>multarum</span> <span class='ocrx_word' id='word_1_649' title='bbox 2964 4179 3229 4251; x_wconf 84' lang='lat' dir='ltr'>gentium</span> <span class='ocrx_word' id='word_1_650' title='bbox 3285 4180 3543 4239; x_wconf 86' lang='lat' dir='ltr'>domina.</span> <span class='ocrx_word' id='word_1_651' title='bbox 3577 4183 3777 4257; x_wconf 82' lang='lat' dir='ltr'>Neque</span> 
     </span>
    </p>
   </div>
   <div class='ocr_carea' id='block_1_93' title="bbox 2132 4267 3777 4346">
    <p class='ocr_par' dir='ltr' id='par_1_93' title="bbox 2132 4267 3777 4346">
     <span class='ocr_line' id='line_1_93' title="bbox 2132 4267 3777 4346; baseline 0.002 -19"><span class='ocrx_word' id='word_1_652' title='bbox 2132 4273 2289 4333; x_wconf 82' lang='lat' dir='ltr'>enim</span> <span class='ocrx_word' id='word_1_653' title='bbox 2319 4270 2454 4327; x_wconf 87' lang='lat' dir='ltr'>talis</span> <span class='ocrx_word' id='word_1_654' title='bbox 2476 4284 2542 4326; x_wconf 89' lang='lat' dir='ltr'>ac</span> <span class='ocrx_word' id='word_1_655' title='bbox 2562 4269 2763 4324; x_wconf 86' lang='lat' dir='ltr'>tantus</span> <span class='ocrx_word' id='word_1_656' title='bbox 2796 4267 3013 4323; x_wconf 89' lang='lat' dir='ltr'>summi</span> <span class='ocrx_word' id='word_1_657' title='bbox 3030 4268 3130 4325; x_wconf 91' lang='lat' dir='ltr'>Dei</span> <span class='ocrx_word' id='word_1_658' title='bbox 3152 4268 3221 4305; x_wconf 68' lang='grc' dir='ltr'>³η</span> <span class='ocrx_word' id='word_1_659' title='bbox 3238 4270 3464 4327; x_wconf 89' lang='lat' dir='ltr'>amicus</span> <span class='ocrx_word' id='word_1_660' title='bbox 3479 4271 3565 4328; x_wconf 90' lang='lat' dir='ltr'>tui</span> <span class='ocrx_word' id='word_1_661' title='bbox 3586 4274 3777 4346; x_wconf 87' lang='lat' dir='ltr'>gratia</span> 
     </span>
    </p>
   </div>
   <div class='ocr_carea' id='block_1_94' title="bbox 2130 4354 3781 4435">
    <p class='ocr_par' dir='ltr' id='par_1_94' title="bbox 2130 4354 3781 4435">
     <span class='ocr_line' id='line_1_94' title="bbox 2130 4354 3781 4435; baseline -0.001 -16"><span class='ocrx_word' id='word_1_662' title='bbox 2130 4362 2374 4435; x_wconf 87' lang='lat' dir='ltr'>indiget,</span> <span class='ocrx_word' id='word_1_663' title='bbox 2407 4375 2512 4415; x_wconf 91' lang='lat' dir='ltr'>nos</span> <span class='ocrx_word' id='word_1_664' title='bbox 2540 4374 2673 4414; x_wconf 90' lang='lat' dir='ltr'>vero</span> <span class='ocrx_word' id='word_1_665' title='bbox 2704 4355 2910 4414; x_wconf 83' lang='lat' dir='ltr'>famuli</span> <span class='ocrx_word' id='word_1_666' title='bbox 2940 4354 3128 4430; x_wconf 88' lang='lat' dir='ltr'>ipsius</span> <span class='ocrx_word' id='word_1_667' title='bbox 3160 4357 3685 4432; x_wconf 86' lang='lat' dir='ltr'>indigemus.Unde</span> <span class='ocrx_word' id='word_1_668' title='bbox 3713 4365 3781 4421; x_wconf 87' lang='lat' dir='ltr'>ut</span> 
     </span>
    </p>
   </div>
   <div class='ocr_carea' id='block_1_95' title="bbox 2131 4447 3775 4522">
    <p class='ocr_par' dir='ltr' id='par_1_95' title="bbox 2131 4447 3775 4522">
     <span class='ocr_line' id='line_1_95' title="bbox 2131 4447 3775 4522; baseline -0.002 -15"><span class='ocrx_word' id='word_1_669' title='bbox 2131 4467 2265 4510; x_wconf 88' lang='lat' dir='ltr'>eum</span> <span class='ocrx_word' id='word_1_670' title='bbox 2297 4450 2488 4522; x_wconf 90' lang='lat' dir='ltr'>possis</span> <span class='ocrx_word' id='word_1_671' title='bbox 2516 4447 2729 4504; x_wconf 90' lang='lat' dir='ltr'>habere</span> <span class='ocrx_word' id='word_1_672' title='bbox 2784 4448 3228 4505; x_wconf 86' lang='lat' dir='ltr'>intercessorem</span> <span class='ocrx_word' id='word_1_673' title='bbox 3279 4449 3435 4521; x_wconf 85' lang='lat' dir='ltr'>apud</span> <span class='ocrx_word' id='word_1_674' title='bbox 3482 4447 3775 4513; x_wconf 61' lang='lat' dir='ltr'>celestem</span> 
     </span>
    </p>
   </div>
   <div class='ocr_carea' id='block_1_96' title="bbox 1726 4600 2421 4662">
    <p class='ocr_par' dir='ltr' id='par_1_96' title="bbox 1726 4600 2421 4662">
     <span class='ocr_line' id='line_1_96' title="bbox 1726 4600 2421 4662; baseline -0.003 -5"><span class='ocrx_word' id='word_1_675' title='bbox 1726 4603 1966 4661; x_wconf 76' lang='lat' dir='ltr'>VARle</span> <span class='ocrx_word' id='word_1_676' title='bbox 2004 4600 2421 4662; x_wconf 86' lang='lat' dir='ltr'>LECTIONES.</span> 
     </span>
    </p>
   </div>
   <div class='ocr_carea' id='block_1_97' title="bbox 445 4720 3772 4828">
    <p class='ocr_par' dir='ltr' id='par_1_97' title="bbox 445 4720 3772 4828">
     <span class='ocr_line' id='line_1_97' title="bbox 445 4720 3772 4828; baseline 0 -48"><span class='ocrx_word' id='word_1_677' title='bbox 445 4725 518 4761; x_wconf 71' lang='grc'>³³⁸</span> <span class='ocrx_word' id='word_1_678' title='bbox 546 4725 993 4781; x_wconf 84' lang='lat' dir='ltr'>confirmaretur</span> <span class='ocrx_word' id='word_1_679' title='bbox 1019 4726 1073 4781; x_wconf 91' lang='lat'>3.</span> <span class='ocrx_word' id='word_1_680' title='bbox 1132 4727 1200 4763; x_wconf 75' lang='grc'>³⁶⁰</span> <span class='ocrx_word' id='word_1_681' title='bbox 1225 4728 1504 4828; x_wconf 70' lang='lat' dir='ltr'>quoniam</span> <span class='ocrx_word' id='word_1_682' title='bbox 1533 4729 1598 4782; x_wconf 88' lang='lat' dir='ltr'>A.</span> <span class='ocrx_word' id='word_1_683' title='bbox 1629 4730 1693 4763; x_wconf 80' lang='grc'>⁸⁶¹</span> <span class='ocrx_word' id='word_1_684' title='bbox 1755 4728 1901 4785; x_wconf 85' lang='lat' dir='ltr'>deest</span> <span class='ocrx_word' id='word_1_685' title='bbox 1928 4731 1977 4784; x_wconf 94' lang='lat'>1.</span> <span class='ocrx_word' id='word_1_686' title='bbox 2012 4730 2080 4765; x_wconf 73' lang='grc'>³⁵³</span> <span class='ocrx_word' id='word_1_687' title='bbox 2146 4726 2380 4783; x_wconf 90' lang='lat' dir='ltr'>dionisii</span> <span class='ocrx_word' id='word_1_688' title='bbox 2410 4724 2549 4780; x_wconf 86' lang='lat' dir='ltr'>alibi</span> <span class='ocrx_word' id='word_1_689' title='bbox 2573 4722 2824 4795; x_wconf 83' lang='lat' dir='ltr'>dyonisii</span> <span class='ocrx_word' id='word_1_690' title='bbox 2857 4724 2906 4778; x_wconf 96' lang='lat'>1.</span> <span class='ocrx_word' id='word_1_691' title='bbox 2941 4720 3193 4828; x_wconf 41' lang='lat' dir='ltr'>diongasii</span> <span class='ocrx_word' id='word_1_692' title='bbox 3224 4725 3297 4804; x_wconf 38' lang='lat' dir='ltr'>At</span> <span class='ocrx_word' id='word_1_693' title='bbox 3324 4720 3380 4777; x_wconf 87' lang='lat'>3.</span> <span class='ocrx_word' id='word_1_694' title='bbox 3400 4791 3414 4805; x_wconf 49' lang='lat'><strong><em>.</em></strong></span> <span class='ocrx_word' id='word_1_695' title='bbox 3449 4722 3518 4758; x_wconf 72' lang='grc'>³⁸³</span> <span class='ocrx_word' id='word_1_696' title='bbox 3547 4722 3693 4780; x_wconf 79' lang='lat' dir='ltr'>deest</span> <span class='ocrx_word' id='word_1_697' title='bbox 3713 4723 3772 4781; x_wconf 88' lang='lat'>3.</span> 
     </span>
     <span class='ocr_line' id='line_1_98' title="bbox 474 4793 3772 4828; baseline 0 0"><span class='ocrx_word' id='word_1_698' title='bbox 474 4795 807 4828; x_wconf 57' lang='grc' dir='ltr'>πηνήκην.ηηῖ</span> <span class='ocrx_word' id='word_1_699' title='bbox 867 4797 893 4828; x_wconf 84' lang='grc' dir='ltr'>Λ</span> <span class='ocrx_word' id='word_1_700' title='bbox 973 4797 1226 4828; x_wconf 56' lang='grc' dir='ltr'>Μῆτις-νη...</span> <span class='ocrx_word' id='word_1_701' title='bbox 1279 4798 1290 4828; x_wconf 75' lang='grc' dir='ltr'>ἕ</span> <span class='ocrx_word' id='word_1_702' title='bbox 1333 4799 1366 4828; x_wconf 78' lang='lat'><strong>9</strong></span> <span class='ocrx_word' id='word_1_703' title='bbox 1427 4798 1495 4828; x_wconf 73' lang='lat'>365</span> <span class='ocrx_word' id='word_1_704' title='bbox 1531 4798 1650 4828; x_wconf 64' lang='grc'><strong>1242..</strong></span> <span class='ocrx_word' id='word_1_705' title='bbox 1693 4800 1726 4828; x_wconf 80' lang='lat' dir='ltr'><strong>o</strong></span> <span class='ocrx_word' id='word_1_706' title='bbox 1783 4799 1928 4828; x_wconf 72' lang='lat' dir='ltr'>l..-:..</span> <span class='ocrx_word' id='word_1_707' title='bbox 1983 4802 2007 4828; x_wconf 82' lang='grc' dir='ltr'><strong>Α</strong></span> <span class='ocrx_word' id='word_1_708' title='bbox 2082 4800 2115 4828; x_wconf 75' lang='lat'><strong>9</strong></span> <span class='ocrx_word' id='word_1_709' title='bbox 2175 4798 2243 4828; x_wconf 67' lang='grc' dir='ltr'>ΜΒ</span> <span class='ocrx_word' id='word_1_710' title='bbox 2274 4811 2486 4828; x_wconf 63' lang='grc' dir='ltr'>..η-..ηοηα</span> <span class='ocrx_word' id='word_1_711' title='bbox 2518 4794 2697 4828; x_wconf 62' lang='lat' dir='ltr'>{nanQ</span> <span class='ocrx_word' id='word_1_712' title='bbox 2757 4794 2825 4828; x_wconf 76' lang='lat'>387</span> <span class='ocrx_word' id='word_1_713' title='bbox 2855 4797 2939 4828; x_wconf 63' lang='grc' dir='ltr'>σοι</span> <span class='ocrx_word' id='word_1_714' title='bbox 2974 4794 2995 4828; x_wconf 76' lang='grc'><strong>4</strong></span> <span class='ocrx_word' id='word_1_715' title='bbox 3164 4796 3411 4828; x_wconf 60' lang='grc' dir='ltr'>υοοθιιηθι</span> <span class='ocrx_word' id='word_1_716' title='bbox 3458 4794 3480 4828; x_wconf 74' lang='grc'><strong><em>4</em></strong></span> <span class='ocrx_word' id='word_1_717' title='bbox 3550 4794 3620 4828; x_wconf 66' lang='grc' dir='ltr'>διο</span> <span class='ocrx_word' id='word_1_718' title='bbox 3648 4793 3772 4828; x_wconf 72' lang='grc' dir='ltr'>ιρι...</span> 
     </span>
    </p>
   </div>
   <div class='ocr_carea' id='block_1_98' title="bbox 370 4794 3026 4870">
    <p class='ocr_par' dir='ltr' id='par_1_98' title="bbox 370 4794 3026 4870">
     <span class='ocr_line' id='line_1_99' title="bbox 370 4794 3026 4870; baseline -0.001 -20"><span class='ocrx_word' id='word_1_719' title='bbox 370 4797 443 4833; x_wconf 67' lang='grc'>³⁶⁴</span> <span class='ocrx_word' id='word_1_720' title='bbox 467 4795 825 4870; x_wconf 49' lang='grc' dir='ltr'>ῃρῐυιῐηριιῃζ</span> <span class='ocrx_word' id='word_1_721' title='bbox 857 4797 923 4850; x_wconf 87' lang='grc' dir='ltr'>Α.</span> <span class='ocrx_word' id='word_1_722' title='bbox 973 4794 1292 4870; x_wconf 81' lang='lat' dir='ltr'>Normandi</span> <span class='ocrx_word' id='word_1_723' title='bbox 1332 4799 1386 4853; x_wconf 92' lang='lat'>3.</span> <span class='ocrx_word' id='word_1_724' title='bbox 1427 4798 1656 4870; x_wconf 12' lang='lat' dir='ltr'>militia</span> <span class='ocrx_word' id='word_1_725' title='bbox 1693 4800 1746 4854; x_wconf 90' lang='lat'>2.</span> <span class='ocrx_word' id='word_1_726' title='bbox 1783 4799 1935 4870; x_wconf 86' lang='lat' dir='ltr'>lycia</span> <span class='ocrx_word' id='word_1_727' title='bbox 1972 4802 2039 4856; x_wconf 87' lang='lat' dir='ltr'>A.</span> <span class='ocrx_word' id='word_1_728' title='bbox 2078 4800 2136 4856; x_wconf 92' lang='grc'><strong>3.</strong></span> <span class='ocrx_word' id='word_1_729' title='bbox 2175 4798 2243 4870; x_wconf 49' lang='grc'>³⁸1⁵</span> <span class='ocrx_word' id='word_1_730' title='bbox 2274 4811 2488 4870; x_wconf 69' lang='lat' dir='ltr'>praeses</span> <span class='ocrx_word' id='word_1_731' title='bbox 2518 4794 2644 4870; x_wconf 79' lang='lat' dir='ltr'>ipse</span> <span class='ocrx_word' id='word_1_732' title='bbox 2662 4794 2716 4850; x_wconf 87' lang='grc'><strong>3.</strong></span> <span class='ocrx_word' id='word_1_733' title='bbox 2733 4794 2825 4870; x_wconf 55' lang='lat' dir='ltr'>ff&quot;</span> <span class='ocrx_word' id='word_1_734' title='bbox 2854 4797 2944 4870; x_wconf 76' lang='lat' dir='ltr'>set</span> <span class='ocrx_word' id='word_1_735' title='bbox 2974 4794 3026 4851; x_wconf 87' lang='lat'>1.</span> 
     </span>
    </p>
   </div>
   <div class='ocr_carea' id='block_1_99' title="bbox 3164 4791 3774 4867">
    <p class='ocr_par' dir='ltr' id='par_1_99' title="bbox 3164 4791 3774 4867">
     <span class='ocr_line' id='line_1_100' title="bbox 3164 4791 3774 4867; baseline 0.002 0"><span class='ocrx_word' id='word_1_736' title='bbox 3164 4791 3416 4867; x_wconf 49' lang='lat' dir='ltr'>restituti</span> <span class='ocrx_word' id='word_1_737' title='bbox 3458 4794 3513 4867; x_wconf 62' lang='lat'>1-,</span> <span class='ocrx_word' id='word_1_738' title='bbox 3528 4794 3620 4867; x_wconf 61' lang='lat' dir='ltr'>-“P</span> <span class='ocrx_word' id='word_1_739' title='bbox 3648 4793 3774 4867; x_wconf 70' lang='lat' dir='ltr'>vias</span> 
     </span>
    </p>
   </div>
   <div class='ocr_carea' id='block_1_100' title="bbox 376 4862 3768 4950">
    <p class='ocr_par' dir='ltr' id='par_1_100' title="bbox 376 4862 3768 4950">
     <span class='ocr_line' id='line_1_101' title="bbox 376 4862 3768 4950; baseline -0.001 -27"><span class='ocrx_word' id='word_1_740' title='bbox 376 4870 430 4923; x_wconf 93' lang='lat'>1.</span> <span class='ocrx_word' id='word_1_741' title='bbox 467 4866 626 4923; x_wconf 87' lang='lat' dir='ltr'>Hilas</span> <span class='ocrx_word' id='word_1_742' title='bbox 649 4867 704 4922; x_wconf 91' lang='lat'>3.</span> <span class='ocrx_word' id='word_1_743' title='bbox 762 4867 832 4901; x_wconf 67' lang='lat'>37°</span> <span class='ocrx_word' id='word_1_744' title='bbox 862 4867 1234 4950; x_wconf 43' lang='lat' dir='ltr'>navigavit-1.</span> <span class='ocrx_word' id='word_1_745' title='bbox 1255 4870 1356 4950; x_wconf 48' lang='lat' dir='ltr'>n3“</span> <span class='ocrx_word' id='word_1_746' title='bbox 1385 4869 1776 4950; x_wconf 37' lang='lat' dir='ltr'>“cottidianum</span> <span class='ocrx_word' id='word_1_747' title='bbox 1806 4862 1988 4950; x_wconf 40' lang='lat'>2.37}</span> <span class='ocrx_word' id='word_1_748' title='bbox 2019 4862 2569 4950; x_wconf 62' lang='lat' dir='ltr'>administrantibus</span> <span class='ocrx_word' id='word_1_749' title='bbox 2828 4863 2984 4950; x_wconf 74' lang='lat' dir='ltr'>enim</span> <span class='ocrx_word' id='word_1_750' title='bbox 3136 4864 3215 4950; x_wconf 42' lang='lat'>31:.</span> <span class='ocrx_word' id='word_1_751' title='bbox 3232 4863 3358 4950; x_wconf 53' lang='lat' dir='ltr'>add:</span> <span class='ocrx_word' id='word_1_752' title='bbox 3391 4862 3545 4950; x_wconf 72' lang='lat' dir='ltr'>beati</span> <span class='ocrx_word' id='word_1_753' title='bbox 3579 4865 3630 4919; x_wconf 91' lang='lat'>1.</span> <span class='ocrx_word' id='word_1_754' title='bbox 3650 4862 3768 4950; x_wconf 53' lang='grc' dir='ltr'>ξας.</span> 
     </span>
    </p>
   </div>
   <div class='ocr_carea' id='block_1_101' title="bbox 371 4933 3767 4999">
    <p class='ocr_par' dir='ltr' id='par_1_101' title="bbox 371 4933 3767 4999">
     <span class='ocr_line' id='line_1_102' title="bbox 371 4933 3767 4999; baseline -0.001 -5"><span class='ocrx_word' id='word_1_755' title='bbox 371 4955 566 4994; x_wconf 88' lang='lat' dir='ltr'>manu.</span> <span class='ocrx_word' id='word_1_756' title='bbox 643 4939 712 4973; x_wconf 74' lang='grc'>³⁷³</span> <span class='ocrx_word' id='word_1_757' title='bbox 740 4941 873 4993; x_wconf 91' lang='lat' dir='ltr'>tura</span> <span class='ocrx_word' id='word_1_758' title='bbox 902 4940 955 4993; x_wconf 92' lang='lat'>1.</span> <span class='ocrx_word' id='word_1_759' title='bbox 1001 4933 1096 4973; x_wconf 56' lang='lat'>&quot;375</span> <span class='ocrx_word' id='word_1_760' title='bbox 1125 4938 1224 4994; x_wconf 91' lang='lat' dir='ltr'>illo</span> <span class='ocrx_word' id='word_1_761' title='bbox 1255 4941 1308 4995; x_wconf 91' lang='lat'>3.</span> <span class='ocrx_word' id='word_1_762' title='bbox 1384 4941 1450 4975; x_wconf 79' lang='grc'>³⁷⁷</span> <span class='ocrx_word' id='word_1_763' title='bbox 1482 4940 1704 4997; x_wconf 88' lang='lat' dir='ltr'>diutius</span> <span class='ocrx_word' id='word_1_764' title='bbox 1731 4944 1786 4996; x_wconf 91' lang='lat'>2.</span> <span class='ocrx_word' id='word_1_765' title='bbox 1845 4943 1913 4977; x_wconf 77' lang='grc'>³⁷⁸</span> <span class='ocrx_word' id='word_1_766' title='bbox 1942 4942 2088 4999; x_wconf 86' lang='lat' dir='ltr'>deest</span> <span class='ocrx_word' id='word_1_767' title='bbox 2111 4945 2167 4998; x_wconf 89' lang='lat'>2.</span> <span class='ocrx_word' id='word_1_768' title='bbox 2227 4942 2296 4975; x_wconf 72' lang='lat'>379</span> <span class='ocrx_word' id='word_1_769' title='bbox 2324 4938 2582 4995; x_wconf 90' lang='lat' dir='ltr'>tonitruo</span> <span class='ocrx_word' id='word_1_770' title='bbox 2610 4940 2666 4992; x_wconf 92' lang='lat'>2.</span> <span class='ocrx_word' id='word_1_771' title='bbox 2727 4936 2796 4971; x_wconf 80' lang='grc'>³⁸⁰</span> <span class='ocrx_word' id='word_1_772' title='bbox 2822 4935 2987 4990; x_wconf 84' lang='lat' dir='ltr'>deest.</span> <span class='ocrx_word' id='word_1_773' title='bbox 3019 4937 3073 4992; x_wconf 91' lang='lat'>2.</span> <span class='ocrx_word' id='word_1_774' title='bbox 3152 4934 3216 4967; x_wconf 81' lang='grc'>³⁸¹</span> <span class='ocrx_word' id='word_1_775' title='bbox 3251 4934 3311 4988; x_wconf 92' lang='lat' dir='ltr'>in</span> <span class='ocrx_word' id='word_1_776' title='bbox 3333 4933 3458 4990; x_wconf 91' lang='lat' dir='ltr'>loco</span> <span class='ocrx_word' id='word_1_777' title='bbox 3487 4934 3683 4992; x_wconf 84' lang='lat' dir='ltr'>desunt</span> <span class='ocrx_word' id='word_1_778' title='bbox 3716 4938 3767 4992; x_wconf 93' lang='lat'>1.</span> 
     </span>
    </p>
   </div>
   <div class='ocr_carea' id='block_1_102' title="bbox 374 5009 2469 5091">
    <p class='ocr_par' dir='ltr' id='par_1_102' title="bbox 374 5009 2469 5091">
     <span class='ocr_line' id='line_1_103' title="bbox 374 5009 2469 5091; baseline -0 -26"><span class='ocrx_word' id='word_1_779' title='bbox 374 5011 444 5045; x_wconf 78' lang='grc'>³³³</span> <span class='ocrx_word' id='word_1_780' title='bbox 476 5015 539 5091; x_wconf 80' lang='lat' dir='ltr'>ut</span> <span class='ocrx_word' id='word_1_781' title='bbox 568 5009 707 5091; x_wconf 68' lang='lat' dir='ltr'>inde</span> <span class='ocrx_word' id='word_1_782' title='bbox 737 5026 940 5091; x_wconf 77' lang='lat' dir='ltr'>sumas</span> <span class='ocrx_word' id='word_1_783' title='bbox 970 5009 1171 5091; x_wconf 69' lang='lat' dir='ltr'>desth</span> <span class='ocrx_word' id='word_1_784' title='bbox 1192 5012 1251 5091; x_wconf 68' lang='lat'>4.</span> <span class='ocrx_word' id='word_1_785' title='bbox 1301 5011 1374 5091; x_wconf 42' lang='lat' dir='ltr'>33f</span> <span class='ocrx_word' id='word_1_786' title='bbox 1397 5012 1537 5091; x_wconf 84' lang='lat' dir='ltr'>Jcsu</span> <span class='ocrx_word' id='word_1_787' title='bbox 1568 5012 1815 5091; x_wconf 79' lang='lat' dir='ltr'>Christe,</span> <span class='ocrx_word' id='word_1_788' title='bbox 1848 5013 2042 5091; x_wconf 89' lang='lat' dir='ltr'>inquit</span> <span class='ocrx_word' id='word_1_789' title='bbox 2065 5015 2155 5091; x_wconf 65' lang='grc' dir='ltr'>3.Δ</span> <span class='ocrx_word' id='word_1_790' title='bbox 2178 5010 2413 5091; x_wconf 42' lang='grc' dir='ltr'>δεδρᾴιζη</span> <span class='ocrx_word' id='word_1_791' title='bbox 2433 5027 2469 5082; x_wconf 92' lang='lat' dir='ltr'>q</span> 
     </span>
    </p>
   </div>
   <div class='ocr_carea' id='block_1_103' title="bbox 1978 5074 3769 5151">
    <p class='ocr_par' dir='ltr' id='par_1_103' title="bbox 1978 5074 3769 5151">
     <span class='ocr_line' id='line_1_104' title="bbox 1978 5074 3769 5151; baseline -0.003 -11"><span class='ocrx_word' id='word_1_792' title='bbox 1978 5087 2187 5140; x_wconf 85' lang='lat' dir='ltr'>sunt2.</span> <span class='ocrx_word' id='word_1_793' title='bbox 2259 5083 2328 5117; x_wconf 66' lang='lat'><strong>3“</strong></span> <span class='ocrx_word' id='word_1_794' title='bbox 2359 5074 2474 5136; x_wconf 54' lang='lat' dir='ltr'>div&#39;.</span> <span class='ocrx_word' id='word_1_795' title='bbox 2508 5097 2598 5151; x_wconf 89' lang='lat' dir='ltr'>sp.</span> <span class='ocrx_word' id='word_1_796' title='bbox 2623 5095 2810 5149; x_wconf 89' lang='lat' dir='ltr'>prom.</span> <span class='ocrx_word' id='word_1_797' title='bbox 2833 5081 2889 5133; x_wconf 93' lang='lat'>2.</span> <span class='ocrx_word' id='word_1_798' title='bbox 2958 5076 3025 5111; x_wconf 73' lang='grc'>³⁸⁷</span> <span class='ocrx_word' id='word_1_799' title='bbox 3057 5074 3319 5133; x_wconf 85' lang='lat' dir='ltr'>folradus</span> <span class='ocrx_word' id='word_1_800' title='bbox 3346 5078 3415 5133; x_wconf 88' lang='lat' dir='ltr'>A.</span> <span class='ocrx_word' id='word_1_801' title='bbox 3495 5077 3563 5113; x_wconf 74' lang='grc'>³⁸⁸</span> <span class='ocrx_word' id='word_1_802' title='bbox 3593 5077 3769 5136; x_wconf 87' lang='lat' dir='ltr'>collo-</span> 
     </span>
    </p>
   </div>
   <div class='ocr_carea' id='block_1_104' title="bbox 377 5080 1884 5170">
    <p class='ocr_par' dir='ltr' id='par_1_104' title="bbox 377 5080 1884 5170">
     <span class='ocr_line' id='line_1_105' title="bbox 377 5080 1884 5170; baseline 0.001 -33"><span class='ocrx_word' id='word_1_803' title='bbox 377 5080 637 5154; x_wconf 69' lang='lat' dir='ltr'>martyrii</span> <span class='ocrx_word' id='word_1_804' title='bbox 672 5080 943 5170; x_wconf 50' lang='lat' dir='ltr'>passione</span> <span class='ocrx_word' id='word_1_805' title='bbox 971 5085 1028 5137; x_wconf 88' lang='lat'>2.</span> <span class='ocrx_word' id='word_1_806' title='bbox 1051 5157 1086 5170; x_wconf 48' lang='grc' dir='ltr'>Δ</span> <span class='ocrx_word' id='word_1_807' title='bbox 1107 5083 1262 5170; x_wconf 52' lang='lat' dir='ltr'>38inet.</span> <span class='ocrx_word' id='word_1_808' title='bbox 1289 5082 1491 5166; x_wconf 78' lang='lat' dir='ltr'>volunt</span> <span class='ocrx_word' id='word_1_809' title='bbox 1520 5114 1589 5124; x_wconf 89' lang='lat'><strong>—-</strong></span> <span class='ocrx_word' id='word_1_810' title='bbox 1611 5084 1884 5170; x_wconf 47' lang='lat' dir='ltr'>passiooqe</span> 
     </span>
    </p>
   </div>
   <div class='ocr_carea' id='block_1_105' title="bbox 2476 5003 3771 5075">
    <p class='ocr_par' dir='ltr' id='par_1_105' title="bbox 2476 5003 3771 5075">
     <span class='ocr_line' id='line_1_106' title="bbox 2476 5003 3771 5075; baseline -0.001 -11"><span class='ocrx_word' id='word_1_811' title='bbox 2476 5010 2532 5064; x_wconf 92' lang='lat' dir='ltr'>ui</span> <span class='ocrx_word' id='word_1_812' title='bbox 2564 5007 2625 5062; x_wconf 91' lang='lat' dir='ltr'>in</span> <span class='ocrx_word' id='word_1_813' title='bbox 2650 5012 2751 5062; x_wconf 92' lang='lat' dir='ltr'>tuo</span> <span class='ocrx_word' id='word_1_814' title='bbox 2782 5006 3018 5061; x_wconf 90' lang='lat' dir='ltr'>nomine</span> <span class='ocrx_word' id='word_1_815' title='bbox 3047 5004 3251 5075; x_wconf 88' lang='lat' dir='ltr'>volunt</span> <span class='ocrx_word' id='word_1_816' title='bbox 3279 5003 3516 5075; x_wconf 88' lang='lat' dir='ltr'>gloriari</span> <span class='ocrx_word' id='word_1_817' title='bbox 3546 5007 3616 5063; x_wconf 88' lang='lat' dir='ltr'>de</span> <span class='ocrx_word' id='word_1_818' title='bbox 3656 5007 3771 5063; x_wconf 89' lang='lat' dir='ltr'>mei</span> 
     </span>
    </p>
   </div>
   <div class='ocr_carea' id='block_1_106' title="bbox 376 5151 2698 5226">
    <p class='ocr_par' dir='ltr' id='par_1_106' title="bbox 376 5151 2698 5226">
     <span class='ocr_line' id='line_1_107' title="bbox 376 5151 2698 5226; baseline -0.002 -18"><span class='ocrx_word' id='word_1_819' title='bbox 376 5151 642 5223; x_wconf 83' lang='lat' dir='ltr'>cavitque</span> <span class='ocrx_word' id='word_1_820' title='bbox 672 5151 724 5207; x_wconf 89' lang='lat'>3.</span> <span class='ocrx_word' id='word_1_821' title='bbox 766 5153 833 5186; x_wconf 70' lang='grc'>³⁸³</span> <span class='ocrx_word' id='word_1_822' title='bbox 856 5152 1017 5208; x_wconf 86' lang='lat' dir='ltr'>deest.</span> <span class='ocrx_word' id='word_1_823' title='bbox 1051 5157 1105 5208; x_wconf 88' lang='lat'>2.</span> <span class='ocrx_word' id='word_1_824' title='bbox 1150 5155 1217 5188; x_wconf 75' lang='grc'>³⁹⁰</span> <span class='ocrx_word' id='word_1_825' title='bbox 1243 5155 1370 5226; x_wconf 90' lang='lat' dir='ltr'>ipsa</span> <span class='ocrx_word' id='word_1_826' title='bbox 1393 5155 1520 5225; x_wconf 90' lang='lat' dir='ltr'>jam</span> <span class='ocrx_word' id='word_1_827' title='bbox 1552 5151 1659 5210; x_wconf 76' lang='lat' dir='ltr'>sua</span> <span class='ocrx_word' id='word_1_828' title='bbox 1688 5157 1757 5210; x_wconf 85' lang='lat' dir='ltr'>A.</span> <span class='ocrx_word' id='word_1_829' title='bbox 1805 5157 1869 5189; x_wconf 77' lang='grc'>³⁹¹</span> <span class='ocrx_word' id='word_1_830' title='bbox 1899 5156 2044 5212; x_wconf 88' lang='lat' dir='ltr'>deest</span> <span class='ocrx_word' id='word_1_831' title='bbox 2070 5158 2135 5223; x_wconf 90' lang='lat' dir='ltr'>A,</span> <span class='ocrx_word' id='word_1_832' title='bbox 2178 5156 2247 5189; x_wconf 71' lang='lat'>39’</span> <span class='ocrx_word' id='word_1_833' title='bbox 2272 5152 2362 5209; x_wconf 87' lang='lat' dir='ltr'>dei</span> <span class='ocrx_word' id='word_1_834' title='bbox 2395 5151 2610 5208; x_wconf 90' lang='lat' dir='ltr'>summi</span> <span class='ocrx_word' id='word_1_835' title='bbox 2644 5153 2698 5204; x_wconf 88' lang='lat'>2.</span> 
     </span>
    </p>
   </div>
   <div class='ocr_carea' id='block_1_107' title="bbox 1960 5279 2194 5335">
    <p class='ocr_par' dir='ltr' id='par_1_107' title="bbox 1960 5279 2194 5335">
     <span class='ocr_line' id='line_1_108' title="bbox 1960 5279 2194 5335; baseline -0.009 0"><span class='ocrx_word' id='word_1_836' title='bbox 1960 5279 2194 5335; x_wconf 60' lang='lat' dir='ltr'>NOTJE.</span> 
     </span>
    </p>
   </div>
   <div class='ocr_carea' id='block_1_108' title="bbox 444 5401 2021 5484">
    <p class='ocr_par' dir='ltr' id='par_1_108' title="bbox 444 5401 2021 5484">
     <span class='ocr_line' id='line_1_109' title="bbox 444 5401 2021 5484; baseline 0.001 -27"><span class='ocrx_word' id='word_1_837' title='bbox 444 5401 973 5484; x_wconf 38' lang='lat' dir='ltr'>(159).Translat_i9n</span> <span class='ocrx_word' id='word_1_838' title='bbox 987 5402 1185 5484; x_wconf 77' lang='lat' dir='ltr'>Viti</span> <span class='ocrx_word' id='word_1_839' title='bbox 1208 5420 1260 5458; x_wconf 92' lang='lat' dir='ltr'>a.</span> <span class='ocrx_word' id='word_1_840' title='bbox 1286 5404 1393 5458; x_wconf 83' lang='lat'>836</span> <span class='ocrx_word' id='word_1_841' title='bbox 1430 5404 1581 5484; x_wconf 79' lang='lat' dir='ltr'>facta</span> <span class='ocrx_word' id='word_1_842' title='bbox 1629 5408 1718 5457; x_wconf 88' lang='lat' dir='ltr'>est</span> <span class='ocrx_word' id='word_1_843' title='bbox 1745 5421 1769 5484; x_wconf 38' lang='lat'>;.</span> <span class='ocrx_word' id='word_1_844' title='bbox 1802 5407 1859 5458; x_wconf 90' lang='lat' dir='ltr'>et</span> <span class='ocrx_word' id='word_1_845' title='bbox 1885 5404 2021 5459; x_wconf 91' lang='lat' dir='ltr'>inde</span> 
     </span>
    </p>
   </div>
   <div class='ocr_carea' id='block_1_109' title="bbox 372 5474 2023 5531">
    <p class='ocr_par' dir='ltr' id='par_1_109' title="bbox 372 5474 2023 5531">
     <span class='ocr_line' id='line_1_110' title="bbox 372 5474 2023 5531; baseline 0 -1"><span class='ocrx_word' id='word_1_846' title='bbox 372 5474 447 5530; x_wconf 88' lang='lat' dir='ltr'>ab</span> <span class='ocrx_word' id='word_1_847' title='bbox 478 5474 650 5529; x_wconf 87' lang='lat' dir='ltr'>annis</span> <span class='ocrx_word' id='word_1_848' title='bbox 668 5475 773 5528; x_wconf 71' lang='lat'>834</span> <span class='ocrx_word' id='word_1_849' title='bbox 794 5477 853 5528; x_wconf 91' lang='lat' dir='ltr'>et</span> <span class='ocrx_word' id='word_1_850' title='bbox 871 5475 978 5529; x_wconf 81' lang='lat'>836</span> <span class='ocrx_word' id='word_1_851' title='bbox 1008 5474 1521 5531; x_wconf 84' lang='lat' dir='ltr'>Nordmannorum</span> <span class='ocrx_word' id='word_1_852' title='bbox 1551 5475 1917 5530; x_wconf 88' lang='lat' dir='ltr'>incursiones</span> <span class='ocrx_word' id='word_1_853' title='bbox 1942 5492 2023 5531; x_wconf 90' lang='lat' dir='ltr'>re-</span> 
     </span>
    </p>
   </div>
   <div class='ocr_carea' id='block_1_110' title="bbox 368 5545 1943 5626">
    <p class='ocr_par' dir='ltr' id='par_1_110' title="bbox 368 5545 1943 5626">
     <span class='ocr_line' id='line_1_111' title="bbox 368 5545 1943 5626; baseline 0.001 -27"><span class='ocrx_word' id='word_1_854' title='bbox 368 5545 998 5626; x_wconf 24' lang='lat' dir='ltr'>verahipcpebueruntn</span> <span class='ocrx_word' id='word_1_855' title='bbox 1073 5616 1105 5626; x_wconf 24' lang='grc' dir='ltr'>’Δ</span> <span class='ocrx_word' id='word_1_856' title='bbox 1243 5616 1371 5626; x_wconf 42' lang='lat' dir='ltr'><strong>mn</strong></span> <span class='ocrx_word' id='word_1_857' title='bbox 1668 5617 1677 5626; x_wconf 82' lang='lat'><em>_</em></span> <span class='ocrx_word' id='word_1_858' title='bbox 1836 5616 1848 5626; x_wconf 86' lang='lat'>_</span> <span class='ocrx_word' id='word_1_859' title='bbox 1933 5616 1943 5626; x_wconf 39' lang='grc'><strong><em>⁸</em></strong></span> 
     </span>
    </p>
   </div>
   <div class='ocr_carea' id='block_1_111' title="bbox 445 5616 2022 5691">
    <p class='ocr_par' dir='ltr' id='par_1_111' title="bbox 445 5616 2022 5691">
     <span class='ocr_line' id='line_1_112' title="bbox 445 5616 2022 5691; baseline 0 -18"><span class='ocrx_word' id='word_1_860' title='bbox 445 5616 601 5690; x_wconf 88' lang='grc'><strong>(160)</strong></span> <span class='ocrx_word' id='word_1_861' title='bbox 629 5616 789 5675; x_wconf 87' lang='lat' dir='ltr'>Hanc</span> <span class='ocrx_word' id='word_1_862' title='bbox 815 5618 1004 5676; x_wconf 87' lang='lat' dir='ltr'>sancti</span> <span class='ocrx_word' id='word_1_863' title='bbox 1032 5616 1214 5675; x_wconf 89' lang='lat' dir='ltr'>vitam</span> <span class='ocrx_word' id='word_1_864' title='bbox 1243 5616 1398 5674; x_wconf 88' lang='lat' dir='ltr'>Wid.</span> <span class='ocrx_word' id='word_1_865' title='bbox 1427 5635 1496 5675; x_wconf 79' lang='lat' dir='ltr'>ex</span> <span class='ocrx_word' id='word_1_866' title='bbox 1524 5617 1795 5691; x_wconf 84' lang='lat' dir='ltr'>passione</span> <span class='ocrx_word' id='word_1_867' title='bbox 1834 5616 2022 5690; x_wconf 86' lang='lat' dir='ltr'>ipsius</span> 
     </span>
    </p>
   </div>
   <div class='ocr_carea' id='block_1_112' title="bbox 2130 5398 3779 5470">
    <p class='ocr_par' dir='ltr' id='par_1_112' title="bbox 2130 5398 3779 5470">
     <span class='ocr_line' id='line_1_113' title="bbox 2130 5398 3779 5470; baseline -0.001 -12"><span class='ocrx_word' id='word_1_868' title='bbox 2130 5420 2246 5458; x_wconf 89' lang='lat' dir='ltr'>sec.</span> <span class='ocrx_word' id='word_1_869' title='bbox 2277 5420 2332 5456; x_wconf 82' lang='lat' dir='ltr'>Vl</span> <span class='ocrx_word' id='word_1_870' title='bbox 2364 5404 2465 5456; x_wconf 90' lang='lat' dir='ltr'>aut</span> <span class='ocrx_word' id='word_1_871' title='bbox 2495 5417 2571 5455; x_wconf 84' lang='lat' dir='ltr'>vn</span> <span class='ocrx_word' id='word_1_872' title='bbox 2598 5399 2814 5470; x_wconf 83' lang='lat' dir='ltr'>scripta</span> <span class='ocrx_word' id='word_1_873' title='bbox 2863 5398 3078 5466; x_wconf 87' lang='lat' dir='ltr'>hausit,</span> <span class='ocrx_word' id='word_1_874' title='bbox 3113 5415 3292 5470; x_wconf 90' lang='lat' dir='ltr'>quam</span> <span class='ocrx_word' id='word_1_875' title='bbox 3340 5398 3468 5456; x_wconf 88' lang='lat' dir='ltr'>vide</span> <span class='ocrx_word' id='word_1_876' title='bbox 3516 5399 3574 5454; x_wconf 94' lang='lat' dir='ltr'>in</span> <span class='ocrx_word' id='word_1_877' title='bbox 3616 5398 3779 5457; x_wconf 84' lang='lat' dir='ltr'>Actis</span> 
     </span>
    </p>
   </div>
   <div class='ocr_carea' id='block_1_113' title="bbox 2131 5469 3551 5598">
    <p class='ocr_par' dir='ltr' id='par_1_113' title="bbox 2131 5469 3551 5598">
     <span class='ocr_line' id='line_1_114' title="bbox 2131 5469 3551 5598; baseline -0.004 -68"><span class='ocrx_word' id='word_1_878' title='bbox 2131 5474 2237 5530; x_wconf 90' lang='lat' dir='ltr'>SS.</span> <span class='ocrx_word' id='word_1_879' title='bbox 2276 5470 2587 5557; x_wconf 78' lang='lat' dir='ltr'>Boil._Juni</span> <span class='ocrx_word' id='word_1_880' title='bbox 2618 5469 2849 5551; x_wconf 82' lang='lat' dir='ltr'>Vol._II.</span> <span class='ocrx_word' id='word_1_881' title='bbox 2884 5470 3203 5598; x_wconf 43' lang='lat' dir='ltr'>(die.1.5)lvp.</span> <span class='ocrx_word' id='word_1_882' title='bbox 3242 5471 3401 5526; x_wconf 85' lang='lat'>1021.</span> <span class='ocrx_word' id='word_1_883' title='bbox 3435 5486 3551 5543; x_wconf 91' lang='lat' dir='ltr'>sqq.</span> 
     </span>
     <span class='ocr_line' id='line_1_115' title="bbox 2204 5540 3551 5598; baseline 0 0"><span class='ocrx_word' id='word_1_884' title='bbox 2204 5546 2353 5598; x_wconf 81' lang='lat'>(161)</span> <span class='ocrx_word' id='word_1_885' title='bbox 2384 5545 2456 5598; x_wconf 83' lang='lat' dir='ltr'>cf.</span> <span class='ocrx_word' id='word_1_886' title='bbox 2487 5540 2814 5598; x_wconf 81' lang='lat' dir='ltr'>Translatio</span> <span class='ocrx_word' id='word_1_887' title='bbox 2848 5543 2905 5598; x_wconf 89' lang='lat' dir='ltr'>S.</span> <span class='ocrx_word' id='word_1_888' title='bbox 2947 5541 3061 5597; x_wconf 78' lang='lat' dir='ltr'>Viti</span> <span class='ocrx_word' id='word_1_889' title='bbox 3171 5558 3265 5597; x_wconf 93' lang='lat' dir='ltr'>on.</span> <span class='ocrx_word' id='word_1_890' title='bbox 3310 5540 3379 5598; x_wconf 91' lang='lat' dir='ltr'>II.</span> <span class='ocrx_word' id='word_1_891' title='bbox 3431 5558 3487 5598; x_wconf 79' lang='grc' dir='ltr'><strong>ι).</strong></span> <span class='ocrx_word' id='word_1_892' title='bbox 3518 5542 3551 5598; x_wconf 90' lang='grc'><strong><em>5</em></strong></span> 
     </span>
    </p>
   </div>
   <div class='ocr_carea' id='block_1_114' title="bbox 2204 5540 3767 5615">
    <p class='ocr_par' dir='ltr' id='par_1_114' title="bbox 2204 5540 3767 5615">
     <span class='ocr_line' id='line_1_116' title="bbox 2204 5540 3767 5615; baseline -0.001 -16"><span class='ocrx_word' id='word_1_893' title='bbox 2204 5546 2353 5613; x_wconf 83' lang='grc'><strong>(161)</strong></span> <span class='ocrx_word' id='word_1_894' title='bbox 2384 5544 2456 5599; x_wconf 93' lang='lat' dir='ltr'>cf.</span> <span class='ocrx_word' id='word_1_895' title='bbox 2487 5540 2814 5599; x_wconf 88' lang='lat' dir='ltr'>Translatio</span> <span class='ocrx_word' id='word_1_896' title='bbox 2848 5543 2905 5598; x_wconf 89' lang='lat' dir='ltr'>S.</span> <span class='ocrx_word' id='word_1_897' title='bbox 2947 5540 3061 5597; x_wconf 88' lang='lat' dir='ltr'>Viti</span> <span class='ocrx_word' id='word_1_898' title='bbox 3101 5540 3265 5598; x_wconf 41' lang='lat' dir='ltr'>&#39;Mon.</span> <span class='ocrx_word' id='word_1_899' title='bbox 3310 5540 3379 5598; x_wconf 91' lang='lat' dir='ltr'>II.</span> <span class='ocrx_word' id='word_1_900' title='bbox 3431 5540 3624 5615; x_wconf 51' lang='lat' dir='ltr'>p2&#39;576</span> <span class='ocrx_word' id='word_1_901' title='bbox 3652 5560 3767 5615; x_wconf 89' lang='lat' dir='ltr'>sqq.</span> 
     </span>
    </p>
   </div>
  </div>
