4166 6172
310 322 434 389 153
1343 323 1492 389 ass
1538 326 1811 390 essm
1854 292 2287 391 sixomcis.
2333 360 2412 377 —
2451 330 2597 394 LIB.
2641 328 2693 397 1.
3600 329 3719 395 154

309 458 658 519 morabilem
705 457 1162 534 multitudinem,
1204 461 1263 517 et
1308 463 1597 518 nocturna
1652 461 1850 534 pluv1a
1897 457 1958 517 in
1995 461 2049 529 Α
2080 461 2442 533 Liudulfum,
2475 463 2665 522 virum
2713 480 3018 539 magnum,
3068 463 3394 539 meritoque
3442 464 3717 523 omnibus

312 555 549 609 tantum
585 549 949 623 impeditam,
984 554 1049 605 ut
1087 549 1183 605 vix
1208 550 1277 584 ⁸³³
1316 550 1389 606 ab
1436 550 1733 623 equitibus
1780 549 1964 607 coacti
2072 550 2307 623 populis
2365 569 2593 622 carum,
2636 553 2817 610 ﬁliam
2864 571 3097 627 quoque
3139 554 3377 611 nomine
3426 554 3714 628 Liudgar-

311 641 390 697 ad
422 656 682 713 pugnam
714 639 1109 711 procederent.
1138 637 1321 711 Igitur
1349 638 1470 695 sole
1500 639 1741 695 cadente
1771 638 1831 693 in
1860 638 1967 693 hu-
2074 639 2301 706 dam‘“,
2333 657 2459 713 quin
2490 647 2771 714 nupserat
2799 643 3063 699 Conrado
3094 645 3449 700 Francorum
3490 643 3644 699 duci.

314 729 481 786 mida
523 727 872 784 vestimenta
917 727 1324 795 barbarorum,
1375 727 1603 783 fumum
1651 728 1966 783 ascendere
2143 729 2233 784 38.
2269 730 2386 786 Rex
2417 735 2613 787 autem
2646 749 2779 788 cum
2804 733 2931 804 jam
2963 731 3208 788 militem
3240 733 3481 789 haberet
3510 750 3720 806 eques-

318 817 458 874 fecit
484 833 671 889 usque
700 816 760 871 in
793 815 1024 883 omlum,
1056 832 1222 887 spem
1257 814 1650 887 ﬁduciamque
1681 819 1966 887 praistans
2075 817 2149 872 tri
2198 817 2395 889 prmlio
2452 821 2786 891 probatum,
2826 824 3028 876 contra
3074 822 3346 893 antiquos
3396 822 3615 889 hostes,
3646 822 3725 876 vi-

316 906 423 962 Dei
456 904 669 978 populo
699 905 789 970 ⁸³³,
821 905 992 976 cujus
1021 903 1185 959 faciei
1217 903 1452 959 claritas
1482 909 1655 975 atque
1685 904 1967 960 serenitas
2075 904 2282 961 delicet
2330 906 2641 979 Ungarios,
2692 910 3066 981 praesumpsit
3111 909 3258 965 inire
3307 916 3622 965 certamen.
3654 912 3725 965 Et
3776 951 3787 960 .

320 993 715 1052 circumfulsit
738 993 893 1048 illos.
928 993 1112 1064 Igitur
1139 993 1274 1048 dato
1324 991 1511 1065 signo,
1541 996 1599 1048 et
1629 992 1968 1048 exhortante
2077 993 2540 1067 (DCCCCXXXII)
2572 999 2955 1053 oonvocato‘50
2992 998 3151 1053 omni
3200 999 3435 1071 populo,
3461 1000 3561 1054 tali
3594 1017 3722 1055 ora-

320 1083 580 1155 legiones
630 1082 842 1155 legato,
883 1098 1018 1136 cum
1075 1080 1329 1136 clamore
1385 1079 1576 1136 valido
1628 1082 1861 1136 irruunt
1906 1080 1966 1135 in
2078 1083 2303 1137 tionem
2338 1101 2439 1140 eos
2465 1089 2551 1139 est
2584 1086 2650 1119 ⁸⁵²
2669 1086 2884 1141 aﬂ‘atus
2918 1104 2932 1140 :
2968 1086 3112 1141 Olim
3135 1104 3205 1141 ea:
3234 1090 3385 1142 omni
3419 1097 3572 1159 parte
3601 1105 3725 1143 con-

319 1172 542 1228 hostes.
576 1171 842 1243 Cumque
872 1169 1054 1225 nimia
1078 1169 1360 1226 densitate
1391 1170 1501 1226 iter
1521 1168 1968 1242 pertranseundi
2076 1173 2263 1243 fusum
2290 1191 2324 1227 a
2352 1176 2571 1245 quantis
2599 1176 2858 1246 periculis
2890 1177 3180 1247 imperium
3216 1177 3283 1210 ⁸⁵³
3304 1185 3543 1232 vestrum
3569 1176 3724 1231 modo

322 1261 524 1316 hostes
556 1277 671 1315 non
703 1262 943 1331 pateret,
967 1260 1170 1314 dextra
1198 1258 1455 1331 laevaque
1483 1259 1635 1316 ferro
1667 1274 1971 1330 erumpen-
2076 1262 2149 1315 sit
2177 1261 2431 1327 liberum,
2463 1279 2553 1319 vos
2575 1265 2683 1334 ipsi
2696 1264 2894 1318 melius
2923 1267 3113 1331 nostis,
3139 1267 3235 1336 qui
3254 1265 3509 1320 civilibus
3527 1264 3727 1320 discor-

321 1353 432 1416 tes,
467 1363 869 1421 quoscumque
899 1364 936 1414 θ.
962 1345 1135 1402 sociis
1162 1346 1543 1402 secernebant
1570 1347 1659 1414 ⁸³⁸,
1695 1345 1820 1402 neci
1867 1346 1969 1400 da-
2078 1348 2186 1404 diis
2214 1356 2265 1404 et
2310 1353 2550 1406 externis
2607 1351 2762 1407 bellis
2807 1353 2998 1407 totiens
3055 1354 3231 1408 attriti
3283 1352 3631 1408 laborabatis.
3665 1353 3732 1408 At

322 1438 489 1493 bant.
540 1436 805 1508 Cumque
832 1436 901 1471 ⁸⁸⁵
946 1436 1073 1507 jam
1127 1433 1347 1491 bellum
1402 1439 1741 1507 gravaretur
1767 1434 1854 1501 ⁸³⁸,
1915 1436 1973 1489 et
2077 1453 2246 1502 nunc,
2275 1440 2515 1510 propitia
2558 1440 2714 1495 nobis
2761 1456 2977 1496 summa
3005 1439 3290 1497 divinitate
3312 1441 3400 1506 ⁸⁵⁸,
3431 1449 3613 1497 nostro
3644 1443 3725 1496 la-

325 1524 497 1582 multi
530 1523 668 1579 hinc
699 1528 874 1596 atque
903 1524 1038 1580 inde
1087 1524 1379 1592 caderent,
1412 1526 1469 1580 et
1497 1524 1690 1579 adhuc
1737 1523 1971 1579 barbari
2082 1524 2225 1592 bore,
2287 1535 2457 1583 vestra
2489 1528 2557 1562 ⁸⁵⁵
2585 1530 2803 1593 virtute,
2858 1537 3113 1601 pacatum
3170 1530 3553 1602 collectumque
3607 1547 3728 1586 cer-

325 1613 563 1671 ordines
608 1616 889 1681 tenerent,
923 1612 1152 1685 legatus
1197 1610 1501 1684 collegam,
1535 1617 1601 1668 ut
1645 1611 1974 1685 legionibus
2078 1615 2232 1683 uitis,
2267 1615 2522 1672 barbaros
2569 1625 2846 1689 superatos
2873 1626 2927 1673 et
2967 1619 3219 1674 servituti
3263 1618 3543 1691 subjectos.
3580 1619 3730 1687 Quod

326 1702 543 1760 auxilio
570 1705 744 1769 esset,
778 1699 1126 1773 expostulat.
1161 1700 1262 1757 Ille
1290 1717 1424 1757 vero
1455 1701 1791 1773 praefectum
1836 1716 1971 1757 cum
2079 1711 2361 1775 superest,
2416 1720 2631 1762 necesse
2686 1705 2946 1762 habemus
2970 1749 2987 1772 ,
3037 1715 3099 1762 ut
3163 1714 3352 1762 contra
3419 1723 3729 1763 communes

325 1789 758 1899 quinquaginta
787 1788 1030 1899 aeraLtis
1077 1788 1244 1899 lateri
1274 1788 1341 1824 ⁸⁸⁷
1617 1788 1886 1899 immisit,
1917 1792 1976 1899 fit
2004 1833 2053 1899 Β
2081 1791 2485 1899 {testans-varas
2521 1795 2733 1866 pariter
2756 1795 2823 1830 ⁸⁵⁸
2844 1811 3254 1899 consurgamus.
3286 1796 3383 1851 Vos
3430 1796 3727 1869 hucusque,

326 1879 563 1937 ordines
593 1877 996 1945 conturbavit;
1029 1894 1099 1933 ex
1128 1876 1240 1933 hoc
1287 1877 1430 1933 caadi
1458 1877 1528 1913 ⁸³⁸
1559 1878 1826 1951 fugaeque
1854 1881 1977 1933 tota
2004 1876 2053 1899 ”
2081 1881 2227 1951 ﬁlios
2246 1882 2500 1955 ﬁliasque
2535 1890 2739 1939 vestras
2787 1885 3083 1956 expoliavi,
3131 1892 3183 1940 et
3226 1886 3495 1939 aerarium
3540 1900 3730 1940 eorum

325 1970 423 2025 die
452 1968 652 2024 hostes
682 1967 980 2040 patebant.
1013 1966 1161 2022 Cum
1211 1982 1349 2040 ergo
1397 1983 1501 2039 per
1550 1982 1753 2023 omnes
1802 1983 1973 2040 agros
2082 1969 2320 2041 replevi;
2376 1987 2526 2027 nunc
2582 1972 2781 2044 templa
2844 1973 3271 2044 templorumque
3332 1974 3614 2029 ministros
3672 1981 3733 2028 ut

326 2059 709 2128 caederentur,
763 2056 836 2112 ad
894 2056 1102 2112 urbem
1158 2054 1410 2110 vicinam
1459 2055 1659 2128 fugere
1724 2058 1974 2127 tempta-
2082 2058 2352 2129 expoliem
2379 2075 2556 2131 cogor,
2586 2061 2789 2133 absque
2816 2060 2983 2117 nudis
3010 2062 3324 2134 corporibus
3371 2062 3530 2118 nulla
3574 2062 3732 2118 nobis

325 2147 490 2202 bant.
524 2144 757 2218 Collega
784 2148 980 2199 autem
1001 2143 1111 2200 hoc
1131 2142 1216 2199 eis
1236 2148 1612 2216 praecaventes,
1642 2143 1975 2216 proximum
2083 2145 2202 2202 alia
2232 2156 2544 2205 remanente
2562 2151 2817 2221 pecunia.
2846 2149 3121 2207 Consulite
3162 2152 3334 2222 igitur
3378 2151 3528 2207 vobis
3573 2152 3730 2223 ipsis,

328 2252 493 2292 mare
538 2234 684 2305 (170)
732 2232 983 2306 ingressi
1038 2236 1198 2299 sunt,
1230 2236 1289 2288 et
1342 2231 1425 2287 ita
1481 2232 1700 2287 factum
1757 2236 1866 2299 est,
1912 2236 1977 2287 ut
2082 2242 2134 2291 et
2162 2236 2294 2308 quid
2336 2254 2500 2310 super
2547 2238 2649 2295 hac
2694 2255 2755 2295 re
2798 2239 2957 2295 nobis
3011 2241 3085 2296 sit
3136 2240 3473 2311 faciendum,
3525 2241 3727 2312 eligite.

329 2321 832 2380 omnisillanimia
859 2320 1174 2376 multitudo
1196 2324 1298 2375 aut
1315 2319 1510 2392 gladio
1532 2325 1977 2376 consumeretur
2090 2325 2419 2381 Thesaurum
2448 2327 2653 2384 divinis
2690 2329 2889 2400 ofﬁciis
2935 2330 3307 2400 santiﬁoatum
3352 2330 3614 2385 tollamne
3639 2330 3730 2396 ⁸⁵⁷,

329 2413 522 2470 autin
553 2411 701 2467 mari
732 2414 1112 2483 mergeretur.
1146 2410 1261 2464 Nec
1289 2409 1551 2481 peditum
1581 2408 1738 2464 ullus
1767 2426 1976 2483 super-
2082 2421 2135 2470 et
2178 2414 2313 2470 dabo
2363 2432 2464 2488 pro
2519 2424 2707 2473 nostra
2761 2418 3129 2489 redemptione
3184 2419 3282 2473 Dei
3334 2419 3619 2474 inimicis?
3658 2435 3734 2473 an

330 2501 461 2569 fuit,
485 2500 754 2573 equitum
776 2497 1136 2566 rarissimus,
1151 2497 1578 2570 deponiturque
1598 2497 1819 2554 bellum
1841 2514 1976 2554 cum
2084 2511 2223 2559 certe
2264 2504 2464 2560 addam
2510 2506 2683 2562 cultui
2726 2506 2913 2562 άίυίηο
2959 2508 3211 2579 pecunia;
3240 2508 3307 2542 ιδε
3346 2507 3625 2573 honorem,
3675 2514 3738 2563 ut

330 2606 472 2646 casu
505 2587 774 2644 omnium
805 2585 1293 2643 adversariorum.
1319 2586 1533 2659 Ingens
1554 2586 1774 2643 interea
1792 2587 1980 2643 oritur
2084 2593 2152 2648 ab
2182 2594 2248 2629 “9
2278 2595 2393 2666 ipso
2420 2596 2600 2666 potius
2648 2594 3008 2661 redimamnr,
3041 2596 3137 2668 qui
3184 2611 3307 2651 vere
3346 2604 3530 2653 noster
3585 2604 3737 2653 extat

331 2678 538 2735 latitia
562 2694 633 2733 ex
661 2676 877 2732 recenti
908 2675 977 2711 ⁸³⁸
1006 2673 1266 2742 victoria,
1301 2675 1443 2731 dum
1483 2691 1687 2731 omnes
1734 2675 1980 2732 laudant
2085 2690 2294 2738 creator
2343 2685 2554 2755 pariter
2594 2691 2647 2740 et
2674 2685 2741 2720 ⁸⁶⁰
2785 2684 3126 2756 redemptor?
3168 2684 3251 2740 Ad
3302 2684 3424 2740 hinc
3481 2684 3735 2757 pepulus

332 2764 950 2837 duces,unusquisque
975 2780 1109 2820 vero
1131 2763 1386 2841 militum
1410 2764 1686 2837 praadioat
1701 2764 1976 2833 alium“°,
2087 2769 2295 2826 levavit
2341 2788 2509 2827 voces
2559 2772 2620 2827 in
2669 2771 2901 2840 cmlum,
2951 2772 3245 2844 inquiens,
3280 2790 3343 2829 se
3373 2790 3407 2828 a
3437 2773 3553 2827 Deo
3607 2772 3733 2828 vivo

332 2856 615 2930 ignavum
646 2869 901 2926 quoque,
930 2857 994 2908 ut
1023 2852 1084 2908 in
1114 2852 1219 2907 tali
1248 2853 1483 2909 fortuna
1525 2853 1674 2909 solet
1704 2854 1848 2910 ﬁeri.
1882 2855 1983 2911 Po-
2086 2862 2145 2915 et
2169 2876 2304 2915 vero
2326 2860 2532 2917 redimi
2555 2862 2911 2917 omnimodis
2931 2861 3285 2928 desiderem,
3305 2862 3446 2933 quia
3464 2860 3655 2916 ﬁdelis
3677 2865 3735 2915 et

333 2950 493 3002 stera
519 2943 585 2979 ⁸⁸¹
618 2947 814 3000 autem
844 2942 974 2998 luce
1020 2946 1256 2999 movent
1301 2941 1470 3016 signa
1517 2943 1647 2999 urbi
1706 2944 1977 3016 prazl'atte,
2079 2949 2282 3019 justus
2312 2949 2361 3004 si
2391 2948 2451 3005 in
2482 2950 2758 3006 omnibus
2787 2950 2896 3007 viis
2927 2949 3052 3006 suis
3072 2953 3130 3005 et
3158 2952 3397 3006 sanctus
3447 2949 3506 3004 in
3546 2948 3734 3004 omni-

332 3031 548 3089 urbani
575 3048 709 3087 vero
739 3046 905 3086 arma
933 3031 1252 3103 deponunt,
1285 3030 1539 3087 salutem
1570 3033 1979 3088 tantummodo
2088 3037 2200 3093 bus
2228 3039 2503 3110 operibus
2524 3039 2667 3095 suis.
2692 3039 2941 3112 Operam
2964 3055 3132 3095 suam
3154 3038 3362 3095 deinde
3386 3038 3734 3110 promittens

332 3122 660 3194 deposcunt
690 3135 756 3175 ac
784 3122 1102 3175 merentur.
1136 3119 1395 3175 lnermes
1422 3118 1604 3192 igitur
1634 3119 1776 3175 urbe
1818 3136 1979 3193 egre-
2028 3197 2058 3202 Α-
2088 3128 2210 3200 regi
2242 3129 2305 3163 ιδι
2354 3131 2556 3184 contra
2613 3132 2845 3202 gentem
2905 3128 3250 3184 acerrimam
3280 3128 3370 3195 κ’,
3406 3126 3624 3183 dextris
3672 3127 3734 3181 in

332 3209 392 3265 di
418 3208 488 3244 ⁸⁸³
509 3207 708 3280 ,ἱυδείί
739 3206 965 3263 servilis
1012 3210 1209 3262 alitem
1263 3205 1519 3263 conditio
1558 3212 1616 3263 et
1646 3208 1839 3264 omnis
1886 3225 1983 3281 ΡΘ·
2015 3197 2060 3266 C
2088 3197 2301 3272 coelum
2332 3216 2588 3285 elevatis,
2615 3197 2854 3289 pactum
2885 3217 3160 3272 ﬁrmavit.
3186 3216 3311 3272 Tali
3341 3215 3538 3287 itaque
3568 3218 3738 3289 pacto

331 3296 508 3355 cunia
534 3313 671 3353 cum
710 3294 990 3352 uxoribus
1019 3299 1077 3352 et
1103 3295 1240 3352 ﬁliis
1284 3300 1343 3352 et
1389 3295 1551 3352 omni
1595 3296 1981 3370 suppellectili
2092 3322 2227 3361 eum
2276 3305 2491 3379 populo
2550 3311 2804 3380 peracto,
2837 3305 3064 3362 dimisit
3120 3322 3221 3361 rex
3276 3304 3737 3361 multitudinem.

331 3388 720 3444 barbarorum
776 3385 929 3460 regis
958 3384 1027 3421 “’
1075 3385 1472 3459 θαριίνίιαιθω
1533 3386 1831 3443 Βιὼίδᾶιιῐ·
1881 3390 1981 3443 Ce-
2093 3395 2229 3451 Post
2258 3395 2380 3451 haec
2411 3394 2585 3469 legati
2632 3396 3020 3469 Ungariorum
3070 3394 3344 3450 adierunt
3391 3409 3588 3467 regem
3637 3410 3742 3465 pro

332 3477 606 3533 ciderunt
629 3475 810 3531 etiam
838 3491 907 3531 ex
938 3475 1157 3531 nostris
1187 3475 1246 3529 in
1270 3474 1370 3531 illo
1400 3473 1597 3547 praelia
1627 3476 1743 3531 duo
1764 3475 1834 3511 ⁸⁸⁸
1855 3475 1984 3531 Liu-
2092 3483 2282 3540 solitis
2340 3486 2723 3553 muneribus;
2768 3486 2870 3540 sed
2915 3485 2987 3540 ab
3035 3500 3102 3539 eo
3160 3484 3361 3555 spreti,
3411 3482 3471 3537 in
3525 3486 3741 3538 terram

331 3563 509 3620 tharii
537 3565 607 3599 ⁸⁸³
635 3563 784 3636 (171)
832 3568 892 3620 et
939 3562 1037 3619 alii
1084 3562 1311 3620 nobiles
1340 3562 1448 3619 viri
1477 3562 1766 3620 nonnulli.
1801 3564 1985 3637 Igitur
2092 3589 2262 3628 suam
2293 3574 2461 3629 vacui
2487 3578 2626 3630 sunt
2655 3575 2723 3610 ⁸⁸³
2746 3573 2982 3629 reversi.
3006 3573 3136 3629 Haec
3168 3572 3472 3628 audientes
3502 3572 3571 3606 ⁸⁵⁸
3596 3573 3742 3627 Ava-

333 3653 563 3727 legatus
593 3669 731 3709 cum
759 3651 988 3726 collega
1014 3655 1073 3708 et
1102 3651 1234 3708 aliis
1259 3651 1625 3726 principibus
1670 3652 1979 3710 Saxoniam
2095 3678 2212 3729 res,
2243 3662 2425 3718 nichil
2476 3663 2688 3719 morati
2720 3662 2788 3699 ⁸⁸⁸
2813 3679 2949 3718 cum
3000 3661 3159 3735 gravi
3208 3659 3526 3731 hostilique
3562 3676 3743 3715 manu

330 3741 577 3798 victores
635 3740 870 3809 reversi,
922 3740 1241 3797 honoriﬁce
1270 3758 1305 3796 a
1351 3758 1484 3815 rege
1534 3744 1674 3797 sunt
1720 3742 1975 3815 suscepti

2097 3749 2372 3805 festinant
2400 3751 2619 3807 intrare
2648 3750 2982 3808 Saxoniam.
3014 3751 3085 3806 Et
3114 3750 3225 3804 iter
3271 3751 3513 3820 agentes
3546 3763 3649 3818 per
3676 3747 3742 3783 ⁸⁸⁸

332 3831 595 3903 satisque
625 3829 867 3898 laudati,
899 3829 1003 3903 qui
1032 3829 1227 3903 parvis
1277 3829 1482 3902 copiis,
1515 3829 1713 3886 divina
1755 3831 1982 3888 favente
2092 3838 2544 3909 Dalamantiam,
2569 3841 2642 3895 ab
2673 3839 2933 3911 antiquis
2961 3855 3130 3910 opem
3162 3840 3370 3908 petunt
3398 3835 3623 3890 amicis.
3654 3834 3740 3890 Illi

331 3919 663 3987 Clementia.
713 3919 1089 3993 magniﬁcam
1140 3918 1603 3992 Ρθνρθῐι-ανθι-ίηι
1649 3918 1977 3975 Vici-Oriam-
2088 3943 2223 3983 vero
2254 3927 2524 3997 scientes,
2552 3944 2652 3984 eos
2678 3928 2957 3984 festinare
2987 3927 3058 3982 ad
3089 3923 3423 3990 Saxoniam,
3458 3924 3741 3978 Saxones-

330 4008 479 4065 Nam
510 4009 670 4065 fuere
690 4007 792 4080 qui
812 4008 1090 4076 dicerent,
1124 4008 1508 4064 barbarorum
1540 4007 1797 4064 ducenta
1818 4007 1982 4064 milia
2090 4032 2208 4089 que
2228 4017 2296 4052 ‘67
2319 4018 2391 4073 ad
2422 4017 2812 4090 pugnandum
2845 4032 2981 4072 cum
3011 4015 3097 4071 eis
3118 4015 3185 4049 ⁸6⁸
3208 4016 3461 4086 paratos,
3487 4011 3746 4084 pinguis-

330 4114 502 4154 caasa.
535 4096 758 4170 Captivi
780 4097 847 4131 ⁸⁸⁸
874 4112 1080 4153 omnes
1125 4098 1360 4169 postera
1388 4096 1481 4153 die
1506 4097 1591 4165 “7,
1616 4100 1683 4152 ut
1727 4097 1975 4170 promis-

2096 4104 2311 4162 simum
2338 4122 2443 4178 pro
2473 4121 2713 4162 munere
2735 4105 2820 4161 eis
2840 4105 2908 4140 ⁸⁶⁰
2928 4103 3248 4177 projioiunt
3274 4116 3502 4157 canem.
3516 4101 3588 4156 Et
3607 4116 3741 4155 cum

331 4202 467 4242 sum
498 4181 815 4255 habebant,
844 4185 1198 4242 Obtruncati-
2092 4212 2207 4251 non
2239 4200 2396 4251 esset
2425 4194 2703 4267 injuriam
2733 4193 3069 4250 vindicandi
3102 4191 3267 4248 locus
3293 4192 3365 4247 ad
3407 4189 3584 4246 aliam
3636 4206 3742 4262 pu-

403 4275 474 4330 37
481 4315 494 4328 α
530 4273 731 4346 Itaque
776 4272 1026 4331 recentis
1071 4272 1323 4329 Victoriae
1372 4272 1638 4329 lmitiam
1686 4276 1983 4347 augebant
2092 4299 2268 4355 gnam
2300 4282 2733 4351 festinantibus,
2766 4298 2902 4339 cum
2933 4280 3249 4338 ridiculosa
3278 4278 3424 4336 satis
3460 4278 3740 4334 vocifera-

332 4362 553 4434 nuptiee
574 4362 818 4436 regales,
843 4378 970 4435 quae
990 4378 1057 4419 eo
1078 4365 1339 4435 tempore
1367 4360 1984 4437 magniﬁcaglargitate
2092 4370 2496 4445 tionelongius
2508 4369 3339 4444 proseounturamioos.lgitur
3350 4383 3527 4441 quam
3544 4369 3745 4439 potue-

330 4450 785 4508 celebrahantur
813 4451 1054 4507 1“’.Nam
1086 4466 1185 4507 rex
1223 4448 1384 4506 dedit
1426 4448 1546 4506 ﬁlio
1599 4468 1706 4507 suo
1755 4451 1982 4509 Oddoni
2092 4463 2231 4515 runt
2255 4461 2555 4533 repentino
2582 4459 3070 4533 (DCCCCXXXIII)
3095 4460 3320 4531 impetu
3343 4457 3564 4511 intrant
3592 4454 3739 4509 ﬁnes

331 4538 862 4633 conjugemﬁliam
891 4539 1212 4633 Fithmundi
1237 4538 1386 4633 (172)
1434 4539 1588 4633 regis
1632 4540 1979 4613 Anglorum,
2012 4568 2060 4633 D
2092 4549 3117 4623 Thuringorumillamtotamterram
3131 4545 3743 4616 hostiliterpervagan—

328 4644 594 4686 sororem
631 4627 954 4698 Adalstani,
987 4645 1116 4701 qua:
1165 4626 1367 4701 genuit
1414 4627 1465 4683 ei
1508 4626 1699 4684 ﬁlium
1746 4632 1983 4690 nomine
2012 4626 2053 4633 ”
2091 4637 2272 4706 tes“,
2292 4638 2491 4710 ibique
2512 4638 2715 4695 divisis
2737 4635 3046 4705 sociis,alii
3069 4635 3143 4693 ad
3164 4634 3525 4691 occidentem
3539 4645 3741 4702 perge-

1682 4753 1925 4814 VARIIE
1965 4760 2384 4820 LECTIONES.

402 4878 473 4913 ⁸⁸³
499 4876 647 4936 deest
670 4878 725 4933 3.
745 4947 759 4962 ο
801 4877 870 4913 ⁸³³
898 4876 1115 4950 populo
1144 4876 1238 4932 dei
1267 4878 1323 4931 2.
1401 4877 1470 4912 ⁸³⁸
1498 4893 1560 4934 se
1591 4881 1931 4962 sternebant
1958 4886 2012 4942 3.
2090 4887 2159 4924 ⁸³⁸
2187 4905 2323 4945 cum
2352 4892 2408 4944 2.
2485 4889 2553 4926 ⁸³⁸
2583 4890 2787 4945 dextra
2813 4889 2953 4944 laeva
3036 4903 3069 4944 e
3088 4915 3158 4926 -—-
3220 4886 3520 4963 ravaretur
3551 4878 3746 4935 desunt

402 4951 411 4979 ’
482 4950 550 4984 ⁸³⁷
580 4948 764 5005 laetari
783 4952 840 5005 2.
916 4949 984 4983 ⁸³⁸
1013 4947 1166 5004 caede
1183 4950 1250 5003 A.
1354 4948 1423 4983 ⁸³⁸
1440 4953 1722 5006 crescenti
1746 4952 1797 5009 1.
1875 4956 1942 4992 ⁸⁸⁰
1971 4957 2097 5014 add.
2120 4959 2486 5014 evangelium
2509 4961 2564 5014 3.
2639 4961 2704 4996 ⁸⁸¹
2734 4964 2935 5014 postea
3082 4958 3151 4992 ⁸⁸³
3171 4900 3407 5014 gegredi
3432 4954 3483 5007 1.
3559 4952 3746 5014 “post

333 4949 453 5044 1.7..
464 4950 550 5044 f’.’
580 4947 764 5044 latri
783 4947 1722 5044 ἓςωζῖῗῗξθίίὲξδὲοη..ῗθνθῗεθξλὲί
1746 4952 1819 5044 1:.
1875 4956 2491 5044 “indemnes”?!
2509 4961 2564 5016 3-
2587 5031 2620 5042 ..
2639 4961 2704 5044 ‘f‘
2734 4964 2935 5044 ρίξξξιεα
2957 4947 3016 5044 ἐκ
3061 4958 3151 5039 .“²
3171 4947 3483 5044 aegret“;
3559 4952 3746 5044 3P9?!

331 5020 491 5093 regis
523 5022 575 5075 1.
606 5028 659 5077 et
683 5022 1045 5126 Adiunctum
1072 5020 1454 5076 collocantum.
1628 5020 1775 5079 deest
1800 5025 1849 5079 1.
1929 5029 1997 5064 ⁸⁸⁵
2019 5020 2303 5088 luitbarii’
2302 5036 2357 5087 2.
2386 5031 2706 5087 luthariiA.
2734 5020 2753 5032 ⁵
2783 5029 3075 5102 “captivi
3097 5020 3421 5113 corncapiti
3441 5024 3491 5078 1.
3567 5020 3745 5078 “idle

333 5096 563 5126 nnnlnm
598 5096 634 5126 0
829 5090 1201 5126 nnloknnnlnn
1236 5092 1266 5126 Δ
1331 5091 1364 5126 '2
1463 5090 1912 5126 “91...”...ma...“
1952 5102 1971 5126 Α
2034 5105 2069 5126 n
2166 5104 2234 5126 Lm
2262 5107 2459 5126 -----i-
2493 5105 2510 5126 Α
2617 5103 2680 5126 Lm
2718 5103 2937 5126 --ιε-..,.
2979 5102 3002 5126 Α
3065 5103 3099 5126 ς)
3153 5100 3186 5126 0
3283 5097 3351 5126 ba:
3387 5098 3470 5126 ηοι
3523 5111 3619 5126 ηηα
3679 5095 3706 5126 Λ

330 5090 570 5197 gstera
598 5096 653 5147 2.
731 5090 798 5126 ⁸⁸⁸
829 5090 1201 5147 celebrantur
1229 5092 1295 5145 A.
1329 5091 1383 5146 3.
1463 5092 1530 5126 “9
1558 5090 1916 5166 lintgardam
1952 5102 2002 5155 1.
2034 5105 2089 5157 2.
2166 5104 2234 5138 ⁸⁵0
2262 5107 2463 5159 vocato
2492 5105 2541 5158 1.
2617 5103 2682 5137 ⁸⁵¹
2717 5090 3033 5157 νθὶίοηέΑ.
3064 5103 3119 5154 2.
3153 5100 3207 5152 3.
3283 5090 3351 5130 ⁸⁸³⁷³
3385 5098 3475 5151 est
3521 5111 3621 5149 eos
3670 5095 3736 5148 A.

432 5163 577 5197 Αοορι
635 5164 656 5197 4
764 5164 834 5197 55b
862 5161 1052 5197 rliuinn
1084 5165 1119 5197 0
1216 5162 1285 5196 £55
1310 5166 1618 5197 υοριποηιιο
1648 5166 1681 5197 ‘2
1779 5168 1846 5197 M36
1879 5170 1989 5197 n.1,)
2045 5174 2217 5197 _:_.-_I
2254 5176 2287 5197 α
2385 5176 2449 5197 Lm
2482 5173 2685 5197 1-11-...
2711 5178 2745 5197 ς»
2842 5174 2908 5197 ml
2941 5169 3244 5197 ..Αηηηεηητ
3274 5169 3294 5197 Δ
3346 5165 3588 5197 νιηηηπςη
3620 5166 3648 5197 Δ
3684 5167 3717 5197 ‘1

430 5163 577 5219 deest
635 5164 687 5218 1.
764 5164 834 5197 ⁸⁵⁸
862 5161 1059 5218 divina
1084 5165 1139 5217 2.
1216 5162 1285 5196 ⁸⁵⁸
1310 5166 1619 5268 vestraque
1646 5161 1702 5220 3'.
1779 5168 1846 5201 ⁸⁵⁸
1875 5170 2008 5226 add.
2044 5174 2221 5229 simul
2252 5176 2306 5230 3.
2385 5176 2449 5209 ⁸⁵⁷
2482 5173 2688 5229 tollam
2711 5178 2766 5228 2.
2842 5174 2908 5206 ⁸⁵⁸
2940 5169 3247 5242 pecuniam
3274 5169 3325 5222 1.
3346 5165 3594 5239 pecunia
3612 5166 3737 5220 A.3.

432 5235 633 5268 Aonel‘)
730 5235 797 5268 880
827 5251 889 5268 οη
940 5235 956 5268 1
1064 5234 1129 5268 861
1163 5232 1307 5268 Αοορι
1358 5235 1377 5268 4
1484 5235 1527 5268 ιδ
1585 5237 1968 5268 πρηιὶπνιζσνιη-ιιι
2003 5247 2037 5268 n
2149 5246 2217 5268 Lm
2248 5246 2457 5268 ---η-,ε
2513 5249 2648 5268 ----ι
2683 5246 2701 5268 Α
2811 5245 2877 5268 ιλιι
2912 5242 3051 5268 1....-.
3090 5245 3124 5268 ς)
3221 5241 3287 5268 Lar.
3321 5238 3423 5268 ηλιι
3496 5240 3631 5268 munt
3682 5237 3709 5268 A

333 5235 403 5268 ⁸⁵⁸
431 5235 578 5306 deest
598 5238 653 5289 2.
730 5235 797 5269 ⁸⁸0
825 5251 892 5290 ac
940 5235 986 5289 1.
1064 5234 1129 5268 “5‘
1162 5232 1307 5289 deest
1358 5235 1425 5306 1.
1484 5232 1551 5269 ‘5’
1583 5237 1969 5306 asperrimam
2003 5247 2058 5297 2.
2148 5246 2217 5280 ⁸⁸³
2248 5246 2460 5301 reversi
2512 5249 2651 5299 sunt
2682 5246 2732 5298 1.
2810 5245 2878 5277 ⁸⁸⁸
2906 5232 3051 5297 deest
3090 5245 3145 5296 2.
3221 5241 3287 5274 ⁸⁸⁵
3317 5232 3443 5293 add.
3496 5240 3635 5293 sunt
3673 5237 3737 5289 A.

332 5306 403 5432 ἵε
433 5305 694 5432 22
735 5307 801 5340 m
828 5321 1077 5362 summa
1103 5306 1151 5361 Α
1223 5306 1290 5340 uss
1322 5304 1446 5360 add,
1481 5323 1610 5362 esse
1639 5304 1694 5362 2.
1773 5310 1843 5344 ‘69
1878 5312 1963 5368 eis
1993 5332 2097 5386 pro
2148 5333 2389 5372 munere
2418 5319 2483 5372 A.
2561 5316 2629 5350 ⁸⁷⁰
2655 5320 2838 5370 totam
2888 5314 3049 5369 illam
3096 5317 3311 5367 terram
3362 5310 3743 5383 pervagantes

378 5393 444 5432 os
474 5395 536 5432 ιι
603 5394 631 5431 r
700 5418 713 5431 .

378 5382 631 5433 ostiliter
657 5382 713 5431 2.
1993 5382 2013 5386 “

1926 5453 2159 5514 NOTzE.

404 5544 553 5634 (170)
585 5545 767 5618 Prope
797 5546 1022 5603 Lonzen
1052 5546 1168 5603 duo
1198 5545 1467 5616 quamvis
1514 5544 1772 5604 minores
1823 5547 1988 5610 lacus
2169 5555 2315 5634 (121)
2345 5555 2426 5634 Pe
2454 5555 2548 5634 his
2578 5557 2651 5610 cf.
2684 5556 3059 5634 Thietmarus
3088 5572 3128 5609 ι.
3161 5553 3240 5634 ςρ.
3273 5550 3353 5632 8.)

404 5555 553 5618 (170)
585 5555 767 5618 Prope
797 5555 1022 5603 Lenzen
1052 5555 1168 5603 duo
1198 5561 1467 5616 quamvns
1514 5561 1772 5604 minores
1823 5555 1988 5610 lacus
2169 5555 2315 5701 (171)
2345 5555 2426 5611 De
2454 5555 2548 5638 his
2578 5557 2651 5610 cf.
2684 5556 3059 5638 Thietmarus
3088 5572 3128 5609 ι.
3162 5555 3240 5634 (p.
3273 5555 3353 5632 8.)

330 5621 497 5673 sunt.
2164 5628 2293 5697 (172
2345 5627 2656 5702 Edgitham
2686 5627 2870 5686 ﬁliam
2901 5624 3202 5686 Ethwardi
3229 5638 3404 5695 regis.
