4166 6172
424 320 544 383 155

1434 314 1868 378 WIDUKINDI
1913 312 2422 375 CORBEIENSIS
2465 311 2818 375 MONACHI

423 453 566 510 bant
594 451 666 509 ab
697 450 993 506 occidente
1022 451 1081 504 et
1112 443 1351 502 meridie
1400 445 1708 500 Saxoniam
1743 448 2064 517 quaerentes
2097 447 2151 514 Α
2179 443 2439 501 solvebat
2467 460 2570 516 pro
2598 442 2839 500 victoria
2865 444 2938 499 de
2958 441 3230 500 hostibus
3249 441 3362 500 sibi
3394 440 3672 499 divinitus
3688 459 3822 500 con-

425 545 659 600 intrare.
693 541 805 598 Sed
839 540 899 574 ‘7'
925 539 1178 594 Saxones
1201 535 1416 607 pariter
1435 550 1568 589 cum
1593 533 1912 605 Thuringis
1934 551 2067 590 con-

423 631 665 708 gregati,
698 629 840 684 inito
883 643 1017 681 cum
1067 625 1151 680 eis
1200 623 1536 690 certamine,
1567 623 1732 677 caesis
1789 623 2060 690 ducibus,

421 710 1880 782 caeterosilliusexeroitusoccidentalis-“pertotam
1901 709 2060 766 illam

421 811 713 883 regionem
744 821 935 861 errare
974 803 1254 857 fecerunt.
1289 803 1546 866 Quorum
1584 799 1680 854 alii
1729 801 1881 854 fame
1924 817 2061 854 con-

368 950 384 961 ,
419 896 658 968 sumpti,
694 893 862 948 alii”
892 893 1102 962 frigore
1133 889 1426 956 dissoluti,
1459 887 1556 942 alii
1586 893 1782 942 autem
1815 886 1944 942 cznsi
1974 887 2059 942 vel

416 986 590 1057 capti,
624 989 689 1038 ut
717 982 878 1054 digni
926 983 1114 1045 erant,
1150 978 1561 1034 miserabiliter
1609 977 1923 1048 perierunt.
1953 976 2058 1041 Qui

416 1079 613 1130 autem
645 1073 704 1127 in
736 1071 952 1126 oriente
984 1067 1266 1122 remansit
1293 1067 1596 1130 exercitus,
1623 1065 1843 1120 audivit
1873 1065 1944 1119 de
1975 1082 2061 1119 so-

419 1180 546 1219 rore
577 1161 730 1234 regis
761 1177 887 1232 qua:
918 1161 1197 1228 nupserat
1225 1156 1460 1210 Widcni
1491 1155 1637 1225 (175)
1670 1155 1970 1226 Thuringo
1993 1155 2062 1188 ‘7‘

417 1283 487 1293 —
515 1255 637 1306 erat
667 1264 918 1320 namque
957 1245 1059 1301 illa
1087 1247 1154 1280 ⁵⁷⁵
1183 1262 1250 1301 ex
1279 1243 1603 1300 concubina
1634 1247 1790 1310 nata,
1825 1273 1889 1282 —
1922 1243 2058 1314 quia

415 1341 668 1395 vicinam
701 1339 906 1392 urbem
928 1337 994 1370 ⁸⁷⁸
1025 1333 1378 1389 inhabitaret
1407 1334 1473 1366 ‘77
1505 1336 1562 1386 et
1592 1331 1778 1387 multa
1808 1331 2058 1402 pecunia

417 1429 468 1485 ei
500 1431 655 1484 esset
685 1425 809 1482 auri
840 1428 897 1479 et
923 1423 1165 1495 argenti.
1190 1411 1538 1476 Unde'tanta
1561 1419 1615 1474 vi
1645 1419 1849 1474 urbem
1881 1419 2060 1490 obpu-

417 1532 594 1591 gnara
615 1516 681 1550 ‘73
706 1515 1017 1584 coeperunt,
1051 1514 1116 1564 ut
1145 1509 1257 1564 nisi
1290 1525 1402 1564 nox
1431 1508 1622 1563 visum
1655 1507 2058 1580 pugnantibus

417 1604 744 1677 impediret,
769 1601 972 1656 urbem
994 1601 1284 1669 caperent.
1309 1598 1390 1652 Ea
1407 1613 1542 1652 vero
1564 1601 1732 1652 nocte
1753 1595 2057 1651 audientes

416 1695 487 1749 de
517 1709 657 1747 casu
689 1688 979 1746 sociorum
1012 1686 1281 1758 regisque
1313 1701 1488 1758 super
1518 1701 1618 1740 eos
1639 1685 1890 1740 adventu
1920 1699 2055 1740 cum

411 1780 603 1837 valido
630 1777 883 1836 exercitu
905 1807 975 1818 —-
995 1791 1130 1830 nam
1161 1779 1354 1831 castra
1382 1777 1636 1830 metatus
1668 1777 1756 1829 est
1777 1789 1876 1829 rex
1887 1773 2057 1844 juxta

415 1870 607 1925 locum
639 1867 738 1940 qui
761 1866 974 1922 dicitur
1005 1862 1456 1935 Riade“°(171i,)
1480 1863 1687 1918 timore
1709 1860 2053 1934 perculsi‘so,

413 1958 632 2016 relictis
644 1955 852 2012 castris
866 1971 1025 2010 more
1037 1951 1289 2026 suojigne
1301 1951 1808 2024 fumoqueingenti
1822 1949 2057 2024 agmina

415 2047 630 2105 diffusa
657 2045 1035 2116 collegerunt.
1062 2043 1179 2098 Rex
1199 2057 1332 2096 vero
1355 2045 1585 2112 postera
1607 2040 1698 2095 die
1730 2041 2057 2111 producens

412 2136 749 2203 exercitum,
782 2133 1120 2189 exhortatus
1163 2135 1271 2198 est,
1305 2133 1370 2185 ut
1417 2146 1581 2202 spem
1633 2145 1800 2184 suam
1849 2127 2056 2183 divina;

414 2225 734 2282 clementia:
783 2221 1238 2287 committerent,
1291 2219 1555 2273 divinum
1610 2217 1723 2272 sibi
1773 2215 2056 2272 auxilium

415 2312 913 2388 quemadmodum
944 2310 1004 2365 in
1035 2309 1165 2366 aliis
1196 2307 1410 2381 prmliis
1442 2307 1648 2362 adesse
1679 2323 1794 2360 non
1825 2305 2055 2360 dubita-

415 2408 576 2471 rent;
603 2416 947 2457 communes
977 2398 1242 2454 omnium
1272 2397 1470 2452 hostes
1491 2411 1619 2451 esse
1640 2395 1924 2467 Ungarios
1945 2413 1960 2463 ;
1983 2395 2056 2450 ad

413 2491 730 2547 vindictam
759 2489 958 2561 patria:
991 2491 1416 2559 parentumque
1447 2483 1816 2540 solummodo
1845 2484 2061 2556 cogita-

416 2585 577 2644 rent;
613 2579 809 2634 hostes
839 2577 954 2632 cito
984 2577 1046 2611 ⁴³¹
1078 2579 1244 2648 terga
1288 2577 1510 2630 vertere
1556 2572 1860 2642 vidissent,
1893 2573 1942 2627 si
1973 2572 2056 2627 vi-

417 2668 600 2725 riliter
623 2667 896 2724 certando
927 2665 1324 2738 persisterent.
1348 2662 1449 2717 His
1469 2661 1708 2734 optimis
1728 2660 1920 2717 verbis
1941 2677 2060 2717 erc-

415 2759 491 2814 cti
523 2759 591 2793 ⁴⁸²
621 2757 860 2823 milites,
894 2755 1421 2827 imperatoremque
1443 2750 1501 2806 in
1533 2749 1740 2823 primis
1773 2750 1982 2806 mediis
2003 2754 2062 2806 et

413 2847 976 2904 ultimisversantem
987 2843 1268 2909 videntes,
1285 2856 1598 2912 coramque
1615 2855 1681 2896 eo
1702 2837 1977 2912 angelum
1989 2868 2058 2880 --

413 2937 522 2994 hoc
541 2937 699 2994 enim
717 2932 999 2991 vocabulo
1021 2931 1330 3004 efﬁgieque
1349 2931 1584 3004 signum
1600 2929 1922 2986 maximum
1936 2931 2061 2984 erat

414 3026 761 3098 insignitum
784 3021 956 3094 (175,)
978 3025 1327 3092 acceperunt
1357 3019 1636 3074 fiduciam
1668 3034 2059 3092 magnamque

413 3113 827 3170 constantiam.
863 3111 982 3166 Rex
1006 3123 1142 3164 vero
1168 3108 1388 3163 veritus
1419 3111 1528 3174 est,
1560 3107 2059 3179 quemadmodum

2173 549 2372 601 cessa;
2403 533 2807 605 tributumque
2827 533 2914 599 ⁸⁸⁷,
2939 533 3093 605 quod
3116 531 3389 588 hostibus
3409 532 3548 588 dare
3578 548 3822 588 consue-

2169 621 2472 687 vit,divino
2502 620 2683 676 cultui
2714 621 3066 692 mancipavit
3089 619 3578 694 etlargitionibus
3608 637 3822 693 paupe-

2171 727 2302 766 rum
2333 710 2621 766 deservire
2652 710 2977 766 constituit.
3011 709 3230 765 Deinde
3277 712 3441 780 pater
3471 709 3692 780 patriae,
3727 726 3820 764 re-

2171 817 2302 854 rum
2347 799 2622 855 dominus
2679 799 3110 871 imperatorque
3153 799 3227 853 ab
3276 798 3532 853 exercitu
3570 797 3822 870 appella-

2169 891 2266 943 tus
2296 888 2440 959 (176,
2477 889 2691 943 famam
2723 887 2990 960 potentia:
3013 886 3364 958 virtutisque
3386 887 3613 942 cunctis
3635 889 3821 957 genti-

2171 977 2282 1032 bus
2313 981 2370 1031 et
2399 977 2634 1048 regibus
2663 976 2727 1011 “‘9
2761 975 2931 1048 longe
2977 975 3208 1048 lateque
3253 975 3506 1030 dilfudit.
3550 975 3713 1031 Unde
3761 981 3819 1031 et

2170 1064 2419 1120 aliorum
2451 1081 2762 1136 regnorum
2789 1082 3054 1136 proceres
3076 1081 3211 1120 eum
3231 1063 3516 1132 adierunt,
3544 1065 3816 1137 gratiam-

2169 1171 2281 1226 que
2311 1154 2370 1208 in
2403 1159 2714 1226 conspectu
2745 1154 2873 1224 ejus
2895 1153 3153 1210 invenire
3173 1157 3515 1226 quaerentes,
3539 1154 3714 1208 ﬁdem
3738 1158 3818 1209 ta-

2168 1241 2242 1297 lis
2266 1259 2331 1297 ac
2355 1243 2498 1298 tanti
2523 1243 2628 1299 viri
2651 1243 2957 1314 probatam
2983 1242 3267 1299 habentes
3288 1241 3634 1297 dilexerunt.
3659 1242 3817 1298 Inter

2168 1347 2315 1403 quos
2348 1331 2716 1387 IIiribertbus
2743 1333 2811 1366 ⁸⁸⁸
2839 1347 3016 1405 gener
3061 1331 3324 1404 Hugcnis
3371 1331 3541 1402 (177),
3592 1347 3727 1386 cum
3760 1333 3810 1386 ei

2166 1421 2571 1475 adversaretur
2599 1419 2886 1477 Rodulfus
2915 1421 3003 1488 ‘90,
3035 1423 3238 1476 contra
3256 1419 3362 1490 jus
3405 1419 3614 1492 fasque
3640 1436 3818 1476 omne

2166 1525 2265 1564 rex
2283 1509 2661 1578 constitutus,
2675 1513 2742 1565 ut
2759 1509 2808 1565 ei
2828 1509 2890 1545 ‘9'
2919 1511 3075 1582 apud
3097 1507 3404 1566 dominum
3427 1524 3603 1564 suum
3617 1525 3720 1581 pro
3741 1511 3813 1545 ‘9’

2166 1596 2436 1670 praesidio
2462 1602 2640 1665 esset,
2671 1597 3038 1670 supplicavit.
3064 1598 3194 1672 Ipse
3211 1597 3369 1654 enim
3389 1615 3486 1654 rex
3506 1596 3641 1654 talis
3665 1603 3812 1666 erat,

2166 1685 2265 1758 qui
2297 1685 2476 1742 nichil
2501 1693 2738 1758 negaret
2757 1687 2982 1743 amicis.
3000 1686 3254 1744 Perrexit
3275 1687 3456 1760 igitur
3470 1687 3538 1722 “’3
3562 1686 3814 1746 Galliam

2165 1790 2283 1842 rex,
2317 1791 2512 1847 regem
2544 1774 2878 1848 alloquitur,
2904 1780 2961 1832 et
2979 1775 3230 1848 perfecto
3261 1775 3514 1850 negotio,
3547 1793 3814 1834 reversus

2165 1867 2254 1920 est
2272 1862 2332 1918 in
2356 1864 2689 1920 Saxoniam.
2705 1863 2966 1937 Cumque
2986 1869 3140 1926 esset
3161 1865 3220 1920 in
3242 1865 3556 1922 exaltando
3577 1870 3808 1938 gentem

2167 1969 2356 2020 suam,
2389 1970 2556 2009 rarus
2584 1953 2695 2008 fuit
2724 1948 2825 2010 aut
2856 1953 3063 2020 nullus
3087 1953 3522 2010 nominatorum
3551 1955 3808 2012 virorum

2167 2041 2226 2096 in
2257 2040 2416 2096 omni
2443 2043 2511 2077 ‘9‘
2551 2042 2822 2110 Saxonia,
2874 2059 3046 2115 quem
3096 2042 3374 2115 praeclaro
3421 2059 3662 2100 munere
3709 2047 3812 2100 aut

2166 2129 2358 2185 officio
2388 2130 2475 2186 vel
2510 2129 2708 2204 aliqua
2737 2135 3033 2204 quaestura
3052 2147 3166 2189 non
3190 2133 3658 2204 promoveret.Et
3676 2150 3812 2188 cum

2166 2219 2386 2292 ingenti
2417 2218 2659 2292 polleret
2685 2221 2998 2293 prudentia
3017 2219 3448 2294 sapientiaque,
3481 2221 3727 2278 accessit
3756 2226 3818 2278 et

2167 2307 2352 2364 moles
2373 2308 2653 2380 corporis,
2668 2307 2838 2382 regiae
2861 2307 3130 2382 dignitati
3151 2325 3386 2366 omnem
3409 2310 3630 2366 addens
3651 2311 3816 2366 deco-

2167 2414 2311 2452 rem.
2347 2397 2410 2453 In
2441 2397 2732 2454 exercitiis
2755 2413 2989 2470 quoque
3029 2397 3153 2454 ludi
3187 2399 3254 2434 ⁴⁹⁵
3285 2403 3449 2455 tanta
3496 2399 3816 2456 eminentia

2167 2486 2484 2558 superabat
2507 2501 2734 2555 omnes,
2758 2490 2823 2543 ut
2843 2491 3122 2544 terrorem
3144 2487 3366 2544 caeteris
3385 2492 3724 2544 ostentaret.
3746 2489 3807 2544 In

2164 2575 2472 2630 venatione
2498 2575 2566 2612 ‘9‘
2595 2578 2717 2630 tam
2749 2574 3071 2632 acerrimus
3086 2577 3154 2612 ⁸⁸⁷
3181 2580 3324 2644 erat,
3357 2581 3422 2632 ut
3451 2589 3570 2632 una
3598 2576 3722 2632 vice
3741 2578 3810 2613 ⁴⁹⁸

2167 2662 2553 2736 quadraginta
2583 2667 2683 2718 aut
2713 2678 2780 2720 eo
2807 2661 3061 2734 amplius
3090 2663 3245 2720 feras
3287 2668 3554 2735 caperet;
3588 2667 3648 2720 et
3675 2663 3812 2720 licet

2166 2753 2226 2806 in
2255 2749 2530 2808 conviviis
2551 2750 2696 2806 satis
2709 2751 3014 2823 jucundus
3031 2754 3204 2818 esset,
3227 2754 3421 2808 tamen
3449 2751 3626 2806 nichil
3651 2767 3813 2823 rega-

2166 2839 2240 2896 lis
2271 2838 2588 2912 disciplinae
2621 2825 2956 2908 minuebat;
2987 2842 3219 2896 tantum
3248 2840 3406 2895 enim
3452 2840 3702 2896 favorem
3735 2841 3810 2875 “9

2167 2929 2384 3002 pariter
2395 2929 2453 2984 et
2463 2927 3048 2998 timoremzmilitibus
3066 2927 3412 2984 infundebat
3429 2929 3519 2996 5°“,
3543 2933 3609 2984 ut
3626 2928 3808 2984 etiam

2167 3015 2392 3073 ludenti
2423 3033 2540 3073 non
2569 3017 2874 3074 crederent
2899 3018 2970 3073 ad
2994 3015 3250 3090 aliquam
3282 3015 3583 3074 lasciviam
3605 3031 3668 3072 se
3687 3017 3808 3074 dis-

2169 3105 2515 3163 solvendum
2547 3107 2610 3143 ⁶⁰¹

414 3202 622 3269 evenit,
656 3203 722 3256 ut
749 3199 967 3266 hostes,
997 3197 1123 3252 viso
1153 3195 1338 3251 milite
1381 3199 1626 3262 armato,
1659 3195 1808 3268 fugae
1853 3194 2056 3252 statim
2089 3195 2140 3264 ο
2240 3196 2330 3250 40.
2361 3194 2843 3268 (DCCGCXXXIV)
2871 3195 3017 3254 Cum
3038 3197 3236 3252 autem
3257 3211 3462 3252 omnes
3483 3195 3541 3252 in
3563 3195 3811 3252 circuitu

413 3289 802 3346 indulsissent
815 3305 829 3356 ;
843 3285 1007 3343 misit
1017 3284 1304 3358 legionem
1317 3282 1754 3357 Thuringorum
1768 3300 1901 3340 cum
1925 3299 2055 3340 raro

415 3379 600 3436 milite
623 3380 869 3444 armato,
899 3379 965 3431 ut
993 3375 1246 3430 inermes
1275 3376 1788 3446 prosequerentur,
1801 3377 2060 3446 etnsque

414 3470 488 3526 ad
517 3467 832 3524 exercitum
853 3463 1332 3537 protraherentur
1358 3462 1446 3515 ‘33.
1468 3464 1794 3534 Actumque
1826 3466 1916 3517 est
1944 3461 2054 3530 ita;

413 3557 517 3614 sed
530 3553 947 3612 nichilominus
959 3553 1218 3608 videntes
1230 3551 1548 3607 exercitum
1562 3553 1879 3616 armatum,
1893 3551 2055 3623 fuge-

415 3649 555 3703 runt
574 3645 660 3714 ‘3‘,
690 3647 754 3700 ut
781 3659 886 3715 per
913 3646 1042 3697 octo
1073 3639 1350 3696 milliaria
1369 3641 1436 3676 ⁸⁸⁵
1456 3639 1548 3696 vix
1577 3640 1749 3712 pauci
1775 3639 2059 3696 caaderen-

415 3739 515 3792 tur
541 3733 630 3790 vel
659 3734 726 3768 ⁴⁸⁶
755 3735 1118 3804 caperentur.
1141 3728 1345 3786 Castra
1371 3745 1506 3786 vero
1538 3728 1758 3799 invasa,
1782 3733 1841 3784 et
1863 3727 2056 3784 omnis

413 3823 718 3897 captivitas
750 3821 995 3877 liberata
1023 3823 1132 3876 est.

477 3913 573 3969 39.
606 3913 726 3968 Rex
779 3927 912 3967 vero
966 3910 1152 3965 victor
1208 3923 1493 3977 reversus,
1543 3906 1736 3963 modis
1780 3907 2055 3963 omnibus

411 4001 731 4074 gratiarum
761 4000 1019 4056 actiones
1049 3998 1244 4054 divino
1273 3997 1501 4067 honori,
1537 3999 1602 4053 ut
1632 3996 1878 4070 dignum
1907 3999 2053 4062 erat,

2165 3284 2431 3341 nationes
2476 3284 2844 3356 subjecisset,
2879 3284 3094 3354 Danos,
3127 3283 3225 3357 qui
3274 3282 3464 3340 navali
3509 3283 3812 3342 latrocinio

2166 3374 2447 3430 Fresones
2477 3372 2875 3443 incursabant,
2900 3385 3036 3430 cum
3063 3373 3319 3430 exercitu
3363 3373 3508 3430 adiit
3535 3373 3808 3445 vicitque,

2164 3467 2223 3519 et
2234 3461 2574 3518 tributarios
2591 3461 2827 3531 faciens,
2841 3473 3038 3535 regem
3060 3477 3264 3520 eorum
3276 3462 3345 3497 ⁶⁰²
3361 3462 3600 3518 nomine
3619 3461 3814 3520 Chnu-

2166 3551 2301 3607 bam
2332 3551 2400 3586 ⁸⁰³
2431 3550 2580 3622 (178)
2609 3550 2970 3624 baptismum
3000 3549 3298 3624 percipere
3326 3551 3481 3607 fecit.
3517 3550 3810 3606 Perdomi-

2163 3640 2241 3695 tis
2253 3639 2450 3712 itaque
2476 3640 2706 3696 cunctis
2725 3639 3184 3714 circumquaque
3201 3639 3498 3714 gentibus,
3515 3643 3810 3712 postremo

2166 3730 2411 3786 Romam
2438 3728 2726 3802 proficisci
2757 3729 2982 3799 statuit,
3005 3730 3107 3788 sed
3138 3729 3480 3787 inﬁrmitate
3509 3733 3812 3802 correptus

2164 3818 2276 3876 iter
2305 3817 2642 3874 intermisit.
3336 3805 3346 3810 δ

2236 3909 2325 3962 41.
2357 3909 2620 3980 Cumque
2647 3924 2710 3964 se
2731 3908 2858 3979 jam
2898 3907 3126 3982 gravari
3157 3909 3225 3943 ⁶⁰⁵
3255 3908 3458 3965 morbo
3506 3907 3810 3971 sensisset,

2163 3998 2476 4052 convocato
2496 3995 2655 4052 omni
2678 3994 2917 4070 populo,
2944 3995 3273 4070 designavit
3295 3995 3482 4054 ﬁlium
3503 4009 3678 4052 suum
3700 3994 3812 4052 Od-

1764 4120 2008 4177 VARIzE
2047 4117 2464 4178 LECTIONES.
3055 4153 3070 4159 ε

485 4221 547 4255 ⁴⁷¹
575 4219 720 4276 deest
767 4223 822 4276 2.
915 4219 981 4254 ‘7'
1009 4218 1396 4292 occidentales
1424 4223 1478 4292 2.
1573 4219 1642 4292 f7”
1671 4219 1839 4292 deest,
1868 4217 1936 4292 Α.
2011 4216 2082 4292 1⁷⁵
2112 4217 2528 4292 thuringcrum
2583 4221 2637 4274 2.
2735 4220 2823 4286 ηδ,
2873 4216 3119 4292 ⁴⁷⁶λάβθιςι
3176 4221 3247 4292 1.7
3304 4217 3370 4254 ‘7'
3412 4216 3812 4292 inhabitarent

412 4296 468 4348 2.
500 4292 566 4348 A.
642 4292 708 4328 ‘7'
739 4305 1072 4364 expugnare
1115 4289 1170 4346 3.
1247 4290 1315 4326 ‘7’
1345 4289 1503 4346 riede
1556 4288 1622 4346 Α.
1679 4293 1735 4346 7.

413 4365 480 4420 A.
557 4362 623 4398 ⁸⁸³
653 4366 714 4420 et
741 4393 810 4402 —
855 4361 1332 4420 protraherentur
1385 4361 1582 4418 desunt
1639 4361 1712 4418 1?

415 4435 625 4492 butum
680 4435 746 4490 A.
803 4431 875 4488 7.“
935 4433 1002 4468 ⁸⁸⁸
1031 4437 1088 4488 et
1145 4432 1380 4492 regibus
1435 4431 1630 4488 desunt
1681 4435 1730 4490 1.

414 4505 708 4563 rothulfus
767 4505 816 4560 1.
881 4503 1145 4560 rudolfus

1796 4289 1970 4373 rimus
2129 4290 2200 4373 δεξο
2214 4285 2511 4373 perculsae
2567 4305 2734 4373 corr._
2771 4285 3148 4373 perculsiz.‘
3187 4291 3436 4373 “luvare.
3560 4285 3809 4373 “Leonti

855 4359 1332 4442 protraherentur
1385 4361 1582 4418 desunt
1639 4361 1712 4418 1?
1786 4363 1855 4398 ‘8‘
1886 4361 2188 4444 fugiet-unt
2213 4359 2270 4417 2.
2347 4362 2415 4397 ωδ
2441 4359 2791 4444 utperacto'
2833 4361 3084 4444 miliarip
3115 4361 3170 4418 3.
3247 4362 3316 4398 ⁴⁸⁶
3343 4363 3446 4418 aut
3472 4363 3528 4416 2.
3605 4359 3674 4396 “7
3702 4361 3811 4416 tri-

855 4475 859 4488 .
935 4433 1002 4468 “8
1031 4437 1088 4488 et
1145 4433 1380 4489 regibus
1435 4431 1630 4488 desunt
1681 4435 1730 4489 1.
1827 4433 1894 4468 ⁴⁸⁹
1919 4431 2238 4489 hmbertus
2289 4435 2341 4488 2.
2403 4433 2773 4489 Hirlberthus
2831 4435 2888 4489 3.
2941 4433 3273 4489 heribertus
3329 4433 3395 4487 A.
3443 4432 3510 4468 “0
3539 4431 3811 4488 adversos

1961 4449 2238 4490 ιινιοθιδῑιιε
2289 4449 2341 4488 Ζ.

2403 4431 2773 4490 Hiriberthus
2831 4435 2888 4490 3.
2941 4433 3273 4490 heribertus
3329 4433 3395 4487 A.
3443 4432 3510 4468 “0
3539 4431 3813 4488 adversas

1255 4545 1266 4557 .
1330 4503 1653 4560 Ruodolfus
1682 4504 1736 4559 3.
1814 4505 1878 4540 ⁴⁰¹
1911 4503 2060 4560 deest
2113 4506 2169 4559 2.
2247 4503 2316 4539 ‘9’
2345 4504 2490 4562 deest
2541 4505 2607 4559 A.
2664 4503 2718 4561 3.
2768 4505 2822 4559 6.
2869 4507 2924 4560 7.
3001 4504 3068 4540 “3
3095 4503 3224 4560 add.
3283 4503 3344 4560 in
3398 4503 3453 4559 3.
3487 4504 3556 4538 ‘9‘
3583 4503 3729 4560 deest
3752 4505 3810 4559 2.

484 4577 552 4614 ωδ
579 4576 726 4634 deest
756 4575 806 4632 1.
883 4575 952 4612 ⁴⁹⁶
987 4574 1360 4631 veneratione
1387 4575 1437 4630 1.
1513 4575 1580 4610 ‘9'
1613 4591 1745 4631 acer
1790 4578 1846 4631 2.
1895 4576 1952 4630 6.
2028 4572 2265 4632 “deest
2307 4578 2362 4630 2.
2439 4573 2509 4611 ⁴⁹⁹
2538 4575 2822 4632 fervorem
2871 4572 2926 4632 3.
3003 4575 3071 4612 ⁵ου
3098 4578 3328 4632 tantum
3357 4603 3429 4616 —
3467 4569 3816 4630 infundebat

411 4648 606 4705 desunt
627 4653 682 4704 2.
751 4649 822 4719 ί⁶⁰¹
853 4639 1256 4704 dissolvendos
1285 4645 1339 4701 3.
1370 4647 1426 4719 β.
1501 4647 1572 4719 Ψ
1599 4644 1744 4702 deest
1769 4649 1826 4719 2,
1855 4716 1866 4719 _
1902 4647 1970 4682 ωθ
1999 4647 2292 4719 chcnpam
2327 4648 2377 4702 1.
2408 4648 2565 4719 cujus
2596 4646 2818 4719 lectioni
2845 4646 3166 4719 Sigebertus_
3185 4641 3405 4719 _Gembt.
3450 4643 3700 4719 accedere
3727 4647 3812 4700 vi-

409 4719 586 4801 detur,
617 4718 763 4801 apud
792 4735 948 4793 quem
974 4720 1118 4801 regis
1145 4733 1342 4775 nomen
1366 4717 1614 4791 Chuipia
1642 4726 1741 4775 aut
1766 4716 1992 4792 Cbinpa
2016 4716 2314 4787 scribitur;
2345 4716 2599 4776 enubam
2629 4721 2682 4774 2.
2709 4716 2940 4776 Nubam
2959 4719 3013 4775 3.
3054 4720 3112 4776 7.
3138 4717 3430 4775 Chnutam
3462 4718 3510 4786 β,
3587 4716 3655 4753 ‘0‘
3686 4731 3815 4789 gra-

413 4792 468 4848 vi
501 4794 552 4849 1.
580 4791 786 4848 morbo
800 4791 1042 4865 gravari
1070 4791 1124 4846 2.

1998 4878 2233 4937 NOTAE.

485 4979 632 5052 (173)
664 4980 745 5036 De
789 4979 1062 5052 Widone,
1101 4978 1230 5048 ejus
1255 4992 1455 5052 uxore
1504 4979 1677 5052 atque
1726 4976 1871 5052 urbe
1917 4977 2059 5052 certi
2090 4969 2138 5046 D
2166 4993 2341 5052 cum.
2369 4977 2643 5052 Fortasse
2674 4993 2815 5052 vero
2849 4975 3500 5052 Heribertus__somrum
3547 4969 3817 5052 Hugogis

417 5047 851 5162 nihilviqnstat;
884 5052 958 5106 cf.
993 5047 1147 5107 Gott.
1181 5047 1292 5121 gel.
1345 5049 1484 5102 Anz.
1542 5047 1696 5103 1v38.
1747 5050 1881 5106 Nrc.
1931 5050 2058 5104 204.

421 5124 747 5263 β’(ἰὲἶζῗᾞθ
776 5193 955 5262 hujus
987 5192 1094 5248 loci
1137 5192 1254 5246 situ
1287 5189 1557 5262 equidem
1609 5189 1756 5246 nihil
1807 5195 2062 5248 statuere

423 5263 627 5318 audeo.

517 5334 636 5422 ηρ)
669 5335 741 5422 9»!-
779 5333 996 5422 ιιι.

516 5402 636 5462 176)
671 5407 826 5460 Idem
859 5405 928 5460 de
957 5405 1164 5462 Ottone
1193 5403 1407 5459 dicitur
1437 5402 1474 5459 l.
1514 5405 1562 5458 1.

516 5423 617 5460 1/0
671 5423 826 5460 luem
859 5423 1164 5487 aeuuone
1193 5423 1407 5484 dicitur
1435 5423 1474 5485 i.
1514 5423 1594 5486 ι..
1795 5476 1805 5488 ,
1945 5477 1956 5488 ⁸

516 5423 636 5544 177)
668 5477 832 5549 Hugo
866 5476 1022 5533 filius
1051 5481 1174 5549 erat
1205 5476 1482 5549 Beatricis
1515 5475 1646 5531 lilia:
1677 5476 1958 5549 Heriberti
1991 5477 2058 5549 1.,

459 5545 600 5620 atris
633 5545 811 5620 hujus
835 5547 1140 5620 Hei-iberti,
1165 5564 1230 5620 ac
1252 5545 1492 5620 proinde
1515 5547 1730 5603 sororis
1754 5547 2058 5620 Heriberti.

459 5565 600 5602 λιι-18
633 5565 811 5620 1111]υεί
836 5565 1140 5613 uel-lucrm,
1165 5565 1230 5602 110
1252 5565 1492 5617 promac
1515 5565 1730 5603 SOl‘OI‘lS
1754 5565 2058 5604 ιιοιιιυοηι.

419 5565 564 5675 Blinc
592 5637 696 5695 per
725 5636 1006 5694 generum
1035 5619 1129 5678 hic
1160 5616 1508 5691 intelligitur
1537 5619 1880 5677 avunculus.
1910 5621 2060 5678 Βου-

2171 5048 2546 5105 matrimonic
2576 5047 2687 5120 sibi
2713 5048 2946 5120 junxit;
2980 5065 3118 5105 nam
3141 5047 3299 5106 filius
3319 5048 3446 5118 ejus
3468 5043 3672 5119 postea
3690 5043 3815 5115 (ΙΙΙ.

2171 5137 2224 5178 c.
2255 5120 2333 5192 3.)
2367 5119 2843 5192 neposHugOnis
2868 5125 3126 5192 vocatur.

2242 5185 2390 5268 (1'78)
2531 5185 2796 5268 Gnufone
2825 5190 2928 5268 (ita
2956 5191 3328 5268 Thictinarus
3360 5187 3402 5246 Ῑ.
3425 5205 3483 5261 p.
3517 5187 3628 5268 12.)
3652 5185 3818 5268 pagis

2171 5257 2380 5340 Gcrmi'
2403 5260 2543 5340 lilio,
2565 5262 2635 5340 in
2661 5257 2905 5319 australi
2936 5267 3100 5340 parte
3121 5261 3312 5318 Daniaa
3335 5257 3631 5340 reg—uante,
3652 5257 3814 5314 Wid.

2169 5333 2459 5404 cogitasse
2488 5333 2750 5402 videtur;
2787 5329 2998 5390 nomen
3027 5335 3223 5390 tamen
3257 5329 3454 5401 procul
3481 5329 3657 5385 dubio
3679 5346 3815 5384 cum

2171 5406 2208 5457 b
2233 5409 2338 5457 aut
2368 5421 2403 5457 υ
2433 5403 2688 5457 sérinsit.
2724 5405 2882 5457 Kunt
2911 5423 3014 5457 nro
3045 5407 3202 5457 Knut
3227 5403 3402 5457 etiam
3435 5401 3615 5457 codex
3639 5399 3815 5456 Vien-

2171 5406 2208 5460 b
2233 5409 2338 5486 aut
2368 5421 2403 5476 p
2433 5405 2688 5488 scripsit.
2724 5405 2882 5461 Kunt
2911 5423 3014 5488 pro
3045 5407 3202 5488 Knut
3227 5405 3402 5461 etiam
3435 5405 3615 5458 codex
3640 5405 3816 5456 Vien-

2173 5492 2372 5558 nensis
2399 5475 2608 5530 Adam1
2639 5477 2972 5558 Bremensrs
2999 5475 3272 5558 exhibet.
3309 5473 3482 5558 Illum
3525 5488 3662 5558 vero
3713 5472 3816 5528 ba-

2171 5547 2454 5619 ptismum
2483 5547 2796 5620 accepisse,
2830 5547 3012 5606 nostri
3045 5562 3206 5606 error
3235 5562 3363 5605 esse
3389 5545 3635 5604 videtur.

3702 309 3938 372 156.
