4166 6172
292 344 416 405 165

1328 342 1473 404 RES
1520 341 1796 403 GESTIE
1837 339 2271 404 SAXONICzE.
2304 376 2381 386 —
2408 341 2571 404 LIB.
2605 344 2682 405 II.

3584 348 3699 409 166

296 479 401 545 sis,
436 473 775 544 homicidia,
808 474 1088 548 perjur'la,
1113 475 1613 548 depopulationes,
1646 475 1945 543 incendia;
1974 475 2030 543 Α
2059 475 2463 533 Thancmarus
2480 480 2675 531 autem
2693 476 2843 548 fugit
2862 475 2922 530 in
2944 475 3261 532 ecclesiam
3285 495 3319 531 a
3342 478 3528 533 Leone
3550 496 3701 552 papa

306 582 542 638 aequum
602 579 986 637 pravumque,
1030 568 1302 620 sanetum
1350 564 1791 637 perjuriumque
1834 561 1952 619 illis

292 654 515 710 diebus
546 669 758 725 parum
794 652 1204 724 procedebant.

370 742 432 797 11
445 784 457 796 .
479 741 737 797 Junctus
756 745 848 796 est
867 745 1063 796 autem
1083 744 1141 797 et
1159 741 1567 797 Thanemarus
1589 740 1946 810 Evurhardo,

296 830 664 902 eollectaque
691 830 884 885 valida
916 846 1119 897 manu,
1154 832 1456 903 Oppugnat
1481 831 1548 864 ⁶²⁷
1608 828 1948 902 praesidium

296 920 459 991 quod
486 918 702 973 dicitur
731 917 980 977 Badiliki
1000 919 1069 953 ⁸³⁸
1091 918 1258 990 (201),
1282 917 1343 972 in
1364 934 1480 989 quo
1500 923 1624 973 erat
1645 917 1950 972 Heinricus

287 1008 518 1080 junior,
542 1008 796 1079 dataque
834 1008 1030 1079 praeda
1067 1007 1232 1063 urbis
1270 1007 1396 1062 suis
1425 1005 1946 1072 commilitonibus,

292 1097 459 1166 abiit,
475 1113 675 1152 secum
704 1096 1004 1151 adducens
1020 1096 1089 1132 5”
1111 1095 1444 1152 Heinrieum
1459 1094 1629 1167 quasi
1644 1094 1753 1149 vile
1770 1094 1947 1165 quod-

297 1184 444 1239 dam
477 1183 839 1256 mancipium
869 1184 957 1237 ⁶³⁰.
987 1183 1331 1239 Interfectus
1368 1187 1458 1239 est
1505 1188 1701 1239 autem
1729 1182 1811 1237 ibi
1841 1183 1946 1238 Ge-

290 1272 593 1328 vebardus
632 1273 719 1339 ‘3‘,
762 1270 982 1328 Udonis
1032 1271 1191 1327 ﬁlius
1226 1273 1316 1341 ⁸³³,
1356 1272 1556 1327 fratris
1605 1270 1947 1327 Herimanni

289 1361 486 1428 ducis,
513 1361 587 1415 ob
619 1362 791 1432 cujus
812 1376 1036 1430 necem,
1060 1361 1176 1416 Deo
1198 1360 1397 1415 omnia
1420 1360 1746 1427 ordinante,
1770 1361 1950 1415 duces

289 1450 649 1505 Francorum
684 1450 838 1505 inter
862 1466 931 1505 se
972 1454 1112 1505 sunt
1131 1450 1199 1486 ⁸³³
1230 1448 1401 1505 divisi
1432 1448 1819 1521 (202).Tantis
1838 1448 1946 1521 igi-

286 1544 388 1594 tur
430 1538 642 1610 spoliis
692 1538 1055 1597 Tbancmari
1106 1538 1324 1594 milites
1367 1539 1437 1575 “3‘
1480 1538 1669 1606 ditati,
1695 1539 1823 1610 jam
1873 1539 1945 1594 ad

300 1626 502 1682 omnia
530 1627 910 1699 parabantur.
942 1627 1078 1690 Post
1120 1627 1242 1683 hzec
1272 1627 1425 1701 cepit
1470 1627 1675 1683 urbem
1708 1643 1836 1699 quae
1866 1627 1949 1683 di-

295 1715 457 1770 citur
486 1714 822 1788 Heresburg
844 1712 933 1784 ⁸³⁸,
965 1718 1023 1770 et
1049 1714 1292 1771 collecta
1316 1714 1509 1771 valida
1545 1714 1945 1784 multitudine,

284 1802 442 1858 sedit
482 1804 553 1839 ⁸³⁸
600 1802 663 1858 in
712 1818 801 1871 ea,
853 1801 1043 1859 multa
1095 1802 1232 1858 inde
1290 1818 1564 1859 exercens
1619 1802 1944 1859 latrocinia.
1975 1842 2026 1911 Β

298 1890 679 1911 ἢμηιηλη-
738 1896 922 1911 -_-.___
993 1907 1180 1911 _-_A___
1475 1892 1807 1911 ..μεηηρημμ
1869 1892 1941 1911 n-

297 1890 682 1948 Evurhardus
733 1896 930 1947 autem
987 1907 1187 1948 secum
1236 1891 1425 1947 tenuit
1475 1892 1836 1948 Iieinricum.
1869 1892 1949 1948 Eo

294 1995 539 2051 quoque
564 1982 830 2052 tempore
858 1980 1088 2039 occisus
1109 1985 1199 2036 est
1227 1979 1370 2036 Dedi
1387 1979 1454 2015 ⁸³⁷
1478 1985 1613 2036 ante
1634 1984 1835 2053 portas
1858 1997 1951 2036 ur-

296 2068 392 2123 bis
412 2084 543 2139 qua
573 2066 790 2123 dicitur
819 2068 1013 2124 Larun
1034 2068 1101 2105 ⁸³⁸
1123 2068 1290 2141 (203),
1313 2068 1373 2124 in
1392 2085 1511 2140 qua
1539 2074 1705 2125 erant
1734 2068 1948 2126 milites

294 2155 1081 2214 Evurhardi.Wiehmannus
1100 2157 1426 2230 autem,qui
1453 2175 1517 2214 se
1536 2157 1793 2231 primum
1817 2157 1951 2214 alie-

294 2245 459 2301 navit
487 2262 524 2301 a
552 2261 706 2318 rege,
728 2245 979 2302 audiens
1007 2248 1239 2302 tantum
1261 2246 1491 2304 facinus
1511 2246 1944 2316 seditiosorum,

298 2350 623 2390 conversus
650 2334 720 2369 ‘39
748 2351 951 2407 pacem
983 2334 1118 2391 fecit
1155 2351 1290 2391 cum
1329 2350 1482 2409 rege,
1514 2335 1655 2408 quia
1692 2337 1947 2408 pruden-

296 2420 573 2477 tissimus
603 2425 745 2489 erat,
777 2425 837 2477 et
864 2421 1027 2478 utilis
1054 2439 1126 2479 ac
1156 2422 1350 2479 ﬁdelis
1378 2440 1566 2496 usque
1588 2424 1657 2460 “0
1679 2424 1739 2479 in
1768 2426 1946 2480 ﬁnem

292 2510 623 2581 permansit
643 2511 812 2582 (204).
836 2511 1242 2569 Tbancmarus
1272 2515 1491 2579 autem,
1512 2511 1671 2569 ﬁlius
1694 2513 1946 2569 Heinrici

288 2598 474 2671 regis,
503 2603 677 2653 natus
706 2604 831 2655 erat
850 2617 919 2655 ex
952 2606 1138 2658 matre
1168 2600 1351 2657 nobili
1375 2602 1520 2676 (205)
1541 2619 1720 2658 manu
1750 2617 1946 2675 prom-

292 2691 455 2759 plus,
483 2704 619 2743 acer
646 2686 901 2760 ingenio,
930 2687 1188 2745 bellandi
1208 2689 1451 2762 peritus,
1474 2690 1577 2746 sed
1604 2690 1757 2747 inter
1784 2709 1948 2748 arma

291 2776 543 2831 honesta
571 2776 772 2832 minus
802 2776 1087 2849 pudicitia
1136 2794 1304 2834 usus.
1336 2778 1475 2834 Erat
1521 2784 1715 2835 autem
1762 2786 1950 2837 mater

288 2866 425 2935 ejus
458 2863 707 2919 multam
756 2864 982 2923 habens
1032 2866 1467 2940 possessionem
1496 2868 1585 2938 5“,
1618 2866 1719 2940 qui
1749 2867 1884 2924 licet
1914 2885 1948 2924 a

292 2956 461 3025 patre
500 2952 617 3008 alia
658 2953 830 3025 plura
858 2956 927 2989 ⁶⁴²
956 2955 1037 3010 sit
1089 2954 1330 3023 ditatus,
1362 2959 1628 3012 materna
1655 2960 1853 3013 tamen
1884 2974 1947 3014 se

294 3040 619 3097 hereditate
635 3043 706 3076 “3
740 3042 1033 3114 privatum
1064 3058 1213 3117 egre
1240 3042 1408 3100 valde
1436 3043 1591 3113 tulit,
1615 3048 1672 3101 et
1690 3045 1763 3102 ob
1794 3045 1946 3102 hanc

294 3146 539 3186 causam
561 3146 727 3185 arma
744 3131 928 3187 sumit
941 3132 1013 3167 διδ
1034 3133 1108 3188 ad
1130 3131 1445 3205 perniciem
1470 3133 1563 3189 sui
1585 3149 1946 3206 suorumque

2061 563 2233 620 beato
2286 565 2450 620 Petro
2509 564 2769 637 apostolo
2819 564 3146 621 dedicatam
3191 566 3358 639 (206).
3404 568 3700 625 Exercitus

2058 655 2254 708 autem
2288 658 2628 725 persecutus
2675 657 2765 709 est
2791 670 2927 708 eum
2969 671 3155 726 usque
3202 655 3262 709 in
3308 656 3614 728 templum,
3646 662 3703 714 et

2058 742 2312 816 maxime
2356 742 2635 798 satellites
2687 741 2959 810 Heinrici,
2992 742 3254 799 dolentes
3298 761 3364 799 ac
3405 744 3701 801 vindicare

2057 832 2472 886 contendentes
2493 830 2770 901 injuriam
2795 830 3013 885 domini
3038 831 3159 898 sui;
3184 848 3287 887 nec
3308 831 3468 887 veriti
3484 834 3702 902 januas

2056 919 2207 973 ferro
2255 919 2530 987 incidere,
2572 936 2705 975 cum
2757 920 2937 974 armis
2986 920 3234 991 ingressi
3284 927 3424 975 sunt
3473 939 3699 976 sacram

2056 1010 2238 1063 aedem
2261 1010 2349 1062 6‘7.
2387 1009 2793 1063 Thancmarus
2835 1013 3031 1063 autem
3065 1010 3258 1064 stabat
3296 1012 3466 1081 juxta
3495 1011 3698 1077 altare,

2054 1095 2337 1167 depositis
2367 1095 2618 1166 desuper
2641 1094 2821 1150 armis
2843 1111 2977 1149 cum
3008 1098 3214 1166 torque
3236 1098 3701 1170 aurea.Cumque

2055 1200 2122 1239 ex
2143 1184 2382 1239 adverso
2404 1182 2535 1237 telis
2570 1186 2892 1254 urgeretur,
2918 1181 3321 1239 Thiadboldus
3343 1186 3409 1219 “‘3
3433 1187 3699 1259 quidam,

2055 1271 2273 1326 nothus
2304 1271 2609 1339 Cabbsnis,
2642 1288 2776 1326 cum
2826 1270 3099 1326 conviciis
3144 1271 3356 1327 vulnus
3387 1272 3438 1329 ei
3467 1273 3697 1344 inflixit,

2055 1359 2306 1433 ilicoque
2328 1360 2399 1415 ab
2421 1376 2487 1415 eo
2509 1359 2742 1431 recepit,
2768 1377 2883 1431 quo
2905 1359 3022 1415 vita
3044 1377 3178 1415 cum
3203 1361 3451 1417 tearibili
3473 1362 3700 1419 insanio

2054 1447 2113 1503 in
2144 1447 2302 1504 brevi
2341 1448 2648 1505 caruisset.
2672 1447 2917 1514 Quidam
2965 1452 3160 1503 autem
3210 1449 3488 1518 militum,
3523 1451 3702 1507 Main-

2055 1536 2145 1592 cia
2170 1538 2238 1572 ⁶⁴⁹
2276 1535 2579 1605 vocabulo,
2630 1553 2734 1608 per
2784 1536 3095 1593 fenestram
3149 1537 3316 1593 altari
3364 1540 3700 1613 contiguam

2054 1625 2258 1682 lancea
2287 1643 2322 1682 a
2351 1628 2511 1699 tergo
2557 1625 2887 1697 perfossum
2918 1625 2996 1680 ibi
3031 1642 3199 1682 secus
3249 1644 3411 1684 aram
3460 1629 3703 1687 extinxit

2055 1713 2513 1770 Thancmarum.
2530 1713 2660 1785 Ipse
2680 1716 2876 1768 autem
2898 1712 3163 1769 fraterna:
3188 1713 3379 1772 fautor
3396 1717 3464 1751 ⁶⁵⁰
3487 1715 3702 1773 discor-

2055 1801 2183 1872 dias,
2216 1802 2276 1857 in
2309 1800 2630 1858 Biertanico
2662 1804 2863 1874 postea
2894 1800 3044 1856 bello
3076 1802 3254 1858 vitam
3287 1821 3421 1860 cum
3456 1822 3597 1862 auro
3627 1806 3701 1861 ab

2058 1891 2226 1949 altari
2256 1891 2524 1963 nequiter
2553 1896 2717 1963 rapto
2769 1889 3179 1947 miserabiliter
3229 1893 3484 1965 perdidit
3531 1894 3698 1966 (207).

2056 1981 2272 2037 Earum
2304 1998 2499 2037 rerum
2532 1996 2630 2036 rex
2659 1979 2899 2052 ignarus
2929 1983 2985 2036 et
3012 1981 3226 2037 absens
3251 1998 3385 2036 eum
3416 1981 3698 2051 audisset,

2058 2088 2234 2144 saper
2263 2069 2587 2126 temeritate
2608 2068 2861 2124 militum
2887 2067 3225 2141 indignatus
3247 2071 3310 2105 ⁶⁵¹
3336 2074 3444 2138 est,
3471 2071 3571 2126 sed
3598 2071 3702 2126 fer-

2055 2161 2222 2214 vente
2258 2158 2326 2193 ⁶⁸²
2364 2157 2556 2213 adhuc
2596 2155 2745 2213 bello
2776 2155 2949 2225 civili,
2973 2174 3089 2213 non
3118 2158 3308 2230 potuit
3336 2176 3435 2216 eos
3484 2159 3699 2215 contri-

2057 2246 2200 2302 stari
2220 2247 2307 2300 ⁸⁵³.
2340 2245 2652 2302 Miseratus
2684 2250 2880 2301 autem
2913 2245 3110 2302 fratris
3139 2247 3456 2316 fortunam,
3491 2247 3701 2321 suique

2054 2334 2272 2408 ingenii
2304 2335 2617 2391 ostendens
2665 2332 3061 2402 clementiam,
3094 2351 3199 2407 pro
3237 2335 3410 2391 laude
3456 2336 3586 2407 ejus
3632 2352 3699 2392 ac

2054 2423 2348 2480 industria
2364 2439 2549 2496 pauca
2564 2421 3007 2490 locutus,Tbiad
3016 2422 3203 2479 ricum
3220 2426 3289 2459 “5‘
3304 2431 3361 2481 et
3377 2429 3493 2481 tres
3507 2424 3699 2481 amita:

2056 2511 2216 2567 illius
2244 2511 2417 2580 filios,
2453 2512 2552 2583 qui
2602 2511 2971 2567 'I‘bancmaro
3018 2526 3231 2569 manus
3272 2514 3696 2585 junxerant‘“,

2054 2599 2179 2673 lege
2206 2601 2563 2656 Francorum
2594 2600 2945 2671 dampnatos
2979 2602 3283 2673 strangulo
3302 2603 3370 2637 ⁵⁸⁸
3400 2603 3535 2657 fecit
3555 2603 3696 2658 deﬂ-

2055 2705 2203 2744 cere.
2238 2689 2379 2745 Inde
2405 2688 2576 2744 vertit
2605 2687 2851 2744 militem
2891 2689 3127 2743 avidum
3176 2707 3386 2761 pugnae
3417 2694 3473 2746 et
3502 2692 3699 2763 prmda

2055 2778 2218 2834 urbis
2239 2777 2489 2832 ditatum
2515 2777 2574 2831 in
2600 2778 2777 2832 Lares
2797 2778 2885 2831 “7.
2903 2775 2990 2831 Illi
3015 2782 3233 2843 autem,
3249 2777 3411 2832 urbis
3428 2779 3697 2849 przefecto

2054 2872 2289 2924 auctore
2338 2864 2547 2921 acriter
2592 2864 2946 2932 resistentes,
2982 2865 3205 2937 lapides
3238 2865 3551 2937 lapidibus,
3584 2866 3699 2922 tela

2052 2956 2184 3014 telis
2229 2955 2458 3011 obicere
2505 2972 2624 3012 non
2673 2954 3002 3010 cessabant.
3050 2954 3475 3027 Aggravatique
3523 2954 3694 3023 bello,

2054 3062 2232 3118 super
2276 3044 2542 3101 consulto
2561 3044 2629 3079 ⁸⁵⁸
2670 3042 2839 3099 ducis
2869 3042 3015 3115 (208)
3046 3043 3305 3099 indutias
3350 3044 3707 3116 deposcuntr

2054 3135 2277 3202 Quibus
2308 3131 2604 3190 concessis
2625 3134 2714 3201 55°,
2739 3131 2906 3188 ducis
2935 3130 3018 3187 eis
3056 3132 3395 3204 praesidium
3424 3133 3493 3167 ⁶⁶⁰
3524 3149 3701 3205 nega-

294 3223 502 3274 contra
530 3218 838 3276 dominum
870 3236 1045 3279 suum
1075 3237 1296 3294 regem.
1322 3222 1442 3279 Rex
1471 3227 1691 3291 autem,
1716 3223 1852 3280 licet
1872 3224 1956 3279 in.
1982 3211 2027 3279 C
2059 3228 2155 3280 tur
2178 3225 2268 3277 ⁶⁶¹.
2295 3222 2456 3278 Unde
2487 3222 2631 3278 urbe
2662 3220 2901 3293 egressi,
2927 3220 3200 3292 potestati
3234 3238 3296 3277 se
3328 3220 3495 3293 regia:
3526 3221 3702 3275 tradi-

297 3308 475 3376 vitus,
497 3306 703 3365 videns
732 3326 856 3365 rem
889 3311 957 3366 ad
990 3313 1118 3369 tam
1141 3310 1351 3384 ingens
1390 3312 1717 3385 periculum
1746 3330 1946 3385 proce-

298 3394 455 3461 dere,
486 3397 563 3451 ad
597 3397 986 3453 edomandam
1014 3398 1369 3455 Thencmari
1399 3399 1772 3457 insolentiam
1811 3419 1945 3458 cum

296 3482 480 3539 multo
512 3484 795 3540 comitatu
826 3485 1079 3558 perrexit
1098 3487 1179 3543 ad
1199 3488 1268 3523 6“
1288 3487 1812 3562 Heresburg.Cives
1841 3508 1945 3547 au-

295 3576 412 3627 tem
433 3572 598 3628 urbis
621 3572 781 3630 illius
803 3580 1221 3647 cognoscentes
1245 3577 1317 3632 de
1343 3593 1497 3650 rege,
1521 3577 1662 3650 quia
1678 3579 1745 3614 ⁶⁴⁶
1767 3596 1947 3653 super

301 3678 364 3717 se
394 3678 534 3718 cum
562 3656 757 3719 valida
787 3680 968 3720 manu
999 3666 1548 3738 appropinquasset,
1576 3667 1792 3739 apertis
1822 3685 1951 3741 por-

295 3750 394 3818 tis,
418 3750 871 3809 introduxerunt
895 3754 1234 3824 exereitum,
1257 3755 1359 3828 qui
1381 3755 1689 3813 obsederat
1717 3757 1943 3813 urbem.

2055 3314 2270 3370 derunt
2286 3313 2376 3366 “6’.
2401 3312 2482 3367 Ea
2499 3312 2568 3345 ⁸⁸³
2588 3328 2789 3383 pugna
2809 3312 3057 3366 Tamma
3077 3311 3147 3345 ⁶⁶⁴
3174 3309 3472 3381 pincerna,
3498 3308 3700 3365 multis

2055 3401 2187 3458 aliis
2218 3402 2393 3457 rebus
2430 3400 2575 3455 bene
2640 3398 2821 3471 gestis
2869 3398 3008 3453 alim
3058 3398 3339 3465 famosus,
3375 3399 3562 3453 factus
3610 3401 3701 3453 est

2055 3490 2269 3547 clarus.
2299 3488 2677 3544 Evurhardus
2723 3492 2918 3543 autem
2965 3487 3211 3543 audiens
3240 3487 3312 3541 de
3341 3503 3481 3542 nece
3511 3487 3701 3542 Than-

2055 3579 2203 3636 mari
2234 3583 2291 3634 et
2318 3579 2387 3613 ⁶⁶⁵
2415 3576 2737 3633 defectione
2768 3592 3009 3632 suorum
3040 3575 3317 3643 militum,
3346 3577 3560 3631 fractus
3582 3576 3701 3631 ani-

2054 3686 2173 3735 mo,
2196 3667 2586 3740 prosternitur
2615 3666 2843 3738 captivo
2882 3682 3010 3733 suo,
3041 3665 3271 3721 veniam
3298 3664 3462 3736 petit,
3495 3681 3561 3720 ac
3594 3679 3699 3719 ne-

2056 3758 2249 3831 quiter
2273 3758 2655 3828 promeretur.

1644 3862 1885 3921 VARI/E
1924 3863 2344 3924 LECTIONES.

360 3954 426 3988 "7
485 3963 830 4064 oppugnant
868 3961 941 4015 ‘2.
1018 3960 1084 3996 ⁸³⁸
1144 3962 1384 4017 Badilici
1443 3964 1497 4017 2.
1585 3961 1656 3997 5”
1711 3962 2009 4020 abducens
2063 3965 2119 4021 3.
2204 3961 2274 3997 ⁶³⁰
2332 3960 2695 4032 mancipium
2753 3957 3049 4030 quoddam
3108 3959 3173 4011 A.
3250 3957 3314 3991 ⁶³¹
3348 3955 3694 4062 3ggcuulbar-

360 4028 460 4064 m1
529 4043 658 4064 ova:-
703 4030 878 4064 «ιη-1η..
924 4034 959 4064 ι)
1033 4033 1397 4064 ηΔιιοιιη-Α.ω
1463 4035 1490 4064 Α
1571 4032 1941 4064 ηηινημηηηιω.
1992 4037 2025 4064 ο
2122 4035 2190 4064 an!
2242 4031 2397 4064 Ωιςηα
2457 4030 2667 4064 minuta
2718 4033 2754 4064 ε)
2826 4028 3049 4064 ῘῖᾹιιν-ιῖα
3108 4028 3135 4064 4⁵
3197 4029 3230 4064 Q
3324 4028 3346 4064 6
3450 4027 3594 4064 Ληορι
3640 4030 3661 4064 4

295 4025 409 4081 dus
440 4025 880 4091 Levat-bardus
924 4034 980 4085 2.
1032 4033 1398 4104 gebehardus
1453 4035 1519 4088 A.
1571 4032 1943 4091 Gevebardus
1991 4037 2045 4092 3.
2122 4035 2190 4070 ⁵³³
2242 4031 2398 4087 ﬁlius
2457 4025 2669 4087 adonis
2718 4025 2788 4085 2f
2826 4028 3051 4085 Udunis
3108 4028 3147 4083 f.
3196 4029 3250 4083 3.

295 4096 358 4131 ⁵³⁸
414 4096 563 4153 deest
611 4101 664 4155 2.
777 4102 846 4137 ⁶³⁵
900 4101 1255 4159 heresbureh
1311 4108 1347 4159 2
1399 4120 1630 4163 semper.
1742 4106 1810 4141 ⁸³⁸
1864 4107 2030 4163 sedet
2084 4107 2138 4161 3.
2249 4105 2316 4140 6³⁷
2374 4102 2549 4159 dendi
2603 4104 2654 4163 1,
2702 4103 2757 4156 3.
2870 4102 2937 4136 ⁸³⁸
2995 4100 3218 4155 laerum

292 4096 358 4131 ⁸³⁸
414 4096 563 4153 deest
611 4101 664 4155 2.
777 4102 846 4137 ⁸³⁵
897 4096 1347 4176 ῂθτθξὺατοὴᾉ2
1399 4120 1630 4176 semper.

3449 4027 3594 4083 deest
3640 4030 3665 4081 1
3680 4069 3692 4082 .

2249 4105 2316 4140 6³⁷
2374 4102 2549 4159 dendi
2603 4104 2654 4170 1,
2702 4103 2757 4156 3.
2870 4102 2937 4136 ⁸³⁸
2995 4100 3218 4155 laerum
3277 4102 3332 4153 2.
3448 4100 3519 4134 ⁵³9
3567 4099 3696 4167 Qua:

289 4177 597 4239 sequuntur
624 4187 803 4243 usque
839 4172 911 4228 ad
954 4173 1117 4230 verba
1160 4193 1227 4230 ac
1275 4170 1528 4248 imperio
1568 4192 1712 4232 usus
1757 4181 1845 4233 est
1891 4178 2040 4252 (cap.
2081 4177 2198 4247 24.)
2228 4177 2289 4231 in
2336 4175 2423 4241 A.,
2473 4176 2628 4247 cujus
2681 4173 2817 4244 folia
2873 4172 2978 4229 duo
3035 4171 3247 4236 desunt,
3296 4170 3691 4253 desiderantur.

290 4239 360 4273 uo
391 4239 538 4273 λοοοο
578 4243 613 4273 τ)
685 4242 719 4273 9
815 4243 879 4273 su
915 4246 1340 4273 n---......:..........
1393 4246 1616 4273 μηιυιηη
1648 4250 1687 4273 ο
1777 4249 1846 4273 au
1877 4249 2003 4273 -1::_
2054 4247 2321 4273 ..ιη-ειπη.
2369 4250 2404 4273 o
2476 4247 2509 4273 ο
2579 4247 2614 4273 "I
2711 4246 2779 4273 sui
2809 4242 3126 4273 Ln-,.,1:t..in
3159 4259 3219 4273 an
3248 4243 3282 4273 ε)
3379 4244 3447 4273 su
3477 4247 3689 4273 nummi

388 4239 648 4321 έεεδξβ..
685 4239 740 4296 3.
815 4243 880 4279 ⁶⁴¹
914 4239 1617 4321 possessionemibabens
1648 4250 1702 4301 2.
1777 4249 1846 4283 ⁸⁸³
1875 4239 2030 4321 aliis
2054 4239 2424 4321 pluribus}.
2475 4239 2548 4301 3.’
2579 4247 2634 4321 7ζ
2681 4239 2779 4321 '63
2809 4242 3128 4321 hereditate
3159 4259 3220 4298 se
3245 4243 3309 4321 2:
3379 4244 3447 4276 6“
3476 4242 3694 4321 sumsit

292 4310 349 4365 3.
380 4312 437 4365 7.
516 4311 584 4347 ⁸⁸⁵
612 4311 759 4368 deest
785 4338 836 4369 α.
912 4310 980 4351 ⁸⁸⁸

1028 4318 1182 4388 quod
1224 4340 1276 4371 α.
1354 4318 1420 4353 ⁶⁴⁷
1469 4318 1596 4373 add.
1646 4321 1807 4375 tunc.
1844 4322 1895 4375 1.
1970 4314 2447 4374 6“Vthialbodlus
2502 4320 2557 4371 2.
2606 4317 2659 4371 3.
2710 4314 3165 4388 Theobalduse.

3241 4315 3310 4349 5‘9
3357 4314 3589 4368 mancia
3640 4314 3688 4367 1.

407 4381 604 4462 fautor
650 4381 1127 4462 corr._.auetor'2.
1203 4389 1267 4425 ⁶⁵¹
1300 4389 1654 4462 dedignatus
1690 4392 1756 4444 v2.
1787 4393 1843 4446 7.
1918 4392 1987 4427 55’
2030 4389 2270 4462 ferventi
2318 4392 2373 4462 2.
2449 4387 2914 4462 653_A_e()_ntristz_n‘e
2958 4406 3009 4440 α.
3085 4386 3163 4462 δδζ
3201 4384 3587 4462 ιιλξεάθνίουξξι
3635 4387 3691 4462 ξ’

290 4451 685 4534 thiadericum
704 4456 766 4534 31
783 4455 1180 4534 theoderieum
1207 4484 1260 4515 α.
1335 4462 1402 4534 ⁶Ῠ⁵
1430 4451 1736 4534 vinxerant
1763 4463 1817 4516 3.
1894 4463 1961 4499 εδδ
1990 4459 2296 4534 strangula
2316 4460 2369 4534 3.
2390 4476 2448 4534 _a.
2524 4460 2589 4534 ⁸δῖ
2615 4460 2789 4534 Lares
2812 4458 2866 4512 3.
2894 4457 3184 4534 Larum_7.
3260 4458 3327 4491 ⁸³⁸
3350 4456 3617 4534 consulta

290 4525 359 4605 ξ’
405 4525 794 4605 concessit}.
828 4604 831 4605 ν
871 4530 940 4605 ⁶Ῡ⁰
986 4530 1113 4586 add.
1173 4549 1290 4588 non
1346 4532 1401 4588 3.
1453 4551 1506 4587 α.
1582 4533 1647 4567 ⁵⁵³
1697 4534 1929 4605 negavit
1972 4534 2023 4590 1.
2100 4525 2191 4568 δεῖ
2215 4531 2505 4589 tradidere
2562 4530 2615 4585 3.
2692 4531 2760 4565 66³
2809 4534 2867 4584 et
2924 4531 2973 4584 1.
3050 4530 3118 4565 66‘
3163 4532 3383 4584 tammo
3429 4530 3482 4581 2.
3534 4551 3586 4581 α.
3634 4526 3692 4578 7.

292 4594 524 4651 Damno
553 4597 610 4651 3.
689 4598 771 4637 ⁶⁶⁵ι
786 4604 842 4656 et
871 4600 942 4658 de
971 4618 1023 4656 α.

1883 4702 2114 4759 NOT/E.

348 4791 716 4872 '(I2Ql)B_elike
746 4813 777 4851 e
806 4796 1050 4872 meridie
1080 4798 1330 4872 civitatis
1360 4798 1686 4872 Lippstadt.

370 4864 523 4935 (202)
558 4865 916 4924 Francorum
949 4870 1126 4927 duces
1157 4870 1217 4926 hi
1249 4864 1488 4927 fuerunt
1518 4888 1530 4927 :

1091 4959 1140 5015 N

440 5078 684 5131 Conradus
971 5083 1271 5135 Gebebardus
1536 5084 1828 5137 Eberhardus

293 5156 1382 5194 MM

343 5211 516 5261 Conra-
590 5213 817 5284 _Eberhar-
888 5217 1104 5269 Herman—
1237 5216 1336 5268 Udo
1579 5283 1585 5284 γ
1672 5152 1685 5284 l

302 5276 492 5348 dasrex
574 5279 663 5330 dus
683 5282 775 5332 dux
886 5298 973 5334 nus
1013 5285 1105 5335 dux
1285 5285 1295 5348 |
1561 5276 1801 5337 Conradus

334 5348 361 5393 1
384 5345 483 5395 918
619 5352 642 5396 t
662 5349 760 5400 939
905 5350 1089 5403 Suavo-
1232 5345 1388 5402 Gébe-
1534 5349 1832 5416 Curcipoldus

944 5432 1043 5469 rum
1220 5418 1390 5468 bardus
1613 5421 1636 5468 t
1654 5420 1753 5470 948

921 5486 946 5534 1
964 5486 1059 5536 947
1226 5487 1250 5534 t
1270 5485 1368 5537 938

358 5543 508 5632 (203‘)
532 5544 749 5603 Larum
776 5548 843 5608 in
873 5566 1024 5632 pago
1045 5551 1389 5618 Westfalon,
1417 5552 1676 5606 castrum
1709 5549 1947 5610 ditionis

279 5615 641 5693 Arensberg,
675 5636 805 5679 esse
836 5615 1082 5680 videtur.

1976 4806 2025 4871 D

2127 4801 2276 4869 (204)
2308 4797 2462 4855 Obiit
2489 4797 2559 4852 23
2589 4797 2681 4853 die
2710 4796 2924 4870 Aprilis
2953 4796 3077 4851 944.

2126 4900 2274 4969 (205)
2305 4896 2390 4953 Cf.
2425 4895 2727 4951 Thietmar
2757 4895 2799 4949 Ι.
2833 4900 2911 4966 (p.
2942 4895 3023 4961 5.)

2126 5006 2274 5074 (200)
2304 5002 2563 5074 Ecclesia
2606 5000 2888 5074 mdiﬁeata
2917 5002 3006 5053 est
3051 5015 3104 5053 a.
3127 4998 3235 5051 785
3263 5000 3335 5063 (v.
3368 4997 3517 5050 Ann.
3544 4995 3698 5050 Lau-

2056 5072 2463 5133 rcShamenses
2512 5072 2571 5126 h.
2615 5076 2713 5150 a_.);
2761 5072 3007 5150 Leonem
3044 5085 3288 5150 papam
3328 5083 3703 5150 e‘amueonse-

2056 5165 2270 5215 crasse,
2306 5160 2476 5201 nemo
2511 5143 2664 5213 quod
2697 5142 2877 5196 sciam
2920 5145 3126 5211 praeter
3165 5140 3315 5196 Wid.
3348 5139 3526 5193 tradit
3559 5156 3572 5192 :
3606 5139 3699 5193 di-

2058 5220 2252 5266 nlnmn
2280 5233 2413 5266 vero
2446 5214 2517 5266 ab
2547 5214 2750 5266 eodem
2781 5210 3034 5266 ecclesia:
3067 5228 3118 5265 a.
3148 5212 3275 5266 789.
3310 5210 3368 5264 in
3400 5211 3526 5266 ipsa
3554 5210 3698 5264 urbe

2096 5214 2262 5275 loma'
2280 5233 2413 5272 vero
2446 5214 2517 5269 ab
2547 5214 2750 5268 eodem
2781 5214 3034 5266 ecclesia:
3067 5228 3118 5265 a.
3148 5214 3275 5277 789,
3310 5214 3368 5264 in
3400 5214 3413 5264 i
3462 5228 3526 5264 sa
3554 5214 3694 5264 urbe

2056 5237 2388 5361 fleresburg
2417 5287 2622 5342 datum
2653 5288 2827 5349 extat,
2861 5300 2914 5338 v.
2949 5282 3220 5338 Meibom.
3252 5282 3352 5338 SS.
3388 5229 3482 5337 IFI.
3517 5298 3573 5353 p.
3604 5280 3694 5334 21.

2127 5388 2274 5455 (207)
2304 5383 2388 5439 Cf.
2421 5400 2472 5438 c.
2502 5382 2588 5435 17.

2128 5484 2279 5553 (208)
2312 5481 2354 5536 Ι.
2389 5495 2439 5535 e.
2464 5480 2667 5553 contra
2696 5476 2862 5553 ducis
2886 5476 3003 5533 sive
3032 5475 3284 5553 praefecti
3300 5473 3695 5553 voluntatem.

2054 5546 2373 5614 -'Dueem
2406 5549 2532 5609 scil.
2568 5548 2963 5606 Everhardum
2991 5546 3335 5605 consulturi.
3371 5546 3431 5607 P.
