4130 6180
296 294 402 355 181

1294 293 1441 355 RES
1488 293 1765 355 GESTAE
1808 292 2238 357 SAXONIC/E.
2271 332 2349 344 —
2390 301 2540 361 LIB.
2587 302 2691 363 III.

3583 303 3696 364 182

297 433 380 488 10.
421 428 744 487 Celebratis
773 444 873 485 rex
903 428 1126 501 nuptiis
1157 425 1466 482 revertitur
1497 426 1556 481 in
1598 427 1933 496 Saxoniam,
1965 430 2022 496 Α
2052 430 2143 485 43.
2186 431 2444 497 Qualiter
2493 434 2873 507 Rzeinesburg
2922 452 2981 490 se
3034 434 3233 501 tradit,
3285 440 3342 490 et
3399 436 3695 508 regionem

399 524 756 591 secutusque
787 534 922 573 eum
955 516 1310 572 Bernharius
1338 516 1402 551 9“
1453 531 1656 588 pacem
1705 532 1839 571 cum
1872 531 1940 572 eo

400 613 713 665 secuturus
744 608 830 664 9".

295 702 380 756 11.
422 699 504 755 ΒΘ
534 693 1054 768 eonventupopuli
1088 694 1243 766 apud
1276 694 1482 750 urbem
1531 696 1935 767 Angustanam

398 789 467 825 9‘3
496 794 554 843 et
582 786 868 843 miraculo
899 784 1052 858 quod
1088 784 1166 839 ibi
1200 784 1427 841 accidit.

294 880 379 933 12.
422 878 503 933 ΒΘ
536 876 671 931 filiis
705 875 878 948 regis.

292 970 379 1023 13.
422 968 500 1022 ΒΘ
534 966 768 1021 insidiis
802 982 950 1036 quas
980 966 1331 1035 paraverunt
1360 962 1503 1033 regi.

294 1059 378 1111 t4.
419 1057 500 1111 De
531 1056 815 1126 apparatu
846 1050 1130 1125 paschali.

364 1147 449 1200 15.
490 1145 571 1199 ΒΘ
605 1143 724 1198 filio
755 1157 1084 1216 generoque
1114 1139 1268 1212 regis
1302 1144 1360 1194 et
1389 1128 1663 1211 pontiﬁce
1700 1140 1928 1194 Frithu-

394 1251 536 1290 P100.

290 1327 375 1383 16.
417 1326 500 1381 ΒΘ
531 1327 817 1380 conventu
848 1320 1049 1394 populi
1083 1319 1237 1391 apud
1272 1316 1566 1374 Fridisleri
1605 1323 1663 1373 et
1694 1318 1929 1374 Dadano

395 1415 465 1450 ἰδ
498 1418 553 1469 et
584 1410 899 1468 Wilhelmo
930 1410 997 1445 9“
1029 1407 1367 1464 comitibus-

288 1506 373 1560 17.
416 1504 497 1559 ΒΘ
528 1518 727 1575 pugna
755 1498 1163 1555 Lothariorum
1186 1512 1321 1551 cum
1354 1493 1617 1550 Conrado
1650 1496 1818 1551 duce.

279 1595 364 1649 18.
407 1592 488 1648 ΒΘ
519 1589 823 1646 obsidione
858 1586 1226 1660 Mogantiaca
1252 1590 1311 1641 et
1340 1582 1717 1641 altercatione
1748 1584 1927 1640 Hein-

382 1681 489 1737 rici
522 1685 581 1736 et
610 1678 889 1735 Liudulfi.

275 1771 360 1826 19.
403 1771 486 1826 ΒΘ
518 1768 805 1826 Ecbertho
838 1768 909 1802 9“
933 1765 1086 1838 regis
1119 1763 1491 1820 consobrino.

268 1862 354 1917 20.
397 1860 480 1915 De
510 1854 796 1931 Bojoariis
823 1855 1114 1929 quomodo
1137 1851 1331 1926 juncti
1364 1855 1504 1907 sunt
1536 1851 1836 1909 Liudulfo.

266 1951 351 2005 21.
395 1948 479 2004 ΒΘ
505 1945 747 2002 Arnulfo
779 1949 836 2000 et
869 1942 1147 1999 fratribus
1180 1942 1309 2013 ejus
1341 1944 1399 1996 et
1445 1939 1584 2013 quia
1617 1941 1909 1997 exercitus

369 2037 714 2094 missionem
743 2033 914 2107 petiit
943 2036 1000 2088 et
1029 2030 1241 2103 accipit
1269 2030 1360 2085 9‘7.

271 2130 359 2183 22.
403 2126 486 2181 ΒΘ
518 2139 673 2197 rege,
707 2126 765 2178 et
796 2121 935 2194 quia
967 2118 1138 2175 multi
1172 2119 1512 2173 defecerunt
1542 2135 1575 2173 a
1608 2118 1741 2173 fide.

272 2218 360 2272 23.
404 2215 488 2271 De
519 2212 774 2268 exercitu
806 2210 1087 2266 Saxonico
1121 2207 1221 2280 qui
1255 2206 1614 2280 Mogontiam
1644 2207 1808 2263 adiit.

268 2307 357 2360 24.
400 2304 483 2360 ΒΘ
514 2300 826 2358 Thiadrico
857 2304 915 2355 et
944 2298 1311 2353 Wicmanno.

269 2397 355 2451 25.
401 2393 485 2449 De
516 2390 802 2447 Ecbertho
834 2394 891 2445 et
929 2387 1277 2444 Wicmanno
1325 2389 1382 2440 et
1430 2385 1577 2440 duce
1621 2384 1919 2440 Heriman-

381 2499 456 2538 no
490 2482 579 2538 "3.

267 2573 353 2629 26.
396 2571 484 2628 De
514 2569 667 2643 regis
697 2569 950 2625 adventu
980 2567 1039 2621 in
1072 2564 1418 2622 Boioariam.

269 2664 352 2716 27.
395 2661 484 2716 ΒΘ
515 2658 791 2731 pontifice
823 2654 1150 2712 Frithurico
1172 2658 1229 2709 et
1259 2652 1484 2708 caeteris
1515 2651 1914 2723 pontiﬁcibus.

268 2752 351 2806 28.
396 2747 704 2816 Quomodo
736 2761 835 2801 rex
864 2745 1077 2801 infecto
1108 2742 1339 2815 negotio
1373 2741 1685 2797 revertitur
1715 2740 1775 2795 in
1808 2741 1917 2798 Sa-

367 2836 614 2894 xoniam
628 2878 640 2891 .

265 2927 351 2982 29.
393 2926 483 2983 De
515 2923 711 2981 causis
742 2921 1080 2978 Herimanni
1114 2926 1171 2976 et
1202 2923 1480 2991 nepotum
1514 2919 1664 2990 ejus.

265 3016 349 3071 30.
389 3017 610 3071 Avares
658 3013 985 3085 funguntur
1032 3009 1314 3082 Bojoariis
1362 3008 1448 3076 Μ,
1485 3023 1583 3063 rex
1629 3024 1763 3064 vero
1815 3026 1908 3064 oe-

366 3103 558 3160 currit
589 3101 673 3157 eis
701 3117 835 3156 cum
861 3099 1058 3155 valida
1089 3114 1289 3154 manu.

263 3192 348 3247 31.
390 3189 645 3262 Bojoarii
678 3187 830 3243 bello
863 3186 1090 3259 fatigati
1123 3186 1193 3241 de
1225 3201 1364 3257 pace
1401 3189 1686 3240 tractant.

264 3281 351 3336 32.
392 3280 481 3334 De
512 3278 727 3351 placito
762 3275 915 3349 regis
946 3276 1101 3348 apud
1134 3274 1404 3330 Cinnam.

266 3369 352 3424 33.
395 3368 482 3423 De
514 3366 788 3438 pontiﬁce
820 3363 1148 3420 Frithurico
1181 3368 1239 3418 et
1270 3362 1535 3418 Conrado
1570 3362 1738 3418 duce.

267 3458 353 3512 34.
393 3457 483 3512 De
510 3454 759 3510 liudulfo
790 3453 888 3525 qui
921 3470 955 3508 a
984 3456 1147 3524 patre
1180 3452 1367 3508 iratus
1400 3451 1697 3521 discessit,
1732 3455 1789 3507 et
1820 3468 1918 3507 rex

370 3561 515 3601 eum
547 3542 936 3615 persequitur.

270 3636 353 3690 35.
398 3635 609 3705 Pugna
641 3631 794 3703 apud
828 3629 1129 3686 Horsadal.

270 3724 355 3778 iii.
398 3720 650 3792 Obsipio
683 3718 846 3774 urbis
874 3735 999 3791 quae
1031 3719 1100 3753 95°
1130 3717 1346 3772 dicitur
1378 3718 1744 3790 Renesburg.

269 3812 357 3866 37.
400 3809 723 3866 Liudulfos
772 3824 882 3879 pax
920 3807 1115 3875 datur,
1164 3810 1223 3861 et
1254 3822 1354 3861 rex
1382 3805 1696 3863 Saxoniam
1730 3822 1918 3861 rever-

372 3898 545 3953 titur.

266 3988 351 4042 38.
397 3985 684 4043 Liudulfo
717 3999 918 4057 pacem
948 3981 1208 4055 postulat
1238 3997 1338 4054 sep
1369 3999 1484 4037 non
1517 3983 1814 4054 impetrat,
1856 3988 1913 4038 et

367 4076 445 4130 de
478 4078 665 4128 morte
694 4071 938 4128 Arnulﬁ.

260 4163 348 4218 39.
391 4161 708 4218 Heinricus
736 4161 956 4217 Novam
987 4161 1194 4216 urbem
1228 4159 1395 4214 adiit.

264 4252 349 4306 40.
390 4250 660 4318 Qualiter
688 4264 787 4305 rex
818 4248 1006 4304 filium
1038 4247 1358 4304 clementer
1388 4248 1656 4321 suscipit.

266 4342 350 4396 41.
392 4341 481 4396 ΒΘ
511 4342 627 4394 ﬁne
656 4338 953 4411 pontiﬁcis
985 4337 1320 4394 Frithurici.

268 4430 353 4484 42.
396 4428 665 4495 Qualiter
694 4427 825 4484 Ucri
859 4445 892 4483 a
921 4427 1143 4484 Gerone
1175 4427 1507 4499 capiuntur.

2158 520 2319 575 fratri
2356 523 2637 577 restituit.
3238 562 3243 567 ι

2047 611 2141 665 44.
2182 609 2263 666 ΒΘ
2289 609 2513 667 famoso
2546 612 2845 685 triumpho
2877 629 3051 685 quem
3081 629 3178 668 rex
3202 614 3273 669 de
3297 613 3569 686 Ungariis
3602 615 3697 670 ob-

2156 698 2356 756 tinuit.

2048 788 2134 843 45.
2180 789 2258 844 De
2291 806 2489 863 pugna
2518 791 2811 847 Thiadrici
2846 792 3124 847 adversus
3149 792 3404 848 Sclavos.

2046 878 2135 932 46.
2178 877 2257 932 De
2290 880 2574 950 portentis
2607 897 2732 951 quae
2766 882 3001 936 interim
3036 881 3397 937 acciderunt.

2045 967 2132 1021 47.
2176 966 2256 1022 De
2287 984 2425 1022 casu
2456 968 2701 1024 Conradi
2738 970 2925 1024 ducis.

2046 1057 2133 1109 48.
2176 1054 2256 1110 De
2289 1055 2479 1111 tribus
2512 1057 2761 1113 ducibus
2791 1061 3130 1112 Avarorum.

2047 1144 2134 1197 49.
2176 1143 2255 1198 De
2288 1143 2587 1215 triumpho
2620 1145 2793 1217 regis.

2040 1229 2131 1285 50.
2174 1230 2253 1285 De
2286 1246 2418 1303 rege
2452 1236 2509 1286 et
2537 1232 2812 1287 versutiis
2845 1227 3198 1286 Wicmanni.

2040 1320 2128 1374 51.
2172 1319 2251 1374 ΒΘ
2285 1320 2537 1376 exercitu
2571 1321 2669 1393 qui
2693 1321 3107 1377 Wicmannum
3140 1337 3286 1393 pene
3317 1323 3470 1394 cepit
3504 1324 3559 1377 in
3594 1341 3686 1379 ur-

2148 1408 2219 1464 be
2250 1408 2644 1465 Suitleiscare.

2036 1499 2126 1553 52.
2170 1498 2470 1565 Quomodo
2502 1504 2672 1570 capta
2701 1499 2952 1553 esturbs
2984 1498 3571 1555 Cocarescemiorum.

2036 1588 2126 1642 53.
2170 1588 2471 1654 Quomodo
2504 1586 2664 1643 ultus
2696 1591 2786 1642 est
2816 1603 2915 1642 rex
2945 1586 3106 1642 illam
3145 1587 3677 1659 depopulationem.

2034 1676 2125 1732 54.
2168 1676 2249 1732 De
2271 1676 2495 1733 Gerone
2521 1675 2775 1748 preside.

2033 1764 2123 1819 55.
2166 1762 2248 1818 De
2282 1762 2562 1819 Stoineﬂ‘o
2612 1762 2996 1818 barbarorum
3052 1779 3183 1835 rege
3236 1768 3294 1819 et
3344 1765 3531 1821 milite
3576 1769 3673 1839 qni

2140 1867 2276 1907 eum
2310 1851 2542 1907 occidit.

2030 1942 2121 1997 56.
2166 1941 2246 1997 De
2277 1956 2410 2014 rege
2443 1940 2581 2013 quia
2614 1941 2836 1997 crebris
2866 1940 3126 1996 victoriis
3159 1942 3449 2014 gloriosus
3485 1945 3675 2001 factus

2138 2034 2247 2085 est.

2028 2119 2117 2173 57.
2163 2118 2242 2174 ΒΘ
2277 2117 2548 2174 Liudulfo
2582 2119 2719 2190 quia
2752 2119 2941 2190 patria
2969 2120 3399 2191 cessitpropter
3431 2124 3671 2180 amicos.

2028 2208 2117 2262 58.
2164 2207 2243 2263 De
2274 2206 2487 2262 litteris
2519 2206 2747 2263 obitum
2780 2208 2909 2279 ejus
2942 2208 3439 2281 significantibus.

2027 2294 2117 2350 59.
2161 2296 2241 2351 De
2272 2296 2618 2352 Wicmanno
2652 2297 2751 2368 qui
2787 2297 3098 2354 Saxoniam
3149 2298 3377 2353 occulte
3412 2300 3669 2358 intravit.

2026 2386 2117 2441 60.
2160 2386 2460 2452 Quomodo
2494 2387 2607 2441 ﬁde
2638 2386 2880 2441 Geronis
2913 2392 3223 2459 susceptus
3254 2392 3344 2443 est
3374 2390 3675 2445 Wicmam

2137 2490 2269 2530 nus.

2026 2565 2117 2619 61.
2159 2563 2238 2620 ΒΘ
2267 2564 2547 2637 prodigiis
2580 2579 2705 2636 quae
2740 2571 3137 2637 apparuerunt
3170 2568 3225 2622 in
3279 2568 3670 2625 vestimentis.

2025 2655 2115 2708 62.
2158 2653 2238 2708 De
2269 2652 2612 2708 infirmitate
2644 2652 3036 2725 imperatoris.

2024 2742 2115 2797 63.
2158 2742 2237 2797 De
2267 2742 2624 2814 profectione
2656 2742 2915 2799 secunda
2946 2744 3100 2816 regis
3131 2744 3189 2799 in
3224 2744 3473 2801 Italiam.

2024 2830 2117 2887 64.
2161 2830 2240 2886 ΒΘ
2271 2831 2641 2899 Wicmanno,
2674 2832 2967 2904 quomodo
2998 2831 3211 2887 iterum
3236 2831 3560 2889 rebellavit.

2022 2920 2111 2975 65.
2156 2920 2235 2976 De
2280 2919 2478 2987 Danis,
2533 2920 2824 2992 quomodo
2868 2920 3180 2977 Christiani
3228 2921 3480 2994 perfecte
3532 2923 3666 2980 facti

2131 3014 2290 3063 sunt.

2021 3099 2110 3153 66.
2154 3098 2300 3154 Gero
2325 3100 2975 3171 propterjuramentum
2992 3099 3665 3157 dimisitWicmannum.

1946 3171 1989 3240 C
2025 3186 2115 3241 o7.
2159 3188 2458 3252 Quomodo
2481 3187 2627 3243 Gero
2659 3189 2721 3223 θδι
2758 3188 2957 3243 Lusiki
2991 3188 3152 3244 vicit.

2025 3276 2115 3329 68.
2159 3275 2238 3330 De
2269 3275 2498 3331 duobus
2531 3277 2748 3349 regulis
2782 3281 2839 3331 et
2871 3276 3238 3333 Wicmanno.

1950 3400 1959 3405 -
2024 3365 2114 3420 69.
2161 3365 2241 3420 ΒΘ
2271 3381 2409 3420 nece
2437 3366 2792 3420 Wicmanni.

2023 3454 2113 3506 70.
2154 3454 2419 3525 Acceptis
2453 3453 2633 3508 armis
2649 3454 2718 3508 W
2726 3454 2977 3508 icmanni
2998 3454 3316 3525 imperator
3329 3455 3456 3526 jam
3482 3457 3673 3511 factus

2135 3542 2373 3613 scripsit
2402 3541 2711 3613 epistolam
2744 3542 2801 3595 in
2840 3542 3152 3597 Saxoniam
3188 3543 3562 3600 mittendam.

2023 3633 2113 3686 71.
2157 3632 2236 3686 ΒΘ
2268 3631 2476 3703 legatis
2511 3632 2824 3686 Grecorum
2859 3636 2916 3685 et
2947 3649 3147 3686 eorum
3184 3632 3408 3688 fraude.

2022 3721 2113 3773 72.
2156 3719 2236 3774 De
2268 3719 2635 3775 Gundthario
2667 3723 2724 3773 et
2757 3718 2995 3784 Sil‘rido,

2022 3809 2112 3863 73.
2156 3808 2235 3862 De
2268 3807 2481 3879 populo
2511 3805 3158 3887 Constantinopolitano
3190 3812 3250 3862 et
3299 3823 3507 3861 eorum
3564 3808 3674 3862 im-

2133 3895 2523 3967 peratoribus.

2020 3985 2111 4038 74.
2152 3983 2232 4037 De
2265 3982 2547 4037 Mathilda
2578 3986 2765 4036 matre
2796 3981 3167 4053 imperatoris
3200 3986 3259 4037 et
3304 3981 3469 4037 obitu
3521 3982 3670 4056 epis-

2128 4087 2407 4143 coporum
2437 4070 2757 4126 Bcrnhardi
2792 4074 2850 4125 et
2878 4069 3201 4139 Wilhelmi,

2017 4163 2108 4216 75.
2151 4160 2231 4216 De
2260 4160 2584 4216 reversione
2608 4156 2977 4231 imperatoris
3008 4159 3082 4215 ab
3114 4158 3281 4215 Italia
3309 4163 3368 4215 et
3397 4161 3468 4216 de
3499 4160 3663 4216 obitu

2064 4296 2073 4305 .
2126 4250 2274 4322 ejus.
2364 4280 2369 4289 ι

1939 4324 1989 4392 D
2017 4341 2107 4395 76.
2152 4339 2449 4405 Quomodo
2481 4337 2733 4410 populus
2766 4354 2867 4408 pro
2899 4341 3061 4410 parte
3094 4336 3271 4411 elegit
3313 4337 3499 4394 ﬁlium
3535 4338 3661 4409 ejus

2132 4427 2190 4481 in
2223 4425 2568 4497 principem.

1591 4584 1931 4627 EXPLICIUNT
1960 4570 2028 4607 95'
2056 4585 2351 4626 CAPITULA.

1624 4693 1867 4751 VARLE
1902 4693 2318 4751 LECTIONES.

339 4822 403 4855 ⁶⁴¹
439 4820 779 4876 bertharius
817 4820 933 4876 cod.
1028 4821 1094 4854 9"
1120 4818 1432 4874 facturus?
1524 4820 1591 4853 9‘3
1629 4823 2021 4876 auaustanam
2069 4820 2184 4875 cod.

1821 4891 1887 4927 “3
1941 4890 2278 4947 hirimanno
2331 4890 2447 4946 cod.
2497 4893 2717 4961 saepius.
2800 4891 2865 4925 9‘9
2914 4890 3203 4944 boioarios
3254 4907 3302 4953 ε.
3380 4889 3447 4923 9⁵0
3480 4888 3579 4959 qui
3631 4903 3679 4946 ο.

266 4891 382 4946 cod.
466 4892 535 4927 ἰθ
565 4890 833 4946 etberhto
861 4890 979 4962 cod.
1011 4892 1231 4962 saepius.
1312 4892 1376 4924 9“
1410 4890 1588 4961 acipit
1629 4890 1744 4946 cod.

266 4963 330 4998 ἐι
373 4979 523 5036 ergo
552 4979 603 5016 ε.
679 4963 747 4997 ⁹⁵²
778 4961 1016 5034 explicit
1048 4961 1095 5018 c.

2284 4820 2351 4854 9“
2402 4820 2552 4874 dano
2604 4835 2745 4874 corr.
2781 4820 3008 4874 dadano
3060 4820 3176 4873 cod.
3255 4819 3322 4852 9‘5
3376 4815 3681 4871 uulhelmo
