4096 6174
347 269 459 332 187

1353 267 1791 331 WlDUKlNDl
1836 263 2344 326 COBBEIENSIS
2388 265 2742 329 MONACHI

3633 273 3756 336 188

341 404 685 478 designatus
731 403 899 476 (267),
951 419 1125 476 quem
1177 401 1302 475 jam
1352 405 1486 474 post
1523 403 1748 473 patrem
1803 397 1986 455 domi-
2012 400 2066 468 Α
2096 398 2313 455 multas
2331 416 2396 456 ac
2411 415 2617 474 graves
2633 417 2842 459 causas
2857 419 3092 462 summo
3114 405 3752 481 pontificiobjieiebat;

341 512 482 550 num
507 495 593 530 ¹⁰⁰⁶
623 511 690 550 ac
721 495 1131 567 imperatorem
1159 491 1465 547 universus
1488 492 1683 561 sperat
1703 486 1892 556 orbis;
1926 487 1988 542 fi-

338 585 479 640 liam
510 601 743 656 quoque
773 587 985 640 sancta:
1019 579 1223 636 matris
1255 579 1384 649 ejus
1417 575 1695 632 vocabulo
1737 575 1984 649 insigni-

339 677 455 730 tam
477 675 646 744 (268),
679 673 751 728 de
780 688 897 744 qua
927 686 1040 725 non
1073 665 1487 741 praesumimus
1521 663 1740 738 aliquid
1769 665 1979 732 dicere,

336 779 468 818 cum
501 764 629 834 ejus
651 761 878 816 claritrs
910 756 1202 831 praecellat
1230 771 1408 812 omne
1438 754 1594 828 quod
1644 754 1836 810 dicere
1882 758 1985 810 aut

334 850 584 905 scribere
613 849 878 904 valemus
895 847 1004 901 '0‘".

405 941 490 993 12.
515 937 936 1007 (DCCCCLllI.)
976 934 1144 991 Enim
1193 951 1326 988 vero
1379 950 1476 988 rex
1534 948 1668 987 cum
1717 930 1980 1004 regiones

333 1027 687 1082 Francorum
722 1026 1014 1098 urbesque
1045 1023 1336 1092 rircuiret,
1371 1021 1614 1088 audivit,
1647 1021 1785 1093 quia
1817 1021 1864 1076 ei
1901 1020 1982 1075 in-

329 1116 491 1171 sidiae
514 1121 858 1189 pararentur
873 1133 907 1170 a
926 1113 1044 1170 filio
1065 1129 1424 1186 generoque;
1453 1115 1808 1183 quapropter
1824 1127 1980 1166 sum-

331 1223 464 1260 mus
483 1205 640 1278 ponti
651 1205 740 1260 fex
758 1209 1078 1269 revocatus,
1097 1202 1194 1258 ubi
1215 1201 1595 1258 austeriorem
1617 1201 1793 1255 vitam
1817 1213 1977 1254 more

329 1295 497 1351 solito
527 1311 661 1349 cum
691 1291 990 1348 hemcritis
1021 1295 1077 1347 et
1114 1289 1390 1346 solitariis
1416 1293 1550 1344 ante
1579 1287 1799 1344 Pascha
1841 1303 1975 1359 age-

327 1385 444 1450 bat,
469 1382 730 1454 suscepit
775 1397 971 1454 regem
1021 1379 1348 1452 Mogontire,
1381 1377 1462 1434 ibi
1505 1377 1556 1434 ei
1609 1375 1970 1448 aliquamdiu

327 1471 802 1527 ministrans‘m.
845 1468 1106 1524 Nefanda
1157 1466 1403 1523 consilia
1451 1466 1700 1539 prodita,
1763 1482 1798 1521 a
1852 1463 1972 1519 filio

323 1576 652 1633 generoque
682 1559 1119 1622 animadversa;
1153 1556 1442 1628 purgandi
1473 1555 1664 1611 locum
1711 1551 1972 1610 criminis

322 1666 456 1705 cum
488 1647 732 1704 consilio
757 1647 1050 1720 pontificis
1076 1649 1282 1718 petunt
1304 1645 1392 1679 ¹⁰⁰⁹
1420 1649 1477 1700 et
1507 1639 1968 1716 impetrant.0ui

2094 493 2514 562 proptereaque
2527 489 2682 563 regis
2693 491 2991 566 totiusque
3002 509 3149 565 pene
3160 494 3451 553 exercitus
3462 497 3752 554 offensam

2094 577 2362 648 incurrit,
2396 579 2540 634 dum
2571 595 2706 634 eum
2738 581 2974 652 penitus
3004 581 3359 655 culpabilem
3392 601 3462 640 ex
3483 585 3754 642 illiusIm

2093 667 2268 723 dictis
2317 672 2642 726 censerent.
2694 669 3083 726 Prazterea1m
3127 687 3227 727 rex
3277 673 3622 730 severiorem
3656 674 3752 710 ¹⁰²⁷

2091 757 2357 812 animum
2385 773 2595 830 gerens
2625 773 2693 812 ex
2723 759 2938 814 recenti
2971 759 3212 832 injuria,
3237 759 3752 820 eminentissimos

2088 845 2243 900 viros
2275 861 2338 900 ac
2381 845 2493 900 sibi
2540 846 2835 918 quondam
2889 863 3054 903 caros
3086 853 3144 904 et
3193 847 3252 903 in
3302 849 3751 907 Biertaniro'm

2090 934 2274 989 bellos
2305 934 2526 1002 fideles,
2562 935 2726 990 fratri
2751 936 2837 971 ¹⁰²⁰
2868 936 3114 993 traditos
3148 937 3323 994 exilio
3373 939 3748 1011 dampnavit,

2088 1022 2227 1077 dum
2253 1023 2508 1078 accusati
2534 1023 2816 1078 rationem
2839 1024 3168 1088 redderent,
3187 1042 3290 1081 nec
3306 1027 3392 1062 ¹⁰³⁰
3415 1044 3476 1084 se
3492 1029 3574 1063 ¹⁰³¹
3599 1047 3747 1101 pur-

2086 1127 2223 1184 gare
2257 1112 2344 1146 ¹⁰³²
2373 1111 2728 1168 sufficerent.
2764 1112 2831 1167 Hi
2864 1118 3032 1168 crant
3054 1115 3140 1148 ¹⁰³³
3171 1115 3456 1190 Thuringi
3503 1135 3746 1190 genere,

2085 1200 2394 1272 potestatis
2427 1200 2818 1272 praefectoriis,
2850 1201 3126 1258 Dadanus
3147 1206 3300 1273 (270)
3331 1209 3388 1261 et
3435 1205 3744 1263 Willehel-

2085 1306 2222 1344 mus
2246 1290 2333 1323 ¹⁰³⁴
2365 1289 2624 1344 nomine.
2658 1289 2775 1345 Hoc
2809 1290 2961 1346 facto
2993 1291 3166 1348 multi
3200 1293 3486 1350 scelerum
3516 1297 3745 1352 conscii

2083 1377 2230 1434 satis
2253 1379 2340 1413 ¹⁰³⁵
2398 1377 2713 1450 perterriti,
2765 1378 2959 1434 soluta
3015 1381 3308 1452 contione,
3354 1383 3744 1443 multitudine

2081 1466 2348 1534 dimissa,
2382 1482 2509 1522 sese
2543 1483 2640 1521 rex
2669 1466 2729 1522 in
2759 1467 3071 1526 orientales
3103 1476 3300 1543 partes
3331 1472 3600 1532 contulit.

2152 1558 2238 1612 17.
2266 1555 2521 1611 Lotharii
2539 1561 2736 1611 autem
2773 1573 2908 1612 eum
2931 1574 3132 1630 regem
3155 1560 3288 1615 duci
3314 1561 3576 1618 Conrado
3593 1580 3734 1618 sen-

2078 1645 2298 1702 sissent
2327 1645 2786 1711 oﬁ‘ensum,cum
2810 1645 2938 1716 jam
2969 1646 3109 1702 olim
3131 1648 3182 1703 ei
3209 1648 3406 1706 infesti
3425 1656 3736 1718 cssent,eo

320 1737 454 1793 licet
481 1736 716 1794 sceleris
747 1735 1056 1792 manifeste
1096 1736 1500 1806 arguerentur,
1527 1731 1722 1805 paruit
1768 1735 1966 1786 tamen
1997 1769 2046 1836 Β
2077 1735 2232 1807 quod
2251 1733 2533 1789 ducatum
2557 1749 2734 1805 super
2763 1750 2861 1790 eos
2885 1735 3488 1812 administraretipsis
3507 1739 3740 1811 invitis,

317 1844 416 1883 rex
443 1843 646 1883 eorum
685 1824 993 1881 sententiis
1023 1823 1083 1879 in
1114 1822 1389 1879 omnibus
1412 1821 1788 1892 ‘°‘°,locorum
1819 1823 1964 1875 tem-

316 1932 644 1989 porumque
675 1915 970 1988 angustia.

389 2007 479 2060 14.
509 2006 581 2062 Et
611 2019 746 2060 cum
776 2006 1096 2076 apparatus
1125 1999 1425 2074 paschalis
1475 1999 1629 2072 apud
1654 1998 1736 2033 ¹⁰¹¹
1767 1998 1964 2069 Aquas

315 2094 440 2150 fieri
470 2096 782 2166 oporteret,
803 2090 1106 2162 comperit,
1125 2089 1265 2162 quia
1284 2086 1465 2144 nichil
1489 2085 1600 2144 sibi
1617 2087 1864 2160 dignum
1883 2085 1963 2140 ibi

317 2187 591 2256 paratum
621 2185 777 2238 esset
801 2181 890 2216 ¹⁰¹²
920 2179 1100 2250 (269);
1131 2183 1464 2235 maternum
1494 2176 1728 2250 gaudiis
1747 2178 1805 2231 et
1831 2175 1964 2230 offl-

315 2273 422 2330 ciis
437 2273 711 2328 decenter
729 2273 988 2337 curatur,
1005 2283 1318 2341 regemque
1338 2282 1512 2340 quem
1533 2265 1594 2321 in
1616 2264 1863 2322 Francia
1876 2263 1963 2298 ¹⁰¹³

315 2378 461 2436 pene
490 2357 765 2434 perdidit,
802 2357 860 2413 in
895 2356 1084 2430 patria
1115 2356 1425 2429 magnifice
1459 2353 1696 2427 recepit.

388 2453 456 2508 15
473 2451 582 2504 ¹⁰¹⁴.
601 2449 747 2504 Nam
771 2446 1137 2504 confortatus
1159 2443 1484 2500 amicorum
1505 2441 1816 2518 gentisque
1838 2457 1966 2514 pro-

314 2540 452 2614 prize
483 2536 832 2612 praesentiae,
865 2534 1099 2591 irritum
1124 2535 1212 2570 ¹⁰¹⁸
1243 2533 1379 2589 fecit
1400 2534 1489 2570 ¹⁰¹⁶
1521 2537 1780 2606 pactum,
1805 2530 1961 2602 quod

313 2631 551 2684 coactus
598 2624 744 2682 inire
781 2624 1085 2681 confessus
1131 2627 1251 2690 est;
1295 2622 1673 2694 edictumque
1717 2623 1808 2677 est
1841 2618 1960 2674 lilio

311 2729 664 2790 generoque,
683 2717 948 2770 auctores
981 2711 1217 2768 sceleris
1246 2709 1574 2782 puniendos
1595 2710 1842 2776 tradere,
1861 2711 1964 2764 aut

311 2809 466 2861 certe
485 2819 548 2859 se
563 2803 649 2838 ¹⁰¹⁷
666 2799 965 2857 hostes'm
988 2798 1255 2873 publicos
1277 2814 1472 2855 nosse.
1489 2797 1680 2854 Paetis
1693 2795 1960 2871 pristinis

311 2892 568 2966 pontifex
615 2888 964 2957 intercessit,
998 2893 1305 2962 tamquam
1357 2888 1483 2960 paci
1533 2891 1592 2943 et
1635 2884 1956 2943 concordiae

309 2981 720 3043 consulturus;
745 2979 818 3034 ob
846 2978 904 3034 id
937 2978 1056 3051 regi
1091 2978 1156 3032 fit
1185 2981 1518 3049 suspectus,
1538 2975 1744 3032 amicis
1769 2973 1976 3055 regali.

309 3073 422 3128 bus
453 3066 920 3139 consiliariisque
953 3065 1308 3122 omnimodis
1356 3065 1742 3137 spernendus.
1775 3062 1856 3119 De
1887 3078 1954 3120 eo

309 3163 579 3216 nostrum
603 3157 692 3191 ¹⁰¹⁹
719 3154 1077 3211 arbitramur
1105 3169 1478 3227 nequaquam
1528 3152 1755 3226 aliquid
1779 3151 1866 3188 ¹⁰²⁰
1898 3157 1979 3208 te‘

309 3264 465 3304 mere
487 3244 786 3318 judicare;
821 3243 922 3299 sed
955 3243 1112 3316 quod
1136 3243 1208 3298 de
1227 3259 1295 3299 eo
1326 3243 1678 3315 probamus,
1697 3241 1835 3314 quia
1855 3258 1974 3297 ma-

307 3353 460 3410 gnus
507 3349 627 3390 erat
675 3331 837 3387 in“m
888 3330 1156 3388 oratione
1207 3331 1300 3386 die
1360 3335 1681 3403 noctuque,
1717 3347 1970 3405 magnus

306 3423 762 3481 elemosinarum
793 3419 1083 3492 largitate,
1113 3419 1454 3492 prmeipuus
1481 3421 1656 3476 verbo
1689 3420 1965 3492 praedica-

305 3511 504 3579 tionis,
539 3527 654 3566 non
705 3509 876 3565 silere
925 3507 1173 3581 dignum
1225 3509 1535 3576 duximus;
1567 3513 1841 3564 cmterum
1891 3509 1963 3564 de

307 3599 600 3657 accusatis
623 3600 711 3634 ¹⁰²²
741 3599 938 3654 causis
963 3597 1066 3670 qui
1087 3597 1318 3670 judicat
1347 3597 1632 3654 Dominus
1653 3601 1762 3654 est.

377 3689 464 3742 16.
500 3688 715 3742 Earum
747 3703 943 3742 rerum
965 3687 1107 3741 dum
1131 3685 1211 3742 ibi
1237 3685 1371 3740 finis
1393 3701 1509 3741 non
1533 3687 1715 3756 fieret,
1737 3685 1962 3742 univer-

245 3783 255 3792 '
305 3775 447 3833 salis
465 3775 662 3848 populi
679 3778 1000 3831 conventus
1019 3775 1409 3846 essejubetur
1427 3775 1583 3847 apud
1605 3773 1803 3829 villam
1827 3791 1955 3847 quae

305 3866 524 3922 dicitur
553 3864 860 3920 Fridesleri
887 3863 998 3930 ¹⁰²³,
1032 3879 1209 3935 super
1255 3861 1346 3917 his
1393 3861 1588 3918 causis
1633 3861 1953 3918 discutien-

2076 1839 2241 1879 arma
2265 1827 2470 1878 contra
2497 1838 2632 1878 eum
2663 1828 2912 1879 sumunt
2933 1825 3042 1880 “’35.
3079 1824 3182 1881 Ille
3214 1843 3348 1884 vero
3380 1827 3742 1901 imperterri-

2076 1916 2196 1982 tus,
2209 1909 2509 1966 leoninum
2527 1926 2768 1966 exerens
2792 1912 2879 1946 ¹⁰³⁷
2897 1913 3187 1982 animum,
3204 1915 3372 1989 signo
3393 1917 3580 1990 signis
3597 1936 3740 1974 con-

2074 2000 2254 2056 traria
2284 1999 2520 2068 invexit,
2539 2004 2598 2055 et
2627 1999 3033 2058 incredibilem
3066 2003 3516 2063 multitudinem
3551 2025 3622 2064 ex
3652 2010 3746 2066 eis

2074 2088 2310 2162 propria
2341 2105 2520 2144 manu
2553 2087 2725 2156 fudit,
2751 2089 2893 2145 dum
2927 2092 3220 2164 sanguine
3253 2094 3645 2168 amici,quem
3681 2099 3746 2153 in

2073 2177 2271 2250 prmlio
2303 2175 2796 2244 amisit,Conradi
2821 2177 3046 2236 scilicet
3067 2179 3391 2238 Evurhardi
3427 2183 3530 2239 filii
3553 2187 3745 2255 (271),

2073 2270 2141 2320 ut
2170 2266 2291 2320 fera
2321 2265 2408 2300 ¹⁰³⁸
2439 2265 2780 2321 εωνὶεείωει
2810 2271 3138 2325 acueretur.
3175 2271 3376 2344 Itaque
3421 2272 3502 2328 illi
3537 2275 3747 2330 fortis-

2072 2354 2223 2411 simo
2253 2354 2667 2426 subpeditante
2690 2357 2781 2392 ¹⁰³⁹
2814 2356 3066 2414 fortium
3108 2359 3367 2417 militum
3401 2378 3604 2432 manu,
3635 2365 3746 2420 ad-

2070 2459 2236 2500 verso
2265 2443 2544 2500 exercitui
2575 2443 2718 2501 dum
2741 2462 2852 2501 nov
2869 2463 2940 2503 us
2965 2463 3199 2520 semper
3225 2451 3529 2523 additur,a
3559 2453 3744 2509 meri-

2073 2533 2166 2588 die
2197 2547 2386 2604 usque
2416 2531 2474 2586 in
2511 2547 2830 2604 vesperum
2863 2535 3229 2606 protrahitur
3276 2537 3526 2608 bellum;
3563 2545 3747 2599 nocte

2070 2621 2338 2694 praelium
2369 2619 2740 2690 dissolvitur,
2763 2621 2962 2680 nullus
2991 2623 3235 2681 victoria
3265 2625 3512 2684 laetatur.

2145 2711 2230 2766 18.
2257 2710 2377 2766 Rex
2401 2713 2597 2766 autem
2631 2710 2786 2767 circa
2827 2709 3111 2769 Kalendas
3127 2713 3264 2769 Julii
3283 2714 3370 2750 ¹⁰⁴⁰
3385 2720 3542 2771 moto
3563 2732 3746 2774 exer-

2073 2798 2412 2867 citu,armis
2443 2797 2632 2854 ﬁlium
2664 2814 3059 2872 generumque
3091 2818 3352 2874 quaarere
3387 2805 3740 2876 temptavit;

2071 2887 2272 2944 obvias
2301 2887 2478 2943 urbes
2506 2887 2978 2960 partisadversaa
3014 2894 3116 2946 aut
3149 2891 3331 2948 armis
3355 2891 3506 2964 copit
3536 2897 3644 2948 aut
3679 2893 3747 2949 in

2083 2976 2440 3056 deditionem
2471 2977 2716 3050 accepit,
2739 2993 3044 3052 quousque
3079 2979 3439 3052 Mogontiam
3467 2982 3747 3053 perveni-

2089 3070 2197 3131 ret,
2219 3081 2397 3138 quam
2429 3064 2587 3121 ﬁlius
2618 3083 2753 3122 eum
2784 3067 3043 3123 exercitu
3078 3067 3340 3137 intravit,
3370 3073 3751 3143 patremque,

2086 3154 2250 3209 dictu
2270 3153 2356 3189 ¹⁰⁴¹
2393 3153 3097 3223 miserabilius,armatus
3127 3157 3468 3229 expectavit.
3488 3158 3572 3214 Ibi
3605 3158 3751 3232 plus

2085 3259 2263 3315 quam
2300 3241 2468 3298 civile
2490 3247 2548 3298 et
2563 3242 2723 3298 omni
2754 3242 3088 3301 calamitate
3106 3245 3374 3302 acerbius
3390 3244 3610 3302 bellum
3632 3265 3749 3304 ca:-

2080 3335 2278 3404 ptum;
2311 3331 2510 3387 multas
2545 3331 2829 3388 machina:
2853 3333 3040 3390 muris
3061 3334 3335 3402 admotae,
3350 3335 3450 3392 sed
3472 3335 3546 3391 ab
3567 3337 3748 3394 urba-

2079 3420 2173 3476 nis
2201 3421 2514 3476 destructae
2541 3421 2629 3456 1°"
2657 3419 2746 3475 vel
2779 3419 3058 3490 incensae;
3092 3423 3307 3479 crebrae
3353 3427 3487 3480 ante
3534 3429 3745 3496 portas

2074 3525 2306 3582 pugnae,
2321 3525 2450 3564 raro
2469 3507 2799 3564 forinsecus
2817 3510 3103 3568 stationes
3116 3511 3205 3547 '0‘3
3225 3511 3742 3570 fusze.Cunctando

2073 3596 2230 3653 enim
2254 3613 2348 3652 res
2361 3597 2455 3632 ‘0“
2476 3595 2760 3652 universae
2791 3597 3116 3658 variavere.
3143 3600 3284 3655 dum
3307 3600 3740 3658 dominatorem

2071 3686 2233 3759 regni
2260 3687 2348 3721 ὀδε
2377 3685 2545 3753 foris,
2571 3684 2736 3741 intus
2759 3702 3160 3744 successorem
3185 3688 3546 3744 metuebant.
3569 3689 3744 3746 Obsi-

2067 3775 2164 3830 dio
2198 3775 2395 3848 itaque
2431 3775 2575 3830 dum
2609 3774 2916 3848 sexaginta
2945 3775 3127 3832 ferme
3157 3775 3284 3834 dies
3303 3777 3390 3813 ¹⁰⁴⁶
3409 3779 3742 3850 excederet,

2065 3880 2258 3918 sermo
2289 3864 2354 3918 ﬁt
2379 3863 2450 3918 de
2490 3878 2662 3935 pace;
2697 3864 2856 3918 unde
2887 3863 3065 3919 datus
3093 3869 3185 3921 est
3213 3865 3386 3921 obses
3418 3865 3477 3920 in
3523 3867 3737 3923 urbem

306 3955 449 4011 dum
469 3955 576 4010 “’3‘.
612 3953 720 4010 Ubi
749 3969 884 4009 cum
917 3953 1095 4008 frater
1142 3950 1294 4025 regis
1341 3949 1650 4007 lleinricus
1698 3952 1948 4019 adesset,
1984 3937 2030 4001 Ι)
2074 3950 2470 4007 consobrinus
2487 3950 2644 4024 regis
2668 3953 2798 4021 (272
2813 3951 3418 4026 Ecberhtus)‘°"',quo
3438 3951 3623 4012 libera
3639 3957 3741 4012 via

1654 4073 1918 4132 VARL/E
1956 4074 2376 4132 LECTIONES.

1413 4199 1500 4234 ¹⁰⁰⁷
1529 4197 1830 4254 valeamus
1855 4198 1910 4254 3.

1330 4269 1418 4304 mu
1439 4285 1568 4326 esse
1597 4269 1663 4325 Α,
1779 4269 1867 4304 me

1227 4340 1314 4377 1017
1340 4339 1488 4398 deest
1510 4344 1570 4406 2’
1599 4343 1654 4394 7‘
1754 4341 1842 4376 me

1414 4413 1502 4447 ¹⁰²³
1534 4409 1793 4467 fridislar
1821 4409 1885 4468 Α.

379 4200 796 4272 1006dominum
827 4203 959 4272 post
988 4202 1215 4271 patrem
1242 4201 1298 4255 2.

306 4275 418 4330 bus
449 4271 645 4344 desunt
675 4272 729 4326 1.
778 4271 928 4344 Πίὲοίὲί
963 4274 1126 4344 aput.
1201 4313 1214 4326 .

307 4347 395 4380 ¹⁰¹⁸
417 4342 656 4398 initium
689 4345 738 4398 1.
772 4343 860 4378 ¹⁰¹⁶
891 4341 1030 4397 facit
1057 4343 1109 4396 2.

308 4418 392 4452 ¹⁰²¹
425 4415 571 4470 deest
596 4415 662 4469 A.
693 4415 750 4481 2,
780 4414 834 4469 3.
949 4413 1038 4448 ¹⁰²²
1068 4411 1215 4467 actis
1243 4413 1296 4467 2.

307 4490 392 4524 ¹⁰²τ
420 4486 719 4542 saeviorem
749 4487 815 4541 A.
847 4485 898 4540 3.
1019 4484 1106 4518 im
1139 4483 1474 4538 Britannico
1501 4483 1558 4538 3.

307 4561 394 4596 ¹⁰³³
423 4558 520 4613 hic
549 4560 674 4612 erat
705 4557 756 4613 1.
869 4556 960 4592 ¹⁰³⁵
991 4553 1286 4610 uulelmus
1321 4556 1370 4610 1.
1403 4553 1748 4611 wilhelmus
1777 4556 1844 4610 Α.
1877 4555 1930 4610 3.

304 4632 450 4687 hens
478 4631 534 4683 7.
649 4629 736 4663 ¹⁰³⁸
767 4644 897 4682 sera
929 4628 980 4682 1.
1096 4626 1184 4661 ¹⁰³⁰
1213 4630 1562 4732 suppetente
1591 4625 1646 4681 3.

306 4703 499 4732 1......”
532 4702 559 4732 Δ
704 4699 792 4732 1083
823 4696 1097 4732 αιιιιῖηπίο
1136 4698 1165 4732 Δ
1308 4698 1323 4732 1
1428 4714 1522 4732 κον
1557 4697 1576 4732 4

302 4703 499 4760 desunt
523 4702 590 4756 A.
704 4699 792 4734 ¹⁰⁴³
823 4697 1098 4753 stationis
1127 4698 1192 4753 A.
1296 4697 1397 4732 1°“
1428 4714 1526 4752 rex
1557 4697 1603 4751 1.

301 4778 356 4845 2,
387 4776 444 4830 6.
473 4786 701 4844 semper.
736 4771 1008 4826 ecbertus
1037 4770 1104 4823 A.
1137 4769 1193 4824 3.
1221 4783 1448 4840 semper.

2025 4199 2113 4235 ¹⁰⁰⁸
2141 4199 2524 4255 ministrabat
2554 4201 2610 4254 2.

1898 4287 1955 4342 q.
1988 4269 2238 4342 infantia
2266 4273 2321 4326 2.

1875 4340 2376 4413 publicoshostes
2401 4341 2454 4413 3.

2002 4413 2092 4447 ιυιι
2122 4411 2515 4468 discutiendis
2545 4411 2604 4481 3,
2632 4414 2690 4467 7ο

1674 4482 1762 4518 ¹⁰²⁹
1785 4483 1930 4540 deest
1956 4484 2010 4540 3.

2046 4553 2135 4588 ¹⁰³⁵
2162 4553 2309 4610 deest
2335 4554 2390 4610 3.

1722 4696 1810 4732 1°“
1835 4713 2042 4770 regens
2069 4700 2124 4752 2.

2728 4199 3144 4271 ‘°°°_petierunt
3171 4201 3224 4256 3.
3339 4200 3428 4236 ¹⁰¹⁰
3449 4200 3509 4255 in
3541 4200 3733 4256 omni.

2441 4269 2532 4306 ¹⁰ι⁴
2566 4271 2618 4325 1.
2650 4287 2686 4326 a
2717 4269 2900 4327 verbis
2929 4274 3020 4326 est
3048 4270 3170 4326 filio
3199 4271 3298 4328 hoc
3325 4273 3523 4328 incinit
3545 4287 3611 4326 ea

2572 4341 2662 4415 “’3'
2697 4341 3100 4415 necessarium
3131 4342 3182 4398 3-
3221 4341 3373 4415 11°”
3402 4341 3638 4415 aliquod
3677 4343 3728 4415 1-

2807 4412 2898 4486 {m
2930 4411 3050 4486 illis
3079 4413 3134 4468 3.
3154 4413 3304 4486 “3m
3322 4411 3640 4486 ριιοριξωμ
3670 4414 3727 4468 3_

2126 4483 2216 4518 ¹⁰³⁰
2246 4487 2306 4539 et
2330 4483 2386 4539 3.
2420 4500 2508 4539 ac.
2531 4484 2569 4536 7
2681 4483 2768 4518 ¹⁰³¹
2801 4483 2948 4540 deest
2973 4485 3029 4538 2.
3150 4483 3239 4518 ¹⁰³²
3264 4483 3392 4539 add.
3426 4483 3539 4541 non
3588 4485 3645 4552 3,
3670 4486 3733 4538 7-

2506 4553 2596 4589 ¹⁰³⁶
2627 4553 2814 4625 sumit
2845 4556 2894 4612 1.
2981 4555 3072 4590 ¹⁰³⁷
3105 4570 3382 4610 exercens
3408 4558 3462 4620 2,
3495 4555 3552 4625 3,
3568 4554 3732 4610 exhi-

1758 4625 1848 4660 ¹⁰⁸⁰
1874 4627 1922 4681 Α
1941 4623 2129 4696 julias
2161 4627 2212 4682 3.
2297 4627 2382 4661 1°“
2409 4623 2566 4696 dicto
2599 4625 2651 4681 1.
2679 4623 2824 4681 deest
2850 4626 2905 4682 3.
2984 4625 3074 4696 ‘0‘?
3104 4625 3290 4681 muris
3312 4656 3382 4666 —
3413 4623 3728 4682 destructa;

2240 4698 2328 4732 ¹⁰⁴⁶
2361 4695 2649 4752 desierme
2683 4697 2734 4764 1,
2763 4697 2816 4754 3.
2905 4696 2992 4731 ¹⁰⁴⁷
3013 4695 3314 4752 elberhtus
3347 4697 3400 4753 1.
3422 4695 3725 4765 ekbertus,

1892 4873 2126 4930 NOTAE.
2176 4893 2194 4908 ο

375 4995 527 5062 (257)
555 4993 688 5048 Otto
719 4991 878 5047 filius
909 4993 1085 5046 natus
1115 4992 1204 5044 est
1233 5006 1286 5044 a.
1317 4989 1447 5056 955,
1479 4987 1528 5044 si
1579 4986 1746 5042 Cont.
1782 4987 1952 5060 Regi-

310 5065 484 5122 nonis
516 5066 689 5118 fidem
724 5063 1074 5136 praebemus.

378 5138 524 5202 (268)
555 5136 599 5189 l.
631 5153 682 5200 e,
716 5129 1033 5200 Mahtildis,
1066 5148 1244 5202 quam
1276 5133 1426 5186 Ann.
1446 5129 1649 5197 Qucdl.
1673 5133 1730 5184 et
1759 5132 1951 5202 ipsam

309 5225 361 5264 α.
397 5209 503 5261 955
535 5211 733 5259 natam
769 5204 950 5259 fuisse
982 5204 1243 5258 tradunt.

376 5278 528 5348 (209)
558 5277 675 5331 lloc
699 5275 822 5330 loco
845 5275 1114 5348 quamvis
1147 5291 1260 5328 non
1287 5273 1795 5348 addendum,cum
1829 5271 1954 5327 Rei-

309 5343 516 5406 neccior
535 5352 731 5402 tamen
763 5343 1157 5416 supplendum
1179 5362 1306 5400 esse
1323 5345 1586 5400 videtur:
1616 5343 1794 5411 Quare
1829 5360 1954 5398 cum

310 5426 368 5478 in
398 5422 697 5476 Samnium
723 5423 1069 5490 parauisset.
1105 5416 1392 5490 C_f._Con_t._
1422 5416 1560 5488 Reg.
1595 5433 1648 5470 a.
1679 5416 1804 5470 953.

377 5494 528 5560 (270)
559 5487 832 5545 Dadanus
863 5487 1063 5561 procul
1117 5487 1529 5561 dubiohidem,’
1552 5504 1728 5561 quem
1771 5503 1951 5561 supra

307 5558 402 5633 (ll.
442 5565 527 5632 18)
561 5561 704 5618 Dadi
759 5558 1100 5620 nominavit.
1153 5558 1236 5618 Cf.
1290 5558 1609 5617 Wedekind
1660 5558 1862 5615 Noten’
1897 5559 1946 5615 1.

2134 4987 2636 5057 (271)Conradum
2677 4987 3000 5044 Eberhardi
3043 4986 3212 5044 ducis
3251 4988 3606 5057 Francorum
3656 4986 3728 5057 fi-

2063 5055 2236 5132 lium
2267 5075 2398 5114 esse
2453 5058 2827 5132 habendum,
2852 5057 2952 5114 alii
3013 5062 3304 5132 negarunt
3345 5055 3724 5132 (wencklrll,

2063 5145 2121 5256 Β.
2153 5129 2262 5186 655
2293 5149 2349 5211 n.
2373 5129 2588 5198 a.),a1ii
2621 5129 3011 5211 defenderunt
3032 5128 3309 5198 (Leutsch
3340 5130 3493 5210 p.40
3521 5146 3579 5183 n.
3600 5128 3724 5196 75).

2113 5217 2144 5256 e
2175 5200 2372 5256 nraalio
2421 5199 2532 5256 hoc
2589 5205 2795 5256 contra
2855 5201 3211 5256 Ramnerum
3257 5205 3532 5256 comitem
3565 5215 3724 5254 com-

2113 5217 2144 5256 e
2175 5199 2532 5272 praaliohoe
2589 5205 2795 5257 contra
2855 5201 3211 5272 Reginorum
3257 5199 3532 5256 comitem
3565 5215 3729 5254 com-

2064 5270 2246 5328 misso
2277 5271 2350 5326 cf.
2385 5270 2748 5328 Flodoardus
2787 5289 2840 5327 a.
2873 5270 3000 5328 953.

2133 5347 2283 5413 (272)
2315 5341 2394 5398 De
2429 5344 2775 5414 cognatione
2806 5344 2934 5414 ejus
2967 5343 3045 5414 cf.
3071 5343 3224 5398 Ann.
3256 5339 3459 5414 Qucdl.
3493 5357 3546 5414 a_.
3577 5337 3720 5414 955;

2062 5409 2367 5504 ipsunr'e‘t
2419 5409 2875 5504 Wiphmpannpm
2916 5413 3216 5504 j_u‘r(1‘i0rem
3265 5413 3474 5504 fratres
3508 5409 3720 5504 fuisse,

2061 5481 2294 5541 Scheidl
2325 5486 2451 5542 Orr.
2487 5485 2677 5542 Guelf.
2713 5484 2808 5547 IV.
2841 5503 2898 5555 p.
2919 5481 3038 5541 568
3067 5502 3198 5558 sqq.
3222 5502 3281 5540 n.
3317 5481 3605 5558 probavit.
