4098 6170
267 341 378 400 197

1267 339 1411 403 RES
1458 339 1734 404 GESTAE
1779 338 2219 404 SAXONlC/E.
2269 377 2343 386 —-
2387 339 2532 404 LIB.
2581 341 2664 405 Ill

3547 349 3662 409 198

259 477 527 529 emerunt
556 475 646 510 ¹²⁰⁶
675 489 744 529 ex
773 474 858 530 eis
889 475 961 531 ad
995 475 1084 510 “'07
1116 475 1544 548 quinquaointa
1572 475 1725 531 viros
1760 475 1910 531 fmda
1936 478 1991 544 Α
2023 475 2136 530 Sed
2188 491 2305 531 non
2337 477 2478 532 adeo
2512 477 2619 546 ηπ,
2656 478 2961 534 incruenta
3008 479 3250 534 victoria
3301 481 3410 536 fuit
3440 483 3511 537 de
3542 487 3664 537 tam

262 563 348 598 ¹²⁰⁸
375 564 514 636 fuga
543 568 882 620 nostrorum
917 565 1088 620 facta.

326 653 410 708 46.
445 653 550 709 ¹²⁰⁹.
591 654 804 726 Ingens
836 655 1060 710 interea
1091 671 1271 726 pavor
1315 671 1551 710 omnem
1601 654 1913 710 Saxoniam

257 741 545 814 trepidam
579 758 682 814 pro
723 759 855 816 rege
887 747 944 798 et
974 743 1231 798 exemita
1266 744 1354 778 ¹²¹⁰
1384 744 1513 814 ejus
1561 759 1664 815 pro
1714 742 1823 799 hac
1855 758 1914 798 re

257 831 503 888 adversa
541 832 624 865 ¹²¹¹
659 831 891 888 invasit.
928 831 1252 887 Terrebant
1300 848 1406 886 nos
1457 836 1735 902 praeterea
1778 849 1915 902 por-

257 923 418 975 tenta
447 919 754 975 inusitata.
793 919 1038 992 Templa
1069 920 1320 992 denique
1353 919 1648 992 plerisque
1681 919 1740 973 in
1773 919 1916 974 locis

260 1013 610 1080 tempestate
621 1005 814 1064 valida
825 1025 1113 1064 concussa
1125 1008 1455 1064 visentibus
1468 1013 1525 1063 et
1538 1009 1916 1063 audientibus

260 1096 560 1152 horrorem
588 1097 838 1152 nimium
859 1097 1158 1153 incussere
1179 1115 1192 1164 ;
1216 1097 1521 1169 utriusque
1541 1114 1714 1153 sexus
1733 1113 1920 1154 sacer-

265 1185 434 1240 dotes
471 1185 592 1241 ictu
625 1183 893 1242 fulminis
923 1187 1293 1254 interierunt,
1330 1191 1388 1241 et
1418 1185 1534 1242 alia
1581 1186 1770 1242 multa
1818 1185 1918 1242 illo

263 1279 528 1345 tempore
560 1275 933 1347 contigerunt
965 1275 1124 1330 dictu
1168 1274 1459 1329 horrenda
1509 1280 1567 1329 et
1613 1281 1919 1346 propterea

263 1361 434 1418 nobis
451 1363 872 1433 praetereunda.
891 1364 1104 1418 Totum
1124 1362 1354 1432 pondus
1378 1361 1918 1436 prmlii.ex.adverso

254 1451 385 1521 jam
416 1451 624 1506 adesse
656 1453 747 1486 ¹²¹²
770 1451 1139 1523 conspiciens
1173 1468 1292 1517 rex,
1325 1450 1668 1506 exhortandi
1693 1451 1916 1522 "‘3gra-

263 1540 347 1596 tia
370 1539 663 1598 allocutus
692 1546 784 1598 est
813 1541 1003 1597 socios
1036 1541 1127 1578 ¹²¹⁴
1156 1540 1264 1596 hoc
1295 1539 1468 1597 modo
1495 1556 1510 1596 :
1539 1539 1682 1613 Opus
1711 1539 1920 1596 esse‘m

261 1629 420 1686 nobis
452 1630 716 1687 bonorum
765 1633 1081 1687 animorum
1104 1631 1192 1666 ¹²¹⁶
1226 1632 1285 1686 in
1335 1629 1437 1685 hac
1481 1637 1630 1686 tanta
1683 1631 1920 1686 necessi-

260 1726 390 1786 tate,
422 1720 627 1776 milites
672 1721 802 1788 mei,
845 1735 938 1776 vos
989 1720 1106 1792 ipse
1151 1717 1371 1788 videtis,
1403 1720 1500 1790 qui
1548 1717 1754 1774 hostem
1809 1733 1922 1774 non

263 1811 419 1880 longe
447 1809 541 1864 sed
568 1825 752 1866 coram
778 1810 1018 1882 positum
1054 1809 1318 1866 toleratis.
1354 1811 1631 1863 Hactenus
1661 1808 1811 1864 enim
1841 1808 1923 1862 in-

257 1900 438 1970 pigris
450 1897 710 1954 manibus
726 1899 918 1954 vestris
939 1913 1004 1952 ac
1030 1898 1204 1952 armis
1223 1913 1436 1968 semper
1456 1897 1676 1952 invictis
1691 1895 1928 1967 gloriose

261 2002 420 2053 usus,
447 1995 604 2042 extra
629 1986 809 2042 solum
834 1994 886 2042 et
914 1987 1210 2058 imperium
1233 2002 1417 2042 meum
1441 1985 1652 2057 ubique
1680 1987 1792 2040 vici
1813 1985 1926 2056 "'7,

259 2082 312 2130 et
339 2091 493 2130 nunc
519 2077 580 2130 iu
617 2082 768 2132 terra
819 2091 938 2131 mea
983 2081 1036 2130 et
1084 2089 1246 2146 regno
1302 2090 1419 2130 meo
1478 2082 1629 2145 terga
1681 2082 1885 2129 vertam
1899 2078 1926 2128 Ρ

260 2164 606 2236 Superamur
630 2167 743 2222 scio
771 2163 1149 2231 multitudine,
1178 2162 1272 2219 sed
1295 2179 1404 2219 non
1436 2165 1655 2228 virtute,
1686 2163 1778 2219 sed
1813 2178 1925 2218 non

259 2255 477 2320 armis;
505 2254 752 2309 mxima
777 2255 930 2309 enim
953 2269 1025 2310 ex
1049 2261 1205 2325 parte
1232 2247 1408 2308 nudos
1444 2252 1568 2308 illos
1619 2255 1791 2307 armis
1817 2269 1926 2308 om-

259 2342 429 2398 nibus
449 2343 670 2414 penitus
696 2343 1066 2413 cognovimus,
1098 2349 1150 2397 et
1177 2339 1319 2414 quod
1366 2342 1606 2396 maximi
1644 2348 1724 2396 est
1767 2340 1924 2397 nobis

258 2433 476 2502 solatii,
503 2431 720 2486 auxilio
757 2431 874 2486 Dei.
907 2431 1027 2486 Illis
1075 2439 1154 2486 est
1199 2429 1318 2486 sola
1368 2445 1470 2502 pro
1525 2446 1685 2485 muro
1742 2429 1923 2485 auda-

259 2523 365 2585 tia,
403 2520 494 2554 ¹²¹⁸
522 2519 680 2574 nobis
727 2535 848 2590 spes
895 2527 948 2574 et
997 2520 1254 2592 protectio
1311 2517 1524 2574 divina.
1561 2517 1772 2574 Pudeat
1804 2520 1926 2591 jam

257 2625 416 2663 nunc
443 2607 692 2665 dominos
737 2611 877 2680 pene
925 2610 1087 2664 totius
1102 2608 1381 2680 'Europae
1433 2609 1680 2663 inimicis
1724 2625 1923 2664 manus

257 2697 417 2754 dare.
453 2697 647 2753 Nelius
695 2697 857 2764 bello,
884 2698 936 2752 si
970 2698 1102 2768 ﬁnis
1143 2695 1375 2770 adjacet,
1403 2697 1610 2752 milites
1652 2699 1784 2763 mei,
1815 2697 1926 2768 glo-

258 2789 411 2843 riose
438 2789 767 2854 moriamur,
801 2803 967 2859 quam
993 2786 1224 2858 subjecti
1247 2784 1490 2842 hostibus
1530 2787 1700 2841 vitam
1745 2789 1923 2842 servi-

257 2877 396 2932 liter
439 2875 722 2946 ducamus,
763 2883 861 2931 aut
905 2883 1046 2932 certe
1087 2891 1237 2931 more
1290 2874 1570 2930 malarum
1629 2873 1924 2930 bestiarum

255 2965 554 3036 strangulo
583 2963 918 3036 deﬁciamus.
951 2963 1126 3018 Plura
1157 2963 1431 3036 loquerer.
1460 2962 1665 3018 milites
1711 2964 1845 3024 mei.
1873 2963 1926 3017 si

257 3071 484 3111 nossem
513 3053 692 3109 verbis
727 3055 984 3108 virtutem
1029 3053 1114 3108 vel
1161 3051 1444 3107 audatiam
1490 3052 1698 3107 animis
1734 3052 1924 3108 vestris

259 3145 484 3216 augeri.
517 3141 668 3198 Hodo
688 3143 888 3198 melius
914 3139 1118 3213 gladiis
1149 3157 1315 3214 quam
1345 3140 1553 3212 linguis
1591 3140 1925 3211 colloquium

2023 580 2174 619 saava
2201 569 2386 637 gente.

2096 671 2180 726 47.
2215 671 2515 729 Conradus
2557 673 2774 746 quippe
2806 675 2924 728 dux
2955 673 3063 742 "’7,
3099 674 3326 729 fortiter
3372 691 3663 748 pugnans,

2025 759 2208 813 animi
2243 760 2460 815 fervore
2491 761 2748 834 solisque
2787 763 3010 830 ardore,
3044 763 3142 835 qui
3191 779 3257 818 eo
3305 763 3398 820 die
3447 763 3669 820 nimius

2025 853 2168 916 erat,
2202 865 2518 904 acccensus
2549 855 2777 918 aestuat,
2809 851 3132 924 vinclisque
3167 853 3251 886 ¹²²⁸
3281 853 3510 922 solutis,
3525 853 3667 908 dum

2027 953 2238 990 aurum
2265 940 2480 1006 captat,
2515 935 2754 992 vulnere
2786 940 3010 1010 sagittm
3043 940 3283 993 adverso
3304 941 3559 1010 gutturis
3579 941 3672 994 de-

2027 1023 2151 1078 fixze
2175 1023 2349 1078 cadit.
2371 1024 2553 1096 Cujus
2571 1042 2784 1097 corpus
2796 1027 2966 1097 juxta
2988 1025 3138 1098 regis
3163 1027 3472 1098 imperium
3496 1028 3673 1083 bono-

2026 1111 2186 1168 ritice
2216 1112 2524 1168 collectum
2557 1118 2992 1187 transportatur
3021 1116 3405 1172 Wormatiam
3429 1118 3536 1185 “’9,
3563 1118 3669 1172 ibi-

2027 1217 2141 1273 que
2174 1201 2456 1273 sepelitur
2502 1204 2589 1257 vir
2634 1204 2794 1258 omni
2842 1204 3054 1260 virtute
3105 1205 3286 1260 animi
3327 1210 3384 1260 et
3416 1205 3673 1278 corporis

2029 1307 2280 1363 magnus
2293 1295 2467 1362 atque
2482 1294 2902 1358 t'amosus,cum
2924 1294 3059 1348 ﬂetu
3077 1299 3132 1348 et
3149 1293 3386 1365 planctu
3408 1295 3673 1350 omnium

2029 1379 2406 1436 Francorum.

2101 1497 2187 1550 48.
2224 1496 2367 1550 Tres
2416 1497 2594 1551 duces
2643 1497 2835 1568 gentis
2885 1497 3149 1570 Ungarim
3209 1500 3382 1571 capti.
3426 1501 3676 1574 ducique

2031 1583 2298 1639 Heinrico
2329 1585 2684 1655 praesentati,
2721 1586 2877 1642 mala
2923 1592 3128 1654 morte,
3162 1592 3227 1643 ut
3276 1587 3436 1660 digni
3487 1595 3673 1659 erant,

2031 1671 2266 1728 multati
2321 1674 2409 1708 ³2³0
2461 1680 2640 1743 sunt;
2707 1677 3027 1749 suspendio
3109 1693 3362 1750 namque
3436 1694 3676 1751 crepue-

2031 1765 2186 1817 runt.

1955 1847 2004 1912 B
2035 1934 2045 1953 θ
2104 1866 2189 1924 49.
2225 1869 2547 1942 Triumpho
2580 1869 2792 1926 celebri
2828 1887 2924 1927 rex
2960 1873 3148 1929 factus
3169 1851 3462 1946 glo°riosus
3487 1877 3676 1943 '33‘,ab

2035 1957 2288 2013 exercitu
2322 1963 2487 2030 pater
2515 1960 2713 2032 patria:
2747 1960 3177 2035 imperatorque
3207 1962 3534 2035 appellatus
3565 1970 3672 2022 est.

2034 2045 2294 2102 Decretis
2324 2047 2567 2119 proinde
2594 2047 2916 2106 honoribus
2936 2054 2993 2105 et
3012 2049 3206 2124 dignis
3228 2050 3504 2109 laudibus
3525 2071 3680 2109 sum-

2035 2150 2142 2189 ma)
2175 2135 2466 2192 divinitati
2497 2155 2601 2210 per
2631 2137 2895 2212 singulas
2934 2139 3229 2210 ecclesias,
3261 2145 3318 2196 et
3365 2142 3473 2198 hoc
3525 2143 3678 2200 idem

2033 2229 2249 2279 sanctae
2281 2227 2456 2282 matri
2487 2229 2615 2299 ejus
2646 2245 2749 2300 per
2778 2229 3017 2285 nuntios
3041 2229 3403 2288 demandans
3427 2233 3678 2302 m’,cum

2033 2311 2290 2385 tripudio
2308 2331 2374 2370 ac
2391 2332 2626 2372 summa
2645 2316 2843 2373 laetitir
2862 2318 3172 2376 Saxoniam
3189 2319 3374 2376 victor
3389 2339 3677 2390 rovcrsus,

2032 2417 2066 2455 a
2097 2401 2311 2474 populo
2359 2421 2466 2459 suo
2499 2405 2607 2473 'm,
2658 2405 3051 2464 libentissime
3099 2408 3456 2481 suscipitur;
3492 2428 3680 2484 neque

2033 2491 2190 2546 enim
2224 2496 2388 2548 tanta
2407 2494 2652 2550 victoria
2671 2495 2985 2568 quisquam
3004 2513 3207 2571 regum
3225 2497 3380 2555 intra
3396 2501 3681 2559 ducentos

2034 2595 2224 2636 annos
2255 2581 2406 2649 (290)
2439 2586 2572 2638 ante
2601 2600 2736 2638 eum
2768 2585 3001 2641 fmtalus
3029 2591 3132 2640 est.
3172 2587 3340 2657 [Nam
3384 2589 3494 2661 ipsi
3527 2591 3680 2647 bello

2031 2666 2320 2740 Ungarico
2369 2671 2631 2740 aberant,
2679 2671 2982 2729 Slavanico
3014 2675 3104 2709 “3‘
3135 2677 3439 2731 certamini
3489 2695 3679 2734 rescr-

2030 2757 2146 2811 vati
2180 2758 2315 2829 ¹²³³.]

2101 2874 2192 2928 50.
2226 2874 2428 2946 Igitur,
2465 2880 2529 2931 ut
2559 2893 2738 2948 supra
2767 2877 3100 2946 retulimus,
3133 2877 3304 2934 cum_
3319 2880 3589 2936 deficeret
3621 2882 3678 2936 in

2033 2962 2259 3018 ratione
2293 2964 2592 3021 reddenda
2619 2970 2824 3022 contra
2852 2985 3026 3022 suum
3047 2973 3322 3040 patruum
3347 2969 3685 3026 Wicbman-

2032 3067 2165 3120 nus,
2198 3051 2354 3107 intra
2379 3051 2670 3126 palatium
2700 3056 3050 3113 custoditur.
3078 3057 3225 3112 Cum
3255 3060 3600 3114 verom‘rex
3623 3060 3680 3114 in

2032 3139 2358 3213 Bojoariam
2390 3142 2683 3213 proficisci
2716 3143 2892 3200 vellet
2923 3146 3095 3218 (291,)
3126 3147 3406 3203 simulata
3435 3148 3682 3204 infirmi-

262 3210 651 3303 incipiamus!
700 3230 772 3285 Et
817 3210 932 3285 his-
969 3210 1172 3296 dictis,
1216 3210 1447 3301 arrepto
1505 3227 1690 3298 clipeo
1721 3210 1810 3262 tm
1858 3242 1925 3282 ac
1955 3210 1998 3278 (Σ
2036 3210 2176 3296 tate,
2211 3229 2334 3301 ipse
2357 3210 2466 3284 iter
2481 3231 2746 3303 negavit;
2774 3210 3207 3290 unde‘mon'itus
3223 3235 3295 3290 ab
3312 3235 3680 3308 imperatore,

263 3338 441 3377 sacra
473 3318 696 3386 lancea,
731 3319 857 3391 ipse
887 3317 1116 3390 primus
1147 3334 1364 3390 equum
1393 3317 1454 3372 in
1485 3316 1686 3372 hostes
1730 3315 1925 3384 vertit,

266 3407 588 3468 fortissimi
622 3405 830 3463 militis
860 3423 926 3462 ac
947 3406 1155 3480 optimi
1175 3405 1547 3478 imperatoris
1562 3405 1823 3461 officium
1840 3421 1932 3477 ge-

266 3515 426 3556 rens.
455 3497 725 3553 Hostium
760 3495 1100 3551 audaciores
1123 3495 1214 3530 ¹²²⁰
1235 3494 1494 3566 primum
1515 3493 1790 3550 resistere
1815 3495 1927 3562 '9",

265 3587 488 3644 deinde
518 3590 585 3642 ut
613 3585 804 3642 socios
840 3584 1117 3641 viderunt
1167 3589 1332 3656 terga
1377 3587 1620 3650 vertere,
1653 3582 1928 3653 obstupe-

267 3675 412 3732 facti
446 3661 788 3746 no‘strisque
839 3672 1184 3739 intermixti,
1217 3671 1660 3743 extinguuntur.
1691 3670 1931 3726 Caetero—

266 3779 406 3819 rum
436 3779 575 3818 vero
608 3760 730 3831 alii,
764 3761 935 3834 equis
983 3759 1267 3834 fatigatis,
1297 3759 1466 3815 villas
1513 3759 1808 3832 proximas
1848 3759 1931 3815 in-

260 3857 448 3918 trant,
509 3849 979 3922 circumfusique
1040 3849 1306 3916 armatis,
1357 3865 1493 3904 cum
1553 3847 1925 3917 mwniis‘m,

266 3939 498 4012 pariter
531 3939 643 4004 "’3,
676 3942 1153 4003 concrementur;
1191 3935 1290 3992 alii
1333 3937 1551 3993 ﬂumen
1583 3937 1927 4009 contiguum

261 4033 739 4094 transnatantes,
772 4027 916 4082 dum
967 4026 1096 4098 ripa
1145 4025 1390 4082 ulterior
1419 4027 1510 4062 ¹²²⁴
1545 4027 1928 4083 ascendentes

257 4135 386 4174 non
405 4117 684 4184 sustinet,
714 4115 960 4172 flumine
981 4113 1371 4171 obvolvuntur
1389 4120 1446 4171 et
1467 4115 1816 4188 pereunLEo
1835 4115 1930 4172 die

257 4209 468 4262 castra
483 4205 706 4273 invasa,
722 4204 1056 4277 captivique
1077 4220 1283 4260 omnes
1303 4203 1486 4276 erepti
1507 4222 1520 4271 ;
1547 4203 1802 4260 secundo
1833 4203 1926 4258 die

261 4310 336 4350 ac
373 4293 544 4349 tertio
567 4309 603 4348 a
627 4292 842 4350 vicinis
861 4291 1111 4348 urbibus
1134 4291 1358 4365 reliqua
1381 4290 1698 4348 multitudo
1720 4290 1779 4347 in
1803 4295 1929 4347 tan-

2039 3315 2179 3388 quia
2209 3316 2528 3372 destitutus
2559 3335 2592 3373 a
2610 3323 2774 3389 patre
2806 3324 2863 3374 et
2893 3325 3079 3376 matre
3110 3321 3236 3378 loco
3268 3323 3521 3379 filiorum
3548 3342 3682 3381 eum

2039 3405 2428 3476 assumpserit
2445 3405 2882 3480 liberaliterque
2895 3409 3248 3479 educaverit,
3264 3410 3480 3466 honore
3501 3417 3684 3484 pater-

2039 3509 2113 3549 no
2144 3494 3003 3568 promoverit,rogatque'937,ne
3014 3499 3064 3553 ei
3081 3497 3409 3554 molestiam
3424 3501 3681 3570 inferret,

2037 3597 2174 3635 cum
2206 3580 2323 3636 alia
2353 3579 2525 3652 plura
2555 3587 2910 3656 gravaretur.
2946 3583 3032 3640 Ad
3063 3583 3182 3640 haec
3213 3585 3391 3642 nichil
3415 3587 3555 3642 utile
3586 3605 3685 3642 au-

2038 3668 2206 3724 diens
2235 3668 2552 3740 imperator
2581 3670 2875 3738 discessit,
2910 3673 3319 3729 commendato
3342 3690 3408 3730 eo
3427 3676 3684 3730 lboni'm

2037 3757 2258 3812 comiti.
2291 3756 2621 3830 Aliquantis
2653 3760 2860 3816 diebus
2885 3779 3019 3816 cum
3040 3779 3106 3816 eo
3129 3763 3367 3834 degens,
3393 3763 3534 3834 petit
3555 3771 3686 3834 post

2038 3845 2157 3901 haec
2211 3847 2459 3901 venandi
2516 3848 2706 3919 gratia
2761 3850 2853 3884 ¹²³⁹
2910 3849 3138 3926 silvam_
3179 3851 3262 3906 ire
3321 3853 3411 3886 ¹²⁴⁰
3464 3851 3680 3908 liceret.

2037 3933 2122 3990 Ibi
2151 3935 2235 3969 ¹²⁴¹
2269 3934 2644 3992 absconditos
2676 3937 2866 3992 socios
2899 3955 3099 3994 secum
3140 3957 3403 4010 sumens,
3435 3941 3686 4014 perrexit

2038 4023 2097 4078 in
2128 4023 2401 4096 patriam,
2433 4028 2490 4079 et
2517 4025 2816 4098 occupatis
2849 4027 2939 4061 ¹²⁴²
2971 4027 3270 4100 aliquibus
3301 4032 3390 4065 ¹²⁴³
3413 4031 3680 4101 urbibus,

2029 4113 2238 4184 juncto
2271 4112 2383 4168 sibi
2415 4113 2718 4182 Ecberhto,
2753 4131 2919 4171 arma
2948 4116 3130 4171 sumit
3158 4123 3360 4172 contra
3383 4117 3687 4190 imperato-

2045 4219 2190 4258 rem.
2223 4201 2520 4258 Industria
2548 4207 2744 4258 autem
2793 4203 2960 4259 ducis
3009 4203 3346 4260 Herimanni
3395 4207 3562 4264 facile
3587 4225 3686 4265 eos

2035 4291 2349 4364 oppressit,
2379 4295 2544 4347 trans
2584 4290 2931 4364 Albiamque
2954 4294 3044 4328 "“
3073 4293 3284 4366 coegit.
3318 4295 3405 4350 Illi
3453 4311 3588 4352 cum
3621 4314 3684 4353 se

260 4387 401 4438 tum
422 4384 776 4453 consumpta
791 4384 900 4450 est,
921 4385 987 4436 ut
1003 4378 1206 4437 nullus
1223 4384 1325 4436 aut
1343 4396 1510 4436 rarus
1526 4379 1796 4436 evaderet
1815 4381 1923 4451 ωδ,
1955 4365 2005 4432 D
2045 4379 2369 4436 sensissent
2389 4379 2521 4436 duci
2544 4380 2812 4436 resistere
2835 4397 2949 4437 non
2973 4399 3164 4455 posse,
3186 4365 3550 4441 sociaverant
3571 4382 3686 4442 sibi

1634 4531 1876 4589 VARIE
1914 4533 2333 4590 LECTIONES.

353 4659 513 4714 ""et
532 4661 903 4731 peremerunt
920 4661 975 4712 2.
1054 4658 1297 4715 1""deest
1312 4659 1378 4714 A.
1456 4659 1544 4694 ¹²⁰⁸
1574 4657 1719 4713 deest
1743 4661 1799 4713 2.
1877 4659 1966 4696 ¹²⁰⁹
1996 4657 2124 4715 inde
2154 4657 2219 4714 ab
2245 4657 2343 4713 hoc
2368 4668 2541 4763 capite
2568 4657 3132 4714 codicisnumericum
3149 4659 3679 4716 imiiccconveniunt.

354 4731 380 4763 θ
409 4729 696 4763 ara-nil“:
737 4731 765 4763 A
874 4730 958 4763 1211
993 4729 1232 4763 ολιηηιοη
1265 4731 1284 4763 4
1350 4729 1648 4763 atinas-unm
1683 4731 1716 4763 εὶ
1770 4729 1979 4763 ἶηυηοζι
2022 4730 2256 4763 ηᾹιωιι-..ηι
2297 4730 2326 4763 Δ
2454 4730 2522 4763 218
2550 4747 2677 4763 anno
2707 4734 2740 4763 ο
2838 4731 2926 4763 1213
2956 4729 3223 4763 Iun-utan.“
3278 4733 3298 4763 4
3435 4733 3522 4763 1218
3543 4732 3679 4763 ιιηηιιι

275 4731 380 4766 ⁸³η
409 4729 698 4786 exercitui
728 4731 795 4784 A.
874 4730 958 4764 ¹²¹¹
991 4729 1232 4786 adverso
1265 4731 1315 4784 1.
1349 4729 1652 4785 adversam
1682 4731 1736 4784 3.
1770 4729 1983 4785 invasit
2021 4730 2263 4786 adversa
2290 4730 2354 4783 A.

2454 4730 2522 4764 ²¹²
2550 4747 2677 4785 esse
2707 4734 2760 4784 2.
2838 4731 2926 4764 ¹²¹³
2956 4729 3224 4784 hortandi
3278 4733 3328 4785 1.
3435 4733 3522 4766 ¹²¹⁴
3541 4732 3684 4788 deest

271 4804 330 4857 1.
380 4799 507 4855 add.
569 4818 710 4856 suos
755 4801 810 4855 3.
889 4801 978 4835 ¹²¹⁵
1007 4807 1161 4856 esset
1183 4804 1238 4856 2.
1316 4801 1404 4835 ¹²¹⁶
1434 4800 1603 4856 bonis
1652 4801 1926 4872 operibus
1955 4802 2010 4856 3.
2089 4803 2175 4837 ¹⁰¹⁷
2206 4801 2312 4872 vici
2347 4799 2563 4872 ubique
2593 4805 2647 4855 2.
2727 4801 2814 4836 ¹²¹⁸
2844 4801 3089 4855 audacia
3117 4819 3218 4872 pro
3251 4819 3418 4856 muro
3448 4805 3512 4856 A.
3593 4805 3682 4838 “"9

265 4873 475 5000 gladio
503 4877 561 4927 et
590 4873 788 4953 clypeo
817 4873 871 4926 3.
951 4873 1038 4955 ¹ξ²⁰
1068 4871 1364 4952 auditores
1541 4873 1625 4907 ¹²²¹
1661 4871 1923 4927 restitere
1959 4875 2024 4926 A.
2057 4873 2112 4926 3.
2146 4871 2487 4927 restiterunt
2514 4874 2568 4926 6.
2648 4873 2738 4952 ‘f”
2768 4872 3038 4924 menibus
3191 4874 3246 4926 6.
3281 4943 3291 4954 ⁸
3327 4874 3414 4906 “’3
3445 4890 3679 4955 quoque

309 4987 328 4998 .
411 4943 767 4998 “"alterior
815 4944 839 4996 1
884 4941 1056 4997 altior
1081 4945 1147 4997 A.
1226 4944 1314 4978 me
1342 4943 1668 5000 discederet
1695 4945 1760 4998 A.
1839 4945 1927 4978 ωδ
1950 4943 2096 4998 deest
2151 4944 2201 4998 1.
2307 4943 2390 4976 ¹²²⁷
2423 4943 2540 4996 dux
2589 4959 2804 5000 (Iunone
2839 4944 2886 4995 1.
2965 4944 3051 4976 ¹²²⁸
3082 4941 3445 5000 vmcullsmte
3493 4944 3679 5000 lorica:

268 5018 312 5070 6

411 4944 503 4978 ¹²²⁸
529 4941 767 4998 ulterior
815 4944 839 4996 1
884 4941 1056 4997 altior
1081 4945 1147 4997 A.
1226 4944 1314 4978 ¹²²⁵
1342 4943 1668 5000 discederet
1695 4945 1760 4998 A.
1839 4945 1927 4978 ³⁷³³⁸
1950 4943 2096 4998 deest
2151 4944 2201 4998 1.

318 5057 334 5070 .
403 5016 497 5050 ¹²²⁹
525 5013 884 5069 uurmatiam
917 5015 968 5068 1.
1001 5013 1354 5069 vormaciam
1385 5015 1438 5069 3.
1517 5015 1605 5049 ¹²³⁰
1637 5013 1792 5070 mala
1833 5045 1902 5056 —-
1944 5014 2177 5071 multati
2231 5014 2427 5069 desunt
2476 5015 2527 5067 1.

2307 4943 2390 4976 ¹²²⁷
2423 4943 2540 4996 dux
2631 4942 2804 5014 uippc
2839 4944 2886 4995 1.
2965 4944 3051 4976 ¹²²⁸
3082 4941 3445 5014 vinculisque
3466 4941 3680 5000 'loricze

2307 5021 2427 5047 Μηιο
2476 5015 2495 5047 4
2589 4959 2688 5047 (1331
2723 5013 3012 5047 nrlnninnna
3075 5015 3258 5047 l'nnhu:
3302 5016 3322 5047 4
3435 5016 3522 5047 1232
3555 5017 3657 5047 ...Μ

2628 5015 2688 5046 ³³³
2722 5013 3014 5085 gloriosus
3073 5015 3260 5068 factus
3302 5013 3364 5068 1.7
3435 5016 3522 5049 ¹²³²
3551 5017 3677 5073 add.

267 5091 342 5165 ut
373 5087 452 5165 1.,
499 5084 770 5165 _‘_‘”_deest
793 5086 848 5165 3.
927 5071 1018 5120 “3‘
1046 5085 1380 5165 sclavqnico
1403 5087 1456 5141 3.
1534 5086 1795 5165 “mnam
1826 5086 1940 5165 ipsi
1970 5117 2039 5126 —-
2070 5085 2345 5165 reservati
2395 5083 2590 5165 desunt
2621 5071 2875 5165 tuique:
2920 5086 3169 5165 quamvis
3215 5085 3512 5165 ⁸ρέρδδιιιογῇἰ
3556 5071 3680 5144 icui-7

265 5157 402 5213 dam
431 5156 609 5229 tribui
629 5164 1062 5229 possent,_quum
1090 5164 1201 5229 tam
1222 5160 1276 5212 2.
1310 5157 1389 5229 (3)
1419 5172 1582 5229 quam
1610 5157 1672 5211 A.
1704 5155 2017 5229 exhilicaut,
2063 5158 2308 5229 omittere
2353 5155 2530 5229 nolui.

2635 5155 2939 5231 ‘fmjgitur
2984 5157 3050 5231 ᾼ.
3079 5155 3298 5231 3.ψ¹“ῗξ’⁷
3325 5163 3680 5231 rogatusque

261 5232 343 5309 2._
363 5297 378 5309 _
531 5223 769 5309 benef:
834 5223 938 5309 ff”
965 5232 1098 5309 post
1121 5227 1245 5309 huic
1275 5223 1514 5309 petit—ut
1538 5243 1697 5309 cum.
1716 5227 1972 5309 venandi
2005 5223 2192 5309 gratia
2347 5227 2445 5308 ξ’δο
2473 5225 2622 5309 inire
2649 5227 2704 5280 2.
2737 5223 2955 5281 intrare
2983 5227 3036 5280 3.
3116 5227 3199 5261 ¹²⁴¹
3233 5223 3432 5302 ibique
3460 5231 3514 5286 3.
3587 5223 3681 5266 1’“

259 5297 398 5356 add.
428 5297 513 5356 ibi
542 5299 598 5354 3.
675 5298 764 5334 “‘3
794 5295 1160 5370 aliquibibus
1191 5299 1241 5353 1.
1275 5295 1296 5300 ⁷
1319 5299 1411 5332 ¹²⁴⁴
1440 5296 1916 5371 transabiamque
1943 5295 2203 5354 Aftrans
2232 5295 2545 5368 Albimque
2575 5297 2628 5351 3.

1863 5429 2096 5487 NOTAE.

257 5556 496 5689 ⁷3ἕῖθο)
531 5556 936 5640 Widukindus
994 5556 1066 5613 de
1121 5554 1321 5640 Karoli.
1371 5553 1622 5638 Martelli
1678 5553 1919 5612 victoria

407 5628 481 5689 de
509 5629 846 5689 Sarracenis
874 5630 1170 5689 reportata
1197 5631 1486 5689 comtasse
1512 5627 1762 5686 Videtur.

407 5627 481 5689 de
509 5629 846 5691 Sarracenis
874 5630 1170 5706 reportata
1197 5627 1486 5706 cogitasse
1512 5627 1762 5686 videtur.

2099 5555 2248 5634 )291)
2282 5552 2568 5634 Loquitur
2597 5554 2668 5634 de
2697 5555 3062 5634 expeditione
3086 5573 3238 5614 anno
3257 5557 3382 5628 954,
3408 5557 3679 5634 Ungariis

2027 5625 2264 5703 fugatis,
2300 5625 2573 5702 suscepta
2601 5627 2672 5698 (ο.
2708 5625 2826 5699 3f.)
