4096 6174
360 320 479 382 215

1259 323 1580 386 JOANNIS
1621 319 1949 382 ABBATIS
1993 319 2056 381 S.
2104 321 2445 384 ARNULFI
2491 321 2874 386 METENSIS

3647 328 3775 390 216

355 453 610 526 virgines
637 455 908 528 praesenti
951 453 1212 528 exemplo
1246 473 1359 512 non
1389 455 1702 529 pulchrum
1737 453 1849 511 sibi
1877 470 2005 510 esse
2034 454 2090 522 Α
2118 455 2460 511 exstiterant
2487 455 2927 528 posthabitis,in
2951 458 3238 531 integram
3263 473 3400 515 cum
3422 461 3776 531 parentibus

253 560 258 570 ·
361 544 732 601 maritalibus
761 546 972 618 subjici
1000 545 1271 614 vinculis,
1307 562 1422 600 non
1475 546 1532 600 in
1565 544 2004 617 possessionum

359 621 888 705 amplitudine,non
916 633 972 688 in
1006 649 1304 689 servorum
1338 631 1803 705 ancillarumque
1821 633 2005 706 gregi-

357 720 612 789 bus,non
627 721 684 775 in
706 726 1186 778 ornamentorum
1210 721 1420 777 diversi
1444 721 1674 794 generis
1694 725 2000 794 apparatu,

359 825 475 864 non
505 809 563 863 in
593 825 1080 882 quorumcunque
1111 810 1562 883 obsequentium
1613 811 1814 867 cuneis
1845 809 2004 867 dele—

359 898 523 966 ctari,
559 915 692 953 cum
725 899 846 954 lizec
877 901 1076 956 omnia
1101 901 1279 956 variis
1309 901 1423 957 sibi
1468 901 1702 958 casibus
1737 918 1851 958 non
1880 901 2006 957 sine

360 986 547 1042 multo
578 988 784 1060 utique
814 989 1012 1044 dolore
1041 991 1305 1046 noverint
1330 991 1670 1059 amittenda,
1697 1008 1800 1047 nec
1833 991 2004 1063 quid-

361 1091 540 1147 quam
571 1093 772 1131 eorum
804 1094 864 1132 se
890 1079 1074 1133 morte
1105 1079 1304 1134 omnia
1343 1083 1756 1152 prorumpente
1787 1079 1872 1134 vel
1905 1097 2004 1134 co-

362 1163 558 1218 mitari
591 1164 872 1235 posse,vel
907 1167 1070 1236 sequi
1097 1183 1108 1222 :
1135 1167 1276 1239 quin
1297 1169 1492 1238 potius
1514 1185 1641 1240 quae
1673 1169 1865 1240 majus
1885 1185 2003 1224 om-

363 1251 538 1308 nibus
569 1257 660 1308 est
688 1253 911 1325 species
942 1255 1094 1311 beati
1141 1256 1404 1328 pudoris,
1435 1257 1550 1313 Deo
1606 1256 2006 1330 angelicisque

362 1341 532 1396 unice
562 1342 738 1398 chara
767 1345 1124 1416 agminibus,
1149 1361 1326 1418 super
1351 1345 1548 1402 omnia
1572 1345 1693 1401 haec
1723 1346 1929 1401 intima
1949 1351 2006 1402 et

361 1430 568 1485 mundi
616 1431 836 1487 caduca
892 1432 1320 1489 oblectamenta
1349 1435 1438 1489 sui
1473 1434 1656 1492 solius
1686 1434 2002 1508 voluptate,

362 1525 680 1594 sanctoque
709 1525 766 1577 et
793 1521 1168 1580 immaculato
1199 1523 1354 1580 allici
1384 1525 1691 1581 desiderio.

433 1612 484 1665 4.
519 1611 629 1667 Sed
661 1614 726 1666 ut
755 1615 942 1684 empta
959 1629 1294 1685 sequamur,
1324 1619 1596 1686 parentes
1627 1613 1882 1687 puellam
1914 1616 2002 1671 fu-

356 1699 612 1772 gientem
645 1718 675 1756 e
703 1701 946 1773 vestigio
978 1701 1414 1770 insecuti,facto
1445 1707 1769 1776 stupentes,
1803 1703 2004 1776 iraque

2115 547 2172 598 et
2201 544 2424 599 caeteris
2452 543 2622 600 rediit
2649 545 3259 617 gratiam.Attendant
3287 546 3382 603 hic
3403 547 3680 622 virgines,
3714 556 3779 607 et

2115 633 2402 689 castitatis
2431 634 2708 691 thesauro
2742 633 2888 689 nihil
2917 635 3032 691 Deo
3057 635 3287 708 gratius
3308 636 3398 693 vel
3425 637 3650 711 angelis
3680 640 3775 696 di-

2115 726 2284 777 scant
2313 720 2682 778 familiarius.
2716 720 3051 794 Virginitati
3081 723 3351 780 Christus
3389 725 3542 782 inter
3569 730 3779 786 omnia

2115 810 2282 866 adest
2313 810 2677 878 discrimina,
2703 810 2950 884 spiritus
2979 810 3244 869 cmlestes
3277 814 3363 868 uti
3393 831 3624 888 sponsae
3656 817 3777 874 im-

2115 899 2398 971 peratoris
2419 899 2510 955 sui
2543 899 2749 956 famuli
2783 899 3145 956 devotissimi
3175 903 3604 976 obsequuntur.
3637 906 3778 964 Haec

2115 986 2240 1043 sola
2257 988 2637 1045 immaculata
2651 990 2882 1062 Agnum
2901 991 3168 1062 sequitur
3189 992 3406 1065 ubique
3427 994 3780 1053 immacula-

2113 1079 2270 1131 tum:
2295 1082 2634 1150 quantoque
2655 1077 2706 1133 ei
2729 1077 2986 1133 adhaeret
3019 1078 3292 1148 vicinius,
3313 1085 3478 1138 tanto
3509 1083 3582 1140 ad
3615 1101 3780 1157 quae-

2111 1164 2256 1221 libet
2287 1166 2583 1239 postulata
2611 1167 2848 1223 auditur
2874 1165 3152 1223 velocius.
3177 1169 3321 1225 Ecce
3341 1187 3520 1242 quam
3551 1179 3776 1246 praesto

2114 1254 2251 1310 huic
2273 1255 2494 1312 ancillae
2515 1273 2633 1311 suae
2645 1254 3382 1330 gratiaillainzestimabilis
3398 1261 3604 1318 adfuit.
3617 1263 3778 1322 Vere

2114 1361 2294 1418 prope
2347 1345 2633 1402 Dominus
2679 1345 2956 1402 omnibus
3004 1347 3104 1418 qui
3154 1347 3518 1406 obtriverunt
3554 1368 3674 1422 cor,
3713 1355 3780 1410 et

2114 1450 2294 1506 prope
2325 1433 2603 1491 timentes
2625 1451 2760 1490 eum
2793 1433 3052 1491 salutare
3076 1434 3415 1508 ipsius.Quo
3435 1455 3568 1496 vero
3587 1444 3776 1513 putas

2114 1539 2211 1578 ore
2234 1540 2361 1580 eam
2381 1527 2521 1579 tunc
2552 1523 2610 1578 in
2641 1522 2877 1580 laudem
2909 1523 3001 1580 sui
3032 1524 3298 1597 erupisse
3327 1527 3635 1596 Creatoris,
3660 1534 3774 1587 aut

2114 1612 2286 1685 cujus
2317 1629 2526 1686 genere
2553 1611 2714 1668 vocis
2762 1611 3048 1685 hymnum
3097 1613 3494 1671 inaestimabili
3540 1616 3774 1677 fudisse

2114 1718 2248 1758 cum
2273 1701 2486 1774 jubilo,
2521 1718 2656 1758 cum
2687 1701 2887 1758 oculos
2917 1701 3066 1759 lucis
3095 1701 3258 1760 illius
3296 1703 3609 1762 invisibilis
3639 1710 3771 1764 tam

355 1789 859 1858 incensi,maxime
891 1807 1025 1846 cum
1055 1791 1418 1864 sponsalium
1449 1792 1782 1848 administri
1799 1793 2006 1867 sejcon-
2030 1827 2080 1894 Β
2114 1789 2340 1864 placide
2367 1791 2427 1847 in
2459 1807 2523 1848 se
2553 1791 2830 1864 dejectos,
2864 1794 2923 1848 et
2951 1807 3124 1848 aures
3149 1791 3284 1849 illas
3336 1794 3774 1854 secretissimae

353 1880 546 1952 questi
579 1879 817 1938 delusos
847 1881 1052 1937 acriori
1087 1881 1600 1938 instimularentur
1628 1881 1825 1939 dolore
1849 1899 1862 1951 ;
1891 1900 2000 1940 an-

351 1967 546 2026 cillam
577 1968 791 2025 Christi
823 1987 891 2025 ex
919 1986 1083 2026 sacro
1126 1970 1385 2044 confugii
1433 1970 1582 2040 loco,
1614 1971 1663 2028 si
1711 1989 1827 2044 qua
1877 1977 2001 2029 arte

345 2057 630 2128 valerent,
662 2059 1026 2115 conabantur
1081 2059 1442 2116 abstrahere.
1505 2061 1596 2117 Fit
1642 2062 1806 2135 jugis
1864 2066 2000 2118 ante

348 2149 566 2205 ostium
596 2148 734 2204 tedis
763 2151 976 2205 sanctae
1008 2149 1392 2221 pernoctatio,
1424 2149 1768 2223 intentaque
1788 2151 1881 2208 die
1902 2169 2000 2208 no-

347 2242 563 2310 ctuque
595 2238 942 2304 observatio,
977 2242 1043 2294 ut
1073 2236 1334 2310 qualibet
1365 2238 1512 2294 forte
1563 2239 1675 2296 sibi
1723 2240 1999 2299 facultate

347 2327 544 2384 oblata
571 2327 628 2383 vi
655 2328 943 2384 abducere
972 2331 1371 2400 properarent.
1405 2327 1603 2385 Puella
1648 2331 1998 2388 venerabilis

349 2417 560 2490 spiritu
591 2415 926 2484 robustiori,
961 2415 1275 2488 animoque
1305 2431 1368 2472 se
1397 2415 1690 2474 obstinato
1718 2418 1996 2476 immobi-

347 2505 463 2562 lem
495 2509 720 2576 tenens,
753 2511 820 2562 ut
849 2509 1220 2563 sacrosancto
1251 2505 1584 2562 adhmrebat
1611 2506 1802 2578 altari,
1834 2509 1997 2567 nulla

345 2593 484 2651 inde
506 2595 730 2652 ratione
747 2594 838 2651 vel
863 2597 1080 2668 puncto
1105 2593 1387 2666 temporis
1417 2593 1790 2668 aliquatenus
1811 2599 1998 2672 quivit

348 2681 538 2752 avelli,
571 2689 628 2740 et
655 2683 896 2754 (mirum
926 2683 1087 2739 dictu
1113 2683 1152 2752 Ξ)
1182 2699 1284 2740 sex
1313 2683 1609 2741 continuis
1639 2685 1848 2744 diebus
1877 2706 1997 2746 ma-

346 2787 494 2830 nens
523 2771 584 2829 in
613 2772 1002 2842 ecclesia,non
1021 2773 1194 2829 modo
1217 2788 1335 2828 non
1353 2787 1608 2845 egressa,
1623 2775 1725 2831 sed
1746 2779 1804 2832 et
1833 2779 1992 2834 omni

343 2877 586 2934 prorsus
606 2861 737 2919 cibo
760 2861 1016 2918 abstinet
1043 2866 1103 2919 et
1130 2867 1293 2934 potu.
1311 2861 1528 2918 Verum
1557 2863 1658 2936 qui
1678 2865 1780 2920 dat
1797 2882 1994 2925 escam

343 2954 504 3010 omni
535 2952 720 3022 carni,
751 2955 810 3007 et
835 2951 1022 3024 replet
1062 2968 1237 3009 omne
1293 2951 1512 3007 animal
1567 2953 1991 3029 benedictione,

343 3041 626 3100 famulam
655 3056 826 3097 suam
855 3041 1136 3096 humanis
1166 3041 1752 3108 frustratam,divinis
1772 3050 1994 3102 recreat

339 3130 912 3200 alimentis,eamque
941 3127 1213 3200 precibus
1233 3127 1490 3184 assiduis
1521 3129 1664 3185 coelo
1695 3130 1982 3189 intentam

2108 1880 2236 1936 voci
2264 1897 2383 1938 sum
2411 1883 2532 1936 tam
2565 1895 2810 1953 propere
2830 1881 3101 1954 cognovit
3129 1882 3666 1958 admotas,tamque
3687 1885 3774 1943 fa-

2109 1969 2204 2025 cili
2234 1969 2330 2024 via
2358 1985 2558 2042 preces
2587 1971 2755 2026 datas
2784 1970 3038 2040 effectui,
3071 1974 3140 2028 ut
3169 1969 3448 2044 angelum
3483 1978 3768 2032 sanctum

2109 2059 2220 2114 sub
2251 2059 2398 2131 ipsis
2448 2057 2788 2115 mortalium
2835 2059 3022 2117 oculis
3051 2061 3125 2117 ad
3169 2075 3235 2118 se
3263 2059 3682 2122 laetificandum
3708 2068 3773 2122 et

2108 2147 2530 2204 consolandum
2553 2149 2895 2222 praepotenti
2911 2150 3220 2222 majestate
3229 2150 3535 2209 advenisse
3543 2155 3772 2226 gaude-

2107 2236 2230 2292 ret?
2259 2234 2605 2309 Prophetica
2628 2237 2908 2294 nimirum
2950 2237 3361 2310 exsultatione,
3383 2240 3511 2313 jam
3529 2239 3772 2315 spensa

2107 2323 2359 2382 cmlestis
2411 2325 2637 2394 effecta,
2669 2325 2755 2382 uti
2804 2329 3034 2399 poterat
3082 2343 3150 2384 ac
3189 2327 3382 2386 dicere
3414 2345 3430 2384 :
3460 2329 3650 2388 Induit
3674 2347 3774 2392 me

2103 2416 2368 2471 Dominus
2396 2416 2710 2472 vestium
2737 2417 2931 2472 salutis
2961 2423 3013 2473 et
3041 2415 3357 2476 indumento
3373 2419 3614 2492 justam:
3640 2423 3765 2477 cir-

2103 2503 2377 2561 cunuiedit
2401 2521 2488 2560 me
2510 2503 2636 2576 (Isa.
2671 2521 2780 2574 LXI,
2817 2505 2931 2574 10).
2955 2505 3217 2578 Itemque
3243 2521 3381 2563 voce
3411 2507 3768 2569 universalis

2102 2591 2371 2649 Ecclesiae
2401 2609 2470 2649 ex
2501 2595 2751 2665 utroque
2799 2609 2942 2649 sexu
2989 2591 3242 2650 collectae
3294 2593 3396 2651 uni
3439 2595 3621 2669 capiti
3651 2613 3769 2654 suo

2103 2681 2536 2755 gratulabunda
2554 2681 2943 2755 proclamare:
2959 2681 3117 2739 Sicut
3131 2697 3326 2756 sponso
3345 2684 3766 2756 ἐθηρωαίίωίὴὶ

2102 2773 2348 2838 mitram,
2366 2779 2419 2828 et
2444 2773 2589 2828 sicut
2603 2786 2860 2844 sponsam
2886 2773 3106 2830 ornavit
3119 2785 3207 2829 me
3222 2779 3534 2830 ornamento
3565 2772 3732 2845 (ibid.
3744 2816 3760 2842 ,

2101 2861 2259 2932 iuxta
2289 2859 2451 2934 LXX).

2169 2951 2227 3006 6.
2260 2950 2458 3020 Beata;
2482 2949 2679 3021 itaque
2722 2948 2884 3022 virgo
2937 2965 3075 3006 cum
3113 2949 3204 3022 (ut
3243 2947 3606 3022 premissum
3631 2955 3758 3022 est)

2098 3038 2422 3096 visceribus
2452 3037 2700 3095 afﬂuens
2731 3037 2966 3110 pietatis
2995 3041 3240 3096 cunctos
3265 3037 3374 3096 sibi
3400 3037 3625 3112 pridem
3654 3039 3752 3095 in-

2100 3127 2298 3184 fensos
2326 3127 2504 3184 venias
2551 3125 2867 3183 clementer
2913 3126 3274 3197 admisisset,
3307 3131 3364 3184 et
3403 3127 3756 3200 parentibus

339 3218 604 3292 angelica
633 3197 916 3272 duntairat
941 3197 1228 3288 probatur
1275 3215 1504 3286 pavisse
1559 3218 1815 3276 refectio.
1845 3222 1984 3280 Fide
2011 3197 2058 3266 (ἶ
2097 3215 2441 3287 deincepsin
2453 3213 2614 3270 nullo
2636 3215 2948 3288 impatiens
2969 3215 3262 3289 placidam
3275 3233 3338 3273 se
3353 3197 3753 3288 subdidisset;

337 3308 560 3364 interea
585 3309 707 3362 tam
739 3305 1030 3360 constanti
1078 3303 1519 3376 perseverantiae
1565 3323 1684 3363 sua:
1715 3323 1985 3367 remune-

336 3396 623 3454 rationem
655 3393 920 3467 exigente
939 3391 1355 3448 consolationis
1375 3392 1746 3467 divinae,quaa
1777 3400 1984 3456 tandiu

243 3529 251 3534 ς
338 3487 700 3542 contractam
771 3483 988 3539 nubem
1081 3481 1348 3538 maeroris
1435 3481 1812 3556 abstergeret,
1883 3487 1984 3546 lux

338 3556 575 3645 repente
603 3573 771 3644 grata
820 3569 1201 3642 resplenduit.
1235 3569 1495 3627 Instante
1553 3588 1807 3646 namque
1853 3577 1980 3648 jam

335 3661 591 3734 septima
647 3659 740 3714 die
797 3675 925 3732 quae
975 3658 1281 3714 Dominica
1329 3663 1472 3728 erat,
1519 3675 1651 3716 ecce
1707 3663 1796 3718 vir
1851 3666 1980 3738 qui-

335 3751 474 3807 dam
499 3748 665 3806 vultu
697 3747 1368 3822 angelico,sequentibus
1387 3750 1584 3820 pueris
1606 3751 1835 3810 duobus
1856 3756 1981 3827 pul-

333 3839 638 3896 cherrimis
671 3837 782 3894 sub
811 3838 1078 3894 omnium
1106 3839 1421 3909 conspectu
1441 3838 1694 3907 advenit,
1728 3846 1977 3912 partem.

330 3944 443 4000 que
468 3926 670 3984 altaris
700 3943 817 4000 qua
841 3926 1004 4001 virgo
1025 3925 1428 3982 sacratissima
1455 3927 1737 3998 pudorem
1759 3933 1975 3990 tuendo

326 4018 647 4085 celabatur,
681 4019 840 4074 recta
867 4015 1190 4088 ingressus,
1221 4013 1508 4072 velamine
1530 4015 1589 4072 in
1611 4023 1827 4074 sanctae
1851 4036 1976 4092 spe-

323 4107 516 4163 cimen
527 4104 828 4178 religionis
838 4103 1214 4160 cernentibus
1227 4103 1454 4160 cunctis
1467 4105 1780 4179 B.virginis
1797 4113 1973 4182 caput

321 4192 712 4252 obnubit.Nec
737 4209 923 4260 mora,
953 4192 1140 4248 oculis
1161 4192 1685 4261 intuentium,cum
1717 4195 1812 4254 his
1839 4199 1969 4270 qui-

318 4283 432 4340 bus
461 4281 738 4354 apparuit
755 4279 1461 4353 sublatus,magnitudine
1485 4283 1620 4339 facti
1634 4287 1892 4358 ,stupore
1912 4291 1971 4344 et

318 4369 602 4428 miraculo
621 4368 870 4442 perculit
886 4368 1352 4436 universos,cum
1367 4373 1556 4426 terror
1569 4369 1694 4443 ipse
1713 4389 1812 4430 eos
1824 4390 1892 4430 ac
1915 4376 1966 4431 si

2095 3306 2168 3362 ad
2191 3304 2530 3378 praedictam
2557 3303 2800 3361 amitam
2818 3319 2987 3362 suam
3005 3303 3342 3362 Rothildam
3373 3319 3598 3379 magna
3619 3323 3756 3379 pro-

2093 3393 2295 3451 bitatis
2326 3391 2792 3450 fama'celebrem
2823 3410 3000 3466 quam
3025 3393 3087 3451 in
3116 3395 3370 3452 secundo
3390 3397 3524 3452 actu
3545 3395 3621 3452 de
3641 3412 3754 3452 nu-

2094 3481 2468 3558 ptiis,pudori
2492 3486 2782 3552 metuens,
2797 3499 2914 3539 non
2933 3483 3267 3540 contumaci
3287 3487 3484 3540 mente
3511 3483 3750 3558 refuge-

2092 3577 2202 3642 rat,
2227 3574 2354 3645 jam
2387 3571 2446 3628 in
2476 3571 2666 3645 gratia
2696 3576 2968 3644 percepta
3005 3588 3122 3629 non
3167 3571 3478 3630 minimum
3529 3587 3751 3646 gerens

2091 3661 2338 3731 fiduciae,
2371 3661 2639 3717 Treviros
2683 3665 2890 3733 sponte
2930 3659 3253 3718 contendit.
3286 3652 3370 3717 Ibi
3420 3676 3525 3734 pro
3565 3661 3748 3720 modo

2089 3749 2547 3808 conversationis
2592 3753 2854 3822 tempore
2895 3766 3013 3807 non
3043 3749 3230 3806 multo
3259 3752 3477 3817 exacto,
3506 3750 3748 3810 cunctis

2079 3841 2207 3912 jam
2238 3840 2528 3916 bonornm
2567 3837 2784 3895 studiis
2815 3853 3050 3894 morum
3081 3841 3440 3911 actuumque
3469 3841 3634 3894 statu
3664 3839 3744 3896 ad

2087 3943 2354 3986 normam
2367 3925 2618 3984 caelestis
2639 3926 2784 3983 disci
2790 3925 2962 4000 plinas
2973 3927 3260 4000 quidquid
3273 3926 3554 3984 divinitus
3565 3930 3624 3983 et
3633 3925 3746 3984 hu-

2085 4018 2346 4075 manitus
2363 4032 2528 4089 aequo
2549 4015 2829 4088 competit
2846 4019 2904 4072 et
2923 4015 3170 4074 honesto
3190 4015 3530 4088 plenissime
3551 4014 3739 4074 infor-

2084 4107 2472 4176 mata,urbem
2494 4103 2608 4163 sibi
2629 4102 2970 4176 patrociniis
2992 4103 3206 4160 divinis
3229 4103 3478 4160 amicam
3500 4103 3740 4162 Mettim

2082 4193 2479 4268 repetiit.Vitee
2510 4191 2666 4250 illico
2695 4192 2966 4250 arctioris
2997 4192 3454 4267 ingressum,cui
3469 4191 3599 4264 jam
3621 4193 3740 4250 du-

2079 4285 2220 4340 dum
2243 4287 2484 4340 sanctus
2501 4283 2631 4354 ejus
2661 4281 2906 4354 spiritus
2932 4285 3056 4338 toto
3086 4281 3378 4340 desiderio
3405 4281 3734 4354 aspirabat,

2077 4372 2422 4430 ancillarum
2453 4369 2668 4428 Christi
2691 4387 2759 4427 se
2783 4387 2920 4426 cum
2941 4385 3117 4444 grege
3141 4368 3384 4428 collecto
3412 4385 3655 4428 summa
3673 4371 3734 4427 vi

318 4459 564 4517 stolidos
593 4462 652 4514 et
680 4457 894 4514 mentis
923 4472 1119 4512 vacuae
1149 4457 1234 4513 sic
1264 4457 1636 4528 reddidisset,
1669 4465 1734 4517 ut
1776 4479 1965 4536 neque
2074 4465 2250 4534 atque
2269 4477 2378 4534 ope
2397 4459 2592 4517 nitens
2613 4459 2880 4532 arripuit.
2901 4459 3005 4515 Est
3022 4457 3186 4516 locus
3209 4457 3362 4516 infra
3383 4457 3601 4516 moenia
3628 4475 3736 4516 ur-

316 4547 802 4621 proloqui,neque
832 4545 1009 4614 unde,
1041 4549 1144 4601 aut
1173 4546 1274 4619 qui
1305 4551 1503 4604 essent
1531 4549 1631 4620 qui
1661 4556 1962 4622 venerant,
1992 4545 2164 4632 D‘bis
2185 4547 2890 4624 ipsius,jurehereditario
2911 4551 3054 4604 tunc
3075 4552 3386 4622 parentum
3406 4547 3731 4620 possessio,

315 4641 556 4711 possent
584 4634 862 4692 ediscere.
2071 4638 2418 4714 religiosiori
2449 4637 2744 4694 institutio
2785 4636 3105 4693 admodum
3134 4641 3522 4710 opportunus.
3556 4635 3734 4696 Hune

382 4726 438 4782 5.
470 4727 616 4782 Cum
642 4739 776 4780 vero
809 4728 943 4796 post
972 4723 1298 4780 discessum
1331 4728 1507 4781 tantm
1523 4726 1764 4784 visionis
1793 4730 1866 4785 ad
1899 4747 1961 4786 se
2070 4733 2276 4787 sancta
2294 4728 2456 4801 virgo
2477 4725 2693 4782 divinis
2717 4725 2926 4782 usibus
2953 4725 3110 4782 dono
3138 4725 3264 4782 dari
3295 4724 3410 4782 sibi
3437 4727 3730 4799 expostu-

2066 4817 2220 4886 lans,
2252 4833 2357 4873 nec
2387 4831 2552 4872 mora
2581 4813 2959 4886 paratissima
2987 4829 3190 4872 eorum
3218 4811 3571 4871 liberalitate
3589 4813 3731 4872 ade-

2063 4911 2233 4979 ptum
2255 4903 2681 4962 monasterium
2706 4901 3037 4975 puellarum
3058 4903 3160 4960 Dei
3182 4901 3353 4960 hodie
3373 4917 3563 4976 usque
3581 4901 3732 4960 insi-

2061 5009 2177 5069 gne
2192 4993 2437 5067 pulchro
2447 4991 2711 5050 material
2720 4991 2830 5049 iter
2841 4991 3048 5048 decore
3060 4991 3389 5049 construxit
3399 4989 3730 5064 pulchriori

2063 5081 2446 5139 nihilominus
2473 5081 2760 5138 virtutum
2792 5081 2997 5136 robore
3029 5079 3309 5138 nobiliter
3335 5078 3722 5153 gubernavit:

310 4815 523 4872 reversi
553 4817 818 4870 sanctam
858 4811 1145 4886 virginem
1175 4829 1242 4870 eo
1272 4813 1480 4870 habitu
1511 4819 1804 4873 astantem
1826 4834 1956 4892 per-

308 4903 622 4977 spicerent,
652 4902 819 4959 facile
851 4901 1382 4959 animadvertentes
1412 4902 1736 4976 angelicam
1775 4923 1954 4978 appa-

305 4994 496 5050 ruisse
526 4991 924 5066 przssentiam,
954 4995 1263 5064 totumque
1295 4992 1354 5047 id
1404 4992 1688 5050 divinitus
1735 4994 1952 5051 factum

303 5098 432 5138 esse
460 5083 615 5154 quod
643 5080 1084 5152 viderant,nihil
1115 5098 1230 5154 quo
1253 5081 1406 5138 ultro
1437 5083 1779 5139 resisterent
1807 5089 1950 5140 erat.

301 5172 557 5227 Tantum
589 5169 713 5226 solo
739 5169 1314 5244 strati,vestigiisque
1345 5171 1530 5226 beatae
1549 5171 1796 5244 virginis
1819 5175 1954 5229 sub-

301 5257 614 5331 missi,jam
627 5258 786 5314 omni
802 5257 1045 5313 feritatis
1063 5264 1291 5315 tumore
1305 5259 1630 5332 supplicem
1646 5261 1702 5316 in
1717 5266 1948 5334 gestum

299 5345 831 5417 converso,veniam
863 5345 1047 5401 solam
1080 5363 1182 5418 pro
1216 5346 1393 5404 illatis
1423 5353 1663 5405 exorant
1693 5351 1946 5421 injuriis.

299 5435 420 5490 Non
455 5438 580 5490 erat
609 5435 764 5506 apud
796 5451 895 5491 cor
926 5433 1019 5489 cui
1043 5433 1284 5506 spiritus
1305 5437 1538 5508 pietatis
1555 5441 1612 5492 et
1632 5455 1728 5494 rex
1749 5439 1948 5510 praesi-

298 5522 474 5578 debat
487 5522 981 5590 mansuetudinis,
997 5522 1094 5578 hic
1111 5521 1275 5578 labor
1291 5524 1549 5581 difficilis
1565 5527 1905 5600 indulgendi
1930 5544 1942 5582 :

299 5626 366 5666 ac
387 5614 628 5683 repente
643 5614 923 5688 tanquam
948 5609 1128 5671 nullis
1157 5609 1594 5684 laesa,omnibus
1616 5632 1858 5690 quaeque
1879 5631 1946 5673 ea

2061 5172 2120 5228 in
2135 5188 2254 5245 quo
2269 5187 2455 5245 usque
2467 5171 2540 5228 ad
2561 5173 2875 5227 centenum
2888 5185 3202 5226 numerum
3224 5166 3536 5242 collegium
3558 5165 3728 5225 Chri-

2060 5265 2150 5317 sto
2173 5259 2588 5316 famulantium
2619 5259 2919 5328 adunavit,
2939 5257 3112 5330 eique
3130 5255 3291 5314 omni
3319 5254 3637 5328 vigilanter
3655 5273 3724 5314 se

2059 5349 2302 5406 dulitate
2331 5347 2549 5404 institit
2576 5347 2848 5422 gloriosa.
2869 5347 3002 5412 Quae
3025 5346 3206 5418 hujus
3225 5345 3500 5416 deinceps
3521 5345 3720 5401 sancti

2059 5436 2395 5494 certaminis
2443 5435 2806 5492 conversatio
2853 5435 3048 5505 fuerit,
3081 5434 3183 5508 qui
3209 5433 3269 5490 in
3310 5431 3472 5489 omni
3501 5446 3722 5505 genere

2057 5525 2340 5599 spiritalis
2359 5524 2705 5581 incrementi
2725 5523 2775 5578 ei
2799 5523 3094 5596 profectus
3127 5520 3466 5596 quotidiano
3488 5537 3604 5576 usu
3622 5537 3720 5579 ac-

2058 5615 2322 5687 cesserit,
2353 5615 2462 5672 sub
2493 5630 2608 5686 quo
2659 5611 2982 5686 disciplina:
3013 5612 3205 5686 rigore
3233 5615 3292 5669 et
3316 5609 3512 5682 seipse
3540 5625 3715 5672 com-
