4098 6170
241 355 361 419 2η

1233 353 1337 418 DE
1378 355 1983 420 TRANSLATIONE
2024 355 2090 418 S.
2137 357 2664 421 GLODESINSIS.

3528 352 3648 422 218

244 491 553 565 presserit,
585 493 644 546 et
673 490 898 548 steteris
930 488 1167 561 superni
1200 489 1317 545 dux
1348 490 1503 545 facta
1548 489 1798 558 itineris,
1829 488 1888 544 in
1917 490 1975 556 Α
2002 495 2276 547 contactu
2301 492 2536 548 assiduo
2561 496 3033 565 corrumpantur,
3062 495 3377 549 attestante
3410 492 3519 549 hoc
3550 510 3644 549 ea-

245 599 308 637 se
337 581 493 653 quod
526 584 913 654 sequerentur
960 578 1317 650 praestiterit,
1370 584 1545 651 atque
1594 580 1643 634 ei
1698 579 1893 651 potius

246 687 425 743 quam
457 670 571 723 sibi
602 668 842 737 vixerit;
887 668 1001 723 ﬁde
1047 671 1223 739 atque
1264 667 1551 723 arbitratu
1600 686 1754 723 same
1804 669 1892 723 in-

246 758 799 833 telligentiae,quam
833 756 1068 829 scriptis
1084 757 1310 812 aestimo
1335 758 1891 814 commendandum.

248 847 656 903 Consideranti
691 846 848 902 enim
880 845 1185 914 attentius,
1210 845 1432 917 liquido
1464 851 1623 901 caret
1653 848 1805 919 quod
1830 848 1889 903 B.

248 938 413 1010 virgo
444 937 841 992 visitationem
871 934 1035 990 illam
1069 935 1127 989 in
1160 951 1221 989 se
1261 939 1382 989 tam
1415 952 1449 989 a
1496 935 1766 1007 Supernis
1796 936 1894 1007 ju-

246 1024 440 1079 cunde
472 1024 719 1078 ell‘usam
750 1041 866 1095 prae
898 1022 1082 1077 oculis
1103 1022 1295 1077 cordis
1326 1023 1602 1078 continue
1632 1041 1893 1093 versans,

249 1113 556 1168 exterioris
577 1112 769 1184 operis
800 1112 1231 1167 exsecutionem
1263 1112 1523 1168 interiori
1556 1130 1671 1169 non
1701 1113 1895 1185 dispa-

249 1220 375 1257 rem
408 1203 679 1257 servabat
709 1201 936 1258 fervori.

316 1295 371 1348 7.
411 1292 733 1364 Postquam
754 1291 909 1346 idem
928 1292 1353 1348 monasterium
1373 1293 1442 1347 ad
1464 1310 1775 1348 numerum
1801 1311 1901 1348 sex

247 1381 493 1438 illorum
529 1382 779 1450 dierum,
805 1382 1021 1454 quibus
1051 1381 1494 1453 praeparationis
1524 1386 1739 1437 sancta:
1758 1383 1900 1438 inte-

245 1471 487 1547 gritatis
519 1470 775 1526 mirabili
808 1469 909 1526 illo
941 1470 1001 1525 in
1033 1468 1281 1525 ecclesia
1311 1471 1621 1526 duraverat
1633 1471 1897 1543 jejunio;

247 1580 350 1619 sex
381 1562 526 1617 item
557 1577 743 1618 annos
767 1559 1012 1616 feliciter
1034 1564 1281 1631 rexerat,
1296 1561 1413 1617 Deo
1443 1561 1898 1634 hominibusque

244 1655 435 1726 grata,
449 1649 569 1705 vita
591 1665 821 1722 quoque
839 1653 897 1705 et
918 1648 1104 1722 signis
1133 1648 1449 1721 magnifica
1473 1668 1487 1717 ;
1523 1650 1581 1705 in
1615 1650 1899 1706 sanctita-

244 1740 326 1795 tis
357 1738 657 1811 proposito
688 1755 864 1794 cursu
898 1736 1150 1793 fideliter
1179 1741 1609 1807 consummato,
1624 1754 1900 1794 coronam

236 1828 506 1927 jus-titiae.
525 1831 872 1927 perceptura
887 1826 1201 1927 a.Dorni‘no.
1221 1826 1570 1927 Sponsoque
1581 1826 1681 1883 diu
1703 1827 1900 1925 cupito
1928 1861 1978 1927 Β

246 1915 470 1973 caelesti
482 1915 609 1988 jam
627 1914 905 1971 socianda
922 1915 981 1969 in
1000 1914 1279 1984 thalamo,
1294 1914 1676 1971 immaculata
1692 1914 1902 1988 migra-

245 2006 335 2061 vit
363 2023 399 2060 a
429 2003 640 2060 saeculo
670 2004 842 2073 (324).
876 2004 1091 2059 Totum
1122 2007 1403 2076 praeterea
1431 2003 1610 2075 hujus
1641 2004 1899 2076 spatium

249 2092 633 2149 mortalitatis
665 2091 908 2164 triginta
938 2108 1226 2147 annorum
1250 2108 1426 2147 cursu
1447 2108 1577 2147 eam
1598 2108 1901 2148 emensam

248 2198 383 2239 esse
414 2181 783 2238 conﬁrmant.
798 2180 913 2236 Nec
935 2197 1076 2236 sane
1089 2181 1159 2235 de
1171 2180 1358 2236 aetatis
1372 2179 1511 2253 quid
1537 2180 1903 2253 plenitudine

248 2270 887 2346 perquirendum,cum
919 2268 1207 2342 quidquid
1240 2269 1497 2326 fructum
1545 2287 1779 2327 annosa:
1812 2286 1901 2326 se-

250 2360 483 2418 nectuti
513 2362 673 2415 esset
701 2374 1101 2430 accessurum,
1130 2358 1238 2414 hoc
1288 2358 1447 2414 brevi
1496 2363 1907 2415 consummata

249 2450 404 2508 nihil
445 2451 727 2522 juventus
776 2449 1109 2506 detraxerit.
1138 2447 1278 2504 Sunt
1297 2448 1455 2504 enim
1478 2449 1651 2520 juxta
1671 2449 1907 2521 Sapien-

249 2542 430 2610 tiam,
459 2540 588 2595 cani
609 2555 797 2596 scmus
823 2539 1084 2609 hommis,
1113 2546 1164 2594 et
1191 2544 1322 2595 artas
1351 2540 1639 2594 senectutis
1670 2538 1761 2594 via
1809 2540 1908 2593 im-

249 2630 534 2686 maculata
562 2628 710 2702 (Sap.
729 2629 830 2700 ιν),
846 2628 996 2695 Quin
1028 2627 1228 2700 potius
1250 2642 1467 2701 magno
1488 2627 1591 2683 Dei
1625 2628 1776 2683 dono
1806 2627 1906 2699 ju-

253 2719 338 2775 sti
370 2722 589 2774 interna
600 2717 794 2791 quiete
805 2717 1022 2790 recepti
1045 2716 1267 2772 mundo
1288 2715 1526 2788 provide
1547 2716 1906 2772 subtrahun-

250 2812 379 2879 tur,
394 2820 468 2862 ne
496 2806 762 2861 videntes
793 2805 950 2862 mala
979 2822 1103 2879 quas
1136 2806 1289 2861 fiunt
1320 2805 1431 2861 sub
1461 2804 1602 2877 sole,
1617 2810 1719 2862 aut
1737 2806 1910 2862 inter-

250 2897 354 2953 nis
382 2894 693 2968 paululum
724 2896 1092 2951 remorentur
1122 2891 1377 2962 deliciis;
1410 2897 1513 2951 aut
1539 2892 1698 2949 vitiis
1720 2893 1909 2967 ipsius

252 2983 663 3053 mortalitatis,
678 3000 929 3056 quorum
941 2983 1066 3056 ipse
1079 2997 1310 3057 quoque
1321 2981 1608 3039 obnoxius
1625 2986 1715 3039 est
1725 2981 1908 3052 visus,

329 3139 486 3216 (324)
514 3141 737 3216 Nempe
763 3159 868 3216 vin
898 3141 1141 3216 Kalend.
1160 3141 1602 3216 _Aug.,quo‘die
1623 3140 1682 3196 in
1712 3140 1906 3216 Addit.

255 3214 339 3297 ad
368 3211 707 3297 Usuardurii
727 3217 786 3270 et
892 3214 1111 3297 Adonis
1124 3211 1537 3297 hlart'yrologio
1557 3211 1909 3297 interpolato

252 3285 710 3367 ejus_memoria
737 3284 1086 3367 celebratur.
1116 3284 1330 3358 Atzqu'o
1376 3284 1529 3341 anno
1580 3286 1640 3341 S.
1690 3284 1906 3340 Glode-

251 3356 711 3439 sindispbnsse
742 3357 991 3439 dicenda
1016 3360 1108 3439 est
1125 3357 1153 3413 ‘2
1175 3357 1343 3439 Certe
1368 3373 1606 3439 annum.
1749 3356 1907 3439 haud

250 3427 582 3510 excessisse
618 3427 870 3484 videtur.
922 3428 1147 3510 Quippe
1193 3427 1510 3510 tricenaria
1556 3427 1724 3510 obiit,
1754 3431 1908 3510 post-

296 3515 438 3554 uam
470 3501 639 3571 pater
662 3513 736 3571 ea
764 3498 944 3555 semel
975 3498 1279 3571 etiiterum
1320 3498 1546 3571 nuptiis
1578 3498 1899 3571 devoverat.

344 3587 405 3625 ω
457 3568 736 3626 secundis
784 3568 1158 3643 sponsalibus
1207 3568 1487 3626 nuntium
1535 3568 1783 3637 remisit,
1828 3569 1907 3625 vi-

2005 579 2137 634 dem
2180 580 2516 652 Sapientia:
2558 583 2783 654 Raptus,
2818 582 3031 654 inquit,
3060 599 3129 638 ne
3156 583 3375 638 malitia
3413 590 3649 639 mutaret

2002 684 2223 723 sensum
2250 670 2387 741 ejus,
2418 677 2515 725 aut
2540 668 2691 741 ﬁctio
2715 670 2982 742 deciperet
3008 673 3253 726 animam
3283 672 3439 727 illius
3459 672 3643 741 (Ibid).

2006 757 2206 813 Funus
2238 758 2459 813 interea
2483 774 2551 813 ex
2581 758 2961 832 consequenti
2998 760 3194 813 debito
3230 760 3446 815 honore
3478 778 3645 816 cura-

2005 849 2119 911 tur,
2137 850 2194 901 et
2225 848 2295 901 de
2326 864 2485 902 more
2518 865 2552 902 a
2582 865 2643 903 se
2677 850 2732 903 in
2766 848 2969 903 eodem
3003 850 3491 921 monasteriojam
3512 850 3646 905 inde

2006 934 2079 989 ab
2112 935 2278 991 initio
2301 936 2573 991 instituto
2604 954 2814 1009 corpus
2849 939 2921 991 ad
2962 928 3265 993 basiliCam
3308 943 3645 994 sanctorum

2006 1024 2403 1094 apostolorum
2417 1024 2756 1097 haudlonge
2778 1027 3115 1081 ammnibus
3139 1026 3300 1081 urbis
3323 1029 3392 1081 ad
3418 1032 3645 1098 portam

2006 1114 2313 1169 meridiem
2343 1131 2546 1170 versus
2578 1115 2834 1182 effertur,
2859 1118 3033 1187 atque
3065 1115 3143 1169 ibi
3179 1116 3237 1169 in
3260 1120 3460 1188 crypta
3478 1116 3647 1189 longe

2006 1202 2251 1257 inferius
2274 1203 2541 1258 demersa
2562 1203 2634 1257 ad
2657 1201 2811 1257 latus
2834 1201 3138 1258 sinistrum
3163 1203 3643 1275 deponitur.Nam

2008 1291 2115 1345 hoc
2156 1291 2312 1346 idem
2357 1290 2487 1363 ipsa
2532 1291 2730 1346 vivens
2764 1295 2827 1345 ut
2861 1291 3023 1345 fieret
3045 1292 3310 1363 jusserat
3345 1309 3358 1348 :
3393 1309 3460 1348 eo
3493 1293 3648 1363 quod

2007 1380 2407 1436 cmmeterium
2439 1385 2775 1437 sanctarum
2800 1380 3127 1452 puellarum
3156 1382 3421 1452 ejusdem
3454 1381 3560 1437 loci
3589 1381 3647 1435 in

2007 1469 2285 1541 praedicta
2306 1468 2701 1540 apostolorum
2732 1468 2978 1525 ecclesia
3010 1473 3148 1525 tunc
3178 1472 3458 1543 temporis
3478 1472 3651 1528 habe-

2008 1562 2196 1613 retur:
2218 1558 2469 1613 necdum
2497 1558 2647 1627 (325)
2678 1569 2889 1630 cerpus
2918 1556 3328 1631 gloriosissimi
3362 1561 3651 1618 confesso-

2008 1646 2089 1702 ris
2119 1646 2335 1702 Christi
2355 1644 2601 1713 Arnulfi,
2619 1662 2792 1718 quem
2810 1652 2943 1719 post
2956 1646 3142 1704 multa
3157 1647 3363 1704 exinde
3388 1652 3651 1721 tempora

2009 1735 2241 1809 magnis
2270 1734 2400 1790 vitae
2433 1738 2491 1790 et
2512 1734 2798 1791 virtutum
2831 1735 2911 1790 ibi
2942 1740 3173 1793 constat
3201 1737 3484 1793 enituisse
3507 1737 3648 1793 insi-

2008 1825 2249 1900 gnibus,
2280 1825 2484 1881 eadem
2517 1823 2764 1879 ecclesia
2793 1829 3041 1898 augusto
3072 1830 3160 1895 (ut
3192 1844 3347 1882 nunc
3369 1828 3651 1898 cernitur)

2009 1913 2238 1970 tumulo
2269 1912 2646 1985 suscepisset.
2662 1912 2825 1968 Unde
2848 1912 2984 1969 huic
3006 1913 3132 1970 loco
3155 1920 3359 1987 postea
3375 1920 3494 1972 tam
3513 1934 3652 1989 pro-

2007 2008 2138 2077 pter
2167 2003 2371 2059 crebra
2398 2001 2687 2058 miracula
2715 2002 2868 2075 ejus,
2899 2020 3076 2075 quam
3107 2009 3347 2077 propter
3376 2004 3651 2062 nobilita-

2008 2096 2127 2147 tem
2156 2090 2386 2165 generis
2417 2092 2546 2164 ejus
2575 2108 2788 2147 nomen
2816 2092 3093 2161 inditum,
3128 2110 3232 2149 nec
3263 2099 3652 2168 praeterquam

2010 2181 2165 2237 beati
2199 2181 2384 2253 ipsius
2416 2180 2700 2236 antistitis
2723 2181 2979 2251 nomine,
3006 2182 3185 2239 ullius
3216 2182 3459 2240 alterius
3491 2202 3655 2241 sanc-

2010 2270 2053 2325 ti
2086 2270 2241 2342 apud
2270 2269 2511 2343 vulgum
2542 2269 2622 2325 ibi
2658 2273 2896 2326 notatur
2925 2272 3224 2329 memoria.
3244 2272 3461 2330 Mansit
3488 2291 3656 2331 vene-

2012 2359 2195 2416 rabile
2224 2360 2440 2433 pignus
2468 2375 2572 2432 per
2599 2376 2784 2415 annos
2815 2360 3047 2416 circiter
3073 2362 3279 2435 viginti
3314 2367 3372 2418 et
3393 2363 3655 2436 quinque

2014 2449 2075 2504 in
2106 2450 2311 2505 eodem
2342 2447 2467 2504 loco
2494 2448 2553 2503 in
2584 2464 2725 2521 pace
2755 2448 3075 2520 sepultum,
3101 2449 3311 2522 spiritu
3344 2452 3497 2508 inter
3518 2470 3657 2525 pra:-

2015 2538 2137 2593 mia
2165 2536 2508 2593 aeternitatis
2550 2536 2710 2593 omni
2751 2537 2879 2608 jam
2929 2538 3211 2610 temporis
3261 2542 3657 2600 mutabilitate

2016 2628 2262 2683 subacta
2293 2625 2404 2698 ipsi
2437 2626 2533 2698 qui
2565 2642 2696 2681 vere
2726 2625 2888 2683 solus
2912 2627 3090 2683 habet
3120 2626 3657 2702 immortalitatem,

2016 2719 2076 2771 et
2104 2714 2295 2771 lucem
2333 2714 2558 2770 habitat
2603 2712 3093 2783 inaccessibilem,
3125 2714 3479 2785 adhaerente,
3508 2718 3657 2773 vita-

2018 2820 2130 2878 que
2160 2819 2227 2860 eo
2254 2819 2387 2859 vere
2419 2801 2849 2870 immortaliter,
2882 2817 2997 2875 quo
3028 2802 3496 2873 immutabiliter,
3521 2822 3657 2862 cum

2017 2894 2145 2967 ipso
2192 2892 2547 2965 perfruente,
2580 2890 2673 2947 cui
2723 2889 3173 2961 immortalitati,
3217 2891 3496 2948 invisibili
3549 2893 3658 2951 soli

2018 2981 2135 3038 Deo
2166 2980 2352 3036 honor
2380 2982 2437 3035 et
2464 2976 2652 3053 gloria
2681 2978 2741 3034 in
2772 2977 2987 3036 saecula
3011 2979 3382 3037 saeculorum.
3413 2982 3621 3038 Amen.

2020 3138 2169 3214 ginti
2199 3138 2436 3214 circiter
2452 3142 2846 3214 annosnata
2892 3142 3022 3214 erat
3057 3140 3425 3214 vivoggadhuc
3473 3147 3661 3214 patre,

2060 3227 2197 3267 uem
2229 3227 2382 3266 anno
2409 3210 2516 3265 698
2546 3210 2901 3266 exstinctum
2944 3210 3126 3267 fuisse
3175 3211 3452 3270 diximus.
3473 3210 3661 3272 l’orro

2067 3324 2080 3337 .
2112 3281 2482 3338 Glodesindis
2513 3286 2648 3338 ante
2678 3282 2737 3338 S.
2787 3281 3099 3339 Arnulfum
3148 3301 3301 3341 anno
3351 3286 3508 3342 circa
3552 3288 3661 3343 640

2018 3358 2318 3410 mortuum
2350 3353 2623 3409 decessit.
2650 3353 2737 3409 uti
2763 3358 2966 3410 auctor
3038 3355 3171 3410 aulo
3203 3355 3355 3413 infra
3384 3358 3587 3414 tradit.

2087 3426 2240 3481 (325)
2270 3424 2373 3480 Hic
2402 3423 2565 3480 locus
2594 3424 2765 3481 aliter
2795 3426 2949 3481 apud
2984 3371 3283 3481 Eabbeum
3314 3428 3568 3481 legitur:

2087 3426 2240 3503 (325)
2270 3423 2565 3503 Iliclocus
2594 3424 2765 3503 aliter
2786 3426 2949 3503 _apu_d
2984 3423 3283 3503 Labbeum
3314 3428 3568 3503 legitur;
3602 3432 3663 3485 at

2016 3494 2267 3553 Suriana
2290 3494 2462 3553 lectio
2484 3494 2851 3569 praferenda'
2868 3497 2995 3553 visa
3014 3502 3125 3553 est.

1671 3896 2250 4013 HISTORIA

867 4142 1772 4232 TRANSLATIONIS
1826 4141 2282 4230 SANCTfE
2336 4139 3092 4231 GLODESINDIS

1635 4307 1959 4349 ABBATISSE
1994 4308 2292 4361 METENSIS,

1176 4418 1432 4480 Auctore
1458 4417 1689 4480 Joanne
1715 4417 1925 4482 abbate
1948 4420 2144 4481 sancti
2164 4419 2418 4501 Amulﬁ
2445 4421 2742 4486 Metensis.

1267 4552 1453 4625 (Apud
1488 4550 1735 4622 Mabill.,
1766 4552 1907 4609 Acta
1937 4552 2039 4609 ss.
2074 4552 2215 4609 Szec.
2243 4551 2310 4609 ν.
2343 4569 2476 4628 pag.
2508 4556 2660 4630 435.)

1760 4788 2161 4861 MONITUM

320 4960 472 5040 Tres
501 4958 779 5040 leguntur
807 4960 865 5016 in
899 4961 1163 5040 subjecto
1178 4961 1395 5040 libello
1416 4966 1631 5019 sanctaa
1671 4963 2044 5040 Glodesindis
2086 4965 2347 5040 corporis
2394 4966 2812 5040 translationes
2843 4983 2857 5022 :
2891 4967 3083 5040 prima
3110 4968 3322 5024 saaculo
3353 4986 3454 5026 vm
3487 4970 3660 5040 facta,

248 5029 890 5115 anno‘incertomltera
918 5029 1071 5089 anno
1098 5035 1206 5090 830
1232 5050 1335 5107 per
1358 5034 1689 5107 Drogonem
1719 5034 2146 5107 episcopum,in
2169 5029 2339 5107 cujus
2363 5037 2659 5111 epitaphio
2685 5038 2857 5095 istius
2878 5029 2960 5093 rei
2983 5039 3329 5096 memoriam
3359 5029 3664 5115 consigna;

252 5106 383 5157 tam
411 5101 544 5175 lego
570 5101 664 5158 his
692 5102 960 5160 versibus
988 5121 1002 5160 :

1349 5202 1817 5267 IstegGloﬁdesindis
1860 5202 2172 5267 solemniter
2210 5219 2333 5255 ossa
2362 5206 2580 5267 levavit,

1442 5265 1829 5329 Condigneque
1859 5265 1978 5315 loco
2009 5267 2249 5318 condidit
2272 5267 2484 5317 eximio.

247 5376 338 5455 Ad
356 5375 526 5455 hanc
555 5393 685 5451 quae
715 5379 1032 5455 solem‘nior
1053 5380 1342 5455 _fu_it_alias
1369 5382 1518 5436 duas
1548 5396 1816 5455 revocare
1845 5379 2037 5436 visum
2066 5384 2176 5449 est,
2198 5398 2418 5455 nempe
2448 5399 2577 5438 eam
2608 5399 2786 5455 quam
2818 5383 3027 5455 saeculo
3059 5402 3159 5441 vm
3182 5386 3396 5441 factum
3417 5387 3532 5442 dixi
3561 5392 3656 5455 ;et

250 5449 515 5518 tertiam,
549 5449 680 5523 qua
708 5466 862 5507 anno
884 5452 985 5507 951
1018 5451 1091 5508 ab
1109 5452 1471 5509 Adalberone
1501 5452 1773 5527 episcOpo
1804 5456 2009 5508 curata
2038 5457 2145 5508 est.
2181 5449 2398 5513 Omnes
2427 5449 2681 5526 sequeris
2700 5454 2936 5515 libellus
2967 5461 3410 5521 commemorat.

1756 5608 2154 5622 Μ
