4096 6174
427 345 544 410 219

1318 348 1642 414 JOANNIS
1686 348 2014 410 ABBATIS
2060 349 2124 408 S.
2170 346 2511 410 ARNULFI
2557 346 2944 410 METENSIS

3716 348 3845 413 220

1478 587 2104 678 PROLOGUS
2176 588 2806 679 AUCTORIS.

496 801 544 853 1.
581 799 852 852 Partibus
885 796 1091 868 primis
1124 800 1421 864 gestorum
1474 812 1649 849 sacrae
1697 794 1962 866 virginis,
1997 799 2063 849 ut
2092 795 2148 862 Α
2177 794 2368 862 ritate,
2401 795 2630 851 Christo
2669 795 2915 850 Domino
2969 799 3168 850 nostro
3219 795 3448 866 praevio,
3485 797 3842 868 meritisque

423 886 651 940 dicendi
685 885 916 940 siccitas
945 885 1296 955 patiebatur,
1327 901 1395 937 ex
1425 889 1684 938 veterqu
1713 882 1943 937 illarum
1978 882 2067 937 lit-

421 981 678 1030 terarum
722 975 837 1029 situ
874 974 930 1027 in
966 990 1110 1027 nova
1140 973 1391 1045 quadam
1426 973 1570 1028 faeie
1603 973 1718 1027 Deo
1752 971 2065 1027 miserante

422 1065 703 1131 reductis,
757 1063 1098 1134 priusquam
1151 1061 1392 1133 reliquis
1441 1061 1817 1133 expediendis
1867 1078 2062 1115 succe-

421 1154 578 1219 dam,
613 1151 973 1216 lectorem,si
1005 1151 1137 1222 quis
1169 1153 1313 1205 forte
1345 1151 1463 1205 lure
1487 1150 1542 1204 in
1579 1167 1788 1205 manus
1812 1155 1943 1220 post
1965 1149 2066 1204 illa

421 1258 654 1296 sumere
685 1255 796 1294 non
851 1240 1131 1304 fastidiet,
1165 1241 1317 1294 bona
1365 1239 1533 1294 venia
1583 1237 1783 1310 paucis
1831 1243 2061 1292 oratum

417 1331 568 1398 volo,
594 1347 664 1384 ne
698 1347 790 1383 me
823 1328 987 1400 quasi
1027 1328 1398 1382 temerarium
1433 1327 1795 1382 et-omnibus
1821 1326 2060 1380 forsitan

420 1419 588 1474 seriis
616 1434 866 1474 vacuum
900 1417 1114 1472 mentis
1133 1417 1384 1488 quadam
1419 1415 1723 1471 nobilitate
1746 1416 1816 1470 ad
1835 1415 1955 1470 haec
1973 1415 2065 1470 dc-

420 1510 617 1562 notem
650 1504 1348 1578 prorupisse,causasque
1371 1520 1534 1576 aequo
1574 1503 1770 1556 animo
1812 1518 1927 1557 non
1968 1519 2061 1556 as-

418 1599 694 1668 pernetur
713 1595 1034 1650 addiscere.
1054 1593 1115 1647 ln
1136 1592 1344 1664 primis
1385 1609 1562 1664 quam
1585 1590 1818 1647 exordio
1848 1591 2064 1662 profes-

417 1702 521 1741 sus
570 1701 725 1755 sum,
758 1697 1002 1757 quaeque
1049 1680 1273 1736 czeteris
1326 1681 1730 1753 praeponderat
1775 1679 2060 1752 flagitatio

416 1779 754 1832 sanctarum
794 1773 1047 1828 nimium
1087 1772 1443 1842 importuna,
1479 1769 1800 1840 eademque
1831 1767 2064 1822 diutina

417 1865 652 1936 subegit
674 1878 964 1930 sororum,
988 1860 1049 1916 in
1071 1860 1288 1932 quibus
1313 1859 1616 1931 quidpiam
1657 1859 1942 1930 denegare
1983 1857 2063 1912 of-

417 1954 592 2008 fensze
614 1966 759 2024 pene
777 1949 1086 2004 videbatur
1107 1948 1163 2002 in
1191 1949 1397 2003 Deum.
1413 1947 1632 2003 Deinde
1666 1945 1914 2001 materia
1936 1949 2058 2000 tam

415 2040 843 2115 perspicabilis,
858 2054 1035 2110 quam
1057 2037 1264 2092 merito
1287 2037 1378 2091 sui
1402 2034 1906 2108 praestantissimis
1928 2033 2056 2106 qui-

415 2132 643 2203 busque
673 2129 875 2198 (libere
919 2126 1443 2199 pronuntiaverim)
1463 2123 1839 2198 cochuanda,
1871 2123 1929 2177 in
1964 2122 2054 2176 sui

415 2217 985 2275 commendationem
1008 2232 1110 2288 per
1129 2215 1325 2287 seipsa
1363 2213 1964 2279 sufﬁciens,animum
1996 2211 2055 2266 in

415 2324 476 2363 se
489 2310 611 2362 tota
631 2305 952 2376 cupiditate
979 2303 1279 2358 convertit.
1297 2303 1412 2357 Nec
1433 2301 1725 2373 scriptura
1742 2299 2058 2372 illaquam-

411 2396 498 2451 vis
520 2394 716 2450 silenti
742 2393 960 2448 feratur
981 2395 1236 2458 auctore,
1251 2390 1472 2445 viribus
1495 2406 1688 2444 rerum
1711 2387 1933 2461 aliquid
1956 2388 2054 2443 de-

412 2483 756 2551 trahit,cum
775 2480 999 2536 semine
1017 2477 1248 2551 utrique
1267 2495 1332 2534 ac
1350 2479 1397 2532 si
1418 2495 1547 2532 raro
1564 2494 1801 2549 aspersa
1811 2493 1926 2532 non
1946 2481 2058 2532 ste-

412 2573 582 2628 rilem
614 2571 832 2626 usibus
866 2569 1086 2624 nostris
1121 2567 1178 2622 in
1230 2567 1588 2622 immensum
1629 2566 2052 2621 extendendam

413 2676 663 2718 messem
678 2656 1240 2731 produxerit.Neque
1253 2654 1408 2710 enim
1427 2655 1601 2710 refert.
1619 2655 1820 2726 quovis
1839 2653 2054 2708 indicio

411 2767 481 2805 ex
496 2761 844 2821 quacunque
863 2743 1172 2800 cavernula
1187 2759 1423 2816 gemma
1446 2742 1842 2814 pulcherrima
1865 2747 2052 2798 extra-

410 2838 604 2904 hatur,
619 2834 938 2891 dummodo
961 2833 1265 2889 avaritiam
1286 2829 1623 2886 mortalium
1636 2847 1748 2886 usu
1761 2829 2055 2903 expleatet

407 2927 632 2982 decore.
648 2924 718 2980 Et
732 2922 1009 2996 quoniam
1023 2921 1168 2977 tanti
1187 2920 1358 2994 pretii
1379 2920 1627 2993 margari
1639 2919 2054 2992 tam.pluribus

408 3013 682 3088 pretiosis
695 3011 904 3068 merito
917 3011 1338 3084 praeferendam
1353 3008 1640 3064 intervitze
1655 3008 1832 3079 hujus
1851 3025 2052 3063 aerum-

407 3120 513 3159 nas
531 3099 889 3172 multiplices
911 3098 1242 3153 inﬁrmitati
1266 3100 1476 3152 nostrae
1499 3094 1774 3152 solatium
1793 3100 1913 3152 tam
1935 3095 2056 3150 effi-

406 3210 511 3248 cax
551 3189 748 3245 divina
786 3185 1057 3258 praestitit
1094 3185 1304 3257 pietas,
1338 3185 1647 3260 indignum
1696 3183 2053 3240 omnimodis

395 3275 826 3353 judicabam,si
860 3275 932 3330 ad
990 3278 1216 3330 tantam
1267 3272 1519 3346 gratiam
1553 3273 1766 3346 linguae
1789 3275 2056 3346 improba

403 3373 461 3424 et
489 3367 723 3439 ingrata
751 3369 1048 3436 torperent
1078 3362 1416 3430 silentia,ut
1447 3361 1494 3417 si
1529 3379 1645 3417 non
1679 3367 1900 3435 quanto
1935 3363 2055 3435 dig-

404 3472 548 3513 num
583 3458 739 3509 esset
767 3452 981 3525 eloquii
1015 3451 1226 3517 nitore,
1259 3451 1445 3506 oratio
1477 3456 1678 3522 posset
1707 3451 1930 3519 vestiri,
1953 3468 2059 3506 nu-

403 3545 515 3600 dus
546 3543 754 3600 saltem
787 3522 978 3597 sermo
1003 3544 1322 3612 praestaret,
1355 3556 1427 3595 ne
1459 3539 1640 3608 salus,
1674 3557 1800 3612 quae
1829 3544 1954 3595 erat
1984 3539 2043 3595 in
2075 3522 2118 3590 C

401 3649 734 3698 commune,
765 3632 1061 3686 videretur
1092 3629 1440 3686 mortalibus
1463 3629 1795 3685 intercludi.

469 3728 524 3779 2.
559 3723 684 3778 Non
715 3727 912 3778 autem
940 3721 1159 3777 certius
1190 3736 1297 3774 nos
1346 3719 1569 3792 aliquid
1626 3718 1908 3774 allaturos
1939 3719 2048 3775 hac

400 3812 601 3884 scripti
649 3811 904 3866 novitate
922 3811 1389 3882 fatemur,neque
1409 3808 1566 3864 enim
1591 3807 1847 3863 inactam
1897 3807 2046 3863 ordi-

400 3918 535 3956 mur
563 3915 707 3968 rcm,
742 3917 876 3957 cum
908 3892 1118 3954 alienis
1150 3902 1381 3953 tantum
1403 3896 1666 3969 vestigiis
1699 3895 2042 3952 innitamur.

399 3991 511 4046 Sed
541 3989 819 4062 quoniam
848 3986 1093 4043 historia
1123 3985 1225 4041 illa
1262 3985 1444 4040 beatae
1474 3985 1721 4057 virginis
1763 3984 2042 4056 simplici,

398 4084 464 4133 ut
494 4077 641 4132 forte
671 4076 996 4149 antiquitas
1021 4075 1092 4130 de
1124 4078 1359 4146 repente
1391 4073 1692 4129 mandavit
1724 4073 2041 4140 memoriae,

397 4163 551 4237 stylo
582 4168 885 4236 compacta
911 4162 1085 4235 vulgo
1106 4161 1297 4217 solum
1328 4165 1451 4217 erat
1479 4161 2044 4228 accommoda;con-

399 4253 724 4310 siderantes
729 4253 856 4324 jam
869 4251 1099 4307 Christo
1113 4249 1363 4322 propitio
1376 4249 1573 4321 plures
1597 4249 2041 4322 disciplinarum

397 4341 611 4400 studiis
635 4341 981 4406 eminentes,
1017 4337 1325 4394 lectionem
1375 4336 1706 4392 insulsioris
1739 4337 2041 4409 scriptura:

397 4449 513 4487 non
545 4431 671 4486 sine
703 4429 958 4502 quadam
992 4443 1213 4482 nausea
1241 4425 1506 4482 fastidire
1532 4443 1546 4493 ;
1577 4443 1779 4482 eorum
1813 4425 2041 4482 deliciis

396 4522 658 4576 nostram
689 4533 927 4590 operam
963 4531 1077 4570 non
1109 4514 1456 4588 incogruum
1487 4513 1910 4570 estimavimus
1942 4515 2038 4570 de-

396 4607 631 4664 servire.
666 4605 866 4662 Fidem
898 4620 1036 4676 ergo
1063 4609 1363 4676 gestorum
1385 4607 1442 4660 et
1471 4602 1529 4658 in
1561 4601 1738 4675 priori
1765 4606 1950 4675 parte,
1975 4607 2042 4658 ut

397 4695 612 4768 scripta
627 4695 866 4766 przefata
884 4692 1318 4760 monstrabant,
1333 4691 1809 4765 interpretatione
1831 4691 2041 4760 ﬁda,ut

394 4789 556 4858 puto,
574 4801 760 4856 usque
784 4783 855 4839 ad
868 4781 1097 4838 obitum
1112 4780 1294 4836 beata:
1307 4781 1550 4854 virginis
1565 4780 2040 4853 transposuimus

2174 883 2362 954 ipsius
2394 901 2621 956 sponsa:
2653 883 2857 938 divina:
2903 883 3255 961 faventibus,
3292 885 3571 940 narrandi
3624 886 3835 942 ordine

2174 974 2376 1028 eadem
2408 973 2651 1045 vestigia
2684 989 3123 1045 persequemur.

2243 1063 2295 1116 3.
2313 1061 2553 1117 Gratum
2579 1066 2854 1134 praeterea
2876 1062 3194 1116 admodum
3211 1062 3686 1136 habemus,quod
3707 1065 3833 1122 haec

2174 1152 2498 1222 posteriora
2509 1151 2738 1206 certiori
2745 1151 2871 1221 jam
2897 1150 3331 1223 aliquantulum
3352 1153 3576 1208 ducunt
3595 1154 3830 1221 itinere,

2172 1241 2452 1311 temporis
2500 1241 2752 1296 maxime
2803 1241 3032 1307 notitia,
3065 1258 3192 1314 qua:
3242 1242 3576 1314 superiores
3623 1248 3830 1316 partes

2173 1327 2438 1382 nonnihil
2470 1329 2744 1394 infuscat,
2777 1326 3034 1383 lucidius
3074 1327 3374 1401 insignita.
3404 1329 3552 1384 Nam
3582 1334 3830 1402 excepto

2172 1416 2364 1488 prima
2403 1417 2589 1472 fronte
2618 1416 2852 1472 nomine
2891 1415 3200 1472 Childerici
3238 1418 3384 1489 (326)
3418 1419 3593 1491 regis,
3623 1423 3685 1474 et
3715 1417 3830 1474 hoc

2171 1505 2282 1560 sub
2293 1505 2567 1577 Opinione
2579 1505 2846 1577 apposito
2862 1521 2964 1578 per
2974 1509 3156 1560 totam
3169 1505 3376 1562 exinde
3389 1505 3794 1562 narrationem
3812 1525 3828 1576 ;

2170 1592 2334 1664 quid,
2359 1593 2472 1649 sub
2497 1609 2611 1666 quo
2635 1609 2768 1665 rege
2787 1593 2874 1650 vel
2908 1593 3172 1666 principe
3193 1598 3425 1666 gestum
3457 1595 3557 1664 sit,
3587 1594 3671 1651 ita
3694 1595 3832 1652 sile-

2168 1685 2286 1750 tur,
2321 1681 2591 1737 utetiam
2625 1681 2749 1754 ipse
2780 1681 3167 1748 Childericus,
3195 1681 3296 1754 qui
3333 1681 3391 1738 in
3425 1699 3562 1739 nece
3615 1685 3828 1756 sponsi

2169 1770 2348 1826 beatae
2377 1770 2623 1842 virginis
2653 1769 3004 1826 sententiam
3038 1769 3228 1825 ferens
3259 1769 3562 1842 reperitur,
3587 1787 3706 1827 non
3729 1789 3827 1828 sa-

2167 1858 2244 1913 tis
2275 1863 2465 1915 certos
2494 1857 2777 1931 temporis
2810 1859 3033 1914 reddat.
3067 1858 3234 1922 Hunc
3265 1858 3556 1932 siquidem
3587 1859 3828 1917 Childe-

2168 1946 2378 2014 ricum,
2413 1946 2461 2002 si
2496 1950 2690 2002 tamen
2724 1946 2848 2018 ipse
2879 1951 2986 2014 est,
3022 1946 3179 2002 fama
3209 1952 3437 2003 tantum
3477 1948 3590 2004 fert
3629 1947 3827 2004 Caroli

2169 2035 2428 2091 Senioris
2459 2052 2572 2091 non
2608 2035 2863 2090 multum
2893 2035 3165 2107 superius
3187 2039 3448 2108 tempora
3476 2035 3823 2110 contigisse,

2167 2123 2337 2196 eique
2369 2123 2560 2180 adhuc
2583 2124 2899 2197 superstite
2919 2123 3244 2197 genitorem
3266 2124 3452 2197 ipsius
3483 2124 3673 2180 Caroli
3695 2126 3828 2199 Pip-

2168 2210 2370 2283 pinum
2406 2210 2570 2284 prius
2591 2213 2800 2288 ducem
2823 2216 2880 2268 et
2907 2213 3189 2284 majorem
3213 2212 3446 2282 domus,
3463 2217 3527 2268 ut
3555 2217 3700 2269 tunc
3732 2213 3825 2270 di-

2167 2299 2428 2368 cebatur,
2461 2301 2520 2355 in
2551 2301 2709 2372 regio
2741 2299 2997 2356 culmine
3026 2301 3470 2374 superductum,
3502 2301 3690 2357 nimia
3721 2302 3823 2359 illo

2167 2389 2434 2445 socordia
2464 2394 2520 2445 et
2551 2389 2719 2444 inerti
2752 2389 3020 2444 demerso
3052 2389 3300 2462 ignavia,
3337 2390 3511 2445 rebus
3541 2390 3822 2464 regendis

2165 2495 2282 2534 non
2315 2476 2506 2534 solum
2539 2478 2736 2533 minus
2767 2477 3016 2546 idomeo,
3051 2479 3150 2534 sed
3185 2494 3288 2550 per
3323 2477 3522 2534 omnia
3571 2495 3822 2550 prorsus

2165 2566 2358 2623 inutili
2391 2565 2772 2623 reddito.Hoc
2803 2571 3004 2622 utrum
3037 2567 3121 2622 sic
3153 2583 3214 2623 se
3244 2565 3477 2635 habeat,
3495 2583 3677 2623 necne
3702 2584 3820 2623 non

2165 2655 2438 2729 equidem
2485 2655 2544 2710 in
2596 2671 2808 2728 magno
2851 2671 3067 2728 ponam
3116 2654 3475 2712 discrimine.
3527 2659 3822 2712 Caeterum

2165 2745 2404 2802 annales
2435 2760 2537 2800 seu
2569 2742 2851 2812 historici,
2884 2760 3032 2816 quos
3065 2743 3352 2817 inspicere
3391 2745 3572 2816 potui,
3607 2749 3824 2816 praster

2165 2833 2350 2890 solam
2381 2832 2568 2890 Caroli
2597 2833 2813 2900 Vitam,
2848 2831 3280 2906 Raganfredum
3326 2834 3638 2906 quemdam
3673 2851 3815 2890 con-

2163 2923 2372 2990 tinent,
2406 2923 2476 2978 de
2505 2923 2676 2995 cujus
2707 2937 2885 2976 manu
2912 2921 3154 2978 Carolus
3183 2921 3575 2995 principatum
3617 2926 3822 2978 sustu-

2162 3008 2261 3078 lit;
2291 3010 2684 3066 Childericum
2716 3026 2871 3066 unus
2923 3012 3156 3066 tantum
3204 3008 3302 3066 ille
3349 3009 3578 3066 annalis
3626 3026 3816 3082 quam

2161 3099 2504 3178 brevissime
2561 3098 2819 3166 adnotat,
2852 3103 2910 3155 et
2939 3097 3156 3155 famam
3189 3099 3586 3172 supradictam
3618 3099 3820 3172 sequi-

2162 3191 2260 3243 tur
2289 3203 2354 3244 eo
2387 3187 2650 3259 deposito
2679 3187 2750 3242 de
2781 3202 2958 3261 regno
2989 3192 3048 3244 et
3075 3190 3396 3254 tonsorato,
3419 3186 3737 3260 Pippinum
3760 3187 3818 3244 ei

2163 3277 2608 3348 superductum.
2643 3275 2702 3332 Si
2735 3281 2930 3332 tamen
2961 3275 3012 3332 is
3043 3276 3116 3331 de
3152 3291 3268 3349 quo
3307 3276 3464 3332 fama
3497 3277 3710 3348 jactat,
3743 3293 3818 3334 ea

2165 3369 2332 3420 etate
2377 3363 2561 3420 fuisse
2590 3363 2914 3420 credendus
2946 3368 3072 3432 est;
3107 3365 3400 3438 quomodo
3429 3363 3512 3430 id,
3554 3364 3714 3436 quod
3751 3365 3814 3421 in

2165 3453 2435 3526 prtesenti
2476 3450 2672 3508 libello
2723 3452 3027 3525 reperitur,
3081 3454 3238 3526 quod
3283 3452 3449 3510 locus
3491 3453 3816 3526 cmmeterii

2157 3539 2694 3598 sanctimonialium
2717 3541 2790 3596 ad
2816 3545 3052 3597 sanctos
3070 3541 3364 3614 apostolos
3393 3543 3642 3598 necdum
3667 3546 3816 3598 tem-

2157 3631 2316 3704 poris
2332 3646 2571 3702 corpore
2591 3629 2742 3685 beati
2763 3628 2989 3684 Arnulﬂ
3021 3629 3819 3704 habereturinsignis,possit

2157 3719 2412 3792 probari,
2446 3733 2562 3774 non
2595 3718 2743 3774 satis
2769 3716 2998 3774 elucet:
3030 3735 3168 3775 cum
3193 3723 3419 3775 constet
3438 3719 3677 3774 beatum
3707 3721 3818 3774 Ar-

2156 3806 2386 3863 nulfum
2429 3805 2662 3879 longius
2714 3805 2903 3863 multo
2953 3811 3269 3880 antequam
3319 3807 3370 3864 is
3433 3806 3810 3864 Childericus

2156 3895 2337 3952 fuisse
2366 3894 2614 3963 dicatur,
2647 3910 2679 3950 e
2710 3895 2930 3951 mundo
2961 3899 3280 3968 receptum,
3313 3899 3371 3952 et
3399 3899 3464 3950 ut
3491 3912 3661 3952 sacra
3681 3913 3817 3969 ges-

2155 3987 2350 4040 torum
2377 3983 2506 4055 ejus
2536 3982 2755 4055 scripta
2783 3981 3102 4052 declarant,
3129 3984 3368 4040 vixdum
3400 4001 3552 4039 anno
3585 3984 3814 4040 dormi-

2153 4071 2332 4128 tionis
2362 4088 2481 4127 sua:
2510 4074 2710 4127 exacte
2741 4088 2775 4126 a
2803 4069 2930 4126 loco
2952 4070 3269 4144 sepulturae
3301 4071 3496 4128 Mettis
3526 4070 3810 4129 relatum.

2155 4161 2235 4216 Ea
2264 4164 2561 4230 utcunque
2608 4158 2726 4216 sint
2773 4159 3110 4232 quibusque
3140 4177 3243 4232 pro
3273 4159 3557 4216 arbitratu
3589 4159 3648 4214 in
3682 4177 3812 4217 me-

2153 4249 2317 4306 dium
2348 4247 2765 4320 relinquentes,
2800 4265 2915 4303 non
2957 4248 3213 4304 multum
3246 4249 3450 4321 utique
3480 4249 3811 4306 sententia-

2153 4353 2284 4392 rum
2316 4336 2546 4410 pondus
2585 4335 2694 4392 hac
2743 4336 3037 4392 adimente
3085 4337 3369 4410 ambage;
3403 4353 3530 4410 quae
3575 4340 3812 4394 restant

2151 4426 2410 4494 omnino,
2443 4423 2690 4480 Domino
2729 4427 3003 4481 conatum
3040 4426 3309 4496 juvante,
3345 4425 3473 4498 jam
3523 4428 3809 4499 persequi

2151 4514 2668 4583 contendamus,et
2699 4512 3184 4569 translationibus
3203 4513 3454 4586 geminis
3487 4513 3671 4569 beatae
3693 4515 3810 4571 vir-

2149 4603 2324 4676 ginis,
2349 4619 2476 4674 qua:
2506 4600 2898 4657 successerint
2917 4601 3206 4656 virtutum
3239 4599 3537 4670 miracula,
3553 4616 3813 4674 quaeque

2150 4693 2219 4748 ad
2254 4689 2713 4746 sacratissimum
2744 4687 2956 4744 tumuli
3003 4689 3134 4760 ejus
3183 4689 3561 4745 reverentiam
3611 4689 3813 4748 diver-

2149 4795 2349 4836 sorum
2379 4777 2688 4850 langorum
2723 4777 2841 4833 sint
2869 4781 3106 4834 ostensa
3140 4776 3416 4842 remedia,
3449 4775 3640 4833 officio
3687 4795 3813 4836 non

392 4877 450 4930 et
479 4889 634 4928 nunc
665 4870 1051 4945 sequentibus
1073 4869 1347 4941 deinceps
1370 4869 1494 4942 pari
1529 4868 1914 4925 nihilominus
1931 4884 2038 4940 pu-
2069 4890 2118 4955 Β
2148 4869 2348 4924 minus
2377 4867 2582 4923 devoto
2607 4881 2784 4939 quam
2817 4864 3013 4921 debito
3043 4863 3426 4938 explicemus.

769 5147 1284 5238 NARRATIO
1340 5145 2140 5236 TRANSLATIONIS
2195 5141 2536 5234 PRIMfE
2596 5140 2681 5230 S.
2742 5138 3426 5242 GLODESINDIS.

459 5325 493 5378 4
545 5324 618 5378 Ut
648 5324 911 5396 superior
945 5325 1298 5380 narrationis
1339 5324 1520 5378 series
1568 5323 2031 5395 comprehendit,

387 5416 700 5484 postquam
715 5413 1125 5469 secretissimae
1138 5411 1380 5484 virginis
1393 5429 1604 5484 corpus
1619 5412 2037 5468 intemeratum

2147 5323 2202 5376 in
2237 5317 2480 5375 basilica
2511 5314 3258 5388 sanctorumapostolorum
3279 5321 3658 5371 extramuros
3673 5319 3813 5372 urbi

2147 5427 2250 5483 per
2277 5423 2462 5465 annos
2491 5407 2600 5461 254
2627 5405 2945 5477 quieverat,
2989 5405 3256 5477 quaedam
3305 5403 3453 5460 forte
3499 5403 3815 5476 religiosa-

461 5561 612 5631 (326)
635 5565 968 5637 Legendum
1001 5563 1295 5635 Hilperici,
1331 5568 1395 5619 ut
1425 5563 1483 5618 in
1518 5564 1727 5620 sreculo
1758 5581 1799 5619 ιι
1831 5563 2134 5636 admonui,
2167 5579 2234 5618 eo
2266 5557 2500 5617 nomine
2529 5555 2703 5628 primi
2735 5555 3127 5614 Childericum
3179 5555 3487 5613 Chlodovei
3519 5553 3572 5610 II
3604 5553 3815 5617 ﬁlium

391 5630 692 5706 ignorasse
714 5630 953 5693 videtur
982 5630 1211 5695 auctor.
