4076 6174
215 346 327 408 221

1196 347 1300 408 DE
1341 343 1943 407 TRANSLATIONE
1987 342 2054 406 S.
2099 344 2624 408 GLODESINDIS.

3497 351 3616 412 222

218 496 349 537 rum
382 495 564 551 supra
593 477 896 534 memorati
922 476 1433 534 sanctimonalium
1454 478 1864 534 cmnobiircve-
1891 475 1948 543 Α
1977 475 2229 532 basilicae
2259 478 2526 534 deferunt
2554 478 2974 537 habitaculum.
3013 479 3094 536 lbi
3139 480 3616 539 sanctimoniales

215 569 430 626 latione
461 567 660 622 divina
690 584 752 622 se
775 571 985 622 testata
1006 572 1095 622 est
1129 567 1307 623 fuisse
1333 566 1866 634 commonitam,uti

217 657 424 729 majori
448 656 730 721 ecclesiae,
764 673 891 728 qua:
921 661 1047 711 erat
1078 655 1204 711 loco
1245 656 1582 725 subteriori,
1613 656 1728 712 alia
1764 656 1865 710 ad-

206 748 412 820 jaccns
444 746 809 802 extrinsecus
843 745 898 800 in
932 745 1149 801 honore
1180 752 1394 801 sancta:
1429 747 1527 800 Dei
1563 745 1866 817 genitricis

215 836 409 891 Mari-tie
423 839 862 890 construeretur
877 833 1136 901 basilica,
1148 836 1278 889 mod
1289 853 1506 906 umque
1519 835 1530 887 i
1543 835 1624 906 psi
1637 853 1704 888 us
1718 851 1868 889 reve-

213 924 455 980 lationis
485 923 594 979 hoc
626 924 827 978 ordine
859 925 1164 981 referebat.
1191 923 1528 990 Videbatur,
1569 924 1861 994 inquiens,

215 1014 358 1068 mihi
406 1013 733 1084 quiescenti
781 1013 949 1067 beata
997 1013 1156 1086 virgo
1205 1013 1436 1067 Domini
1496 1011 1864 1068 Glodesindis

213 1120 393 1174 super
423 1119 663 1156 murum
697 1101 949 1156 civitatis
967 1107 1153 1169 stans,
1170 1101 1420 1173 lapidem
1441 1102 1673 1157 eminus
1688 1100 1863 1156 veluti

213 1191 338 1247 loco
371 1191 738 1264 designando
771 1208 948 1246 mann
981 1191 1475 1262 dejicerc,meque
1491 1191 1681 1246 verbis
1701 1191 1864 1245 insu-

213 1298 314 1352 per
346 1279 700 1352 compellare
731 1295 744 1333 :
781 1279 889 1345 Ibi,
924 1279 1134 1351 inquit,
1168 1279 1412 1335 ecclesia
1443 1279 1774 1347 fabricetur,
1808 1285 1866 1334 et

211 1386 389 1442 quem
424 1370 484 1424 in
511 1369 702 1424 locum
735 1369 885 1440 lapis
916 1386 1056 1424 casu
1088 1369 1402 1436 devenit,in
1426 1387 1491 1424 eo
1515 1369 1866 1424 beatissima:

212 1475 448 1530 semper
479 1457 720 1530 virginis
753 1457 947 1513 Mariae
999 1459 1258 1530 erigatur
1300 1457 1498 1514 altare.
1545 1459 1865 1513 Monstrato

212 1545 471 1618 denique
502 1545 680 1602 aliam
713 1547 1032 1618 quamdam
1053 1547 1110 1601 in
1129 1551 1354 1618 partem
1373 1546 1551 1602 latere
1568 1561 1860 1604 seorsum:

211 1635 338 1700 Hic,
373 1635 482 1702 ait,
515 1635 731 1690 ostium
763 1635 883 1703 ﬁat,
919 1635 1074 1706 quod
1123 1652 1191 1690 ex
1223 1633 1466 1690 ecclesia
1495 1635 1725 1706 majori,
1755 1636 1864 1691 hoc

209 1729 318 1790 est,
355 1724 736 1792 monasterio,
771 1723 830 1778 in
860 1724 1125 1778 eamdem
1161 1723 1390 1795 pervius
1422 1740 1628 1779 novam
1652 1723 1864 1781 sorori-

210 1813 319 1868 bus
349 1812 652 1885 aperiatur
681 1813 1004 1886 ingressus.
1031 1812 1148 1868 Hoc
1180 1829 1386 1868 somno
1420 1813 1708 1882 discusso,
1729 1829 1863 1868 cum

210 1901 437 1957 caeteris
469 1901 785 1969 retulisset,
812 1900 1049 1974 ancipiti
1081 1901 1180 1956 diu
1233 1901 1449 1958 haesere
1501 1901 1762 1970 consilio,
1796 1919 1862 1958 eo

209 1989 364 2062 quod
393 1993 537 2045 tunc
568 1989 847 2063 temporis
878 1990 1260 2062 regiaitutela:
1281 1989 1444 2047 locus
1462 1990 1863 2058 subesset,nec

211 2078 323 2134 nisi
355 2079 430 2134 ad
465 2095 600 2135 eum
625 2079 921 2152 rogatione
943 2078 1166 2151 perlata
1193 2079 1306 2134 tale
1327 2079 1468 2151 quid
1491 2079 1863 2152 aggrediendi

210 2167 290 2223 eis
322 2168 754 2240 suggerebatur
782 2167 1017 2222 fiducia.
1054 2167 1254 2240 Itaque
1285 2185 1342 2224 re
1374 2167 1672 2224 celerrime
1701 2169 1860 2240 prin-

210 2257 324 2330 cipi
341 2256 663 2325 insinuata,
685 2273 868 2329 eoque
885 2261 1119 2313 auctore
1137 2257 1196 2311 in
1221 2257 1451 2330 negotio
1469 2259 1859 2330 exsequendo,

210 2352 275 2404 ut
302 2345 456 2401 visio
483 2346 780 2410 docuerat,
809 2361 1042 2400 summa
1081 2345 1358 2401 facilitate
1407 2347 1681 2414 adducto,
1715 2363 1862 2420 Opus

212 2440 457 2490 strenue
487 2439 730 2490 curatur
757 2438 932 2506 atque
963 2433 1282 2507 perficitur.
1316 2434 1584 2490 Edictum
1623 2436 1865 2507 insuper

209 2523 382 2596 regiae
399 2521 771 2580 liberalitatis
782 2524 1001 2578 eisdem
1016 2522 1564 2579 sanctimonialibus
1580 2527 1664 2579 est
1679 2524 1865 2595 adjec-

209 2619 360 2680 tum,
395 2617 464 2666 ut
492 2613 697 2668 eadem
730 2628 897 2680 nova,
929 2629 1057 2684 qua:
1086 2612 1391 2668 condenda
1417 2615 1588 2680 esset,
1623 2611 1865 2668 basilica

210 2699 614 2756 cmmeterium
646 2717 911 2756 sororum
943 2701 1134 2756 denuo
1157 2699 1494 2757 solemniter
1520 2700 1780 2769 haberet,
1796 2718 1864 2758 ac

211 2805 346 2844 mox
377 2789 438 2844 in
471 2789 738 2845 eamdem
770 2788 1072 2845 basilicam
1095 2805 1307 2862 corpus
1339 2805 1515 2844 sacrae
1533 2788 1773 2862 virginis
1795 2807 1864 2846 ex

208 2875 336 2934 loco
370 2878 587 2950 prioris
611 2877 826 2934 tumuli
855 2877 1262 2934 venerabiliter
1293 2878 1604 2933 referretur
1617 2878 1864 2934 human-

208 2967 374 3022 dum.
393 2967 492 3022 Sic
516 2970 573 3024 et
603 2965 955 3039 longitudini
987 2966 1232 3035 itineris,
1253 2966 1406 3040 quod
1440 2966 1746 3024 funeribus
1765 2985 1863 3023 an-

209 3054 484 3110 cillarum
532 3053 633 3110 Dei
677 3055 822 3111 urbe
867 3056 1016 3127 (327)
1072 3055 1448 3128 exportandis
1502 3054 1859 3112 laboriosum

210 3144 566 3200 cernebatur
593 3147 1009 3215 temperatum,
1040 3148 1098 3199 et
1126 3143 1516 3216 patrocinium
1538 3144 1860 3201 multitudi-

1974 563 2368 621 inzestimabili
2423 567 2482 621 in
2531 584 2658 622 eam
2710 568 3019 626 duvotione
3066 571 3369 638 ferventes,
3403 588 3644 644 corpus,

1975 653 2402 722 beatissimum,
2417 661 2719 728 tamquam
2741 661 2879 713 tunc
2896 659 3084 730 primo
3099 659 3218 714 vita
3246 661 3615 730 excessisset,

1973 744 2046 798 de
2077 760 2235 799 more
2265 745 2656 801 ecclesiastico
2682 745 2880 801 lavant
2916 752 3089 820 atque
3127 755 3424 805 exornant.
3465 751 3618 806 inter

1973 831 2288 887 lavandum
2313 835 2578 904 qumdam
2593 835 3127 892 sanctimonialium
3143 838 3619 912 diutiuolanguo-

1975 938 2032 974 re
2055 921 2280 989 nbessa,
2315 923 2611 994 vitamque
2643 924 2830 996 ipsam
2864 926 2921 978 in
2955 926 3193 997 ancipiti
3230 928 3487 994 trahens,
3513 946 3618 1000 spe

1975 1009 2183 1062 salutis
2217 1028 2329 1064 non
2362 1012 2579 1066 frustra
2611 1016 2985 1084 praisumpta,
3037 1016 3107 1068 ad
3159 1014 3350 1070 locum
3402 1016 3614 1072 lavacri

1975 1099 2322 1154 tiducialitcr
2349 1101 2523 1166 venit,
2540 1104 2596 1154 ct
2629 1101 2830 1156 faciem
2863 1106 3076 1156 sancta:
3109 1103 3289 1174 digito
3321 1104 3427 1158 levi
3459 1110 3616 1160 tactu

1974 1187 2339 1258 compressit.
2370 1188 2528 1242 Illico
2576 1188 2822 1260 digitum
2873 1191 3214 1246 redeuntem
3275 1193 3517 1264 sanguis
3549 1210 3619 1248 ex

1977 1274 2121 1328 facie
2179 1275 2440 1346 virginea
2489 1275 2752 1348 prodigio
2803 1277 3055 1332 mirabili
3107 1285 3195 1334 est
3243 1281 3613 1338 subsecutus.

1975 1363 2262 1418 Omnibus
2291 1363 2371 1418 ibi
2401 1364 2620 1436 pariter
2634 1365 3182 1424 consistentibus.et
3211 1368 3268 1422 in
3287 1369 3620 1441 exemplum

1973 1451 2262 1506 Dominici
2291 1453 2488 1509 lateris
2519 1453 2803 1509 miraculo
2821 1456 3215 1528 stupentibus,
3241 1457 3618 1516 cruorisdem

1974 1539 2168 1612 palam
2201 1543 2490 1613 apparuit.
2527 1542 2791 1615 Cumque
2819 1545 3022 1600 eadem
3052 1545 3165 1610 vix,
3201 1551 3266 1602 ut
3305 1546 3442 1614 dixi,
3480 1547 3619 1604 reli-

1974 1628 2139 1702 giosa
2169 1629 2386 1686 femina
2415 1649 2758 1704 supremum
2790 1633 3040 1689 halitum
3072 1636 3366 1704 retineret,
3383 1643 3620 1710 repente

1975 1717 2122 1773 vires
2157 1719 2278 1786 jam
2329 1721 2532 1776 morbo
2581 1722 2894 1779 exhaustas
2941 1723 3223 1796 paulatim
3269 1725 3381 1782 sibi
3432 1727 3622 1785 redire

1971 1808 2281 1878 persensit,
2315 1813 2372 1864 et
2401 1810 2706 1866 mensibus
2739 1829 2838 1868 sex
2887 1817 3062 1868 tantae
3112 1814 3193 1869 rei
3244 1815 3412 1870 testis
3459 1821 3617 1888 post-

1972 1897 2213 1952 modum
2245 1897 2578 1970 supervixit.
2617 1899 2855 1971 Expleto
2904 1901 3062 1956 omni
3095 1902 3174 1974 pii
3205 1903 3422 1959 amoris
3464 1905 3618 1962 circa

1973 1989 2239 2063 sanctam
2287 1987 2572 2060 virginem
2626 1987 2974 2057 ministerio,
3031 1990 3433 2063 deposuerunt
3487 2011 3616 2050 eam

1972 2073 2110 2130 item
2135 2057 2200 2130 in
2235 2077 2596 2151 sarcophago
2628 2095 2796 2146 novo,
2831 2080 2904 2134 ad
2933 2080 3230 2136 dexteram
3275 2087 3500 2153 partem
3534 2085 3618 2140 al-

1973 2164 2114 2219 taris
2141 2171 2356 2222 sanctae
2388 2167 2486 2222 Dei
2517 2167 2847 2236 Genitricis,
2882 2168 3179 2242 humoque
3219 2171 3471 2245 desuper
3514 2189 3615 2246 ag-

1971 2259 2155 2325 gesta,
2189 2254 2498 2329 diligenter
2525 2261 2899 2329 componunt.

2041 2344 2097 2399 6.
2129 2343 2510 2417 Aliquantum
2543 2351 2743 2418 postea
2789 2348 3035 2403 ﬂuxerat
3077 2351 3332 2422 tempus,
3382 2353 3440 2406 et
3486 2367 3618 2407 ecce

1973 2437 2140 2488 nocte
2171 2435 2426 2508 quadam
2457 2435 2692 2491 cuidam
2721 2435 2850 2492 vitae
2895 2436 3338 2494 continentioris
3384 2439 3615 2495 femina:

1973 2522 2030 2577 in
2057 2523 2183 2578 visu
2216 2543 2251 2579 a
2295 2525 2550 2596 quodam
2598 2525 2924 2591 dicebatur,
2958 2527 3115 2598 quod
3165 2543 3378 2598 corpus
3426 2527 3615 2601 ipsius

1973 2612 2152 2668 beata:
2183 2613 2426 2686 virginis
2457 2630 2591 2670 mus
2619 2614 2772 2670 infra
2808 2615 3144 2687 sepulcrum
3193 2622 3615 2690 corrumperet,

1973 2705 2147 2773 atque
2183 2702 2242 2756 id
2275 2701 2402 2774 ipso
2433 2719 2641 2774 sopore
2690 2707 3136 2759 monumentum
3168 2704 3280 2759 sibi
3310 2705 3618 2762 videbatur

1973 2789 2203 2862 aperiri,
2236 2795 2294 2846 et
2343 2807 2592 2861 murem,
2643 2791 2741 2864 qui
2783 2792 2910 2863 jam
2959 2791 3186 2864 pollicis
3233 2793 3400 2864 pedis
3429 2795 3614 2849 dextri

1971 2883 2199 2950 partem
2231 2884 2574 2947 corroserat,
2605 2879 2734 2952 ipsa
2765 2895 2892 2951 qum
2932 2879 3053 2935 haec
3082 2874 3335 2949 videbat,
3368 2880 3613 2953 expelle-

1971 2969 2078 3020 ret.
2111 2967 2525 3039 Expergefacta
2554 2966 2833 3034 diluculo,
2868 2983 2988 3022 rem
3025 2967 3193 3022 matri
3225 2969 3619 3041 congregatio-

1971 3053 2435 3126 nis,caeterisque
2456 3055 2755 3110 sororibus
2775 3058 2992 3110 narrat.
3005 3055 3089 3109 Ad
3122 3055 3179 3110 id
3192 3055 3613 3128 explorandum

1970 3141 2274 3206 ministros
2305 3159 2606 3199 sacrorum
2639 3143 2811 3198 acciri
2849 3142 3125 3198 continuo
3156 3143 3396 3216 placuit.
3420 3145 3615 3212 Quide

213 3235 269 3288 ni
303 3231 569 3288 ﬁdelium
620 3235 710 3288 est
755 3215 1158 3303 copiosissime
1204 3232 1486 3288 divinitus
1535 3233 1856 3306 provisum.
1889 3215 1934 3282 C
1972 3247 2132 3286 more
2162 3230 2507 3286 Christianae
2539 3231 2840 3302 religionis
2878 3231 3100 3287 litaniis
3153 3215 3210 3288 et
3253 3235 3616 3290 oratianibus

210 3322 326 3377 Nec
361 3338 431 3376 ex
463 3337 528 3376 eo
550 3324 812 3393 tempore
833 3321 986 3392 jam,
1010 3325 1070 3375 ut
1094 3321 1258 3393 prius
1289 3322 1470 3377 moris
1501 3327 1646 3388 erat,
1670 3321 1758 3378 vel
1789 3323 1860 3379 ad

210 3414 604 3466 memoratam
633 3409 1050 3482 apostolorum,
1104 3427 1260 3466 nunc
1308 3411 1458 3466 beati
1503 3411 1726 3466 Arnulfi
1760 3428 1861 3468 no-

213 3499 377 3554 mine
405 3498 715 3567 celebrem,
741 3497 832 3554 vel
861 3503 1099 3554 caeteras
1129 3499 1284 3556 circa
1335 3499 1540 3555 urbem
1587 3500 1862 3556 basilicas

211 3587 536 3658 cujuslibet
564 3603 767 3643 earum
799 3591 888 3642 est
919 3588 1096 3643 funus
1125 3587 1380 3654 elatum;
1415 3588 1514 3644 sed
1537 3587 1717 3643 veluti
1737 3605 1862 3644 ma-

211 3677 282 3730 tri
319 3675 479 3730 ﬁlias
509 3681 577 3730 ut
602 3675 858 3731 viventes
907 3676 1126 3732 devotis
1171 3675 1488 3748 obsequiis,
1522 3676 1604 3731 ita
1651 3677 1862 3732 saeculo

212 3767 454 3820 functas
487 3765 595 3820 sub
627 3769 862 3838 tempus
894 3764 1340 3838 glorificationis
1357 3783 1476 3821 SlltB
1507 3764 1702 3820 debita
1731 3781 1862 3821 cor-

209 3854 374 3927 poris
403 3853 603 3910 videas
628 3854 922 3911 adhaerere
952 3854 1167 3927 quiete.

274 3945 338 3998 5.
355 3943 598 3999 Fabrica
609 3943 790 4016 igitur
799 3960 946 3998 nova
956 3943 1209 4000 ecclesiae
1223 3945 1294 3999 ad
1309 3959 1605 4000 summam
1618 3959 1861 3999 manum

207 4031 516 4104 perducta,
549 4032 622 4088 ad
651 4031 845 4088 locum
894 4031 1148 4104 sepulcri
1201 4031 1370 4106 plebe
1420 4037 1543 4088 tota
1587 4033 1858 4088 certatim

206 4120 478 4192 undique
508 4122 1022 4187 accurrente,mira
1051 4121 1352 4177 alacritate
1383 4122 1862 4189 coutenditur,ef-

207 4210 487 4282 fossaque
517 4209 696 4264 humo
728 4209 1122 4282 circumjecta,
1157 4227 1223 4266 ac
1254 4210 1445 4282 lapide
1475 4216 1860 4267 monumento

205 4299 530 4368 subducto,
563 4298 858 4371 reperiunt
898 4304 1162 4355 sanctam
1213 4303 1334 4354 toto
1385 4299 1576 4354 adhuc
1621 4316 1860 4372 corpore

205 4385 526 4460 integram,
561 4386 722 4443 nulla
750 4385 912 4443 illius
943 4392 1065 4442 tam
1099 4387 1312 4442 diutini
1346 4386 1690 4459 scpulcralis
1707 4390 1859 4444 situs

205 4478 384 4550 signa
413 4476 476 4532 in
505 4492 676 4532 carne
706 4480 1154 4543 monstrantem,
1188 4477 1288 4532 sed
1321 4493 1386 4531 ac
1431 4475 1479 4531 si
1531 4477 1622 4532 die
1653 4477 1856 4532 eodem

203 4572 368 4623 esset
399 4567 683 4638 deposita,
716 4565 966 4639 gratiam
1011 4565 1192 4622 totius
1241 4565 1498 4638 corporis
1548 4566 1848 4622 referebat.
1886 4583 1934 4648 D

203 4659 348 4724 Qua:
379 4657 460 4712 ibi
493 4655 713 4723 laetitia,
747 4672 874 4727 qua:
905 4654 1096 4710 intimi
1126 4654 1315 4710 calore
1350 4654 1547 4726 gaudii
1585 4653 1853 4726 lacrymae

203 4749 661 4818 prorumpentes
689 4742 1097 4800 beatamillam
1129 4743 1202 4798 de
1231 4747 1396 4798 tanta
1409 4741 1630 4797 visione
1653 4747 1851 4798 tenue-

200 4835 327 4889 rint
351 4831 764 4906 frequentiam,
795 4831 1004 4888 melius
1031 4831 1224 4887 verbis
1256 4831 1656 4900 succumbere,
1673 4847 1852 4904 quam

201 4939 418 4995 parum
436 4922 613 4996 digne
628 4921 838 4989 dicere,
851 4919 1007 4992 quod
1030 4919 1232 4992 utique
1253 4919 1498 4976 dicendo
1516 4921 1712 4975 minus
1731 4921 1854 4976 red-

203 5011 482 5068 diderim.
514 5011 663 5066 Nam
694 5014 752 5065 et
780 5009 830 5066 si
861 5008 1000 5081 quid
1028 5008 1176 5064 forte
1208 5025 1400 5064 sermo
1440 5007 1626 5080 possit
1672 5007 1846 5080 expli-

203 5118 360 5168 care,
389 5101 453 5156 id
482 5099 670 5155 multo
703 5099 940 5154 uberius
970 5115 1037 5153 ea
1069 5097 1256 5154 fidelis
1286 5097 1484 5170 populi
1517 5103 1656 5154 tunc
1678 5097 1854 5154 evice-

203 5194 345 5244 runt
371 5188 671 5262 obsequia.
699 5189 960 5244 Tandem
979 5187 1494 5258 incomparabilem
1509 5187 1850 5242 thesaurum

203 5279 304 5350 pia
332 5279 608 5333 aviditate
637 5281 941 5348 exceptum
959 5293 1093 5331 cum
1112 5275 1359 5332 solemni
1376 5275 1627 5330 cwlcstis
1640 5293 1853 5347 pompa

205 5367 492 5438 triumphi
525 5367 731 5422 laudes
753 5367 866 5422 Deo
899 5364 1081 5420 sacris
1100 5364 1404 5420 ordinibus
1423 5369 1704 5419 concentu
1728 5363 1854 5418 reli-

197 5456 365 5528 gioso
385 5457 442 5509 in
457 5455 669 5509 omium
690 5453 1029 5510 tollentibus
1049 5454 1121 5508 ad
1147 5457 1536 5525 prmparatum
1561 5451 1672 5507 sibi
1695 5469 1851 5507 nova}

1973 3335 2076 3390 pro
2104 3335 2167 3374 re
2199 3320 2596 3392 prosperanda
2643 3319 2894 3391 peractis
2942 3320 3238 3376 tumulum
3291 3327 3618 3379 reverenter

1972 3409 2260 3481 aperiunt,
2295 3414 2351 3465 et
2378 3409 2450 3464 ad
2481 3414 2641 3464 certa
2669 3409 2887 3465 indicia
2916 3409 3155 3465 visionis
3204 3409 3411 3482 pollice
3452 3412 3615 3484 pedis

1972 3498 2170 3554 dextro
2202 3502 2504 3554 cruentato
2553 3503 2800 3570 reperto,
2847 3497 3094 3554 soricem
3143 3499 3522 3572 depellentes,
3555 3506 3614 3558 et

1971 3587 2063 3642 via
2091 3588 2152 3642 in
2183 3587 2473 3660 reliquum
2505 3588 2847 3659 penetrandi
2898 3587 3218 3654 obstructa,
3251 3589 3612 3661 sepulcrum,

1972 3680 2038 3731 ut
2067 3677 2250 3748 prius,
2283 3675 2606 3731 obcludunt
2633 3680 2691 3731 et
2721 3675 3014 3734 muniunt.

2039 3766 2096 3832 7,
2129 3763 2355 3830 Quievit
2384 3763 2445 3818 in
2476 3763 2681 3818 eodem
2711 3762 2837 3818 loco
2884 3779 3098 3834 corpus
3147 3764 3613 3822 sacratissimum

1971 3868 2160 3922 usque
2180 3852 2252 3906 ad
2270 3855 2536 3923 tempora
2556 3851 2927 3922 imperatoris
2942 3850 3192 3922 piissimi
3226 3853 3498 3908 Ludovici
3516 3855 3616 3909 Ca-

1971 3939 2092 3996 rolo
2123 3939 2518 3996 famosissima
2540 3955 2603 3994 ac
2632 3940 2888 3994 maximo
2919 3939 3269 4011 imperatore
3298 3941 3611 4014 progeniti,

1971 4030 2070 4086 ubi
2100 4029 2368 4102 pluribus
2401 4045 2462 4085 se
2493 4029 2827 4100 frequenter
2868 4029 3030 4101 virgo
3079 4030 3248 4085 beata
3296 4030 3617 4102 publicavit

1967 4118 2304 4183 virtutibus,
2331 4115 2636 4188 multaque
2667 4114 3094 4171 inﬁrmantium
3127 4116 3348 4172 curatio
3398 4119 3613 4174 sancti-

1968 4208 2108 4264 tatis
2139 4208 2267 4278 c-jus
2296 4209 2354 4260 et
2383 4203 2574 4260 meriti
2607 4205 2759 4277 apud
2795 4203 3110 4259 Dominum
3143 4205 3612 4276 praistantissimi

1967 4293 2306 4351 testimonio
2337 4293 2468 4348 fuit.
2517 4293 2598 4348 Ea
2645 4293 2915 4365 quamvis
2963 4292 3192 4349 incuria
3239 4294 3615 4366 antiquitatis

1969 4383 2186 4456 scripto
2219 4381 2416 4437 minus
2448 4381 2567 4436 sint
2591 4380 2825 4448 tradita,
2847 4381 3131 4436 memoria
3161 4385 3357 4438 tamen
3391 4399 3459 4438 ex
3480 4400 3612 4438 nar-

1967 4473 2190 4528 ratione
2220 4470 2672 4543 praacedcntium
2704 4469 3616 4526 subindeinsuccedentestrans-

1967 4563 2116 4627 fusa,
2136 4576 2263 4632 quae
2285 4575 2377 4614 res
2397 4575 2602 4614 omnes
2622 4562 2910 4614 vetustate
2931 4561 2987 4614 et
3008 4558 3170 4614 senio
3193 4558 3481 4630 fugientes
3503 4559 3609 4614 du-

1964 4648 2132 4705 rabili
2164 4651 2395 4720 reparat
2421 4646 2693 4714 novitate,
2730 4663 2960 4719 semper
2988 4663 3117 4702 eam
3147 4646 3478 4703 ostensione
3501 4647 3612 4721 sig-

1963 4754 2174 4794 norum
2207 4737 2474 4792 ﬂoruisse
2506 4752 2621 4790 non
2643 4738 2834 4791 .tacet.
2870 4737 3003 4802 Quae
3055 4740 3254 4790 autem
3302 4735 3606 4807 posteriori

1963 4831 2147 4896 aetate,
2171 4825 2432 4896 otiojam
2474 4823 2726 4897 segniori
2766 4823 3060 4891 submoto,
3095 4823 3300 4880 litterae
3343 4824 3609 4897 signave-

1963 4918 2120 4983 runt,
2153 4912 2320 4970 facile
2349 4911 2654 4968 insinuant
2681 4916 2903 4983 quanta
2923 4912 3068 4966 ﬁdes
3097 4911 3403 4984 praeteritis
3422 4913 3610 4985 possit

1961 5004 2184 5072 haberi,
2200 5019 2304 5058 nec
2325 5001 2523 5058 minus
2543 5000 2718 5056 claris
2741 5001 2800 5055 in
2819 4999 2919 5055 illo
2945 5001 3092 5056 tanti
3110 5001 3394 5073 temporis
3415 5002 3606 5075 spatio

1963 5091 2263 5148 miraculis
2293 5107 2422 5147 eam
2456 5084 2740 5146 celebrem
2784 5089 3094 5144 exstitisse.
3131 5090 3372 5145 Frustra
3411 5095 3606 5150 autem

1960 5182 2083 5238 hinc
2109 5181 2164 5234 in
2199 5178 2765 5235 commendationem
2783 5177 2912 5247 ejus
2937 5177 3152 5249 requiri
3172 5178 3606 5249 videntur,cum

1962 5275 2114 5327 certe
2145 5268 2204 5324 id
2237 5283 2420 5322 unum
2452 5270 2615 5321 tanta
2645 5265 2956 5338 praesentia
2984 5266 3220 5324 deitatis
3259 5286 3607 5326 concessum

1961 5375 2173 5429 corpus
2205 5354 2424 5410 scilicet
2453 5371 2556 5425 per
2585 5356 2669 5408 tot
2685 5370 2868 5408 annos
2889 5353 3015 5409 sine
3033 5356 3404 5426 corruptione
3422 5373 3610 5426 serva;

1961 5453 2086 5504 tum
2120 5448 2332 5500 cuncta
2360 5445 2666 5514 exsuperet
2698 5442 3062 5510 admiranda,
3094 5459 3446 5515 quocunque
3467 5461 3608 5500 casu
3689 5456 3692 5460 ‘

272 5580 425 5650 (3‘27)
485 5579 830 5634 Cocmeteria
869 5577 1008 5634 olim
1067 5581 1226 5633 extra
1275 5577 1450 5634 urbes
1501 5577 1686 5633 locata
1738 5580 1924 5644 erant,
1966 5574 2143 5630 etiam
2201 5565 2714 5626 sanctimonalium
2765 5571 2923 5622 extra
2972 5568 3254 5636 omnobia,
3290 5572 3355 5623 ut
3403 5569 3606 5628 multis

201 5650 486 5724 exemplis
518 5651 749 5722 probari
783 5653 989 5722 potest.
