  <div class='ocr_page' id='page_1' title='image "/cluster/home/n/w/nwhite01/storage/ocr_20150623/137/hvd.32044054759972/121.png"; bbox 0 0 4096 6174; ppageno 0'>
   <div class='ocr_carea' id='block_1_1' title="bbox 455 336 573 400">
    <p class='ocr_par' dir='ltr' id='par_1_1' title="bbox 455 336 573 400">
     <span class='ocr_line' id='line_1_1' title="bbox 455 336 573 400; baseline 0 0"><span class='ocrx_word' id='word_1_1' title='bbox 455 336 573 400; x_wconf 77' lang='grc'>223</span> 
     </span>
    </p>
   </div>
   <div class='ocr_carea' id='block_1_2' title="bbox 1339 338 2974 414">
    <p class='ocr_par' dir='ltr' id='par_1_2' title="bbox 1339 338 2974 414">
     <span class='ocr_line' id='line_1_2' title="bbox 1339 338 2974 414; baseline 0.006 -16"><span class='ocrx_word' id='word_1_2' title='bbox 1339 338 1661 400; x_wconf 79' lang='lat' dir='ltr'><strong>JOANNIS</strong></span> <span class='ocrx_word' id='word_1_3' title='bbox 1706 338 2032 401; x_wconf 83' lang='lat' dir='ltr'>ABBATIS</span> <span class='ocrx_word' id='word_1_4' title='bbox 2079 340 2144 400; x_wconf 89' lang='lat' dir='ltr'>S.</span> <span class='ocrx_word' id='word_1_5' title='bbox 2191 339 2538 414; x_wconf 77' lang='lat' dir='ltr'>AllNULFI</span> <span class='ocrx_word' id='word_1_6' title='bbox 2583 341 2974 408; x_wconf 83' lang='lat' dir='ltr'>METENSIS</span> 
     </span>
    </p>
   </div>
   <div class='ocr_carea' id='block_1_3' title="bbox 3743 351 3870 414">
    <p class='ocr_par' dir='ltr' id='par_1_3' title="bbox 3743 351 3870 414">
     <span class='ocr_line' id='line_1_3' title="bbox 3743 351 3870 414; baseline 0 -1"><span class='ocrx_word' id='word_1_7' title='bbox 3743 351 3870 414; x_wconf 70' lang='grc'>224</span> 
     </span>
    </p>
   </div>
   <div class='ocr_carea' id='block_1_4' title="bbox 457 443 3869 558">
    <p class='ocr_par' dir='ltr' id='par_1_4' title="bbox 457 443 3869 558">
     <span class='ocr_line' id='line_1_4' title="bbox 457 443 3869 558; baseline 0.004 -30"><span class='ocrx_word' id='word_1_8' title='bbox 457 473 617 528; x_wconf 84' lang='lat' dir='ltr'>extra</span> <span class='ocrx_word' id='word_1_9' title='bbox 645 474 958 544; x_wconf 88' lang='lat' dir='ltr'>potuerant</span> <span class='ocrx_word' id='word_1_10' title='bbox 978 471 1420 544; x_wconf 87' lang='lat' dir='ltr'>provenire.Ubi</span> <span class='ocrx_word' id='word_1_11' title='bbox 1455 471 1632 528; x_wconf 85' lang='lat' dir='ltr'>simul</span> <span class='ocrx_word' id='word_1_12' title='bbox 1663 465 2099 545; x_wconf 84' lang='lat' dir='ltr'>daturintelligi</span> <span class='ocrx_word' id='word_1_13' title='bbox 2127 473 2184 542; x_wconf 86' lang='grc' dir='ltr'><strong>Α</strong></span> <span class='ocrx_word' id='word_1_14' title='bbox 2211 473 2385 531; x_wconf 81' lang='lat' dir='ltr'>talem</span> <span class='ocrx_word' id='word_1_15' title='bbox 2418 443 2838 550; x_wconf 86' lang='lat' dir='ltr'>assumpserat,</span> <span class='ocrx_word' id='word_1_16' title='bbox 2866 477 3046 536; x_wconf 88' lang='lat' dir='ltr'>ullam</span> <span class='ocrx_word' id='word_1_17' title='bbox 3077 481 3166 537; x_wconf 83' lang='lat' dir='ltr'>est</span> <span class='ocrx_word' id='word_1_18' title='bbox 3193 479 3628 554; x_wconf 79' lang='lat' dir='ltr'>corruptionem</span> <span class='ocrx_word' id='word_1_19' title='bbox 3657 499 3869 558; x_wconf 87' lang='lat' dir='ltr'>exper-</span> 
     </span>
    </p>
   </div>
   <div class='ocr_carea' id='block_1_5' title="bbox 455 558 3868 658">
    <p class='ocr_par' dir='ltr' id='par_1_5' title="bbox 455 558 3868 658">
     <span class='ocr_line' id='line_1_5' title="bbox 455 558 3868 658; baseline 0.004 -43"><span class='ocrx_word' id='word_1_20' title='bbox 455 577 516 632; x_wconf 70' lang='lat' dir='ltr'>in</span> <span class='ocrx_word' id='word_1_21' title='bbox 547 563 770 632; x_wconf 90' lang='lat' dir='ltr'>quanta</span> <span class='ocrx_word' id='word_1_22' title='bbox 795 559 983 632; x_wconf 77' lang='lat' dir='ltr'>gloria</span> <span class='ocrx_word' id='word_1_23' title='bbox 1010 559 1189 613; x_wconf 79' lang='lat' dir='ltr'>beatae</span> <span class='ocrx_word' id='word_1_24' title='bbox 1221 558 1680 614; x_wconf 85' lang='lat' dir='ltr'>immortalitatis</span> <span class='ocrx_word' id='word_1_25' title='bbox 1710 561 1840 630; x_wconf 89' lang='lat' dir='ltr'>ejus</span> <span class='ocrx_word' id='word_1_26' title='bbox 1858 560 2102 632; x_wconf 80' lang='lat' dir='ltr'>spiritus</span> <span class='ocrx_word' id='word_1_27' title='bbox 2212 567 2330 619; x_wconf 91' lang='lat' dir='ltr'>tus.</span> <span class='ocrx_word' id='word_1_28' title='bbox 2365 568 2464 621; x_wconf 83' lang='lat' dir='ltr'>Est</span> <span class='ocrx_word' id='word_1_29' title='bbox 2493 565 2749 622; x_wconf 89' lang='lat' dir='ltr'>maxima</span> <span class='ocrx_word' id='word_1_30' title='bbox 2797 569 3030 658; x_wconf 69' lang='lat' dir='ltr'>utrique</span> <span class='ocrx_word' id='word_1_31' title='bbox 3075 586 3377 626; x_wconf 88' lang='lat' dir='ltr'>servorum</span> <span class='ocrx_word' id='word_1_32' title='bbox 3408 587 3474 628; x_wconf 88' lang='lat' dir='ltr'>ac</span> <span class='ocrx_word' id='word_1_33' title='bbox 3504 571 3741 629; x_wconf 85' lang='lat' dir='ltr'>Domini</span> <span class='ocrx_word' id='word_1_34' title='bbox 3772 573 3868 629; x_wconf 89' lang='lat' dir='ltr'>di-</span> 
     </span>
    </p>
   </div>
   <div class='ocr_carea' id='block_1_6' title="bbox 455 647 2103 721">
    <p class='ocr_par' dir='ltr' id='par_1_6' title="bbox 455 647 2103 721">
     <span class='ocr_line' id='line_1_6' title="bbox 455 647 2103 721; baseline 0.001 -17"><span class='ocrx_word' id='word_1_35' title='bbox 455 649 574 705; x_wconf 90' lang='lat' dir='ltr'>illic</span> <span class='ocrx_word' id='word_1_36' title='bbox 604 649 704 704; x_wconf 92' lang='lat' dir='ltr'>ubi</span> <span class='ocrx_word' id='word_1_37' title='bbox 735 665 864 704; x_wconf 83' lang='lat' dir='ltr'>vere</span> <span class='ocrx_word' id='word_1_38' title='bbox 895 649 1199 715; x_wconf 85' lang='lat' dir='ltr'>est,totius</span> <span class='ocrx_word' id='word_1_39' title='bbox 1223 647 1633 704; x_wconf 87' lang='lat' dir='ltr'>mutabilitatis</span> <span class='ocrx_word' id='word_1_40' title='bbox 1665 666 1869 721; x_wconf 82' lang='lat' dir='ltr'>expers</span> <span class='ocrx_word' id='word_1_41' title='bbox 1899 649 2103 705; x_wconf 88' lang='lat' dir='ltr'>trium-</span> 
     </span>
    </p>
   </div>
   <div class='ocr_carea' id='block_1_7' title="bbox 452 736 2096 810">
    <p class='ocr_par' dir='ltr' id='par_1_7' title="bbox 452 736 2096 810">
     <span class='ocr_line' id='line_1_7' title="bbox 452 736 2096 810; baseline 0.001 -17"><span class='ocrx_word' id='word_1_42' title='bbox 452 739 615 810; x_wconf 86' lang='lat' dir='ltr'>phat,</span> <span class='ocrx_word' id='word_1_43' title='bbox 651 754 783 792; x_wconf 89' lang='lat' dir='ltr'>cum</span> <span class='ocrx_word' id='word_1_44' title='bbox 807 736 902 791; x_wconf 90' lang='lat' dir='ltr'>hic</span> <span class='ocrx_word' id='word_1_45' title='bbox 933 740 990 790; x_wconf 89' lang='lat' dir='ltr'>et</span> <span class='ocrx_word' id='word_1_46' title='bbox 1019 736 1351 808; x_wconf 85' lang='lat' dir='ltr'>illud,quod</span> <span class='ocrx_word' id='word_1_47' title='bbox 1386 736 1763 810; x_wconf 85' lang='lat' dir='ltr'>corruptibile</span> <span class='ocrx_word' id='word_1_48' title='bbox 1787 739 1976 794; x_wconf 78' lang='lat' dir='ltr'>fuerat</span> <span class='ocrx_word' id='word_1_49' title='bbox 1995 740 2096 795; x_wconf 89' lang='lat' dir='ltr'>da-</span> 
     </span>
    </p>
   </div>
   <div class='ocr_carea' id='block_1_8' title="bbox 451 825 2094 898">
    <p class='ocr_par' dir='ltr' id='par_1_8' title="bbox 451 825 2094 898">
     <span class='ocr_line' id='line_1_8' title="bbox 451 825 2094 898; baseline 0.001 -16"><span class='ocrx_word' id='word_1_50' title='bbox 451 831 599 892; x_wconf 89' lang='lat' dir='ltr'>tum,</span> <span class='ocrx_word' id='word_1_51' title='bbox 634 825 888 898; x_wconf 83' lang='lat' dir='ltr'>ingentis</span> <span class='ocrx_word' id='word_1_52' title='bbox 920 825 1110 880; x_wconf 84' lang='lat' dir='ltr'>meriti</span> <span class='ocrx_word' id='word_1_53' title='bbox 1142 825 1365 881; x_wconf 89' lang='lat' dir='ltr'>viribus</span> <span class='ocrx_word' id='word_1_54' title='bbox 1397 826 1525 898; x_wconf 87' lang='lat' dir='ltr'>ipsa</span> <span class='ocrx_word' id='word_1_55' title='bbox 1571 826 1892 883; x_wconf 87' lang='lat' dir='ltr'>conditioni</span> <span class='ocrx_word' id='word_1_56' title='bbox 1941 845 2094 884; x_wconf 83' lang='lat' dir='ltr'>mor-</span> 
     </span>
    </p>
   </div>
   <div class='ocr_carea' id='block_1_9' title="bbox 451 913 2091 988">
    <p class='ocr_par' dir='ltr' id='par_1_9' title="bbox 451 913 2091 988">
     <span class='ocr_line' id='line_1_9' title="bbox 451 913 2091 988; baseline 0.001 -18"><span class='ocrx_word' id='word_1_57' title='bbox 451 915 657 970; x_wconf 94' lang='lat' dir='ltr'>talium</span> <span class='ocrx_word' id='word_1_58' title='bbox 681 913 1109 986; x_wconf 87' lang='lat' dir='ltr'>juraimposita</span> <span class='ocrx_word' id='word_1_59' title='bbox 1123 917 1244 969; x_wconf 87' lang='lat' dir='ltr'>tam</span> <span class='ocrx_word' id='word_1_60' title='bbox 1263 915 1482 986; x_wconf 88' lang='lat' dir='ltr'>potenti</span> <span class='ocrx_word' id='word_1_61' title='bbox 1495 915 1686 988; x_wconf 86' lang='lat' dir='ltr'>gratia</span> <span class='ocrx_word' id='word_1_62' title='bbox 1709 917 2091 988; x_wconf 65' lang='lat' dir='ltr'>superaverit.</span> 
     </span>
    </p>
   </div>
   <div class='ocr_carea' id='block_1_10' title="bbox 520 1005 2095 1081">
    <p class='ocr_par' dir='ltr' id='par_1_10' title="bbox 520 1005 2095 1081">
     <span class='ocr_line' id='line_1_10' title="bbox 520 1005 2095 1081; baseline 0.002 -21"><span class='ocrx_word' id='word_1_63' title='bbox 520 1009 572 1063; x_wconf 88' lang='lat'>8.</span> <span class='ocrx_word' id='word_1_64' title='bbox 590 1007 752 1073; x_wconf 87' lang='lat' dir='ltr'>Quod</span> <span class='ocrx_word' id='word_1_65' title='bbox 783 1005 985 1078; x_wconf 81' lang='lat' dir='ltr'>utique</span> <span class='ocrx_word' id='word_1_66' title='bbox 1018 1005 1303 1061; x_wconf 85' lang='lat' dir='ltr'>Dominus</span> <span class='ocrx_word' id='word_1_67' title='bbox 1331 1007 1400 1060; x_wconf 92' lang='lat' dir='ltr'>ad</span> <span class='ocrx_word' id='word_1_68' title='bbox 1427 1007 1954 1062; x_wconf 77' lang='lat' dir='ltr'>commendandam</span> <span class='ocrx_word' id='word_1_69' title='bbox 1979 1007 2095 1081; x_wconf 84' lang='lat' dir='ltr'>glo-</span> 
     </span>
    </p>
   </div>
   <div class='ocr_carea' id='block_1_11' title="bbox 447 1094 2092 1168">
    <p class='ocr_par' dir='ltr' id='par_1_11' title="bbox 447 1094 2092 1168">
     <span class='ocr_line' id='line_1_11' title="bbox 447 1094 2092 1168; baseline 0.001 -17"><span class='ocrx_word' id='word_1_70' title='bbox 447 1095 594 1152; x_wconf 88' lang='lat' dir='ltr'>riam</span> <span class='ocrx_word' id='word_1_71' title='bbox 626 1095 956 1168; x_wconf 68' lang='lat' dir='ltr'>purissimae</span> <span class='ocrx_word' id='word_1_72' title='bbox 974 1094 1259 1150; x_wconf 81' lang='lat' dir='ltr'>castitatis</span> <span class='ocrx_word' id='word_1_73' title='bbox 1273 1095 1322 1164; x_wconf 88' lang='lat' dir='ltr'>ej</span> <span class='ocrx_word' id='word_1_74' title='bbox 1333 1113 1401 1149; x_wconf 90' lang='lat' dir='ltr'>us</span> <span class='ocrx_word' id='word_1_75' title='bbox 1414 1095 1598 1150; x_wconf 91' lang='lat' dir='ltr'>oculis</span> <span class='ocrx_word' id='word_1_76' title='bbox 1614 1094 1893 1152; x_wconf 86' lang='lat' dir='ltr'>humanis</span> <span class='ocrx_word' id='word_1_77' title='bbox 1905 1103 2092 1152; x_wconf 90' lang='lat' dir='ltr'>osten-</span> 
     </span>
    </p>
   </div>
   <div class='ocr_carea' id='block_1_12' title="bbox 448 1183 2087 1258">
    <p class='ocr_par' dir='ltr' id='par_1_12' title="bbox 448 1183 2087 1258">
     <span class='ocr_line' id='line_1_12' title="bbox 448 1183 2087 1258; baseline 0.002 -18"><span class='ocrx_word' id='word_1_78' title='bbox 448 1185 583 1240; x_wconf 90' lang='lat' dir='ltr'>dere</span> <span class='ocrx_word' id='word_1_79' title='bbox 613 1183 817 1250; x_wconf 88' lang='lat' dir='ltr'>voluit,</span> <span class='ocrx_word' id='word_1_80' title='bbox 835 1186 897 1238; x_wconf 92' lang='lat' dir='ltr'>ut</span> <span class='ocrx_word' id='word_1_81' title='bbox 925 1183 1119 1254; x_wconf 85' lang='lat' dir='ltr'>palam</span> <span class='ocrx_word' id='word_1_82' title='bbox 1153 1183 1644 1256; x_wconf 88' lang='lat' dir='ltr'>claresceret,quo</span> <span class='ocrx_word' id='word_1_83' title='bbox 1675 1186 1912 1256; x_wconf 71' lang='lat' dir='ltr'>prmmio</span> <span class='ocrx_word' id='word_1_84' title='bbox 1935 1189 2087 1258; x_wconf 88' lang='lat' dir='ltr'>apud</span> 
     </span>
    </p>
   </div>
   <div class='ocr_carea' id='block_1_13' title="bbox 445 1273 2086 1346">
    <p class='ocr_par' dir='ltr' id='par_1_13' title="bbox 445 1273 2086 1346">
     <span class='ocr_line' id='line_1_13' title="bbox 445 1273 2086 1346; baseline 0 -16"><span class='ocrx_word' id='word_1_85' title='bbox 445 1291 580 1331; x_wconf 90' lang='lat' dir='ltr'>eum</span> <span class='ocrx_word' id='word_1_86' title='bbox 612 1274 796 1330; x_wconf 84' lang='lat' dir='ltr'>soleat</span> <span class='ocrx_word' id='word_1_87' title='bbox 823 1273 1189 1345; x_wconf 83' lang='lat' dir='ltr'>compensari</span> <span class='ocrx_word' id='word_1_88' title='bbox 1215 1291 1388 1329; x_wconf 88' lang='lat' dir='ltr'>carne</span> <span class='ocrx_word' id='word_1_89' title='bbox 1419 1291 1531 1345; x_wconf 78' lang='lat' dir='ltr'>prm</span> <span class='ocrx_word' id='word_1_90' title='bbox 1563 1275 1692 1346; x_wconf 87' lang='lat' dir='ltr'>ejus</span> <span class='ocrx_word' id='word_1_91' title='bbox 1721 1291 1918 1332; x_wconf 88' lang='lat' dir='ltr'>amore</span> <span class='ocrx_word' id='word_1_92' title='bbox 1948 1293 2086 1331; x_wconf 87' lang='lat' dir='ltr'>con-</span> 
     </span>
    </p>
   </div>
   <div class='ocr_carea' id='block_1_14' title="bbox 445 1361 2088 1438">
    <p class='ocr_par' dir='ltr' id='par_1_14' title="bbox 445 1361 2088 1438">
     <span class='ocr_line' id='line_1_14' title="bbox 445 1361 2088 1438; baseline 0.001 -19"><span class='ocrx_word' id='word_1_93' title='bbox 445 1366 671 1435; x_wconf 89' lang='lat' dir='ltr'>tempta</span> <span class='ocrx_word' id='word_1_94' title='bbox 698 1362 838 1419; x_wconf 89' lang='lat' dir='ltr'>solis</span> <span class='ocrx_word' id='word_1_95' title='bbox 868 1361 1055 1434; x_wconf 88' lang='lat' dir='ltr'>ipsius</span> <span class='ocrx_word' id='word_1_96' title='bbox 1085 1363 1302 1417; x_wconf 67' lang='lat' dir='ltr'>haerere</span> <span class='ocrx_word' id='word_1_97' title='bbox 1331 1361 1778 1434; x_wconf 85' lang='lat' dir='ltr'>compleximus,</span> <span class='ocrx_word' id='word_1_98' title='bbox 1813 1365 2088 1438; x_wconf 87' lang='lat' dir='ltr'>quodque</span> 
     </span>
    </p>
   </div>
   <div class='ocr_carea' id='block_1_15' title="bbox 443 1451 2088 1526">
    <p class='ocr_par' dir='ltr' id='par_1_15' title="bbox 443 1451 2088 1526">
     <span class='ocr_line' id='line_1_15' title="bbox 443 1451 2088 1526; baseline 0.001 -17"><span class='ocrx_word' id='word_1_99' title='bbox 443 1451 769 1525; x_wconf 83' lang='lat' dir='ltr'>virginitas,</span> <span class='ocrx_word' id='word_1_100' title='bbox 803 1469 929 1524; x_wconf 67' lang='lat' dir='ltr'>qua:</span> <span class='ocrx_word' id='word_1_101' title='bbox 961 1469 1138 1524; x_wconf 88' lang='lat' dir='ltr'>supra</span> <span class='ocrx_word' id='word_1_102' title='bbox 1169 1468 1346 1524; x_wconf 85' lang='lat' dir='ltr'>quam</span> <span class='ocrx_word' id='word_1_103' title='bbox 1369 1453 1608 1523; x_wconf 90' lang='lat' dir='ltr'>jussum</span> <span class='ocrx_word' id='word_1_104' title='bbox 1640 1457 1730 1508; x_wconf 92' lang='lat' dir='ltr'>est</span> <span class='ocrx_word' id='word_1_105' title='bbox 1759 1453 1916 1520; x_wconf 88' lang='lat' dir='ltr'>facit,</span> <span class='ocrx_word' id='word_1_106' title='bbox 1934 1453 2088 1526; x_wconf 85' lang='lat' dir='ltr'>plus-</span> 
     </span>
    </p>
   </div>
   <div class='ocr_carea' id='block_1_16' title="bbox 443 1541 2085 1616">
    <p class='ocr_par' dir='ltr' id='par_1_16' title="bbox 443 1541 2085 1616">
     <span class='ocr_line' id='line_1_16' title="bbox 443 1541 2085 1616; baseline -0.001 -16"><span class='ocrx_word' id='word_1_107' title='bbox 443 1559 621 1616; x_wconf 88' lang='lat' dir='ltr'>quam</span> <span class='ocrx_word' id='word_1_108' title='bbox 652 1541 1008 1614; x_wconf 87' lang='lat' dir='ltr'>promissum</span> <span class='ocrx_word' id='word_1_109' title='bbox 1041 1545 1129 1596; x_wconf 92' lang='lat' dir='ltr'>est</span> <span class='ocrx_word' id='word_1_110' title='bbox 1144 1545 1421 1596; x_wconf 88' lang='lat' dir='ltr'>meretur.</span> <span class='ocrx_word' id='word_1_111' title='bbox 1438 1542 1613 1598; x_wconf 86' lang='lat' dir='ltr'>Posse</span> <span class='ocrx_word' id='word_1_112' title='bbox 1634 1559 1775 1598; x_wconf 88' lang='lat' dir='ltr'>sane</span> <span class='ocrx_word' id='word_1_113' title='bbox 1796 1560 1865 1598; x_wconf 90' lang='lat' dir='ltr'>ex</span> <span class='ocrx_word' id='word_1_114' title='bbox 1888 1541 2085 1599; x_wconf 91' lang='lat' dir='ltr'>divino</span> 
     </span>
    </p>
   </div>
   <div class='ocr_carea' id='block_1_17' title="bbox 441 1629 2083 1704">
    <p class='ocr_par' dir='ltr' id='par_1_17' title="bbox 441 1629 2083 1704">
     <span class='ocr_line' id='line_1_17' title="bbox 441 1629 2083 1704; baseline -0.001 -16"><span class='ocrx_word' id='word_1_115' title='bbox 441 1633 726 1688; x_wconf 88' lang='lat' dir='ltr'>duntaxat</span> <span class='ocrx_word' id='word_1_116' title='bbox 756 1646 997 1686; x_wconf 90' lang='lat' dir='ltr'>munere</span> <span class='ocrx_word' id='word_1_117' title='bbox 1028 1633 1162 1685; x_wconf 86' lang='lat' dir='ltr'>ante</span> <span class='ocrx_word' id='word_1_118' title='bbox 1191 1629 1352 1686; x_wconf 88' lang='lat' dir='ltr'>illam</span> <span class='ocrx_word' id='word_1_119' title='bbox 1391 1631 1721 1702; x_wconf 89' lang='lat' dir='ltr'>generalem</span> <span class='ocrx_word' id='word_1_120' title='bbox 1772 1648 2083 1704; x_wconf 85' lang='lat' dir='ltr'>corporum</span> 
     </span>
    </p>
   </div>
   <div class='ocr_carea' id='block_1_18' title="bbox 440 1717 2082 1793">
    <p class='ocr_par' dir='ltr' id='par_1_18' title="bbox 440 1717 2082 1793">
     <span class='ocr_line' id='line_1_18' title="bbox 440 1717 2082 1793; baseline -0.001 -15"><span class='ocrx_word' id='word_1_121' title='bbox 440 1718 926 1778; x_wconf 86' lang='lat' dir='ltr'>resurrectionem</span> <span class='ocrx_word' id='word_1_122' title='bbox 945 1735 1179 1775; x_wconf 90' lang='lat' dir='ltr'>carnem</span> <span class='ocrx_word' id='word_1_123' title='bbox 1191 1717 1449 1775; x_wconf 88' lang='lat' dir='ltr'>hominis</span> <span class='ocrx_word' id='word_1_124' title='bbox 1467 1719 1776 1792; x_wconf 89' lang='lat' dir='ltr'>cujusdam</span> <span class='ocrx_word' id='word_1_125' title='bbox 1795 1719 2082 1793; x_wconf 86' lang='lat' dir='ltr'>integram</span> 
     </span>
    </p>
   </div>
   <div class='ocr_carea' id='block_1_19' title="bbox 439 1807 2085 1884">
    <p class='ocr_par' dir='ltr' id='par_1_19' title="bbox 439 1807 2085 1884">
     <span class='ocr_line' id='line_1_19' title="bbox 439 1807 2085 1884; baseline -0.001 -17"><span class='ocrx_word' id='word_1_126' title='bbox 439 1828 543 1884; x_wconf 91' lang='lat' dir='ltr'>per</span> <span class='ocrx_word' id='word_1_127' title='bbox 569 1814 835 1884; x_wconf 89' lang='lat' dir='ltr'>tempora</span> <span class='ocrx_word' id='word_1_128' title='bbox 865 1809 1076 1865; x_wconf 90' lang='lat' dir='ltr'>durare</span> <span class='ocrx_word' id='word_1_129' title='bbox 1091 1807 1564 1880; x_wconf 88' lang='lat' dir='ltr'>aliquanta,licet</span> <span class='ocrx_word' id='word_1_130' title='bbox 1593 1809 2085 1882; x_wconf 83' lang='lat' dir='ltr'>plurioribusido-</span> 
     </span>
    </p>
   </div>
   <div class='ocr_carea' id='block_1_20' title="bbox 438 1896 2084 1972">
    <p class='ocr_par' dir='ltr' id='par_1_20' title="bbox 438 1896 2084 1972">
     <span class='ocr_line' id='line_1_20' title="bbox 438 1896 2084 1972; baseline -0.002 -14"><span class='ocrx_word' id='word_1_131' title='bbox 438 1903 567 1959; x_wconf 87' lang='lat' dir='ltr'>neis</span> <span class='ocrx_word' id='word_1_132' title='bbox 596 1897 981 1972; x_wconf 87' lang='lat' dir='ltr'>scriptoribus</span> <span class='ocrx_word' id='word_1_133' title='bbox 1001 1896 1191 1955; x_wconf 89' lang='lat' dir='ltr'>multa</span> <span class='ocrx_word' id='word_1_134' title='bbox 1213 1897 1385 1954; x_wconf 91' lang='lat' dir='ltr'>lectio</span> <span class='ocrx_word' id='word_1_135' title='bbox 1409 1899 1578 1956; x_wconf 88' lang='lat' dir='ltr'>testis</span> <span class='ocrx_word' id='word_1_136' title='bbox 1597 1899 2084 1968; x_wconf 89' lang='lat' dir='ltr'>defendat,unum</span> 
     </span>
    </p>
   </div>
   <div class='ocr_carea' id='block_1_21' title="bbox 437 1987 2085 2060">
    <p class='ocr_par' dir='ltr' id='par_1_21' title="bbox 437 1987 2085 2060">
     <span class='ocr_line' id='line_1_21' title="bbox 437 1987 2085 2060; baseline -0.002 -12"><span class='ocrx_word' id='word_1_137' title='bbox 437 1995 637 2048; x_wconf 84' lang='lat' dir='ltr'>tamen</span> <span class='ocrx_word' id='word_1_138' title='bbox 665 1989 727 2044; x_wconf 91' lang='lat' dir='ltr'>in</span> <span class='ocrx_word' id='word_1_139' title='bbox 743 1989 893 2044; x_wconf 90' lang='lat' dir='ltr'>hanc</span> <span class='ocrx_word' id='word_1_140' title='bbox 909 1990 1137 2059; x_wconf 88' lang='lat' dir='ltr'>partem</span> <span class='ocrx_word' id='word_1_141' title='bbox 1154 1989 1425 2043; x_wconf 88' lang='lat' dir='ltr'>sanctum</span> <span class='ocrx_word' id='word_1_142' title='bbox 1444 1987 1591 2060; x_wconf 85' lang='lat'>(328)</span> <span class='ocrx_word' id='word_1_143' title='bbox 1611 1988 1723 2044; x_wconf 90' lang='lat' dir='ltr'>Bed</span> <span class='ocrx_word' id='word_1_144' title='bbox 1732 2005 1826 2043; x_wconf 89' lang='lat' dir='ltr'>am</span> <span class='ocrx_word' id='word_1_145' title='bbox 1846 1989 2085 2060; x_wconf 75' lang='lat' dir='ltr'>presby-</span> 
     </span>
    </p>
   </div>
   <div class='ocr_carea' id='block_1_22' title="bbox 437 2056 2084 2150">
    <p class='ocr_par' dir='ltr' id='par_1_22' title="bbox 437 2056 2084 2150">
     <span class='ocr_line' id='line_1_22' title="bbox 437 2056 2084 2150; baseline -0.001 -13"><span class='ocrx_word' id='word_1_146' title='bbox 437 2084 629 2137; x_wconf 86' lang='lat' dir='ltr'>terum</span> <span class='ocrx_word' id='word_1_147' title='bbox 659 2056 976 2136; x_wconf 78' lang='lat' dir='ltr'>adduxisse</span> <span class='ocrx_word' id='word_1_148' title='bbox 1014 2075 1307 2144; x_wconf 81' lang='lat' dir='ltr'>sufﬁciat;</span> <span class='ocrx_word' id='word_1_149' title='bbox 1340 2056 1460 2148; x_wconf 3' lang='lat' dir='ltr'>quid</span> <span class='ocrx_word' id='word_1_150' title='bbox 1490 2077 1549 2132; x_wconf 90' lang='lat' dir='ltr'>in</span> <span class='ocrx_word' id='word_1_151' title='bbox 1574 2056 1865 2133; x_wconf 66' lang='lat' dir='ltr'>historia</span> <span class='ocrx_word' id='word_1_152' title='bbox 1889 2056 2084 2150; x_wconf 63' lang='lat' dir='ltr'>gentis</span> 
     </span>
    </p>
   </div>
   <div class='ocr_carea' id='block_1_23' title="bbox 437 2164 2086 2241">
    <p class='ocr_par' dir='ltr' id='par_1_23' title="bbox 437 2164 2086 2241">
     <span class='ocr_line' id='line_1_23' title="bbox 437 2164 2086 2241; baseline -0.002 -15"><span class='ocrx_word' id='word_1_153' title='bbox 437 2185 580 2235; x_wconf 62' lang='lat' dir='ltr'>suis,</span> <span class='ocrx_word' id='word_1_154' title='bbox 595 2184 722 2241; x_wconf 64' lang='lat' dir='ltr'>qua:</span> <span class='ocrx_word' id='word_1_155' title='bbox 731 2167 856 2240; x_wconf 89' lang='lat' dir='ltr'>jam</span> <span class='ocrx_word' id='word_1_156' title='bbox 878 2164 1289 2222; x_wconf 87' lang='lat' dir='ltr'>ecclesiasticis</span> <span class='ocrx_word' id='word_1_157' title='bbox 1309 2166 1760 2222; x_wconf 87' lang='lat' dir='ltr'>auctoritatibus</span> <span class='ocrx_word' id='word_1_158' title='bbox 1776 2167 1985 2222; x_wconf 88' lang='lat' dir='ltr'>merito</span> <span class='ocrx_word' id='word_1_159' title='bbox 2002 2183 2086 2224; x_wconf 90' lang='lat' dir='ltr'>re-</span> 
     </span>
    </p>
   </div>
   <div class='ocr_carea' id='block_1_24' title="bbox 439 2254 2081 2323">
    <p class='ocr_par' dir='ltr' id='par_1_24' title="bbox 439 2254 2081 2323">
     <span class='ocr_line' id='line_1_24' title="bbox 439 2254 2081 2323; baseline -0.002 -7"><span class='ocrx_word' id='word_1_160' title='bbox 439 2263 541 2316; x_wconf 69' lang='lat' dir='ltr'>ctae</span> <span class='ocrx_word' id='word_1_161' title='bbox 575 2256 708 2314; x_wconf 83' lang='lat' dir='ltr'>fidei</span> <span class='ocrx_word' id='word_1_162' title='bbox 739 2260 798 2314; x_wconf 87' lang='lat' dir='ltr'>et</span> <span class='ocrx_word' id='word_1_163' title='bbox 827 2273 982 2313; x_wconf 67' lang='lat' dir='ltr'>sanae</span> <span class='ocrx_word' id='word_1_164' title='bbox 1014 2254 1290 2311; x_wconf 67' lang='lat' dir='ltr'>doctrinae</span> <span class='ocrx_word' id='word_1_165' title='bbox 1319 2254 1762 2323; x_wconf 89' lang='lat' dir='ltr'>adminiscetur,</span> <span class='ocrx_word' id='word_1_166' title='bbox 1791 2255 1862 2312; x_wconf 90' lang='lat' dir='ltr'>de</span> <span class='ocrx_word' id='word_1_167' title='bbox 1913 2255 2081 2312; x_wconf 91' lang='lat' dir='ltr'>beato</span> 
     </span>
    </p>
   </div>
   <div class='ocr_carea' id='block_1_25' title="bbox 436 2345 2083 2424">
    <p class='ocr_par' dir='ltr' id='par_1_25' title="bbox 436 2345 2083 2424">
     <span class='ocr_line' id='line_1_25' title="bbox 436 2345 2083 2424; baseline -0.002 -20"><span class='ocrx_word' id='word_1_168' title='bbox 436 2347 711 2424; x_wconf 81' lang='lat' dir='ltr'>pontifice</span> <span class='ocrx_word' id='word_1_169' title='bbox 732 2347 1013 2418; x_wconf 91' lang='lat' dir='ltr'>Gutperto</span> <span class='ocrx_word' id='word_1_170' title='bbox 1043 2346 1238 2414; x_wconf 87' lang='lat' dir='ltr'>refert,</span> <span class='ocrx_word' id='word_1_171' title='bbox 1271 2345 1426 2418; x_wconf 89' lang='lat' dir='ltr'>quod</span> <span class='ocrx_word' id='word_1_172' title='bbox 1469 2349 1780 2418; x_wconf 88' lang='lat' dir='ltr'>postquam</span> <span class='ocrx_word' id='word_1_173' title='bbox 1833 2346 1899 2400; x_wconf 80' lang='lat' dir='ltr'>l2</span> <span class='ocrx_word' id='word_1_174' title='bbox 1927 2349 2083 2402; x_wconf 88' lang='lat' dir='ltr'>esset</span> 
     </span>
    </p>
   </div>
   <div class='ocr_carea' id='block_1_26' title="bbox 437 2433 2080 2510">
    <p class='ocr_par' dir='ltr' id='par_1_26' title="bbox 437 2433 2080 2510">
     <span class='ocr_line' id='line_1_26' title="bbox 437 2433 2080 2510; baseline -0.003 -15"><span class='ocrx_word' id='word_1_175' title='bbox 437 2437 611 2496; x_wconf 90' lang='lat' dir='ltr'>annis</span> <span class='ocrx_word' id='word_1_176' title='bbox 640 2434 927 2510; x_wconf 89' lang='lat' dir='ltr'>sepultus,</span> <span class='ocrx_word' id='word_1_177' title='bbox 958 2433 1186 2506; x_wconf 77' lang='lat' dir='ltr'>integro</span> <span class='ocrx_word' id='word_1_178' title='bbox 1215 2449 1454 2506; x_wconf 91' lang='lat' dir='ltr'>corpore</span> <span class='ocrx_word' id='word_1_179' title='bbox 1486 2434 1563 2490; x_wconf 88' lang='lat' dir='ltr'>sit</span> <span class='ocrx_word' id='word_1_180' title='bbox 1604 2433 2080 2507; x_wconf 72' lang='lat' dir='ltr'>repextustque</span> 
     </span>
    </p>
   </div>
   <div class='ocr_carea' id='block_1_27' title="bbox 437 2521 2082 2601">
    <p class='ocr_par' dir='ltr' id='par_1_27' title="bbox 437 2521 2082 2601">
     <span class='ocr_line' id='line_1_27' title="bbox 437 2521 2082 2601; baseline -0.002 -19"><span class='ocrx_word' id='word_1_181' title='bbox 437 2526 672 2601; x_wconf 89' lang='lat' dir='ltr'>plenius</span> <span class='ocrx_word' id='word_1_182' title='bbox 700 2525 759 2580; x_wconf 91' lang='lat' dir='ltr'>in</span> <span class='ocrx_word' id='word_1_183' title='bbox 791 2523 940 2580; x_wconf 86' lang='lat' dir='ltr'>libro</span> <span class='ocrx_word' id='word_1_184' title='bbox 969 2523 1041 2579; x_wconf 91' lang='lat' dir='ltr'>de</span> <span class='ocrx_word' id='word_1_185' title='bbox 1083 2521 1214 2578; x_wconf 87' lang='lat' dir='ltr'>Vita</span> <span class='ocrx_word' id='word_1_186' title='bbox 1252 2521 1440 2594; x_wconf 86' lang='lat' dir='ltr'>ipsius</span> <span class='ocrx_word' id='word_1_187' title='bbox 1487 2523 1842 2594; x_wconf 81' lang='lat' dir='ltr'>exsequitur.</span> <span class='ocrx_word' id='word_1_188' title='bbox 1877 2521 2082 2579; x_wconf 85' lang='lat' dir='ltr'>Simile</span> 
     </span>
    </p>
   </div>
   <div class='ocr_carea' id='block_1_28' title="bbox 435 2609 2080 2686">
    <p class='ocr_par' dir='ltr' id='par_1_28' title="bbox 435 2609 2080 2686">
     <span class='ocr_line' id='line_1_28' title="bbox 435 2609 2080 2686; baseline -0.004 -13"><span class='ocrx_word' id='word_1_189' title='bbox 435 2616 613 2673; x_wconf 86' lang='lat' dir='ltr'>etiam</span> <span class='ocrx_word' id='word_1_190' title='bbox 645 2614 715 2670; x_wconf 91' lang='lat' dir='ltr'>de</span> <span class='ocrx_word' id='word_1_191' title='bbox 732 2613 988 2686; x_wconf 89' lang='lat' dir='ltr'>quadam</span> <span class='ocrx_word' id='word_1_192' title='bbox 1007 2611 1167 2666; x_wconf 66' lang='lat' dir='ltr'>mirae</span> <span class='ocrx_word' id='word_1_193' title='bbox 1185 2609 1517 2667; x_wconf 86' lang='lat' dir='ltr'>sanctitatis</span> <span class='ocrx_word' id='word_1_194' title='bbox 1533 2611 1746 2684; x_wconf 77' lang='lat' dir='ltr'>reginae</span> <span class='ocrx_word' id='word_1_195' title='bbox 1767 2610 2080 2667; x_wconf 88' lang='lat' dir='ltr'>Edeltrude</span> 
     </span>
    </p>
   </div>
   <div class='ocr_carea' id='block_1_29' title="bbox 434 2698 2078 2772">
    <p class='ocr_par' dir='ltr' id='par_1_29' title="bbox 434 2698 2078 2772">
     <span class='ocr_line' id='line_1_29' title="bbox 434 2698 2078 2772; baseline -0.004 -11"><span class='ocrx_word' id='word_1_196' title='bbox 434 2701 1171 2762; x_wconf 87' lang='lat' dir='ltr'>commemorat.Sanctum</span> <span class='ocrx_word' id='word_1_197' title='bbox 1202 2715 1433 2772; x_wconf 88' lang='lat' dir='ltr'>quoque</span> <span class='ocrx_word' id='word_1_198' title='bbox 1463 2698 1692 2756; x_wconf 89' lang='lat' dir='ltr'>Patrem</span> <span class='ocrx_word' id='word_1_199' title='bbox 1723 2698 2078 2756; x_wconf 89' lang='lat' dir='ltr'>Hilarionem</span> 
     </span>
    </p>
   </div>
   <div class='ocr_carea' id='block_1_30' title="bbox 434 2787 2079 2864">
    <p class='ocr_par' dir='ltr' id='par_1_30' title="bbox 434 2787 2079 2864">
     <span class='ocr_line' id='line_1_30' title="bbox 434 2787 2079 2864; baseline -0.002 -15"><span class='ocrx_word' id='word_1_200' title='bbox 434 2793 821 2864; x_wconf 79' lang='lat' dir='ltr'>Hieronymus</span> <span class='ocrx_word' id='word_1_201' title='bbox 853 2805 966 2845; x_wconf 91' lang='lat' dir='ltr'>non</span> <span class='ocrx_word' id='word_1_202' title='bbox 999 2787 1189 2844; x_wconf 91' lang='lat' dir='ltr'>solum</span> <span class='ocrx_word' id='word_1_203' title='bbox 1221 2804 1415 2855; x_wconf 89' lang='lat' dir='ltr'>carne,</span> <span class='ocrx_word' id='word_1_204' title='bbox 1448 2788 1550 2844; x_wconf 90' lang='lat' dir='ltr'>sed</span> <span class='ocrx_word' id='word_1_205' title='bbox 1595 2787 1771 2844; x_wconf 88' lang='lat' dir='ltr'>etiam</span> <span class='ocrx_word' id='word_1_206' title='bbox 1816 2787 2079 2845; x_wconf 88' lang='lat' dir='ltr'>vestibus</span> 
     </span>
    </p>
   </div>
   <div class='ocr_carea' id='block_1_31' title="bbox 432 2875 2082 2950">
    <p class='ocr_par' dir='ltr' id='par_1_31' title="bbox 432 2875 2082 2950">
     <span class='ocr_line' id='line_1_31' title="bbox 432 2875 2082 2950; baseline -0.004 -12"><span class='ocrx_word' id='word_1_207' title='bbox 432 2877 798 2938; x_wconf 88' lang='lat' dir='ltr'>intaminatis</span> <span class='ocrx_word' id='word_1_208' title='bbox 827 2880 960 2950; x_wconf 90' lang='lat' dir='ltr'>post</span> <span class='ocrx_word' id='word_1_209' title='bbox 987 2875 1354 2949; x_wconf 89' lang='lat' dir='ltr'>aliquantum</span> <span class='ocrx_word' id='word_1_210' title='bbox 1384 2875 1666 2949; x_wconf 91' lang='lat' dir='ltr'>temporis</span> <span class='ocrx_word' id='word_1_211' title='bbox 1695 2875 2082 2949; x_wconf 67' lang='lat' dir='ltr'>sepulturm,a</span> 
     </span>
    </p>
   </div>
   <div class='ocr_carea' id='block_1_32' title="bbox 435 2964 2076 3042">
    <p class='ocr_par' dir='ltr' id='par_1_32' title="bbox 435 2964 2076 3042">
     <span class='ocr_line' id='line_1_32' title="bbox 435 2964 2076 3042; baseline -0.005 -14"><span class='ocrx_word' id='word_1_212' title='bbox 435 2969 724 3042; x_wconf 91' lang='lat' dir='ltr'>discipulo</span> <span class='ocrx_word' id='word_1_213' title='bbox 753 2968 882 3039; x_wconf 89' lang='lat' dir='ltr'>ejus</span> <span class='ocrx_word' id='word_1_214' title='bbox 913 2965 1117 3022; x_wconf 89' lang='lat' dir='ltr'>scribit</span> <span class='ocrx_word' id='word_1_215' title='bbox 1135 2964 1440 3021; x_wconf 89' lang='lat' dir='ltr'>inventum</span> <span class='ocrx_word' id='word_1_216' title='bbox 1471 2967 1528 3021; x_wconf 89' lang='lat' dir='ltr'>et</span> <span class='ocrx_word' id='word_1_217' title='bbox 1559 2964 1880 3021; x_wconf 87' lang='lat' dir='ltr'>sublatum.</span> <span class='ocrx_word' id='word_1_218' title='bbox 1899 2965 2076 3021; x_wconf 77' lang='lat' dir='ltr'>Czete-</span> 
     </span>
    </p>
   </div>
   <div class='ocr_carea' id='block_1_33' title="bbox 433 3051 2077 3127">
    <p class='ocr_par' dir='ltr' id='par_1_33' title="bbox 433 3051 2077 3127">
     <span class='ocr_line' id='line_1_33' title="bbox 433 3051 2077 3127; baseline -0.002 -13"><span class='ocrx_word' id='word_1_219' title='bbox 433 3076 566 3116; x_wconf 89' lang='lat' dir='ltr'>rum</span> <span class='ocrx_word' id='word_1_220' title='bbox 599 3074 717 3113; x_wconf 90' lang='lat' dir='ltr'>non</span> <span class='ocrx_word' id='word_1_221' title='bbox 747 3056 856 3112; x_wconf 89' lang='lat' dir='ltr'>hac</span> <span class='ocrx_word' id='word_1_222' title='bbox 875 3055 933 3110; x_wconf 92' lang='lat' dir='ltr'>in</span> <span class='ocrx_word' id='word_1_223' title='bbox 951 3054 1412 3111; x_wconf 89' lang='lat' dir='ltr'>obfuscationem</span> <span class='ocrx_word' id='word_1_224' title='bbox 1429 3051 1588 3110; x_wconf 91' lang='lat' dir='ltr'>illius</span> <span class='ocrx_word' id='word_1_225' title='bbox 1604 3053 2077 3127; x_wconf 88' lang='lat' dir='ltr'>supereminendi</span> 
     </span>
    </p>
   </div>
   <div class='ocr_carea' id='block_1_34' title="bbox 434 3141 2076 3217">
    <p class='ocr_par' dir='ltr' id='par_1_34' title="bbox 434 3141 2076 3217">
     <span class='ocr_line' id='line_1_34' title="bbox 434 3141 2076 3217; baseline -0.002 -15"><span class='ocrx_word' id='word_1_226' title='bbox 434 3150 492 3202; x_wconf 89' lang='lat' dir='ltr'>et</span> <span class='ocrx_word' id='word_1_227' title='bbox 509 3144 741 3202; x_wconf 91' lang='lat' dir='ltr'>Domini</span> <span class='ocrx_word' id='word_1_228' title='bbox 772 3143 968 3217; x_wconf 68' lang='lat' dir='ltr'>glorias</span> <span class='ocrx_word' id='word_1_229' title='bbox 1000 3141 1319 3215; x_wconf 88' lang='lat' dir='ltr'>singularis</span> <span class='ocrx_word' id='word_1_230' title='bbox 1347 3143 1420 3197; x_wconf 91' lang='lat' dir='ltr'>de</span> <span class='ocrx_word' id='word_1_231' title='bbox 1434 3142 1722 3214; x_wconf 68' lang='lat' dir='ltr'>praeconio</span> <span class='ocrx_word' id='word_1_232' title='bbox 1737 3147 2076 3213; x_wconf 81' lang='lat' dir='ltr'>sanctorum</span> 
     </span>
    </p>
   </div>
   <div class='ocr_carea' id='block_1_35' title="bbox 2211 655 3866 735">
    <p class='ocr_par' dir='ltr' id='par_1_35' title="bbox 2211 655 3866 735">
     <span class='ocr_line' id='line_1_35' title="bbox 2211 655 3866 735; baseline 0.006 -26"><span class='ocrx_word' id='word_1_233' title='bbox 2211 656 2447 712; x_wconf 82' lang='lat' dir='ltr'>stantia.</span> <span class='ocrx_word' id='word_1_234' title='bbox 2472 655 2593 724; x_wconf 89' lang='lat' dir='ltr'>Ille,</span> <span class='ocrx_word' id='word_1_235' title='bbox 2617 662 2682 713; x_wconf 90' lang='lat' dir='ltr'>ut</span> <span class='ocrx_word' id='word_1_236' title='bbox 2706 656 2808 729; x_wconf 89' lang='lat' dir='ltr'>qui</span> <span class='ocrx_word' id='word_1_237' title='bbox 2839 655 3362 732; x_wconf 75' lang='lat' dir='ltr'>animam,quando</span> <span class='ocrx_word' id='word_1_238' title='bbox 3383 660 3866 735; x_wconf 89' lang='lat' dir='ltr'>vellet,ponendi,</span> 
     </span>
    </p>
   </div>
   <div class='ocr_carea' id='block_1_36' title="bbox 2208 745 3868 824">
    <p class='ocr_par' dir='ltr' id='par_1_36' title="bbox 2208 745 3868 824">
     <span class='ocr_line' id='line_1_36' title="bbox 2208 745 3868 824; baseline 0.006 -26"><span class='ocrx_word' id='word_1_239' title='bbox 2208 748 2265 799; x_wconf 92' lang='lat' dir='ltr'>et</span> <span class='ocrx_word' id='word_1_240' title='bbox 2296 761 2432 800; x_wconf 90' lang='lat' dir='ltr'>cum</span> <span class='ocrx_word' id='word_1_241' title='bbox 2462 745 2650 815; x_wconf 89' lang='lat' dir='ltr'>vellet,</span> <span class='ocrx_word' id='word_1_242' title='bbox 2684 745 2894 802; x_wconf 88' lang='lat' dir='ltr'>iterum</span> <span class='ocrx_word' id='word_1_243' title='bbox 2943 747 3236 816; x_wconf 87' lang='lat' dir='ltr'>sumendi,</span> <span class='ocrx_word' id='word_1_244' title='bbox 3270 747 3432 805; x_wconf 91' lang='lat' dir='ltr'>solus</span> <span class='ocrx_word' id='word_1_245' title='bbox 3466 749 3676 807; x_wconf 90' lang='lat' dir='ltr'>habuit</span> <span class='ocrx_word' id='word_1_246' title='bbox 3700 756 3868 824; x_wconf 88' lang='lat' dir='ltr'>pote-</span> 
     </span>
    </p>
   </div>
   <div class='ocr_carea' id='block_1_37' title="bbox 2208 835 3870 908">
    <p class='ocr_par' dir='ltr' id='par_1_37' title="bbox 2208 835 3870 908">
     <span class='ocr_line' id='line_1_37' title="bbox 2208 835 3870 908; baseline 0.004 -20"><span class='ocrx_word' id='word_1_247' title='bbox 2208 836 2440 902; x_wconf 90' lang='lat' dir='ltr'>statem,</span> <span class='ocrx_word' id='word_1_248' title='bbox 2502 838 2689 891; x_wconf 91' lang='lat' dir='ltr'>morte</span> <span class='ocrx_word' id='word_1_249' title='bbox 2735 835 2847 890; x_wconf 89' lang='lat' dir='ltr'>sibi</span> <span class='ocrx_word' id='word_1_250' title='bbox 2897 839 3103 908; x_wconf 88' lang='lat' dir='ltr'>sponte</span> <span class='ocrx_word' id='word_1_251' title='bbox 3152 835 3436 905; x_wconf 89' lang='lat' dir='ltr'>admissa,</span> <span class='ocrx_word' id='word_1_252' title='bbox 3483 838 3639 894; x_wconf 86' lang='lat' dir='ltr'>infra</span> <span class='ocrx_word' id='word_1_253' title='bbox 3689 839 3870 895; x_wconf 83' lang='lat' dir='ltr'>breve</span> 
     </span>
    </p>
   </div>
   <div class='ocr_carea' id='block_1_38' title="bbox 2203 921 3866 996">
    <p class='ocr_par' dir='ltr' id='par_1_38' title="bbox 2203 921 3866 996">
     <span class='ocr_line' id='line_1_38' title="bbox 2203 921 3866 996; baseline 0.004 -19"><span class='ocrx_word' id='word_1_254' title='bbox 2203 925 2440 994; x_wconf 88' lang='lat' dir='ltr'>tempus</span> <span class='ocrx_word' id='word_1_255' title='bbox 2468 921 2743 980; x_wconf 86' lang='lat' dir='ltr'>claustris</span> <span class='ocrx_word' id='word_1_256' title='bbox 2791 922 3045 996; x_wconf 88' lang='lat' dir='ltr'>sepulcri</span> <span class='ocrx_word' id='word_1_257' title='bbox 3095 928 3406 980; x_wconf 85' lang='lat' dir='ltr'>contentus</span> <span class='ocrx_word' id='word_1_258' title='bbox 3461 925 3676 982; x_wconf 88' lang='lat' dir='ltr'>virtute</span> <span class='ocrx_word' id='word_1_259' title='bbox 3724 944 3866 983; x_wconf 82' lang='lat' dir='ltr'>mox</span> 
     </span>
    </p>
   </div>
   <div class='ocr_carea' id='block_1_39' title="bbox 2205 1011 3868 1088">
    <p class='ocr_par' dir='ltr' id='par_1_39' title="bbox 2205 1011 3868 1088">
     <span class='ocr_line' id='line_1_39' title="bbox 2205 1011 3868 1088; baseline 0.003 -22"><span class='ocrx_word' id='word_1_260' title='bbox 2205 1011 2451 1084; x_wconf 67' lang='lat' dir='ltr'>propria:</span> <span class='ocrx_word' id='word_1_261' title='bbox 2484 1012 2811 1082; x_wconf 88' lang='lat' dir='ltr'>majestatis</span> <span class='ocrx_word' id='word_1_262' title='bbox 2842 1012 3047 1067; x_wconf 89' lang='lat' dir='ltr'>mortis</span> <span class='ocrx_word' id='word_1_263' title='bbox 3065 1011 3295 1086; x_wconf 86' lang='lat' dir='ltr'>legibus</span> <span class='ocrx_word' id='word_1_264' title='bbox 3324 1013 3525 1070; x_wconf 81' lang='lat' dir='ltr'>fractis</span> <span class='ocrx_word' id='word_1_265' title='bbox 3551 1014 3738 1071; x_wconf 83' lang='lat' dir='ltr'>victor</span> <span class='ocrx_word' id='word_1_266' title='bbox 3756 1033 3868 1088; x_wconf 87' lang='lat' dir='ltr'>per</span> 
     </span>
    </p>
   </div>
   <div class='ocr_carea' id='block_1_40' title="bbox 2202 1100 3862 1175">
    <p class='ocr_par' dir='ltr' id='par_1_40' title="bbox 2202 1100 3862 1175">
     <span class='ocr_line' id='line_1_40' title="bbox 2202 1100 3862 1175; baseline 0.003 -20"><span class='ocrx_word' id='word_1_267' title='bbox 2202 1117 2264 1156; x_wconf 89' lang='lat' dir='ltr'>se</span> <span class='ocrx_word' id='word_1_268' title='bbox 2291 1100 2416 1174; x_wconf 91' lang='lat' dir='ltr'>ipse</span> <span class='ocrx_word' id='word_1_269' title='bbox 2445 1101 2732 1170; x_wconf 83' lang='lat' dir='ltr'>surrexit;</span> <span class='ocrx_word' id='word_1_270' title='bbox 2766 1103 2952 1158; x_wconf 89' lang='lat' dir='ltr'>sancti</span> <span class='ocrx_word' id='word_1_271' title='bbox 3003 1119 3135 1159; x_wconf 90' lang='lat' dir='ltr'>vero</span> <span class='ocrx_word' id='word_1_272' title='bbox 3179 1119 3420 1175; x_wconf 91' lang='lat' dir='ltr'>corpore</span> <span class='ocrx_word' id='word_1_273' title='bbox 3466 1103 3576 1160; x_wconf 91' lang='lat' dir='ltr'>hoc</span> <span class='ocrx_word' id='word_1_274' title='bbox 3620 1105 3862 1162; x_wconf 83' lang='lat' dir='ltr'>mortali</span> 
     </span>
    </p>
   </div>
   <div class='ocr_carea' id='block_1_41' title="bbox 2201 1190 3864 1264">
    <p class='ocr_par' dir='ltr' id='par_1_41' title="bbox 2201 1190 3864 1264">
     <span class='ocr_line' id='line_1_41' title="bbox 2201 1190 3864 1264; baseline 0.004 -21"><span class='ocrx_word' id='word_1_275' title='bbox 2201 1194 2414 1245; x_wconf 87' lang='lat' dir='ltr'>natura</span> <span class='ocrx_word' id='word_1_276' title='bbox 2441 1190 2554 1261; x_wconf 89' lang='lat' dir='ltr'>ipsi</span> <span class='ocrx_word' id='word_1_277' title='bbox 2601 1190 2708 1245; x_wconf 89' lang='lat' dir='ltr'>toti</span> <span class='ocrx_word' id='word_1_278' title='bbox 2759 1190 3036 1247; x_wconf 86' lang='lat' dir='ltr'>mortales</span> <span class='ocrx_word' id='word_1_279' title='bbox 3096 1191 3338 1264; x_wconf 86' lang='lat' dir='ltr'>egressi,</span> <span class='ocrx_word' id='word_1_280' title='bbox 3372 1190 3580 1264; x_wconf 87' lang='lat' dir='ltr'>spiritu</span> <span class='ocrx_word' id='word_1_281' title='bbox 3611 1193 3686 1248; x_wconf 90' lang='lat' dir='ltr'>ad</span> <span class='ocrx_word' id='word_1_282' title='bbox 3717 1210 3864 1249; x_wconf 87' lang='lat' dir='ltr'>eum</span> 
     </span>
    </p>
   </div>
   <div class='ocr_carea' id='block_1_42' title="bbox 2199 1277 3860 1354">
    <p class='ocr_par' dir='ltr' id='par_1_42' title="bbox 2199 1277 3860 1354">
     <span class='ocr_line' id='line_1_42' title="bbox 2199 1277 3860 1354; baseline 0.004 -22"><span class='ocrx_word' id='word_1_283' title='bbox 2199 1278 2299 1349; x_wconf 90' lang='lat' dir='ltr'>qui</span> <span class='ocrx_word' id='word_1_284' title='bbox 2361 1277 2525 1333; x_wconf 90' lang='lat' dir='ltr'>illum</span> <span class='ocrx_word' id='word_1_285' title='bbox 2584 1279 2848 1348; x_wconf 90' lang='lat' dir='ltr'>miserat,</span> <span class='ocrx_word' id='word_1_286' title='bbox 2910 1279 3223 1348; x_wconf 88' lang='lat' dir='ltr'>revolante,</span> <span class='ocrx_word' id='word_1_287' title='bbox 3283 1297 3416 1336; x_wconf 91' lang='lat' dir='ltr'>caro</span> <span class='ocrx_word' id='word_1_288' title='bbox 3491 1281 3618 1354; x_wconf 88' lang='lat' dir='ltr'>lege</span> <span class='ocrx_word' id='word_1_289' title='bbox 3677 1282 3860 1354; x_wconf 87' lang='lat' dir='ltr'>primi</span> 
     </span>
    </p>
   </div>
   <div class='ocr_carea' id='block_1_43' title="bbox 2198 1365 3858 1441">
    <p class='ocr_par' dir='ltr' id='par_1_43' title="bbox 2198 1365 3858 1441">
     <span class='ocr_line' id='line_1_43' title="bbox 2198 1365 3858 1441; baseline 0.004 -21"><span class='ocrx_word' id='word_1_290' title='bbox 2198 1365 2456 1422; x_wconf 89' lang='lat' dir='ltr'>hominis</span> <span class='ocrx_word' id='word_1_291' title='bbox 2506 1367 2580 1422; x_wconf 90' lang='lat' dir='ltr'>ad</span> <span class='ocrx_word' id='word_1_292' title='bbox 2639 1372 2856 1424; x_wconf 87' lang='lat' dir='ltr'>terram</span> <span class='ocrx_word' id='word_1_293' title='bbox 2918 1367 3237 1424; x_wconf 89' lang='lat' dir='ltr'>reducitur.</span> <span class='ocrx_word' id='word_1_294' title='bbox 3300 1368 3411 1424; x_wconf 88' lang='lat' dir='ltr'>Sed</span> <span class='ocrx_word' id='word_1_295' title='bbox 3470 1369 3608 1441; x_wconf 89' lang='lat' dir='ltr'>quia</span> <span class='ocrx_word' id='word_1_296' title='bbox 3666 1369 3858 1426; x_wconf 86' lang='lat' dir='ltr'>mira—</span> 
     </span>
    </p>
   </div>
   <div class='ocr_carea' id='block_1_44' title="bbox 2198 1453 3859 1532">
    <p class='ocr_par' dir='ltr' id='par_1_44' title="bbox 2198 1453 3859 1532">
     <span class='ocr_line' id='line_1_44' title="bbox 2198 1453 3859 1532; baseline 0.003 -23"><span class='ocrx_word' id='word_1_297' title='bbox 2198 1453 2298 1510; x_wconf 90' lang='lat' dir='ltr'>bili</span> <span class='ocrx_word' id='word_1_298' title='bbox 2359 1456 2707 1512; x_wconf 89' lang='lat' dir='ltr'>commercio</span> <span class='ocrx_word' id='word_1_299' title='bbox 2763 1461 2974 1513; x_wconf 90' lang='lat' dir='ltr'>natura</span> <span class='ocrx_word' id='word_1_300' title='bbox 3053 1461 3301 1530; x_wconf 88' lang='lat' dir='ltr'>utraque</span> <span class='ocrx_word' id='word_1_301' title='bbox 3351 1458 3544 1514; x_wconf 89' lang='lat' dir='ltr'>carnis</span> <span class='ocrx_word' id='word_1_302' title='bbox 3600 1475 3668 1514; x_wconf 89' lang='lat' dir='ltr'>ac</span> <span class='ocrx_word' id='word_1_303' title='bbox 3723 1459 3859 1532; x_wconf 88' lang='lat' dir='ltr'>spi-</span> 
     </span>
    </p>
   </div>
   <div class='ocr_carea' id='block_1_45' title="bbox 2196 1541 3854 1618">
    <p class='ocr_par' dir='ltr' id='par_1_45' title="bbox 2196 1541 3854 1618">
     <span class='ocr_line' id='line_1_45' title="bbox 2196 1541 3854 1618; baseline 0.005 -20"><span class='ocrx_word' id='word_1_304' title='bbox 2196 1541 2344 1599; x_wconf 90' lang='lat' dir='ltr'>ritus</span> <span class='ocrx_word' id='word_1_305' title='bbox 2403 1549 2690 1614; x_wconf 90' lang='lat' dir='ltr'>concreta,</span> <span class='ocrx_word' id='word_1_306' title='bbox 2748 1545 2890 1602; x_wconf 91' lang='lat' dir='ltr'>dum</span> <span class='ocrx_word' id='word_1_307' title='bbox 2940 1545 3001 1602; x_wconf 90' lang='lat' dir='ltr'>in</span> <span class='ocrx_word' id='word_1_308' title='bbox 3073 1544 3342 1618; x_wconf 59' lang='lat' dir='ltr'>presenti</span> <span class='ocrx_word' id='word_1_309' title='bbox 3401 1547 3473 1603; x_wconf 88' lang='lat' dir='ltr'>ad</span> <span class='ocrx_word' id='word_1_310' title='bbox 3531 1545 3734 1603; x_wconf 83' lang='lat' dir='ltr'>divina</span> <span class='ocrx_word' id='word_1_311' title='bbox 3786 1565 3854 1606; x_wconf 86' lang='lat' dir='ltr'>se</span> 
     </span>
    </p>
   </div>
   <div class='ocr_carea' id='block_1_46' title="bbox 2194 1633 3847 1708">
    <p class='ocr_par' dir='ltr' id='par_1_46' title="bbox 2194 1633 3847 1708">
     <span class='ocr_line' id='line_1_46' title="bbox 2194 1633 3847 1708; baseline 0.003 -20"><span class='ocrx_word' id='word_1_312' title='bbox 2194 1637 2438 1702; x_wconf 85' lang='lat' dir='ltr'>exercet,</span> <span class='ocrx_word' id='word_1_313' title='bbox 2455 1639 2662 1690; x_wconf 88' lang='lat' dir='ltr'>mutua</span> <span class='ocrx_word' id='word_1_314' title='bbox 2689 1633 2842 1690; x_wconf 89' lang='lat' dir='ltr'>inter</span> <span class='ocrx_word' id='word_1_315' title='bbox 2869 1651 2932 1691; x_wconf 90' lang='lat' dir='ltr'>se</span> <span class='ocrx_word' id='word_1_316' title='bbox 2962 1636 3297 1708; x_wconf 81' lang='lat' dir='ltr'>expendunt</span> <span class='ocrx_word' id='word_1_317' title='bbox 3323 1634 3600 1707; x_wconf 88' lang='lat' dir='ltr'>operandi</span> <span class='ocrx_word' id='word_1_318' title='bbox 3621 1635 3847 1707; x_wconf 81' lang='lat' dir='ltr'>officia,</span> 
     </span>
    </p>
   </div>
   <div class='ocr_carea' id='block_1_47' title="bbox 2195 1720 3862 1798">
    <p class='ocr_par' dir='ltr' id='par_1_47' title="bbox 2195 1720 3862 1798">
     <span class='ocr_line' id='line_1_47' title="bbox 2195 1720 3862 1798; baseline 0.005 -24"><span class='ocrx_word' id='word_1_319' title='bbox 2195 1725 2260 1774; x_wconf 91' lang='lat' dir='ltr'>ut</span> <span class='ocrx_word' id='word_1_320' title='bbox 2285 1720 2528 1793; x_wconf 92' lang='lat' dir='ltr'>spiritus</span> <span class='ocrx_word' id='word_1_321' title='bbox 2549 1738 2652 1794; x_wconf 91' lang='lat' dir='ltr'>per</span> <span class='ocrx_word' id='word_1_322' title='bbox 2681 1737 2938 1792; x_wconf 84' lang='lat' dir='ltr'>carnem,</span> <span class='ocrx_word' id='word_1_323' title='bbox 2968 1739 3102 1780; x_wconf 89' lang='lat' dir='ltr'>caro</span> <span class='ocrx_word' id='word_1_324' title='bbox 3125 1739 3230 1794; x_wconf 88' lang='lat' dir='ltr'>per</span> <span class='ocrx_word' id='word_1_325' title='bbox 3249 1722 3492 1796; x_wconf 85' lang='lat' dir='ltr'>spiritus</span> <span class='ocrx_word' id='word_1_326' title='bbox 3513 1723 3668 1781; x_wconf 88' lang='lat' dir='ltr'>bona</span> <span class='ocrx_word' id='word_1_327' title='bbox 3701 1741 3862 1798; x_wconf 61' lang='lat' dir='ltr'>quaa-</span> 
     </span>
    </p>
   </div>
   <div class='ocr_carea' id='block_1_48' title="bbox 2191 1806 3860 1882">
    <p class='ocr_par' dir='ltr' id='par_1_48' title="bbox 2191 1806 3860 1882">
     <span class='ocr_line' id='line_1_48' title="bbox 2191 1806 3860 1882; baseline 0.005 -20"><span class='ocrx_word' id='word_1_328' title='bbox 2191 1806 2335 1864; x_wconf 90' lang='lat' dir='ltr'>libet</span> <span class='ocrx_word' id='word_1_329' title='bbox 2381 1814 2716 1882; x_wconf 87' lang='lat' dir='ltr'>operentur,</span> <span class='ocrx_word' id='word_1_330' title='bbox 2752 1814 2810 1867; x_wconf 91' lang='lat' dir='ltr'>et</span> <span class='ocrx_word' id='word_1_331' title='bbox 2839 1811 2960 1867; x_wconf 67' lang='lat' dir='ltr'>htec</span> <span class='ocrx_word' id='word_1_332' title='bbox 2990 1811 3166 1867; x_wconf 89' lang='lat' dir='ltr'>simul</span> <span class='ocrx_word' id='word_1_333' title='bbox 3200 1812 3343 1867; x_wconf 89' lang='lat' dir='ltr'>dum</span> <span class='ocrx_word' id='word_1_334' title='bbox 3375 1810 3594 1880; x_wconf 89' lang='lat' dir='ltr'>vivunt,</span> <span class='ocrx_word' id='word_1_335' title='bbox 3629 1811 3860 1872; x_wconf 85' lang='lat' dir='ltr'>Christi</span> 
     </span>
    </p>
   </div>
   <div class='ocr_carea' id='block_1_49' title="bbox 2190 1897 3860 1971">
    <p class='ocr_par' dir='ltr' id='par_1_49' title="bbox 2190 1897 3860 1971">
     <span class='ocr_line' id='line_1_49' title="bbox 2190 1897 3860 1971; baseline 0.004 -19"><span class='ocrx_word' id='word_1_336' title='bbox 2190 1897 2562 1969; x_wconf 86' lang='lat' dir='ltr'>templum,et</span> <span class='ocrx_word' id='word_1_337' title='bbox 2583 1899 2752 1970; x_wconf 89' lang='lat' dir='ltr'>quasi</span> <span class='ocrx_word' id='word_1_338' title='bbox 2775 1900 3045 1971; x_wconf 65' lang='lat' dir='ltr'>quaedam</span> <span class='ocrx_word' id='word_1_339' title='bbox 3069 1916 3205 1956; x_wconf 88' lang='lat' dir='ltr'>arca</span> <span class='ocrx_word' id='word_1_340' title='bbox 3233 1900 3564 1956; x_wconf 77' lang='lat' dir='ltr'>testamenti</span> <span class='ocrx_word' id='word_1_341' title='bbox 3587 1899 3860 1958; x_wconf 85' lang='lat' dir='ltr'>divinam</span> 
     </span>
    </p>
   </div>
   <div class='ocr_carea' id='block_1_50' title="bbox 2193 1987 3856 2062">
    <p class='ocr_par' dir='ltr' id='par_1_50' title="bbox 2193 1987 3856 2062">
     <span class='ocr_line' id='line_1_50' title="bbox 2193 1987 3856 2062; baseline 0.003 -20"><span class='ocrx_word' id='word_1_342' title='bbox 2193 2002 2431 2042; x_wconf 87' lang='lat' dir='ltr'>servans</span> <span class='ocrx_word' id='word_1_343' title='bbox 2463 1987 2772 2044; x_wconf 89' lang='lat' dir='ltr'>scientiam</span> <span class='ocrx_word' id='word_1_344' title='bbox 2794 1987 3112 2056; x_wconf 87' lang='lat' dir='ltr'>habentur;</span> <span class='ocrx_word' id='word_1_345' title='bbox 3138 2005 3273 2044; x_wconf 85' lang='lat' dir='ltr'>mox</span> <span class='ocrx_word' id='word_1_346' title='bbox 3291 1991 3357 2045; x_wconf 91' lang='lat' dir='ltr'>ut</span> <span class='ocrx_word' id='word_1_347' title='bbox 3379 1988 3622 2062; x_wconf 88' lang='lat' dir='ltr'>spiritus</span> <span class='ocrx_word' id='word_1_348' title='bbox 3646 1989 3724 2046; x_wconf 89' lang='lat' dir='ltr'>ab</span> <span class='ocrx_word' id='word_1_349' title='bbox 3744 2007 3856 2047; x_wconf 78' lang='lat' dir='ltr'>au-</span> 
     </span>
    </p>
   </div>
   <div class='ocr_carea' id='block_1_51' title="bbox 2193 2076 3864 2151">
    <p class='ocr_par' dir='ltr' id='par_1_51' title="bbox 2193 2076 3864 2151">
     <span class='ocr_line' id='line_1_51' title="bbox 2193 2076 3864 2151; baseline 0.005 -21"><span class='ocrx_word' id='word_1_350' title='bbox 2193 2078 2351 2132; x_wconf 89' lang='lat' dir='ltr'>ctore</span> <span class='ocrx_word' id='word_1_351' title='bbox 2382 2076 2946 2150; x_wconf 89' lang='lat' dir='ltr'>reposcitur,corpus</span> <span class='ocrx_word' id='word_1_352' title='bbox 2967 2077 3025 2133; x_wconf 91' lang='lat' dir='ltr'>in</span> <span class='ocrx_word' id='word_1_353' title='bbox 3048 2095 3164 2151; x_wconf 89' lang='lat' dir='ltr'>quo</span> <span class='ocrx_word' id='word_1_354' title='bbox 3185 2082 3271 2134; x_wconf 90' lang='lat' dir='ltr'>tot</span> <span class='ocrx_word' id='word_1_355' title='bbox 3291 2081 3518 2135; x_wconf 88' lang='lat' dir='ltr'>sacrata</span> <span class='ocrx_word' id='word_1_356' title='bbox 3535 2079 3636 2134; x_wconf 92' lang='lat' dir='ltr'>diu</span> <span class='ocrx_word' id='word_1_357' title='bbox 3662 2096 3864 2138; x_wconf 81' lang='lat' dir='ltr'>serva-</span> 
     </span>
    </p>
   </div>
   <div class='ocr_carea' id='block_1_52' title="bbox 2193 2162 3864 2238">
    <p class='ocr_par' dir='ltr' id='par_1_52' title="bbox 2193 2162 3864 2238">
     <span class='ocr_line' id='line_1_52' title="bbox 2193 2162 3864 2238; baseline 0.005 -20"><span class='ocrx_word' id='word_1_358' title='bbox 2193 2162 2430 2233; x_wconf 87' lang='lat' dir='ltr'>bantur,</span> <span class='ocrx_word' id='word_1_359' title='bbox 2461 2165 2586 2220; x_wconf 90' lang='lat' dir='ltr'>vice</span> <span class='ocrx_word' id='word_1_360' title='bbox 2643 2164 2847 2238; x_wconf 89' lang='lat' dir='ltr'>templi</span> <span class='ocrx_word' id='word_1_361' title='bbox 2891 2166 3014 2235; x_wconf 90' lang='lat' dir='ltr'>Dei,</span> <span class='ocrx_word' id='word_1_362' title='bbox 3049 2171 3111 2223; x_wconf 89' lang='lat' dir='ltr'>et</span> <span class='ocrx_word' id='word_1_363' title='bbox 3139 2183 3287 2223; x_wconf 71' lang='lat' dir='ltr'>arcae</span> <span class='ocrx_word' id='word_1_364' title='bbox 3316 2166 3434 2223; x_wconf 93' lang='lat' dir='ltr'>illis</span> <span class='ocrx_word' id='word_1_365' title='bbox 3463 2169 3864 2227; x_wconf 86' lang='lat' dir='ltr'>sacramentis</span> 
     </span>
    </p>
   </div>
   <div class='ocr_carea' id='block_1_53' title="bbox 2192 2250 3861 2330">
    <p class='ocr_par' dir='ltr' id='par_1_53' title="bbox 2192 2250 3861 2330">
     <span class='ocr_line' id='line_1_53' title="bbox 2192 2250 3861 2330; baseline 0.005 -24"><span class='ocrx_word' id='word_1_366' title='bbox 2192 2250 2548 2324; x_wconf 73' lang='lat' dir='ltr'>plenissimae</span> <span class='ocrx_word' id='word_1_367' title='bbox 2579 2254 2756 2327; x_wconf 88' lang='lat' dir='ltr'>digne</span> <span class='ocrx_word' id='word_1_368' title='bbox 2785 2271 2818 2311; x_wconf 90' lang='lat' dir='ltr'>a</span> <span class='ocrx_word' id='word_1_369' title='bbox 2845 2254 3120 2312; x_wconf 81' lang='lat' dir='ltr'>ﬁdelibus</span> <span class='ocrx_word' id='word_1_370' title='bbox 3151 2255 3527 2312; x_wconf 78' lang='lat' dir='ltr'>reverendam</span> <span class='ocrx_word' id='word_1_371' title='bbox 3557 2257 3861 2330; x_wconf 78' lang='lat' dir='ltr'>excipitur</span> 
     </span>
    </p>
   </div>
   <div class='ocr_carea' id='block_1_54' title="bbox 2191 2343 3854 2418">
    <p class='ocr_par' dir='ltr' id='par_1_54' title="bbox 2191 2343 3854 2418">
     <span class='ocr_line' id='line_1_54' title="bbox 2191 2343 3854 2418; baseline 0.005 -22"><span class='ocrx_word' id='word_1_372' title='bbox 2191 2345 2248 2396; x_wconf 90' lang='lat' dir='ltr'>et</span> <span class='ocrx_word' id='word_1_373' title='bbox 2269 2347 2553 2411; x_wconf 89' lang='lat' dir='ltr'>servatur,</span> <span class='ocrx_word' id='word_1_374' title='bbox 2568 2343 2752 2400; x_wconf 89' lang='lat' dir='ltr'>donec</span> <span class='ocrx_word' id='word_1_375' title='bbox 2771 2343 2830 2399; x_wconf 92' lang='lat' dir='ltr'>in</span> <span class='ocrx_word' id='word_1_376' title='bbox 2861 2345 2976 2401; x_wconf 85' lang='lat' dir='ltr'>ﬁne</span> <span class='ocrx_word' id='word_1_377' title='bbox 3004 2344 3418 2418; x_wconf 87' lang='lat' dir='ltr'>temporalium</span> <span class='ocrx_word' id='word_1_378' title='bbox 3448 2349 3664 2402; x_wconf 62' lang='lat' dir='ltr'>aeterna</span> <span class='ocrx_word' id='word_1_379' title='bbox 3685 2351 3854 2404; x_wconf 85' lang='lat' dir='ltr'>utra-</span> 
     </span>
    </p>
   </div>
   <div class='ocr_carea' id='block_1_55' title="bbox 2191 2432 3854 2509">
    <p class='ocr_par' dir='ltr' id='par_1_55' title="bbox 2191 2432 3854 2509">
     <span class='ocr_line' id='line_1_55' title="bbox 2191 2432 3854 2509; baseline 0.001 -21"><span class='ocrx_word' id='word_1_380' title='bbox 2191 2446 2305 2502; x_wconf 88' lang='lat' dir='ltr'>que</span> <span class='ocrx_word' id='word_1_381' title='bbox 2337 2432 2673 2490; x_wconf 86' lang='lat' dir='ltr'>substantia</span> <span class='ocrx_word' id='word_1_382' title='bbox 2701 2433 2926 2490; x_wconf 90' lang='lat' dir='ltr'>reddita</span> <span class='ocrx_word' id='word_1_383' title='bbox 2955 2433 3015 2489; x_wconf 92' lang='lat' dir='ltr'>in</span> <span class='ocrx_word' id='word_1_384' title='bbox 3047 2439 3322 2503; x_wconf 89' lang='lat' dir='ltr'>unam,ut</span> <span class='ocrx_word' id='word_1_385' title='bbox 3349 2435 3854 2509; x_wconf 85' lang='lat' dir='ltr'>prius,compagi-</span> 
     </span>
    </p>
   </div>
   <div class='ocr_carea' id='block_1_56' title="bbox 2190 2521 3850 2598">
    <p class='ocr_par' dir='ltr' id='par_1_56' title="bbox 2190 2521 3850 2598">
     <span class='ocr_line' id='line_1_56' title="bbox 2190 2521 3850 2598; baseline 0.002 -20"><span class='ocrx_word' id='word_1_386' title='bbox 2190 2521 2539 2595; x_wconf 88' lang='lat' dir='ltr'>nem,gloria</span> <span class='ocrx_word' id='word_1_387' title='bbox 2557 2526 2754 2579; x_wconf 90' lang='lat' dir='ltr'>tamen</span> <span class='ocrx_word' id='word_1_388' title='bbox 2786 2523 3201 2595; x_wconf 64' lang='lat' dir='ltr'>prastantiori,</span> <span class='ocrx_word' id='word_1_389' title='bbox 3234 2523 3438 2580; x_wconf 88' lang='lat' dir='ltr'>amicis</span> <span class='ocrx_word' id='word_1_390' title='bbox 3469 2528 3674 2598; x_wconf 88' lang='lat' dir='ltr'>postea</span> <span class='ocrx_word' id='word_1_391' title='bbox 3707 2525 3850 2582; x_wconf 86' lang='lat' dir='ltr'>nul-</span> 
     </span>
    </p>
   </div>
   <div class='ocr_carea' id='block_1_57' title="bbox 2189 2610 3854 2686">
    <p class='ocr_par' dir='ltr' id='par_1_57' title="bbox 2189 2610 3854 2686">
     <span class='ocr_line' id='line_1_57' title="bbox 2189 2610 3854 2686; baseline 0.004 -20"><span class='ocrx_word' id='word_1_392' title='bbox 2189 2610 2363 2683; x_wconf 90' lang='lat' dir='ltr'>loque</span> <span class='ocrx_word' id='word_1_393' title='bbox 2393 2611 2544 2667; x_wconf 89' lang='lat' dir='ltr'>inter</span> <span class='ocrx_word' id='word_1_394' title='bbox 2574 2626 2638 2668; x_wconf 89' lang='lat' dir='ltr'>se</span> <span class='ocrx_word' id='word_1_395' title='bbox 2667 2610 3094 2668; x_wconf 88' lang='lat' dir='ltr'>dissidentibus</span> <span class='ocrx_word' id='word_1_396' title='bbox 3127 2611 3372 2669; x_wconf 85' lang='lat' dir='ltr'>nexibus</span> <span class='ocrx_word' id='word_1_397' title='bbox 3402 2616 3771 2686; x_wconf 89' lang='lat' dir='ltr'>reparentur.</span> <span class='ocrx_word' id='word_1_398' title='bbox 3787 2615 3854 2672; x_wconf 90' lang='lat' dir='ltr'>Si</span> 
     </span>
    </p>
   </div>
   <div class='ocr_carea' id='block_1_58' title="bbox 2189 2699 3853 2774">
    <p class='ocr_par' dir='ltr' id='par_1_58' title="bbox 2189 2699 3853 2774">
     <span class='ocr_line' id='line_1_58' title="bbox 2189 2699 3853 2774; baseline 0.004 -20"><span class='ocrx_word' id='word_1_399' title='bbox 2189 2713 2326 2773; x_wconf 88' lang='lat' dir='ltr'>ergo</span> <span class='ocrx_word' id='word_1_400' title='bbox 2357 2699 2589 2757; x_wconf 88' lang='lat' dir='ltr'>bonitas</span> <span class='ocrx_word' id='word_1_401' title='bbox 2635 2699 2904 2773; x_wconf 71' lang='lat' dir='ltr'>potentiae</span> <span class='ocrx_word' id='word_1_402' title='bbox 2951 2699 3075 2769; x_wconf 87' lang='lat' dir='ltr'>Dei,</span> <span class='ocrx_word' id='word_1_403' title='bbox 3107 2717 3236 2774; x_wconf 70' lang='lat' dir='ltr'>quia</span> <span class='ocrx_word' id='word_1_404' title='bbox 3268 2718 3436 2758; x_wconf 90' lang='lat' dir='ltr'>suam</span> <span class='ocrx_word' id='word_1_405' title='bbox 3468 2706 3743 2759; x_wconf 88' lang='lat' dir='ltr'>sanctam</span> <span class='ocrx_word' id='word_1_406' title='bbox 3778 2723 3853 2760; x_wconf 86' lang='lat' dir='ltr'>ex</span> 
     </span>
    </p>
   </div>
   <div class='ocr_carea' id='block_1_59' title="bbox 2186 2788 3848 2864">
    <p class='ocr_par' dir='ltr' id='par_1_59' title="bbox 2186 2788 3848 2864">
     <span class='ocr_line' id='line_1_59' title="bbox 2186 2788 3848 2864; baseline 0.003 -22"><span class='ocrx_word' id='word_1_407' title='bbox 2186 2788 2412 2862; x_wconf 86' lang='lat' dir='ltr'>virgine</span> <span class='ocrx_word' id='word_1_408' title='bbox 2441 2804 2678 2845; x_wconf 87' lang='lat' dir='ltr'>carnem</span> <span class='ocrx_word' id='word_1_409' title='bbox 2710 2788 2856 2845; x_wconf 90' lang='lat' dir='ltr'>nulli</span> <span class='ocrx_word' id='word_1_410' title='bbox 2896 2790 3258 2863; x_wconf 91' lang='lat' dir='ltr'>corruptioni</span> <span class='ocrx_word' id='word_1_411' title='bbox 3315 2789 3486 2846; x_wconf 89' lang='lat' dir='ltr'>subdi</span> <span class='ocrx_word' id='word_1_412' title='bbox 3545 2792 3848 2864; x_wconf 80' lang='lat' dir='ltr'>permisit,</span> 
     </span>
    </p>
   </div>
   <div class='ocr_carea' id='block_1_60' title="bbox 2188 2875 3848 2951">
    <p class='ocr_par' dir='ltr' id='par_1_60' title="bbox 2188 2875 3848 2951">
     <span class='ocr_line' id='line_1_60' title="bbox 2188 2875 3848 2951; baseline 0.002 -19"><span class='ocrx_word' id='word_1_413' title='bbox 2188 2879 2526 2933; x_wconf 88' lang='lat' dir='ltr'>sanctorum</span> <span class='ocrx_word' id='word_1_414' title='bbox 2538 2877 2929 2949; x_wconf 89' lang='lat' dir='ltr'>quorumdam</span> <span class='ocrx_word' id='word_1_415' title='bbox 2947 2892 3051 2950; x_wconf 89' lang='lat' dir='ltr'>per</span> <span class='ocrx_word' id='word_1_416' title='bbox 3065 2875 3289 2950; x_wconf 86' lang='lat' dir='ltr'>aliquot</span> <span class='ocrx_word' id='word_1_417' title='bbox 3303 2881 3568 2950; x_wconf 89' lang='lat' dir='ltr'>tempora</span> <span class='ocrx_word' id='word_1_418' title='bbox 3580 2877 3848 2951; x_wconf 85' lang='lat' dir='ltr'>gratuito</span> 
     </span>
    </p>
   </div>
   <div class='ocr_carea' id='block_1_61' title="bbox 2187 2965 3847 3040">
    <p class='ocr_par' dir='ltr' id='par_1_61' title="bbox 2187 2965 3847 3040">
     <span class='ocr_line' id='line_1_61' title="bbox 2187 2965 3847 3040; baseline 0.002 -19"><span class='ocrx_word' id='word_1_419' title='bbox 2187 2980 2429 3022; x_wconf 88' lang='lat' dir='ltr'>munere</span> <span class='ocrx_word' id='word_1_420' title='bbox 2455 2965 2670 3022; x_wconf 87' lang='lat' dir='ltr'>servari</span> <span class='ocrx_word' id='word_1_421' title='bbox 2699 2965 2884 3022; x_wconf 87' lang='lat' dir='ltr'>voluit</span> <span class='ocrx_word' id='word_1_422' title='bbox 2911 2981 3155 3039; x_wconf 89' lang='lat' dir='ltr'>corpora</span> <span class='ocrx_word' id='word_1_423' title='bbox 3182 2965 3687 3040; x_wconf 75' lang='lat' dir='ltr'>incorrupta;baae</span> <span class='ocrx_word' id='word_1_424' title='bbox 3709 2966 3847 3025; x_wconf 84' lang='lat' dir='ltr'>laus</span> 
     </span>
    </p>
   </div>
   <div class='ocr_carea' id='block_1_62' title="bbox 2185 3050 3850 3129">
    <p class='ocr_par' dir='ltr' id='par_1_62' title="bbox 2185 3050 3850 3129">
     <span class='ocr_line' id='line_1_62' title="bbox 2185 3050 3850 3129; baseline 0.005 -23"><span class='ocrx_word' id='word_1_425' title='bbox 2185 3050 2529 3109; x_wconf 88' lang='lat' dir='ltr'>inferiorum</span> <span class='ocrx_word' id='word_1_426' title='bbox 2551 3051 2697 3109; x_wconf 91' lang='lat' dir='ltr'>nihil</span> <span class='ocrx_word' id='word_1_427' title='bbox 2729 3051 2891 3110; x_wconf 89' lang='lat' dir='ltr'>illam</span> <span class='ocrx_word' id='word_1_428' title='bbox 2916 3069 3149 3111; x_wconf 88' lang='lat' dir='ltr'>summe</span> <span class='ocrx_word' id='word_1_429' title='bbox 3179 3053 3532 3129; x_wconf 84' lang='lat' dir='ltr'>singularem</span> <span class='ocrx_word' id='word_1_430' title='bbox 3553 3053 3659 3112; x_wconf 88' lang='lat' dir='ltr'>Dei</span> <span class='ocrx_word' id='word_1_431' title='bbox 3682 3055 3850 3116; x_wconf 80' lang='lat' dir='ltr'>Chri-</span> 
     </span>
    </p>
   </div>
   <div class='ocr_carea' id='block_1_63' title="bbox 2187 3140 3844 3217">
    <p class='ocr_par' dir='ltr' id='par_1_63' title="bbox 2187 3140 3844 3217">
     <span class='ocr_line' id='line_1_63' title="bbox 2187 3140 3844 3217; baseline 0.005 -22"><span class='ocrx_word' id='word_1_432' title='bbox 2187 3141 2262 3196; x_wconf 86' lang='lat' dir='ltr'>sti</span> <span class='ocrx_word' id='word_1_433' title='bbox 2293 3140 2556 3198; x_wconf 87' lang='lat' dir='ltr'>omnium</span> <span class='ocrx_word' id='word_1_434' title='bbox 2580 3140 2898 3215; x_wconf 89' lang='lat' dir='ltr'>superioris</span> <span class='ocrx_word' id='word_1_435' title='bbox 2917 3141 3291 3200; x_wconf 90' lang='lat' dir='ltr'>comminuit:</span> <span class='ocrx_word' id='word_1_436' title='bbox 3309 3142 3450 3216; x_wconf 89' lang='lat' dir='ltr'>quin</span> <span class='ocrx_word' id='word_1_437' title='bbox 3472 3143 3672 3217; x_wconf 88' lang='lat' dir='ltr'>potius</span> <span class='ocrx_word' id='word_1_438' title='bbox 3692 3145 3844 3214; x_wconf 66' lang='lat' dir='ltr'>hac,</span> 
     </span>
    </p>
   </div>
   <div class='ocr_carea' id='block_1_64' title="bbox 433 3212 3850 3305">
    <p class='ocr_par' dir='ltr' id='par_1_64' title="bbox 433 3212 3850 3305">
     <span class='ocr_line' id='line_1_64' title="bbox 433 3212 3850 3305; baseline 0 -14"><span class='ocrx_word' id='word_1_439' title='bbox 433 3233 756 3291; x_wconf 89' lang='lat' dir='ltr'>attolimus.</span> <span class='ocrx_word' id='word_1_440' title='bbox 775 3212 1054 3290; x_wconf 59' lang='lat' dir='ltr'>Dhﬁstus</span> <span class='ocrx_word' id='word_1_441' title='bbox 1084 3212 1377 3303; x_wconf 78' lang='lat' dir='ltr'>siquidem</span> <span class='ocrx_word' id='word_1_442' title='bbox 1408 3212 1629 3286; x_wconf 71' lang='lat' dir='ltr'>naturae</span> <span class='ocrx_word' id='word_1_443' title='bbox 1663 3235 1873 3288; x_wconf 79' lang='lat' dir='ltr'>nostrae</span> <span class='ocrx_word' id='word_1_444' title='bbox 1895 3212 2077 3305; x_wconf 84' lang='lat' dir='ltr'>parti-</span> <span class='ocrx_word' id='word_1_445' title='bbox 2108 3212 2152 3280; x_wconf 83' lang='lat' dir='ltr'>C</span> <span class='ocrx_word' id='word_1_446' title='bbox 2191 3245 2320 3302; x_wconf 72' lang='lat' dir='ltr'>quea</span> <span class='ocrx_word' id='word_1_447' title='bbox 2344 3245 2449 3302; x_wconf 91' lang='lat' dir='ltr'>per</span> <span class='ocrx_word' id='word_1_448' title='bbox 2478 3245 2541 3287; x_wconf 91' lang='lat' dir='ltr'>se</span> <span class='ocrx_word' id='word_1_449' title='bbox 2569 3212 3044 3298; x_wconf 77' lang='lat' dir='ltr'>obscurarentur,</span> <span class='ocrx_word' id='word_1_450' title='bbox 3076 3230 3205 3288; x_wconf 90' lang='lat' dir='ltr'>luce</span> <span class='ocrx_word' id='word_1_451' title='bbox 3233 3212 3393 3288; x_wconf 77' lang='lat' dir='ltr'>illius</span> <span class='ocrx_word' id='word_1_452' title='bbox 3418 3212 3850 3292; x_wconf 76' lang='lat' dir='ltr'>immensitatis</span> 
     </span>
    </p>
   </div>
   <div class='ocr_carea' id='block_1_65' title="bbox 430 3317 2074 3396">
    <p class='ocr_par' dir='ltr' id='par_1_65' title="bbox 430 3317 2074 3396">
     <span class='ocr_line' id='line_1_65' title="bbox 430 3317 2074 3396; baseline -0.002 -16"><span class='ocrx_word' id='word_1_453' title='bbox 430 3339 568 3396; x_wconf 87' lang='lat' dir='ltr'>ceps</span> <span class='ocrx_word' id='word_1_454' title='bbox 587 3323 799 3383; x_wconf 88' lang='lat' dir='ltr'>factus.</span> <span class='ocrx_word' id='word_1_455' title='bbox 832 3337 948 3376; x_wconf 91' lang='lat' dir='ltr'>non</span> <span class='ocrx_word' id='word_1_456' title='bbox 979 3318 1184 3392; x_wconf 77' lang='lat' dir='ltr'>culpze,</span> <span class='ocrx_word' id='word_1_457' title='bbox 1219 3317 1373 3375; x_wconf 89' lang='lat' dir='ltr'>sicut</span> <span class='ocrx_word' id='word_1_458' title='bbox 1411 3335 1527 3392; x_wconf 76' lang='lat' dir='ltr'>pra:</span> <span class='ocrx_word' id='word_1_459' title='bbox 1577 3319 1717 3376; x_wconf 86' lang='lat' dir='ltr'>filiis</span> <span class='ocrx_word' id='word_1_460' title='bbox 1765 3320 2074 3376; x_wconf 89' lang='lat' dir='ltr'>hominum</span> 
     </span>
    </p>
   </div>
   <div class='ocr_carea' id='block_1_66' title="bbox 429 3407 2074 3486">
    <p class='ocr_par' dir='ltr' id='par_1_66' title="bbox 429 3407 2074 3486">
     <span class='ocr_line' id='line_1_66' title="bbox 429 3407 2074 3486; baseline -0.001 -18"><span class='ocrx_word' id='word_1_461' title='bbox 429 3413 620 3486; x_wconf 90' lang='lat' dir='ltr'>gratia</span> <span class='ocrx_word' id='word_1_462' title='bbox 648 3407 917 3482; x_wconf 86' lang='lat' dir='ltr'>ampliori</span> <span class='ocrx_word' id='word_1_463' title='bbox 935 3407 1183 3480; x_wconf 89' lang='lat' dir='ltr'>plenius,</span> <span class='ocrx_word' id='word_1_464' title='bbox 1197 3423 1329 3463; x_wconf 86' lang='lat' dir='ltr'>vero</span> <span class='ocrx_word' id='word_1_465' title='bbox 1349 3410 1406 3462; x_wconf 90' lang='lat' dir='ltr'>et</span> <span class='ocrx_word' id='word_1_466' title='bbox 1422 3407 1766 3464; x_wconf 89' lang='lat' dir='ltr'>naturaliter</span> <span class='ocrx_word' id='word_1_467' title='bbox 1776 3409 1876 3464; x_wconf 92' lang='lat' dir='ltr'>Dei</span> <span class='ocrx_word' id='word_1_468' title='bbox 1893 3408 2074 3466; x_wconf 88' lang='lat' dir='ltr'>Filius</span> 
     </span>
    </p>
   </div>
   <div class='ocr_carea' id='block_1_67' title="bbox 429 3497 2072 3574">
    <p class='ocr_par' dir='ltr' id='par_1_67' title="bbox 429 3497 2072 3574">
     <span class='ocr_line' id='line_1_67' title="bbox 429 3497 2072 3574; baseline -0.002 -16"><span class='ocrx_word' id='word_1_469' title='bbox 429 3499 656 3558; x_wconf 86' lang='lat' dir='ltr'>exstitit</span> <span class='ocrx_word' id='word_1_470' title='bbox 685 3499 868 3566; x_wconf 89' lang='lat' dir='ltr'>Deus;</span> <span class='ocrx_word' id='word_1_471' title='bbox 894 3497 976 3553; x_wconf 91' lang='lat' dir='ltr'>ita</span> <span class='ocrx_word' id='word_1_472' title='bbox 996 3513 1130 3553; x_wconf 89' lang='lat' dir='ltr'>caro</span> <span class='ocrx_word' id='word_1_473' title='bbox 1160 3497 1290 3568; x_wconf 85' lang='lat' dir='ltr'>ejus</span> <span class='ocrx_word' id='word_1_474' title='bbox 1312 3497 1483 3568; x_wconf 87' lang='lat' dir='ltr'>juxta</span> <span class='ocrx_word' id='word_1_475' title='bbox 1497 3497 1843 3574; x_wconf 87' lang='lat' dir='ltr'>prophetam</span> <span class='ocrx_word' id='word_1_476' title='bbox 1864 3497 2072 3571; x_wconf 90' lang='lat' dir='ltr'>paulu-</span> 
     </span>
    </p>
   </div>
   <div class='ocr_carea' id='block_1_68' title="bbox 427 3584 2072 3661">
    <p class='ocr_par' dir='ltr' id='par_1_68' title="bbox 427 3584 2072 3661">
     <span class='ocr_line' id='line_1_68' title="bbox 427 3584 2072 3661; baseline -0.002 -14"><span class='ocrx_word' id='word_1_477' title='bbox 427 3591 553 3647; x_wconf 90' lang='lat' dir='ltr'>lum</span> <span class='ocrx_word' id='word_1_478' title='bbox 583 3589 644 3644; x_wconf 91' lang='lat' dir='ltr'>in</span> <span class='ocrx_word' id='word_1_479' title='bbox 673 3587 940 3661; x_wconf 89' lang='lat' dir='ltr'>sepulcro</span> <span class='ocrx_word' id='word_1_480' title='bbox 990 3584 1273 3658; x_wconf 89' lang='lat' dir='ltr'>requievit</span> <span class='ocrx_word' id='word_1_481' title='bbox 1320 3586 1380 3642; x_wconf 93' lang='lat' dir='ltr'>in</span> <span class='ocrx_word' id='word_1_482' title='bbox 1428 3601 1594 3658; x_wconf 90' lang='lat' dir='ltr'>spem</span> <span class='ocrx_word' id='word_1_483' title='bbox 1625 3587 2072 3644; x_wconf 89' lang='lat' dir='ltr'>resurrectionis</span> 
     </span>
    </p>
   </div>
   <div class='ocr_carea' id='block_1_69' title="bbox 429 3674 2076 3754">
    <p class='ocr_par' dir='ltr' id='par_1_69' title="bbox 429 3674 2076 3754">
     <span class='ocr_line' id='line_1_69' title="bbox 429 3674 2076 3754; baseline -0.003 -18"><span class='ocrx_word' id='word_1_484' title='bbox 429 3677 778 3754; x_wconf 90' lang='lat' dir='ltr'>quantocius</span> <span class='ocrx_word' id='word_1_485' title='bbox 807 3681 1120 3744; x_wconf 76' lang='lat' dir='ltr'>secuturae;</span> <span class='ocrx_word' id='word_1_486' title='bbox 1153 3678 1212 3730; x_wconf 89' lang='lat' dir='ltr'>et</span> <span class='ocrx_word' id='word_1_487' title='bbox 1235 3674 1452 3744; x_wconf 87' lang='lat' dir='ltr'>anima,</span> <span class='ocrx_word' id='word_1_488' title='bbox 1485 3691 1612 3747; x_wconf 72' lang='lat' dir='ltr'>quae</span> <span class='ocrx_word' id='word_1_489' title='bbox 1642 3674 1870 3731; x_wconf 90' lang='lat' dir='ltr'>inferno</span> <span class='ocrx_word' id='word_1_490' title='bbox 1890 3674 2076 3732; x_wconf 90' lang='lat' dir='ltr'>nulla-</span> 
     </span>
    </p>
   </div>
   <div class='ocr_carea' id='block_1_70' title="bbox 425 3763 2071 3840">
    <p class='ocr_par' dir='ltr' id='par_1_70' title="bbox 425 3763 2071 3840">
     <span class='ocr_line' id='line_1_70' title="bbox 425 3763 2071 3840; baseline -0.002 -16"><span class='ocrx_word' id='word_1_491' title='bbox 425 3771 599 3824; x_wconf 86' lang='lat' dir='ltr'>tenus</span> <span class='ocrx_word' id='word_1_492' title='bbox 617 3764 806 3840; x_wconf 89' lang='lat' dir='ltr'>potuit</span> <span class='ocrx_word' id='word_1_493' title='bbox 831 3763 1096 3832; x_wconf 89' lang='lat' dir='ltr'>detineri,</span> <span class='ocrx_word' id='word_1_494' title='bbox 1117 3763 1292 3819; x_wconf 91' lang='lat' dir='ltr'>citius</span> <span class='ocrx_word' id='word_1_495' title='bbox 1323 3779 1534 3836; x_wconf 89' lang='lat' dir='ltr'>corpus</span> <span class='ocrx_word' id='word_1_496' title='bbox 1564 3766 1878 3836; x_wconf 90' lang='lat' dir='ltr'>repetente,</span> <span class='ocrx_word' id='word_1_497' title='bbox 1892 3764 2071 3821; x_wconf 89' lang='lat' dir='ltr'>Sanc-</span> 
     </span>
    </p>
   </div>
   <div class='ocr_carea' id='block_1_71' title="bbox 424 3851 2070 3931">
    <p class='ocr_par' dir='ltr' id='par_1_71' title="bbox 424 3851 2070 3931">
     <span class='ocr_line' id='line_1_71' title="bbox 424 3851 2070 3931; baseline -0.002 -18"><span class='ocrx_word' id='word_1_498' title='bbox 424 3859 523 3914; x_wconf 89' lang='lat' dir='ltr'>tus</span> <span class='ocrx_word' id='word_1_499' title='bbox 551 3855 678 3931; x_wconf 87' lang='lat' dir='ltr'>ipse</span> <span class='ocrx_word' id='word_1_500' title='bbox 701 3857 1060 3921; x_wconf 85' lang='lat' dir='ltr'>sanctorum,</span> <span class='ocrx_word' id='word_1_501' title='bbox 1095 3867 1202 3910; x_wconf 90' lang='lat' dir='ltr'>nec</span> <span class='ocrx_word' id='word_1_502' title='bbox 1229 3851 1291 3908; x_wconf 90' lang='lat' dir='ltr'>in</span> <span class='ocrx_word' id='word_1_503' title='bbox 1319 3851 1449 3926; x_wconf 90' lang='lat' dir='ltr'>ipsa</span> <span class='ocrx_word' id='word_1_504' title='bbox 1481 3867 1675 3922; x_wconf 87' lang='lat' dir='ltr'>carne,</span> <span class='ocrx_word' id='word_1_505' title='bbox 1703 3867 1883 3925; x_wconf 86' lang='lat' dir='ltr'>quam</span> <span class='ocrx_word' id='word_1_506' title='bbox 1915 3868 2070 3910; x_wconf 82' lang='lat' dir='ltr'>mor-</span> 
     </span>
    </p>
   </div>
   <div class='ocr_carea' id='block_1_72' title="bbox 2183 3318 3849 3394">
    <p class='ocr_par' dir='ltr' id='par_1_72' title="bbox 2183 3318 3849 3394">
     <span class='ocr_line' id='line_1_72' title="bbox 2183 3318 3849 3394; baseline 0.004 -20"><span class='ocrx_word' id='word_1_507' title='bbox 2183 3321 2486 3375; x_wconf 91' lang='lat' dir='ltr'>ornantur.</span> <span class='ocrx_word' id='word_1_508' title='bbox 2505 3318 2637 3376; x_wconf 88' lang='lat' dir='ltr'>Jam</span> <span class='ocrx_word' id='word_1_509' title='bbox 2658 3319 2730 3375; x_wconf 90' lang='lat' dir='ltr'>de</span> <span class='ocrx_word' id='word_1_510' title='bbox 2751 3319 3010 3376; x_wconf 89' lang='lat' dir='ltr'>secunda</span> <span class='ocrx_word' id='word_1_511' title='bbox 3040 3319 3498 3394; x_wconf 88' lang='lat' dir='ltr'>transpositione</span> <span class='ocrx_word' id='word_1_512' title='bbox 3519 3338 3626 3378; x_wconf 84' lang='lat' dir='ltr'>seu</span> <span class='ocrx_word' id='word_1_513' title='bbox 3649 3323 3849 3380; x_wconf 76' lang='lat' dir='ltr'>trans-</span> 
     </span>
    </p>
   </div>
   <div class='ocr_carea' id='block_1_73' title="bbox 2181 3405 3844 3484">
    <p class='ocr_par' dir='ltr' id='par_1_73' title="bbox 2181 3405 3844 3484">
     <span class='ocr_line' id='line_1_73' title="bbox 2181 3405 3844 3484; baseline 0.005 -23"><span class='ocrx_word' id='word_1_514' title='bbox 2181 3405 2400 3464; x_wconf 88' lang='lat' dir='ltr'>latione</span> <span class='ocrx_word' id='word_1_515' title='bbox 2417 3407 2828 3464; x_wconf 79' lang='lat' dir='ltr'>sacratissimee</span> <span class='ocrx_word' id='word_1_516' title='bbox 2849 3407 3094 3482; x_wconf 85' lang='lat' dir='ltr'>virginis</span> <span class='ocrx_word' id='word_1_517' title='bbox 3105 3409 3370 3466; x_wconf 89' lang='lat' dir='ltr'>ordinem</span> <span class='ocrx_word' id='word_1_518' title='bbox 3382 3426 3844 3484; x_wconf 87' lang='lat' dir='ltr'>prosequamur,</span> 
     </span>
    </p>
   </div>
   <div class='ocr_carea' id='block_1_74' title="bbox 2182 3491 3844 3572">
    <p class='ocr_par' dir='ltr' id='par_1_74' title="bbox 2182 3491 3844 3572">
     <span class='ocr_line' id='line_1_74' title="bbox 2182 3491 3844 3572; baseline 0.005 -21"><span class='ocrx_word' id='word_1_519' title='bbox 2182 3498 2240 3551; x_wconf 89' lang='lat' dir='ltr'>et</span> <span class='ocrx_word' id='word_1_520' title='bbox 2259 3496 2498 3569; x_wconf 86' lang='lat' dir='ltr'>quantis</span> <span class='ocrx_word' id='word_1_521' title='bbox 2528 3497 2832 3570; x_wconf 87' lang='lat' dir='ltr'>signorum</span> <span class='ocrx_word' id='word_1_522' title='bbox 2849 3497 3263 3572; x_wconf 90' lang='lat' dir='ltr'>splendoribus</span> <span class='ocrx_word' id='word_1_523' title='bbox 3278 3499 3350 3555; x_wconf 88' lang='lat' dir='ltr'>ad</span> <span class='ocrx_word' id='word_1_524' title='bbox 3371 3491 3844 3559; x_wconf 78' lang='lat' dir='ltr'>consolationem</span> 
     </span>
    </p>
   </div>
   <div class='ocr_carea' id='block_1_75' title="bbox 2183 3584 3842 3663">
    <p class='ocr_par' dir='ltr' id='par_1_75' title="bbox 2183 3584 3842 3663">
     <span class='ocr_line' id='line_1_75' title="bbox 2183 3584 3842 3663; baseline 0.004 -23"><span class='ocrx_word' id='word_1_525' title='bbox 2183 3584 2520 3642; x_wconf 84' lang='lat' dir='ltr'>mortalium</span> <span class='ocrx_word' id='word_1_526' title='bbox 2532 3602 2810 3658; x_wconf 90' lang='lat' dir='ltr'>sponsam</span> <span class='ocrx_word' id='word_1_527' title='bbox 2832 3603 3000 3644; x_wconf 89' lang='lat' dir='ltr'>suam</span> <span class='ocrx_word' id='word_1_528' title='bbox 3023 3604 3123 3644; x_wconf 88' lang='lat' dir='ltr'>rex</span> <span class='ocrx_word' id='word_1_529' title='bbox 3141 3586 3452 3654; x_wconf 85' lang='lat' dir='ltr'>illustravit</span> <span class='ocrx_word' id='word_1_530' title='bbox 3461 3587 3842 3663; x_wconf 87' lang='lat' dir='ltr'>angelorum,</span> 
     </span>
    </p>
   </div>
   <div class='ocr_carea' id='block_1_76' title="bbox 2182 3673 3844 3751">
    <p class='ocr_par' dir='ltr' id='par_1_76' title="bbox 2182 3673 3844 3751">
     <span class='ocr_line' id='line_1_76' title="bbox 2182 3673 3844 3751; baseline 0.004 -21"><span class='ocrx_word' id='word_1_531' title='bbox 2182 3673 2408 3731; x_wconf 89' lang='lat' dir='ltr'>meritis</span> <span class='ocrx_word' id='word_1_532' title='bbox 2432 3673 2620 3748; x_wconf 91' lang='lat' dir='ltr'>ipsius</span> <span class='ocrx_word' id='word_1_533' title='bbox 2642 3675 2889 3748; x_wconf 87' lang='lat' dir='ltr'>juvandi</span> <span class='ocrx_word' id='word_1_534' title='bbox 2928 3675 3100 3750; x_wconf 73' lang='lat' dir='ltr'>ccepti</span> <span class='ocrx_word' id='word_1_535' title='bbox 3129 3676 3323 3751; x_wconf 88' lang='lat' dir='ltr'>operis</span> <span class='ocrx_word' id='word_1_536' title='bbox 3350 3675 3602 3734; x_wconf 86' lang='lat' dir='ltr'>termino</span> <span class='ocrx_word' id='word_1_537' title='bbox 3631 3677 3844 3736; x_wconf 88' lang='lat' dir='ltr'>inten-</span> 
     </span>
    </p>
   </div>
   <div class='ocr_carea' id='block_1_77' title="bbox 2182 3763 2413 3820">
    <p class='ocr_par' dir='ltr' id='par_1_77' title="bbox 2182 3763 2413 3820">
     <span class='ocr_line' id='line_1_77' title="bbox 2182 3763 2413 3820; baseline -0.004 0"><span class='ocrx_word' id='word_1_538' title='bbox 2182 3763 2413 3820; x_wconf 87' lang='lat' dir='ltr'>damus.</span> 
     </span>
    </p>
   </div>
   <div class='ocr_carea' id='block_1_78' title="bbox 1139 4164 3114 4257">
    <p class='ocr_par' dir='ltr' id='par_1_78' title="bbox 1139 4164 3114 4257">
     <span class='ocr_line' id='line_1_78' title="bbox 1139 4164 3114 4257; baseline 0.002 -3"><span class='ocrx_word' id='word_1_539' title='bbox 1139 4165 1654 4256; x_wconf 82' lang='lat' dir='ltr'>NARRATIO</span> <span class='ocrx_word' id='word_1_540' title='bbox 1727 4164 2210 4256; x_wconf 67' lang='lat' dir='ltr'>SECUNDE</span> <span class='ocrx_word' id='word_1_541' title='bbox 2282 4165 3114 4257; x_wconf 88' lang='lat' dir='ltr'>TRANSLATIONIS.</span> 
     </span>
    </p>
   </div>
   <div class='ocr_carea' id='block_1_79' title="bbox 490 4342 3838 4418">
    <p class='ocr_par' dir='ltr' id='par_1_79' title="bbox 490 4342 3838 4418">
     <span class='ocr_line' id='line_1_79' title="bbox 490 4342 3838 4418; baseline 0.001 -18"><span class='ocrx_word' id='word_1_542' title='bbox 490 4345 546 4400; x_wconf 84' lang='lat'>9.</span> <span class='ocrx_word' id='word_1_543' title='bbox 563 4343 889 4400; x_wconf 92' lang='lat' dir='ltr'>Ludovicus</span> <span class='ocrx_word' id='word_1_544' title='bbox 909 4343 1243 4415; x_wconf 87' lang='lat' dir='ltr'>imperator,</span> <span class='ocrx_word' id='word_1_545' title='bbox 1268 4344 1338 4399; x_wconf 90' lang='lat' dir='ltr'>de</span> <span class='ocrx_word' id='word_1_546' title='bbox 1359 4359 1474 4416; x_wconf 92' lang='lat' dir='ltr'>quo</span> <span class='ocrx_word' id='word_1_547' title='bbox 1486 4342 2066 4416; x_wconf 63' lang='lat' dir='ltr'>preemisimusﬁlius</span> <span class='ocrx_word' id='word_1_548' title='bbox 2095 4345 2144 4412; x_wconf 77' lang='grc' dir='ltr'>Β</span> <span class='ocrx_word' id='word_1_549' title='bbox 2174 4343 2412 4400; x_wconf 90' lang='lat' dir='ltr'>tertium</span> <span class='ocrx_word' id='word_1_550' title='bbox 2443 4343 2808 4416; x_wconf 86' lang='lat' dir='ltr'>apostolatus</span> <span class='ocrx_word' id='word_1_551' title='bbox 2829 4344 2920 4402; x_wconf 90' lang='lat' dir='ltr'>sui</span> <span class='ocrx_word' id='word_1_552' title='bbox 2955 4359 3174 4402; x_wconf 90' lang='lat' dir='ltr'>annum</span> <span class='ocrx_word' id='word_1_553' title='bbox 3208 4344 3606 4418; x_wconf 72' lang='lat' dir='ltr'>agebatLHanc</span> <span class='ocrx_word' id='word_1_554' title='bbox 3630 4350 3838 4403; x_wconf 89' lang='lat' dir='ltr'>autem</span> 
     </span>
    </p>
   </div>
   <div class='ocr_carea' id='block_1_80' title="bbox 421 4430 2062 4506">
    <p class='ocr_par' dir='ltr' id='par_1_80' title="bbox 421 4430 2062 4506">
     <span class='ocr_line' id='line_1_80' title="bbox 421 4430 2062 4506; baseline -0.001 -15"><span class='ocrx_word' id='word_1_555' title='bbox 421 4432 610 4491; x_wconf 88' lang='lat' dir='ltr'>Caroli</span> <span class='ocrx_word' id='word_1_556' title='bbox 631 4431 1246 4506; x_wconf 87' lang='lat' dir='ltr'>Magni,cognomento</span> <span class='ocrx_word' id='word_1_557' title='bbox 1285 4430 1444 4501; x_wconf 88' lang='lat' dir='ltr'>Pius,</span> <span class='ocrx_word' id='word_1_558' title='bbox 1467 4435 1598 4504; x_wconf 92' lang='lat' dir='ltr'>post</span> <span class='ocrx_word' id='word_1_559' title='bbox 1625 4432 1810 4504; x_wconf 90' lang='lat' dir='ltr'>patris</span> <span class='ocrx_word' id='word_1_560' title='bbox 1850 4431 2062 4506; x_wconf 91' lang='lat' dir='ltr'>glorio-</span> 
     </span>
    </p>
   </div>
   <div class='ocr_carea' id='block_1_81' title="bbox 422 4519 2064 4596">
    <p class='ocr_par' dir='ltr' id='par_1_81' title="bbox 422 4519 2064 4596">
     <span class='ocr_line' id='line_1_81' title="bbox 422 4519 2064 4596; baseline -0.002 -14"><span class='ocrx_word' id='word_1_561' title='bbox 422 4523 656 4582; x_wconf 86' lang='lat' dir='ltr'>sissime</span> <span class='ocrx_word' id='word_1_562' title='bbox 665 4525 931 4578; x_wconf 82' lang='lat' dir='ltr'>exactum</span> <span class='ocrx_word' id='word_1_563' title='bbox 954 4519 1292 4593; x_wconf 88' lang='lat' dir='ltr'>imperium,</span> <span class='ocrx_word' id='word_1_564' title='bbox 1306 4521 1363 4575; x_wconf 92' lang='lat' dir='ltr'>in</span> <span class='ocrx_word' id='word_1_565' title='bbox 1383 4519 1546 4577; x_wconf 91' lang='lat' dir='ltr'>nullo</span> <span class='ocrx_word' id='word_1_566' title='bbox 1559 4521 1817 4578; x_wconf 90' lang='lat' dir='ltr'>inferiori</span> <span class='ocrx_word' id='word_1_567' title='bbox 1832 4520 2064 4596; x_wconf 87' lang='lat' dir='ltr'>fastigio</span> 
     </span>
    </p>
   </div>
   <div class='ocr_carea' id='block_1_82' title="bbox 422 4608 2064 4684">
    <p class='ocr_par' dir='ltr' id='par_1_82' title="bbox 422 4608 2064 4684">
     <span class='ocr_line' id='line_1_82' title="bbox 422 4608 2064 4684; baseline -0.003 -13"><span class='ocrx_word' id='word_1_568' title='bbox 422 4628 618 4671; x_wconf 89' lang='lat' dir='ltr'>rerum</span> <span class='ocrx_word' id='word_1_569' title='bbox 648 4610 999 4684; x_wconf 87' lang='lat' dir='ltr'>potiebatur,</span> <span class='ocrx_word' id='word_1_570' title='bbox 1013 4626 1168 4666; x_wconf 88' lang='lat' dir='ltr'>anno</span> <span class='ocrx_word' id='word_1_571' title='bbox 1198 4609 1271 4666; x_wconf 90' lang='lat' dir='ltr'>ab</span> <span class='ocrx_word' id='word_1_572' title='bbox 1296 4608 1458 4666; x_wconf 92' lang='lat' dir='ltr'>obitu</span> <span class='ocrx_word' id='word_1_573' title='bbox 1489 4608 1674 4682; x_wconf 90' lang='lat' dir='ltr'>patris</span> <span class='ocrx_word' id='word_1_574' title='bbox 1715 4609 1942 4666; x_wconf 89' lang='lat' dir='ltr'>decimo</span> <span class='ocrx_word' id='word_1_575' title='bbox 1974 4627 2064 4667; x_wconf 89' lang='lat' dir='ltr'>se-</span> 
     </span>
    </p>
   </div>
   <div class='ocr_carea' id='block_1_83' title="bbox 421 4697 2066 4776">
    <p class='ocr_par' dir='ltr' id='par_1_83' title="bbox 421 4697 2066 4776">
     <span class='ocr_line' id='line_1_83' title="bbox 421 4697 2066 4776; baseline -0.003 -17"><span class='ocrx_word' id='word_1_576' title='bbox 421 4702 624 4776; x_wconf 91' lang='lat' dir='ltr'>ptimo,</span> <span class='ocrx_word' id='word_1_577' title='bbox 639 4698 1203 4758; x_wconf 90' lang='lat' dir='ltr'>cumincarnationis</span> <span class='ocrx_word' id='word_1_578' title='bbox 1215 4697 1530 4768; x_wconf 68' lang='lat' dir='ltr'>Daminicaa</span> <span class='ocrx_word' id='word_1_579' title='bbox 1542 4697 2066 4772; x_wconf 89' lang='lat' dir='ltr'>octingentesimus</span> 
     </span>
    </p>
   </div>
   <div class='ocr_carea' id='block_1_84' title="bbox 420 4787 2066 4864">
    <p class='ocr_par' dir='ltr' id='par_1_84' title="bbox 420 4787 2066 4864">
     <span class='ocr_line' id='line_1_84' title="bbox 420 4787 2066 4864; baseline -0.003 -16"><span class='ocrx_word' id='word_1_580' title='bbox 420 4790 756 4849; x_wconf 88' lang='lat' dir='ltr'>tricesimus</span> <span class='ocrx_word' id='word_1_581' title='bbox 783 4792 1054 4864; x_wconf 88' lang='lat' dir='ltr'>ageretur</span> <span class='ocrx_word' id='word_1_582' title='bbox 1082 4804 1293 4856; x_wconf 91' lang='lat' dir='ltr'>annus,</span> <span class='ocrx_word' id='word_1_583' title='bbox 1327 4791 1384 4844; x_wconf 90' lang='lat' dir='ltr'>et</span> <span class='ocrx_word' id='word_1_584' title='bbox 1431 4787 1632 4844; x_wconf 89' lang='lat' dir='ltr'>sedem</span> <span class='ocrx_word' id='word_1_585' title='bbox 1683 4787 2066 4860; x_wconf 88' lang='lat' dir='ltr'>apostolicam</span> 
     </span>
    </p>
   </div>
   <div class='ocr_carea' id='block_1_85' title="bbox 422 4874 2068 4951">
    <p class='ocr_par' dir='ltr' id='par_1_85' title="bbox 422 4874 2068 4951">
     <span class='ocr_line' id='line_1_85' title="bbox 422 4874 2068 4951; baseline -0.003 -15"><span class='ocrx_word' id='word_1_586' title='bbox 422 4879 618 4936; x_wconf 78' lang='lat' dir='ltr'>Romae</span> <span class='ocrx_word' id='word_1_587' title='bbox 649 4876 963 4951; x_wconf 88' lang='lat' dir='ltr'>Gregorius</span> <span class='ocrx_word' id='word_1_588' title='bbox 984 4875 1225 4950; x_wconf 87' lang='lat' dir='ltr'>quidam</span> <span class='ocrx_word' id='word_1_589' title='bbox 1238 4878 1571 4948; x_wconf 90' lang='lat' dir='ltr'>occuparet,</span> <span class='ocrx_word' id='word_1_590' title='bbox 1588 4874 1688 4948; x_wconf 88' lang='lat' dir='ltr'>qui</span> <span class='ocrx_word' id='word_1_591' title='bbox 1711 4875 1945 4932; x_wconf 91' lang='lat' dir='ltr'>duobus</span> <span class='ocrx_word' id='word_1_592' title='bbox 1959 4875 2068 4931; x_wconf 91' lang='lat' dir='ltr'>Eu-</span> 
     </span>
    </p>
   </div>
   <div class='ocr_carea' id='block_1_86' title="bbox 423 4965 2069 5042">
    <p class='ocr_par' dir='ltr' id='par_1_86' title="bbox 423 4965 2069 5042">
     <span class='ocr_line' id='line_1_86' title="bbox 423 4965 2069 5042; baseline -0.003 -18"><span class='ocrx_word' id='word_1_593' title='bbox 423 4969 592 5042; x_wconf 90' lang='lat' dir='ltr'>genio</span> <span class='ocrx_word' id='word_1_594' title='bbox 619 4972 680 5024; x_wconf 90' lang='lat' dir='ltr'>et</span> <span class='ocrx_word' id='word_1_595' title='bbox 706 4965 1014 5023; x_wconf 86' lang='lat' dir='ltr'>Valentino</span> <span class='ocrx_word' id='word_1_596' title='bbox 1044 4965 1256 5022; x_wconf 91' lang='lat' dir='ltr'>festina</span> <span class='ocrx_word' id='word_1_597' title='bbox 1281 4969 1425 5020; x_wconf 90' lang='lat' dir='ltr'>tunc</span> <span class='ocrx_word' id='word_1_598' title='bbox 1455 4980 1656 5020; x_wconf 91' lang='lat' dir='ltr'>recens</span> <span class='ocrx_word' id='word_1_599' title='bbox 1705 4979 1834 5020; x_wconf 91' lang='lat' dir='ltr'>sese</span> <span class='ocrx_word' id='word_1_600' title='bbox 1881 4967 2069 5020; x_wconf 89' lang='lat' dir='ltr'>morte</span> 
     </span>
    </p>
   </div>
   <div class='ocr_carea' id='block_1_87' title="bbox 423 5052 2070 5128">
    <p class='ocr_par' dir='ltr' id='par_1_87' title="bbox 423 5052 2070 5128">
     <span class='ocr_line' id='line_1_87' title="bbox 423 5052 2070 5128; baseline -0.002 -16"><span class='ocrx_word' id='word_1_601' title='bbox 423 5055 940 5128; x_wconf 89' lang='lat' dir='ltr'>consequentibus,</span> <span class='ocrx_word' id='word_1_602' title='bbox 971 5071 1223 5128; x_wconf 88' lang='lat' dir='ltr'>quorum</span> <span class='ocrx_word' id='word_1_603' title='bbox 1262 5052 1422 5126; x_wconf 90' lang='lat' dir='ltr'>prior</span> <span class='ocrx_word' id='word_1_604' title='bbox 1463 5056 1698 5110; x_wconf 84' lang='lat' dir='ltr'>tantum</span> <span class='ocrx_word' id='word_1_605' title='bbox 1747 5053 2070 5122; x_wconf 89' lang='lat' dir='ltr'>triennum,</span> 
     </span>
    </p>
   </div>
   <div class='ocr_carea' id='block_1_88' title="bbox 424 5141 2070 5216">
    <p class='ocr_par' dir='ltr' id='par_1_88' title="bbox 424 5141 2070 5216">
     <span class='ocr_line' id='line_1_88' title="bbox 424 5141 2070 5216; baseline -0.002 -16"><span class='ocrx_word' id='word_1_606' title='bbox 424 5159 678 5216; x_wconf 82' lang='lat' dir='ltr'>sequens</span> <span class='ocrx_word' id='word_1_607' title='bbox 701 5143 794 5198; x_wconf 85' lang='lat' dir='ltr'>vix</span> <span class='ocrx_word' id='word_1_608' title='bbox 825 5158 1087 5199; x_wconf 90' lang='lat' dir='ltr'>mensem</span> <span class='ocrx_word' id='word_1_609' title='bbox 1101 5141 2070 5216; x_wconf 87' lang='lat' dir='ltr'>superfuit,successerat,tuncque</span> 
     </span>
    </p>
   </div>
   <div class='ocr_carea' id='block_1_89' title="bbox 496 5293 2066 5366">
    <p class='ocr_par' dir='ltr' id='par_1_89' title="bbox 496 5293 2066 5366">
     <span class='ocr_line' id='line_1_89' title="bbox 496 5293 2066 5366; baseline -0.002 -15"><span class='ocrx_word' id='word_1_610' title='bbox 496 5297 644 5366; x_wconf 84' lang='lat'>(328)</span> <span class='ocrx_word' id='word_1_611' title='bbox 675 5294 770 5351; x_wconf 90' lang='lat' dir='ltr'>Sic</span> <span class='ocrx_word' id='word_1_612' title='bbox 801 5293 952 5366; x_wconf 84' lang='lat' dir='ltr'>lego,</span> <span class='ocrx_word' id='word_1_613' title='bbox 985 5311 1099 5350; x_wconf 92' lang='lat' dir='ltr'>non</span> <span class='ocrx_word' id='word_1_614' title='bbox 1129 5293 1448 5360; x_wconf 77' lang='lat' dir='ltr'>secundum,</span> <span class='ocrx_word' id='word_1_615' title='bbox 1484 5297 1550 5350; x_wconf 90' lang='lat' dir='ltr'>ut</span> <span class='ocrx_word' id='word_1_616' title='bbox 1579 5293 1734 5366; x_wconf 90' lang='lat' dir='ltr'>apud</span> <span class='ocrx_word' id='word_1_617' title='bbox 1754 5293 2066 5366; x_wconf 15' lang='lat' dir='ltr'>iLabbeum</span> 
     </span>
    </p>
   </div>
   <div class='ocr_carea' id='block_1_90' title="bbox 426 5365 2066 5438">
    <p class='ocr_par' dir='ltr' id='par_1_90' title="bbox 426 5365 2066 5438">
     <span class='ocr_line' id='line_1_90' title="bbox 426 5365 2066 5438; baseline -0.004 -12"><span class='ocrx_word' id='word_1_618' title='bbox 426 5369 485 5426; x_wconf 78' lang='lat' dir='ltr'><strong>S.</strong></span> <span class='ocrx_word' id='word_1_619' title='bbox 510 5365 822 5423; x_wconf 87' lang='lat' dir='ltr'>Cuthberti</span> <span class='ocrx_word' id='word_1_620' title='bbox 852 5365 1047 5421; x_wconf 84' lang='lat' dir='ltr'>Vitam</span> <span class='ocrx_word' id='word_1_621' title='bbox 1077 5383 1112 5421; x_wconf 91' lang='lat' dir='ltr'>a</span> <span class='ocrx_word' id='word_1_622' title='bbox 1155 5366 1223 5419; x_wconf 88' lang='lat' dir='ltr'>V.</span> <span class='ocrx_word' id='word_1_623' title='bbox 1255 5367 1409 5421; x_wconf 90' lang='lat' dir='ltr'>Beda</span> <span class='ocrx_word' id='word_1_624' title='bbox 1438 5365 1718 5438; x_wconf 78' lang='lat' dir='ltr'>scriptam</span> <span class='ocrx_word' id='word_1_625' title='bbox 1752 5365 1975 5422; x_wconf 88' lang='lat' dir='ltr'>habens</span> <span class='ocrx_word' id='word_1_626' title='bbox 2007 5365 2066 5420; x_wconf 92' lang='lat' dir='ltr'>in</span> 
     </span>
    </p>
   </div>
   <div class='ocr_carea' id='block_1_91' title="bbox 429 5439 2066 5578">
    <p class='ocr_par' dir='ltr' id='par_1_91' title="bbox 429 5439 2066 5578">
     <span class='ocr_line' id='line_1_91' title="bbox 429 5439 2066 5578; baseline -0.004 -10"><span class='ocrx_word' id='word_1_627' title='bbox 429 5439 648 5578; x_wconf 33' lang='lat'>81%;?)</span> <span class='ocrx_word' id='word_1_628' title='bbox 674 5457 890 5576; x_wconf 64' lang='lat' dir='ltr'>llectc;</span> <span class='ocrx_word' id='word_1_629' title='bbox 925 5523 1060 5563; x_wconf 89' lang='lat' dir='ltr'>nam</span> <span class='ocrx_word' id='word_1_630' title='bbox 1101 5507 1427 5578; x_wconf 85' lang='lat' dir='ltr'>Drogonem</span> <span class='ocrx_word' id='word_1_631' title='bbox 1477 5507 1748 5564; x_wconf 89' lang='lat' dir='ltr'>Mettensi</span> <span class='ocrx_word' id='word_1_632' title='bbox 1800 5505 2066 5564; x_wconf 81' lang='lat' dir='ltr'>Ecclesiae</span> 
     </span>
    </p>
   </div>
   <div class='ocr_carea' id='block_1_92' title="bbox 428 5576 2043 5652">
    <p class='ocr_par' dir='ltr' id='par_1_92' title="bbox 428 5576 2043 5652">
     <span class='ocr_line' id='line_1_92' title="bbox 428 5576 2043 5652; baseline -0.002 -15"><span class='ocrx_word' id='word_1_633' title='bbox 428 5576 581 5652; x_wconf 77' lang='lat' dir='ltr'>anno</span> <span class='ocrx_word' id='word_1_634' title='bbox 609 5576 712 5635; x_wconf 88' lang='lat'>823</span> <span class='ocrx_word' id='word_1_635' title='bbox 744 5579 1086 5652; x_wconf 79' lang='lat' dir='ltr'>impositum</span> <span class='ocrx_word' id='word_1_636' title='bbox 1117 5576 1300 5652; x_wconf 63' lang='lat' dir='ltr'>{uisae</span> <span class='ocrx_word' id='word_1_637' title='bbox 1305 5581 1604 5652; x_wconf 68' lang='lat' dir='ltr'>testantur</span> <span class='ocrx_word' id='word_1_638' title='bbox 1624 5579 2043 5652; x_wconf 21' lang='lat' dir='ltr'>EginghardiAn</span> 
     </span>
    </p>
   </div>
   <div class='ocr_carea' id='block_1_93' title="bbox 427 5610 2070 5722">
    <p class='ocr_par' dir='ltr' id='par_1_93' title="bbox 427 5610 2070 5722">
     <span class='ocr_line' id='line_1_93' title="bbox 428 5610 2070 5652; baseline -0.002 -16"><span class='ocrx_word' id='word_1_639' title='bbox 428 5610 581 5637; x_wconf 73' lang='grc' dir='ltr'>αιιιιυ</span> <span class='ocrx_word' id='word_1_640' title='bbox 609 5610 712 5635; x_wconf 77' lang='grc' dir='ltr'>σω</span> <span class='ocrx_word' id='word_1_641' title='bbox 747 5610 1086 5652; x_wconf 72' lang='grc' dir='ltr'>ιυιμυθιιυιιι</span> <span class='ocrx_word' id='word_1_642' title='bbox 1117 5610 1300 5632; x_wconf 71' lang='grc' dir='ltr'>ιυιδδυ</span> <span class='ocrx_word' id='word_1_643' title='bbox 1316 5610 1603 5634; x_wconf 66' lang='grc' dir='ltr'>ιῦῠυαιιιιυϊ</span> <span class='ocrx_word' id='word_1_644' title='bbox 1627 5610 1941 5651; x_wconf 68' lang='grc' dir='ltr'>ωὸιιιιιαιυι</span> <span class='ocrx_word' id='word_1_645' title='bbox 1957 5610 2070 5634; x_wconf 81' lang='lat' dir='ltr'>nu-</span> 
     </span>
     <span class='ocr_line' id='line_1_94' title="bbox 427 5647 2064 5722; baseline -0.001 -13"><span class='ocrx_word' id='word_1_646' title='bbox 427 5651 609 5722; x_wconf 65' lang='lat' dir='ltr'>nales.</span> <span class='ocrx_word' id='word_1_647' title='bbox 639 5652 793 5709; x_wconf 87' lang='lat' dir='ltr'>Adso</span> <span class='ocrx_word' id='word_1_648' title='bbox 822 5650 1004 5708; x_wconf 87' lang='lat' dir='ltr'>abbas</span> <span class='ocrx_word' id='word_1_649' title='bbox 1031 5649 1093 5707; x_wconf 91' lang='lat' dir='ltr'>in</span> <span class='ocrx_word' id='word_1_650' title='bbox 1124 5647 1273 5706; x_wconf 91' lang='lat' dir='ltr'>libro</span> <span class='ocrx_word' id='word_1_651' title='bbox 1303 5648 1384 5705; x_wconf 91' lang='lat' dir='ltr'>De</span> <span class='ocrx_word' id='word_1_652' title='bbox 1414 5649 1593 5721; x_wconf 84' lang='lat' dir='ltr'>gestis</span> <span class='ocrx_word' id='word_1_653' title='bbox 1625 5651 1682 5707; x_wconf 93' lang='lat' dir='ltr'>S.</span> <span class='ocrx_word' id='word_1_654' title='bbox 1705 5649 2064 5714; x_wconf 87' lang='lat' dir='ltr'>Waldebcrti</span> 
     </span>
    </p>
   </div>
   <div class='ocr_carea' id='block_1_94' title="bbox 2173 4432 3838 4507">
    <p class='ocr_par' dir='ltr' id='par_1_94' title="bbox 2173 4432 3838 4507">
     <span class='ocr_line' id='line_1_95' title="bbox 2173 4432 3838 4507; baseline 0.002 -19"><span class='ocrx_word' id='word_1_655' title='bbox 2173 4435 2436 4488; x_wconf 87' lang='lat' dir='ltr'>sanctam</span> <span class='ocrx_word' id='word_1_656' title='bbox 2468 4432 2668 4489; x_wconf 89' lang='lat' dir='ltr'>sedem</span> <span class='ocrx_word' id='word_1_657' title='bbox 2698 4432 3040 4490; x_wconf 89' lang='lat' dir='ltr'>Mettensem</span> <span class='ocrx_word' id='word_1_658' title='bbox 3062 4433 3252 4507; x_wconf 89' lang='lat' dir='ltr'>Drogo</span> <span class='ocrx_word' id='word_1_659' title='bbox 3275 4433 3540 4505; x_wconf 89' lang='lat' dir='ltr'>ejusdem</span> <span class='ocrx_word' id='word_1_660' title='bbox 3573 4432 3838 4506; x_wconf 86' lang='lat' dir='ltr'>impera-</span> 
     </span>
    </p>
   </div>
   <div class='ocr_carea' id='block_1_95' title="bbox 2173 4521 3841 4596">
    <p class='ocr_par' dir='ltr' id='par_1_95' title="bbox 2173 4521 3841 4596">
     <span class='ocr_line' id='line_1_96' title="bbox 2173 4521 3841 4596; baseline 0.002 -19"><span class='ocrx_word' id='word_1_661' title='bbox 2173 4521 2318 4578; x_wconf 91' lang='lat' dir='ltr'>toris</span> <span class='ocrx_word' id='word_1_662' title='bbox 2349 4521 2624 4578; x_wconf 86' lang='lat' dir='ltr'>Ludovici</span> <span class='ocrx_word' id='word_1_663' title='bbox 2653 4522 2832 4578; x_wconf 86' lang='lat' dir='ltr'>frater</span> <span class='ocrx_word' id='word_1_664' title='bbox 2851 4523 2980 4594; x_wconf 88' lang='lat' dir='ltr'>jam</span> <span class='ocrx_word' id='word_1_665' title='bbox 3004 4539 3107 4596; x_wconf 91' lang='lat' dir='ltr'>per</span> <span class='ocrx_word' id='word_1_666' title='bbox 3130 4539 3353 4579; x_wconf 89' lang='lat' dir='ltr'>annum</span> <span class='ocrx_word' id='word_1_667' title='bbox 3381 4522 3660 4578; x_wconf 88' lang='lat' dir='ltr'>tuebatur</span> <span class='ocrx_word' id='word_1_668' title='bbox 3678 4528 3841 4580; x_wconf 85' lang='lat' dir='ltr'>oeta-</span> 
     </span>
    </p>
   </div>
   <div class='ocr_carea' id='block_1_96' title="bbox 2172 4610 3841 4684">
    <p class='ocr_par' dir='ltr' id='par_1_96' title="bbox 2172 4610 3841 4684">
     <span class='ocr_line' id='line_1_97' title="bbox 2172 4610 3841 4684; baseline 0.002 -19"><span class='ocrx_word' id='word_1_669' title='bbox 2172 4626 2311 4666; x_wconf 87' lang='lat' dir='ltr'>vum</span> <span class='ocrx_word' id='word_1_670' title='bbox 2361 4611 2532 4681; x_wconf 88' lang='lat'>(329),</span> <span class='ocrx_word' id='word_1_671' title='bbox 2565 4611 2666 4684; x_wconf 86' lang='lat' dir='ltr'>qui</span> <span class='ocrx_word' id='word_1_672' title='bbox 2705 4610 2881 4667; x_wconf 89' lang='lat' dir='ltr'>etiam</span> <span class='ocrx_word' id='word_1_673' title='bbox 2929 4611 3084 4668; x_wconf 89' lang='lat' dir='ltr'>vices</span> <span class='ocrx_word' id='word_1_674' title='bbox 3123 4610 3474 4684; x_wconf 88' lang='lat' dir='ltr'>apostolicas</span> <span class='ocrx_word' id='word_1_675' title='bbox 3503 4611 3564 4667; x_wconf 91' lang='lat' dir='ltr'>in</span> <span class='ocrx_word' id='word_1_676' title='bbox 3597 4614 3841 4670; x_wconf 82' lang='lat' dir='ltr'>cunctis</span> 
     </span>
    </p>
   </div>
   <div class='ocr_carea' id='block_1_97' title="bbox 2175 4698 3841 4774">
    <p class='ocr_par' dir='ltr' id='par_1_97' title="bbox 2175 4698 3841 4774">
     <span class='ocr_line' id='line_1_98' title="bbox 2175 4698 3841 4774; baseline 0.002 -18"><span class='ocrx_word' id='word_1_677' title='bbox 2175 4698 2495 4756; x_wconf 88' lang='lat' dir='ltr'>Galliarum</span> <span class='ocrx_word' id='word_1_678' title='bbox 2528 4699 2796 4772; x_wconf 90' lang='lat' dir='ltr'>partibus</span> <span class='ocrx_word' id='word_1_679' title='bbox 2825 4698 3127 4774; x_wconf 89' lang='lat' dir='ltr'>privilegio</span> <span class='ocrx_word' id='word_1_680' title='bbox 3150 4701 3222 4756; x_wconf 90' lang='lat' dir='ltr'>ab</span> <span class='ocrx_word' id='word_1_681' title='bbox 3245 4699 3376 4772; x_wconf 88' lang='lat' dir='ltr'>ipsa</span> <span class='ocrx_word' id='word_1_682' title='bbox 3394 4700 3532 4756; x_wconf 91' lang='lat' dir='ltr'>sede</span> <span class='ocrx_word' id='word_1_683' title='bbox 3562 4699 3841 4760; x_wconf 81' lang='lat' dir='ltr'>Romana</span> 
     </span>
    </p>
   </div>
   <div class='ocr_carea' id='block_1_98' title="bbox 2176 4787 3836 4862">
    <p class='ocr_par' dir='ltr' id='par_1_98' title="bbox 2176 4787 3836 4862">
     <span class='ocr_line' id='line_1_99' title="bbox 2176 4787 3836 4862; baseline 0.001 -18"><span class='ocrx_word' id='word_1_684' title='bbox 2176 4803 2313 4844; x_wconf 92' lang='lat' dir='ltr'>cum</span> <span class='ocrx_word' id='word_1_685' title='bbox 2340 4787 2503 4862; x_wconf 87' lang='lat' dir='ltr'>pallii</span> <span class='ocrx_word' id='word_1_686' title='bbox 2535 4787 2880 4844; x_wconf 86' lang='lat' dir='ltr'>auctoritate</span> <span class='ocrx_word' id='word_1_687' title='bbox 2896 4791 2954 4844; x_wconf 89' lang='lat' dir='ltr'>et</span> <span class='ocrx_word' id='word_1_688' title='bbox 2975 4787 3210 4845; x_wconf 88' lang='lat' dir='ltr'>nomine</span> <span class='ocrx_word' id='word_1_689' title='bbox 3241 4787 3621 4859; x_wconf 85' lang='lat' dir='ltr'>summi(330)</span> <span class='ocrx_word' id='word_1_690' title='bbox 3633 4789 3836 4847; x_wconf 86' lang='lat' dir='ltr'>archi-</span> 
     </span>
    </p>
   </div>
   <div class='ocr_carea' id='block_1_99' title="bbox 2177 4875 3840 4952">
    <p class='ocr_par' dir='ltr' id='par_1_99' title="bbox 2177 4875 3840 4952">
     <span class='ocr_line' id='line_1_100' title="bbox 2177 4875 3840 4952; baseline 0.002 -20"><span class='ocrx_word' id='word_1_691' title='bbox 2177 4877 2552 4950; x_wconf 88' lang='lat' dir='ltr'>episcopatus</span> <span class='ocrx_word' id='word_1_692' title='bbox 2581 4881 2838 4949; x_wconf 90' lang='lat' dir='ltr'>accepto,</span> <span class='ocrx_word' id='word_1_693' title='bbox 2872 4880 2938 4932; x_wconf 89' lang='lat' dir='ltr'>ut</span> <span class='ocrx_word' id='word_1_694' title='bbox 2967 4875 3349 4952; x_wconf 65' lang='lat' dir='ltr'>amplissima:</span> <span class='ocrx_word' id='word_1_695' title='bbox 3403 4877 3714 4952; x_wconf 89' lang='lat' dir='ltr'>dignitatis</span> <span class='ocrx_word' id='word_1_696' title='bbox 3743 4879 3840 4935; x_wconf 86' lang='lat' dir='ltr'>vir</span> 
     </span>
    </p>
   </div>
   <div class='ocr_carea' id='block_1_100' title="bbox 2179 4951 3840 5040">
    <p class='ocr_par' dir='ltr' id='par_1_100' title="bbox 2179 4951 3840 5040">
     <span class='ocr_line' id='line_1_101' title="bbox 2179 4951 3840 5040; baseline 0.002 -18"><span class='ocrx_word' id='word_1_697' title='bbox 2179 4964 2678 5022; x_wconf 88' lang='lat' dir='ltr'>sustinebat.Cum</span> <span class='ocrx_word' id='word_1_698' title='bbox 2711 4965 2892 5039; x_wconf 89' lang='lat' dir='ltr'>igitur</span> <span class='ocrx_word' id='word_1_699' title='bbox 2921 4965 2992 5021; x_wconf 88' lang='lat' dir='ltr'>ad</span> <span class='ocrx_word' id='word_1_700' title='bbox 3015 4965 3072 5020; x_wconf 91' lang='lat' dir='ltr'>id</span> <span class='ocrx_word' id='word_1_701' title='bbox 3096 4951 3284 5039; x_wconf 75' lang='lat' dir='ltr'>usque</span> <span class='ocrx_word' id='word_1_702' title='bbox 3303 4951 3840 5040; x_wconf 82' lang='lat' dir='ltr'>temporis,corpus</span> 
     </span>
    </p>
   </div>
   <div class='ocr_carea' id='block_1_101' title="bbox 2178 5052 3835 5128">
    <p class='ocr_par' dir='ltr' id='par_1_101' title="bbox 2178 5052 3835 5128">
     <span class='ocr_line' id='line_1_102' title="bbox 2178 5052 3835 5128; baseline 0.002 -18"><span class='ocrx_word' id='word_1_703' title='bbox 2178 5054 2358 5110; x_wconf 64' lang='lat' dir='ltr'>beatae</span> <span class='ocrx_word' id='word_1_704' title='bbox 2403 5052 2647 5127; x_wconf 89' lang='lat' dir='ltr'>virginis</span> <span class='ocrx_word' id='word_1_705' title='bbox 2693 5053 2754 5110; x_wconf 90' lang='lat' dir='ltr'>in</span> <span class='ocrx_word' id='word_1_706' title='bbox 2813 5053 3153 5124; x_wconf 87' lang='lat' dir='ltr'>dexteriore,</span> <span class='ocrx_word' id='word_1_707' title='bbox 3186 5071 3364 5128; x_wconf 90' lang='lat' dir='ltr'>quam</span> <span class='ocrx_word' id='word_1_708' title='bbox 3423 5055 3835 5128; x_wconf 68' lang='lat' dir='ltr'>prmdiximns,</span> 
     </span>
    </p>
   </div>
   <div class='ocr_carea' id='block_1_102' title="bbox 2179 5142 3840 5214">
    <p class='ocr_par' dir='ltr' id='par_1_102' title="bbox 2179 5142 3840 5214">
     <span class='ocr_line' id='line_1_103' title="bbox 2179 5142 3840 5214; baseline 0.004 -17"><span class='ocrx_word' id='word_1_709' title='bbox 2179 5145 2342 5214; x_wconf 89' lang='lat' dir='ltr'>parte</span> <span class='ocrx_word' id='word_1_710' title='bbox 2387 5142 2590 5199; x_wconf 89' lang='lat' dir='ltr'>altaris</span> <span class='ocrx_word' id='word_1_711' title='bbox 2639 5142 2890 5200; x_wconf 69' lang='lat' dir='ltr'>basilica:</span> <span class='ocrx_word' id='word_1_712' title='bbox 2940 5159 3090 5200; x_wconf 89' lang='lat' dir='ltr'>nova</span> <span class='ocrx_word' id='word_1_713' title='bbox 3136 5146 3350 5199; x_wconf 74' lang='lat' dir='ltr'>sancta:</span> <span class='ocrx_word' id='word_1_714' title='bbox 3381 5142 3484 5200; x_wconf 89' lang='lat' dir='ltr'>Dei</span> <span class='ocrx_word' id='word_1_715' title='bbox 3513 5143 3840 5204; x_wconf 84' lang='lat' dir='ltr'>Genitricis</span> 
     </span>
    </p>
   </div>
   <div class='ocr_carea' id='block_1_103' title="bbox 2179 5292 3835 5370">
    <p class='ocr_par' dir='ltr' id='par_1_103' title="bbox 2179 5292 3835 5370">
     <span class='ocr_line' id='line_1_104' title="bbox 2179 5292 3835 5370; baseline 0.002 -20"><span class='ocrx_word' id='word_1_716' title='bbox 2179 5292 2557 5370; x_wconf 84' lang='lat' dir='ltr'>Luxovi_e_nsis</span> <span class='ocrx_word' id='word_1_717' title='bbox 2587 5294 2816 5370; x_wconf 71' lang='lat' dir='ltr'>abbatis</span> <span class='ocrx_word' id='word_1_718' title='bbox 2846 5294 3022 5370; x_wconf 82' lang='lat' dir='ltr'>refert</span> <span class='ocrx_word' id='word_1_719' title='bbox 3064 5295 3270 5370; x_wconf 80' lang='lat' dir='ltr'>mortis</span> <span class='ocrx_word' id='word_1_720' title='bbox 3299 5310 3487 5370; x_wconf 88' lang='lat' dir='ltr'>genus</span> <span class='ocrx_word' id='word_1_721' title='bbox 3516 5295 3835 5370; x_wconf 75' lang='lat' dir='ltr'>progenie,</span> 
     </span>
    </p>
   </div>
   <div class='ocr_carea' id='block_1_104' title="bbox 2220 5365 3841 5440">
    <p class='ocr_par' dir='ltr' id='par_1_104' title="bbox 2220 5365 3841 5440">
     <span class='ocr_line' id='line_1_105' title="bbox 2220 5365 3841 5440; baseline 0.004 -20"><span class='ocrx_word' id='word_1_722' title='bbox 2220 5382 2353 5440; x_wconf 82' lang='lat' dir='ltr'>uem</span> <span class='ocrx_word' id='word_1_723' title='bbox 2387 5365 2833 5440; x_wconf 51' lang='lat' dir='ltr'>Liggnejlpvio</span> <span class='ocrx_word' id='word_1_724' title='bbox 2889 5365 3042 5440; x_wconf 84' lang='lat' dir='ltr'>inter</span> <span class='ocrx_word' id='word_1_725' title='bbox 3088 5365 3841 5440; x_wconf 17' lang='lat' dir='ltr'>piscapdumgabsorptum</span> 
     </span>
    </p>
   </div>
   <div class='ocr_carea' id='block_1_105' title="bbox 2203 5435 3841 5509">
    <p class='ocr_par' dir='ltr' id='par_1_105' title="bbox 2203 5435 3841 5509">
     <span class='ocr_line' id='line_1_106' title="bbox 2203 5435 3841 5509; baseline 0.004 -18"><span class='ocrx_word' id='word_1_726' title='bbox 2203 5435 2358 5509; x_wconf 76' lang='lat' dir='ltr'>uisse</span> <span class='ocrx_word' id='word_1_727' title='bbox 2379 5435 2585 5509; x_wconf 73' lang='lat' dir='ltr'>tradit.</span> <span class='ocrx_word' id='word_1_728' title='bbox 2610 5436 2848 5509; x_wconf 73' lang='lat' dir='ltr'>Qbitum</span> <span class='ocrx_word' id='word_1_729' title='bbox 2874 5438 3006 5509; x_wconf 89' lang='lat' dir='ltr'>ejus</span> <span class='ocrx_word' id='word_1_730' title='bbox 3032 5435 3105 5494; x_wconf 46' lang='lat' dir='ltr'>vi</span> <span class='ocrx_word' id='word_1_731' title='bbox 3125 5438 3209 5494; x_wconf 92' lang='lat' dir='ltr'>Id.</span> <span class='ocrx_word' id='word_1_732' title='bbox 3237 5438 3509 5494; x_wconf 89' lang='lat' dir='ltr'>Decemb.</span> <span class='ocrx_word' id='word_1_733' title='bbox 3535 5435 3704 5496; x_wconf 71' lang='lat' dir='ltr'>notat</span> <span class='ocrx_word' id='word_1_734' title='bbox 3728 5441 3841 5498; x_wconf 83' lang='lat' dir='ltr'>Ne-</span> 
     </span>
    </p>
   </div>
   <div class='ocr_carea' id='block_1_106' title="bbox 2175 5506 2796 5564">
    <p class='ocr_par' dir='ltr' id='par_1_106' title="bbox 2175 5506 2796 5564">
     <span class='ocr_line' id='line_1_107' title="bbox 2175 5506 2796 5564; baseline -0.002 -1"><span class='ocrx_word' id='word_1_735' title='bbox 2175 5506 2499 5564; x_wconf 73' lang='lat' dir='ltr'>crologium</span> <span class='ocrx_word' id='word_1_736' title='bbox 2533 5509 2590 5563; x_wconf 95' lang='lat' dir='ltr'>S.</span> <span class='ocrx_word' id='word_1_737' title='bbox 2627 5507 2796 5564; x_wconf 89' lang='lat' dir='ltr'>Galli.</span> 
     </span>
    </p>
   </div>
   <div class='ocr_carea' id='block_1_107' title="bbox 2245 5525 3836 5662">
    <p class='ocr_par' dir='ltr' id='par_1_107' title="bbox 2245 5525 3836 5662">
     <span class='ocr_line' id='line_1_108' title="bbox 2245 5525 3156 5634; baseline -0.002 -71"><span class='ocrx_word' id='word_1_738' title='bbox 2245 5525 2499 5634; x_wconf 61' lang='lat'>01051“!!!</span> <span class='ocrx_word' id='word_1_739' title='bbox 2533 5525 2590 5563; x_wconf 72' lang='grc' dir='ltr'>δ.</span> <span class='ocrx_word' id='word_1_740' title='bbox 2627 5525 2796 5590; x_wconf 60' lang='lat' dir='ltr'>uani:</span> <span class='ocrx_word' id='word_1_741' title='bbox 2897 5577 2909 5590; x_wconf 51' lang='lat'>.</span> <span class='ocrx_word' id='word_1_742' title='bbox 3143 5579 3156 5593; x_wconf 42' lang='grc' dir='ltr'><strong><em>ο</em></strong></span> 
     </span>
     <span class='ocr_line' id='line_1_109' title="bbox 2245 5578 3836 5662; baseline 0.004 -27"><span class='ocrx_word' id='word_1_743' title='bbox 2245 5579 2338 5662; x_wconf 62' lang='grc' dir='ltr'>(3ξξ</span> <span class='ocrx_word' id='word_1_744' title='bbox 2373 5581 2395 5649; x_wconf 90' lang='grc'>)</span> <span class='ocrx_word' id='word_1_745' title='bbox 2416 5579 2630 5636; x_wconf 86' lang='lat' dir='ltr'>Eodem</span> <span class='ocrx_word' id='word_1_746' title='bbox 2653 5578 2950 5662; x_wconf 58' lang='lat' dir='ltr'>privilegio</span> <span class='ocrx_word' id='word_1_747' title='bbox 2970 5580 3160 5662; x_wconf 73' lang='lat' dir='ltr'>affecti</span> <span class='ocrx_word' id='word_1_748' title='bbox 3181 5584 3323 5637; x_wconf 87' lang='lat' dir='ltr'>sunt</span> <span class='ocrx_word' id='word_1_749' title='bbox 3333 5580 3836 5662; x_wconf 66' lang='lat' dir='ltr'>ghmdegangus,</span> 
     </span>
    </p>
   </div>
   <div class='ocr_carea' id='block_1_108' title="bbox 2171 5649 3719 5728">
    <p class='ocr_par' dir='ltr' id='par_1_108' title="bbox 2171 5649 3719 5728">
     <span class='ocr_line' id='line_1_110' title="bbox 2171 5649 3719 5728; baseline 0.003 -22"><span class='ocrx_word' id='word_1_750' title='bbox 2171 5649 2610 5724; x_wconf 80' lang='lat' dir='ltr'>Angilramnus,</span> <span class='ocrx_word' id='word_1_751' title='bbox 2643 5649 2699 5709; x_wconf 76' lang='lat' dir='ltr'>et</span> <span class='ocrx_word' id='word_1_752' title='bbox 2725 5649 2916 5720; x_wconf 83' lang='lat' dir='ltr'>Walo,</span> <span class='ocrx_word' id='word_1_753' title='bbox 2951 5651 3218 5723; x_wconf 90' lang='lat' dir='ltr'>ejusdem</span> <span class='ocrx_word' id='word_1_754' title='bbox 3249 5651 3407 5710; x_wconf 88' lang='lat' dir='ltr'>sedis</span> <span class='ocrx_word' id='word_1_755' title='bbox 3433 5649 3719 5728; x_wconf 53' lang='lat' dir='ltr'>episdopi‘.</span> 
     </span>
    </p>
   </div>
  </div>
