4096 6174
178 332 293 395 235

1171 320 1276 384 DE
1321 310 1915 384 TRANSLATIONE
1960 318 2025 379 S.
2076 308 2610 378 GLODESINDIS.

3493 313 3613 378 226

181 453 1841 527 humomansissetreconditum;dispositioillasuperna,
1873 452 1929 517 Α
1960 449 2113 504 lamo
2144 448 2603 519 edietis,nomen
2638 451 2824 523 ipsius
2847 451 2998 507 beati
3020 447 3267 520 Sulpicii
3289 451 3619 523 continent,

181 553 272 608 cui
292 567 432 607 cum
450 548 724 605 omnium
744 564 873 620 qua:
888 545 1323 612 condidit,tunc
1342 543 1593 598 maxime
1605 557 1845 597 suorum

180 655 321 696 cura
349 639 548 694 exstat
576 634 898 708 praecipua,
932 634 991 687 in
1043 632 1171 704 ipso
1222 648 1454 704 quoque
1493 645 1730 701 corpore
1774 628 1848 682 ad

179 726 383 785 oculos
398 723 715 781 hominum
735 722 950 778 merita
966 720 1155 794 ipsius
1176 737 1355 776 sacrae
1370 718 1848 792 virginis,quanti

178 816 338 891 apud
371 830 438 871 se
472 828 711 885 semper
740 811 1082 881 existerent,
1106 813 1375 881 patenter
1400 807 1586 863 voluit
1614 808 1852 863 demon-

186 910 403 965 strare.
425 902 615 975 Cmpit
633 901 794 957 enim
817 904 963 956 tunc
994 900 1277 971 temporis
1297 897 1632 970 sepulcrum
1656 897 1850 968 ipsum

186 996 259 1051 de
292 1000 455 1049 terra
484 1008 548 1048 se
578 994 790 1062 sponte
822 988 1220 1061 subrigere,et
1252 988 1469 1043 mirum
1492 988 1551 1041 in
1584 987 1852 1053 modum,

184 1084 269 1139 ita
299 1087 369 1137 ut
402 1098 511 1136 nee
542 1080 605 1135 in
634 1083 793 1135 terra
821 1078 1027 1134 eadem
1060 1077 1343 1133 viciniora
1363 1074 1577 1131 tumuli
1601 1075 1729 1130 loca
1758 1091 1853 1146 ap—

186 1176 487 1246 parerent,
504 1186 610 1226 nee
643 1169 703 1223 in
725 1166 940 1223 murali
976 1166 1413 1221 constructione
1437 1167 1686 1235 desuper
1702 1180 1856 1218 com-

187 1261 407 1334 posita.
444 1260 636 1330 Hujus
668 1256 749 1312 rei
784 1255 1035 1323 novitas,
1067 1256 1209 1310 dum
1253 1255 1325 1309 ad
1375 1254 1644 1309 notitiam
1677 1269 1858 1323 supra

187 1348 509 1407 memorati
552 1346 852 1419 pontiﬁcis
891 1344 1275 1416 pervenisset,
1322 1360 1619 1398 morarum
1670 1342 1855 1413 impa-

186 1440 347 1495 tiens
378 1436 595 1492 moxin
626 1435 953 1491 crastinum
978 1434 1127 1489 ﬁdos
1166 1434 1239 1489 ad
1273 1433 1381 1488 hoc
1424 1433 1858 1504 inspiciendum

188 1541 505 1583 sacrorum
523 1524 830 1581 ministros
842 1539 980 1579 cum
998 1521 1412 1578 archidiacono
1434 1523 1858 1593 majore,quem

189 1615 688 1687 eborepiscopum
736 1612 969 1681 dicunt,
1013 1610 1247 1666 direxit.
1282 1610 1389 1676 Qui
1444 1611 1746 1667 venientes
1803 1614 1862 1665 et

196 1708 425 1761 cuncta
453 1702 699 1764 viris.ut
744 1699 952 1757 relatio
991 1698 1334 1771 pertulerat,
1352 1699 1763 1771 approbantes,
1787 1699 1859 1754 ad

191 1809 317 1849 rem
339 1791 626 1848 continuo
642 1795 863 1846 certam
893 1788 1588 1860 renuntiant.Episcopus
1610 1789 1681 1843 ad
1705 1787 1856 1844 hanc

192 1881 547 1939 relationem
568 1880 639 1935 de
656 1879 863 1935 eadem
885 1877 1295 1934 sacratissima
1322 1876 1567 1949 virgine,
1583 1893 1708 1949 qua:
1732 1876 1854 1932 fue-

194 1970 296 2039 rit,
313 1983 518 2042 quaeve
540 1967 590 2023 ei
614 1966 978 2023 conversatio
1001 1966 1089 2022 vel
1112 1965 1233 2021 vita
1258 1965 1473 2021 viventi
1516 1966 1710 2034 fuerit,
1733 1983 1858 2037 quae

195 2058 407 2130 utique
440 2057 701 2113 nondum
732 2055 879 2111 satis
908 2053 1150 2128 vulgata
1181 2052 1860 2123 claruerant,sellicitius

193 2145 501 2219 disquirit.

270 2238 361 2290 10.
398 2234 507 2290 Ubi
529 2238 741 2290 cuncta
759 2250 829 2290 ex
849 2234 1053 2290 ordine
1074 2234 1150 2289 ab
1172 2232 1320 2305 ipsis
1334 2234 1441 2305 qui
1457 2233 1645 2288 vivam
1670 2233 1858 2305 ipsam

196 2326 257 2379 in
285 2339 532 2397 corpore
551 2323 743 2379 videre
765 2327 1363 2395 potuerant,quorum
1380 2339 1517 2394 pars
1540 2321 1727 2377 multa
1757 2323 1856 2377 ad-

196 2414 318 2469 huc
334 2417 663 2485 supererat,
677 2412 1129 2487 didicit,gaudio
1147 2412 1328 2467 misto
1351 2412 1723 2469 admirationi
1743 2430 1858 2468 non

197 2502 524 2558 minimum
562 2501 925 2574 pereitus,ac
956 2502 1156 2557 divino
1191 2501 1389 2557 nescio
1421 2518 1534 2574 quo
1568 2507 1716 2558 nutu
1749 2503 1857 2557 im-

1956 542 2015 593 et
2048 542 2169 594 tota
2198 538 2346 593 ratio
2369 538 2527 610 juris
2557 539 2911 594 luereditarii
2944 536 3138 609 ipsius
3167 536 3285 591 loci
3306 556 3631 619 rerumque

1958 627 2323 699 supputatio,
2344 644 2522 699 quam
2554 628 2851 685 abbatiam
2874 628 3249 700 dicunt,ejus
3272 633 3517 694 nomine
3539 655 3638 713 ap.

1957 714 2233 787 pellatur.
2253 715 2480 771 Dicitur
2508 722 2705 773 tamen
2736 721 2795 773 et
2826 716 3071 773 nomine
3095 723 3323 777 saneta:
3343 723 3450 783 Dei
3472 728 3646 788 Geni.

1959 802 2146 895 tricis,
2167 804 2367 895 addito
2398 805 2576 860 etiam
2608 807 2761 861 beati
2791 807 2943 863 Petri
2972 808 3434 881 apostoli,aram
3452 819 3649 895 ipsam

1960 892 2249 962 majorem
2284 892 2459 948 simul
2494 912 2628 950 cum
2664 896 2790 967 ipso
2823 895 3187 955 eonfessore
3219 917 3349 962 esse
3370 892 3651 971 dicatam.

1962 979 2025 1033 In
2060 978 2171 1034 hac
2197 996 2334 1053 ergo
2364 981 2628 1051 basilica,
2662 984 3038 1056 sarcophago
3060 1001 3229 1046 novo
3254 1004 3388 1068 post
3417 1019 3653 1062 sacrum

1963 1068 2145 1123 altare
2160 1070 2571 1127 venerabiliter
2586 1079 2933 1144 prmparato,
2951 1081 3253 1140 sanetum
3276 1093 3333 1143 et
3354 1095 3653 1162 pretiosis-

1965 1158 2186 1213 simum
2218 1158 2434 1231 pignus
2467 1159 2682 1214 honore
2713 1167 2770 1217 et
2792 1164 3140 1237 cultu,quo
3176 1158 3440 1251 ampliori
3465 1186 3657 1243 value—
3724 1178 3745 1181 r

1968 1252 2130 1314 runt,
2162 1247 2612 1320 diligentissime
2644 1252 3035 1307 collocarunt.

2044 1337 2132 1431 11-.
2167 1335 2621 1431 Mirabilia-m‘ox
2652 1357 2756 1411 per
2783 1342 3067 1398 virtutem
3128 1352 3344 1409 Christi
3396 1363 3513 1412 tam
3536 1362 3641 1431 ju-

1968 1426 2164 1518 cunda
2174 1429 2232 1518 et
2248 1425 2526 1518 salutaria
2543 1428 2660 1518 illic
2676 1437 2982 1503 cceperunt
2996 1433 3341 1511 clarescere,
3352 1451 3415 1501 ut
3428 1425 3582 1518 quan
3591 1450 3636 1502 ti

1966 1514 2215 1588 virginei
2232 1516 2425 1571 meriti
2450 1516 2636 1589 gloria
2668 1520 2821 1591 apud
2858 1521 3044 1577 Deum
3083 1532 3355 1586 constare
3373 1514 3633 1591 credere-

1970 1609 2090 1675 tur,
2105 1604 2177 1660 ad
2200 1604 2322 1660 haec
2344 1604 2471 1677 ipsa
2492 1608 2786 1676 nostra,id
2811 1613 2900 1665 est
2927 1610 3193 1670 humana
3222 1617 3475 1687 judicia,
3497 1594 3629 1678 eer-

1969 1693 2221 1749 tioribus
2253 1693 2376 1766 ipse
2400 1694 2687 1751 Dominus
2718 1698 3100 1769 comprobare
3121 1702 3467 1776 dignaretur
3484 1725 3629 1780 pras-

1973 1782 2180 1838 eoniis.
2218 1782 2279 1837 In
2306 1782 2521 1854 quibus
2543 1785 2919 1856 corporaliter
2966 1804 3200 1862 quoque
3239 1809 3354 1848 non
3404 1797 3628 1854 desinit

1972 1870 2293 1944 adimplere
2323 1872 2477 1943 quod
2509 1889 2613 1944 per
2640 1874 2831 1929 virum
2862 1876 2962 1932 Dei
2997 1878 3054 1932 in
3089 1879 3238 1936 libro
3288 1882 3503 1956 Regem
3538 1886 3623 1943 lo-

1969 1965 2244 2032 quentem
2277 1961 2349 2015 ad
2383 1960 2505 2016 Heli
2528 1966 2918 2033 protestetur:
2940 1967 3296 2042 Quicumque,
3324 1972 3626 2047 inquiens,

1969 2050 2411 2121 honoriﬁeaverit
2434 2067 2542 2118 me,
2565 2050 2839 2110 honorabo
2866 2070 3022 2124 eum;
3052 2060 3151 2129 qui
3174 2067 3358 2116 autem
3383 2073 3623 2122 contem-

1968 2145 2110 2193 nunt
2134 2154 2238 2207 me,
2271 2146 2435 2195 erunt
2480 2141 2747 2211 ignobiles
2790 2142 2840 2211 (ι
2880 2144 3006 2217 Reg.
3058 2162 3120 2213 ιι,
3153 2148 3248 2215 30)
3272 2150 3419 2217 Quia
3460 2154 3621 2212 enim

1971 2229 2091 2283 ὴωο
2123 2232 2328 2282 saneta
2359 2226 2409 2283 el
2441 2245 2594 2302 saepe
2624 2231 2873 2289 dicenda
2917 2240 3122 2291 sancta
3171 2239 3387 2310 puella,
3423 2242 3622 2300 Domi-

1970 2332 2112 2373 num
2144 2316 2203 2372 in
2237 2333 2343 2372 suo
2376 2334 2615 2390 corpore
2637 2320 2811 2391 juxta
2857 2323 3203 2395 Apostolum
3252 2328 3624 2407 gloriﬁcavit,

1970 2414 2029 2463 et
2061 2410 2389 2463 reverenter
2418 2423 2614 2464 amore
2644 2408 3001 2483 virginitatis
3031 2419 3311 2487 portavit;
3348 2420 3476 2476 ideo
3499 2438 3655 2495 gra-_

1971 2500 2053 2555 tia
2083 2497 2368 2570 copiosor,
2405 2501 2468 2551 ut
2491 2497 2619 2568 jam
2641 2500 2711 2554 de
2741 2500 2843 2555 illa
2873 2501 3147 2560 immensi
3177 2512 3454 2580 ponderis
3504 2533 3626 2575 cce-

196 2590 440 2663 pulsus,
469 2589 543 2646 ad
573 2589 681 2646 hoc
711 2589 946 2646 hortatu
979 2590 1185 2646 addito
1224 2589 1640 2662 plurimorum,
1673 2593 1744 2648 de
1794 2610 1863 2650 ea
1968 2587 2100 2659 lcsti
2130 2592 2431 2642 taceamus
2461 2588 2748 2657 mercede,
2782 2590 2959 2646 etiam
3002 2591 3061 2647 in
3112 2594 3222 2651 hac
3270 2602 3628 2665 mortalitate

198 2678 569 2736 sublevanda
597 2678 761 2735 ocius
792 2679 947 2752 capit
979 2679 1319 2736 consilium.
1339 2679 1420 2735 Ne
1440 2680 1532 2735 cui
1564 2686 1762 2738 autem
1781 2683 1864 2738 in-

199 2768 488 2825 credibile
517 2768 787 2824 videatur
813 2770 941 2840 ejus
972 2768 1258 2841 temporis
1289 2768 1517 2841 aliquos
1549 2773 1691 2826 tunc
1736 2788 1865 2829 esse

196 2858 474 2930 potuisse
504 2856 872 2929 superstites,
898 2856 1177 2913 chronica
1208 2874 1241 2912 a
1271 2861 1534 2930 tempore
1555 2858 1863 2915 Childerici

200 2945 369 3019 regis
384 2962 456 3001 ex
471 2944 715 3019 Pippino
727 2962 831 3018 per
844 2946 1113 3013 Carolum
1136 2946 1197 3001 in
1216 2946 1576 3002 Ludovicum
1593 2948 1867 3020 deducta,

202 3035 369 3091 facili
394 3035 454 3090 id
477 3036 686 3108 probat
705 3035 941 3106 indicio,
960 3052 1088 3109 quae
1111 3034 1313 3107 utique
1334 3053 1450 3091 non
1482 3036 1738 3094 multum
1771 3057 1868 3095 su-

203 3137 320 3195 per
346 3121 777 3194 octogesimum
810 3123 1098 3194 reperitur
1128 3140 1351 3179 annum
1385 3140 1399 3178 :
1435 3123 1611 3197 idque
1634 3130 1870 3199 tempus

1972 2693 2101 2733 eam
2125 2681 2180 2732 et
2210 2680 2543 2731 manentem
2561 2675 2622 2730 in
2654 2693 2894 2749 corpore
2909 2683 2999 2734 est
3026 2682 3320 2755 comitata,
3337 2692 3393 2743 et
3413 2693 3630 2751 exstin-

1974 2771 2068 2822 cta
2098 2782 2253 2820 nune
2284 2763 2414 2836 ipsa
2444 2763 2602 2819 illius
2632 2766 2904 2822 membra
2934 2767 3157 2841 ingenti
3189 2772 3407 2832 honore
3433 2795 3630 2850 prose-

1975 2853 2198 2926 quitur.
2213 2852 2722 2925 Contemptoribus
2737 2860 2933 2910 autem
2951 2856 3052 2913 Dei
3068 2863 3125 2915 et
3141 2863 3627 2927 conculcantibus

1977 2961 2046 2999 ea
2077 2960 2205 3016 qua;
2245 2947 2449 2998 sancta
2477 2946 2637 3011 sunt,
2665 2946 2721 2997 et
2740 2943 2840 3016 qui
2856 2945 3029 3016 juxta
3051 2948 3412 3021 Sapientiam
3432 2954 3630 3013 viden-

1976 3037 2065 3089 tes
2112 3033 2328 3104 justos,
2362 3035 2419 3088 et
2465 3048 2584 3086 non
2630 3031 3038 3105 intelligentes,
3071 3053 3177 3093 nec
3235 3046 3515 3112 ponentes
3564 3044 3627 3103 in

1981 3120 2315 3196 przeeordiis
2345 3120 2502 3188 talia,
2529 3118 2630 3175 illa
2660 3138 2787 3193 quae
2817 3121 2877 3177 in
2908 3124 3111 3180 eodem
3134 3126 3282 3184 libro
3305 3135 3626 3190 contexun-

204 3190 384 3268 aatate
418 3190 596 3268 unius
624 3190 890 3267 hominis
910 3229 1026 3269 non
1059 3210 1298 3269 difficile
1330 3190 1542 3269 durare
1571 3190 1870 3273 convinci-
1901 3190 1945 3257 Ο
1983 3216 2080 3267 tur
2098 3211 2234 3282 jure
2264 3207 2635 3266 conveniunt.
2671 3209 3001 3267 Comlemnat
3030 3223 3213 3271 autem
3250 3219 3436 3290 justus
3480 3238 3627 3279 mor-

184 3306 334 3357 'tur.
365 3300 630 3357 Antistes
660 3300 840 3374 igitur
867 3302 1379 3359 reverentissimus
1412 3320 1548 3359 cum
1575 3321 1743 3361 sacra
1764 3307 1874 3363 cle-

210 3392 477 3447 ricorum
508 3407 574 3445 ac
605 3389 954 3463 populorum
980 3390 1331 3463 frequentia,
1346 3392 1418 3446 ad
1440 3390 1634 3447 locum
1666 3410 1771 3465 per
1789 3413 1874 3451 se-

211 3480 546 3551 metipsum
577 3479 880 3548 accedens,
899 3478 1191 3552 religiosis
1211 3483 1480 3535 votorum
1502 3480 1875 3552 supplicatio-

214 3568 400 3624 nibus
435 3569 553 3624 ritu
585 3568 833 3625 solemni
866 3568 1211 3641 praemissis,
1244 3570 1535 3643 patefacto
1583 3572 1870 3644 sepulcro,

215 3656 346 3730 ipse
367 3657 625 3730 propriis
642 3656 798 3714 ulnis
814 3658 986 3728 miro,
999 3663 1056 3715 et
1073 3674 1254 3730 supra
1283 3674 1460 3730 quam
1485 3658 1640 3713 credi
1662 3662 1873 3733 possit,

216 3746 500 3820 religioso
536 3746 591 3801 in
624 3762 755 3802 eam
785 3747 1013 3804 fervens
1062 3747 1274 3817 ofﬁcio,
1310 3749 1516 3803 sancta
1564 3746 1875 3820 virginalia

217 3836 515 3906 membra,
550 3852 676 3908 quas
707 3835 911 3909 utique
943 3841 1067 3892 tota
1095 3836 1287 3893 adhuc
1321 3851 1600 3908 compage
1651 3836 1874 3913 integre

218 3926 603 3993 tenebantur,
634 3941 665 3980 e
696 3923 923 3981 tumulo
954 3924 1242 3995 sublevat,
1274 3930 1331 3982 et
1380 3926 1591 3981 feretro
1634 3926 1874 4000 imposi-

220 4020 369 4079 tam,
405 4013 615 4069 laudes
671 4014 810 4085 Deo,
836 4014 1085 4088 gloriam
1134 4014 1385 4087 Christo,
1418 4015 1558 4071 totis
1607 4019 1873 4075 certatim

218 4103 541 4159 turbarum
573 4107 631 4159 et
663 4103 1011 4176 populorum
1041 4104 1378 4178 agminibus
1398 4107 1876 4181 personantibus,

218 4193 303 4247 ad
332 4193 622 4264 majorem
648 4192 870 4265 ingenti
903 4193 1202 4265 triumpho
1225 4192 1531 4250 basilicam
1553 4195 1872 4266 perferunt.

214 4281 333 4336 Est
363 4281 495 4353 ipsa
525 4280 770 4337 basilica
800 4283 1009 4354 major,
1030 4298 1154 4354 quae
1187 4281 1377 4337 adhuc
1409 4284 1878 4358 eernitur,paulo

213 4386 260 4424 ξι
296 4385 465 4424 mure
488 4368 743 4426 civitatis
772 4370 1071 4442 disjuncta
1095 4388 1107 4426 :
1133 4371 1192 4427 in
1215 4372 1384 4444 cujus
1406 4372 1593 4427 fronte
1610 4374 1878 4432 orientali

212 4458 373 4514 {oris
406 4474 645 4514 murum
677 4459 859 4524 urbis,
879 4459 977 4515 illa
999 4459 1251 4529 nova,de
1283 4475 1401 4531 qua
1421 4477 1600 4532 supra
1620 4464 1884 4535 exposui-

211 4562 387 4616 mus,
404 4553 625 4603 sanctte
654 4547 755 4605 Dei
782 4548 1040 4605 Genitris
1065 4549 1366 4605 exstiterat
1388 4550 1460 4605 ad
1480 4553 1879 4610 coemeterium
1912 4562 1959 4627 ι’)

208 4634 565 4709 puellarum
584 4642 895 4708 exstructa.
912 4639 1045 4711 Ipsa
1060 4642 1254 4694 autem
1279 4641 1467 4711 major
1490 4640 1732 4698 basilica
1744 4645 1891 4698 anti-

208 4741 346 4797 quo
369 4724 445 4781 ab
468 4724 641 4780 initio
658 4726 804 4795 (33s)
828 4727 1065 4782 nomine
1088 4731 1145 4782 et
1180 4727 1397 4784 honore
1421 4729 1609 4783 sancti
1646 4729 1889 4802 Sulpicii

208 4812 477 4869 Biturici
508 4813 770 4887 episcopi
803 4821 859 4871 et
889 4815 1261 4872 confessoriis
1284 4822 1513 4872 sacrata
1543 4817 1889 4878 habebatur.

207 4904 368 4976 Ipsa
388 4908 504 4971 est,
541 4920 719 4975 quam
752 4905 924 4962 beata
954 4905 1293 4978 virgo,dum
1324 4906 1609 4976 viveret,a
1643 4910 1891 4979 parenti-

206 4994 345 5047 bus
366 4992 496 5048 suis
518 4993 592 5048 ad
612 5009 758 5049 usus
776 4994 1003 5051 divinos
1035 4995 1250 5067 praedio
1282 5011 1558 5052 concesso
1572 4997 1751 5067 jactis
1769 4999 1895 5054 fun-

203 5079 534 5136 damentis
562 5082 991 5138 monasterium
1022 5082 1382 5140 instituerat.
1416 5083 1620 5141 Edicta
1663 5102 1893 5159 quoque

203 5166 476 5241 publica
505 5169 577 5225 de
609 5170 1086 5243 possessionibus
1135 5172 1402 5244 ejusdem
1453 5175 1792 5231 monasterii
1833 5175 1893 5231 in

202 5257 468 5314 cunctis
497 5258 758 5332 scriptis,
790 5259 878 5317 vel
909 5260 1247 5335 polyptieis,
1268 5264 1497 5317 vetusto
1529 5261 1677 5335 style
1708 5266 1764 5319 et
1794 5279 1892 5319 ca-

290 5407 460 5491 (331)
609 5411 668 5468 S.
688 5411 935 5495 Sulpicii
957 5414 1192 5496 nomine
1208 5411 1491 5539 primitus
1514 5410 1795 5484 insignita
1814 5415 1893 5472 sit

328 5480 602 5539 basilica.
636 5500 753 5539 non
788 5491 1081 5539 immerito
1126 5486 1204 5539 du
1252 5489 1382 5539 itari
1418 5486 1632 5539 potest.
1664 5499 1797 5538 eum
1830 5487 1889 5539 S.

197 5500 288 5540 ea
312 5480 753 5555 ⁸Ικξδῇὶὶοεξνιιοη
788 5480 1081 5542 immerito
1126 5480 1382 5541 dubitari
1418 5480 1797 5555 potestfeum
1830 5487 1889 5555 S,

197 5550 951 5630 §9lpici_us_l3ituricensis
965 5557 1367 5630 episcopus,eo
1391 5550 1624 5609 nomine
1641 5550 1892 5630 primus,

197 5621 615 5688 Glodesindis
648 5627 891 5702 aequalis
923 5621 1116 5698 fuerit,
1150 5621 1477 5685 secundum
1508 5621 1789 5699 epocham
1822 5621 1891 5687 de

1980 3308 2105 3357 tuus
2134 3301 2282 3356 vivos
2314 3301 2510 3371 impios
2558 3298 2706 3371 (Sap.
2741 3317 2815 3368 IV,
2842 3302 2950 3370 16).
2985 3302 3055 3358 Et
3103 3305 3276 3376 paulo
3308 3313 3441 3381 post
3467 3328 3480 3365 :
3505 3312 3634 3370 Post

1982 3390 2095 3445 lucc
2124 3397 2286 3445 erunt
2308 3389 2611 3445 decidentes
2640 3391 2760 3444 sine
2789 3390 2991 3447 honore
3019 3400 3071 3447 et
3099 3394 3157 3448 in
3186 3400 3513 3456 contumelia
3552 3403 3633 3458 in-

1981 3487 2060 3535 ter
2085 3487 2323 3535 mortuos
2350 3481 2410 3535 in
2437 3485 2778 3550 penietuum.

2056 3568 2141 3623 12.
2173 3567 2390 3623 Verum
2422 3568 2493 3622 de
2522 3565 2667 3639 ipsis
2703 3566 3007 3641 signorum
3040 3573 3355 3633 virtutibus
3367 3578 3493 3649 jam
3516 3580 3633 3652 ple-

1984 3656 2119 3713 nius
2152 3656 2537 3712 disseramus.
2575 3656 2830 3724 Feretro,
2863 3661 2928 3713 ut
2965 3661 3268 3733 superiora
3289 3666 3629 3738 retulerunt,

1983 3763 2051 3802 ex
2080 3745 2350 3817 sepulcro
2381 3744 2573 3818 priore
2602 3745 2897 3819 imposita,
2932 3748 3275 3822 priusquam
3316 3754 3495 3811 altero
3543 3774 3631 3813 re-

1985 3834 2330 3891 conderetur
2359 3831 2905 3905 sepulcro,quidam
2936 3852 3003 3890 ex
3023 3838 3206 3895 multo
3218 3840 3345 3911 jam
3372 3846 3634 3916 tempore

1986 3939 2315 3992 cmcus,nec
2345 3922 2498 3978 ultra
2528 3922 2587 3976 in
2619 3922 2910 3995 reliquum
2926 3924 3160 3982 videndi
3183 3945 3425 4002 sperans
3445 3933 3634 3989 subsi-

1989 4014 2106 4082 dia,
2139 4013 2211 4068 ad
2242 4012 2519 4068 feretrum
2542 4010 2734 4068 subito
2757 4029 2859 4085 spe
2889 4012 3113 4070 meliori
3134 4017 3428 4076 animatus
3448 4038 3636 4079 acces-

1990 4101 2085 4157 sit.
2119 4102 2234 4157 Nec
2268 4118 2455 4170 mora,
2489 4116 2596 4172 ope
2627 4101 3039 4159 sacratissima:
3073 4105 3312 4180 virginis
3361 4111 3633 4184 despera-

1988 4196 2115 4247 tum
2149 4191 2251 4246 diu
2282 4190 2480 4246 lumen
2512 4191 2762 4263 perfebte
2793 4192 3029 4265 recepit.
3072 4194 3215 4252 Item
3264 4198 3634 4273 mulierque:-

1990 4280 2126 4336 dam
2158 4279 2481 4336 multorum
2531 4278 2803 4337 similiter
2841 4298 3130 4339 annorum
3162 4287 3415 4344 caecitate
3444 4289 3635 4345 tabes-

1989 4369 2276 4438 cens,sub
2307 4369 2437 4441 ipsa
2467 4368 2585 4425 fere
2605 4368 2746 4425 hora
2775 4370 2990 4428 ibidem
3021 4390 3125 4447 per
3145 4377 3395 4448 gratiam
3418 4377 3634 4433 Christi

1990 4458 2319 4515 illuminata
2348 4461 2455 4514 est.

2074 4550 2160 4603 13.
2196 4547 2511 4621 Postquam
2542 4565 2674 4604 vero
2702 4550 2930 4607 tumulo
2977 4569 3146 4608 saera
3192 4558 3331 4610 sunt
3377 4554 3641 4611 membra

1998 4635 2587 4709 recondita,quaadam
2611 4637 2792 4694 simili
2815 4640 2985 4696 modo
3007 4639 3181 4714 longa
3219 4640 3460 4699 luminis
3472 4641 3644 4699 amis-

2002 4724 2162 4782 sione
2192 4725 2458 4794 multala,
2480 4730 2544 4782 ut
2572 4727 2759 4799 signa,
2795 4745 2921 4800 quae
2954 4729 3237 4785 Dominus
3290 4748 3392 4802 per
3436 4732 3643 4788 merita

2000 4815 2180 4871 beata:
2214 4815 2453 4889 virginis
2485 4818 3113 4890 operabatur,quaeque
3145 4818 3300 4876 fama
3327 4819 3643 4893 velocijam

2001 4909 2182 4961 totum
2215 4911 2646 4961 commoverant
2679 4907 2903 4974 urbem,
2937 4907 3176 4975 audivit,
3209 4912 3430 4980 quanta
3457 4909 3645 4981 potuit

2003 4993 2295 5050 celeritate
2329 4995 2694 5069 ad‘sanetum
2726 4993 3062 5067 sepulcrum
3088 4995 3385 5053 contendit
3406 5012 3420 5052 :
3444 4996 3543 5052 ubi
3565 4996 3649 5053 di-

2001 5082 2200 5138 vinum
2220 5098 2323 5154 per
2338 5080 2617 5137 famulam
2641 5081 2825 5155 ipsius
2843 5082 3022 5138 humo
3039 5089 3302 5155 porrecta
3321 5084 3646 5158 implorans

2003 5171 2305 5240 auxilium,
2332 5171 2471 5226 dum
2495 5169 2717 5242 aliquot
2745 5170 2960 5226 ibidem
2983 5172 3229 5229 excubat
3257 5178 3475 5243 noctes,
3497 5191 3647 5247 qua:-

2002 5260 2181 5316 situm
2212 5260 2448 5315 tandem
2477 5257 2699 5332 integre
2729 5258 2926 5318 lumen
2960 5261 3169 5335 adepta
3194 5267 3301 5321 est.

2002 5409 2370 5485 Glodesindis
2389 5412 2552 5485 aetate
2576 5425 2623 5485 a7
2639 5425 2733 5485 me
2762 5410 3344 5485 praestitutamﬂerte
3366 5411 3641 5485 potiusS.

2003 5482 2154 5539 Petri
2183 5498 2394 5538 nomen
2422 5480 2495 5535 ab
2526 5479 2692 5537 initio
2722 5479 2928 5538 tulisse
2968 5483 3196 5539 videtur
3238 5484 3350 5539 ista
3366 5479 3642 5552 'ecelesia,

2002 5554 2096 5611 cui
2128 5557 2329 5639 postea
2374 5555 2664 5634 patronus.
2703 5554 2950 5610 accessit
3000 5555 3058 5610 S.
3084 5554 3380 5639 sulpicius
3432 5554 3644 5613 Bituri-

2003 5624 2192 5685 censis
2221 5624 2549 5699 episcopus,
2578 5624 2806 5699 primus
2838 5643 2912 5683 an
2944 5624 3260 5685 secundus.
