4076 6174
472 311 584 369 227

1363 305 1686 367 JUANNIS
1735 304 2058 366 ABBATIS
2105 307 2169 364 Β.
2217 307 2559 368 AltNUlJ’l
2605 308 2995 368 METENSIS

3763 311 3882 373 228

547 443 632 496 14.
667 441 787 496 Sub
812 439 965 492 idem
991 441 1220 510 tempus
1247 436 1472 491 feminzr
1499 443 1614 492 tres
1636 437 1894 491 febribus
1917 435 2112 492 nimiis
2143 445 2196 506 Α
2229 441 2352 504 Qua
2377 439 2655 494 (ἱίνὶιιίιιιδ
2699 441 2840 494 forte
2873 440 3160 495 subducta
3193 457 3486 512 nusquam
3517 449 3876 512 accurrente,

468 549 538 587 ex
557 527 888 586 diutissime
911 530 1093 581 tracto
1132 526 1414 598 languore
1453 525 1730 580 omnibus
1765 541 1912 597 pene
1941 541 2123 580 mem-

467 619 590 676 bris
621 618 1076 687 exhanstm,qum
1098 613 1157 669 in
1183 632 1333 670 vana
1357 615 1713 670 medicorum
1741 631 1880 668 cura
1907 613 2122 669 multo-

467 708 576 764 ties
605 705 717 762 sibi
749 705 971 759 frustra
1002 701 1284 769 adhibita,
1303 719 1483 758 censu
1517 719 1840 774 pauperum
1875 701 2118 773 perdito,

465 803 522 853 et
549 812 698 850 onus
727 791 1168 864 geininaverant
1199 789 1583 862 paupertatis,
1616 795 1672 845 et
1703 788 1939 844 remedii
1977 787 2120 843 nihil

462 884 701 942 omnino
733 881 1053 936 attulerant
1077 899 1090 947 ;
1127 880 1332 934 audita
1363 879 1641 935 relatione
1670 878 1996 950 ingentium
2021 896 2054 932 Π
2083 878 2122 932 i-

461 973 760 1038 rabilium,
781 971 853 1024 ad
885 969 1130 1042 virginis
1162 972 1374 1022 sanctw
1409 967 1746 1040 sepulcrum
1780 985 1840 1020 se
1871 966 1980 1020 title
2005 983 2116 1020 non

461 1079 630 1120 cassa
661 1075 900 1132 propere
934 1057 1336 1112 contulerunt.
1371 1058 1466 1112 1hr.
1501 1075 1629 1111 mox
1666 1060 1727 1110 ut
1755 1054 1957 1110 limina
1980 1054 2118 1109 aedis

461 1156 676 1210 sancta:
709 1147 1385 1218 contingerunt,virgine
1409 1146 1466 1200 in
1498 1145 1589 1202 sui
1614 1144 1895 1200 auxilium
1934 1143 2116 1216 preci-

461 1244 572 1298 bus
602 1237 855 1294 credulis
899 1236 1186 1302 invocata,
1213 1233 1649 1308 integerrimam
1679 1232 1959 1287 membris
1989 1249 2112 1286 0m-

459 1331 634 1385 nibus
665 1328 1158 1396 recuperaverant
1188 1323 1461 1378 salutem.
1496 1323 1564 1376 Et
1607 1321 1666 1376 in
1708 1339 1824 1394 quo
1873 1319 2114 1377 avaritia

458 1413 1094 1490 semper,curationum
1129 1411 1458 1468 carnalium
1489 1411 1820 1479 comes,illa
1840 1427 2113 1482 suae,qua

454 1509 516 1564 in
575 1507 924 1564 miserorum
978 1520 1222 1574 corpora
1297 1502 1385 1557 vel
1441 1519 1580 1574 opes
1655 1501 1912 1568 desaevit,
1965 1500 2109 1556 artis

453 1613 705 1670 expensa
757 1591 1036 1666 potentia,
1068 1595 1191 1647 tota
1239 1591 1557 1646 defecerat:
1593 1591 1742 1646 ﬁdes
1801 1589 1946 1658 sola,
1978 1607 2106 1660 quae

452 1685 636 1760 gratis
655 1685 867 1740 cuncta
897 1681 1045 1736 ferre
1067 1679 1390 1748 consuevit,
1413 1679 1569 1752 quod
1605 1695 1780 1734 suum
1810 1683 1919 1748 est,
1937 1677 2107 1735 solita

451 1773 750 1830 velocitate
780 1769 1055 1826 restituit.

525 1865 613 1918 15.
653 1860 780 1916 Alia
825 1857 964 1913 item
1023 1855 1242 1912 femina
1300 1856 1500 1911 inorbo
1556 1856 1700 1911 adeo
1760 1852 2104 1927 gravissimo

451 1948 810 2023 longissimze
840 1944 1207 2018 mgritudinis
1239 1944 1387 2000 lecto
1427 1943 1728 2000 deeubans
1777 1943 2106 1998 tenebatur,

453 2043 520 2094 ut
565 2037 686 2094 solo
737 2034 948 2108 spiritu
998 2037 1228 2088 tantum
1285 2036 1638 2105 superesset,
1672 2031 1768 2087 cui
1818 2030 2104 2104 quidquid

451 2127 714 2183 humana
733 2121 1082 2179 adhibuerat
1111 2128 1346 2188 manus,
1372 2121 1594 2176 frustra
1640 2124 1828 2176 totum
1874 2119 1931 2174 id
1979 2121 2102 2174 fue-

449 2219 542 2271 rat
572 2231 586 2269 :
620 2212 761 2286 quia
790 2210 966 2266 etiam
1000 2211 1127 2282 ipsa
1159 2227 1260 2282 spe
1297 2208 1548 2264 salutem
1585 2207 1698 2264 sibi
1731 2208 1882 2264 ultra
1930 2225 2102 2280 posse

448 2301 674 2360 restitui
695 2303 823 2372 jam
857 2299 1090 2372 penitus
1123 2299 1522 2354 deserebatur.
1558 2297 1708 2365 Hmc,
1741 2314 1856 2368 quo
1907 2297 2099 2352 nesci-

444 2395 544 2447 tur
571 2390 880 2456 instinctu,
915 2386 1027 2442 nisi
1061 2387 1204 2442 forte
1234 2390 1298 2440 ut
1348 2389 1480 2457 post
1527 2385 1671 2441 satis
1707 2385 1935 2454 claruit,
1982 2386 2097 2440 Deo

445 2479 540 2536 cui
565 2494 806 2535 suorum
839 2474 1105 2530 omnium
1139 2491 1280 2529 cura
1310 2480 1418 2542 est,
1441 2473 1786 2546 inspirante,
1821 2473 1920 2544 qui
1965 2489 2094 2528 eam

443 2586 513 2624 ex
537 2567 786 2638 hujusm
799 2563 894 2620 odi
927 2565 1091 2618 fovea
1121 2561 1542 2634 desperationis
1563 2563 1818 2635 gratuita
1840 2560 2094 2618 bonitate

442 2673 553 2712 sua
577 2655 830 2712 eximere
859 2650 1061 2719 voluit,
1079 2655 1138 2706 et
1155 2653 1479 2706 fomentum
1501 2650 1636 2706 boni
1659 2651 1870 2722 operis,
1891 2667 2090 2722 quam-

438 2743 526 2800 vis
549 2741 804 2799 tenuiter
835 2741 892 2794 in
924 2756 992 2795 ea
1022 2755 1356 2806 accensum,
1391 2755 1507 2796 non
1537 2755 1780 2810 prorsus
1829 2735 2088 2808 patieba-

437 2837 536 2888 tur
562 2827 878 2902 exstingui,
897 2826 969 2882 ad
1001 2824 1208 2880 limina
1235 2825 1386 2880 sacri
1420 2823 1758 2880 monasterii
1789 2823 1940 2880 inter
1973 2841 2090 2879 ma-

437 2936 552 2975 nus
584 2936 646 2974 se
681 2915 814 2973 ferri
837 2914 974 2970 fecit
1004 2931 1018 2969 :
1054 2931 1182 2986 quae
1206 2912 1305 2969 ubi
1316 2915 1445 2984 jam
1467 2917 1700 2986 septum
1723 2930 1824 2968 seu
1847 2911 2082 2982 atrium,

435 3025 552 3080 quo
585 3004 1008 3062 monasterium
1038 3002 1425 3070 ambiebatur,
1447 3001 1714 3075 ingressa
1757 3006 1864 3070 est,
1898 3000 2084 3074 gratia

435 3092 824 3168 omnipotenti
873 3093 990 3148 Deo
1039 3107 1199 3158 voce,
1233 3107 1350 3161 qua
1397 3090 1597 3158 valuit,
1649 3107 1820 3162 agere
1869 3089 2078 3162 coepit;

2235 527 2306 582 ab
2338 527 2466 600 ipsa
2496 528 2712 598 ignota,
2729 545 2907 599 quam
2933 529 3042 584 sub
3063 528 3244 584 dubia
3262 529 3456 584 adhuc
3477 529 3605 586 luce
3625 532 3716 586 vix
3757 548 3879 588 cer-

2233 631 2369 670 nere
2400 619 2644 688 poterat,
2681 633 2867 687 usque
2899 617 2970 671 ad
3019 615 3356 688 sepulcrum
3403 618 3668 690 virginis,
3716 625 3880 692 parte

2231 719 2360 774 quae
2391 707 2566 776 caput
2587 703 2842 776 respicit,
2862 709 2950 759 est
2981 704 3278 776 perducta.
3310 704 3392 761 lbi
3433 707 3682 762 orationi
3714 725 3879 781 pros-

2231 793 2518 859 trata,ubi
2552 810 2798 864 surgens
2823 794 3205 848 tremebunda
3246 798 3304 848 et
3343 794 3878 870 stupidaercgionc

2229 882 2437 936 tumuli
2457 881 2734 947 constitit,
2753 899 2854 954 pro
2878 882 3144 954 sepulcro
3167 881 3292 954 ipso
3315 883 3529 939 nubem
3553 887 3874 956 quamdam

2228 970 2336 1024 sibi
2369 988 2649 1042 apparere
2673 971 2950 1042 putabat;
2985 975 3042 1024 et
3087 970 3410 1026 mirabatur
3457 975 3610 1044 quod
3665 975 3873 1044 nubes,

2226 1075 2354 1131 qum
2381 1059 2558 1114 altius
2589 1059 2648 1114 iu
2680 1076 2810 1114 acre
2863 1059 2994 1114 ferri
3029 1066 3477 1127 consueverunt,
3503 1065 3624 1116 tam
3672 1063 3874 1122 vicinaa

2227 1151 2363 1202 tunc
2397 1152 2609 1203 terram
2643 1153 2877 1219 tangere
2907 1147 3276 1204 videbantur.
3311 1149 3540 1204 Sensim
3581 1151 3791 1208 deinde
3821 1155 3872 1211 ei

2223 1235 2323 1290 lux
2353 1237 2569 1292 clarius
2595 1237 2783 1307 magis
2803 1253 2869 1290 ac
2891 1237 3079 1308 magis
3101 1237 3273 1308 coepit
3297 1237 3744 1306 infundi,dnncc
3777 1259 3872 1298 ca-

2221 1324 2396 1398 ligine
2419 1330 2538 1381 tota
2557 1325 2744 1380 oculis
2765 1325 3038 1381 submota
3056 1331 3210 1381 certe
3233 1330 3290 1380 et
3309 1343 3440 1382 vero
3465 1328 3703 1396 intuitu,
3733 1331 3875 1402 quia

2221 1414 2555 1486 sepulcrum
2583 1418 2758 1480 esset,
2791 1415 2944 1486 quod
2979 1431 3099 1487 prro
3132 1413 3317 1470 oculis
3364 1415 3545 1472 situm
3591 1417 3868 1487 habebat,

2219 1503 2388 1575 plane
2409 1507 2800 1575 cognosceret.
2835 1503 2999 1558 Tunc
3026 1503 3124 1557 ubi
3156 1503 3430 1572 esset,vel
3463 1503 3870 1576 qualiterilluc

2217 1590 2564 1659 advenisset,
2599 1589 2864 1659 attonita,
2901 1589 3166 1662 nihilque
3198 1590 3356 1648 circa
3407 1609 3468 1647 se
3517 1594 3672 1666 quod
3706 1612 3866 1652 recoo

2213 1685 2519 1752 gnosceret
2574 1679 2797 1748 videns,
2831 1681 3004 1735 anxia
3064 1680 3320 1736 haerebat
3374 1686 3432 1738 et
3486 1686 3768 1754 stupens;
3809 1690 3868 1741 et

2212 1771 2366 1840 quod
2403 1769 2594 1824 adhuc
2627 1785 2898 1841 pavorem
2931 1773 3188 1841 augeret,
3198 1771 3325 1840 jam
3350 1785 3456 1825 nec
3479 1769 3666 1842 ipsam
3697 1771 3864 1846 igno-

2217 1863 2336 1914 tam
2370 1875 2700 1930 personam,
2737 1874 2914 1930 quam
2947 1875 3008 1914 se
3039 1857 3212 1930 paulo
3259 1863 3394 1915 ante
3442 1860 3782 1931 prmeedere,
3806 1865 3866 1918 et

2216 1946 2355 2003 illuc
2389 1947 2702 2004 adduxisse
2734 1947 3076 2013 mirabatur,
3110 1945 3265 2002 ultra
3291 1947 3487 2004 videre
3537 1949 3862 2022 praevaluit.

2214 2041 2364 2092 Dum
2386 2053 2520 2110 ergo
2540 2037 2598 2092 in
2621 2035 2728 2091 hoc
2752 2053 2994 2092 mcerore
3016 2035 3115 2090 diu
3147 2037 3599 2107 contabesceret,
3619 2039 3861 2095 tandem

2213 2127 2284 2180 ad
2313 2143 2375 2182 se
2408 2143 2654 2193 reversa,
2669 2127 2898 2181 beatam
2922 2123 3333 2180 Glodesindem
3355 2124 3466 2181 sibi
3493 2127 3859 2198 apparuisse,

2209 2219 2267 2269 et
2297 2232 2358 2270 se
2394 2214 2532 2272 illuc
2582 2213 2940 2287 perduxisse,
2976 2231 3042 2268 ac
3073 2213 3198 2268 suis
3244 2213 3470 2270 meritis
3514 2213 3712 2272 lumen
3747 2216 3858 2273 sibi

2209 2321 2602 2376 recuperasse,
2619 2303 2942 2360 certissime
2965 2302 3436 2376 cognovit,atque
3459 2303 3516 2357 in
3535 2303 3857 2375 gratiarum

2206 2385 2492 2440 actionem
2515 2383 3169 2456 prorumpensjamque
3191 2382 3344 2438 clare
3365 2384 3566 2438 omnia
3585 2401 3851 2453 cernens,

2205 2472 2518 2528 Dominum
2543 2477 2598 2528 et
2619 2477 2884 2528 sanctam
2905 2471 3188 2544 virginem
3212 2470 3466 2544 publicis
3485 2473 3725 2528 vocibus
3745 2475 3857 2529 col-

2201 2562 2498 2631 laudabat,
2529 2579 2634 2617 nec
2671 2562 2797 2632 jam
2856 2559 3102 2616 ulterius
3159 2561 3308 2616 duce
3363 2560 3656 2632 indigens,
3691 2562 3846 2620 viam

2199 2650 2378 2706 libere
2409 2665 2882 2723 quaquaversum
2912 2647 3180 2704 exultans
3211 2649 3560 2721 ingreditur.

2271 2741 2357 2794 17.
2393 2741 2518 2794 Non
2550 2737 2752 2794 multis
2781 2737 2918 2793 hinc
2946 2737 3163 2792 exactis
3212 2737 3443 2805 diebus,
3479 2755 3684 2794 rursus
3733 2739 3852 2796 alia

2196 2827 2367 2883 multi
2397 2827 2535 2883 item
2565 2826 2848 2900 temporis
2878 2843 3028 2882 caeca
3055 2827 3128 2881 ad
3161 2827 3424 2882 tumbam
3457 2831 3725 2884 sanetam
3751 2831 3851 2886 de-

2193 2916 2708 2988 ducitur,illucque
2729 2933 2865 2970 eum
2887 2915 3109 2971 castoris
3127 2915 3530 2989 languentium
3561 2917 3755 2974 turbis
3776 2917 3843 2973 il-

2191 3005 2267 3061 lic
2296 3004 2709 3062 excubantium
2760 3021 2863 3076 per
2905 3008 3088 3060 totam
3137 3007 3366 3059 noctem
3407 3003 3670 3060 divinum
3701 3022 3838 3062 eum

2189 3095 2464 3166 precibus
2493 3091 2836 3166 prazstolans
2873 3091 3233 3160 subsidium,
3261 3093 3595 3148 matutinali
3645 3095 3839 3151 ofﬁcio

434 3184 577 3256 quia
605 3181 762 3254 quod
795 3197 1098 3252 nunquam
1129 3195 1364 3251 sperare
1395 3183 1680 3250 potuerat,
1713 3179 1814 3233 sed
1846 3195 1951 3233 nec
1971 3177 2081 3233 ειΙὶ-
2117 3171 2159 3238 C
2189 3183 2259 3239 de
2291 3200 2450 3239 more
2480 3182 2553 3238 ab
2585 3181 2812 3238 ancillis
2843 3180 2944 3237 Dei
2976 3185 3230 3254 peracto,
3263 3181 3408 3236 vidit
3453 3181 3568 3238 sibi
3599 3182 3834 3239 beatam

433 3273 670 3344 quando
701 3269 826 3326 fieri
858 3285 1029 3342 posse
1059 3267 1348 3335 credebat,
1373 3267 1512 3323 illuc
1545 3285 1606 3326 se
1638 3268 1834 3323 divina
1858 3267 2078 3324 miseri-

431 3361 632 3434 cordia
659 3360 854 3416 venire
886 3355 1256 3414 concesserit.
1291 3356 1435 3412 Cum
1469 3373 1601 3412 vero
1626 3361 1826 3428 portas
1864 3361 2076 3412 sancta:

430 3448 684 3505 basilicae
716 3445 924 3520 primis
953 3445 1236 3518 attingere
1268 3443 1537 3517 cmpisset
1567 3445 1846 3518 vestigiis,
1881 3445 2078 3518 paula-

429 3539 536 3593 tim
565 3537 847 3612 languore
877 3534 1141 3608 mitigato
1173 3551 1234 3590 se
1277 3533 1704 3602 convalescere;
1738 3539 2075 3606 quantoque

429 3628 696 3700 proprior
718 3627 1087 3682 sacrosancto
1120 3621 1344 3694 corpori
1377 3623 1706 3690 accedebat,
1741 3626 1902 3678 tanto
1945 3623 2072 3679 lon-

427 3716 560 3790 gius
589 3713 994 3789 aegritudinem
1024 3731 1058 3768 a
1089 3729 1150 3767 se
1183 3711 1484 3779 removeri,
1509 3715 1565 3768 et
1587 3711 1798 3768 melius
1823 3711 2071 3768 subinde

424 3805 537 3862 sibi
591 3805 743 3861 vires
817 3808 872 3860 et
949 3799 1289 3874 sospitatem
1339 3799 1625 3858 sentiebat
1681 3816 2068 3856 succrescere.

423 3895 642 3952 Deinde
671 3911 806 3951 eum
835 3891 964 3966 ipsa
995 3890 1085 3946 sui
1119 3889 1304 3962 ipsius
1334 3889 1590 3962 quodam
1622 3889 1904 3946 miraculo
1937 3893 2066 3946 stu-

423 4001 588 4056 pens,
622 3983 737 4038 huc
787 3981 1042 4053 illucque
1101 3979 1272 4051 quasi
1321 3978 1713 4051 spatiabunda
1761 3978 2063 4035 basilicam

423 4071 801 4128 obambulare
831 4069 1120 4142 coepisset,
1137 4072 1194 4124 et
1213 4067 1432 4140 gratias
1453 4067 1690 4124 vocibus
1713 4067 1929 4140 apertis
1948 4085 2063 4123 non

422 4160 684 4216 modicas
717 4161 1040 4224 resonaret;
1073 4161 1204 4229 post
1235 4156 1530 4212 modicum
1559 4157 1631 4212 ad
1663 4156 2064 4213 saeritumuli

423 4247 757 4321 pavimenta
800 4245 1203 4318 supplicatura
1251 4245 1659 4316 prosternitur.
1704 4245 1785 4301 Ibi
1835 4245 2064 4303 enixius

421 4335 682 4391 oratione
741 4333 998 4407 profusa,
1058 4335 1115 4387 et
1170 4331 1512 4403 aliquandiu
1573 4332 1725 4387 inter
1770 4332 1949 4388 altare
2007 4338 2064 4389 et

420 4422 758 4496 sepulcrum
790 4423 1159 4494 pernoct‘ans,
1191 4419 1394 4490 paucis
1426 4423 1556 4490 post
1587 4418 1794 4476 diebus
1841 4419 2062 4492 integre

2185 3272 2470 3344 virginem
2527 3271 2770 3344 propius
2826 3270 3167 3337 accessisse,
3214 3275 3272 3325 et
3331 3271 3533 3342 digitis
3584 3271 3840 3344 propriis

2185 3360 2488 3417 oculorum
2547 3359 2877 3432 palpebras,
2907 3357 3077 3430 quasi
3131 3357 3412 3414 violenter
3463 3359 3537 3413 ab
3584 3359 3834 3414 invicem

2183 3467 2473 3522 separare.
2507 3449 2622 3504 Nec
2665 3465 2846 3513 mora,
2882 3464 3028 3520 puro
3057 3447 3280 3502 lumine
3322 3447 3570 3516 reddita,
3607 3447 3836 3504 meritis

2181 3537 2422 3612 virginis
2446 3555 2621 3594 sacra:
2643 3535 2915 3609 plurimis
2932 3539 3133 3607 postea
3149 3535 3322 3591 annis
3341 3537 3505 3592 testis
3522 3535 3830 3609 superfuit.

2253 3629 2338 3682 16.
2375 3626 2619 3694 Quidam
2671 3628 2946 3698 praeterea
2996 3622 3252 3679 mirabili
3299 3625 3538 3680 narium
3594 3625 3834 3682 horrore

2178 3717 2430 3791 graviter
2450 3713 2797 3787 spirans,ita
2819 3717 2975 3768 utne
2997 3711 3228 3768 eminus
3267 3713 3508 3784 quidem
3540 3713 3594 3770 ei
3624 3730 3662 3770 a
3686 3731 3832 3787 quo-

2177 3822 2354 3878 quam
2391 3803 2574 3860 facilis
2605 3807 2758 3858 esset
2789 3799 3066 3869 accessio,
3093 3799 3155 3854 in
3187 3818 3302 3873 quo
3335 3818 3476 3858 cura
3524 3820 3559 3858 a
3587 3802 3832 3859 diversis

2176 3893 2394 3950 mederi
2416 3891 2788 3964 cupientibus
2808 3890 2856 3945 ei
2880 3906 3030 3962 saepe
3053 3889 3334 3960 adhibita,
3350 3908 3498 3948 vane
3513 3909 3616 3964 per
3630 3891 3832 3949 omnia

2173 3986 2446 4049 cesserat,
2461 3985 2526 4036 ut
2549 3995 2844 4036 rumorem
2866 3978 3036 4053 longe
3055 3977 3208 4046 lateo
3219 3996 3291 4034 uc
3305 3981 3666 4036 currentium
3687 3997 3831 4054 gau.

2172 4071 2424 4139 diorum,
2449 4086 2578 4142 qua:
2608 4067 2669 4122 in
2702 4067 2972 4123 Mettensi
3023 4066 3254 4124 civitate
3301 4069 3373 4124 ad
3423 4073 3830 4126 memoratum

2171 4158 2595 4215 monasterium
2613 4173 2716 4229 per
2735 4155 2975 4228 gloriosi
3003 4155 3198 4211 meriti
3219 4155 3508 4230 virginem
3532 4157 3834 4214 Glodesin-

2171 4251 2302 4305 dem
2331 4248 2568 4315 fiebant,
2605 4244 2844 4314 audivit,
2877 4244 3017 4300 illuc
3073 4245 3324 4300 festinus
3353 4263 3655 4303 accurrere
3699 4251 3828 4303 stu-

2171 4338 2316 4394 duit.
2347 4339 2468 4404 Quo
2500 4339 2815 4408 postquam
2849 4333 3130 4406 pervenit,
3163 4338 3220 4390 et
3249 4334 3558 4392 ecclesiam
3596 4335 3824 4409 ingredi

2167 4428 2330 4484 visus
2352 4430 2460 4491 est,
2476 4442 2680 4480 omnes
2715 4423 2896 4478 nimio
2917 4441 2984 4478 ex
3007 4423 3254 4479 naribus
3273 4424 3597 4496 prodeunte
3617 4425 3825 4481 offensi

419 4511 658 4568 sanitati
687 4514 778 4567 est
811 4508 1193 4600 resti‘tuta,-ut_
1205 4506 1374 4600 illius
1404 4507 1616 4600 diutini
1667 4514 1724 4564 et
1771 4510 2060 4600 desperati
2091 4536 2138 4600 Ι)
2179 4516 2376 4583 fetore,
2412 4516 2609 4587 fugere
2639 4513 2711 4567 ab
2743 4529 2810 4568 eo
2842 4512 2898 4566 in
2949 4510 3178 4568 diversa
3224 4525 3466 4588 erepere.
3502 4512 3600 4568 Ille
3645 4529 3826 4585 quem

417 4600 719 4674 languoris
741 4598 902 4654 nulla
931 4597 993 4652 in
1015 4614 1074 4653 se
1099 4595 1312 4651 indicia
1333 4597 1580 4652 senserit
1611 4599 1917 4655 resedisse.

491 4691 576 4744 16.
611 4689 714 4744 Die
737 4687 992 4759 quadam
1017 4683 1560 4740 sanctimonialibus
1584 4702 1707 4740 rem
1725 4687 1979 4743 divinam
2005 4687 2062 4744 in

415 4778 660 4834 ecclesia
688 4773 1244 4850 agentibus,mulier
1274 4772 1492 4844 ignota,
1518 4774 1704 4830 oculis
1735 4779 1922 4848 capta,
1951 4777 2066 4834 alia

415 4869 670 4940 quadam
705 4866 816 4922 sibi
853 4864 1276 4920 manuductum
1311 4863 1622 4934 prznbcnte,
1659 4863 1716 4918 in
1748 4871 2063 4937 conspectu

415 4957 752 5013 earumdem
788 4953 1116 5028 puellarum
1149 4951 1249 5006 Dei
1300 4950 1700 5024 psallentium,
1733 4954 1803 5008 ad
1846 4955 2064 5026 gradus

419 5063 627 5117 usque,
679 5044 896 5116 quibus
945 5043 1016 5098 ad
1069 5041 1251 5098 altare
1297 5040 1728 5110 conscenditur,
1782 5043 2059 5114 pervenit.

413 5133 569 5198 Quos
595 5133 692 5188 ubi
715 5137 1143 5205 prmtergressa,
1159 5130 1403 5204 propius
1442 5129 1620 5186 altare
1639 5129 1762 5186 sola
1778 5134 1918 5187 tunc
1937 5132 2064 5207 ipsa

417 5221 724 5290 concessit,
774 5221 1088 5292 palpebris,
1115 5237 1242 5292 qua:
1275 5219 1448 5292 longe
1476 5223 1538 5302 et
1567 5219 1756 5276 tenaci
1805 5220 1921 5276 situ
1963 5223 2060 5280 diu

411 5311 714 5368 haerebant
739 5309 1006 5378 occlusze,
1025 5307 1086 5366 in
1120 5307 1250 5367 aliis
1271 5307 1624 5382 quantulum
1655 5307 1853 5368 lumen
1885 5315 2064 5385 perci-

412 5401 693 5473 piendum
727 5403 1020 5472 repetente
1049 5396 1551 5468 divisis,ignotam
1583 5398 1837 5468 quadam
1870 5416 1932 5455 se
1962 5402 2065 5457 du-

413 5505 541 5544 eere
571 5491 784 5545 mirata
811 5484 1141 5560 conspexit;
1171 5485 1483 5557 subitoque
1526 5484 1781 5542 clamore
1823 5488 2058 5562 emisso,

411 5585 582 5636 Suam
613 5594 741 5652 qua:
764 5577 933 5634 solito
954 5572 1066 5631 sibi
1087 5573 1264 5630 dabat
1283 5573 1726 5648 manum,cmpit
1745 5575 2058 5649 inquirere.

2177 4605 2330 4660 anxii
2363 4603 2580 4659 doloris
2633 4618 2811 4656 causa
2857 4618 3110 4673 prmsens
3159 4601 3452 4668 monebat,
3485 4605 3542 4656 et
3589 4618 3827 4673 pmnam

2175 4710 2343 4748 suam
2377 4709 2575 4748 secum
2601 4690 3020 4746 circumferens
3040 4706 3102 4745 se
3124 4689 3323 4763 fugere
3344 4689 3470 4762 ipse
3509 4705 3626 4745 non
3662 4695 3827 4760 pote-

2175 4785 2283 4849 rat,
2301 4783 2581 4853 pudorem
2603 4779 2910 4838 hominum
2932 4778 3276 4838 necessitate
3300 4777 3632 4850 devincens,
3663 4780 3722 4834 et
3750 4779 3828 4835 de

2171 4887 2260 4939 eo,
2280 4870 2378 4942 qui
2412 4869 2775 4942 leprosorum
2806 4875 2863 4926 et
2897 4887 3100 4928 cruore
3146 4868 3454 4928 fluentium
3484 4871 3825 4928 contactum

2173 4977 2289 5014 non
2312 4959 2545 5032 sprevit,
2563 4964 2620 5017 et
2637 4960 2874 5018 morbos
2892 4959 3446 5033 atqueinfirmitates
3469 4959 3825 5017 miserorum

2173 5066 2377 5107 curare
2403 5051 2724 5118 descendit,
2741 5049 3080 5107 nullatenus
3110 5048 3361 5117 diffisus,
3375 5049 3448 5105 ad
3481 5048 3826 5122 sepulcrum

2172 5140 2449 5196 omnibus
2479 5139 2734 5196 salutare
2783 5155 2918 5196 cum
2948 5138 3168 5194 caeteris
3217 5136 3468 5194 infirmis
3512 5137 3823 5210 processit,

2172 5227 2374 5303 ibique
2405 5229 2724 5299 lucernam,
2755 5231 2954 5284 votum
2986 5231 3322 5284 sanctorum
3362 5241 3544 5282 manu
3587 5231 3829 5299 proten-

2171 5319 2410 5387 dens,et
2439 5337 2542 5391 pro
2573 5318 2780 5374 salutis
2811 5335 2930 5375 sua:
2961 5313 3399 5388 recuperatione
3427 5313 3656 5372 enixius
3677 5331 3826 5388 sup-

2172 5409 2418 5482 plicans,
2453 5407 2865 5464 misericordize
2896 5405 3146 5463 ccelestis
3177 5403 3552 5478 exspectabat
3597 5403 3828 5460 adven-

2171 5502 2318 5552 tum.
2353 5498 2466 5552 Nec
2498 5496 2660 5568 prius
2682 5513 2714 5550 a
2746 5495 2878 5550 ﬁdei
2910 5513 3028 5552 sua:
3059 5493 3338 5550 instantia
3366 5492 3610 5562 destitit,
3635 5509 3827 5567 quam

2171 5603 2279 5660 ope
2309 5585 2564 5659 ingentis
2597 5583 2785 5639 meriti
2816 5583 3080 5658 virginis,
3115 5583 3212 5639 illa
3243 5581 3402 5640 omni
3423 5580 3660 5640 obsceni
3683 5582 3829 5640 odo-
