4076 6174
198 313 316 372 229

1191 312 1290 374 DE
1335 311 1932 376 TRANSLATIONE
1976 314 2038 375 Β.
2090 312 2627 381 GLODESINDIS.

3505 324 3623 387 230

200 444 282 498 Pis
315 444 577 499 fosditate
594 447 836 511 careret,
852 447 909 498 et
934 445 1231 498 communi
1254 443 1527 517 deinceps
1551 445 1858 502 hominum
1893 460 1942 523 Α
1973 446 2338 518 contiguum,
2355 448 2453 520 qui
2472 450 2652 506 Sallia
2672 453 2751 523 (la
2772 454 2959 525 Scilla)
2978 453 3211 521 dicitur,
3232 473 3409 512 causa
3429 460 3623 531 aliqua

202 532 555 604 frequentia,
589 537 647 589 et
675 531 865 588 solitis
894 531 1317 588 salutationum
1349 539 1404 588 et
1435 535 1863 591 confabulatio-

201 638 348 678 num
407 621 753 678 occursibus
803 619 929 676 sine
980 620 1335 694 cujusquam
1386 622 1656 679 molestia
1714 623 1867 679 frue-

202 714 388 767 retur.

276 799 366 855 18.
400 799 545 855 Item
581 798 796 854 mulier
822 800 949 871 jam
983 800 1263 855 deccnuio
1297 818 1465 869 caeca,
1486 818 1587 856 nec
1615 818 1776 874 spem
1810 802 1869 855 in

205 888 505 961 reliquum
528 889 692 945 visus
717 888 975 944 retinens
999 888 1278 960 potiendi,
1303 889 1603 957 divinitus,
1631 896 1695 945 ut
1725 890 1870 946 (esti-

204 981 427 1045 matur,
459 976 818 1033 commonita
849 976 1274 1032 monasterium
1307 977 1490 1049 petiit.
1510 980 1644 1044 Qua)
1687 978 1867 1034 eccle-

203 1067 355 1122 siam
392 1066 682 1138 ingressa,
703 1070 768 1120 ut
787 1064 1111 1120 tumultum
1140 1064 1590 1133 inﬁrmantium,
1615 1068 1715 1139 qui
1739 1066 1867 1139 plu-

206 1154 343 1212 rimi
369 1155 645 1210 sedentes
669 1154 1014 1226 sepulcrum
1049 1152 1597 1226 circumscpserant,
1627 1155 1866 1223 audivit,

206 1244 453 1299 vocibus
473 1242 651 1298 altius
675 1243 911 1299 emissis
935 1243 992 1297 iu
1020 1242 1301 1298 auxilium
1323 1243 1413 1298 sui
1436 1244 1867 1312 Glodesindem,

221 1333 485 1405 itemque
518 1331 755 1387 nomine
786 1331 1163 1404 ingeminans
1208 1330 1535 1388 invocabat.
1570 1333 1871 1405 Deumque

215 1421 331 1478 sibi
358 1420 671 1494 peccatrici
704 1420 1025 1493 propitium
1059 1420 1180 1475 ﬁeri
1204 1422 1569 1493 precabatur.
1607 1423 1736 1477 Mox
1764 1422 1870 1477 vir-

209 1511 359 1566 tutis
411 1526 691 1583 supernai
754 1508 1022 1583 largitate
1082 1509 1212 1564 luce
1267 1514 1517 1583 recepta,
1569 1510 1700 1566 lecta
1752 1512 1871 1568 dis-

215 1600 418 1656 cessit.

282 1687 375 1743 19.
406 1688 479 1743 Et
509 1704 582 1743 ue
613 1686 868 1761 singulis
889 1687 1224 1760 quibusque
1246 1689 1510 1761 personis
1532 1689 1877 1745 diutiusim—

212 1775 426 1833 morati
458 1776 774 1845 tmdiosi,et
804 1778 877 1833 ob
911 1777 1019 1833 hoc
1051 1779 1258 1834 merito
1289 1777 1615 1850 refugiendi
1637 1778 1877 1850 scripto-

214 1866 294 1921 ris
333 1864 575 1939 culpam
619 1864 940 1921 incurrisse
974 1866 1297 1933 videamur,
1330 1866 1379 1922 si
1410 1866 1553 1938 quid
1584 1882 1869 1922 memora-

212 1954 393 2011 bilius
446 1955 733 2010 duntaxat
778 1954 1078 2023 exstiterit,
1113 1970 1291 2027 quam
1325 1955 1620 2011 succincte
1651 1959 1868 2023 notato,

214 2045 452 2099 turbam
472 2048 810 2099 curatorum
828 2042 887 2099 in
910 2060 1222 2100 numerum
1242 2044 1556 2116 quemdam
1581 2042 1873 2116 redegisse

212 2133 533 2190 suffecerit.
567 2133 844 2188 Ordinem
881 2149 1041 2201 sane,
1076 2137 1142 2188 ut
1176 2132 1288 2190 sibi
1320 2132 1569 2189 subinde
1616 2132 1872 2204 operatio

214 2223 501 2277 virtutum
543 2220 849 2290 successit,
884 2237 1181 2293 quoquam
1230 2238 1505 2277 cavemus
1549 2223 1868 2289 invertere;

216 2310 317 2365 sed
351 2310 510 2365 sicut
530 2309 823 2381 scriptura
851 2308 979 2382 ipsa
1000 2309 1247 2366 vetcrior
1276 2308 1492 2379 retulit,
1521 2327 1649 2381 quae
1672 2309 1874 2381 utique

218 2414 827 2470 unamquamcunque
856 2398 1251 2455 narrationem
1265 2400 1437 2471 juxta
1452 2398 1713 2454 ordinem
1735 2402 1877 2452 tem-

216 2486 380 2560 poris
411 2487 496 2542 ita
526 2486 892 2542 antecedenti
930 2487 1250 2557 subtexuit,
1283 2490 1347 2542 ut
1376 2487 1529 2558 quod
1565 2485 1727 2559 prius
1759 2487 1873 2541 fac-

217 2582 347 2631 tum
380 2576 481 2644 sit,
516 2576 681 2648 prius
712 2575 1012 2643 scriberet,
1045 2580 1102 2631 et
1146 2576 1302 2648 quod
1354 2576 1564 2632 deinde
1607 2592 1743 2630 mox
1788 2579 1878 2630 est

217 2666 634 2732 subsecutum,
668 2681 699 2720 e
728 2663 972 2737 vestigio
1007 2664 1301 2733 redderet;
1336 2666 1539 2736 sicque
1570 2680 1756 2736 usque
1804 2664 1876 2718 ad

218 2757 452 2810 certum
484 2758 719 2826 tempus
752 2753 899 2809 serie
920 2753 1101 2810 totius
1132 2752 1378 2826 catalogi
1410 2758 1719 2820 texeretur,
1744 2752 1879 2808 licet

218 2843 321 2898 ﬁdi
355 2842 698 2915 interpretis
742 2843 880 2898 vitio
926 2842 1262 2907 denotandi,
1296 2860 1400 2915 per
1439 2841 1637 2899 omnia
1680 2841 1876 2913 sequi-

218 2948 379 2988 mur.

288 3022 388 3077 20.
423 3019 695 3094 Quinque
741 3021 822 3076 ibi
874 3020 1124 3089 femine,
1159 3020 1389 3076 diutina
1434 3020 1574 3077 olim
1623 3020 1879 3076 caacitate

221 3108 756 3178 multatm,Christo
775 3110 1021 3166 Domino
1042 3109 1413 3166 illuminante
1434 3111 1508 3166 ad
1546 3109 1794 3183 gloriam
1824 3112 1882 3164 et

1906 1826 1955 1891 B

1981 540 2327 607 perurgente
2356 539 2621 608 trajicere
2652 542 2955 613 gestiebat,
2989 544 3089 615 qui
3122 544 3220 598 ubi
3252 546 3387 616 ripae
3418 566 3625 602 accur-

1979 637 2115 677 rens
2143 623 2439 695 navigium
2472 644 2766 699 nusquam
2814 629 2959 684 vidit
3008 632 3230 699 adesse,
3264 633 3363 689 diu
3412 635 3460 690 si
3494 636 3627 708 quis

1982 710 2127 765 forte
2157 728 2508 784 quacunque
2539 731 2606 769 ex
2637 722 2799 787 parte
2832 717 3094 773 fluminis
3137 721 3453 792 adveniret,
3487 741 3627 795 ope-

1980 798 2265 854 riebatur.
2300 801 2417 855 Hac
2448 805 2900 876 exspectatione,
2932 812 2996 861 ut
3026 809 3111 874 ﬁt,
3147 811 3380 865 tandem
3429 813 3631 868 defati-

1979 891 2171 959 gatus,
2196 887 2492 961 humoque
2516 892 2821 961 paululum
2856 894 3193 963 reclinatus,
3218 915 3423 953 somno
3450 902 3628 955 corri-

1979 975 2164 1047 pitur;
2199 984 2588 1048 expcrrcctus,
2608 998 2711 1035 nec
2734 982 2873 1052 quid
2899 987 3073 1037 etiam
3097 989 3221 1039 tum
3246 988 3317 1040 ad
3342 987 3630 1058 trajicien-

1979 1065 2122 1119 dum
2155 1070 2425 1136 spectans
2456 1066 2705 1135 consilii,
2725 1070 2864 1123 dum
2889 1071 3016 1141 jam
3041 1075 3421 1143 semetipsum
3448 1093 3633 1133 mera-

1980 1170 2297 1225 rum,quas
2327 1154 2438 1209 sibi
2474 1156 2677 1211 tandiu
2724 1158 2942 1213 frustra
2988 1159 3426 1232 insumpsisset,
3460 1182 3629 1221 accu-

1981 1258 2139 1309 sans,
2175 1241 2521 1298 deliberaret
2573 1248 2859 1312 recedere,
2909 1254 3142 1318 repente
3189 1251 3273 1304 ori
3336 1254 3634 1324 subrepsit

1981 1334 2245 1385 sanetam
2268 1332 2553 1404 virginem
2578 1336 2814 1402 nomine
2846 1335 3184 1393 inclamare.
3204 1339 3517 1412 Postquam
3542 1360 3635 1398 v0-

1982 1435 2108 1473 cem
2143 1417 2363 1491 aliquot
2386 1421 2540 1476 intra
2570 1439 2632 1477 se
2655 1428 2951 1478 momenta
2973 1424 3278 1495 sustinuit,
3296 1434 3353 1483 et
3384 1446 3517 1484 ecce
3552 1448 3634 1487 re-

1954 1507 2236 1578 spiciens
2267 1507 2461 1564 navim
2493 1510 2601 1565 sibi
2636 1509 2695 1565 in
2729 1510 2853 1567 loco
2886 1512 3119 1583 littoris,
3150 1532 3267 1586 quo
3301 1518 3519 1585 stabat,
3564 1537 3635 1575 ex

1983 1596 2298 1667 improviso
2324 1598 2480 1653 videt
2509 1599 2807 1668 assistere,
2843 1617 2970 1673 quae
3001 1618 3117 1673 quo
3161 1604 3364 1660 ordine
3412 1607 3635 1680 absque

1984 1684 2245 1740 humano
2277 1684 2602 1742 ministerio
2633 1687 2888 1744 adducta
2917 1688 3019 1762 sit.
3045 1707 3179 1746 cum
3229 1692 3469 1750 omnino
3516 1712 3633 1752 non

1985 1778 2184 1844 posset
2231 1774 2540 1845 conjicere,
2572 1775 2834 1832 divinum
2886 1782 3296 1836 tantummodo
3343 1799 3512 1855 opus,
3539 1784 3633 1841 cui

1984 1860 2183 1917 omnia
2215 1861 2597 1932 famulantur,
2631 1868 2686 1919 ct
2717 1865 2926 1921 merita
2971 1884 3148 1922 sacrae
3177 1869 3441 1942 virginis,
3457 1889 3632 1945 quam

1984 1949 2331 2019 invocasset,
2366 1951 2478 2006 sibi
2510 1952 2566 2006 id
2601 1956 2824 2008 certum
2865 1955 3054 2009 tenuit
3100 1958 3461 2027 praestitisse.
3496 1962 3637 2017 Stu—

1982 2056 2245 2111 pensque
2274 2040 2383 2096 hoc
2412 2032 2575 2096 tanto
2610 2040 2915 2111 miraculo,
2938 2048 2995 2099 et
3025 2046 3344 2117 gratias,u1
3366 2065 3470 2119 per
3488 2056 3633 2119 erat,

1983 2128 2306 2184 immensas
2335 2130 2721 2201 omnipotenti
2754 2132 2868 2187 Deo
2899 2138 3231 2206 sanetmque
3261 2136 3470 2210 virgini
3501 2140 3634 2194 red-

1982 2219 2149 2287 dens,
2186 2217 2450 2285 ﬁuvium,
2475 2224 2542 2274 ut
2573 2220 3022 2289 desideraverat,
3056 2224 3288 2281 transit.
3323 2227 3635 2300 Hucusque

1985 2309 2105 2361 tam
2138 2305 2394 2379 ingentis
2425 2307 2560 2363 facti
2594 2309 2718 2379 ipse
2767 2314 2895 2381 post
2937 2312 3148 2367 ﬁdeilis
3197 2314 3410 2370 relator
3437 2322 3637 2374 sancte

1981 2394 2221 2463 juratus
2253 2394 2506 2450 asseruit
2554 2395 2697 2451 nihil
2751 2415 2812 2453 se
2860 2399 3231 2471 conﬁnxisse,
3265 2405 3387 2473 sed,
3432 2408 3496 2459 ut
3525 2405 3636 2460 sibi

1984 2499 2117 2537 vere
2150 2483 2494 2555 contigerat,
2525 2484 2775 2540 ﬁdeliter
2803 2503 3094 2543 enarrare.

2058 2572 2148 2624 24.
2176 2571 2653 2643 Pauperquidam
2678 2572 2849 2646 longe
2870 2576 2943 2630 ab
2966 2577 3110 2632 urbe
3129 2584 3636 2654 commanens,qui

1990 2657 2172 2713 vitam
2206 2664 2328 2714 arte
2348 2664 2579 2714 tantum
2608 2660 2923 2732 piscatoria
2952 2665 3243 2733 tuebatur,
3267 2667 3359 2721 die
3381 2672 3637 2740 quadam

1989 2751 2055 2801 ut
2086 2748 2513 2821 monasterium
2557 2750 2847 2819 praedicta:
2893 2751 3139 2825 virginis
3186 2756 3393 2822 adiret,
3444 2765 3638 2817 mente

1987 2834 2272 2905 concepit.
2303 2834 2410 2900 Qui
2439 2834 2812 2907 simplicitate
2857 2838 3094 2908 rustica,
3127 2857 3242 2895 non
3291 2846 3488 2898 tamen
3521 2845 3635 2900 im-

1988 2924 2311 2995 probanda,
2325 2940 2544 2979 vacuus
2570 2923 2709 2981 illuc
2729 2926 3040 2997 procedere
3061 2927 3284 2997 nolens,
3300 2931 3440 3002 quia
3479 2932 3640 2991 aliud

1989 3013 2135 3067 forte
2166 3011 2277 3067 sibi
2300 3030 2415 3068 non
2436 3013 2698 3081 suberat,
2731 3014 2948 3070 ﬂumen
2971 3020 3184 3086 petere,
3200 3017 3561 3092 piscemque,
3592 3024 3642 3079 si

1991 3100 2127 3173 quis
2160 3100 2410 3156 torsitau
2444 3108 2792 3170 occurreret,
2826 3103 2975 3159 ferre
3007 3104 3284 3176 disponit.
3322 3107 3454 3164 Mox
3491 3111 3646 3166 navi-

224 3198 807 3254 commendationem
844 3198 1261 3255 sacratissimis
1280 3197 1526 3271 virginis
1548 3198 1651 3253 diu
1673 3197 1877 3254 deside

1994 3189 2127 3245 cula
2156 3207 2497 3257 conscensa,
2508 3191 2670 3262 jacto
2702 3196 2855 3247 recte
2884 3192 3105 3263 piscem
3137 3200 3527 3269 praeter‘spem
3554 3200 3641 3254 in-

224 3289 339 3343 rati
360 3287 610 3344 luminis
622 3288 871 3360 gratiam
890 3292 1252 3360 receperunt.
1268 3288 1486 3344 Exinde
1510 3286 1721 3343 mulier
1735 3304 1885 3359 quas-

225 3378 367 3433 dam
408 3395 514 3450 per
545 3380 667 3432 tres
707 3380 954 3432 eatenus
987 3394 1173 3432 annos
1222 3377 1430 3449 pedem
1476 3380 1794 3447 utrumque
1825 3380 1883 3431 et

223 3483 475 3522 manum
498 3482 676 3521 unam
702 3482 914 3539 gerens
930 3465 1484 3533 distortam,auditis
1499 3470 1586 3521 tot
1606 3465 1886 3521 mirabili-

222 3554 472 3625 bus,illo
501 3554 666 3610 ocius
695 3572 755 3610 se
788 3555 935 3610 ferre
966 3554 1210 3627 rogavit,
1227 3554 1520 3627 allataque
1553 3554 1883 3627 pavimento

220 3644 484 3718 sepulcri
510 3648 823 3717 prostrata,
843 3644 1102 3717 ﬂetuque
1134 3643 1318 3701 multo
1349 3648 1406 3700 et
1435 3643 1705 3715 precibus
1726 3660 1788 3699 se
1809 3643 1883 3698 ob

222 3739 469 3806 peccata
493 3732 731 3805 propria
759 3732 882 3789 bsic
915 3732 1227 3807 pertulisse
1274 3738 1506 3799 testata,
1539 3733 1774 3788 tandem
1822 3732 1881 3786 in

220 3822 799 3878 commendationem
834 3822 940 3895 pia:
972 3827 1032 3879 et
1064 3826 1215 3878 recte
1244 3825 1386 3877 actm
1416 3820 1787 3894 virginitatis,
1821 3820 1880 3875 in

220 3915 545 3985 conspectu
578 3910 898 3967 multorum
929 3910 1440 3968 circumstantium
1468 3910 1689 3966 directa
1709 3909 1769 3964 in
1799 3908 1884 3964 iu-

222 4006 460 4075 tegrum
484 4000 750 4072 perfectae
786 4000 1061 4057 sanitatis
1094 3999 1375 4067 ofﬁcium,
1409 3999 1681 4055 discessit
1722 3998 1879 4055 inco-

221 4088 428 4144 lumis.

294 4179 390 4231 21.
424 4178 660 4250 Septem
691 4181 825 4250 post
847 4177 1019 4246 hanc,
1053 4194 1245 4233 mares
1275 4182 1413 4244 tres,
1451 4178 1701 4245 feminze,
1736 4192 1879 4247 qua-

222 4265 648 4332 tuor,teuebris
669 4265 972 4322 oculorum
986 4266 1345 4337 jamdudum
1370 4265 1738 4334 damnati,ad
1763 4264 1882 4320 lau-

224 4355 363 4410 dem
395 4353 738 4410 clarissimae
771 4353 1035 4427 virginis,
1051 4358 1108 4410 et
1139 4371 1372 4427 semper
1401 4352 1625 4409 lumine
1656 4352 1880 4409 aeterni-

224 4443 370 4499 tatis
398 4442 785 4515 splendentis,
821 4442 937 4499 luci
968 4443 1228 4499 videnda:
1260 4448 1399 4499 sunt
1429 4442 1701 4498 restituti.

1994 3278 2171 3334 volvit
2200 3296 2315 3335 non
2349 3278 2679 3348 modicum;
2709 3280 2968 3353 dumque
3004 3280 3174 3339 littus
3202 3287 3397 3341 tenere
3437 3287 3644 3359 depro-

1991 3371 2175 3439 perat,
2210 3367 2375 3423 ocius
2407 3367 2585 3439 piscis
2615 3386 2683 3423 ex
2715 3375 2868 3424 recte
2926 3370 3208 3426 violenter
3254 3372 3543 3431 eluctatus
3583 3377 3642 3431 in

1994 3457 2211 3512 ﬂumen
2255 3456 2529 3512 elabitur.
2564 3458 2669 3513 Hic
2720 3459 2978 3515 rusticus
3020 3460 3396 3518 vehementer
3447 3464 3644 3521 animo

1992 3549 2427 3614 consternatus,
2478 3563 2615 3602 voce
2674 3546 3038 3620 lacrymabili
3085 3566 3099 3603 :
3149 3550 3382 3618 Sancta,
3430 3552 3644 3624 inquit,

1993 3634 2385 3703 Glodesindis,
2417 3636 2593 3691 redde
2641 3637 2797 3707 quod
2848 3636 2955 3691 tibi
3004 3638 3151 3693 ferre
3192 3638 3477 3710 disposui.
3528 3642 3645 3697 Hoc

1992 3723 2170 3789 dicto,
2206 3740 2413 3778 rursus
2469 3728 2587 3779 rete
2638 3723 2867 3778 flumini
2901 3741 3113 3793 merso,
3147 3726 3300 3781 idem
3332 3729 3435 3799 qui
3483 3729 3647 3799 prius

1990 3810 2173 3883 piscis
2223 3812 2422 3883 praeda
2469 3811 2715 3884 fugitiva
2762 3811 3155 3877 concluditur,
3203 3821 3541 3888 votumque,
3581 3823 3647 3872 ut

1991 3904 2186 3956 mente
2240 3900 2593 3967 decreverat,
2646 3902 3001 3957 monasterio
3051 3901 3310 3958 delatum
3361 3910 3417 3958 et
3460 3906 3647 3960 reddi-

1991 3994 2138 4045 tum.

2058 4080 2149 4134 25.
2186 4079 2249 4133 In
2290 4077 2590 4134 curatione
2636 4083 2976 4135 vexatorem
3029 4096 3143 4135 non
3197 4080 3409 4138 minori
3455 4082 3647 4155 gratia

1991 4170 2253 4223 sanctam
2277 4166 2428 4223 hanc
2452 4166 2678 4223 meritis
2698 4168 3039 4239 potentibus
3062 4169 3368 4240 praevalere
3390 4171 3645 4243 plurima

1990 4255 2297 4328 prodidere
2318 4256 2685 4326 frequentius
2707 4255 3304 4329 documenta,quibus
3319 4259 3442 4316 haec
3466 4262 3641 4316 ﬁdem

1991 4346 2178 4401 facere
2208 4343 2296 4400 vel
2329 4343 2455 4399 sola
2484 4344 2801 4399 sufﬁciant.

2058 4436 2148 4488 26.
2180 4432 2441 4499 Rustico,
2470 4433 2541 4488 de
2582 4449 2697 4504 quo
2746 4434 3147 4504 praediximus,
3180 4436 3399 4507 piscem
3447 4444 3645 4493 votum

300 4533 395 4584 22.
432 4530 644 4586 Parum
669 4535 759 4586 est
776 4530 931 4587 circa
954 4532 1325 4604 prmsentiam
1349 4532 1476 4602 ejus
1498 4530 1881 4587 sacratissimi
1912 4562 1960 4626 Β
1994 4523 2212 4578 female
2260 4526 2316 4576 Ct
2366 4522 2645 4588 abeunte.
2694 4522 2805 4576 δαὶ)
2853 4522 2979 4593 ipso
3046 4524 3163 4579 fere
3212 4524 3455 4579 articulo
3502 4529 3646 4580 tem-

223 4617 493 4690 corporis
515 4619 749 4675 crebras
772 4618 956 4676 factas
985 4637 1114 4677 esse
1143 4620 1408 4688 virtutes,
1430 4620 1701 4676 absentes
1740 4636 1884 4691 quo-

222 4724 343 4780 que
375 4706 615 4763 nomine
648 4709 777 4780 ejus
808 4708 1070 4765 invocato
1102 4726 1206 4781 per
1234 4708 1484 4781 gratiam
1515 4708 1750 4775 Christi,
1784 4707 1884 4779 qui

222 4796 284 4851 in
318 4796 486 4851 omni
513 4800 679 4870 parte
709 4797 929 4852 mundi.
950 4813 1083 4853 cum
1118 4798 1337 4853 sanctis
1370 4796 1495 4853 suis
1520 4802 1576 4853 et
1604 4801 1802 4852 manet
1832 4800 1888 4852 et

222 4890 526 4959 operatur,
562 4883 818 4957 plurima
847 4884 961 4941 sibi
1008 4886 1268 4942 adfuisse
1317 4902 1551 4942 sensere
1597 4885 1883 4952 subsidia,

224 4974 384 5045 quod
419 4972 510 5028 vel
544 4990 612 5028 ex
644 4973 759 5042 bis,
787 4990 915 5047 qua:
946 4974 1081 5030 licet
1102 4973 1310 5047 exigua
1339 4971 1884 5045 subjicimus,colli-

224 5063 456 5133 quebit.

298 5153 391 5208 23.
427 5151 688 5209 Clericus
718 5153 1057 5210 monasterii
1084 5151 1273 5226 ipsius
1301 5152 1485 5209 vicem
1508 5151 1685 5208 ofﬁcii
1706 5150 1887 5208 eccle-

224 5239 458 5296 siastici
487 5240 549 5295 in
580 5240 783 5299 ordine
808 5241 1042 5315 proprio
1075 5241 1516 5309 administrans,
1541 5241 1634 5296 cui
1674 5256 1886 5295 nomen

229 5327 640 5402 Fulgnbertus
670 5334 816 5399 erat,
849 5330 1094 5387 fluvium
1126 5330 1341 5386 civitati
1374 5348 1408 5386 a
1437 5334 1599 5403 parte
1621 5327 1887 5385 orientali

297 5521 457 5596 (332)
478 5523 706 5596 Locum
742 5525 899 5583 hunc
932 5526 1153 5585 notavit
1171 5524 1426 5582 Jacobus
1447 5522 1803 5596 Sirmundus
1824 5521 1885 5577 in

220 5594 384 5657 notis
416 5595 492 5654 ad
516 5594 840 5673 capitulare
873 5597 921 5654 II
964 5598 1150 5656 Caroli
1199 5597 1375 5668 Calvi,
1410 5596 1511 5654 ubi
1562 5595 1884 5664 Judicium,

1995 4609 2152 4682 poris
2202 4609 2263 4663 in
2324 4608 2448 4664 loco
2500 4609 2704 4664 eodem
2758 4610 2921 4665 faber
2948 4612 3189 4682 quidam
3235 4612 3645 4684 imperatorius

1995 4700 2066 4754 de
2122 4698 2258 4753 villo
2318 4696 2549 4753 Judicio
2583 4698 2729 4767 (332)
2781 4699 3032 4753 advenit.
3083 4699 3183 4754 Hic
3224 4701 3351 4771 jam
3404 4718 3505 4772 per
3550 4719 3642 4756 au-

1996 4806 2103 4843 nos
2167 4787 2438 4842 undecim
2498 4786 2749 4859 graviter
2807 4787 3069 4842 dtBIIlODB
3126 4788 3398 4860 agitatus,
3461 4790 3646 4845 multa

1995 4881 2336 4933 sanctorum
2373 4881 2699 4948 martyrum
2732 4876 2857 4931 loca
2900 4876 3072 4932 etiam
3127 4877 3187 4931 iu
3238 4877 3648 4950 longinquiora

1998 4964 2253 5021 Francia:
2311 4964 2382 5019 ad
2467 4969 2737 5019 sanctum
2810 4964 3218 5019 Sebastianum
3292 4966 3642 5035 Suessionis,

2008 5056 2182 5127 cujus
2208 5071 2325 5109 non
2357 5052 2542 5107 multo
2573 5057 2705 5108 ante
2756 5051 2907 5108 idem
2958 5054 3239 5125 temporis
3288 5055 3544 5127 reliquias
3573 5056 3646 5111 ab

2000 5144 2144 5199 urbe
2169 5144 2356 5198 Roma
2384 5140 2525 5196 illuc
2555 5140 2903 5196 dicebantur
2929 5140 3130 5196 delatae
3167 5146 3225 5197 et
3271 5144 3426 5215 apud
3477 5161 3643 5200 sanc-

1996 5236 2125 5289 tum
2161 5229 2507 5285 Medardum
2539 5226 2876 5294 reconditm;
2910 5244 3012 5282 seu
3044 5230 3112 5284 ad
3138 5235 3405 5287 sanctum
3429 5232 3648 5298 Quinti-

1996 5336 2140 5376 num
2176 5315 2569 5384 Viromandis,
2606 5320 2782 5387 atque
2816 5320 3086 5372 sanctum
3113 5317 3456 5393 Dionysium
3490 5320 3646 5375 Pari-

1994 5508 2616 5588 vulgo_Ju_dz‘z__vocari
2664 5509 2886 5581 scribit,
2941 5511 3121 5568 situm
3172 5512 3329 5568 haud
3374 5511 3645 5585 procula

1998 5578 2328 5648 Thébdouis
2348 5578 2503 5637 villa.
