4096 6174
451 353 561 412 231

1329 346 1654 410 JOANNIS
1697 342 2032 407 ABBATIS
2077 344 2140 404 S.
2188 341 2526 405 ARNULFI
2575 335 2964 404 METENSIS

3742 337 3855 401 232

452 483 576 538 sius
608 483 776 550 (333),
813 483 1251 552 multorumque
1283 485 1559 552 praetcrea
1607 483 1945 532 sanctorum
1989 492 2102 530 me-
2131 479 2185 542 Α
2215 475 2492 530 mentalia
2514 490 2690 545 penes
2722 473 2879 544 ipsas
2909 471 3153 528 ancillas
3181 471 3282 527 Dei
3321 488 3508 544 usque
3539 473 3713 528 hodie
3743 489 3858 529 ma-

454 571 674 628 morias
701 589 806 644 spe
828 571 1234 642 recuperanda:
1257 567 1465 622 salutis
1484 565 1818 633 circuierat;
1844 565 1944 620 sed
1975 565 2103 635 ejus

454 660 679 716 curatio
708 659 904 714 divino
927 658 1180 729 quodam
1199 672 1431 721 arcano,
1447 672 1563 710 non
1582 652 2103 726 perimpotentiam

454 753 795 805 sanctorum
849 746 1243 812 differebatur,
1279 744 1381 799 sed
1420 743 1556 799 huic
1608 747 1822 799 sancta:
1869 742 2104 814 virgini,

453 854 586 892 cum
619 854 736 907 qua
758 853 972 890 manus
1002 833 1232 888 Domini
1255 837 1375 888 tam
1399 833 1712 889 efficaciter
1731 833 2103 905 operabatur,

451 924 776 979 certissime
807 927 898 977 est
928 925 1240 977 reservata.
1269 921 1414 976 lluic
1446 939 1681 994 quoque
1710 919 1961 976 carnalis
1993 937 2105 974 mc-

451 1013 657 1067 dicinae
704 1011 1015 1077 industria,
1047 1011 1096 1066 si
1145 1028 1264 1082 qua
1312 1016 1510 1082 posset
1561 1015 1683 1065 arte
1741 1027 2099 1077 succurrere,

452 1102 641 1157 multa
666 1119 811 1156 vane
845 1100 1100 1156 remedia
1131 1100 1409 1154 adhibere
1442 1104 1651 1155 conata
1698 1103 1806 1166 est,
1839 1098 2104 1168 nihilque

453 1190 579 1262 opis
641 1207 881 1262 prorsus
932 1188 1224 1243 attulerat.
1258 1189 1519 1242 Tandem
1574 1189 1857 1242 Dominus
1904 1186 2102 1242 volens

453 1280 712 1352 apertius
741 1281 1139 1334 deiminstrare
1171 1279 1387 1332 frustra
1411 1294 1544 1332 eum
1579 1282 1660 1331 tot
1690 1277 1747 1330 in
1784 1276 2104 1347 longinqua

455 1369 624 1423 toties
651 1368 937 1440 expetisse
971 1366 1257 1444 subsidia,
1285 1382 1420 1421 eum
1451 1367 1521 1420 de
1553 1365 1816 1438 proximo
1856 1365 2104 1419 velocior

347 1493 352 1495 -
454 1458 506 1513 ei
538 1457 702 1514 salus
731 1461 930 1528 posset
950 1473 1272 1524 occurrere,
1298 1461 1362 1510 ut
1383 1456 1452 1510 de
1474 1454 1893 1509 miraculorum
1915 1457 2099 1522 tanta,

453 1563 582 1618 quze
597 1546 667 1601 ad
682 1544 1018 1617 sepulcrum
1043 1543 1408 1600 reverentissi
1419 1560 1525 1598 mae
1549 1541 1792 1615 virginis
1807 1541 2106 1599 Glodesin-

453 1635 547 1691 dis
569 1635 806 1702 fiebant,
822 1634 1039 1689 audivit
1067 1629 1415 1705 frequentia,
1439 1631 1632 1688 Mettis
1663 1649 1840 1704 quam
1873 1632 2101 1687 celerri-

451 1739 546 1780 me
576 1723 785 1795 potuit,
803 1721 1083 1795 pervenit,
1103 1725 1279 1793 atque
1309 1720 1615 1776 basilicam
1647 1721 1827 1777 beatae
1860 1719 2104 1793 virginis

449 1811 974 1885 ingressus,penes
1002 1811 1270 1866 tumbam
1302 1809 1491 1882 ipsius
1539 1826 1601 1865 se
1642 1808 1960 1864 collocavit.
1995 1807 2101 1864 Ubi

451 1918 585 1957 cum
613 1899 958 1972 aliquandiu
981 1899 1288 1970 jacuisset,
1323 1899 1594 1971 impurus
1647 1897 1743 1953 ille
1781 1914 1846 1952 ac
1875 1897 2100 1952 teterri-

453 2004 586 2044 mus
608 1987 851 2060 spiritus
884 1985 1255 2058 praesentiam
1288 1989 1462 2040 tantae
1491 1985 1818 2041 sanctitatis
1864 2002 1978 2040 non
2018 1986 2098 2040 fe-

453 2093 607 2144 rens,
642 2075 786 2130 nihil
818 2075 1028 2130 deinde
1057 2073 1197 2129 viris
1229 2072 1288 2128 in
1331 2072 1568 2129 homine
1616 2072 1945 2145 possidens,
1978 2072 2098 2127 vio-

451 2164 638 2220 lenter
668 2163 876 2236 pulsus
898 2162 1205 2219 abscessit.

519 2256 609 2308 27.
644 2254 778 2309 Post
809 2252 965 2308 hunc
995 2251 1220 2308 multus
1251 2250 1492 2323 quidam
1543 2250 1614 2305 ab
1663 2249 1911 2306 infantia
1959 2249 2098 2306 illuc

450 2343 734 2398 accedens
769 2344 1004 2413 repente
1035 2344 1167 2394 ante
1189 2355 1404 2410 corpus
1429 2337 1896 2394 sacratissimum
1929 2337 2096 2393 abso-

450 2429 809 2485 lutissimum
841 2429 959 2484 oris
990 2428 1316 2483 libertatem
1349 2431 1436 2482 est
1476 2430 1848 2481 consecutus.
1881 2427 2097 2482 Eodem

450 2519 624 2574 modo
650 2523 706 2574 et
725 2518 936 2573 mulier
967 2517 1189 2585 itidem,
1223 2534 1292 2573 ex
1318 2533 1433 2588 quo
1465 2519 1602 2570 nata
1629 2519 1736 2582 est,
1766 2519 1950 2582 muta,
1982 2515 2096 2570 vir-

451 2612 573 2664 tute
603 2607 843 2679 virginis
875 2605 1171 2678 loquelam
1199 2606 1417 2661 ibidem
1450 2605 1686 2676 recepit.
1709 2604 1849 2660 Item
1881 2603 2098 2660 femina

391 2705 393 2707 ’
451 2697 719 2768 quzedam
750 2695 1013 2750 dmmone
1044 2694 1144 2750 diu
1171 2693 1444 2750 atrociter
1473 2692 1919 2764 captivatailluc
1937 2694 2096 2749 deve-

451 2784 620 2840 niens
641 2782 968 2839 adversario
991 2781 1258 2855 depulso,
1278 2781 1371 2838 sui
1403 2797 1642 2853 compos
1666 2784 1842 2852 atque
1871 2780 2098 2854 integra

451 2878 644 2929 mente
676 2887 942 2945 regressa
971 2877 1079 2928 est.
1104 2871 1363 2926 Claudus
1393 2869 1636 2942 quidam
1686 2886 1756 2925 ex
1779 2868 1916 2925 villa
1948 2870 2095 2926 Lau-

449 2962 604 3019 riaco
635 2961 695 3017 in
727 2960 853 3017 loco
883 2961 1086 3017 eodem
1119 2960 1342 3033 potenti
1373 2959 1586 3015 virtute
1615 2958 1857 3032 virginis
1897 2960 2094 3032 pedes,

448 3067 598 3122 quos
627 3049 822 3105 valida
841 3050 1006 3105 tabes
1031 3049 1394 3116 distorserat,
1428 3047 1487 3101 in
1540 3064 1715 3102 usum
1757 3046 1934 3102 libere
1964 3064 2095 3120 gra-

451 3139 650 3194 diendi
683 3138 934 3194 directos
978 3137 1213 3210 recepit.
1250 3136 1458 3192 Mulier
1501 3137 1572 3191 ab
1619 3135 1791 3191 annis
1825 3135 2098 3208 plurimis

2215 569 2374 631 nent,
2410 580 2538 636 quae
2570 579 2750 618 suasu
2789 562 3058 634 conjugis
3088 578 3209 616 sua:
3253 562 3594 635 Teutbergaa
3624 563 3856 635 reginae,

2212 651 2629 708 interveniente
2678 650 2884 706 eodem
2923 650 3204 705 Adventio
3247 649 3541 723 episcopo,
3574 651 3660 707 eis
3710 657 3767 707 et
3795 653 3863 709 de

2213 741 2439 798 noviter
2487 739 2660 808 datis,
2685 743 2742 794 et
2797 740 2869 794 de
2925 738 3356 810 antiquioribus
3403 739 3710 809 restitutis,
3747 741 3866 797 sive

2213 830 2390 886 etiam
2422 831 2492 884 de
2522 827 2998 884 immunitatibus
3029 829 3294 900 ejusdem
3327 829 3666 884 monasterii
3710 830 3866 903 regia

2214 921 2559 975 auctoritate
2589 920 2860 973 constant
2888 916 3303 972 liberalissime
3324 917 3625 974 attributa.
3642 919 3788 974 Nam
3811 924 3867 974 et

2212 1010 2342 1082 ipca
2364 1009 2694 1079 Teutbcrga
2710 1006 2910 1077 regina
2931 1006 3040 1061 loci
3061 1005 3250 1078 ipsius
3273 1006 3530 1078 regimen
3554 1011 3696 1063 tunc
3715 1012 3866 1064 tene-

2213 1101 2478 1169 bat,qu:e
2501 1097 2676 1152 etiam
2707 1095 2786 1150 ibi
2807 1093 3085 1166 quiescit;
3112 1096 3212 1150 sed
3253 1099 3307 1150 et
3346 1095 3477 1166 quis
3517 1096 3626 1152 iste
3653 1097 3863 1153 Lotha-

2215 1187 2337 1242 rius
2371 1185 2560 1252 fuerit,
2577 1190 2633 1239 et
2662 1203 2729 1239 ex
2761 1183 3062 1239 occasione
3091 1185 3220 1253 ejus
3259 1184 3457 1256 aliqua
3491 1202 3671 1257 supra
3700 1204 3864 1259 repe~

2213 1281 2333 1330 tere
2378 1292 2493 1329 non
2543 1273 2839 1346 ingratum
2887 1290 3015 1328 esse
3063 1273 3261 1327 lectori
3294 1273 3664 1340 arbitramur,
3702 1280 3766 1329 ut
3797 1294 3864 1330 ex

2215 1363 2421 1418 notitia
2448 1367 2780 1434 temporum
2812 1361 3118 1417 validiores
3141 1362 3456 1417 narrationi
3489 1363 3638 1418 vires
3669 1381 3862 1419 accre-

2213 1456 2400 1508 scant.
2426 1451 2529 1506 Hic
2559 1455 2648 1506 est
2674 1449 2984 1506 Lotharius
3008 1450 3212 1521 junior
3241 1449 3399 1506 ﬁlius
3417 1450 3577 1505 illius
3599 1452 3862 1508 Lotharii

2213 1540 2462 1596 senioris
2490 1556 2559 1594 ex
2591 1538 2882 1595 Ludovico
2913 1539 3010 1594 Pio
3057 1537 3259 1611 geniti,
3292 1537 3393 1611 qui
3441 1543 3573 1611 post
3613 1545 3863 1598 mortem

2213 1629 2401 1702 ipsius
2432 1628 2538 1701 piaa
2570 1627 2864 1683 memoriae
2896 1627 3079 1700 patris
3110 1626 3203 1683 sui
3233 1626 3461 1683 diutina
3500 1629 3867 1687 dissensione

2214 1735 2348 1774 eum
2382 1716 2666 1773 fratribus
2691 1716 2815 1773 suis
2847 1715 3139 1772 Ludovico
3170 1715 3592 1772 Germanorum
3643 1735 3782 1792 rege
3811 1724 3867 1775 et

2213 1806 2436 1875 Carolo,
2453 1805 2555 1877 qui
2581 1809 2713 1878 post
2743 1805 3059 1878 imperator
3080 1805 3269 1861 factus
3299 1809 3406 1872 est,
3423 1805 3742 1878 cupiditate
3763 1807 3870 1863 im-

2211 1895 2357 1968 perii
2391 1893 2609 1963 habita,
2633 1894 2870 1950 tandem
2903 1894 3180 1966 gravibus
3212 1897 3267 1950 et
3292 1894 3587 1951 intestinis
3609 1896 3760 1952 odiis
3786 1897 3870 1952 fu-

2211 1989 2376 2041 nesto
2408 1984 2522 2039 ritu
2554 1984 2708 2040 inter
2737 2000 2800 2040 se
2831 1983 3001 2057 longe
3030 1983 3195 2056 prius
3243 1984 3572 2056 protractis,
3605 1984 3665 2040 in
3714 2001 3867 2059 pago

2207 2072 2704 2129 Autissiodorensi
2724 2072 2870 2141 loco,
2887 2073 2986 2144 qui
3003 2073 3221 2129 dicitur
3242 2073 3648 2141 Fontanetum,
3666 2074 3867 2147 praelio

2210 2161 2672 2230 atrocissimo,et
2703 2163 2926 2233 absque
2957 2162 3220 2234 exemplo
3245 2161 3677 2231 cruentissimo,
3708 2165 3867 2220 caede

2212 2251 2536 2308 miserabili
2569 2251 2972 2319 conﬂixerunt,
3007 2252 3282 2322 adjuncto
3309 2251 3394 2306 eis
3425 2251 3668 2324 Pippino
3689 2253 3866 2324 Aqui-

2210 2344 2481 2396 tanorum
2516 2356 2670 2413 rege.
2705 2341 2848 2396 Pace
2879 2344 3074 2396 tamen
3107 2343 3237 2413 post
3266 2339 3418 2395 inter
3438 2356 3535 2396 eos
3569 2340 3741 2409 facta,
3776 2341 3864 2396 di-

2208 2429 2448 2501 visoque
2500 2445 2696 2500 regno,
2731 2428 2852 2485 baac
2897 2445 3032 2501 pars
3083 2429 3509 2501 Franciaa,qua>
3557 2429 3763 2485 Rheno
3809 2435 3865 2486 et

2211 2517 2451 2573 Mosella
2481 2517 2786 2586 limitatur,
2803 2517 3017 2573 additis
3048 2535 3151 2590 pro
3184 2534 3472 2574 consensu
3505 2522 3558 2574 et
3584 2518 3864 2576 ﬁrmitate

2210 2607 2370 2679 pacis
2403 2605 2759 2679 quibusdam
2791 2606 3127 2663 civitatibus
3164 2611 3220 2662 et
3266 2606 3563 2680 regalibus
3606 2607 3864 2665 abbatiis

2209 2695 2363 2751 ultra
2380 2696 2660 2768 citraque,
2678 2695 2867 2751 eidem
2891 2695 3164 2751 Lothario
3187 2695 3438 2768 cessit,ej
3448 2712 3634 2768 usque
3651 2697 3865 2753 exinde

2207 2783 2267 2840 in
2298 2784 2355 2840 id
2389 2801 2579 2856 usque
2608 2783 2888 2857 temporis
2923 2785 3158 2842 nomine
3190 2801 3437 2858 regnum
3470 2785 3729 2841 Lotharii
3760 2804 3866 2860 ap-

2207 2873 2481 2946 pellatur.
2517 2873 2646 2945 Ipse
2677 2890 2792 2929 non
2836 2873 3021 2928 multo
3063 2879 3196 2947 post
3225 2873 3420 2930 cuncti
3460 2873 3657 2930 saeculi
3687 2875 3867 2932 rebus

2207 2965 2414 3033 sponte
2445 2960 2707 3032 abjectis,
2733 2963 3091 3018 monachum
3135 2962 3194 3018 in
3245 2962 3479 3017 Prumia
3508 2963 3866 3020 monasterio

2207 3048 2762 3124 professus,ibidem
2792 3050 3146 3123 quievit,ubi
3177 3055 3232 3107 et
3262 3051 3598 3123 sepulcrum
3620 3052 3755 3123 ejus
3774 3068 3868 3107 ce-

2206 3140 2364 3196 lebre
2397 3156 2586 3212 usque
2615 3139 3198 3197 habetur.-Successit
3215 3140 3404 3196 eidem
3427 3139 3585 3196 ﬁlius
3606 3145 3666 3196 et
3682 3141 3868 3213 aequi-

451 3243 621 3295 caeca,
656 3226 727 3281 de
755 3225 892 3280 villa
919 3226 1288 3293 Arcuntiaco,
1309 3224 1505 3296 aliquo
1537 3229 1798 3296 tempore
1827 3227 1899 3280 ad
1932 3242 2100 3282 sanc-
2132 3216 2174 3283 C
2212 3244 2390 3283 vocus
2423 3227 2517 3284 hic
2539 3227 2744 3299 junior
2774 3229 3108 3296 Lotharius,
3140 3230 3210 3285 de
3241 3245 3358 3300 quo
3392 3228 3550 3284 fama
3582 3229 3732 3285 satis
3764 3230 3868 3286 do-

450 3319 576 3369 tum
612 3312 949 3384 sepulcrum
981 3329 1116 3368 cum
1147 3311 1401 3368 infirmis
1422 3313 1643 3368 caeteris
1663 3313 1957 3369 excubans
1980 3331 2094 3370 non

451 3405 582 3474 post
612 3401 865 3456 multum
898 3401 1178 3473 temporis
1209 3401 1339 3456 luce
1371 3401 1587 3455 donata
1606 3405 1712 3455 est.
1733 3399 2012 3456 Similiter
2040 3407 2096 3458 et

451 3489 576 3546 alia:
607 3491 736 3545 duae
766 3491 1020 3546 edacitate
1041 3491 1331 3545 damnata:
1360 3489 1610 3562 gratiam
1643 3488 1742 3543 diu
1774 3489 1975 3546 amissi
2007 3491 2095 3546 lu-

451 3579 630 3635 minis
663 3596 766 3650 per
788 3580 1017 3635 beatam
1049 3578 1333 3652 virginem
1358 3583 1719 3650 receperunt.

517 3671 610 3724 28.
648 3669 830 3726 Multa
853 3674 1063 3742 praeter
1078 3669 1199 3724 hanc
1224 3673 1280 3723 et
1299 3685 1446 3741 pene
1467 3668 1919 3724 innumerabilia
1939 3671 2095 3742 apud

449 3760 580 3830 ejus
629 3763 907 3832 perpetua
955 3757 1285 3830 virginitate
1336 3756 1744 3814 beatissimum
1786 3774 1999 3830 corpus
2029 3775 2098 3814 ex

447 3854 708 3923 tempore
732 3849 1036 3906 memorati
1055 3847 1339 3920 Drogonis
1357 3847 1775 3920 archiepiscopi
1795 3865 1897 3920 per
1912 3865 2098 3906 annos

447 3938 676 3995 circiter
691 3939 993 4012 sexaginta
1012 3939 1123 3994 sub
1145 3936 1459 4009 praesulatu
1479 3936 1744 3992 Adventii
1766 3938 1955 3993 eidem
1972 3955 2100 3994 suc-

448 4028 707 4083 cedentis
739 4027 1016 4101 episcopi,
1032 4026 1459 4100 imperantibus
1483 4025 1756 4082 Lothario
1779 4025 2027 4095 seniore,
2043 4031 2099 4083 et

449 4120 582 4187 post
610 4132 746 4171 eum
776 4116 1048 4173 Lothario
1072 4116 1328 4187 juniore,
1357 4119 1496 4172 sunt
1524 4119 1760 4172 ostensa
1791 4115 2094 4185 miracula,

450 4219 638 4274 usque
668 4204 738 4258 ad
771 4208 1036 4276 tempora
1083 4203 1364 4274 Walonis,
1387 4204 1487 4276 qui
1539 4205 1776 4276 prazfato
1818 4205 2098 4262 Adventio

450 4292 752 4361 successit,
775 4310 903 4365 quae
953 4310 1022 4348 ex
1067 4293 1296 4349 incuria
1342 4293 1558 4366 scripto
1604 4311 1720 4350 non
1768 4297 1909 4350 sunt
1948 4311 2102 4351 com-

449 4380 894 4446 mendata.Quae
914 4396 1048 4436 vero
1072 4380 1180 4436 sub
1203 4379 1329 4452 ipso
1365 4380 1729 4450 Walone,vel
1759 4397 2099 4440 successore

451 4467 638 4540 ipsius
663 4469 960 4537 Rotberto,
985 4472 1124 4524 sunt
1153 4474 1336 4542 gesta,
1363 4471 1504 4526 ordo
1527 4471 1896 4545 subsequens
1917 4472 2102 4530 decla-

451 4557 620 4613 rabit.

517 4647 608 4701 29.
642 4648 971 4720 Antequam
1005 4647 1076 4702 ad
1112 4647 1336 4720 reliqua
1377 4647 1840 4722 progrediamur,
1863 4651 2097 4723 quando

450 4751 542 4790 res
571 4733 652 4790 ita
682 4741 898 4804 monet,
923 4739 980 4790 et
1010 4752 1070 4790 se
1101 4736 1328 4792 occasio
1360 4737 1606 4808 praebuit
1646 4739 1717 4795 de
1760 4739 2100 4796 memoratis

450 4823 656 4895 primis
678 4826 908 4880 duobus
926 4841 987 4879 se
1005 4825 1251 4880 subinde
1273 4827 1767 4898 consequentibus
1788 4828 2098 4902 episcoPis,

449 4913 549 4967 sed
571 4913 716 4967 etde
740 4918 895 4970 statu
918 4919 1249 4985 temporum
1271 4913 1469 4986 aliqua
1491 4915 1738 4972 breviter
1769 4917 2103 4972 adnotanda

450 5001 806 5072 putavimus,
826 5020 892 5058 ea
915 5001 1203 5074 prmeipue
1223 5019 1420 5072 causa,
1437 5005 1593 5076 quod
1617 5003 1860 5062 alterius
1874 5022 2098 5075 eorum,

450 5089 508 5144 id
531 5095 638 5157 est,
653 5090 940 5159 Adventii,
965 5091 1350 5164 temporibus,
1368 5092 1721 5151 monasterio
1742 5094 1924 5167 hujus
1940 5111 2103 5153 sanc-

453 5183 544 5245 tae,
560 5178 803 5252 virginis
839 5179 1094 5252 plurima
1111 5180 1288 5253 regali
1307 5181 1710 5239 munificentia
1732 5187 1871 5240 sunt
1893 5184 2102 5241 collata

454 5266 753 5337 beneficia,
790 5269 1059 5342 regisque
1092 5269 1349 5326 Lotharii
1393 5271 1655 5329 Junioris
1701 5270 1889 5330 edicta
1932 5278 2104 5331 testa-

525 5431 671 5506 (333)
705 5431 765 5489 Id
790 5437 904 5506 est,
939 5428 999 5506 in
1032 5448 1169 5505 agro
1204 5431 1534 5492 Parisiensi.
1571 5433 1663 5492 Sic
1695 5438 1917 5492 veteres
1957 5452 2100 5492 non-

454 5521 765 5578 nunquam,
789 5505 1200 5578 loquebantur,
1236 5512 1299 5561 ut
1323 5506 1542 5562 notavit
1571 5507 1839 5578 eruditus
1868 5507 1954 5563 vir
1985 5508 2102 5564 Ha-

451 5575 693 5652 drianus
718 5575 986 5652 valerios
1006 5575 1517 5652 in_Disceptatione
1537 5579 1607 5634 de
1629 5577 1908 5652 basilicis,
1929 5596 2097 5652 capp.

450 5649 484 5703 8
514 5651 570 5704 et
598 5646 651 5718 9,
676 5653 732 5705 et
759 5647 820 5705 in
856 5648 1216 5705 Defensionis
1245 5646 1406 5723 parte
1441 5649 1748 5724 posteriori
1787 5646 1954 5726 capp.
1980 5646 2018 5708 5
2041 5646 2102 5708 et

2203 3316 2378 3372 lenda
2403 3316 2695 3389 vulgatur,
2727 3317 2859 3374 odio
2889 3319 3226 3390 Teutbergae
3275 3317 3454 3389 hujus
3509 3333 3695 3389 quam
3729 3319 3875 3374 dixi-

2206 3422 2363 3474 mus,
2399 3405 2636 3479 regina),
2672 3410 2729 3461 et
2758 3405 2962 3462 illicita
3011 3406 3462 3478 superductione
3510 3406 3868 3464 Waldrada.

2205 3496 2341 3559 Qua:
2373 3495 2726 3552 miserabilis
2745 3496 2967 3568 species
2989 3496 3126 3551 facti
3158 3512 3292 3551 cum
3316 3496 3523 3552 faciem
3556 3513 3760 3552 rerum
3787 3496 3874 3553 lu-

2207 3587 2408 3639 ctuoso
2438 3585 2714 3640 foedasset
2748 3584 3235 3656 exemplo,totum
3267 3602 3412 3656 pene
3441 3585 3644 3640 orbem
3676 3585 3739 3640 in
3775 3585 3873 3640 sui

2207 3672 2519 3728 commovit
2536 3671 2835 3728 invidiam.
2857 3673 3002 3728 Nam
3027 3677 3084 3728 et
3107 3674 3260 3745 quod
3283 3673 3468 3729 multo
3490 3672 3752 3745 amplius
3775 3691 3872 3730 ex-

2206 3761 2657 3833 pavescendum,
2673 3761 2999 3834 primarum
3023 3762 3252 3818 sedium
3276 3762 3570 3818 antistites
3587 3761 3874 3835 'I‘ietgau-

2207 3851 2318 3906 dus
2351 3851 2722 3906 Treverensis
2755 3854 2812 3905 et
2842 3850 3134 3908 Gonterus
3153 3849 3516 3907 Coloniensis
3555 3851 3742 3922 hujus
3774 3869 3875 3907 ex-

2209 3939 2474 3995 secrandi
2508 3938 2786 3994 connubii
2817 3944 3382 4007 assentatores,cum
3413 3939 3756 3996 viderentur
3787 3958 3879 3997 sa-

2207 4027 2432 4099 pientes
2463 4043 2590 4084 esse
2620 4027 2874 4100 ingenio,
2899 4032 2956 4083 et
3000 4026 3208 4085 litteris
3248 4027 3440 4084 divine
3486 4027 3878 4102 humaneque

2207 4116 2442 4185 eruditi,
2474 4115 2822 4188 insipientia:
2872 4116 3170 4173 deterrimi
3220 4121 3361 4174 sunt
3404 4116 3542 4173 facti
3581 4117 3876 4175 fautores.

2209 4204 2371 4261 Unde
2403 4221 2436 4260 a
2454 4221 2606 4278 papa
2636 4204 2870 4262 Nicolao
2905 4205 3151 4262 Romam
3182 4205 3400 4263 evocati
3425 4209 3482 4262 et
3501 4210 3639 4262 ante
3677 4224 3881 4264 sacra-

2209 4293 2508 4350 tissimum
2557 4311 2770 4366 corpus
2819 4294 2973 4351 beati
3023 4294 3175 4351 Petri
3232 4295 3475 4369 synodo,
3499 4299 3624 4350 tam
3687 4295 3879 4353 Italia:

2209 4398 2356 4455 pene
2385 4383 2585 4451 totius,
2619 4399 2796 4455 quam
2827 4387 2884 4440 et
2911 4382 3182 4456 pluribus
3213 4381 3536 4440 Galliarum
3571 4383 3879 4457 episcopis

2209 4476 2560 4546 congregata
2589 4472 2796 4541 auditi,
2828 4477 2886 4529 et
2917 4472 3154 4546 culpam
3185 4476 3462 4546 praetextu
3484 4471 3615 4544 conj
3628 4473 3754 4546 ugii
3787 4490 3882 4528 or-

2127 4591 2175 4656 D
2213 4579 2352 4617 nare
2382 4561 2478 4617 diu
2505 4561 2969 4630 conati,tandem
2997 4562 3200 4618 fraude
3217 4560 3496 4634 captiosa,
3512 4577 3633 4633 qua
3659 4578 3881 4635 capere

2213 4669 2274 4707 se
2303 4649 2448 4707 alios
2476 4649 3062 4723 arbitrabantur,ipsi
3087 4649 3260 4724 capti,
3281 4666 3432 4723 papa
3467 4649 3709 4707 Nicolao
3733 4669 3884 4707 eun-

2210 4739 2319 4795 ctis
2350 4739 2806 4796 assentientibus
2836 4738 3121 4809 damnati,
3140 4742 3197 4796 et
3216 4737 3497 4811 gradibus
3520 4743 3662 4795 sunt
3681 4740 3882 4797 eccle-

2213 4828 2466 4884 siasticis
2489 4827 2748 4901 multati;
2782 4845 2881 4889 rex
2901 4843 3135 4904 quoque
3156 4843 3291 4889 cum
3309 4827 3626 4892 Waldrada
3645 4833 3705 4888 et
3732 4846 3884 4888 cun.

2212 4916 2320 4973 ctis
2351 4918 2481 4988 ejus
2511 4920 2800 4978 scandatis
2832 4920 3324 4994 participantibus
3362 4919 3580 4994 pariter
3628 4920 3886 4979 anathe-

2211 5005 2491 5064 matizati.
2525 5008 2612 5077 Et,
2651 5014 2715 5066 ut
2746 5009 2928 5066 multo
2961 5010 3033 5065 ad
3066 5010 3182 5067 alia
3208 5010 3456 5068 tendens
3495 5015 3880 5082 praeteream,

2211 5095 2464 5168 qualiter
2491 5096 2615 5169 ipse
2647 5098 2934 5154 Gonterus
2964 5098 3184 5154 factum
3217 5115 3392 5155 suum
3437 5102 3636 5168 tuens,
3667 5099 3729 5156 in
3765 5118 3882 5173 pa-

2211 5202 2348 5257 pam
2365 5186 2558 5258 ipsum
2572 5185 2802 5259 publice
2815 5185 3017 5243 multis
3035 5185 3545 5259 invectus,injusto
3563 5204 3627 5244 se
3634 5189 3884 5260 judicio

2212 5274 2518 5348 alligatum
2547 5279 2793 5333 testatus
2825 5275 2920 5347 sit,
2954 5280 3010 5332 et
3041 5281 3105 5333 ut
3132 5276 3560 5350 parvipendens
3584 5278 3884 5350 apostoli-

2209 5436 2264 5490 6.
2301 5435 2457 5517 Idem
2475 5434 2698 5522 legitur
2725 5437 2786 5518 in
2815 5435 3356 5522 Vitandalbe‘rpnis
3377 5435 3685 5522 Met'tensis
3717 5440 3888 5522 epis:

2213 5507 2363 5579 copi,
2387 5507 2488 5578 qui
2537 5507 2778 5562 donaria
2823 5507 3010 5571 multa
3059 5509 3118 5565 S.
3170 5507 3446 5582 Dionysio
3490 5507 3780 5579 Parisius;
3817 5513 3888 5567 id

2212 5584 2336 5661 est,
2357 5577 2710 5661 monasterio
2833 5578 3119 5661 pionysii,
3151 5579 3308 5661 quod
3332 5579 3541 5661 quinto
3593 5581 3686 5661 ab
3723 5583 3890 5661 urbe

2213 5650 2568 5707 Parisiorum
2598 5649 2787 5722 lapide
2815 5649 3012 5722 distat,
3045 5649 3448 5713 transmisi—sse
3495 5651 3885 5726 perhibetur.
