4098 6170
394 335 513 393 233

1373 329 1475 391 DE
1511 327 2115 393 TRANSLA'l‘lUNE
2159 332 2223 393 S.
2274 330 2811 395 GLUDESINDIS.

3674 334 3793 421 234

388 483 518 524 cam
548 481 881 532 censuram,
914 464 1155 519 domum
1188 480 1291 518 nec
1317 464 1481 521 venia
1505 463 1701 536 petita,
1729 481 1833 520 nec
1855 465 2032 536 impe—
2063 467 2116 533 Α
2148 470 2317 533 ret,et
2345 468 2521 538 (quod
2554 469 2741 541 magis
2772 468 3031 540 stupeas)
3065 485 3196 525 vase
3228 474 3532 541 exc-aptum
3565 467 3789 523 diutius

387 560 540 612 trata
566 571 854 624 reversus,
888 552 1121 619 missas,
1145 557 1201 608 et
1230 552 1289 607 in
1320 553 1412 609 die
1443 555 1825 611 sacrosancta:
1858 568 2033 609 cumse

389 641 815 701 absolutionem
838 643 896 698 et
913 640 1249 698 chrismatis
1274 641 1561 697 actionem
1582 640 1769 696 victus
1800 656 2033 713 perege-

389 732 485 789 rit.
522 732 640 788 Hoc
662 732 895 787 tantum
928 730 986 785 in
1019 733 1300 786 terrorem
1332 745 1555 797 corum,
1582 727 1630 784 si
1652 725 1750 801 qui
1785 728 1929 784 forte
1957 732 2037 784 ta-

388 822 536 877 lium
553 835 816 893 unquam
839 823 1011 875 erunt
1030 817 1585 895 participes,dixisse
1598 833 1665 874 su
1675 817 2034 889 fﬁciat,quod

386 910 584 967 socius
614 908 742 981 ejus
775 907 1136 979 Tietgaudus
1162 906 1533 963 'I‘reverensis
1573 921 1808 978 peregre
1839 904 2035 963 Roma:

385 997 931 1055 excommunicatus
963 995 1199 1051 interiit.
1235 993 1549 1063 Letharius
1596 1010 1712 1061 rex,
1747 993 1880 1049 licet
1910 1010 2034 1049 cor-

389 1086 712 1144 rectionem
763 1085 1118 1158 promiserit,
1147 1090 1203 1139 et
1240 1083 1502 1157 reginam
1551 1069 1940 1154 Teutbergam
1976 1082 2035 1138 in

381 1178 607 1233 honore
661 1192 790 1244 suo,
826 1178 891 1229 ut
941 1174 1265 1240 videbatur,
1301 1171 1609 1244 receperit;
1659 1176 1792 1245 post
1836 1174 2034 1227 tamen

384 1266 640 1322 Romam
668 1263 910 1321 veniens
929 1280 964 1319 a
983 1279 1135 1335 papa
1166 1278 1343 1334 super
1364 1260 1476 1317 {ide
1496 1259 1766 1333 conjugis
1794 1258 2037 1332 requisi-

380 1362 500 1423 tus,
523 1358 581 1410 et
604 1356 766 1409 metu
797 1351 1031 1425 culpam
1054 1350 1370 1419 inﬁciatus,
1385 1365 1453 1407 ea
1474 1346 1883 1417 conditione,si
1902 1362 2038 1423 vera

380 1446 688 1521 fateretur,
722 1440 938 1499 missas
957 1457 991 1496 a
1010 1441 1226 1497 domno
1257 1456 1411 1521 papa
1427 1438 1484 1495 in
1502 1440 1705 1496 sancto
1726 1437 2055 1497 Anastasio'

378 1533 622 1605 audivit,
658 1520 715 1588 et
745 1546 963 1603 corpus
995 1520 1365 1586 Dominicum
1394 1528 1465 1584 de
1487 1543 1667 1587 manu
1689 1528 1818 1599 ejus
1838 1524 2037 1585 infelix

374 1620 789 1700 praesumpsit.
822 1619 962 1675 Inde
992 1618 1242 1691 patriam
1276 1620 1563 1690 repetens,
1587 1620 1820 1689 repente
1837 1616 2037 1673 miser-

381 1713 535 1770 rima
567 1708 731 1767 clade
752 1723 995 1765 suorum
1012 1723 1158 1780 pene
1177 1707 1235 1762 in
1254 1706 1398 1778 ipsis
1411 1706 1604 1781 Romae
1618 1704 1802 1779 portis
1814 1708 2031 1787 exorta,

372 1818 483 1859 nee
517 1815 705 1866 mora,
740 1813 846 1853 nec
879 1796 1111 1869 requies
1144 1794 1520 1851 morientium
1553 1794 2037 1863 erat,doncctan-

371 1889 683 1957 denuium
715 1887 879 1947 ocius
911 1886 968 1940 fe
983 1883 1188 1951 stinat,
1209 1886 1335 1956 jam
1365 1872 1480 1939 fere
1502 1883 1777 1939 omnibus
1796 1881 1921 1938 suis
1942 1874 2033 1937 as-

369 1976 649 2051 sumptis,
683 1973 1049 2031 Placentiam
1087 1989 1271 2045 usque
1304 1989 1438 2029 cum
1487 1971 1689 2045 paucis
1721 1962 1983 2043 pervenit
2016 1986 2029 2051 ς

397 2068 497 2125 ubi
528 2066 685 2124 circa
714 2064 920 2120 horam
952 2079 1167 2117 nonam
1200 2078 1335 2117 cum
1386 2060 1700 2117 incolumis
1753 2059 2037 2125 resideret

370 2160 607 2230 repente
633 2169 954 2228 percussus
976 2151 1290 2219 obmutuit,
1315 2155 1371 2206 et
1395 2166 1563 2208 mane
1587 2152 1772 2205 morte
1796 2145 2030 2212 misera,

370 2246 473 2303 bili
498 2246 811 2319 defunctus
842 2241 921 2297 ibi
940 2242 998 2295 in
1017 2239 1271 2313 quadam
1288 2238 1553 2293 vilissimi
1570 2236 1758 2310 operis
1772 2235 2037 2291 basilica-

368 2342 460 2392 est
489 2335 760 2392 obrutus.
793 2332 935 2403 Ejus
981 2333 1171 2385 morte
1222 2328 1549 2383 Adventius
1600 2326 1909 2399 episcopus
1939 2340 2032 2379 co-

367 2426 553 2499 gnita,
579 2421 857 2479 nuntium
879 2418 1055 2475 ocius
1076 2416 1279 2474 Carolo
1303 2417 1422 2489 regi
1441 2416 1694 2472 Francia:
1711 2414 2035 2485 occidente-

372 2514 449 2569 lis
478 2511 713 2584 dirigit,
747 2525 1001 2579 eumque
1033 2505 1231 2565 Metim
1256 2505 1594 2583 deductum,
1616 2504 1902 2579 associato
1922 2501 2033 2569 sibi

368 2602 690 2658 Hincmaro
706 2599 1025 2654 Remorum
1043 2586 1507 2668 archiepiscopo;
1526 2609 1739 2671 corona
1753 2584 2032 2667 secunda,

366 2695 580 2764 praeter
621 2704 772 2755 eam,
807 2702 987 2758 quam
1018 2684 1323 2759 habuerat,
1358 2682 1415 2739 in
1447 2680 1691 2741 ecclesia
1720 2679 1873 2749 beati
1904 2678 2032 2734 Ste-

366 2779 572 2853 phani,
605 2793 733 2851 quas
764 2775 981 2832 dicitur
1009 2774 1223 2829 domus
1253 2771 1556 2854 episcopii,
1592 2768 1771 2845 capiti
1824 2769 2037 2835 iterato

365 2868 669 2943 imposita,
694 2880 889 2941 regem
918 2880 1097 2943 super
1116 2862 1231 2917 duo
1256 2876 1433 2937 regna
1474 2856 2035 2941 constituit.ila3c,ut

362 2956 627 3033 episcopi
655 2955 825 3026 cujus
855 2953 1077 3008 mentio
1109 2953 1262 3031 facta
1307 2950 1507 3029 fuerat
1560 2952 1793 3019 tempus
1842 2943 2033 3019 magis

364 3046 735 3114 claresceret,
769 3042 973 3117 paucis
1004 3042 1226 3117 inserta
1270 3042 1430 3122 sunt.

442 3136 586 3192 Huic
616 3133 897 3190 Adventio
942 3129 1253 3195 successit,
1289 3131 1355 3182 ut
1379 3126 1656 3182 diximus.
1688 3123 1859 3180 Walo
1907 3121 2028 3195 epi-

2065 1842 2112 1909 Β

2143 559 2345 627 postea
2373 561 2463 611 est
2492 559 2808 624 servatum,
2841 556 3133 630 multique
3172 574 3275 631 pro
3303 556 3553 613 divervis
3576 555 3795 615 incom-

2145 644 2334 698 modis
2364 660 2430 700 eo
2461 644 2599 700 tacti
2634 649 2691 717 et
2740 645 2901 701 uncti
2950 661 3084 702 vera
3133 644 3479 702 retulerunt
3524 644 3800 701 remedia.

2144 731 2351 805 Opinio
2381 731 2538 806 vulgi
2570 736 2714 801 erat,
2741 738 2797 790 et
2826 733 3187 806 quibusdam
3221 731 3667 791 revelationibus
3689 728 3801 789 sibi

2143 821 2343 894 plures
2364 824 2665 878 ostensum
2684 837 2811 881 esse
2832 822 3128 890 dicebant,
3149 820 3444 896 lacrymas
3464 838 3564 879 eas
3587 826 3802 879 sanctae

2143 908 2388 983 virginis
2408 926 2556 979 esse,
2582 911 2799 985 quibus
2821 909 3170 968 imminente
3196 910 3361 967 urbis
3383 909 3797 979 intcritu,iram

2145 998 2379 1054 Domini
2410 1004 2668 1057 avertere
2694 999 3020 1057 laborabat.
3046 1000 3170 1075 Non
3198 1017 3616 1073 usqueQuaque
3638 1015 3798 1055 error

2143 1087 2536 1156 damnandus,
2572 1088 2671 1161 qui
2700 1087 2833 1143 licet
2862 1092 2920 1145 et
2949 1104 3016 1143 ex
3043 1088 3295 1160 simplici
3331 1094 3526 1144 mento
3556 1089 3793 1145 descen-

2143 1178 2308 1245 dens,
2325 1176 2590 1234 nonnihil
2607 1181 2804 1245 tamen
2825 1175 3218 1248 intelligentiae
3241 1175 3593 1250 perspicitur
3614 1175 3792 1233 conti-

2144 1282 2280 1323 nere
2304 1282 2317 1320 :
2343 1264 2635 1340 siquidem
2664 1265 2863 1323 oleum
2889 1265 3139 1339 figuram
3172 1264 3793 1339 misericordim,lacry-

2145 1372 2252 1411 mle
2270 1357 2495 1413 motum
2520 1351 2855 1427 exprimunt
2877 1351 3410 1427 indulgentiaEtsi
3432 1353 3590 1425 enim
3613 1352 3670 1411 in
3689 1351 3790 1413 illa

2143 1460 2390 1501 summae
2416 1441 2626 1501 laetitiae
2658 1441 2888 1499 civitate
2919 1440 3084 1499 dolor
3104 1442 3326 1511 nullus,
3356 1443 3529 1500 nullae
3549 1442 3786 1500 omnino

2143 1533 2263 1590 sint
2281 1522 2571 1605 lacrymze,
2596 1530 2695 1588 ubi
2719 1529 3012 1605 ahsterget
3041 1530 3196 1595 Deus
3217 1548 3451 1590 omnem
3470 1531 3789 1605 lacrymam

2143 1623 2215 1693 ab
2246 1618 2431 1683 oculis
2462 1625 2834 1699 sanctorum;
2865 1636 2980 1678 non
3011 1619 3329 1693 incongrue
3359 1626 3556 1677 tamen
3586 1620 3790 1677 Domi-

2144 1727 2257 1771 nus
2287 1709 2473 1767 oculis
2504 1708 2783 1773 humanis
2815 1706 3158 1780 hujusmodi
3190 1710 3443 1782 speciem
3483 1710 3791 1767 ostendere

2140 1799 2346 1867 voluit,
2382 1790 2484 1871 per
2511 1814 2694 1877 quam
2721 1797 2979 1875 prudens
3024 1798 3274 1870 quisque
3323 1798 3639 1871 colligeret,
3673 1814 3791 1870 qua

2142 1889 2446 1955 suavitate,
2483 1902 2666 1961 quove
2695 1884 2916 1943 lumine
2947 1885 3007 1940 in
3037 1892 3351 1959 conspectu
3382 1885 3665 1943 claritatis
3687 1886 3788 1942 Dei

2143 1976 2340 2033 anima
2362 1974 2460 2033 illa
2475 1980 2679 2031 sancta
2690 1975 2989 2047 gauderet,
3007 1975 3177 2045 cuius
3189 1973 3281 2030 hic
3303 1976 3626 2031 exstinctus
3638 1976 3786 2035 cinis

2142 2071 2261 2122 tam
2267 2064 2531 2138 jucunde
2549 2063 2823 2121 cordibus
2838 2069 2894 2119 et
2905 2062 3297 2136 pulcherrimo
3314 2063 3498 2119 oculis
3510 2063 3786 2139 mysterio

2143 2154 2556 2229 resplenderet.
2611 2152 2813 2208 Exitus
2864 2157 3059 2208 tamen
3111 2169 3305 2208 rerum
3357 2153 3609 2222 edocuit,
3644 2155 3786 2226 quid

2144 2244 2314 2299 beata
2342 2242 2503 2315 virgo
2536 2242 2593 2297 in
2626 2240 2853 2298 occulto
2884 2257 2986 2315 pro
3018 2242 3248 2296 civitate
3279 2241 3616 2312 obtinuerit,
3649 2260 3784 2299 cum

2143 2349 2271 2388 eam
2302 2330 2382 2388 ita
2414 2330 2669 2403 periculo
2702 2330 3027 2402 proximam
3058 2347 3091 2386 a
3124 2330 3509 2387 barbarorum
3540 2332 3784 2389 infesta—

2144 2420 2320 2487 tione,
2355 2425 2413 2475 et
2444 2420 2493 2474 si
2523 2435 2640 2475 non
2692 2418 2983 2491 lacrymis,
3017 2423 3174 2475 certe
3224 2420 3497 2492 precibus
3542 2420 3786 2494 virginis

2145 2508 2636 2567 inenarrabilibus
2666 2506 2935 2567 Christus
2966 2507 3432 2564 inenarrabiliter
3462 2509 3644 2565 ﬂexus
3674 2511 3784 2566 im-

2146 2590 2385 2671 munem
2417 2596 2754 2657 reddiderit.

2195 2681 2301 2742 '30.
2321 2685 2443 2741 Sub
2461 2701 2527 2740 eo
2542 2676 2741 2752 etiam,
2760 2685 2861 2757 qui
2880 2683 3015 2739 huic
3033 2690 3165 2756 post
3179 2702 3401 2741 annum
3432 2687 3785 2760 subrogatus

2142 2774 2529 2849 est,epis_copo
2544 2773 2861 2844 Ruotperto
2873 2773 3065 2845 gentis
3076 2772 3531 2839 Alemannorum
3543 2776 3666 2830 viro
3675 2774 3788 2831 cla-

2144 2852 2514 2941 rissimo,olei
2546 2854 2818 2917 similiter
2846 2852 3140 2919 emanatio
3171 2877 3241 2916 ex
3259 2859 3387 2934 ipso
3408 2878 3573 2919 sacro
3596 2862 3787 2936 sepul-

2141 2968 2239 3008 cro
2271 2942 2632 3023 frequentius
2663 2949 2787 3007 visa
2815 2953 2906 3006 est
2934 2942 3301 3022 proﬂuxisse,
3328 2953 3392 3007 ut
3413 2967 3447 3006 a
3465 2949 3645 3007 latere
3666 2967 3788 3009 mo-

2142 3037 2404 3109 numenti
2434 3036 2668 3110 longius
2696 3036 2755 3093 in
2786 3030 2973 3093 rivum
3006 3032 3110 3110 per
3133 3037 3533 3110 pavimentum
3576 3040 3783 3097 decur-

2140 3132 2306 3185 reret.
2338 3124 2455 3184 Iloe
2486 3124 2821 3182 abancillis
2841 3124 2942 3185 Dei
2964 3125 3210 3199 spongia
3236 3121 3781 3196 collectum,elvase

366 3242 610 3298 scopus,
644 3239 760 3296 quo
789 3228 1050 3294 tempore
1081 3204 1420 3274 Bortbulfus
1468 3204 1733 3273 Treveris
1781 3216 2022 3284 prmerat
2133 3218 2313 3272 vitreo
2344 3216 2485 3271 dum
2518 3212 2859 3287 impleretur
2888 3214 3252 3283 destrictum,
3287 3208 3463 3288 super
3510 3208 3779 3274 sanctum

367 3313 872 3386 archiepiscopus,
906 3310 1034 3385 ipso
1084 3306 1277 3385 adhuc
1332 3303 1534 3387 Carolo
1592 3302 1929 3389 superstite,
1962 3304 2020 3355 et

365 3404 594 3461 Joanne
626 3400 878 3474 quodam
911 3394 1238 3455 universale
1269 3410 1482 3451 nomen
1514 3409 1676 3465 papa:
1708 3393 1961 3457 tenente,
1987 3405 2022 3444 a

366 3509 487 3566 quo
512 3497 569 3548 et
588 3492 714 3564 ipse
735 3488 904 3559 Walo
936 3486 1183 3561 pallium
1214 3477 2022 3567 promeruit.QuiWalo,dum

365 3565 466 3638 vix
508 3583 737 3652 septem
790 3576 963 3652 annis
1014 3571 1319 3632 ecclesiam
1378 3569 1640 3653 rexisset,
1681 3565 2023 3623 excurSione

365 3670 736 3727 Nortmanno
747 3682 901 3734 rum,
932 3667 1245 3737 postquam
1267 3658 1466 3732 plures
1489 3655 1807 3733 Galliarum
1830 3657 2024 3728 partes

367 3762 691 3834 pervagata
720 3756 932 3832 fuerat,
957 3768 1145 3826 usque
1165 3748 1431 3807 Treviros
1452 3743 1823 3829 accedente,d
1834 3759 1929 3800 um
1941 3741 2026 3834 eis

365 3832 605 3906 incaute
638 3861 938 3918 manuque
969 3839 1186 3915 impari
1209 3836 1483 3911 congredi
1516 3837 1703 3919 parat,
1738 3850 1924 3905 usque
1955 3832 2025 3889 ad

367 3936 588 4006 locum,
621 3933 723 4007 qui
754 3916 972 3990 dicitur
998 3926 1297 3995 Remicba,
1329 3925 1389 3985 in
1418 3916 1614 3981 littere
1645 3916 2030 4009 Mosellae,ob_-I

378 4024 537 4081 viam
558 4006 718 4078 venit
734 4016 1115 4076 Nortmannis
1139 4014 1425 4087 impetum
1447 4011 1754 4071 minaciter
1773 4006 2031 4067 facienti-

380 4111 497 4169 bus
512 4126 525 4164 :
540 4109 682 4167 dum
698 4107 793 4181 his
817 4106 991 4164 nulla;
1010 4104 1082 4161 ad
1104 4094 1496 4160 resistendum
1513 4103 1835 4175 suppetunt
1856 4097 2027 4167 vires,

384 4218 505 4259 non
536 4198 800 4273 praelium
812 4198 939 4270 jam
962 4193 1128 4263 illud,
1153 4192 1254 4249 sed
1277 4197 1500 4264 strages
1524 4188 1872 4245 miserorum
1897 4187 2028 4253 fuit,
2067 4247 2071 4251 _

385 4290 469 4348 ibi
499 4288 814 4362 episcopus
838 4301 974 4343 cum
992 4282 1215 4343 caateris
1234 4281 1640 4338 obtruncatur.
1656 4277 1878 4348 Corpus
1900 4281 2031 4356 post

389 4377 618 4435 cladem
650 4373 852 4434 Metim
883 4371 1155 4438 relatum,
1177 4373 1235 4427 et
1262 4367 1321 4424 in
1352 4366 1596 4427 basilica
1625 4366 1812 4422 sancti
1844 4364 2033 4421 Salva-

389 4464 559 4532 toris,
592 4479 770 4537 quam
801 4461 1007 4537 ipsein
1038 4457 1371 4532 sepulcrum
1396 4452 1506 4543 sibi
1533 4446 1755 4543 pridem
1778 4470 1812 4508 a
1833 4453 2036 4509 funda-

2130 3304 2468 3379 sepulcrum
2518 3308 2606 3360 est
2656 3305 2982 3361 reverenter
3031 3321 3392 3376 appensum;
3424 3306 3496 3362 de
3543 3323 3678 3378 quo,
3713 3311 3778 3363 ut

2130 3395 2474 3467 praedictum
2526 3396 2634 3461 est,
2669 3390 2867 3463 plures
2911 3393 3022 3447 sibi
3075 3393 3332 3448 remedia
3389 3410 3778 3468 praesumpse-

2132 3488 2291 3539 runt.
2858 3476 2861 3477 ⁷

2202 3572 2291 3628 31.
2324 3573 2395 3629 Et
2422 3576 2485 3629 ut
2516 3587 2630 3627 non
2661 3570 2794 3627 vani
2824 3571 2964 3644 quid
2997 3571 3189 3628 simile
3220 3569 3328 3630 hoc
3360 3573 3637 3631 aestimari
3670 3573 3778 3630 da-

2133 3664 2315 3729 retur,
2349 3658 2491 3716 illud
2524 3656 2720 3731 palam
2747 3656 2974 3714 cunctis
2994 3663 3052 3716 et
3072 3663 3213 3716 tunc
3245 3660 3525 3732 temporis
3557 3662 3778 3718 factum

2134 3751 2242 3816 est,
2273 3752 2332 3806 et
2356 3764 2459 3820 per
2487 3744 2808 3826 multorum
2840 3764 2963 3821 ora,
2996 3748 3098 3821 qui
3148 3748 3431 3817 viderant,
3452 3742 3673 3807 exinde
3704 3742 3777 3805 ad

2136 3852 2244 3892 nos
2275 3852 2460 3908 usque
2490 3834 2769 3909 cucurrit,
2802 3832 2957 3908 quod
2993 3833 3073 3890 ibi
3105 3854 3173 3892 ex
3205 3836 3330 3909 ipso
3360 3834 3484 3892 oleo
3514 3834 3778 3910 contigit.

2137 3925 2273 3981 Erat
2304 3922 2519 3991 saneta:
2545 3922 2685 3979 mdis
2704 3921 2864 3979 illius
2889 3927 3108 3991 custos,
3134 3924 3370 3989 nomine
3396 3923 3575 3993 Deda,
3601 3939 3779 3997 quam

2140 4030 2257 4069 una
2288 4029 2577 4082 sororum,
2612 4012 2783 4085 cujus
2812 4028 2965 4069 cura:
2985 4016 3108 4067 erat
3138 4010 3457 4071 oratorium
3485 4012 3782 4085 quoddam

2138 4103 2352 4157 sancta:
2382 4096 2577 4158 erucis
2604 4098 2756 4156 infra
2786 4104 2950 4172 septa
2979 4092 3167 4174 ipsius
3199 4100 3783 4173 monasterii,impor-

2138 4194 2278 4249 tune
2310 4189 2550 4264 rogavit,
2576 4193 2642 4246 ut
2671 4206 2772 4246 vas
2793 4189 3063 4258 vitreum,
3084 4190 3239 4263 quod
3262 4189 3456 4247 oleum
3480 4190 3624 4249 illud
3647 4190 3785 4248 divi-

2141 4298 2284 4337 num
2315 4277 2670 4346 continebat,
2702 4278 2813 4334 sibi
2844 4279 2917 4335 ad
2950 4279 3105 4335 idem
3129 4297 3278 4335 curae
3304 4297 3422 4337 sua:
3443 4280 3782 4353 oratorium,

2141 4370 2310 4441 quasi
2343 4367 2550 4438 majori
2587 4367 2909 4423 reverentia
2940 4385 2975 4423 a
2994 4383 3057 4423 se
3079 4367 3157 4423 ibi
3191 4368 3541 4425 servandum
3571 4368 3787 4424 tribue-

2141 4448 2248 4514 ret.
2274 4458 2409 4524 Quae
2430 4454 2571 4512 dum
2593 4454 2826 4513 levitate
2858 4456 3175 4513 admodum
3208 4442 3515 4513 temeraria
3543 4474 3785 4514 manum

392 4554 611 4612 mentis
637 4553 1022 4618 exstruxerat,
1056 4546 1373 4620 sepultum.
1399 4540 1586 4616 Hujus
1612 4542 1790 4617 igitur
1817 4545 2036 4616 tempo~
2065 4578 2115 4643 Β
2144 4563 2319 4618 super
2347 4544 2703 4618 sepulcrum,
2735 4562 2850 4618 quo
2893 4562 2996 4602 vas
3044 4562 3368 4619 appeusum
3419 4545 3785 4614 meminerat,

395 4643 561 4699 ribus
577 4641 937 4713 jamjamque
949 4633 1311 4707 obituipsius
1325 4633 1689 4701 imminente,
1705 4629 2036 4687 luctiferum

393 4730 536 4803 quid
565 4732 829 4786 monstro
860 4714 987 4798 ipso
1020 4726 1402 4798 praesagante,
1424 4737 1458 4775 a
1482 4724 1645 4793 parte
1668 4718 1918 4792 sepulcri
1952 4737 2035 4775 sa-

394 4835 506 4874 crae
534 4817 799 4891 virginis,
834 4833 957 4888 quae
990 4814 1165 4886 pedes
1205 4810 1460 4883 respicit,
1488 4808 1682 4866 oleum
1715 4827 1827 4865 non
1861 4809 2041 4882 phan-

394 4909 698 4975 tasticum,
717 4907 819 4964 sed
836 4919 1058 4969 verum,
1078 4903 1239 4958 dictu
1257 4898 1521 4956 mirabile
1542 4899 1555 4954 l
1580 4900 1770 4955 visum
1789 4891 2043 4955 estcfna—

386 5013 591 5069 nasse.
623 4997 741 5054 Hoc
790 5011 905 5051 non
952 4991 1123 5049 modo
1170 4989 1314 5063 ipsis
1360 4988 1906 5045 sanctimonialibus
1952 4987 2041 5043 vel

397 5085 652 5153 mdituis,
676 5084 778 5158 qui
810 5085 986 5140 noctu
1016 5084 1191 5152 atque
1220 5077 1469 5133 interdiu
1492 5076 1640 5134 sacri
1664 5076 1914 5150 sepulcri
1940 5078 2041 5131 ari-

396 5172 699 5229 haarebant
729 5170 1009 5239 excubiis,
1040 5182 1242 5225 verum
1274 5164 1380 5220 toti
1411 5163 1539 5220 urbi
1579 5163 1913 5236 perclaruit.
1943 5162 2042 5219 Vi-

396 5263 549 5320 derit
567 5260 819 5334 quisque
835 5259 895 5315 in
912 5275 1090 5332 quam
1110 5258 1335 5331 partem
1361 5253 1469 5311 hoc
1492 5252 1859 5326 interpretari
1879 5252 2036 5309 velit.

399 5350 549 5409 Illud
582 5355 737 5425 certe
768 5334 1091 5406 multorum
1121 5350 1178 5403 et
1201 5345 1362 5405 visus
1410 5341 1675 5416 probavit
1704 5346 1762 5398 et
1810 5344 1999 5398 tactus
2024 5358 2037 5410 ;

396 5439 619 5517 diuque
648 5438 729 5495 ita
759 5452 1041 5497 emanans
1075 5432 1173 5491 ille
1219 5431 1412 5503 liquor
1456 5428 1700 5497 efﬂuxit,
1736 5432 1802 5485 ut
1851 5427 2044 5501 specie

395 5532 454 5584 et
477 5514 591 5583 usu
608 5514 809 5583 'oleum
833 5521 1123 5599 palpabile
1153 5521 1615 5593 reprzesentaret,
1639 5520 1697 5573 et
1716 5534 1750 5572 a
1771 5520 1933 5590 parte
1954 5533 2047 5590 pe-

398 5608 543 5695 dum
565 5615 642 5677 ad
663 5614 872 5691 capitis
891 5628 1078 5691 usque
1097 5609 1350 5669 conﬁnia
1370 5606 1707 5683 sepulcrum
1731 5604 2050 5664 madeface-

718 5742 988 5807 Paraon.
1021 5735 1358 5804 CXXXVII.

2147 4631 2517 4704 perrexisset,
2554 4636 2615 4687 ut
2662 4631 2926 4705 poscenti
2975 4633 3158 4701 daret,
3201 4650 3494 4707 nusquam
3546 4631 3785 4691 invenit.

2149 4721 2357 4777 Mirata
2377 4724 2433 4777 et
2452 4724 2729 4787 tremens,
2754 4720 2896 4777 dum
2920 4721 3056 4776 item
3079 4720 3335 4793 itemque
3363 4721 3656 4794 palpando
3681 4721 3792 4779 sol-

2148 4808 2364 4865 licitius
2395 4807 2737 4880 exploraret,
2773 4825 2876 4863 nec
2927 4809 3141 4865 sentire
3192 4809 3308 4865 ullo
3355 4809 3526 4867 modo
3568 4815 3786 4882 posset,

2149 4915 2283 4953 cum
2314 4902 2510 4953 tamen
2540 4897 2757 4953 ibidem
2788 4915 2888 4953 vas
2919 4898 3074 4953 idem
3108 4903 3170 4953 ut
3199 4899 3458 4971 positum
3486 4898 3667 4955 fuerat
3691 4899 3791 4956 de-

2150 4987 2446 5058 penderet,
2472 4985 2717 5041 ridiculo
2745 4986 2887 5043 satis
2909 4986 3281 5045 diludebatur
3299 5004 3510 5046 errore.
3526 4987 3670 5046 Cum
3692 5006 3797 5047 ca:-

2151 5081 2304 5133 teras
2337 5076 2707 5145 advocasset,
2728 5074 2985 5149 ipszeque
3018 5075 3286 5135 similiter
3317 5094 3449 5135 cum
3483 5093 3551 5134 ea
3570 5077 3794 5136 diutius

2152 5163 2493 5218 errabundas
2524 5179 2640 5234 pra:
2672 5162 2857 5219 oculis
2888 5180 3119 5236 semper
3167 5163 3465 5233 haberent,
3501 5181 3605 5222 nec
3633 5165 3793 5225 vide-

2149 5251 2297 5319 rint;
2331 5249 2568 5306 lucerna
2597 5251 2861 5309 adhibita
2880 5251 3034 5309 circa
3049 5252 3383 5326 sepulcrum
3405 5253 3519 5311 huc
3540 5252 3797 5327 illucque

2148 5356 2299 5396 vana
2325 5338 2599 5413 indagine
2625 5340 3040 5413 perquirebant
3065 5357 3080 5397 :
3113 5342 3349 5398 tandem
3369 5346 3680 5414 postquam
3700 5358 3797 5400 sa-

2153 5426 2228 5484 tis
2251 5427 2379 5500 jam
2408 5426 2661 5485 ludibrio
2692 5427 3101 5501 hujuscemodi
3130 5433 3269 5488 sunt
3290 5429 3563 5504 fatigans,
3585 5432 3681 5490 vix
3699 5427 3800 5488 ali-

2155 5513 2391 5587 quando
2409 5512 2744 5589 contingere
2767 5521 3082 5591 potuerunt
3102 5517 3453 5590 depositum.
3470 5518 3699 5576 Partem
3712 5518 3801 5591 ip-

2158 5598 2539 5678 siusliquoris
2557 5596 2759 5661 eadem
2777 5610 2976 5665 custos
2993 5606 3103 5665 sibi
3116 5623 3501 5686 praesumens,
3518 5606 3682 5667 fratri
3696 5621 3808 5692 sua

3443 5731 3483 5821 3,
3792 5791 3807 5823 ι
