4096 6174
226 361 234 369 ’
325 355 444 418 235

1190 360 1516 424 JOANNIS
1560 358 1891 422 ABBATIS
1937 359 2003 420 S.
2051 359 2390 424 ARNULFI
2437 360 2855 426 METENSIS.

3611 367 3750 425 236.

320 491 446 546 viro
465 489 734 564 religioso
751 495 1085 568 presbytero
1102 493 1406 566 Angclerio
1423 495 1494 550 ad
1516 493 1822 550 ecclesiam
1847 510 1974 549 san—
2001 493 2055 560 Α
2083 493 2387 550 sistentem
2417 499 2475 550 et
2505 511 2639 550 cum
2671 497 2926 567 quodam
2958 495 3204 569 imperio
3218 496 3425 568 jubere
3447 503 3510 553 ut
3531 515 3737 572 surge-

326 578 404 634 eti
437 579 754 636 Salvatoris
783 581 842 638 in
874 584 1076 638 eadem
1109 584 1252 636 urbe
1284 600 1387 653 pro
1419 581 1680 654 reliquiis
1728 600 1970 638 munere

327 669 510 737 misit,
542 687 644 726 vas
675 672 869 742 ipsum
901 687 1034 725 cum
1067 670 1291 742 reliqua
1320 676 1484 742 parte
1534 671 1749 742 petenti
1801 672 1968 727 socia:

324 757 548 823 tribuit,
583 763 640 812 et
668 759 917 814 oratorio
949 777 1126 830 supra
1155 760 1310 815 dicto
1343 760 1417 814 ab
1439 760 1566 831 ipsa
1589 765 1678 815 est
1709 762 1972 832 deporta-

325 848 474 899 tum.
511 845 640 900 Mox
683 846 810 918 ipsa
839 852 1040 903 custos
1074 849 1382 904 temeraria
1412 867 1518 921 pro
1549 853 1664 904 tam
1701 851 1968 922 improbo

322 950 470 989 ausu
501 937 759 992 amentia
788 953 850 993 se
875 939 1019 994 satis
1051 937 1228 1012 digna
1266 957 1438 1012 pmna
1485 941 1828 1013 corripitur;
1862 959 1967 996 nec

320 1021 485 1094 prius
515 1023 804 1081 medelam
829 1026 1108 1100 consequi
1139 1029 1346 1100 potuit,
1371 1045 1549 1100 quam
1580 1046 1647 1085 ex
1681 1030 1964 1103 utrisque,

321 1110 537 1183 quibus
568 1111 801 1186 largitio
826 1113 929 1172 illa
956 1115 1157 1189 inepta
1179 1117 1366 1172 fuerat
1385 1118 1560 1186 facta,
1589 1119 1744 1191 quod
1766 1118 1966 1176 illicite

321 1198 526 1256 datum
557 1205 704 1270 erat,
735 1203 1108 1276 reciperetur,
1141 1211 1198 1262 et
1226 1205 1352 1262 loco
1397 1224 1502 1263 suo
1547 1225 1724 1280 super
1771 1210 1964 1282 sepul-

321 1303 509 1358 crum,
540 1294 607 1346 ut
631 1291 816 1364 prius,
849 1291 1073 1365 integre
1105 1300 1514 1368 reponeretur:
1552 1315 1688 1353 nam
1737 1314 1872 1354 mox
1903 1304 1967 1355 ut

320 1377 379 1434 id
413 1378 630 1435 factum
657 1385 764 1450 est,
798 1381 892 1436 vix
919 1381 1108 1454 spatio
1139 1382 1392 1440 duarum
1413 1383 1692 1441 horarum
1725 1387 1967 1442 interce-

319 1466 494 1522 dente
524 1485 678 1525 sanae
707 1471 922 1526 mentis
953 1474 1010 1526 et
1038 1470 1364 1542 plenissimi
1397 1490 1608 1531 sensus
1629 1475 1833 1532 ell‘ecta
1853 1482 1960 1533 est.

319 1553 400 1610 Ex
429 1556 632 1612 eodem
664 1563 886 1630 postea,
921 1563 986 1614 ut
1016 1557 1238 1616 dictum
1263 1565 1370 1629 est,
1400 1561 1524 1617 oleo
1548 1562 1745 1636 plures
1767 1570 1960 1636 caput,

319 1643 519 1700 oculos
547 1643 635 1702 vel
667 1651 874 1703 catera
901 1645 1028 1703 loca
1057 1636 1316 1720 corporis
1357 1649 1619 1708 dolentes
1651 1652 1791 1708 dum
1826 1671 1961 1710 con-

316 1731 627 1806 tingerent,
660 1734 890 1792 meritis
919 1741 1133 1792 sancta:
1162 1737 1406 1811 virginis
1437 1739 1759 1812 saepissime
1790 1759 1852 1798 se
1883 1760 1966 1799 re-

317 1826 543 1878 creatos
573 1827 632 1878 et
661 1824 914 1895 perfecte
943 1831 1255 1882 senserunt
1283 1833 1534 1884 curatos.

388 1911 478 1966 32.
507 1909 692 1966 Multa
720 1917 998 1984 praeterea
1026 1914 1391 1986 temporibus
1411 1916 1675 1988 ejusdem
1700 1918 1962 1976 Rotberti

317 1997 597 2071 episcopi,
629 2016 734 2056 nec
766 2001 1012 2069 minora,
1045 2002 1448 2074 superioribus
1476 2004 1547 2059 ad
1579 2005 1734 2061 idem
1764 2024 1962 2064 sacro-

317 2092 590 2144 sanctum
607 2088 945 2160 sepulcrum
961 2089 1248 2147 Dominus
1263 2091 1296 2148 J
1301 2108 1437 2148 esus
1455 2093 1723 2152 Christus
1736 2101 1823 2152 est
1835 2114 1964 2170 ope-

317 2178 430 2234 rari
448 2178 725 2251 dignatus
747 2178 1049 2248 miracula,
1069 2197 1138 2236 ex
1153 2179 1368 2252 quibus
1385 2183 1752 2256 subsequens
1775 2186 1961 2260 stylus

315 2267 584 2341 expedire
614 2268 810 2341 aliqua
841 2268 1090 2324 tentabit
1120 2286 1186 2326 eo
1235 2271 1519 2340 securius,
1555 2290 1669 2345 quo
1720 2275 1959 2346 multos,

317 2357 416 2429 qui
447 2357 540 2414 his
569 2356 979 2427 interfuerunt,
1013 2361 1213 2415 nostra
1234 2364 1398 2416 aitate
1420 2363 1780 2433 superfuisse
1802 2370 1959 2420 certo

316 2446 730 2520 comperimus,
747 2464 894 2519 quos
916 2447 975 2502 in
995 2447 1270 2504 idoneum
1294 2450 1699 2507 testimonium
1723 2453 1962 2510 advoca-

315 2539 406 2592 tos
435 2551 606 2592 nemo
637 2539 726 2593 est
755 2535 856 2608 qui
891 2535 1079 2608 possit
1126 2535 1404 2592 refellere.
1439 2539 1519 2594 Ex
1550 2539 1678 2611 ipsa
1726 2557 1958 2615 quoque

312 2629 648 2682 curatorum
677 2625 852 2681 turba
879 2623 1146 2682 nonnulli
1175 2625 1296 2682 haec
1317 2627 1446 2699 ipsa
1470 2632 1670 2684 nostra
1697 2634 1960 2703 tempora

312 2713 655 2786 attigerunt.

381 2802 472 2858 33.
507 2801 736 2870 Mulier,
768 2801 860 2857 cui
881 2801 1204 2876 Hildigardi
1235 2819 1447 2860 nomen
1479 2809 1622 2875 erat,
1637 2808 1808 2865 annis
1827 2813 1954 2868 octo

309 2891 614 2949 oculorum
645 2891 774 2947 luce
805 2891 1048 2963 privata,
1079 2909 1182 2964 spe
1214 2910 1330 2949 non
1361 2911 1550 2964 cassa,
1585 2895 1954 2956 salutiferum

307 2980 643 3054 sepulcrum
662 2980 920 3053 expetiit.
940 2981 1025 3038 Ibi
1045 2987 1211 3038 nocte
1229 2981 1286 3038 in
1305 2983 1566 3040 excubiis
1583 3001 1950 3057 permanens,

307 3075 624 3144 antequam
656 3068 1058 3140 dilucesceret,
1091 3070 1468 3129 miseratione
1499 3072 1692 3130 divina
1730 3075 1952 3150 virgine

305 3158 720 3228 intercedente,
753 3157 900 3214 nihil
931 3159 1121 3216 noctis
1153 3159 1524 3218 obstantibus
1555 3165 1952 3233 tenebrrs,lu-

2080 587 2183 650 ret,
2207 587 2263 638 ct
2293 581 2385 638 his
2416 584 2518 656 qui
2542 589 2680 640 tunc
2715 585 2856 638 forte
2889 585 3217 656 pavimento
3248 583 3566 654 instabant,
3591 604 3731 660 ope-

2079 676 2236 728 rato’r
2265 671 2389 745 ipse
2412 673 2886 745 conjungeretur,
2907 691 3176 744 opusque
3192 673 3386 745 ipsum
3409 675 3607 746 perfici
3626 677 3732 730 ad-

2069 761 2322 832 juvaret.
2357 762 2570 816 Statim
2621 767 3012 832 experrectus,
3044 767 3102 816 et
3149 761 3295 816 nihil
3347 763 3606 834 pristinae
3638 765 3732 819 de-

2077 848 2318 904 bilitatis
2369 850 2425 905 in
2476 867 2537 906 se
2588 867 3032 922 recognoscens,
3064 850 3232 905 laetus
3283 850 3514 920 exsiliit,
3559 857 3618 907 et
3669 857 3736 908 ut

2069 938 2278 1008 jussus
2297 938 2501 1007 fuerat,
2523 937 2874 994 mirantibus
2899 937 3186 994 universis
3199 940 3270 994 ad
3292 956 3438 1012 opus
3459 944 3731 1011 accessit,

2075 1026 2356 1100 nulloque
2387 1027 2624 1102 segnior
2655 1027 2714 1084 in
2748 1028 3043 1100 operando
3065 1027 3359 1100 apparuit,
3380 1029 3571 1086 sciens
3593 1048 3732 1104 pro-

2075 1115 2225 1172 fecto
2259 1115 2662 1173 beatissimam
2693 1115 2980 1190 virginem
3013 1116 3408 1174 desideratam
3436 1119 3546 1175 sibi
3578 1137 3730 1192 prae-

2075 1203 2296 1260 stitisse
2329 1203 2604 1261 salutem.

2145 1293 2234 1348 36.
2267 1293 2602 1366 Adelburga
2649 1292 2863 1350 mulier
2908 1291 3230 1361 dicebatur,
3265 1311 3363 1350 ore
3394 1299 3450 1351 et
3478 1296 3729 1354 naribus

2073 1380 2330 1454 plurimo
2361 1381 2648 1455 sanguine
2689 1382 2891 1438 diutus
2940 1383 3146 1450 ﬂuens,
3173 1381 3299 1454 jam
3333 1383 3391 1438 in
3423 1383 3549 1457 ipso
3591 1385 3728 1440 vita:

2073 1487 2254 1544 agens
2274 1469 2632 1540 discrimine,
2655 1488 2790 1526 cum
2815 1470 2960 1527 nihil
2992 1472 3385 1544 undecunque
3406 1473 3458 1528 ei
3480 1474 3728 1530 remedii

1997 1569 2002 1572 ’
2073 1564 2270 1630 posset
2300 1575 2621 1616 occurrere.
2657 1560 2823 1616 Forte
2845 1561 2970 1617 dies
3004 1560 3307 1617 natalitius
3337 1561 3727 1620 sanctissimae

2069 1647 2313 1720 virginis
2333 1648 2388 1702 in
2408 1647 2731 1704 crastinum
2754 1647 3101 1706 imminebat
3121 1668 3132 1718 ;
3159 1665 3326 1722 spem
3343 1649 3494 1706 illico
3511 1650 3731 1708 salutis

2071 1752 2140 1791 ex
2167 1735 2360 1792 divino
2391 1753 2753 1811 praesumens
2784 1736 3012 1808 solatio,
3047 1737 3374 1808 candelam,
3395 1755 3520 1812 qua:
3553 1745 3731 1797 nocte

1992 1867 2040 1934 B
2071 1823 2400 1897 vigiliarum
2433 1825 2620 1898 ipsius
2652 1826 3041 1884 solemnitatis
3073 1833 3208 1884 ante
3239 1845 3400 1884 aram
3450 1835 3723 1886 sanctam

2070 1911 2261 1934 I__#-,-
2304 1931 2368 1934 μὴ
2405 1916 2578 1934 κικμηκι
2638 1919 2809 1934 μέγικν
2884 1933 2891 1934 ,
2926 1933 2931 1934 ,
2983 1915 2996 1928 ο
3116 1933 3119 1934 ,
3184 1917 3217 1934 οι
3268 1917 3304 1934 ί·
3372 1917 3410 1934 1ο
3517 1917 3552 1934 ἰ
3590 1919 3646 1934 ιι

2070 1911 2271 1970 lumen
2303 1916 2605 1987 praeberet,
2637 1919 2769 1971 voto
2800 1915 3047 1990 propriae
3071 1917 3340 1974 sanitatis
3355 1917 3728 1975 direxit.Mox

2071 2019 2140 2058 ea
2169 2002 2392 2076 perlata
2421 2009 2684 2077 optatam
2718 2004 2946 2061 Christo
2979 2023 3082 2078 per
3115 2009 3381 2062 sanctam
3431 2006 3724 2079 virginem

2071 2096 2344 2165 cperante
2357 2092 2606 2149 salutem
2623 2093 2965 2166 promeruit.
2983 2093 3170 2149 Simili
3190 2095 3363 2149 modo
3380 2094 3728 2166 virquidam

2069 2197 2138 2235 ex
2167 2179 2304 2237 villa
2334 2180 2647 2252 Fadiliaco,
2681 2182 2916 2238 nomine
2946 2181 3246 2251 Hilleicus,
3271 2183 3492 2240 habens
3524 2182 3724 2240 ﬁlium

2069 2268 2319 2328 debilem
2351 2274 2408 2327 et
2437 2270 2718 2327 membris
2749 2271 3026 2328 omnibus
3048 2271 3337 2341 inutilem,
3360 2278 3558 2328 votum
3579 2291 3725 2330 san-

2069 2362 2171 2414 σιω
2217 2359 2492 2416 candelas
2543 2359 2710 2417 altari
2761 2359 2948 2433 ipsius
2997 2360 3217 2430 intulit,
3253 2378 3320 2418 ac
3371 2379 3475 2434 pro
3523 2379 3591 2419 eo
3641 2363 3726 2419 ibi

2067 2465 2300 2520 precem
2328 2449 2690 2522 profundens
2722 2451 2964 2506 domum
2995 2467 3264 2507 reversus
3283 2450 3504 2506 invenit
3525 2451 3723 2508 filium

2067 2553 2298 2593 sanum.
2335 2537 2482 2605 Quid
2515 2539 2730 2596 femina
2761 2538 2880 2606 illa,
2917 2555 3046 2611 quae
3078 2539 3178 2595 diu
3219 2544 3534 2604 contracta,
3571 2541 3722 2598 dum

2065 2630 2198 2682 vota
2245 2625 2344 2683 illo
2391 2626 2694 2683 candelam
2747 2627 3028 2699 misisset,
3058 2627 3405 2701 priusquam
3457 2627 3724 2688 ecclesia:

2066 2713 2310 2770 candela
2330 2714 2459 2787 ipsa
2477 2714 2989 2784 intromitteretur,
3015 2716 3333 2789 perfectam
3359 2716 3611 2773 emeruit
3631 2735 3726 2775 so-

2064 2801 2496 2874 spitatemJIaec
2517 2819 2585 2859 cx
2599 2803 2736 2858 villa
2765 2803 3143 2860 Columbaria
3160 2803 3286 2872 fuit,
3307 2807 3364 2859 et
3379 2821 3484 2877 per
3525 2810 3721 2864 totum

2063 2891 2328 2947 aestivum
2341 2892 2667 2965 tempusita
2679 2891 2959 2965 languida
2974 2892 3256 2949 membris
3271 2910 3408 2948 omn
3420 2894 3551 2949 ibus
3569 2913 3722 2967 pene

2062 2986 2446 3051 emarcuerat,
2481 2985 2547 3036 ut
2577 2998 2680 3038 nec
2711 2997 2983 3054 gressum
3015 2982 3212 3056 figere,
3240 2998 3346 3038 nec
3370 2981 3484 3037 nisi
3503 2982 3720 3041 alienis

2062 3071 2339 3127 manibus
2368 3069 2584 3127 valeret
2613 3069 2825 3126 efferri.
2857 3069 2985 3126 Alia
3013 3087 3130 3126 non
3163 3070 3386 3144 dispari
3414 3072 3587 3127 modo
3610 3073 3717 3129 diu

2059 3157 2270 3216 debilis
2287 3163 2344 3214 et
2358 3158 2568 3216 clauda
2583 3159 2965 3227 decumbens,
2983 3160 3055 3215 ad
3074 3159 3382 3216 ecclesiam
3405 3161 3712 3234 perducta,

305 3246 464 3304 mine
491 3263 638 3322 puro
665 3247 881 3305 donata
909 3251 1016 3306 est.
1053 3249 1197 3306 Item
1219 3248 1560 3308 adolescens
1581 3268 1787 3321 czecus,
1805 3255 1946 3310 dum
1978 3235 2022 3304 C
2061 3247 2286 3320 integre
2317 3246 2395 3303 ibi
2427 3252 2518 3304 est
2546 3252 2768 3304 sanata.

304 3335 646 3410 aliquandiu
676 3336 831 3394 infra
858 3336 1164 3394 basilicam
1195 3338 1590 3396 visitationem
1631 3357 1946 3414 supernam

301 3430 680 3500 exspectaret,
709 3425 936 3484 meritis
962 3425 1204 3500 virginis
1223 3428 1416 3484 visum
1437 3429 1688 3500 perfecte
1707 3432 1942 3505 recepit.

300 3515 560 3582 Femina,
593 3515 832 3572 nomine
860 3515 994 3584 Osa,
1029 3516 1430 3589 quinquennio
1460 3517 1688 3588 clauda,
1717 3518 1856 3576 illuc
1882 3539 1944 3579 se

298 3619 512 3678 rogans
529 3603 1072 3673 deferri,mensibus
1084 3605 1411 3662 sexibidem
1429 3605 1708 3680 languida
1715 3609 1940 3680 jacens,

299 3693 563 3750 divinum
592 3690 1066 3750 indeficientibus
1086 3694 1301 3750 animis
1321 3695 1765 3767 praestolabatur
1788 3699 1944 3756 auxi-

294 3783 440 3840 lium
475 3800 489 3839 :
522 3799 628 3840 nec
660 3784 825 3856 prius
847 3799 882 3840 a
907 3783 1043 3839 fidei
1065 3800 1182 3840 sua:
1205 3783 1485 3841 instantia
1507 3785 1940 3860 destitit,quam

295 3872 626 3930 mercedem
673 3871 865 3928 ﬁdelis
910 3872 1369 3944 perseverantiae,
1404 3873 1759 3932 soliditatem
1808 3894 1940 3934 om-

249 3984 254 3990 -
293 3962 458 4019 nium
491 3961 890 4019 membrorum
921 3961 1259 4034 perciperet,
1291 3962 1658 4036 pedibusque
1685 3965 1938 4039 propriis

291 4051 554 4124 gaudens
584 4049 814 4118 rediret,
849 4067 976 4122 qua:
1009 4049 1284 4108 manibus
1320 4049 1528 4108 alienis
1575 4051 1715 4108 illuc
1761 4053 1938 4112 allata

293 4138 424 4195 fuit.

359 4227 452 4292 34.
467 4225 716 4294 Quidam
732 4226 1002 4284 similiter
1017 4226 1261 4286 claudus
1275 4230 1604 4302 vespertino
1619 4230 1934 4306 aliquando

289 4321 552 4390 tempore
579 4317 822 4390 grabato
845 4317 1206 4390 deportatus,
1227 4323 1285 4376 et
1309 4335 1412 4391 pro
1437 4321 1658 4378 foribus
1679 4323 1932 4381 basilicae

285 4405 538 4478 positus,
570 4405 713 4462 dum
744 4407 972 4480 copiam
1004 4405 1116 4464 sibi
1147 4425 1213 4464 ea
1238 4413 1405 4466 nocte
1426 4409 1580 4466 intra
1597 4412 1778 4468 aedem
1803 4430 1935 4470 san-

285 4499 441 4553 ctam
471 4495 809 4568 quiescendi
841 4497 1270 4570 deprecaretur,
1297 4515 1402 4554 nec
1433 4499 1694 4557 obtinere
1724 4501 1932 4558 valuis-

283 4589 392 4653 set,
423 4583 506 4640 ibi
539 4589 670 4640 ante
692 4586 941 4658 januam
965 4585 1078 4641 fide
1101 4603 1214 4642 non
1239 4604 1423 4644 vacua
1443 4605 1628 4661 usque
1649 4589 1709 4645 in
1736 4589 1927 4647 lucem
1967 4610 2014 4675 D

280 4677 602 4745 pernoctat.
631 4674 779 4730 Ecce
810 4679 1006 4732 autem
1037 4689 1207 4731 mane
1229 4676 1424 4732 subito
1445 4677 1667 4733 viribus
1688 4679 1927 4736 validio-

281 4761 444 4818 ribus
461 4762 894 4832 accedentibus,
917 4764 1066 4819 miro
1088 4763 1378 4836 celerique
1403 4766 1658 4837 quodam
1683 4767 1838 4822 saltu
1856 4767 1930 4824 le-

278 4853 371 4908 cto
399 4866 682 4908 excussus
712 4851 912 4909 relicto
946 4853 1006 4908 in
1039 4852 1164 4908 loco
1197 4855 1402 4910 eodem
1444 4855 1711 4926 grabato,
1741 4857 1927 4928 gradu

279 4938 496 4996 directo
526 4941 598 4997 ad
627 4939 928 4996 tumulum
960 4946 1229 4998 sanctum
1262 4941 1546 5013 processit
1577 4940 1730 5000 clare
1749 4948 1804 5000 et
1823 4962 1924 5016 pa-

276 5027 396 5084 lam
424 5028 713 5103 virginem
743 5033 1008 5086 sanctam
1039 5029 1454 5087 Glodesindem
1485 5030 1680 5085 divino
1710 5032 1926 5088 auxilio

277 5121 575 5175 auctorem
593 5135 712 5176 suae
729 5119 1029 5192 SOSpitatis
1045 5118 1502 5192 proelamans,ct
1511 5121 1730 5192 gratias
1743 5139 1926 5194 quan-

274 5210 336 5262 to
367 5206 713 5278 praevalebat
743 5209 1000 5264 referens
1031 5207 1368 5280 ampliores,
1399 5208 1638 5264 vocibus
1687 5211 1922 5284 magnis

274 5293 376 5351 Dei
406 5300 739 5369 sanctaaque
767 5296 1012 5369 virginis
1039 5296 1404 5369 gloriﬁcabat
1434 5296 1828 5355 clementiam.

341 5383 432 5438 35.
463 5383 629 5443 Alius
655 5387 795 5442 item
826 5385 1102 5442 infirmus
1131 5390 1189 5440 et
1213 5385 1372 5442 omni
1403 5385 1616 5444 virtute
1659 5389 1918 5462 corporis

271 5471 614 5541 destitutus,
629 5489 766 5530 cum
787 5472 1132 5546 aliquandiu
1153 5472 1213 5528 in
1229 5473 1356 5546 ipso
1378 5481 1578 5533 sancto
1601 5465 1726 5534 loco
1747 5495 1918 5552 opem

270 5557 364 5616 sui
393 5560 849 5632 praestolaretur,
873 5562 1130 5635 quadam
1153 5561 1248 5618 die
1269 5578 1476 5637 sepore
1499 5547 1805 5640 correptus
1821 5547 1919 5623 6b-

271 5647 606 5724 domisset,
626 5649 784 5711 videt
803 5651 917 5712 sibi
931 5649 992 5710 in
1013 5649 1238 5712 somnis
1259 5651 1492 5715 beatam
1514 5654 1800 5733 virginem
1821 5672 1912 5717 as-

2125 3338 2214 3392 3’7.
2245 3335 2500 3392 Audiant
2527 3335 2686 3392 aliud
2719 3337 2924 3392 divinae
2967 3335 3490 3394 animadversionis
3520 3337 3715 3394 docu-

2055 3430 2321 3481 mentum
2352 3423 2434 3494 hi,
2467 3423 2570 3497 qui
2600 3441 2669 3481 ea
2709 3441 2836 3497 quae
2881 3424 3062 3482 semel
3113 3423 3362 3481 Domino
3407 3432 3709 3496 voverant,

2054 3513 2257 3570 illicita
2285 3513 2742 3587 praesumptione
2773 3530 2888 3571 non
2919 3512 3129 3569 timent
3156 3512 3494 3586 effringere;
3531 3519 3590 3570 et
3615 3515 3710 3570 vel

2051 3602 2241 3676 poenis
2271 3601 2776 3659 manifestioribus
2807 3602 3056 3669 discant,
3091 3601 3296 3674 quanti
3335 3601 3412 3658 sit
3457 3601 3710 3675 periculi

2051 3690 2342 3764 promissa
2371 3708 2487 3747 non
2539 3691 2802 3761 reddere,
2828 3707 2954 3763 quae
2987 3691 3301 3763 Scriptura
3348 3691 3714 3750 testimoniis

2051 3781 2367 3836 noluerunt
2397 3796 2731 3854 agnoscere.
2764 3779 2868 3835 Vir
2897 3779 3069 3836 Metis
3097 3778 3252 3834 inter
3277 3796 3416 3834 suos
3447 3795 3565 3835 non
3597 3781 3710 3836 ob-

2049 3887 2282 3940 scurus,
2313 3869 2408 3926 cui
2437 3868 2800 3925 Adelmanno
2833 3883 3047 3925 nomen
3080 3871 3224 3936 erat,
3248 3867 3429 3923 filiam
3459 3867 3518 3922 in
3551 3867 3710 3941 ipsis

2046 3958 2255 4032 primis
2285 3959 2454 4016 annis
2474 3957 2575 4016 Dei
2591 3961 2650 4015 et
2667 3959 2848 4031 hujus
2870 3961 3089 4015 sancta:
3113 3955 3484 4014 Glodesindis
3509 3957 3707 4013 famu-

2046 4047 2193 4105 latui
2223 4047 2285 4104 in
2314 4047 2518 4106 habitu
2549 4047 2880 4105 sanctitatis
2908 4051 3042 4104 voto
3091 4045 3396 4118 delegavit.
3429 4045 3561 4102 Haec
3591 4047 3700 4103 ubi

2045 4137 2246 4197 adulta
2273 4141 2386 4210 est,
2416 4141 2602 4210 patre,
2626 4141 2692 4194 ut
2708 4137 2934 4205 dicunt,
2964 4134 3168 4208 ignaro
3189 4139 3247 4190 et
3267 4132 3469 4200 invito,
3489 4149 3704 4205 quem-

2043 4227 2177 4285 dam
2203 4231 2363 4285 extra
2383 4227 2592 4283 urbem
2623 4224 2988 4282 clandestino
3020 4226 3222 4281 secuta
3249 4226 3340 4278 est
3385 4221 3698 4279 matrimo-

2043 4317 2159 4373 nio.
2187 4317 2451 4389 Cumque
2480 4315 2540 4370 in
2572 4313 2676 4370 tali
2708 4313 2980 4386 conjugio
3011 4317 3247 4384 tempus
3269 4309 3505 4384 aliquod
3529 4310 3698 4367 efﬂu-

2039 4407 2242 4472 xisset,
2274 4407 2422 4462 forte
2449 4403 2767 4475 aliquando
2797 4402 2930 4471 fuit,
2963 4407 3028 4458 ut
3054 4405 3326 4475 parentes
3357 4403 3414 4456 et
3454 4399 3699 4472 propin-

2039 4512 2188 4567 quos
2216 4495 2276 4551 in
2309 4495 2451 4551 urbe
2479 4492 2650 4550 vellet
2677 4493 2926 4550 revisere
2955 4509 2969 4548 :
3001 4490 3105 4548 ubi
3133 4491 3274 4546 dum
3308 4489 3431 4546 dies
3470 4487 3701 4560 aliquot

2039 4589 2388 4653 moraretur,
2441 4583 2524 4639 ita
2577 4583 2886 4657 repentina
2961 4581 3367 4637 membrorum
3425 4577 3694 4636 omnium

2039 4673 2423 4730 dissolutione
2454 4677 2754 4728 contracta
2784 4676 2898 4740 est,
2930 4674 2997 4725 ut
3026 4686 3130 4726 nec
3162 4667 3312 4724 lecto
3355 4682 3696 4739 exsurgere,

2037 4780 2140 4820 nec
2173 4761 2286 4819 nisi
2317 4761 2506 4818 alieno
2537 4761 2869 4818 ministerio
2892 4759 3016 4815 loco
3041 4761 3238 4830 posset
3260 4754 3502 4812 moveri.
3534 4755 3695 4811 Tum

2036 4857 2200 4924 pater
2228 4851 2346 4906 voti
2379 4849 2765 4906 reminiscens
2799 4850 2869 4906 ad
2900 4845 3327 4904 monasterium
3376 4861 3504 4900 eam
3555 4844 3697 4901 fecit

2037 4941 2267 4996 deferri.
2300 4941 2434 5006 Quae
2464 4939 2543 4994 ibi
2569 4939 2839 5009 dimissa,
2857 4941 3172 5011 postquam
3196 4932 3449 4990 multum
3468 4937 3700 5005 tempo-

2036 5029 2116 5085 ris
2150 5029 2210 5086 in
2242 5029 2524 5102 languore
2555 5027 2757 5084 tabida
2779 5027 3066 5098 jacuerat,
3103 5024 3176 5080 ab
3229 5021 3459 5080 ancillis
3500 5020 3606 5078 Dei
3641 5023 3728 5080 ei.

2034 5134 2276 5174 suasum
2309 5122 2418 5184 est,
2451 5122 2515 5171 ut
2545 5133 2779 5172 sacrum
2809 5114 3078 5171 velamen
3119 5113 3231 5169 sibi
3283 5112 3595 5184 imponens
3628 5127 3695 5168 se

2032 5207 2146 5262 Deo
2160 5205 2514 5262 servituram
2544 5205 2927 5278 promitteret.
2948 5205 3191 5260 Factum
3209 5205 3318 5268 est,
3335 5198 3494 5255 etdie
3513 5199 3693 5256 tertio

2028 5312 2175 5352 sana
2202 5300 2260 5351 et
2285 5293 2598 5352 incolumis
2627 5293 2854 5350 reddita
2883 5296 2993 5362 est,
3015 5296 3083 5348 ut
3099 5287 3335 5364 pristini
3359 5285 3583 5344 doloris
3615 5303 3692 5344 ne

2026 5383 2340 5458 vestigium
2371 5382 2610 5454 quidem
2661 5382 2899 5455 aliquod
2931 5381 2992 5436 in
3025 5396 3088 5436 se
3118 5376 3488 5453 persentiret,
3523 5381 3582 5430 et
3615 5377 3692 5433 de

2027 5472 2251 5546 reliquo
2273 5473 2332 5528 in
2363 5471 2568 5528 eodem
2595 5471 2950 5529 monasterio
2983 5469 3095 5527 sub
3129 5467 3337 5526 habitu
3382 5462 3691 5538 religionis

2103 5561 2374 5618 rmansit.

2067 5577 2374 5619 ermansit.

2026 5578 2064 5636 Ρ
2095 5652 2184 5710 38.
2206 5651 2356 5710 Item
2373 5650 2591 5710 femina
2611 5649 2904 5727 quaedam,
2924 5646 3233 5709 duodecim
3242 5647 3368 5723 jam
3385 5659 3686 5704 annorum
