4098 6170
356 427 473 488 237

1336 430 1436 490 DE
1479 425 2084 493 TRANSLATIONE
2125 430 2193 494 S.
2241 430 2773 496 GLODESINDIS.

3638 436 3756 497 238

352 561 530 633 pedes
553 558 864 631 languidos
887 558 1143 625 trahens,
1170 561 1403 617 nomine
1426 560 1591 628 Alda,
1618 563 1687 617 ad
1721 566 2006 617 monaste-
2026 560 2086 631 Α
2115 563 2353 631 riorum,
2380 566 2594 637 quibus
2615 569 2740 638 jam
2774 568 3019 623 Domino
3043 570 3354 625 miserante
3376 574 3640 642 tempora
3661 570 3757 626 flo-

348 650 501 704 rium
535 648 789 704 adducta
820 664 923 719 per
942 665 1040 702 sex
1068 664 1253 703 annos
1278 650 1494 705 ibidem
1519 650 1727 706 debilis
1763 650 2001 705 mansit.

345 737 612 808 Cumque
643 735 863 790 crebris
894 752 1087 789 coram
1112 735 1293 791 altare
1316 736 1846 809 supplicationibus
1866 735 2007 790 divi.

2117 658 2263 720 rent,
2299 653 2405 708 hoc
2444 659 2710 726 expetere
2738 656 3006 729 voluptas
3054 658 3376 714 videbatur.
3409 660 3755 731 Quanquam

2115 758 2185 795 ne
2218 742 2289 796 ad
2324 742 2471 797 hanc
2500 743 2735 815 quidem
2770 750 2993 816 partem
3035 746 3176 801 mihi
3211 746 3468 818 aliquam
3500 748 3756 805 scientiae

345 844 486 882 num
519 825 632 880 sibi
668 826 871 879 adesse
916 825 1130 896 saepius
1181 830 1519 897 precaretur
1569 826 1887 899 auxilium,
1910 827 2002 882 die
2112 832 2552 903 praerogaverim
2602 833 2955 901 facultatem,
2992 836 3113 907 qui,
3149 839 3213 889 ut
3242 852 3372 890 vere
3412 835 3613 903 fateor,
3649 836 3756 893 fre-

343 914 600 987 quadam
634 912 932 983 inopinato
956 913 1035 965 ita
1064 914 1315 984 perfecte
1347 918 1550 969 sanata
1584 918 1692 980 est,
1718 918 1783 968 ut
1815 913 1997 969 libero

342 1019 551 1076 gressu
587 1001 811 1072 ubique
844 1002 1108 1072 gaudens
1143 1002 1449 1058 incederet.

412 1093 501 1147 39.
526 1090 932 1147 Dzemoniacus
958 1091 1196 1162 quidam
1218 1108 1284 1147 ex
1303 1091 1442 1147 villa
1461 1092 1683 1158 Marlei,
1704 1091 1993 1148 Wolferus

341 1181 557 1243 dictus,
583 1179 663 1233 ita
693 1178 1063 1234 atrocissime
1095 1184 1151 1234 et
1175 1196 1389 1235 vesano
1410 1179 1622 1252 spiritu
1655 1180 1841 1235 fuerat
1872 1198 1994 1253 per-

339 1286 539 1336 vasus,
566 1271 632 1323 ut
661 1268 925 1323 omnium
951 1284 1012 1323 se
1046 1268 1313 1323 notitiam
1348 1268 1561 1324 habere
1585 1268 1918 1341 linguarum
1941 1274 1998 1326 et

341 1357 493 1413 situs
524 1361 872 1413 cunctarum
910 1357 1160 1428 jactaret
1209 1374 1379 1413 nosse
1427 1362 1733 1415 terrarum.
1771 1359 1874 1414 Hic
1921 1361 1991 1415 ad

338 1463 574 1501 sacrum
618 1445 936 1517 perductus
984 1446 1430 1513 monasterium,
1466 1463 1531 1502 ac
1579 1464 1681 1519 per
1710 1448 1833 1503 dies
1866 1454 1993 1505 octo

336 1534 419 1590 ibi
453 1535 748 1601 detentus,
776 1534 965 1607 gratia
984 1533 1199 1589 Christi
1225 1552 1290 1589 ac
1317 1535 1543 1591 meritis
1564 1536 1806 1609 virginis
1828 1536 1993 1593 hoste

334 1625 557 1696 fugato,
582 1624 798 1677 mentis
818 1622 1070 1678 libertati
1094 1623 1315 1695 integre
1343 1623 1651 1680 restitutus
1683 1625 1987 1682 abscessit.

334 1714 479 1769 Item
529 1712 866 1769 adolescens
899 1712 1138 1784 quidam
1186 1730 1255 1768 ex
1304 1712 1444 1767 villa
1496 1713 1795 1780 Lanriaco,
1821 1720 1877 1769 et
1909 1716 1986 1770 fe-

332 1804 507 1858 minae
540 1807 791 1875 quatuor
830 1801 997 1857 {cedis
1049 1802 1353 1873 spiritibus
1401 1803 1675 1869 obsessae,
1711 1802 1788 1857 ibi
1821 1804 1985 1859 simi-

2111 920 2388 989 quentius
2412 924 2601 974 tamen
2625 920 2683 975 in
2702 922 2873 977 dictis
2891 940 3066 994 quam
3085 923 3318 996 scriptis
3342 923 3526 978 nimio
3546 924 3754 979 rubore

2110 1008 2419 1062 suﬂ'undor
2442 1025 2454 1063 :
2479 1012 2535 1063 et
2557 1010 2666 1063 nisi
2692 1009 3047 1082 aliquorum,
3066 1011 3167 1083 qui
3190 1013 3335 1066 forte
3360 1012 3418 1066 in
3442 1029 3534 1067 me
3556 1028 3754 1067 amore

2107 1095 2387 1151 labuntur
2410 1097 2751 1169 improvido,
2778 1099 3001 1154 stimuli
3022 1099 3353 1165 incitarent,
3367 1100 3601 1172 penitus
3622 1117 3754 1155 cen-

2107 1185 2365 1253 ticerem,
2390 1187 2463 1241 ob
2491 1186 2597 1241 hoc
2618 1186 2703 1242 vel
2739 1188 3157 1259 maxime,quia
3185 1188 3291 1243 etsi
3325 1188 3588 1255 scientia,
3613 1205 3754 1261 qua-

2106 1273 2237 1328 liter
2268 1279 2605 1346 przesrntes,
2637 1280 2695 1331 et
2724 1277 2825 1348 qui
2868 1293 2936 1331 ex
2965 1276 3094 1356 ipsa
3128 1276 3280 1332 inter
3308 1294 3415 1332 nos
3445 1280 3750 1333 consuetu-

2104 1362 2239 1417 dine
2289 1364 2573 1435 quidquid
2624 1381 2721 1420 ore
2777 1365 3055 1421 exciderit
3108 1365 3375 1437 probant,
3426 1365 3745 1439 accipiant;

2104 1455 2407 1507 secuturos
2438 1457 2589 1509 certe
2613 1457 2713 1509 aut
2742 1455 2981 1509 omnino
3013 1454 3293 1527 ingratos,
3320 1461 3419 1510 aut
3451 1471 3565 1511 non
3600 1453 3747 1509 mul-

2103 1544 2229 1594 tum
2262 1540 2381 1596 haec
2413 1547 2720 1598 curaturos
2768 1543 2912 1599 satis
2954 1544 3261 1615 perspicio.
3296 1544 3519 1610 Quibus
3552 1548 3745 1600 tamen

2102 1629 2256 1698 quod
2290 1630 2573 1685 acerrimo
2603 1632 2774 1687 dente
2796 1632 2853 1686 in
2879 1631 3119 1687 armulos
3150 1632 3537 1704 Hieronymus
3566 1649 3747 1704 proce-

2100 1716 2217 1771 mio
2251 1718 2662 1775 Hebraicarum
2696 1721 3084 1792 quiestionum
3131 1720 3272 1788 ﬁxit,
3306 1720 3741 1792 objiciendum:

2102 1829 2127 1853 «
2149 1806 2457 1877 Peregrina
2480 1824 2700 1863 merces
2718 1814 2947 1863 tantum
2965 1809 3294 1865 volentibus
3313 1810 3440 1864 navi
3464 1810 3739 1866 defertur.

330 1892 465 1947 liter
525 1908 633 1965 ope
705 1890 1115 1947 sacratissima:
1182 1891 1425 1963 virginis
1492 1892 1681 1946 curari
1757 1909 1983 1947 merue-
2013 1925 2065 1992 B
2098 1893 2455 1961 Balsamum,
2495 1896 2676 1968 piper,
2711 1902 2767 1951 et
2808 1914 2981 1968 poma
3028 1896 3359 1969 palmarum
3393 1897 3593 1952 rustici
3627 1914 3741 1952 non

331 1986 492 2037 runt.

403 2072 493 2125 40.
528 2071 630 2126 His
659 2070 759 2125 illa
791 2087 904 2125 non
938 2071 1256 2141 incongrue
1295 2070 1604 2124 inserenda
1644 2074 1976 2138 censentur,

327 2161 389 2214 in
423 2160 641 2231 quibus
673 2159 828 2223 ﬁdei,
852 2159 943 2213 cui
978 2158 1175 2212 omnia
1206 2158 1469 2214 Salvator
1498 2159 1763 2230 perhibet
1794 2158 1979 2230 possi-

330 2249 494 2317 bilia,
528 2249 735 2321 ingens
765 2248 1096 2304 ostenditur
1124 2249 1563 2315 documentum,
1588 2252 1653 2303 ut
1690 2248 1843 2320 quod
1878 2265 1978 2301 na-

330 2343 465 2393 tura
494 2354 707 2410 negare
737 2336 1118 2403 convincitur,
1153 2338 1355 2391 sai‘l‘bta
1395 2341 1450 2392 et
1491 2336 1772 2392 innocens
1802 2337 1977 2408 virgi-

326 2426 484 2481 nitas
517 2425 723 2480 merito
750 2424 875 2481 suis
906 2425 1133 2479 efﬁcere
1168 2440 1339 2496 posse
1372 2424 1668 2495 probetur.

393 2516 483 2570 41.
514 2514 597 2569 Ex
624 2512 717 2569 his
737 2530 865 2586 qua:
888 2512 1091 2569 habitu
1126 2513 1279 2568 inter
1310 2512 1491 2569 laicas
1522 2513 1795 2585 religioso
1822 2512 1980 2567 obla-

317 2602 511 2657 tiones
545 2600 751 2657 altario
792 2601 1016 2657 deferre
1062 2606 1511 2669 consueverunt,
1548 2603 1815 2674 quaedam
1849 2602 1976 2669 fuit,

321 2691 566 2746 nomine
600 2690 960 2763 Raginaldis,
1005 2706 1134 2762 quae
1167 2691 1239 2746 ad
1271 2690 1575 2746 basilicam
1608 2690 1852 2763 virginis
1885 2707 1978 2745 ve-

326 2780 519 2847 niens,
557 2778 883 2846 vasculum,
920 2796 1035 2851 quo
1065 2779 1265 2835 vinum
1296 2782 1367 2834 ad
1402 2797 1568 2835 sacra
1597 2780 1747 2847 (334)
1780 2796 1979 2835 secum

331 2869 673 2940 hujusmodi
705 2867 1067 2923 circumferri
1099 2867 1268 2933 solet,
1292 2868 1532 2940 plenum
1564 2867 1851 2924 detulerat
1876 2884 1887 2922 :
1911 2885 1981 2923 ex

329 2972 451 3029 quo
480 2957 622 3011 dum
669 2956 799 3028 ipsa
840 2956 1171 3023 obtulisset,
1223 2960 1280 3012 et
1328 2956 1572 3023 caeteris,
1608 2973 1732 3027 quae
1783 2956 1980 3029 plures

334 3045 615 3101 oblatum
646 3049 1054 3113 convenerant,
1086 3046 1229 3100 dum
1268 3046 1421 3117 quod
1470 3045 1759 3117 superfuit
1789 3050 1977 3100 totum

334 3132 652 3200 divisisset,
685 3136 921 3203 repente
948 3132 1248 3188 vasculum
1291 3133 1484 3203 ipsum
1518 3133 1672 3205 quod
1696 3134 1822 3204 jam
1854 3150 1979 3188 om-

336 3223 478 3277 nino
508 3221 855 3277 exhaustum
890 3222 1152 3293 putabat,
1186 3226 1502 3288 attentans,
1525 3222 1657 3277 vino
1689 3227 1754 3277 ut
1795 3222 1978 3295 prius,

335 3311 623 3384 repletum
662 3311 916 3366 maxime
948 3328 1082 3367 cum
1115 3315 1352 3383 stupore
1384 3312 1623 3368 invenit.

409 3403 498 3458 42.
522 3400 732 3456 Custos
753 3400 1021 3472 quaedam
1044 3400 1307 3471 ejusdem
1332 3418 1508 3456 sacra:
1534 3402 1696 3469 mdis,
1722 3404 1861 3457 dum
1890 3403 1982 3457 die

337 3491 591 3564 quadam
616 3488 814 3545 missis
836 3488 1198 3545 celebrandis
1217 3490 1419 3545 vinum
1437 3491 1746 3563 qumsitum
1770 3508 1985 3564 nequa-

336 3596 516 3653 quam
551 3579 611 3639 in
642 3581 915 3651 promptu
947 3582 1145 3649 posset
1189 3579 1456 3645 inveniri,
1491 3580 1561 3634 ad
1595 3597 1789 3635 arcam
1824 3580 1981 3636 illam

336 3686 455 3741 qua
482 3667 681 3724 nescio
702 3669 774 3723 de
799 3684 976 3723 causa
1005 3666 1269 3733 accessit,
1295 3667 1393 3722 ubi
1420 3669 1545 3739 jam
1580 3672 1733 3723 retro
1765 3685 1798 3723 a
1820 3686 1981 3723 men-

334 3759 502 3814 sibus
534 3758 649 3813 ferc
671 3756 862 3813 tribus
880 3755 1203 3823 vasculum,
1230 3756 1381 3827 quod
1415 3756 1474 3810 in
1508 3757 1748 3811 modum
1785 3758 1985 3812 ﬁasco—

333 3846 430 3903 nis
450 3845 676 3920 parvuli
692 3845 1062 3914 (butticulam
1085 3843 1403 3917 appellant)
1414 3862 1661 3901 vacuum
1684 3849 1741 3902 et
1760 3846 1981 3902 siccum

334 3935 723 4010 dependebat.
754 3936 901 3989 Area
930 3939 1131 4006 aperta
1179 3934 1480 3989 vasculum
1521 3934 1718 4007 ipsum
1744 3935 1877 3989 vino
1908 3937 1981 3991 ad

335 4040 642 4081 summum
664 4039 849 4094 usque
866 4021 1173 4094 impletum
1188 4021 1442 4077 viditzex
1464 4039 1580 4095 quo
1602 4026 1660 4077 et
1680 4022 1982 4078 sacriﬁciis

336 4120 479 4170 tunc
512 4113 850 4170 ministrum
882 4116 1000 4179 est;
1034 4115 1090 4167 et
1113 4112 1378 4183 quaedam
1411 4111 1598 4183 ipsius
1622 4112 1733 4168 loci
1766 4112 1984 4168 femina

335 4205 564 4259 dudum
582 4201 835 4274 graviter
851 4200 1299 4273 languida,dum
1317 4216 1386 4255 ex
1405 4202 1607 4255 eodem
1620 4201 1752 4256 vine
1776 4217 1982 4272 parum

336 4293 480 4366 quid
512 4290 625 4347 sibi
674 4290 1108 4346 absorbendum
1165 4289 1546 4360 peposcisset,
1576 4306 1709 4344 mox
1751 4292 1983 4362 gustato

336 4382 591 4439 salutem
622 4382 907 4453 integram
940 4379 1318 4450 recuperavit.

412 4472 501 4526 43.
537 4468 800 4525 Paschali
851 4467 1104 4540 quadam
1154 4466 1521 4522 solemnitate
1572 4465 1763 4539 puella
1813 4483 1982 4532 caeca,

337 4559 651 4631 cujusdam
682 4556 927 4614 Joannis
957 4556 1099 4612 civis
1131 4554 1408 4611 Metensis
1438 4555 1577 4623 ﬁlia,
1611 4557 1683 4611 ad
1716 4559 1983 4611 sanctum

2090 1987 2361 2038 emant.»
2399 1983 2483 2038 Ita
2513 1989 2569 2038 et
2609 1983 2691 2038 illi
2742 1984 2791 2039 si
2840 1984 3231 2057 pespexerint,
3267 2002 3337 2040 ne
3390 1986 3628 2057 quidem
3660 1984 3740 2039 le-

2090 2077 2249 2141 gant,
2285 2090 2492 2128 moneo
2531 2078 2588 2127 et
2636 2090 2758 2138 ore,
2791 2074 2932 2129 dum
2984 2075 3221 2129 tandem
3252 2074 3366 2130 voti
3421 2075 3533 2129 mei
3585 2075 3740 2147 apud

2089 2161 2273 2215 Deum
2315 2167 2373 2216 et
2421 2166 2682 2217 sanctam
2716 2164 2845 2234 ejus
2873 2162 3180 2234 virginem,
3216 2163 3387 2234 cujus
3438 2180 3530 2218 me
3579 2180 3744 2218 amor

2086 2250 2266 2313 traxit
2290 2250 2661 2318 immodicus,
2686 2268 2849 2322 spem
2874 2252 3122 2308 ﬁdeliter
3141 2255 3563 2324 praesumptam
3594 2252 3739 2307 mihi

2090 2355 2204 2393 non
2239 2338 2470 2410 penitus
2500 2338 2820 2408 invideant,
2848 2339 2935 2395 vel
2968 2338 3381 2396 intercludant.

2168 2429 2250 2482 65.
2275 2427 2405 2483 Jam
2430 2428 2569 2501 quia
2600 2429 2670 2483 ad
2695 2432 2957 2484 nostram
2988 2432 3214 2484 aetatem
3238 2446 3329 2485 res
3352 2429 3630 2502 perducta
3651 2434 3741 2485 est

2090 2515 2463 2571 liberioribus
2504 2516 2709 2589 spatiis
2740 2517 3135 2583 decurrentes,
3169 2517 3436 2586 breviter,
3469 2534 3598 2589 quae
3626 2518 3737 2573 Do-

2090 2604 2287 2660 minus
2342 2605 2512 2661 nobis
2568 2606 2760 2661 videre
2819 2606 3136 2673 concessit,
3172 2607 3541 2661 adnotamus.
3605 2607 3741 2662 Post

2091 2693 2433 2764 Rotpertum
2468 2692 2567 2765 qui
2600 2695 2669 2748 40
2700 2694 2931 2764 praefuit
2958 2694 3442 2767 annis.Wigirico
3471 2696 3539 2751 10
3566 2696 3739 2751 annis

2090 2781 2389 2853 pontiﬁcio
2444 2787 2644 2837 exacto
2685 2782 2801 2837 vita
2847 2783 3179 2849 decedente,
3215 2783 3357 2837 dum
3390 2784 3585 2837 Benno
3614 2783 3737 2855 qui-

2089 2871 2247 2937 dam,
2284 2869 2339 2923 in
2375 2870 2671 2925 eremitica
2717 2869 3154 2926 conversatione
3193 2871 3415 2925 dudum
3450 2871 3734 2939 famosus,

2091 2961 2242 3015 bona
2270 2960 2591 3015 intentione
2624 2958 2873 3013 Heinrici
2906 2963 3046 3014 tunc
3078 2959 3249 3032 regis,
3284 2960 3468 3032 patris
3497 2959 3735 3032 gloriosi

2090 3052 2291 3120 postea
2317 3047 2560 3103 Cwsaris
2603 3047 2800 3102 domni
2847 3047 3093 3113 Ottonis,
3127 3048 3315 3103 eidem
3347 3052 3502 3103 esset
3530 3048 3735 3103 subro-

2089 3142 2280 3210 gatus,
2308 3138 2517 3209 vixque
2548 3136 2850 3192 biennium
2888 3138 2948 3191 in
2990 3154 3154 3193 sacro
3186 3138 3388 3193 ordine
3417 3136 3736 3210 exegisset;

2094 3228 2332 3281 infanda
2361 3230 2417 3282 et
2450 3226 2626 3281 nimis
2658 3226 3017 3298 lacrymabili
3055 3226 3418 3281 servulorum
3457 3243 3737 3298 quorum-

2018 3288 2061 3354 θ’
2091 3318 2228 3370 dam
2279 3316 2526 3370 factione
2569 3288 2907 3382 exceca'tus,
2941 3320 2998 3370 et
3044 3314 3270 3370 inutilis
3313 3288 3596 3381 redditus,
3622 3331 3739 3387 quo

2091 3402 2254 3476 fungi
2289 3418 2401 3455 non
2426 3405 2649 3473 poterat
2678 3401 2867 3456 ofﬁcio
2890 3418 3016 3457 sese
3048 3401 3171 3475 ipse
3194 3403 3484 3458 abdicavit
3507 3419 3520 3457 :
3545 3402 3682 3458 inde
3704 3421 3738 3459 a

2091 3491 2352 3564 principe
2371 3490 2649 3545 electione
2676 3490 2856 3562 petita
2877 3496 2935 3545 et
2960 3490 3292 3562 impetrata,
3314 3491 3505 3546 virum
3537 3493 3736 3565 magni

2092 3586 2223 3652 post
2244 3580 2506 3634 futurum
2524 3578 2816 3650 praeconii,
2831 3579 3138 3633 dominum
3155 3578 3598 3649 Adelberonem,
3615 3580 3735 3636 haec

2091 3673 2295 3726 sanct‘a
2314 3670 2480 3725 sedes
2502 3670 2718 3739 adepta
2738 3673 2845 3724 est.
2866 3668 2969 3723 Hic
2998 3668 3352 3724 monasteria
3372 3686 3737 3741 quaecunque

2092 3776 2194 3830 per
2223 3757 2672 3830 amplitudinem
2714 3774 2832 3812 sua:
2880 3761 3045 3811 erant
3094 3756 3487 3827 providentia),
3522 3762 3674 3813 retro
3705 3775 3739 3813 a

2091 3845 2295 3902 multis
2316 3846 2441 3917 jam
2466 3844 2635 3899 annis
2666 3843 2910 3899 interius
2932 3847 2990 3898 et
3008 3844 3263 3899 exterius
3294 3843 3657 3915 spiritalibus
3682 3850 3738 3899 et

2091 3934 2490 4007 corporalibus
2521 3932 2731 4005 opibus
2779 3932 3027 3987 nimium
3074 3931 3241 4004 lapsa
3289 3932 3484 3987 studio
3531 3938 3738 4005 prater

2091 4030 2297 4080 cietera
2326 4023 2553 4096 egregie
2576 4021 2840 4078 animum
2873 4037 3213 4092 recuperare
3245 4021 3493 4077 induxit.
3528 4022 3597 4077 Et
3626 4022 3738 4095 pri-

2092 4130 2255 4168 mum
2287 4111 2524 4184 quidem
2557 4111 2684 4181 ejus
2706 4126 2946 4182 operum
2971 4108 3369 4181 spiritualium
3392 4110 3598 4167 Gorzia
3619 4128 3739 4167 mo-

2093 4202 2413 4258 nasterium
2438 4199 2564 4266 fuit,
2587 4199 2685 4254 ubi
2709 4214 3057 4270 magnarum
3074 4197 3357 4253 virtutum
3376 4198 3497 4255 viro
3519 4200 3735 4256 domno

2092 4289 2374 4364 Eginoldo
2397 4289 2544 4358 (335)
2578 4291 2863 4361 promoto,
2897 4292 2955 4342 et
2983 4286 3140 4342 brevi
3173 4287 3409 4359 copiosa
3438 4288 3737 4361 religioso-

2095 4397 2224 4436 rum
2258 4379 2431 4435 turba
2450 4394 2516 4434 eo
2539 4377 2885 4445 confluente,
2910 4379 2967 4431 et
2992 4375 3050 4430 in
3079 4376 3499 4432 beatitudinem
3527 4393 3740 4450 paupe-

2094 4487 2225 4526 rum
2260 4467 2468 4541 spiritu
2492 4467 2601 4522 sub
2626 4465 2826 4538 regula
2846 4465 2999 4521 beati
3022 4464 3314 4520 Benedicti
3341 4464 3732 4536 conspirante,

2094 4560 2166 4615 ad
2197 4559 2325 4631 ejus
2355 4555 2652 4627 exemplar
2671 4554 2896 4626 reliqua
2916 4557 3075 4609 extra
3095 4552 3182 4609 vel
3206 4554 3358 4609 infra
3392 4554 3649 4609 virorum
3671 4570 3739 4610 ac

337 4644 677 4719 sepulcrum
700 4644 1000 4715 perducta,
1017 4643 1158 4697 dum
1183 4658 1285 4715 per
1306 4646 1423 4698 tres
1446 4643 1569 4697 dies
1592 4642 1811 4698 ibidem
1835 4659 1999 4702 man-
2018 4654 2066 4720 D
2097 4646 2470 4711 feminarum,
2506 4643 2554 4699 si
2588 4661 2703 4716 qua
2723 4643 2898 4699 etiam
2920 4643 3029 4698 sub
3062 4641 3297 4697 nomine
3323 4641 3738 4698 canonicorum

337 4734 535 4802 sisset,
560 4733 689 4805 ipsa
708 4737 917 4805 quarta
946 4749 1123 4788 sacrae
1150 4730 1533 4787 hebdomadis
1554 4732 1697 4787 feria
1728 4748 1831 4805 per
1863 4749 1988 4804 gra-

338 4824 484 4878 tiam
517 4820 810 4877 cmlestcm
839 4820 1029 4876 visum
1062 4820 1311 4893 pleniter
1340 4824 1428 4875 est
1457 4825 1789 4877 consecuta.

413 4913 502 4966 44.
535 4911 685 4977 Hac,
722 4914 785 4964 ut
812 4909 1126 4977 valuimus,
1152 4926 1220 4963 ex
1249 4908 1561 4980 prioribus,
1598 4926 1744 4981 quas
1776 4909 1989 4965 inveni-

338 5016 498 5065 mus,
524 4997 955 5053 transfudimus
984 4995 1214 5063 litteris,
1240 5012 1355 5051 non
1379 4997 1532 5068 quod
1556 4997 1820 5052 eamdem
1853 4997 1986 5052 scri-

340 5092 581 5160 pturam
636 5085 857 5141 nullam
910 5085 1355 5150 aestimaremus,
1392 5102 1517 5157 qua:
1570 5086 1771 5157 utique
1820 5087 1992 5158 plena

340 5177 475 5232 ﬁdei
509 5180 566 5231 et
596 5177 668 5231 ad
693 5192 886 5230 rerum
919 5179 1215 5247 gestarum
1247 5174 1508 5229 ordinem
1531 5174 1681 5230 vires
1705 5175 1991 5231 maximas

343 5264 787 5333 subministrat;
823 5262 924 5319 sed
956 5262 1115 5334 quia,
1146 5262 1229 5317 uti
1270 5262 1543 5334 praefatus
1583 5278 1736 5327 sum,
1769 5260 1991 5319 littera-

412 5373 565 5438 (334)
596 5370 782 5425 Locus
806 5372 1003 5441 netatu
1037 5368 1270 5441 dignus,
1305 5385 1381 5441 ex
1401 5384 1517 5438 quo
1547 5367 1992 5441 discimus,ivini

341 5442 700 5498 oblationem
729 5459 761 5496 a
790 5440 953 5495 laicis
976 5438 1186 5495 factam
1218 5439 1277 5493 in
1306 5439 1488 5493 missa
1510 5438 1681 5493 etiam
1704 5440 1915 5496 saeculo
1936 5458 1989 5494 x.

414 5515 567 5585 (335)
590 5513 739 5585 illch
773 5511 971 5585 fusius
1008 5511 1300 5585 descripta
1327 5514 1466 5565 sunt
1514 5509 1570 5564 in
1620 5510 1780 5566 Actis
1813 5513 1870 5567 S.
1903 5513 1997 5568 Je-

339 5583 518 5643 annis
547 5584 780 5639 abbatis
810 5583 1159 5639 Gorziensis.

413 5657 568 5727 (336)
590 5656 737 5729 Ergo
759 5655 887 5727 jam
920 5658 1267 5729 eotempore
1294 5672 1328 5708 a
1358 5651 1782 5729 monastica_ad
1816 5655 1995 5729 laxio-

340 5725 471 5791 rem
502 5725 917 5788 canonicarum
948 5726 1129 5784 vitam
1160 5725 1489 5784 defecerant
1522 5725 1996 5789 sanctimoniales

2095 4740 2282 4802 erant,
2315 4732 2646 4805 composuit
2694 4730 3066 4787 monasteria.
3118 4729 3280 4785 Unde
3323 4734 3381 4785 et
3425 4729 3534 4785 hoc
3582 4730 3739 4788 idem

2098 4826 2276 4881 beatae
2307 4823 2549 4895 virginis
2579 4820 2888 4893 collegium
2920 4819 3191 4891 praefecta
3220 4819 3298 4874 ibi
3330 4818 3547 4875 domna
3578 4819 3739 4874 Him-
3828 4854 3833 4857 -

2099 4912 2395 4976 miltrude,
2418 4910 2722 4982 sanguine,
2748 4912 2805 4963 et
2835 4906 3009 4978 (quod
3036 4908 3227 4978 majus
3252 4909 3363 4975 est)
3386 4906 3594 4978 spiritu
3625 4906 3738 4964 sibi

2099 5001 2449 5075 propinqua,
2469 4998 2540 5053 ad
2570 4996 2954 5051 monasticam
2986 4994 3414 5049 institutionem
3430 4995 3582 5064 (336)
3610 5012 3738 5052 coe-

2100 5091 2203 5163 git.
2228 5090 2307 5145 De
2330 5088 2499 5159 cujus
2535 5085 2719 5140 sancti
2744 5082 3035 5155 pontiﬁcis
3074 5081 3265 5155 dignis
3307 5082 3424 5139 Deo
3463 5084 3739 5157 operibus

2102 5178 2400 5251 proprium
2419 5180 2507 5230 est
2523 5173 2725 5228 merito
2743 5172 2896 5245 quod
2914 5171 3277 5227 desideretur
3290 5174 3620 5245 opus(337),
3635 5190 3740 5229 nec

2102 5268 2279 5339 hujus
2311 5262 2538 5319 articuli
2574 5260 2855 5316 brevitate
2887 5264 3108 5315 tantam
3153 5259 3421 5316 concludi
3452 5261 3541 5317 fas
3568 5261 3743 5318 fuerit

2103 5376 2251 5445 istm,
2272 5371 2486 5445 quibus
2504 5368 2787 5445 Adalbero
2809 5367 3130 5445 Hasteriam
3152 5367 3348 5445 villam
3379 5368 3513 5445 pagi
3546 5368 3742 5445 Laodi-

2103 5384 2247 5439 ista},
2272 5384 2486 5445 qUIDUS
2504 5384 2787 5424 Adamero
2810 5384 3130 5423 nasteriam
3152 5384 3348 5423 vulam
3379 5384 3513 5495 pagi
3546 5384 3742 5424 Leom-

2103 5444 2293 5501 censis
2313 5440 2756 5513 assignavit,ub_i
2777 5440 3044 5513 quaedam
3066 5439 3363 5513 monachis
3382 5457 3453 5513 su
3468 5438 3744 5513 “regimi-

2104 5533 2176 5572 ne
2196 5516 2426 5571 decana:
2440 5510 3106 5583 aliquandiugvixere,gut
3136 5510 3349 5583 legitur
3378 5511 3437 5566 in
3457 5510 3741 5583 Chronico

2103 5581 2534 5642 Valciodorensi
2554 5581 2732 5664 temo
2761 5581 2863 5637 VII
2892 5581 3207 5708 Spicileglii,
3231 5597 3363 5713 pag;
3392 5582 3498 5637 529
3526 5585 3583 5638 et

2175 5658 2324 5713 (337)
2354 5656 2553 5711 Exstat
2583 5671 2641 5708 1n
2672 5658 2831 5709 tome
2862 5653 2885 5709 Ι
2912 5652 3117 5709 bibliot
3161 5669 3273 5710 ecca
3359 5653 3630 5712 abbeane
3660 5652 3735 5713 1h

3228 5670 3391 5712 aena

2175 5658 2324 5788 $337)
2354 5656 2553 5738 Exstat
2576 5653 2831 5735 in'tomo
2862 5653 2885 5709 Ι
2912 5652 3273 5735 bibliothecae
3314 5652 3630 5713 Labbeana:
3660 5652 3739 5737 li:

2200 5728 2294 5788 lus
2325 5727 2396 5788 de
2424 5731 2542 5787 Vita
2572 5728 2742 5786 istius
2769 5724 3168 5786 Adalberoms.

2104 5724 2396 5791 bellus'dc
2424 5726 2542 5787 vita
2572 5725 2742 5786 istius
2769 5724 3168 5786 Adalberonis.
