4096 6174
307 406 425 470 239

1188 405 1510 469 JOANNIS
1553 396 1986 489 ABBATIS‘S.
2021 397 2365 489 ABNULFI
2410 398 2820 462 METENSIS.

3590 400 3716 458 240

308 539 867 613 majestatem.Quod
890 540 961 597 ad
984 550 1241 611 praesens
1266 537 1511 595 attinere
1530 536 1778 602 videtur,
1800 530 1955 589 brevi
2066 531 2124 586 in
2158 530 2485 604 proximam
2507 531 2825 604 quamdam
2846 531 3088 587 domum
3110 530 3344 587 interim
3366 548 3717 598 conservan-

307 627 686 701 subjicimus.

378 718 467 775 46.
488 718 656 774 Anno
679 715 1057 790 pontiﬁcatus
1077 713 1169 770 sui
1198 715 1288 783 23,
1304 730 1438 771 cum
1472 713 1955 787 nongentesimus

306 805 839 882 quinquagesimus
886 804 1114 879 primus
1161 803 1479 861 Dominicaa
1530 801 1956 860 Incarnationis

308 897 594 967 ageretur,
620 898 867 950 matrem
901 893 1239 967 praedictam
1267 891 1378 949 loci
1411 892 1601 967 ipsius
1620 890 1956 984 reparanii,

307 982 449 1056 quia
476 985 737 1039 vetustas
767 986 824 1038 et
854 982 1106 1039 brevitas
1136 998 1374 1039 monere
1395 982 1719 1045 videbatur,
1743 980 1957 1052 cupido

308 1070 483 1144 coepit
510 1070 848 1127 immodica.
874 1071 934 1127 1d
968 1088 1072 1143 per
1092 1087 1174 1138 se,
1203 1071 1482 1143 quoniam
1505 1087 1619 1127 non
1645 1069 1758 1125 nisi
1792 1084 1958 1123 sacro

310 1176 551 1231 corpore
579 1159 818 1216 interim
849 1160 1121 1216 submoto
1164 1160 1287 1215 fieri
1320 1164 1565 1233 poterat,
1591 1176 1706 1214 non
1741 1174 1957 1231 praesu-

312 1247 652 1319 mens,quid
682 1248 877 1304 animo
900 1252 1264 1321 conceperat,
1289 1248 1563 1322 episcopo
1586 1248 1838 1304 intimat.
1858 1244 1959 1303 Ille

314 1336 383 1394 de
405 1335 628 1393 fabrica
648 1340 712 1393 ut
728 1336 892 1394 fleret
909 1341 1145 1410 gratum
1161 1337 1402 1394 omnino
1423 1336 1963 1408 habens,suamque

312 1423 561 1498 benigne
610 1424 908 1499 pollicitus
959 1441 1219 1500 operam,
1254 1425 1324 1482 de
1363 1425 1764 1483 sublevatione
1811 1423 1963 1479 sacri

313 1512 572 1587 corporis
603 1513 706 1570 diu
735 1514 1210 1585 cunctabundus,
1242 1514 1481 1572 tandem
1523 1512 1753 1570 Domini
1787 1528 1964 1585 super

313 1600 423 1660 hoc
440 1599 801 1660 voluntatem
825 1606 892 1660 ut
914 1603 1305 1677 exquirerent,
1331 1602 1674 1676 imperavit:
1704 1616 1962 1657 commu-

314 1689 505 1748 nicato
545 1689 756 1749 deinde
812 1691 1045 1767 negotio
1104 1691 1372 1766 patribus
1429 1695 1570 1750 tunc
1616 1689 1964 1748 venerandis

314 1777 579 1847 Einoldo,
615 1780 689 1837 de
715 1796 831 1854 quo
859 1780 1277 1854 praemisimus,
1302 1784 1360 1838 et
1385 1781 1601 1838 Ansteo
1624 1780 1768 1854 (338)
1803 1795 1965 1852 mque

314 1868 437 1924 viro
478 1866 749 1942 religioso
796 1886 827 1927 e
876 1869 1139 1942 proximo
1190 1869 1377 1927 sancti
1424 1867 1649 1926 Arnulii
1698 1867 1962 1942 collegio,

316 1956 578 2029 ipsisque
597 1957 828 2015 animos
844 1958 1033 2014 eidem
1050 1962 1252 2017 sancto
1271 1957 1532 2030 pontifici
1548 1956 1637 2015 vel
1656 1957 1965 2015 abbatissa:

318 2045 507 2117 magis
552 2046 927 2114 addentibus,
962 2046 1021 2103 in
1069 2047 1720 2105 communidecretum
1759 2051 1867 2114 est,
1902 2050 1967 2101 ut

318 2133 498 2190 ﬁeret.
524 2133 787 2191 Instabat
817 2140 955 2193 tunc
987 2135 1111 2192 dies
1140 2136 1515 2193 Ascensionis
1545 2135 1881 2202 Dominicze,
1907 2135 1965 2192 in

318 2238 493 2296 quem
515 2222 769 2297 populus
786 2223 1094 2282 universus
1113 2225 1432 2283 missarum
1449 2223 1753 2281 solemniis
1773 2224 1967 2281 condi-

319 2316 410 2368 cto
457 2312 667 2384 jussus
715 2313 940 2370 adesse.
994 2313 1210 2371 Prmsul
1269 2312 1792 2371 reverendissimus
1837 2316 1969 2386 post

318 2399 562 2458 verbum
592 2417 769 2457 sacris
792 2401 905 2457 diei
936 2401 1151 2475 populo
1173 2401 1488 2472 redditum,
1512 2402 1583 2458 de
1608 2400 1719 2459 hac
1750 2403 1879 2477 ipsa
1906 2417 1967 2457 re

320 2487 515 2562 palam
537 2489 826 2563 aperiens,
841 2490 1074 2548 Domini
1097 2489 1562 2548 misericordiam
1584 2496 1826 2549 cunctos
1850 2507 1966 2547 mo-

322 2577 453 2635 nuit
472 2595 733 2649 exorare,
759 2583 824 2636 ut
851 2594 1198 2653 prosperum
1221 2577 1528 2636 conatibus
1549 2577 1811 2636 ﬁdelium
1832 2595 1967 2636 suo-

322 2682 455 2725 rum
482 2666 684 2742 largiri
713 2668 1057 2743 dignaretur
1085 2667 1377 2726 effectum.
1398 2667 1561 2736 Quod
1592 2684 1730 2725 cum
1761 2668 1822 2725 in
1849 2685 1970 2727 cra-

322 2756 545 2814 stinum
583 2762 758 2815 sexta;
803 2757 960 2814 feriis
1008 2756 1197 2814 multa
1245 2773 1383 2814 cum
1429 2757 1735 2814 devotione
1782 2758 1970 2818 sacris

321 2846 545 2903 (edibus
561 2846 1000 2927 circunquaque
1017 2844 1281 2904 lustratis
1299 2845 1569 2903 alacriter
1582 2846 1969 2921 peregissent,

318 2933 381 2992 in
412 2935 679 3010 sequenti
710 2952 846 2994 mox
875 2934 1179 2993 Dominica
1209 2952 1415 2994 omnes
1447 2929 1528 2994 ad
1560 2952 1797 2994 sacrum
1828 2954 1967 2995 con-

321 3023 514 3093 ﬂuunt
550 3025 765 3082 locum.
800 3025 884 3087 Ibi
917 3024 989 3082 ab
1018 3025 1147 3098 ipso
1194 3031 1398 3083 sancto
1446 3026 1721 3100 pontifice
1767 3025 1969 3085 missis

322 3112 519 3184 dictis,
541 3114 799 3186 itemque
819 3113 1075 3186 plurima
1093 3112 1493 3172 exhortatione
1512 3113 1678 3189 plebe
1698 3116 1758 3172 in
1780 3115 1967 3173 Deum

322 3200 603 3271 animata,
631 3202 856 3259 cunctis
879 3201 1362 3274 acclamantibus,
1386 3208 1443 3260 et
1470 3203 1760 3261 ministris
1781 3222 1970 3262 sacro-

2030 619 2167 676 'dos
2196 624 2609 692 transponunt.
2643 619 2858 675 Eadem
2890 620 2982 676 die
3012 637 3048 675 a
3087 619 3433 693 parentibus
3464 619 3712 692 quidam

2063 707 2202 785 illuc
2224 707 2619 765 daemoniacus
2642 708 2951 775 adductus,
2976 725 3111 764 cum
3140 724 3316 780 penes
3358 708 3621 765 loculum
3652 707 3715 765 in

2064 798 2239 854 domo
2268 798 2471 855 eadem
2498 797 2714 871 populo
2737 797 3084 854 abscedente
3113 801 3265 854 esset
3296 796 3556 867 relictus,
3582 802 3721 871 post

2066 888 2365 944 modicum
2398 886 2790 954 intervallum,
2823 886 3069 944 Domino
3118 892 3173 942 et
3213 886 3437 943 meritis
3468 886 3721 961 virginis

2067 976 2552 1049 suifragantibus,
2577 993 2611 1031 a
2638 993 2854 1033 vesano
2886 974 3098 1049 spiritu
3130 981 3220 1032 cst
3247 975 3548 1032 liberatus.
3622 971 3630 977 ’
3708 970 3719 977 ’

2141 1067 2230 1120 47.
2255 1066 2374 1121 Sub
2407 1065 2535 1138 ipsa
2556 1066 2672 1121 fere
2694 1066 2837 1120 hora
2858 1063 3403 1121 sanctimonialihus
3424 1084 3459 1120 a
3482 1066 3629 1132 loco,
3655 1066 3720 1120 in

2069 1172 2185 1228 quo
2218 1172 2450 1211 sacrum
2483 1172 2695 1228 corpus
2722 1153 3066 1222 extulerant,
3091 1154 3163 1208 ad
3194 1169 3437 1227 corpora
3455 1155 3726 1212 curanda

2071 1243 2487 1313 residentibus,
2513 1244 2823 1317 puerulum
2857 1241 3108 1299 naturali
3139 1243 3539 1301 membrorum
3564 1261 3730 1301 com-

2071 1350 2217 1408 page
2247 1334 2594 1390 damnatum
2625 1331 2975 1406 penitusque
3005 1332 3078 1388 ab
3110 1331 3241 1404 ipsa
3267 1323 3565 1390 nativitate
3586 1350 3727 1390 con-

2071 1425 2325 1480 tractum
2348 1420 2604 1494 baiulus,
2621 1425 2687 1477 ut
2706 1420 2946 1478 brachio
2967 1420 3208 1490 ferebat,
3224 1419 3475 1479 ecclesiae
3496 1421 3725 1479 intulit.

2074 1512 2212 1569 Inde
2238 1528 2271 1568 a
2288 1511 2546 1584 quadam
2566 1527 2637 1567 ex
2656 1507 3205 1567 sanctimonialibus
3227 1507 3381 1566 intra
3399 1510 3730 1579 domuncu-

2073 1598 2212 1667 lam,
2247 1616 2366 1672 qua
2410 1616 2626 1673 corpus
2668 1598 3053 1656 sanctissima:
3084 1597 3328 1672 virginis
3356 1600 3728 1671 servabatur,

2074 1688 2185 1745 sub
2215 1687 2343 1762 ipso
2374 1687 2567 1745 loculo
2601 1686 2764 1747 solus
2799 1687 3055 1756 relictus,
3079 1703 3259 1761 parva
3284 1704 3448 1745 mora
3472 1688 3731 1748 interce-

2074 1777 2268 1845 dente,
2284 1776 2468 1835 nimio
2489 1781 2724 1852 repente
2740 1776 2991 1833 clamore
3013 1793 3159 1850 puer
3176 1776 3414 1845 emisso,
3427 1777 3497 1834 ad
3520 1794 3730 1836 vocem

2074 1866 2297 1923 caeteris
2318 1867 2783 1934 accurrentibus,
2811 1867 3092 1924 membris
3117 1866 3308 1924 officio
3337 1872 3555 1925 natura:
3577 1867 3733 1925 dire-

2076 1956 2186 2012 ctis
2217 1972 2399 2013 sanus
2430 1955 2625 2012 divino
2656 1955 2871 2013 auxilio
2903 1962 2991 2012 est
3020 1956 3311 2012 inventus.
3343 1957 3505 2013 Hunc
3535 1958 3727 2015 multo

2077 2044 2453 2118 postmodum
2467 2049 2725 2118 tempore
2735 2046 2938 2102 eadem
2956 2045 3359 2103 incolumitate
3368 2048 3731 2119 gaudentem
3826 2104 3845 2111 _

2076 2151 2353 2208 prospero
2386 2134 2604 2205 ubique
2633 2136 2819 2207 gradu
2849 2134 3262 2207 conspeximus
3294 2134 3538 2209 ingredi.
3564 2136 3735 2194 Alter

2076 2224 2279 2281 itidem
2322 2223 2606 2297 puerulus
2635 2222 2821 2282 oculis
2850 2229 3078 2298 captus,
3111 2225 3211 2281 sed
3244 2228 3303 2282 et
3328 2226 3732 2298 quorumdam

2078 2313 2478 2370 membrorum
2502 2313 2895 2386 inaequalitate
2915 2315 3234 2383 confectus,
3250 2312 3363 2370 alio
3382 2315 3601 2372 ferente
3626 2315 3732 2373 illo

2077 2402 2440 2473 deportatus,
2461 2405 2519 2457 et
2539 2406 2672 2458 ante
2691 2400 2952 2459 loculum
2982 2404 3298 2476 projectus,
3321 2402 3449 2460 visu
3479 2407 3537 2459 et
3557 2410 3739 2468 caete-

2078 2506 2276 2546 rorum
2324 2489 2727 2548 membrorum
2780 2491 3113 2564 integritate
3159 2491 3370 2547 virtute
3400 2491 3617 2550 Christi
3674 2498 3736 2548 et

2076 2578 2319 2635 obtentu
2351 2578 2763 2635 sacratissimis
2792 2578 3036 2652 virginis
3076 2585 3311 2653 repente
3340 2581 3567 2638 cunctis
3602 2585 3733 2638 stu-

2077 2666 2354 2739 pentibus
2399 2670 2455 2724 et
2500 2666 2721 2740 gratias
2767 2666 2884 2725 Deo
2932 2666 3348 2738 clamantibus,
3382 2674 3473 2725 est
3516 2685 3732 2727 mune-

2078 2759 2262 2815 ratus.

2150 2844 2323 2902 Plura
2352 2846 2563 2903 deinde
2589 2849 2649 2902 et
2695 2862 2883 2919 usque
2913 2844 2972 2915 in
3005 2861 3263 2919 presens
3310 2850 3545 2920 tempus
3574 2863 3729 2921 pene

2077 2934 2338 3008 quotidie
2360 2952 2496 2993 cum
2517 2936 2632 2992 ﬁde
2652 2935 2975 3009 petentium
2998 2934 3218 2993 ibidem
3238 2935 3541 2993 Dominico
3563 2937 3733 2994 Chri-

2076 3029 2167 3082 sto
2189 3031 2465 3099 operante
2484 3025 2833 3083 exhibentur
2851 3024 3080 3094 solatia,
3093 3031 3220 3082 tum
3247 3042 3580 3099 corporum,
3594 3031 3728 3083 tum

2076 3113 2258 3186 (quod
2289 3112 2845 3186 praestantissimum
2881 3115 2989 3186 est)
3026 3115 3359 3172 animarum
3394 3131 3407 3170 :
3445 3115 3545 3171 ubi
3577 3131 3728 3172 con-

2078 3201 2325 3259 scientia
2355 3203 2825 3276 uniuscujusque
2846 3203 3234 3277 supplicantis
3254 3204 3399 3260 satis
3417 3203 3727 3277 persentit,

324 3307 458 3348 rum
480 3290 670 3349 solitis
691 3291 1223 3366 supplicationibus
1242 3309 1446 3366 preces
1467 3291 1527 3348 in
1540 3291 1751 3350 malum
1772 3293 1973 3351 tollen-
2002 3277 2046 3345 C
2077 3296 2358 3363 quantam
2389 3290 2527 3348 inde
2551 3292 2873 3349 efﬁcaciam
2903 3308 3143 3365 precum
3167 3309 3409 3349 suarum
3432 3296 3727 3365 reportet;

324 3379 506 3450 tibus,
524 3381 598 3438 ad
631 3398 827 3439 arcam
850 3381 1094 3457 virginis
1120 3380 1496 3455 aperiendam
1524 3382 1779 3455 pontifex
1797 3399 1968 3439 vene-

326 3470 569 3540 randus,
595 3486 849 3546 cumque
879 3487 945 3528 eo
975 3473 1171 3544 patres
1191 3470 1681 3528 monasteriorum
1710 3470 1891 3528 simul
1915 3475 1972 3528 et

327 3558 516 3616 caeteri
538 3575 608 3615 ex
631 3558 785 3617 clero
807 3558 1067 3634 religiosi
1089 3559 1262 3634 digne
1279 3560 1396 3618 Deo
1417 3564 1746 3633 sanctasque
1756 3560 1969 3633 virgini

324 3647 611 3706 submissi
630 3653 956 3707 reverenter
966 3650 1280 3720 accedunt;
1302 3666 1550 3722 moxque
1567 3654 1969 3707 sacrosanctos

325 3742 489 3797 artus
518 3737 708 3797 loculo
740 3745 880 3798 tunc
913 3756 1018 3813 pro
1056 3744 1319 3815 tempore
1348 3744 1672 3815 praeparato
1702 3744 1968 3814 exceptos

390 3864 541 3936 (328)
570 3864 650 3924 De
692 3865 936 3922 Einoldo
965 3866 1262 3923 Gorziensi
1306 3871 1364 3923 et
1406 3868 1620 3923 Ansteo
1650 3866 1709 3924 S.
1741 3864 1965 3924 Arnulﬂ

319 3951 547 4013 abbatis
577 3953 911 4013 Gorziensis
941 3953 1153 4014 saculo
1184 3955 1449 4029 sequenti
1482 3955 1819 4013 referendis.

2080 3384 2137 3437 et
2156 3379 2271 3436 nisi
2293 3379 2619 3459 difﬁdentia
2648 3381 2773 3439 sola
2794 3381 3084 3450 retundat,
3107 3397 3238 3437 vere
3259 3381 3473 3438 Christi
3506 3385 3728 3451 certus,

2080 3469 2325 3537 fatebor,
2358 3468 2581 3527 nullius
2610 3469 2729 3527 illic
2772 3469 3046 3544 suspiria,
3081 3470 3300 3528 nullius
3329 3472 3606 3545 gemitus,
3638 3470 3730 3527 vel

2079 3558 2371 3632 lacrymas
2417 3558 2589 3632 pleno
2640 3559 2811 3616 corde
2866 3560 3157 3632 profusas,
3192 3576 3579 3633 quaecumque
3626 3559 3734 3617 illa

2078 3648 2253 3705 fuerit
2281 3648 2600 3707 necessitas
2620 3647 2707 3705 vel
2729 3649 3023 3722 angustia,
3048 3650 3183 3707 inde
3206 3649 3519 3722 aliquando
3540 3665 3730 3707 vacuo

2078 3737 2272 3794 fructu
2304 3754 2583 3796 reversae.

2079 3861 2390 3921 abbatibus
2421 3862 2655 3937 egregia
2684 3864 2902 3920 mentio
2951 3869 3040 3921 est
3090 3865 3146 3920 in
3197 3864 3354 3921 Actis
3384 3864 3442 3921 S.
3475 3862 3733 3921 Joannis

1128 4317 1732 4489 VITA
1857 4315 2902 4491 JOANNIS

1651 4579 1937 4639 ABBATIS
1974 4581 2389 4642 GORZIENSIS

1141 4724 1316 4788 AUC
1325 4724 1377 4788 Τ
1380 4724 1549 4788 ORE
1589 4722 1936 4790 JOANNE
1978 4723 2334 4789 ΑΒΒΑΤΕ
2378 4726 2449 4788 S.
2497 4723 2895 4789 ARNULFI.

892 4874 1067 4945 [Apud
1098 4874 1275 4947 Pertz,
1306 4876 1677 4935 Monumenta
1707 4875 2026 4934 Germania
2059 4875 2347 4948 historica,
2380 4878 2581 4948 Script.
2619 4883 2751 4934 tom.
2788 4875 2879 4944 IV,
2909 4890 2965 4946 p.
2998 4874 3144 4941 335.]

1380 5134 2137 5227 ADMONITIO
2222 5135 2754 5224 PIUEVIA.

355 5424 544 5516 “inter
574 5434 959 5516 monumenta
979 5430 1517 5516 historicastatum
1531 5438 1617 5511 rei
1640 5439 1907 5516 publicae,
1929 5439 2219 5516 Ecclesiae,
2243 5439 2593 5516 litterarum,
2614 5449 2846 5516 nigrum
2868 5449 2970 5516 per
2989 5429 3269 5516 speculum
3295 5445 3336 5516 ξ
3364 5426 3735 5516 illuﬁtragtjs

312 5497 433 5555 Vita
460 5498 707 5583 Joannis
727 5502 1060 5562 Gorziensis
1089 5504 1317 5563 abbatis
1389 5497 1710 5583 recipuuhi
1738 5497 1944 5570 locum
1963 5497 2218 5572 obtinet:
2237 5511 2467 5583 Scripta
2495 5497 2589 5566 est
2613 5497 2901 5562 d‘ifl‘usior'i
2931 5503 3171 5576 quidem
3202 5499 3369 5573 style,
3402 5497 3504 5555 sed
3535 5513 3572 5552 a
3600 5497 3731 5553 viro

312 5568 584 5629 doctrina
613 5571 1057 5634 litterarumque
1087 5575 1235 5634 (339)
1266 5522 1428 5634 cuﬁu
1458 5578 1677 5634 insicni
1709 5587 1767 5634 et
1795 5600 1991 5634 rerum
2022 5601 2171 5634 anns
2208 5582 2466 5634 narravit
2510 5576 2773 5634 apprime
2805 5592 3007 5634 gnaro.
3041 5575 3264 5633 Joanne
3297 5568 3505 5628 abbate
3527 5570 3589 5624 Β.
3616 5570 3731 5627 Ar-

312 5568 584 5629 doctrina
613 5571 1057 5648 litterarumque
1087 5575 1235 5647 (339)
1266 5593 1338 5633 cu

1393 5595 1428 5637 u
1458 5568 1677 5653 insigni
1709 5568 1992 5642 etrerum
2022 5568 2181 5657 quas
2208 5568 2466 5641 narravit
2510 5576 2773 5653 apprime
2804 5568 3007 5649 gnaro,
3041 5568 3277 5633 Joanne'
3297 5568 3505 5628 abbate
3527 5570 3589 5624 S.
3616 5570 3731 5627 Ar-

390 5695 764 5771 (339)Patrcs,
811 5714 917 5758 nec
951 5700 1153 5760 minus
1183 5699 1461 5763 classicos
1491 5704 1895 5770 Romanorum
1927 5714 2195 5768 auctores
2224 5707 2383 5782 legit.
