4098 6170
341 247 457 308 243

1212 239 1529 302 JOANNIS
1577 240 1899 302 ABBATIS
1943 237 2011 299 S.
2055 236 2398 304 ARNULFI
2447 243 2858 306 METENSIS.

3627 243 3743 305 244

340 384 407 438 ut
462 377 576 436 sibi
623 393 854 451 semper
908 374 1090 432 moris
1139 375 1514 448 parcissime),
1554 376 1611 432 id
1675 380 1764 432 est
1815 373 1982 448 panis
2005 371 2064 440 Α
2094 378 2215 430 tam
2247 376 2528 434 acerrime
2557 377 2712 435 circa
2743 377 2962 435 exitum
3009 376 3226 435 sineret
3272 377 3747 456 fatigari.Neque

339 472 574 526 tantum
635 471 694 524 et
756 483 953 539 aqua),
1023 464 1363 522 acutissima
1432 466 1590 522 febre
1657 463 1988 537 corripitur,

344 575 524 634 quam
574 560 707 630 post
742 555 1008 628 quintam
1041 553 1248 610 exinde
1277 553 1431 608 diem
1481 553 1670 610 exitus
1714 558 1804 609 est
1850 553 1994 610 sul)-

347 651 604 707 secutus.
637 647 786 702 Tum
837 661 972 700 vero
1019 643 1136 700 acsi
1187 661 1292 716 per
1333 659 1464 699 sera
1513 642 1768 716 suspiria
1817 643 1993 698 altius

347 735 517 794 nobis
546 740 810 807 tempora
839 737 1082 788 eatenus
1120 735 1241 788 tam
1283 733 1592 805 prmsentia
1620 749 1686 788 ex
1720 731 1993 788 manibus

345 827 631 899 praerepta
660 821 1054 895 ingenuimus,
1089 820 1187 894 qui
1221 821 1446 893 utique,
1471 837 1717 894 quaeque
1748 821 1995 877 dicenda

344 916 543 972 essent
568 912 638 967 de
671 911 818 984 ipso,
845 911 916 966 ab
935 909 1064 982 ipso
1091 909 1301 965 melius
1323 911 1462 964 dum
1495 910 1812 966 advixisset
1835 943 1896 950 —
1919 911 1992 966 ad

347 1017 524 1076 quem
555 999 800 1066 scilicet,
827 999 876 1054 si
908 1015 1024 1070 quo
1057 1015 1206 1070 Opus
1239 997 1464 1064 fuisset,
1499 998 1686 1054 facilis
1717 1004 1872 1054 esset
1904 1015 1991 1054 re-

347 1107 561 1148 cursus
581 1120 650 1130 -—
671 1077 1061 1154 disceremus;
1085 1086 1132 1142 si
1165 1090 1360 1142 tamen
1393 1087 1706 1159 quisquam
1740 1087 1834 1142 ille
1865 1087 1996 1142 inti-

347 1197 484 1236 mus
521 1177 574 1236 ei
619 1177 908 1246 existeret,
943 1175 1042 1248 qui
1073 1175 1271 1248 aliqua
1316 1193 1385 1232 ex
1431 1193 1497 1232 eo
1543 1180 1885 1249 extorquere
1931 1192 1994 1232 se

349 1286 523 1343 posse
552 1267 913 1324 conﬁderet:
947 1265 1090 1320 adeo
1137 1265 1408 1320 humanae
1458 1282 1690 1338 semper
1737 1266 1995 1338 fugitans

349 1357 566 1431 gloriae,
602 1353 883 1427 quicquid
932 1356 1148 1426 egerat,
1180 1353 1296 1408 Deo
1343 1352 1452 1408 soli
1485 1371 1726 1426 operum
1758 1371 1825 1410 ac
1869 1371 1991 1410 cor-

349 1447 442 1504 dis
474 1445 563 1481 ¹⁵⁸⁹
593 1443 686 1500 sui
735 1441 872 1498 testi
911 1441 1334 1498 Committebat.
1369 1441 1479 1497 Sed
1530 1441 1678 1498 miro
1727 1443 1898 1498 modo
1929 1446 1995 1496 ut

350 1534 594 1610 gloriam
617 1531 836 1606 quique
867 1533 1206 1602 appetentes
1235 1529 1308 1584 ab
1339 1545 1406 1585 ea
1436 1529 1690 1602 amplius
1722 1531 1996 1586 deserun-

349 1629 467 1694 tur,
499 1623 583 1678 ita
611 1625 848 1678 econtra
871 1635 934 1676 se
961 1619 1246 1691 fugientes
1273 1619 1401 1690 ipsa
1431 1619 1619 1692 magis
1641 1620 1990 1692 insequitur.

349 1714 514 1771 Unde
545 1708 735 1768 sancti
781 1707 890 1763 viri
929 1711 1165 1808 iquanto
1213 1707 1394 1764 latere
1441 1709 1797 1808 desiderant,
1832 1713 1994 1764 tanto
2025 1743 2074 1808 B

349 1799 742 1875 conspectius,
762 1799 898 1853 licet
926 1795 1112 1866 inviti,
1135 1797 1482 1869 produntur.
1513 1797 1628 1852 Hoc
1656 1797 1836 1870 igitur
1853 1815 1992 1854 casu

350 1893 546 1948 mente
567 1905 712 1962 pene
727 1886 1047 1959 consopita,
1063 1901 1196 1941 cum
1222 1902 1256 1941 a
1271 1889 1434 1942 tante
1453 1887 1555 1952 rei,
1572 1902 1750 1958 quam
1769 1887 1992 1942 dudum

351 1993 828 2051 conceperamus,
851 1992 1058 2032 exorsu
1080 1991 1187 2030 nos
1217 1975 1471 2047 graviter
1499 1975 1826 2047 dejecisset,
1849 1976 1992 2048 quid

351 2084 590 2126 rursum
631 2067 897 2139 jacentes
945 2068 1004 2120 et
1051 2064 1389 2137 deSperatos
1437 2063 1722 2136 paulatim
1752 2065 1810 2120 in
1843 2065 1994 2122 vires

352 2155 665 2224 reduxerit,
699 2155 770 2210 ad
804 2153 1014 2225 deinde
1049 2152 1175 2224 jam
1205 2151 1463 2209 volentes
1492 2151 1681 2228 magis
1709 2170 1776 2210 ac
1807 2151 1995 2226 magis

351 2243 672 2320 impulerit,
706 2243 886 2300 ferme
929 2242 987 2297 id
1040 2241 1170 2297 fuit.
1197 2240 1342 2296 Cum
1371 2240 1460 2296 vir
1506 2247 1746 2298 sanctus
1774 2259 1842 2298 ex
1873 2245 1992 2296 tam

348 2335 560 2402 valido,
585 2336 654 2389 ut
681 2331 906 2388 dictum
929 2333 1038 2399 est,
1063 2329 1266 2386 morbo
1295 2329 1444 2385 lecto
1467 2329 1667 2386 statim
1691 2329 1995 2386 decubuis-

351 2427 458 2492 set,
493 2421 702 2479 festino
731 2437 868 2476 mox
907 2417 1134 2487 nuntio,
1169 2417 1268 2490 qui
1301 2417 1762 2490 circumquaque
1792 2435 1992 2474 curam

350 2509 843 2569 monasteriorum
884 2507 1170 2564 habentes
1217 2522 1427 2563 sumus
1475 2507 1712 2576 inventi,
1737 2508 1807 2562 ad
1841 2524 1902 2562 se
1932 2506 1992 2561 in

350 2599 676 2658 crastinum
707 2613 914 2654 omnes
953 2593 1261 2652 contraxit.
1289 2596 1330 2650 E
1363 2595 1579 2668 quibus
1620 2601 1766 2651 nutu
1799 2597 1994 2651 divino

351 2688 644 2746 neminem
676 2689 816 2742 tunc
845 2683 1093 2758 contigit
1122 2683 1398 2752 defuisse,
1431 2684 1647 2740 additis
1677 2701 1744 2740 ex
1775 2683 1993 2757 primm

349 2778 516 2836 ribus
571 2777 782 2833 domus
839 2777 1055 2831 sancta:
1111 2772 1270 2829 sedis
1323 2772 1477 2829 beati
1535 2773 1815 2846 Stephani
1848 2773 1992 2846 (353)

347 2867 489 2926 viris
512 2866 600 2902 “9°
621 2863 930 2938 religiosis,
945 2863 1016 2919 ad
1038 2862 1147 2918 hoc
1167 2861 1460 2918 minorum
1484 2878 1994 2935 quorumcumque

347 2957 522 3014 turba
567 2971 683 3012 non
734 2951 984 3020 modica,
1015 2950 1114 3008 ille
1161 2950 1424 3024 singulos
1475 2951 1875 3008 accedentium
1925 2967 1993 3007 ex

345 3045 496 3102 lecto
523 3043 652 3117 ipso
681 3043 742 3098 in
775 3039 974 3098 osculo
1011 3043 1234 3107 sancto,
1268 3039 1430 3094 vultu
1475 3040 1794 3096 admodum
1849 3057 1990 3114 gau-

2101 465 2256 520 enim
2287 467 2703 524 vehementiori
2737 469 3088 540 cujusquam
3123 467 3270 524 alias
3299 469 3638 528 discrimine
3667 471 3750 526 in-

2104 555 2472 612 tremuimus.
2519 557 2621 612 Pia
2673 574 2806 614 vero
2860 557 3054 630 potius
3112 557 3429 630 unicuique
3477 560 3748 634 cogitatio

2103 645 2404 712 aestuabat,
2430 646 2478 701 si
2513 645 2659 700 forte
2690 663 2793 718 pro
2819 647 3151 702 attestanda
3171 647 3288 701 vita
3309 647 3438 720 ejus
3467 649 3752 721 probatis-

2103 733 2255 788 sima
2285 733 2480 806 aliquo
2501 751 2635 790 eum
2660 735 2946 791 Dominus
2971 735 3040 791 ad
3065 735 3308 808 gloriam
3332 753 3500 792 suam
3526 737 3751 794 eviden-

2102 820 2234 877 tiori
2267 823 2562 879 declarare
2585 823 2927 895 dignaretur
2950 824 3183 880 indicio.
3219 825 3375 882 Inter
3402 825 3510 882 hos
3535 827 3750 884 ﬂuctus

2103 911 2456 980 animorum,
2491 929 2624 968 eum
2659 913 2775 968 fere
2821 913 2983 968 nulla
3013 913 3180 986 aegris
3212 915 3508 971 mentibus
3540 916 3752 974 clarior

2105 1018 2246 1056 aura
2279 1001 2524 1056 rationis
2546 1018 2608 1058 se
2630 1002 2900 1074 aperiret,
2929 1002 3038 1058 sibi
3073 1007 3300 1058 tantum
3325 1003 3575 1078 quisque
3596 1006 3746 1062 difﬁ-

2103 1106 2226 1155 sus,
2251 1107 2320 1144 ex
2340 1089 2538 1146 dolore
2559 1091 2740 1146 nimio
2764 1091 3091 1163 reputabat,
3109 1091 3247 1163 quid
3273 1091 3381 1147 sibi
3405 1093 3588 1162 fieret,
3613 1111 3748 1150 cum

2103 1195 2210 1233 nec
2238 1177 2322 1233 illi
2352 1182 2524 1234 tanta:
2570 1179 2940 1252 perfectionis
2975 1181 3096 1235 viro
3129 1197 3340 1252 supera
3373 1183 3454 1217 "9’
3489 1189 3751 1255 parceret

2103 1267 2483 1340 dispensatio.
2510 1268 2620 1324 Sed
2661 1268 2812 1322 hanc
2845 1269 3215 1324 temerariam
3249 1271 3464 1326 mentis
3493 1271 3746 1328 ali'ectio-

2104 1373 2236 1412 nem
2269 1356 2398 1427 ipsa
2419 1356 2594 1412 citius
2618 1358 2765 1414 ratio
2789 1359 2878 1394 “9'
2909 1373 3106 1414 revera
3127 1359 3216 1394 ³⁸⁸³
3245 1360 3622 1432 compescuit,
3647 1363 3748 1434 qui

2103 1445 2278 1501 certis
2319 1445 2523 1518 utique
2562 1446 2988 1518 scripturarum
3011 1447 3378 1503 documentis
3420 1449 3748 1507 revinceba-

2105 1539 2323 1601 mus,et
2343 1533 2522 1589 vitam
2555 1533 2860 1590 hominum
2887 1553 3001 1591 non
3025 1537 3084 1591 in
3108 1536 3495 1594 ostentatione
3517 1539 3606 1574 1‘“
3623 1555 3749 1595 cor-

2104 1639 2334 1694 porum,
2352 1623 2450 1678 sed
2475 1622 2534 1678 in
2552 1623 2766 1679 virtute
2787 1623 3198 1680 zestimandum
3223 1627 3312 1661 ¹⁴⁹⁶
3333 1624 3674 1684 meritorum
3695 1633 3756 1685 et

2104 1727 2356 1766 morum.
2382 1711 2496 1768 Nec
2527 1712 2984 1780 adtendendum,
3011 1729 3126 1784 quo
3156 1712 3314 1769 exitu
3339 1713 3589 1788 quisque
3615 1715 3751 1775 hinc

2105 1804 2288 1868 exeat,
2305 1799 2405 1856 sed
2429 1799 2621 1872 qualis
2643 1805 2826 1856 exeat.
2849 1803 3229 1874 Quacumque
3249 1801 3402 1858 enim
3427 1803 3750 1875 occasione,

2104 1887 2474 1955 moriendum
2525 1888 2800 1945 omnibus
2849 1889 3262 1946 inevitabiliter
3311 1895 3418 1946 est.
3470 1893 3540 1948 Et
3591 1911 3750 1951 mors

2104 1977 2514 2048 undecumque
2536 1976 2630 2048 pio
2653 1977 2872 2033 bonum
2891 1983 3000 2034 est.
3026 1979 3141 2034 Nec
3163 1979 3355 2047 refert,
3377 1979 3748 2038 innocentem

2103 2064 2248 2120 mori
2285 2065 2589 2138 naufragio
2620 2083 2693 2120 an
2727 2065 2902 2134 febre,
2923 2066 3242 2122 dummodo
3264 2067 3544 2124 innocens
3565 2069 3661 2125 sit.
3681 2071 3752 2128 Et

2103 2153 2222 2209 sive
2252 2153 2392 2208 hinc
2417 2154 2528 2222 ηπ,
2556 2153 2674 2210 sive
2706 2154 2840 2210 inde
2869 2154 3175 2224 moriatur,
3195 2157 3580 2228 querendum,
3605 2176 3748 2232 qua-

2101 2241 2176 2298 lis
2208 2242 2284 2299 sit
2315 2241 2416 2315 qui
2461 2242 2765 2312 moriatur,
2792 2260 2908 2316 quo
2939 2249 3073 2317 post
3117 2248 3366 2301 mortem
3414 2247 3608 2303 iturus
3636 2252 3746 2317 est,

2103 2349 2218 2388 non
2252 2331 2406 2388 unde
2433 2333 2507 2388 de
2536 2333 2656 2388 vita
2683 2333 2946 2390 exiturus
2977 2338 3086 2390 est.
3116 2333 3218 2390 His
3249 2339 3306 2390 et
3335 2333 3744 2406 hujuscemodi

2104 2420 2492 2476 ﬁrmamentis
2509 2420 2732 2494 liquido
2752 2421 2894 2477 satis
2907 2421 3437 2495 collegimus,illam
3456 2426 3748 2482 examina-

2103 2509 2321 2565 tionem
2344 2508 2450 2564 viri
2465 2496 2827 2582 justi,quam
2851 2510 3088 2582 quidem
3111 2511 3256 2583 ipse,
3280 2515 3346 2567 ut
3365 2511 3519 2567 inter
3538 2519 3748 2572 cuncta

2103 2614 2334 2670 semper
2353 2596 2706 2665 inﬂexibilis,
2741 2597 3035 2671 sapienter
3054 2603 3112 2654 et
3131 2594 3297 2671 aequo
3317 2599 3513 2657 animo
3536 2601 3745 2659 tolera-

2103 2687 2220 2754 bat,
2255 2703 2368 2741 non
2402 2687 2574 2742 modo
2624 2685 2782 2742 laudi
2813 2686 2972 2742 illius
3007 2686 3150 2742 nihil
3181 2689 3504 2757 detrahere,
3528 2693 3630 2747 sed
3672 2693 3744 2748 ad

2102 2774 2404 2848 amplioris
2433 2791 2666 2848 quoque
2716 2775 2907 2830 meriti
2958 2776 3217 2832 fructum
3266 2779 3574 2847 accedere;
3609 2797 3744 2836 nam

2101 2863 2300 2920 electis
2319 2863 2420 2936 qui
2444 2865 2514 2920 a‘d
2539 2868 2878 2936 perpetuam
2900 2864 3080 2920 vitam
3104 2867 3374 2934 tendunt,
3390 2867 3531 2938 quid
3555 2869 3742 2938 obest,

2101 2951 2148 3008 si
2168 2951 2481 3025 aliquando
2500 2953 2588 2988 “97
2603 2952 2746 3008 dure
2765 2952 3136 3008 moriuntur?
3151 2954 3268 3010 Nec
3283 2953 3422 3012 item
3440 2955 3743 3030 signorum

2099 3040 2186 3096 vel
2207 3041 2624 3098 miraculorum
2646 3041 2958 3097 novitatem
2987 3041 3332 3116 plerumque
3353 3043 3741 3102 differentiam

346 3107 854 3203 dente-exceptos,
879 3146 946 3184 ac
977 3145 1080 3200 pro
1105 3132 1366 3200 tempore
1387 3132 1444 3184 et
1474 3144 1533 3183 re
1554 3129 1749 3184 causis
1781 3107 1990 3201 aliqui-
2027 3107 2070 3174 C
2099 3130 2286 3186 facere
2307 3130 2752 3198 sanctitatis,ve1
2774 3130 2910 3186 inde
2933 3107 3198 3203 patenter
3221 3107 3571 3202 ostenditur,
3587 3137 3740 3208 quod

345 3221 459 3276 bus
477 3216 1036 3287 determinatis,tum
1060 3220 1338 3289 praeterea
1354 3217 1584 3272 cunctis
1602 3215 1660 3270 in
1680 3233 1991 3273 commune

344 3307 522 3366 solita
558 3307 670 3364 sibi
719 3322 952 3378 semper
995 3303 1376 3370 exortatione,
1409 3309 1697 3378 quantum
1749 3307 1991 3362 morbus

345 3396 632 3470 pacicbat,
657 3396 728 3452 de
753 3393 1093 3450 infelicitate
1121 3392 1322 3464 hujus,
1347 3393 1416 3448 de
1450 3392 1722 3449 felicitate
1749 3393 1990 3451 alterius

341 3484 472 3544 vita
503 3500 688 3558 pauca
717 3482 970 3550 locutus,
996 3479 1373 3536 multitudine
1394 3481 1518 3537 vale
1540 3482 1692 3538 facto
1721 3481 1986 3553 dimissa,

343 3578 541 3648 patres
588 3569 1038 3628 reverentissimi
1098 3569 1364 3626 Kadbroe
1411 3571 1582 3640 (354),
1635 3571 1985 3642 Bcrhardus,

342 3662 532 3730 Hudo,
561 3659 940 3728 Adelmodus,
973 3675 1226 3730 cumque
1269 3657 1364 3714 his
1403 3674 1510 3732 ego
1556 3658 1818 3726 infimus,
1853 3677 1986 3716 cum

341 3749 626 3808 nonnulla
654 3751 819 3822 parte
849 3752 1186 3804 nostrorum
1236 3752 1572 3830 sanctorum
1624 3748 1782 3804 exitu
1829 3749 1988 3806 illius

341 3839 702 3896 observando
751 3835 1271 3894 substitimus.1bi
1320 3853 1424 3909 per
1471 3841 1724 3909 quatuor
1772 3837 1986 3910 quibus

340 3927 632 4002 superfuit
660 3927 807 3995 dies,
831 3925 1108 3982 admixtis
1130 3925 1348 3998 pariter
1376 3925 1486 3981 loci
1513 3926 1775 3998 ejusdem
1801 3927 1985 3984 sancti

339 4015 567 4090 collegii
605 4015 905 4083 fratribus,
941 4013 1042 4086 qui
1094 4013 1264 4070 unico
1311 4015 1362 4069 ei
1413 4012 1698 4069 famulatu
1750 4015 1988 4071 assidue

338 4103 722 4170 inharebant,
755 4102 897 4158 dum
929 4103 981 4158 ei
1007 4102 1163 4159 tristi
1195 4103 1515 4159 admodum
1546 4103 1736 4159 ofﬁcio
1763 4103 1984 4159 asside-

337 4207 494 4261 mus,
514 4195 692 4262 atque
721 4207 791 4246 ex
819 4191 948 4262 ejus
978 4207 1144 4246 sacro
1165 4207 1415 4264 ore,quo
1439 4195 1496 4247 et
1524 4192 1678 4248 inter
1707 4191 1836 4264 ipsa
1855 4192 1984 4249 vita:

336 4278 662 4352 mortisque
689 4277 1012 4335 certamina
1031 4279 1308 4334 doctrina:
1329 4279 1608 4336 salutaris
1637 4283 1827 4353 gratia
1855 4299 1985 4355 pro-

337 4368 580 4438 fluebat,
613 4367 976 4441 pendemus:
1007 4366 1178 4422 variis
1207 4366 1362 4424 inter
1389 4385 1498 4424 nos
1527 4371 1651 4425 cedi
1684 4388 1984 4428 sermones

2099 3235 2202 3291 per
2232 3217 2418 3274 malos
2448 3218 2571 3275 haac
2595 3218 2908 3291 aliquando
2942 3219 3106 3286 fiant,
3131 3219 3466 3294 multosque
3485 3222 3745 3281 ecclesia

2097 3324 2332 3364 summo
2361 3307 2601 3374 honore,
2627 3307 2925 3364 memoriis
2947 3307 3207 3364 studiose
3237 3310 3550 3366 exstructis
3582 3311 3738 3381 colit,
3801 3364 3808 3369 .

2098 3397 2169 3452 de
2191 3396 2426 3468 quibus,
2443 3413 2515 3451 an
2535 3412 2652 3451 uno
2669 3395 2874 3452 saltem
2899 3395 3066 3469 signo
3089 3395 3426 3466 elaruerint,
3443 3399 3739 3456 reticetur.

2095 3485 2346 3556 Jamque
2376 3488 2442 3539 ut
2484 3489 2722 3540 caeteros
2763 3489 3084 3552 taceamus,
3117 3485 3418 3542 Johannes
3447 3487 3592 3560 ipse,
3625 3507 3742 3562 quo

2097 3590 2268 3628 nemo
2301 3573 2360 3628 in
2398 3572 2554 3642 natis
2604 3572 2920 3629 mulierum
2969 3575 3178 3646 major,
3211 3578 3360 3630 teste
3409 3576 3739 3651 Evangelia,

2097 3663 2332 3736 signum
2365 3660 2499 3718 fecit
2529 3661 2778 3730 nullum,
2803 3665 2861 3716 et
2880 3663 3022 3717 dum
3049 3661 3109 3718 in
3133 3679 3363 3720 carcere
3393 3663 3586 3738 gladio
3617 3665 3743 3723 feri—

2096 3756 2276 3819 retur,
2311 3755 2510 3806 utrum
2541 3749 2629 3806 vel
2679 3754 2937 3807 extrema
2967 3750 3226 3823 qualibet
3255 3757 3394 3808 nota
3423 3771 3457 3810 a
3483 3753 3744 3826 quolibet

2095 3839 2523 3896 homicidarum
2555 3857 2658 3894 seu
2691 3839 2986 3894 latronum
3019 3839 3298 3896 distiterit
3319 3841 3428 3910 "’3,
3462 3849 3740 3918 perpetuo

2095 3928 2359 3984 omnium
2390 3927 2816 4000 scripturarum
2849 3927 3082 3984 silentio
3114 3930 3474 4002 consopitur.
3497 3931 3742 3990 Proinde

2097 4019 2184 4053 “99
2216 4017 2435 4072 frustra
2453 4015 2671 4088 aliquid
2703 4015 2995 4087 ejusmodi
3027 4015 3358 4090 sphndoris
3389 4021 3648 4092 corporei
3678 4021 3740 4076 in

2094 4103 2778 4160 commendationem1500
2808 4103 2956 4158 tanti
2988 4103 3095 4159 viri
3139 4103 3481 4176 desiderari,
3505 4107 3578 4164 de
3623 4125 3740 4182 quo

2093 4194 2265 4248 firma
2281 4191 2392 4248 sati
2441 4197 2500 4247 et
2521 4193 2740 4264 absque
2757 4193 3128 4248 cunctatione
3149 4195 3235 4229 ¹⁵⁰¹
3260 4193 3407 4250 ﬁdes
3423 4199 3736 4266 constaret,

2092 4299 2276 4354 eaque
2333 4280 2392 4334 in
2442 4281 2716 4353 operibus
2773 4279 2899 4337 suis
2946 4285 3006 4336 et
3053 4285 3255 4337 sancta
3301 4285 3739 4342 conversatione

2093 4375 2266 4444 atque
2293 4369 2588 4425 indefessa
2639 4385 2829 4440 usque
2857 4369 2917 4424 in
2948 4369 3124 4426 ﬁnem
3156 4369 3216 4426 in
3249 4369 3418 4428 bonis
3470 4389 3737 4445 perseve—

335 4460 636 4531 ceperunt,
657 4455 952 4528 quomodo
983 4471 1256 4511 summus
1288 4455 1382 4512 ille
1403 4456 1611 4529 opifex,
1633 4463 1980 4516 cunctorum
2006 4473 2053 4538 D
2085 4459 2278 4519 rantia
2305 4458 2430 4514 visa
2473 4457 2592 4514 sint
2611 4457 2701 4492 ¹⁵⁰²
2732 4457 2917 4529 signis
2946 4459 3222 4514 omnibus
3253 4459 3738 4535 mirabilibusque

332 4545 652 4618 dispositor
669 4549 728 4602 et
753 4543 1233 4601 ordinatissimus
1259 4544 1608 4614 moderator,
1632 4547 1788 4603 hunc
1817 4553 1977 4606 tanto
2087 4553 2385 4624 praestare,
2423 4551 2482 4603 et
2531 4545 2705 4602 saluti
2755 4545 3089 4602 animarum
3138 4564 3255 4603 non
3306 4565 3434 4605 sme
3482 4549 3737 4622 plurimo

333 4639 593 4708 tempore
613 4633 724 4690 sibi
749 4632 1000 4690 fideliter
1015 4631 1978 4708 famulantem—quadragesimus
2086 4641 2282 4696 fructu
2313 4636 2657 4692 conducere.
2682 4633 2826 4690 Cum
2859 4633 2981 4690 haec
3008 4640 3066 4691 et
3095 4635 3282 4691 multa
3313 4635 3406 4692 his
3437 4637 3654 4695 similia
3674 4639 3734 4696 in

331 4722 622 4796 siquidem
646 4721 706 4778 in
733 4725 936 4779 sancto
965 4720 1264 4794 proposito
1293 4739 1485 4779 annus
1515 4723 1568 4778 ei
1596 4727 1736 4780 tunc
1765 4731 1977 4782 erat—
2085 4727 2288 4784 eodem
2320 4729 2522 4780 sancto
2566 4727 2854 4780 conventu
2904 4722 3128 4780 mutuis
3159 4723 3765 4784 confabulationibus

1683 4857 1923 4916 VARle
1963 4858 2380 4918 LECTIONES.

402 4952 494 4988 ¹⁴⁸⁹
523 4951 831 5027 acordisc.
877 4953 998 5027 _"°°
1023 4951 1180 5027 viros
1207 4969 1255 5009 c.
1322 4954 1417 5027 _“°'
1448 4969 1694 5027 superas
1716 4955 1776 5027 _1.
1855 4959 1946 4993 ¹⁵⁰²
1974 4975 2104 5014 raro
2139 4959 2188 5014 1.
2222 4955 2368 5012 ratio
2399 4957 2454 5010 2.
2533 4954 2624 4990 “’3
2654 4970 2882 5010 reversa
2915 4956 2966 5010 1.
2997 4954 3085 5012 vel
3119 4971 3316 5027 revera
3343 4960 3399 5012 2.
3442 4959 3532 4994 "9"
3597 4957 3732 5018 hos-

329 5021 660 5110 tentatione
967 5025 1183 5110 am?”
1213 5021 2380 5110 aestimandameritgrumnc;_inmargine
2407 5041 2578 5110 magna
2596 5027 3046 5110 2....lndendu’m
3077 5026 3283 5110 absciso
3315 5029 3543 5110 ἐπειὴ.--
3571 5031 3662 5066 ¹⁴⁰⁸
3681 5046 3730 5087 s.

328 5093 466 5150 inde
487 5093 664 5172 _1.Ayel
711 5095 950 5172 hinc}.
1028 5097 1200 5172 “977a.
1234 5096 1378 5172 dicit
1409 5098 1458 5152 1.
1490 5096 1724 5172 deietun;
1752 5102 1807 5172 2_.
1885 5101 1974 5136 ¹⁴⁰⁸
2001 5093 2295 5157 destiterit
2327 5100 2380 5155 1.
2459 5098 2548 5132 “9°
2579 5100 2928 5170 prop(terea)
2979 5101 3034 5153 2.
3087 5099 3148 5154 in
3193 5115 3369 5172 marg.
3453 5101 3545 5137 "0°
3573 5117 3733 5158 com-

330 5164 707 5223 mendatione
740 5167 790 5223 1.
861 5167 946 5203 ¹⁸⁰¹
980 5184 1089 5224 con
1117 5171 1172 5224 2.
1254 5169 1343 5204 ¹⁵⁰²
1375 5171 1516 5224 sunt
1546 5169 1597 5224 1.
1629 5169 1716 5225 vel
1749 5169 1869 5226 sint
1896 5174 1950 5227 2.

1913 5281 2148 5352 NO‘T/E.

397 5389 546 5459 (353)
577 5389 942 5448 Cathedralis
973 5389 1230 5446 ecclesiae
1263 5390 1562 5446 Metensis.

2084 5391 2316 5448 Martini
2351 5394 2409 5446 et
2435 5389 2659 5446 Arnulfi
2705 5407 2833 5448 esse
2860 5390 3152 5447 videntur.
3177 5391 3342 5448 Certe
3377 5392 3642 5450 Kadhroc
3673 5399 3732 5450 et

397 5461 548 5529 (354)
568 5463 831 5536 Abhates
851 5461 1246 5536 ccenobiorum
1274 5465 1656 5536 extra_muros
1684 5461 1972 5536 Metenses
2082 5465 2337 5520 Joannes
2366 5461 2468 5519 SS.
2503 5461 2780 5517 Clementi
2815 5467 2870 5518 et
2900 5461 3142 5518 Arnulfo
3174 5467 3479 5536 praeerant.

324 5530 595 5599 sitorum,
657 5534 714 5590 S.
774 5532 1108 5601 Clementis,
1168 5531 1474 5602 Vincentii,
1536 5533 1967 5606 Symphoriani,
