4098 6170
281 310 402 370 249

1098 394 1111 398 _
1185 307 1285 367 DE
1328 307 1510 368 VITA
1559 306 1888 368 JOANNIS
1932 278 2267 368 ABBATI'S
2316 309 2802 370 GORZIENSIS.

3572 309 3691 368 250

281 449 550 516 tempora
580 438 906 514 praeterisse
935 438 1189 507 dolebat,
1221 443 1288 496 ut
1336 439 1408 496 de
1450 439 1676 513 integro
1725 456 1932 496 rursus
1962 436 2018 505 Α
2046 423 2221 509 dinis,
2256 440 2461 513 quales
2487 440 2547 496 in
2578 441 2769 514 patria
2798 458 2912 513 que
2942 441 3109 498 Belsa
3140 442 3285 513 (360)
3318 442 3533 497 dicitur
3571 443 3693 514 plu-

282 532 477 590 scolas
508 531 787 586 innovare
807 528 1427 601 cogeretur.Puerulus
1448 529 1740 602 siquidem
1774 531 1831 585 in
1852 531 1934 584 di-

279 637 471 688 versa,
534 624 600 676 ut
665 617 889 674 dictum
938 622 1047 686 est,
1098 618 1552 692 praeceptoribus
1610 619 1682 675 ad
1740 618 1934 674 studia

282 709 662 776 commissus,
695 707 1308 781 quantulumcumque
1349 724 1552 764 aurem
1596 707 1731 764 inde
1765 723 1935 781 vapo-

282 804 474 855 ratam
505 796 776 853 retulisse
803 796 967 853 visus
996 800 1331 863 erat,totum
1366 798 1424 853 id
1448 796 1931 869 consequentium

284 902 563 945 curarum
596 886 751 941 mole
795 902 939 958 pene
970 885 1227 957 sopitum
1261 885 1676 942 amiserat.Sed
1696 885 1936 942 facilita-

281 982 402 1033 tem
432 973 648 1046 ingenii
679 974 867 1049 gratia
887 976 1130 1046 juvante
1161 974 1452 1041 divina,ea
1480 976 1657 1031 etiam
1679 974 1936 1048 dampna

281 1064 436 1120 lucri
468 1064 765 1136 sequentis
796 1062 947 1118 felici
980 1064 1267 1136 reparavit
1287 1078 1584 1120 successu.
1620 1063 1816 1119 Prima
1836 1064 1936 1119 ita-

285 1170 401 1227 que
422 1153 713 1209 elementa
728 1152 1109 1226 grammatica
1134 1152 1469 1225 primasque
1491 1157 1721 1208 tantum
1743 1158 1935 1225 partes

284 1239 497 1299 Donati
528 1260 596 1296 ex
615 1239 742 1313 ipso
764 1242 1013 1296 Bernero
1028 1242 1113 1275 ¹³²¹
1132 1240 1561 1314 audivit,eaque
1583 1243 1938 1297 introducto-

285 1332 377 1387 ria
406 1330 744 1403 aspersione
767 1328 1317 1397 contentus,divinis
1340 1348 1400 1386 se
1422 1331 1662 1386 omnino
1685 1335 1939 1387 transtu-

283 1420 358 1475 lit
386 1418 643 1492 scriptis.
678 1418 740 1474 In
775 1417 989 1492 quibus
1018 1419 1174 1475 intra
1228 1421 1395 1475 breve
1444 1423 1676 1493 tempus
1707 1423 1938 1475 tantum

288 1506 692 1580 intelligentia:
724 1506 980 1580 przetulit
1009 1507 1231 1575 lumen,
1264 1512 1330 1563 ut
1361 1507 1624 1564 omnium
1654 1524 1799 1563 novo
1830 1507 1936 1563 mi-

288 1597 489 1653 raculo
520 1596 592 1651 ad
624 1612 1031 1669 quascumque
1076 1595 1407 1669 sapientum
1462 1613 1579 1652 non
1626 1595 1941 1653 difﬁculter

287 1688 621 1743 occurreret
644 1686 1016 1758 qumstiones.

2042 527 2176 584 rimi
2207 528 2651 603 conspiciuntur
2678 561 2748 574 —-
2780 546 2917 586 nam
2967 531 3100 586 inde
3149 530 3437 587 oriundus
3467 534 3593 587 erat
3622 561 3694 575 —

2042 616 2354 688 dejectum,
2387 618 2446 673 in
2479 616 2758 692 nulloque
2817 620 3056 691 penitus
3107 618 3335 689 lesum;
3368 620 3503 677 inde
3549 618 3692 676 item

2042 710 2363 763 extractum
2394 707 2453 763 in
2486 706 2599 763 alio
2630 707 2996 782 profundiori
3044 708 3504 783 praecipitatum;
3555 724 3692 767 cum

2042 814 2149 853 nec
2180 798 2263 852 sic
2292 797 2542 870 opprimi
2573 798 3282 873 potuisset,eductumque
3303 799 3498 873 gladio
3521 801 3693 859 ferire

2044 877 2380 942 decerneret
2412 888 2520 958 ⁸⁵³⁸,
2551 888 2786 943 tandem
2819 904 2933 943 uno
2964 903 3032 943 ex
3061 887 3207 961 ipsis
3256 889 3505 959 dicente,
3558 906 3690 947 nec-

2043 974 2186 1030 dum
2218 991 2352 1030 eum
2386 976 2716 1048 pervenisse
2748 975 2804 1030 in
2836 994 3023 1048 genus
3054 980 3219 1032 terrae
3254 994 3368 1050 quo
3410 978 3557 1034 mori
3590 981 3688 1036 de-

2044 1062 2228 1131 beret,
2262 1063 2543 1119 divinitus
2591 1069 2658 1119 ut
2705 1066 2964 1120 creditur
3016 1065 3360 1135 dimissum;
3393 1073 3695 1141 cum_post

2044 1151 2280 1226 aliquod
2317 1167 2553 1209 orarum
2586 1153 2775 1225 spatia
2816 1152 3193 1208 Nortmannis
3240 1154 3692 1226 praetergressis,

2044 1245 2219 1314 puteo
2241 1258 2304 1298 se
2334 1242 2616 1314 reptando
2649 1246 2972 1314 utcumque
3006 1243 3092 1276 "’35
3124 1241 3453 1312 exemisset,
3488 1246 3547 1299 et
3585 1241 3697 1299 iter

2046 1327 2349 1402 ingressus
2382 1328 2533 1384 fame
2576 1346 2721 1401 pene
2762 1329 3033 1387 deficeret
3064 1360 3127 1371 —
3162 1346 3298 1386 nam
3347 1330 3542 1387 triduo
3566 1333 3693 1403 jam

2047 1417 2166 1474 fere
2194 1418 2320 1473 sine
2352 1418 2480 1474 cibo
2512 1423 2811 1474 manserat
2837 1449 2925 1487 —-,
2976 1423 3212 1491 repente
3262 1419 3320 1475 in
3367 1420 3559 1477 media
3604 1422 3697 1479 via

2047 1509 2167 1562 tres
2202 1507 2467 1578 jacentes
2499 1506 2713 1579 reperit
2757 1524 2958 1580 panes,
3005 1524 3074 1565 ex
3122 1508 3338 1582 quibus
3388 1526 3577 1583 usque
3621 1512 3693 1568 ad

2049 1595 2386 1668 praedictam
2418 1595 2736 1652 (ecclesiam
2778 1596 2963 1653 sancti
2998 1598 3292 1654 Laurentii
3326 1601 3605 1672 pervenit.
3640 1601 3697 1659 Is

2049 1684 2176 1741 sine
2206 1683 2328 1742 ulla
2356 1685 2724 1742 cunctatione
2747 1686 3040 1753 firmabat,
3064 1687 3429 1759 psalmorum
3459 1688 3695 1759 virtute,

362 1776 455 1832 H.
486 1773 804 1831 Eeclesiam
831 1791 1003 1846 porro
1034 1775 1222 1873 sancti
1254 1775 1574 1873 Laurentii,
1600 1791 1777 1848 quam
1799 1775 1938 1873 dixi-
1965 1802 2015 1873 Β
2053 1789 2202 1847 quos
2226 1790 2463 1847 semper
2489 1774 2550 1830 in
2581 1792 2681 1831 ore
2716 1775 3007 1843 versabat,
3042 1793 3192 1849 quos
3222 1777 3279 1834 ia
3319 1776 3465 1850 ipsis
3517 1778 3696 1837 etiam

291 1881 451 1929 mus,
483 1864 657 1918 unico
689 1878 885 1918 amore
915 1860 1186 1931 excoluit,
1204 1866 1264 1918 et
1294 1861 1353 1918 in
1387 1861 1712 1918 ministerio
1743 1859 1940 1918 aeccle-

290 1952 536 2011 siastico
557 1951 903 2008 necessariis
920 1954 1209 2025 quantum
1232 1948 1562 2024 religiosius
1581 1950 1771 2024 potuit
1790 1967 1947 2007 exor-

293 2042 478 2099 navit.
530 2040 809 2108 Quotiens
857 2040 1112 2112 denique
1149 2056 1399 2097 vacuum
1448 2045 1591 2109 erat,
1642 2044 1825 2097 strato
1864 2039 1946 2096 ibi

290 2128 483 2185 locato
515 2146 618 2202 per
638 2128 836 2201 plures
857 2127 983 2184 dies
1003 2128 1138 2184 inde
1159 2143 1275 2183 non
1298 2126 1946 2200 recedebat,noctesque

294 2217 685 2276 creberrimas
704 2218 1068 2274 orationibus
1086 2216 1563 2273 continuabat.Et
1582 2231 1944 2290 quamquam

296 2308 497 2365 seculo
530 2307 723 2363 adhuc
752 2305 1110 2379 voluptatem
1131 2305 1325 2362 laxare
1342 2304 1946 2374 videretur,secretius

299 2397 363 2453 in
385 2395 572 2453 oculis
582 2396 814 2453 Domini
826 2412 931 2470 pro
950 2395 1095 2452 locis
1113 2398 1172 2451 et
1190 2394 1555 2467 temporibus
1582 2393 1946 2467 spiritalibus

299 2484 683 2541 inbiabat.lbi
697 2484 975 2540 feminam
990 2484 1289 2556 quandam
1304 2485 1394 2519 ¹⁶²²
1403 2498 1472 2539 ex
1492 2484 1729 2557 geniceo
1744 2484 1832 2519 ¹⁵²³
1844 2482 1946 2539 do-

300 2573 449 2630 mini
474 2573 566 2630 sui
588 2572 801 2629 divinis
821 2573 1028 2629 ofﬁciis
1050 2572 1160 2629 sub
1189 2571 1476 2629 velamine
1488 2572 1948 2646 deputavit.0um

302 2667 369 2719 ut
398 2663 627 2736 integra
654 2680 895 2735 corpore
924 2661 1051 2719 loco
1079 2666 1281 2718 sancto
1309 2666 1402 2718 est
1420 2660 1744 2731 tradita,ita
1763 2676 1950 2734 usque

299 2753 417 2808 sub
448 2751 643 2808 debito
664 2752 778 2807 fine
810 2756 1031 2807 naturae
1052 2755 1256 2807 sancta
1279 2767 1525 2808 manens
1559 2766 1733 2807 carne
1753 2756 1810 2807 et
1829 2751 1949 2825 spi-

306 2842 448 2908 ritu,
481 2841 595 2897 sub
624 2840 804 2914 stirpe
832 2840 1019 2914 ipsius
1050 2838 1343 2909 azcclesiaa,
1365 2839 1530 2896 nulla
1558 2856 1839 2913 umquam
1863 2845 1950 2897 at-

300 2934 466 2987 tacta
491 2929 896 2998 infamia,felix
925 2929 1253 2985 consenuit.
1292 2927 1512 2985 Ibidem
1536 2945 1768 3002 quoque
1788 2945 1950 3002 pere-

299 3020 542 3094 grinum
576 3019 871 3091 quendam
885 3019 1012 3091 jam
1050 3022 1331 3091 provecta:
1354 3017 1541 3074 sitatis
1560 3017 1950 3091 presbiterum

307 3109 641 3180 exceptum,
676 3108 816 3163 dum
848 3108 1017 3163 beato
1049 3108 1164 3163 fine
1194 3106 1512 3174 excederet,
1536 3104 1684 3162 aluit
1711 3110 1769 3162 et
1790 3104 1950 3162 omni

2055 1862 2245 1936 puteis
2258 1862 2674 1919 consistentem
2689 1880 2751 1921 se
2772 1863 3007 1920 assidue
3028 1863 3370 1922 decantasse
3384 1867 3697 1939 fatebatur,

2053 1951 2125 2008 de
2155 1953 2243 2009 tot
2270 1949 2546 2024 periculis
2573 1950 3005 2009 liberatum.Ab
3038 1969 3105 2009 eo
3135 1952 3288 2010 idem
3317 1952 3616 2013 Johannes
3636 1972 3699 2013 se

2052 2055 2122 2096 ex
2150 2040 2375 2108 multis,
2409 2056 2535 2114 quae
2562 2039 2710 2097 forte
2739 2039 2943 2097 leviter
2970 2046 3251 2113 gesserat,
3286 2043 3490 2101 crebro
3520 2045 3703 2101 moni-

2053 2132 2203 2195 tum,
2234 2132 2295 2184 et
2321 2127 2637 2201 aliquando
2669 2127 2863 2186 acrius
2903 2130 3305 2203 redargutum,
3361 2131 3700 2207 multiplici-

2052 2218 2256 2288 terque
2285 2220 2632 2285 correctum,
2666 2215 2867 2290 sepius
2896 2216 3175 2289 gratulari
3208 2217 3451 2277 soledat.

2127 2306 2214 2362 16.
2247 2305 2361 2362 Sed
2388 2308 2446 2362 et
2472 2304 2604 2361 aliis
2630 2322 2806 2378 quam
2837 2304 3127 2379 pluribus.
3169 2305 3219 2363 si
3262 2322 3412 2380 quos
3442 2309 3698 2384 probata;

2050 2393 2181 2451 vita
2229 2410 2296 2449 ac
2343 2393 2620 2450 doctrinm
2677 2399 3057 2468 compererat,
3109 2394 3370 2483 solitario
3418 2398 3701 2457 comitatu

2056 2500 2416 2557 quamquam
2437 2488 2661 2543 secreto
2682 2483 2917 2543 interim
2940 2486 3705 2565 adhaerebat,paulatimque

2058 2577 2117 2628 et
2144 2572 2314 2646 quasi
2348 2590 2452 2646 per
2478 2576 2673 2646 partes
2693 2590 2728 2630 a
2747 2574 3219 2649 quibuscumque
3232 2578 3437 2634 mundi
3458 2578 3705 2638 oblecta-

2058 2659 2275 2719 mentis
2287 2661 3124 2735 subducens,castigatioribus
3137 2682 3199 2723 se
3212 2666 3439 2725 actibus
3452 2667 3705 2742 applica-

2057 2765 2119 2806 re
2140 2748 2646 2822 satagebat.Paulo
2669 2754 2802 2806 ante
2815 2750 2970 2808 dicto
2992 2752 3243 2809 Bernero
3256 2755 3502 2814 diacono
3522 2759 3702 2815 maxi-

2059 2854 2153 2894 me
2173 2838 2851 2911 delectabatur,eumque
2883 2839 3102 2897 honore
3122 2846 3181 2898 et
3199 2843 3391 2901 officio
3414 2846 3707 2919 amplissi-

2059 2943 2155 2983 mo
2175 2926 2531 2983 venerationi
2552 2927 2824 2997 habebat,
2845 2945 2949 3001 pro
2970 2946 3036 2986 eo
3071 2932 3227 3002 quod
3253 2949 3367 2988 non
3392 2935 3563 2993 modo
3596 2938 3701 2994 do-

2060 3016 2250 3072 ctrina
2272 3020 2329 3071 et
2358 3015 2478 3071 vita
2507 3016 2657 3088 ejus,
2692 3032 2804 3089 que
2831 3012 2973 3073 item
2996 3017 3181 3074 vicem
3212 3020 3453 3090 gerebat
3494 3022 3707 3079 doctri-

2060 3120 2155 3174 ne,
2188 3107 2342 3178 apud
2368 3104 2564 3178 ipsum
2598 3104 2969 3177 proficiebat;
3000 3109 3091 3162 set
3120 3111 3178 3163 et
3207 3109 3384 3180 quod,
3418 3109 3467 3167 si
3501 3127 3618 3184 qua
3646 3110 3706 3169 in

298 3173 829 3255 cura-servavitDe
859 3213 975 3269 quo
1005 3196 1178 3268 plura
1197 3195 1362 3251 bona
1385 3173 1632 3252 actionis
1664 3193 1833 3251 nobis
1854 3211 1951 3267 pa-
1979 3173 2027 3246 (ἶ
2063 3208 2124 3251 se
2144 3173 2632 3268 reprehendenda
2660 3193 2805 3251 forte
2832 3173 3472 3271 vidisset,nequaquvam
3504 3173 3599 3257 bis
3619 3201 3707 3258 vel

302 3293 392 3344 ter
419 3285 719 3343 Jobannes
752 3302 989 3341 narrare
1028 3288 1408 3341 consueverat
1455 3301 1470 3341 :
1521 3284 1675 3357 quod
1732 3280 1953 3341 scilicet

300 3374 462 3448 operi
495 3374 690 3431 divino
722 3377 888 3431 nocte
916 3391 982 3431 ac
1012 3373 1105 3430 die
1136 3372 1418 3443 intentus,
1452 3372 1612 3429 nullo
1650 3373 1768 3430 fere
1796 3376 1953 3429 tem-

300 3482 442 3537 pore
471 3467 681 3538 praeter
708 3478 997 3536 corporea:
1025 3463 1395 3519 necessitatis
1424 3479 1627 3519 curam
1647 3462 1829 3520 limen
1850 3479 1953 3519 aec-

300 3553 494 3610 clesiae
525 3551 1142 3609 excesserat.Psalmos
1170 3550 1361 3607 verbis
1377 3556 1434 3608 et
1455 3568 1632 3608 sensu
1654 3552 1947 3622 distincte,
1980 3588 1993 3601 .

301 3647 368 3698 ut
396 3658 547 3716 pene
579 3640 820 3698 sillabas
840 3657 975 3697 eum
998 3644 1295 3697 recensere
1326 3641 1830 3715 putares,assiduo
1853 3656 1951 3696 ore

296 3729 864 3787 volvebat.0ratione
886 3746 1035 3803 pura
1055 3727 1244 3785 noctis
1262 3728 1586 3801 plurimum
1605 3729 1947 3803 occupabat.

294 3825 440 3875 Cum
463 3818 609 3892 ipsis
631 3817 1083 3892 cogitationibus
1106 3833 1243 3874 voce
1263 3817 1394 3890 ipsa
1412 3817 1752 3891 conﬂigens,
1768 3834 1950 3892 eaque

295 3906 466 3979 quasi
501 3922 679 3960 manu
712 3904 1096 3960 deverberans
1128 3921 1142 3961 :
1180 3904 1423 3973 «Abite,
1459 3904 1671 3978 inquit,
1712 3907 1843 3961 vani
1895 3911 1952 3964 et

294 3994 517 4069 ignavi,
553 4009 667 4049 non
710 3991 856 4048 mihi
886 3991 1301 4066 psalmiculum
1333 4008 1430 4048 ore
1461 3992 1949 4050 subtrahitelnAd

294 4083 604 4140 martirem
637 4097 869 4155 quoque
899 4080 1244 4154 plerumque
1275 4081 1522 4153 querula
1563 4097 1699 4138 voce
1746 4081 1948 4139 clami-

297 4178 438 4230 tans
471 4189 485 4227 :
526 4194 554 4222 ι(
586 4169 885 4241 Laurenti,
920 4171 1063 4244 quid
1091 4170 1187 4226 hic
1218 4171 1476 4244 agis,cur
1504 4188 1619 4227 non
1650 4188 1742 4226 me
1763 4170 1836 4227 ab
1856 4171 1950 4228 his

294 4262 549 4319 vesanis
579 4258 888 4318 defendis?
921 4283 949 4312 ››
982 4259 1274 4316 Demones
1304 4259 1480 4316 variis
1511 4252 1796 4334 proludiis
1836 4259 1949 4316 sibi

293 4352 598 4409 obversari
631 4349 923 4422 corporeis
961 4346 1147 4406 oculis
1176 4347 1635 4418 testabantur,ut
1664 4364 1815 4422 saepe
1836 4348 1947 4406 sibi

296 4438 669 4498 infestissimi
701 4455 889 4511 usque
936 4439 996 4494 in
1046 4437 1334 4509 quosdam
1366 4436 1625 4510 corporis
1656 4436 1950 4495 cruciatus

2060 3284 2133 3341 ad
2165 3287 2530 3340 momentum
2564 3300 2799 3357 parcere
2824 3288 3085 3353 noverat,
3116 3285 3260 3358 quin
3301 3287 3505 3346 statim
3556 3306 3706 3347 seve-

2059 3372 2205 3442 rius,
2238 3377 2297 3429 ct
2326 3372 2377 3431 si
2409 3372 2493 3429 ita
2520 3388 2614 3429 res
2637 3374 2992 3446 exposceret,
3034 3373 3212 3430 etiam
3251 3374 3485 3449 publice
3516 3378 3712 3452 objur-

2058 3465 2242 3535 garet.
2276 3463 2415 3519 Erat
2443 3461 2599 3519 idem
2631 3462 2919 3518 Bernerus
2948 3460 3102 3518 inter
3134 3467 3360 3533 caetera,
3405 3482 3521 3539 que
3551 3467 3705 3526 bono

2060 3553 2236 3607 odore
2266 3551 2335 3606 de
2365 3566 2430 3607 eo
2461 3550 2619 3606 fama
2645 3553 3004 3622 resperserat
3051 3552 3162 3619 ³⁵⁷⁸⁸,
3202 3551 3504 3627 religionis
3534 3556 3622 3592 “5’7
3652 3561 3712 3613 et

2060 3637 2350 3712 praecipue
2377 3636 2507 3693 vitae
2538 3635 2937 3709 pudicissima:
2967 3653 3002 3692 a
3026 3654 3207 3710 puero
3237 3638 3489 3713 insignis
3522 3643 3630 3711 ‘5”,
3648 3642 3708 3700 in

2058 3727 2198 3782 vitia
2218 3726 2555 3792 mordax,ut
2583 3741 2689 3780 nec
2718 3724 3121 3796 superioribus
3143 3725 3459 3799 aliquando
3479 3730 3710 3788 cederet

2058 3812 2582 3889 personis.Eloquii
2612 3811 2996 3869 nihilominus
3027 3813 3236 3871 mulita
3264 3815 3318 3872 ei
3349 3822 3712 3886 venustas,et

2058 3905 2316 3979 plurima
2346 3903 2404 3959 in
2436 3903 2752 3959 exortando
2792 3906 2850 3958 et
2879 3902 3230 3975 persuadere
3270 3902 3539 3961 fecilitas.
3572 3906 3712 3963 Cen-

2061 4013 2164 4054 sus
2193 3995 2245 4052 ei
2280 4011 2394 4049 non
2430 3990 2590 4048 nullo
2625 3991 2715 4025 ¹⁵²⁹
2745 3994 3154 4063 sumptuosus,
3187 3993 3287 4047 sed
3318 4009 3424 4048 nec
3469 3995 3710 4052 omnino

2060 4080 2613 4159 abjectus.Simplici
2644 4079 2801 4136 enim
2822 4078 2979 4135 victu
3000 4079 3085 4136 vel
3111 4084 3448 4154 tegumento
3467 4087 3709 4142 conten-

2057 4179 2177 4241 tus,
2209 4173 2257 4230 si
2289 4170 2428 4245 quid
2460 4173 2656 4227 tamen
2704 4184 2907 4226 eorum
2956 4168 3165 4236 fuerat,
3197 4168 3465 4227 lautioris
3509 4172 3710 4231 cultus

2058 4268 2117 4322 et
2144 4267 2211 4319 ut
2238 4276 2386 4335 pene
2414 4261 2715 4316 notaretur
2741 4260 2885 4313 erat.
2919 4256 3004 4313 Ita
3050 4256 3139 4314 vir
3177 4257 3310 4331 puri
3341 4259 3545 4330 animi,
3578 4279 3706 4319 sor-

2058 4353 2221 4409 dium
2252 4348 2603 4407 exteriorum
2634 4348 2920 4403 attactum
2947 4362 3188 4419 prorsus
3211 4347 3466 4420 quadam
3487 4348 3600 4406 sibi
3623 4349 3715 4407 in-

2059 4442 2173 4499 sita
2201 4441 2413 4497 natura
2440 4435 3148 4508 borruerat.'l‘antumque
3179 4435 3475 4508 pudicitia:
3498 4436 3588 4473 ¹⁸³⁰
3603 4435 3711 4494 vir-

290 4531 634 4605 dejicerent,
656 4527 925 4602 lectoque
956 4544 1061 4601 per
1089 4526 1325 4599 aliquod
1376 4526 1502 4583 dies
1550 4543 1664 4583 non
1698 4544 1945 4585 consur-
1978 4544 2024 4611 D
2054 4535 2153 4589 tus
2178 4530 2437 4584 mentem
2469 4525 2556 4560 ¹⁵³¹
2588 4524 2716 4595 ejus
2738 4525 2922 4578 totam
2954 4524 3317 4611 pervaserat,
3336 4526 3403 4611 ut
3422 4540 3539 4596 quo
3563 4524 3711 4582 forte

292 4624 486 4694 geret.

367 4709 457 4764 15.
491 4706 596 4763 Hic
623 4705 777 4761 idem
810 4704 881 4762 de
902 4719 965 4761 se
995 4704 1212 4761 referre
1241 4702 1450 4760 solitus
1496 4709 1641 4773 erat,
1684 4707 1946 4779 tempore

289 4814 413 4870 quo
432 4794 783 4853 Nortmanni
804 4793 1229 4866 irruptionibus
1247 4791 1414 4849 saevis
1434 4791 1589 4850 circa
1612 4794 1943 4868 Sequanam

289 4890 354 4942 et
404 4882 663 4957 Ligerim
721 4880 1121 4955 populabundi
1179 4881 1564 4938 excurrebant
1614 4899 1677 4939 se
1729 4882 1801 4939 ab
1861 4883 1946 4941 eis

288 4972 807 5046 comprehensum,
830 4974 888 5027 et
912 4969 973 5025 in
1000 4974 1174 5042 puteo
1204 4970 1460 5043 quodam
1500 4969 1695 5027 nimiae
1742 4969 1942 5028 altitu-

2053 4620 2179 4677 ioco
2208 4614 2514 4673 mulierem
2545 4611 2768 4669 sedisse
2796 4614 3201 4685 conspexerat,
3225 4610 3385 4667 nullo
3417 4616 3585 4685 pacto
3608 4612 3711 4671 illa

2054 4707 2357 4765 recedente
2381 4703 2586 4761 eodem
2608 4701 2734 4774 ipse
2764 4698 2854 4757 vel
2886 4698 3307 4772 fatigabundus
3349 4700 3705 4759 succederet.

2126 4796 2217 4851 17.
2250 4794 2477 4850 Interea
2504 4789 2760 4846 Joannes
2808 4790 2866 4844 et
2910 4786 3083 4843 Metis
3129 4788 3485 4843 monasterio
3517 4790 3706 4846 sancti

2056 4880 2226 4950 Petri,
2255 4878 2355 4935 ubi
2386 4881 2443 4935 et
2466 4878 2708 4934 domum
2754 4872 3007 4931 vicinam
3059 4872 3334 4942 habebat,
3384 4875 3497 4931 sub
3541 4893 3709 4935 occa-

2054 4972 2217 5028 sione
2248 4966 2518 5025 aecclesiaa
2548 4981 2726 5039 quam
2775 4962 3167 5035 tenebat,quaa
3206 4978 3342 5018 cum
3388 4962 3528 5023 villa
3572 4983 3707 5039 pro-

1659 5094 1898 5153 VARLE
1936 5094 2354 5154 LECTIONES.

369 5202 460 5259 ‘5”
489 5222 556 5279 Β.
588 5240 635 5295 e.
714 5223 802 5295 '5”
831 5221 1122 5295 quendam
1156 5219 1235 5295 1.
1287 5220 1375 5255 ’³³³
1403 5222 1761 5295 genecegi._
1805 5222 1895 5257 ³⁵³⁸
1919 5214 2654 5295 ἱιαᾼρηαη-ἀθᾳθιειιειιθῃξβ.
2732 5213 2822 5295 ίξξδ
2863 5215 3180 5295 atcungque
3225 5212 3441 5295 θεηλξησ
3492 5212 3707 5295 hinc“!

347 5296 479 5378 ‘alia
506 5292 681 5377 quina
698 5294 815 5365 ejus
844 5282 1098 5365 temporis
1126 5294 1361 5365 scriptae.
1403 5282 1528 5327 ν¹⁵²⁷
1562 5290 1800 5349 relionis
1820 5310 1867 5349 ο.
1945 5292 2035 5329 1⁸³⁸
2081 5289 2336 5364 insignia
2380 5305 2428 5345 ο.
2507 5287 2596 5322 ¹⁵²⁰
2646 5282 2837 5340 multu
2889 5298 2936 5339 θ.
3018 5284 3032 5318 ¹

295 5368 430 5423 hinc
442 5367 604 5443 prior
628 5380 825 5421 rursus
852 5380 1072 5420 manus.

3038 5283 3057 5301 Ε

3156 5282 3441 5357 pudititiaa
3488 5301 3537 5342 ο.
3617 5287 3703 5324 πεδί

1883 5488 2118 5546 NOTIE.

368 5616 516 5686 (360)
537 5615 763 5672 Beauce
792 5613 865 5670 ad
888 5612 1162 5687 Ligerim.
