4096 6174
399 271 511 334 251

1294 273 1616 338 JOANNIS
1661 269 2012 336 ABltA'l‘IS.
2061 269 2128 334 S.
2174 269 2514 337 ARNULFI
2557 272 2947 339 METENSIS

3686 280 3810 342 252

397 412 526 486 pria
545 413 735 470 eidem
753 409 1107 470 monasterio
1130 406 1868 481 subjacet,ebdomadarius
1892 403 2041 462 sacri
2072 403 2129 472 Α
2159 408 2680 475 tentum,ordinem
2713 409 3008 468 actionum
3031 408 3663 481 ecclesiasticarum,ad
3696 412 3812 472 hoc

399 502 600 561 altaris
631 503 872 570 ascitus,
907 505 1040 576 post
1068 500 1302 572 aliquod
1334 515 1507 570 quam
1541 496 1757 551 ibidem
1789 494 2041 550 offitium
2085 549 2096 558 ,

325 623 341 634 ~
399 597 629 666 ceperat
654 597 906 665 tempus,
943 589 1042 646 tali
1075 589 1274 645 ordine
1323 585 1532 642 salutis
1563 583 1613 639 ei
1641 583 1868 639 occasio
1899 581 2042 638 divi-

397 683 557 738 nitus
589 681 942 758 providetur.
996 679 1058 732 In
1109 675 1350 746 collegio
1401 673 1728 746 puellarum
1774 673 2039 743 ejusdem

396 769 528 837 loci,
562 769 717 840 quod
744 785 898 822 nunc
924 765 1168 822 feliciter
1195 764 1442 819 Domino
1475 761 1790 818 miserante
1841 778 2039 833 proce-

393 859 498 922 dit,
531 862 654 913 erat
683 856 936 928 quedam
970 853 1232 908 moribus
1277 858 1335 907 et
1381 851 1818 908 conversatione
1847 866 2038 904 remo-

391 947 505 1002 tior
533 964 568 1002 a
598 946 826 1013 ceteris,
860 943 1030 999 annis
1061 942 1379 998 admodum
1413 939 2038 1013 puellaribus,nomine

390 1035 582 1103 Geisa,
619 1050 796 1106 quam
831 1032 1012 1088 amita
1043 1030 1232 1085 eidem
1266 1028 1537 1101 religiosa
1565 1027 1859 1082 secretiori
1883 1027 2037 1098 apud

391 1141 454 1179 se
484 1123 752 1179 custodia
781 1121 1094 1186 educebat;
1127 1118 1233 1174 hcc
1267 1117 1599 1188 Fredeburg
1629 1116 2040 1171 dicebatur.Ea

391 1211 589 1284 itaque
621 1212 792 1267 Geisa
817 1227 951 1265 cum
984 1208 1053 1263 ad
1085 1207 1302 1263 artiora
1331 1223 1391 1260 se
1421 1205 1629 1260 cotidie
1656 1208 1854 1260 sancte
1895 1220 2036 1258 con-

389 1299 736 1357 versationis
767 1297 1282 1363 extenderet,inter
1310 1299 1515 1350 cwtera
1545 1292 1732 1349 sancti
1755 1291 2036 1365 propositi

389 1387 935 1455 ornamenta,etiam
967 1387 1077 1441 sub
1107 1384 1267 1440 omni
1301 1388 1456 1438 veste
1477 1381 1650 1438 cilicii
1674 1397 1846 1437 usum
1870 1379 2033 1436 addi~
2085 1437 2092 1443 ,

388 1475 877 1532 derat.Jobannes
907 1475 1036 1544 ejus
1066 1471 1324 1527 instituti
1353 1471 1441 1504 ³⁵³³
1462 1470 1654 1526 adhuc
1673 1469 1760 1504 ¹⁵³³
1781 1469 2034 1540 vix(361)

389 1568 490 1620 aut
519 1563 756 1620 omnino
789 1563 1051 1635 ignarus,
1102 1560 1244 1615 dum
1293 1559 1547 1631 quadam
1602 1558 1716 1626 die,
1778 1574 2034 1630 quonam

387 1651 679 1709 incertum
725 1651 873 1719 loco,
925 1665 1059 1704 cum
1109 1664 1179 1702 ea
1227 1645 1638 1712 familiaribus,
1672 1647 1738 1700 ut
1783 1661 1917 1700 cum
1951 1661 2038 1700 ce-

2153 500 2211 552 et
2241 495 2593 552 secularium
2643 496 2834 554 edicta
2881 498 3098 573 legum,
3151 501 3223 556 ad
3275 519 3458 558 unum
3507 521 3694 576 usque
3742 505 3814 560 ut

2150 585 2233 640 ita
2263 585 2454 640 dicam
2477 586 2727 642 'verbum
2759 589 2930 644 corde
2953 590 3250 646 recondita
3292 590 3439 647 mire
3488 591 3808 649 continuit.

2151 675 2530 742 Omeliarum,
2557 693 2915 744 sermonum,
2943 695 3008 733 ac
3038 677 3400 736 diversorum
3440 684 3810 736 tractatuum

2151 765 2208 820 in
2240 765 2590 820 lectionibus
2621 765 3002 838 epistularum
3052 767 3139 822 vel
3191 768 3646 842 evangeliorum,
3697 771 3808 825 sed

2149 858 2206 910 et
2251 859 2418 926 gesta
2465 859 2804 908 sanctorum
2854 854 2900 908 si
2953 871 3069 926 qua
3121 859 3262 910 sunt
3305 855 3805 925 memorabilium,

2148 946 2371 998 tantam
2405 942 2672 1014 concepit
2703 941 2995 1010 notitiam,
3029 947 3089 998 ut
3111 943 3390 1014 quociens
3421 945 3806 1016 postmodum

2147 1029 2198 1085 ei
2231 1031 2600 1102 Oportunitas
2633 1032 2777 1086 forte
2805 1017 3150 1087 accessisset
3177 1032 3476 1104 loquendi,
3509 1034 3630 1090 acsi
3683 1052 3807 1106 prae

2145 1117 2331 1174 oculis
2361 1119 2508 1174 liber
2551 1119 2800 1186 adesset,
2851 1136 2884 1174 a
2935 1118 3122 1191 prima
3173 1137 3356 1192 usque
3387 1120 3447 1175 in
3475 1125 3806 1176 extremam

2144 1207 2496 1262 sententiam
2544 1225 2610 1262 ex
2659 1208 2862 1263 ordine
2911 1212 3214 1280 tamquam
3271 1208 3395 1264 visa
3437 1225 3807 1281 persequens

2144 1294 2388 1366 vestigia
2442 1294 2633 1350 verbis
2683 1295 3097 1350 communibus
3146 1295 3418 1350 universa
3457 1296 3804 1352 revolveret.

2143 1382 2426 1438 Cantibus
2448 1381 2858 1438 ecclesiasticis
2884 1383 2994 1438 sub
3021 1383 3173 1438 idem
3197 1383 3803 1456 temporisinsudare,

2143 1487 2250 1526 nec
2280 1471 2517 1526 erubuit
2546 1487 2650 1528 nec
2698 1471 3046 1544 desperavit.
3106 1473 3177 1528 Et
3224 1471 3360 1528 licet
3413 1472 3680 1528 nonnulli
3735 1479 3808 1530 ut

2143 1559 2405 1616 alieniori
2437 1565 2603 1616 aatatc
2636 1559 2832 1615 deludi
2865 1559 3036 1616 tacite
3058 1561 3316 1616 riderent
3342 1560 3808 1634 ingenium,per-

2141 1649 2360 1705 tinacia
2387 1649 2522 1705 boni
2555 1648 2827 1706 desiderii
2859 1648 3126 1722 quamvis
3144 1649 3290 1705 duro
3311 1649 3574 1706 eluctabo
3595 1649 3806 1708 labore

383 1741 526 1798 teris
565 1739 888 1804 adsolebat,
940 1734 1311 1793 sermonibus
1359 1735 1608 1807 quedam
1670 1735 1970 1805 insereret,
2003 1749 2037 1789 a
2066 1771 2116 1836 Β
2145 1755 2387 1811 prorsus
2416 1738 2606 1794 evicit.

386 1835 618 1902 pectore
651 1827 854 1901 puellae
888 1827 1044 1882 intra
1072 1823 1408 1892 interulam,
1443 1841 1572 1896 qua:
1606 1824 1794 1879 fuerat
1843 1821 2028 1877 subti-

384 1917 512 1987 lior,
549 1917 820 1972 umbram
851 1914 1023 1970 cilicii
1053 1913 1125 1969 ad
1156 1927 1392 1967 carnem
1425 1911 1662 1966 latentis
1691 1911 1801 1966 sub
1851 1908 2029 1964 dubio

383 2007 511 2064 visu
543 2004 1043 2079 prospexit.Manu
1064 2001 1332 2074 protinus
1351 2000 1423 2055 ad
1443 1999 1865 2072 explorandum
1887 1997 2028 2070 quid

384 2101 542 2152 esset
572 2095 808 2165 injecta,
838 2091 938 2148 ubi
967 2108 1088 2146 rem
1119 2089 1381 2162 asperior
1411 2092 1598 2144 tactus
1626 2087 1875 2156 edocuit,
1911 2093 2029 2142 stu-

383 2199 523 2258 pore
553 2181 882 2239 vehementi
915 2183 973 2236 et
998 2184 1118 2236 toto
1150 2195 1388 2252 corpore
1427 2183 1676 2234 tremore
1707 2176 2024 2234 exhorruit.

383 2273 531 2342 Quid
565 2272 775 2328 deinde
805 2271 901 2327 hic
930 2269 1167 2326 habitus
1196 2268 1596 2342 praetenderet,
1620 2271 2024 2340 percuntatus,

380 2363 764 2422 verecundior
789 2361 891 2416 illa
919 2363 976 2416 et
995 2359 1205 2415 rubore
1230 2358 1396 2414 vultu
1429 2375 1687 2430 aspersa,
1712 2360 2023 2430 postquam

395 2451 740 2524 aliquandiu
766 2449 1092 2506 obticuerat
1117 2465 1168 2504 :u
1191 2447 1761 2520 Nescis,inquid,nos
1783 2464 1897 2504 non
1927 2445 2027 2504 isti

383 2541 598 2600 saeculo
620 2540 806 2596 vivere
829 2543 930 2595 aut
950 2537 1240 2594 deservire
1271 2537 1480 2592 debere
1501 2536 1530 2591 ?
1561 2536 1674 2592 Hec
1695 2537 1767 2592 ad
1798 2537 2027 2609 quael?“

382 2633 690 2706 plerosque
721 2629 950 2686 deditos
981 2627 1323 2695 video,vana
1352 2643 1595 2698 prorsus
1615 2630 1672 2680 et
1691 2626 2024 2682 animarum

380 2721 768 2796 perditionem
782 2735 909 2774 esse
930 2715 1448 2788 perpendo.Longe
1461 2713 1613 2770 alius
1625 2712 1769 2769 mihi
1791 2713 2026 2771 animus

379 2812 452 2867 ab
481 2809 595 2878 his,
630 2806 848 2882 proprii
877 2810 1106 2861 tantum
1138 2801 1379 2877 periculi
1413 2801 1721 2858 sollicitam
1754 2803 1842 2838 "*5
1873 2803 2026 2876 cogit

378 2899 862 2958 existere.»Plura
876 2896 936 2952 in
957 2895 1114 2951 hunc
1127 2893 1377 2970 [modum
1402 2892 1587 2948 sancti
1609 2891 1882 2948 desiderii
1906 2909 2028 2948 ver-

377 2991 454 3048 ba
479 3007 614 3048 cum
643 2983 1300 3061 replicasset,Johannes
1321 2981 1394 3037 ab
1413 2980 1531 3036 imo
1549 2981 1799 3054 pectoris
1828 2980 1887 3036 in
1909 2981 2025 3038 alta

2221 1827 2302 1884 19.
2337 1826 2467 1882 Haec
2493 1827 2542 1882 ei
2572 1827 2817 1884 interim.
2856 1829 3192 1882 sanctorum
3242 1825 3617 1900 negociorum
3668 1827 3805 1884 ocia

2139 1932 2275 1970 cum
2307 1914 2599 1989 praedictis
2625 1913 2853 1970 ancillis
2901 1913 3000 1969 Dei
3055 1913 3239 1969 fuere.
3289 1915 3369 1970 Ex
3418 1915 3587 1987 cujus
3611 1915 3800 1970 etiam

2137 2004 2362 2078 collegii
2397 2004 2774 2060 multitudine
2803 2002 3114 2076 plerasque
3141 2005 3230 2038 ³⁵³⁸
3271 2003 3344 2058 ab
3394 2003 3612 2059 infimis
3641 2003 3799 2060 dele-

2137 2093 2491 2148 ctationibus
2523 2093 2595 2148 ad
2635 2092 2957 2148 cmlestium
3023 2091 3446 2148 desideriorum
3519 2093 3804 2149 ﬂammas

2136 2184 2270 2256 igne
2313 2182 2493 2237 divini
2542 2181 2755 2254 eloquii
2805 2179 3178 2253 permutavit.
3229 2183 3348 2247 Que
3397 2199 3554 2236 nunc
3602 2198 3802 2256 usque

2135 2275 2314 2328 testes
2339 2270 2563 2326 ordinis
2592 2269 2718 2324 vita:
2750 2269 3151 2342 virtutumque
3182 2271 3310 2341 ejus
3340 2269 3621 2326 existunt.
3655 2271 3798 2328 Jam

2135 2378 2268 2416 vero
2301 2361 2360 2416 in
2391 2359 2612 2416 caeteris
2643 2358 2932 2415 exercitiis
2965 2358 3352 2431 spiritalibus,
3404 2359 3796 2428 continentia,

2129 2450 2378 2522 jejunio,
2412 2447 2648 2523 vigiliis,
2683 2449 3014 2504 orationum
3066 2449 3414 2521 frequentia,
3445 2448 3534 2505 vel
3565 2448 3799 2522 reliquo

2134 2538 2330 2594 labore
2361 2554 2655 2611 corporeo,
2691 2537 3000 2610 carnisque
3031 2537 3434 2610 castigatione,
3469 2543 3697 2610 quanta
3732 2556 3796 2595 se

2132 2627 2344 2684 virtute
2374 2625 2709 2696 accinxerit,
2760 2629 2817 2682 et
2846 2625 2915 2680 de
2951 2625 3043 2682 die
3077 2625 3134 2681 in
3167 2626 3320 2682 diem
3352 2625 3699 2684 melioribus
3731 2646 3796 2684 se

2134 2733 2489 2789 praeparans,
2534 2713 2722 2788 gratia
2770 2715 2984 2770 Christi
3035 2716 3350 2772 comitante
3397 2715 3457 2770 in
3508 2716 3796 2774 ulteriora

2133 2820 2367 2877 semper
2393 2803 2723 2873 tetenderit,
2739 2804 3110 2876 sequentium
3133 2804 3505 2860 attestatione
3535 2823 3790 2878 operum

2133 2892 2377 2950 forsitan
2411 2891 2622 2948 melius
2655 2892 3176 2949 demonstrabitur.

2201 2983 2291 3038 20.
2322 2982 2408 3038 Ad
2437 2981 2641 3038 mundi
2665 2985 3078 3054 contemptum
3110 2986 3168 3039 et
3198 2979 3544 3038 facultatum
3573 2997 3792 3041 renun-

376 3077 664 3135 excitatus
709 3071 966 3145 suspiria
996 3087 1010 3126 :
1048 3092 1076 3120 «
1105 3069 1206 3137 Ve,
1242 3066 1470 3139 inquid,
1511 3067 1725 3124 misero
1774 3067 1918 3124 mihi
1967 3073 2025 3125 et
2060 3136 2094 3145 _
2129 3071 2434 3128 tiationem
2465 3087 2533 3126 ex
2563 3071 2810 3144 integro,
2834 3070 2995 3126 omni
3027 3069 3316 3128 desiderio
3346 3071 3645 3128 estuabat.
3670 3072 3788 3129 Sed

378 3160 885 3239 ignavissimo,qui
916 3157 1140 3216 tamdiu
1166 3172 1360 3212 moras
1381 3173 1498 3211 non
1520 3157 1691 3212 modo
1723 3156 2018 3226 steriliter,
2051 3136 2094 3206 (ἶ
2133 3177 2248 3232 quo
2279 3161 2540 3217 locorum
2573 3176 2636 3215 se
2675 3159 2980 3230 conferret,
3034 3176 3152 3216 non
3203 3159 3372 3216 facile
3423 3161 3790 3234 pervidebat,

377 3255 479 3310 sed
510 3251 688 3309 etiam
719 3247 940 3322 perdite
967 3246 1209 3302 vivendo
1239 3243 1524 3317 protraxit
1558 3243 1790 3301 Scilicet
1817 3262 1910 3302 me
1938 3247 2021 3301 vi-

378 3357 532 3406 rum,
555 3339 714 3394 hunc
743 3334 1097 3407 fragiliorem
1129 3348 1332 3388 sexum
1377 3331 1590 3387 virtute
1621 3332 1824 3406 prmire
1853 3351 2020 3407 opor-

376 3429 510 3484 tuit.
544 3427 688 3483 Nam
711 3441 946 3481 summo
980 3421 1190 3495 probro
1222 3425 1280 3476 et
1303 3420 1798 3489 contumelia,non
1830 3421 2020 3479 solum

375 3535 491 3574 non
521 3531 848 3586 consequor
867 3512 995 3583 jam
1027 3509 1451 3576 ambulantem,
1485 3509 1586 3564 sed
1615 3526 1720 3566 nec
1750 3511 1919 3568 deses
1966 3517 2023 3567 et

373 3606 918 3663 totusherensterre
931 3598 1050 3656 ullo
1062 3603 1226 3654 motu
1245 3597 1697 3670 progredioraut
1718 3599 2017 3656 comiter.»

447 3697 516 3751 18
545 3693 648 3750 His
677 3691 857 3765 igitur
887 3687 1082 3746 aerius
1111 3687 1451 3744 stimulatus
1508 3691 1564 3742 et
1612 3705 1793 3760 supra
1840 3707 2017 3761 quam

372 3783 518 3840 alias
533 3781 781 3838 antehac
801 3779 1154 3851 cujusquam
1176 3774 1439 3848 exemplo
1459 3773 1691 3832 virtutis
1713 3794 2018 3848 accensus,

371 3873 444 3930 de
473 3869 834 3946 perfectioris
860 3868 988 3923 vitea
1011 3865 1377 3921 institutione
1411 3864 1524 3920 lixa
1571 3869 1765 3921 mente
1796 3865 2020 3923 delibe-

372 3965 482 4018 rat.
514 3958 786 4017 Studium
819 3957 1015 4028 itaque
1046 3953 1314 4010 lectionis
1346 3953 1553 4010 divinis
1601 3971 1737 4010 cum
1796 3956 2017 4012 eisdem

372 4047 600 4106 ancillis
634 4047 732 4102 Dei
763 4061 998 4102 summa
1025 4043 1078 4098 vi
1109 4041 1309 4099 statim
1341 4041 1607 4114 arripuit,
1657 4046 1714 4098 et
1761 4043 2019 4116 primum

373 4154 550 4193 sacrze
582 4133 944 4190 bibliotheca:
977 4130 1284 4186 historiam
1304 4129 1530 4186 Veteris
1562 4147 1628 4186 ac
1660 4131 1800 4188 Novi
1825 4133 2022 4189 Testa-

373 4223 557 4282 menti
589 4237 934 4296 percurrens
962 4237 1032 4275 ex
1061 4219 1306 4292 integro,
1330 4217 1539 4274 deinde
1568 4235 1938 4292 quocumque
1959 4221 2019 4278 in

373 4310 585 4368 divinis
622 4308 830 4366 ofﬁciis
875 4307 1050 4363 certis
1096 4306 1460 4378 temporibus
1512 4305 1569 4362 in
1617 4307 1877 4365 zecclesia
1913 4309 2020 4366 fre-

371 4403 708 4476 quentatur,
735 4395 1004 4454 lectionis
1033 4394 1168 4449 libri
1198 4394 1298 4466 qui
1329 4393 1573 4451 Comitis
1602 4395 1816 4453 dicitur
1844 4399 2017 4470 (362),

2131 3249 2274 3306 adeo
2322 3248 2721 3322 exemplorum
2761 3248 2929 3322 copia
2975 3265 3037 3304 se
3095 3265 3165 3304 ex
3220 3251 3344 3305 tota
3389 3248 3499 3305 hac
3547 3249 3791 3323 regione

2130 3338 2512 3405 subduxerat,
2562 3353 2669 3392 nec
2719 3336 2906 3392 ullum
2955 3335 3194 3393 omnino
3243 3337 3670 3394 monasterium
3725 3339 3789 3396 in

2130 3428 2358 3483 cunctis
2387 3424 2699 3498 Cisalpinis
2731 3426 2995 3498 partibus
3027 3427 3128 3482 sed
3158 3431 3215 3482 et
3241 3426 3336 3482 vix
3365 3427 3421 3482 in
3455 3427 3584 3499 ipsa
3616 3427 3794 3484 Italia

2131 3515 2502 3583 audiebatur,
2534 3515 2592 3569 in
2627 3531 2741 3586 quo
2774 3513 3060 3587 regularis
3092 3514 3219 3569 vita:
3251 3513 3557 3588 diligentia
3587 3533 3791 3572 serva-

2131 3607 2307 3660 retur.
2340 3603 2485 3670 Quia
2514 3603 2693 3677 igitur
2722 3619 2836 3676 quo
2884 3619 2945 3659 se
2992 3607 3243 3659 verteret
3272 3603 3600 3677 ignorabat,
3625 3606 3790 3676 quod

2131 3691 2323 3748 solum
2383 3695 2610 3764 poterat
2659 3691 2914 3748 virorum
2961 3693 3364 3764 quorundam,
3418 3709 3566 3765 quos
3627 3694 3794 3751 fama

2127 3781 2419 3854 vulgatior
2451 3782 2537 3816 ³⁵³⁷
2560 3798 2594 3836 a
2615 3779 2985 3838 saecularium
3005 3781 3440 3838 conversatione
3470 3782 3554 3853 sej
3563 3798 3793 3855 ungere

2127 3869 2432 3926 videbatur
2484 3870 2760 3942 frequens
2817 3868 3023 3926 limina
3086 3871 3410 3937 obterebat,
3458 3887 3793 3944 eorumque

2129 3959 2456 4015 actionibus
2505 3959 2794 4026 intentus,
2827 3975 2932 4014 nec
2981 3959 3040 4014 in
3090 3958 3522 4015 conlaborando
3553 3960 3644 3995 ³³³³
3705 3961 3796 4016 in-

2128 4045 2322 4116 ferior,
2347 4062 2612 4102 mensem
2634 4045 2979 4118 plerumque
3009 4050 3110 4102 aut
3135 4064 3202 4103 eo
3230 4045 3505 4120 amplius,
3540 4049 3793 4105 nuncin

2128 4135 2303 4191 istius
2333 4151 2490 4190 nunc
2523 4133 2580 4189 in
2611 4133 2772 4191 illius
2802 4133 3186 4191 contubernio
3208 4139 3264 4191 et
3285 4152 3520 4209 quoquo
3551 4141 3796 4209 poterat

2127 4223 2406 4296 obsequio
2435 4222 2720 4296 exigebat.
2747 4223 2914 4281 Metis
2945 4240 3048 4297 per
3095 4224 3152 4280 id
3185 4225 3464 4298 temporis
3494 4225 3610 4281 duo
3637 4243 3794 4282 con-

2127 4311 2378 4368 tinentis
2403 4311 2530 4368 vitae
2564 4312 2849 4384 praeconio
2881 4313 3026 4369 satis
3073 4311 3330 4369 celebres
3360 4313 3741 4371 habebantur
3775 4335 3790 4384 ;

2127 4400 2275 4456 alter
2319 4399 2646 4458 Rotlandus
2692 4401 2846 4458 scole
2897 4406 3204 4458 cantorum
3255 4401 3316 4458 in
3363 4403 3536 4458 domo
3587 4407 3790 4462 sancti

370 4488 663 4547 orationes
693 4492 750 4543 et
775 4485 824 4542 si
855 4501 974 4558 qua
1001 4486 1142 4538 sunt
1171 4483 1609 4539 sacramentarii
1648 4484 1708 4540 in
1748 4502 1894 4542 usus
1923 4487 2015 4542 di-
2046 4510 2095 4573 η
2126 4489 2406 4561 Stephani
2440 4489 2851 4561 praesidens,et
2873 4488 2934 4545 in
2957 4491 3367 4546 remotioribus
3387 4490 3625 4548 oratorii
3649 4510 3794 4550 san-

369 4596 588 4648 versos,
630 4575 862 4650 regulas
894 4571 1380 4646 supputationum
1422 4573 1854 4646 temporalium,
1887 4592 2015 4646 quae

369 4685 565 4726 coram
597 4663 890 4722 antedicto
923 4662 1172 4716 Bernero
1203 4660 1447 4716 diacono
1495 4660 1661 4732 prius
1703 4679 1772 4718 ex
1829 4663 2017 4720 multa

371 4763 534 4832 parte
565 4756 868 4830 relegerat,
903 4751 1198 4810 memoria:
1245 4751 1517 4808 vicaciter
1561 4753 1688 4824 (363
1736 4757 1802 4810 ut
1842 4771 2014 4812 nemo

369 4843 642 4920 superius
669 4838 1119 4900 commendavit.
1153 4839 1443 4912 Praecepta
1471 4839 1762 4896 canonica:
1785 4839 2015 4896 institu-

366 4933 564 5002 tionis,
593 4933 701 4990 hoc
733 4935 823 4988 est
854 4931 1090 4986 decreta
1131 4926 1532 4996 conciliorum,
1574 4927 1803 5000 judicia
1848 4931 2011 5002 peni-

2125 4577 2201 4634 cti
2232 4576 2716 4650 Michaelis,quod
2746 4583 2871 4634 erat
2901 4577 2960 4634 in
2989 4578 3292 4650 superiora
3322 4580 3586 4650 ejusdem
3619 4581 3790 4637 basi-

2123 4665 2245 4721 licae
2276 4665 2460 4722 sancti
2493 4665 2798 4738 Stephani,
2829 4665 3216 4734 orationibus,
3247 4666 3515 4741 psalmis,
3563 4667 3791 4731 missa~

2123 4771 2372 4827 rumque
2393 4754 3112 4827 celebrationibus,noctes
3129 4755 3374 4829 diesque
3397 4756 3788 4827 continuans;

2121 4842 2269 4899 alter
2293 4843 2727 4901 Warimbertus
2739 4845 2893 4918 apud
2910 4844 3216 4901 basilicam
3246 4845 3434 4902 sancti
3457 4845 3791 4907 Salvatorie

2121 4948 2236 4987 non
2267 4931 2438 5004 longe
2466 4949 2500 4988 a
2529 4931 2803 4988 claustris
2825 4931 3194 5005 clericorum,
3226 4933 3348 5006 pari
3380 4933 3790 4996 nihilominus

1721 5053 1964 5110 VARIIE
2001 5055 2419 5112 LECTIONES.

434 5180 524 5216 ³⁵³³
551 5179 633 5234 Ita
661 5178 788 5234 Lab.
857 5175 1130 5233 uistitutu
1161 5192 1304 5233 corr.
1373 5175 1638 5232 uestituti
1667 5195 1716 5233 ο.
1796 5178 1886 5214 ¹⁵³³
1915 5179 2108 5235 adhuc
2155 5195 2231 5252 pa
2269 5197 2316 5236 c.
2349 5179 2489 5286 quod
2537 5180 2698 5236 Labb.
2750 5195 2960 5252 parum
3009 5183 3266 5254 explicat.
3341 5182 3433 5217 ¹³³δ
3460 5184 3539 5239 ita
3590 5185 3662 5254 ι.;
3698 5193 3797 5244 at-

434 5269 479 5286 m
508 5266 538 5286 ιι
625 5250 714 5286 18³5
745 5247 1051 5286 nnlinitinm
1086 5263 1208 5286 mw
1257 5246 1544 5286 nnlinitnm
1578 5265 1606 5286 ι-
1703 5249 1791 5285 1536
1824 5248 2138 5286 ηιιιτιοαηιιο
2169 5267 2197 5286 ρ
2293 5252 2358 5286 153
2411 5250 2690 5286 l‘nlnmﬁnn
2719 5267 2747 5286 ι-
2845 5252 2934 5286 1538
2965 5268 3032 5286 nn
3069 5270 3081 5283 .
3117 5252 3434 5286 Iahn-mnam.
3458 5270 3486 5286 η

366 5268 480 5326 que
506 5266 556 5306 ε.
625 5250 714 5286 ¹⁸³⁵
744 5247 1055 5305 solicitiam
1085 5263 1226 5304 corr.
1257 5246 1547 5305 solicitam
1577 5265 1623 5305 ο.
1703 5249 1791 5285 ¹⁵³⁶
1822 5246 2215 5323 ρίυταεῳιθὶ.
2293 5252 2336 5286 1⁵

2410 5250 2690 5324 fulgatior
2719 5250 2768 5307 cI
2845 5252 2934 5288 ¹⁵³³
2965 5268 3032 5308 co
3069 5250 3092 5308 Ξ
3116 5252 3434 5309 laborando
3455 5270 3504 5310 ο.

1951 5373 2186 5432 NOT/E.

458 5499 584 5570 361)
613 5498 750 5556 Scil.
777 5513 1004 5570 gnarus.

460 5501 556 5556 361
613 5499 750 5556 Scil.
777 5513 1004 5570 gnarus.

460 5499 588 5644 362i
617 5571 963 5645 Hieronymo
992 5565 1216 5624 tributi.

2191 5501 2334 5573 (363)
2364 5500 2426 5558 Id
2457 5504 2545 5558 est
2571 5501 2942 5574 pervicaciter.
