4098 6170
256 226 373 288 253

1155 224 1257 285 DE
1298 223 1480 284 VITA
1527 216 1854 283 JOANNIS
1896 215 2234 283 ABBATIS
2280 224 2767 299 GORZIENSIS,

3543 230 3660 292 254

255 359 455 416 studio
484 359 544 415 in
576 359 751 417 rebus
783 346 994 416 divinis
1016 359 1248 417 Christo
1268 359 1619 419 deserviens.
1646 360 1901 424 Quorum
1932 354 1990 421 Α
2018 377 2122 417 nes
2144 360 2287 416 nihil
2312 367 2526 431 motus,
2543 363 2884 421 multotiens
2902 363 3078 421 etiam
3096 368 3290 424 tantas
3313 365 3369 422 in
3392 366 3659 424 inbecillo

251 450 368 506 vite
397 449 675 506 omnibus
708 449 1124 523 acceptissima:
1150 453 1330 505 testes
1372 449 1563 505 adhuc
1604 448 1777 504 multi
1808 466 1905 503 su-

253 545 616 613 persunt,ex
658 539 898 612 quibus,
948 539 995 595 si
1046 538 1179 612 quis
1229 539 1384 608 velit,
1438 539 1666 611 plenius
1716 542 1907 611 potest

252 629 577 685 addiscere.

318 720 410 773 21.
447 718 548 774 His
580 718 779 791 itaque
819 735 936 774 non
970 735 1144 791 parvo
1197 722 1455 790 tempore
1502 718 1818 784 cohaerens,
1852 721 1908 772 et

249 807 441 863 multo
465 807 643 863 divini
673 807 864 879 operis
897 807 1091 863 labore
1112 825 1172 863 se
1194 807 1388 880 ipsum
1411 824 1701 873 exercens,
1728 807 1904 860 etiam

251 897 409 968 apud
432 898 679 951 eandem
700 896 885 951 sancti
904 895 1218 951 Salvatoris
1240 896 1542 951 basilicam
1564 894 1905 950 retrusionis

251 985 548 1048 cellulam,
573 984 631 1039 in
656 1002 773 1057 qua
801 971 1082 1058 perpetuo
1113 984 1501 1051 clauderetur,
1529 985 1774 1039 adorsus
1793 988 1902 1040 est.

252 1074 364 1130 Sed
382 1075 556 1130 credo
574 1073 683 1130 loci
712 1074 1186 1130 incommoditate
1207 1074 1695 1146 oti‘ensus,utpotc
1713 1073 1905 1129 medio

251 1163 440 1230 urbis,
474 1166 531 1218 et
572 1162 765 1235 potius
816 1167 1039 1218 secreta
1084 1162 1343 1234 quelibet
1387 1162 1663 1218 silvarum
1711 1161 1906 1217 animo

251 1251 599 1319 meditatus,
634 1248 867 1307 interim
901 1252 1105 1307 statuit
1134 1252 1540 1307 differendum.
1575 1252 1786 1307 Audita
1816 1250 1904 1305 in-

250 1344 413 1396 terea
442 1341 602 1395 fama
628 1340 734 1395 viri
775 1340 1122 1397 venerabilis
1169 1340 1496 1408 Humberti,
1527 1340 1627 1411 qui
1658 1339 1907 1395 Virduni

249 1429 543 1496 reclusus,
568 1434 625 1485 et
654 1427 898 1485 scientia
936 1429 1263 1486 litterarum
1307 1434 1671 1499 sanctarum,
1693 1434 1751 1484 et
1778 1428 1905 1484 lau-

250 1518 470 1574 dabilis
500 1518 631 1574 vita:
652 1517 987 1575 testimonio
1009 1519 1223 1585 clarus,
1245 1524 1303 1574 et
1332 1518 1540 1573 merito
1566 1522 1803 1573 sanctus
1832 1518 1905 1574 ab

248 1608 533 1663 omnibus
563 1624 629 1663 eo
671 1607 780 1663 loci
824 1607 1171 1675 habebatur,
1207 1607 1469 1663 celeriter
1499 1608 1570 1662 ad
1602 1624 1736 1663 eum
1768 1624 1905 1663 con-

248 1696 465 1764 tendit,
507 1701 565 1753 et
609 1696 768 1753 brevi
815 1695 1038 1752 mutuis
1088 1696 1661 1752 confabulationibus
1709 1696 1903 1751 animo

248 1784 409 1840 inter
431 1802 492 1841 se
520 1785 1008 1853 coadolescentes,
1031 1785 1264 1857 aliquod
1290 1785 1415 1840 dies
1449 1801 1582 1840 cum
1605 1801 1671 1840 eo
1693 1784 1902 1856 exegit.

247 1873 533 1929 Omnium
554 1873 769 1931 ibidem
802 1891 1147 1932 excessuum
1171 1891 1411 1930 suorum
1444 1889 1649 1945 puram
1681 1873 1906 1929 confes-

248 1963 481 2019 sionem
504 1964 826 2036 deponens,
850 1981 918 2019 ex
942 1964 1143 2019 eodem
1168 1963 1481 2019 venerabili
1504 1962 1623 2017 viro
1658 1962 1906 2017 formam

249 2051 589 2124 penitentia:
620 2053 793 2125 cepit.
818 2053 1106 2109 Carnibus
1141 2056 1214 2108 ut’
1236 2056 1475 2124 putatur
1505 2052 1576 2107 ab
1608 2050 1735 2123 ipso
1762 2054 1907 2106 tem-

250 2158 395 2213 pore
418 2141 660 2197 omnino
683 2141 989 2209 abstinuit,
1011 2143 1313 2215 etjejunia
1334 2141 1445 2198 sibi
1469 2158 1701 2214 semper
1720 2140 1908 2197 amica

248 2228 569 2302 infatigato
601 2230 791 2303 rigore
821 2230 1087 2304 arripuit.

326 2322 420 2372 22.
455 2318 603 2373 Cum
630 2335 765 2375 vero
805 2319 1205 2391 comperisset,
1238 2323 1296 2375 et
1333 2320 1584 2375 alterum
1615 2320 1907 2392 quendam

249 2406 591 2463 solitarium
624 2408 684 2463 in
715 2407 927 2464 vicinia
956 2410 1218 2479 ejusdem
1252 2409 1526 2474 civitatis,
1548 2408 1704 2463 intra
1728 2425 1909 2464 remo-

246 2496 405 2552 tiora
438 2497 625 2553 saltus
656 2496 757 2570 qui
786 2498 1058 2570 Argenna
1090 2499 1237 2569 (364)
1269 2497 1502 2567 dicitur,
1535 2496 1906 2563 commorari,

246 2585 436 2641 etiam
468 2586 628 2643 hunc
655 2586 858 2642 eadem
900 2587 1138 2642 fervoris
1170 2587 1453 2642 instantia
1495 2586 1654 2655 adiit,
1679 2586 1729 2642 si
1763 2586 1909 2642 forte

245 2673 479 2730 ibidem
504 2675 792 2730 desiderio
805 2676 905 2730 diu
927 2680 1205 2748 concepto
1219 2676 1288 2731 de
1307 2674 1528 2731 heremi
1549 2674 1908 2731 habitatione

244 2763 594 2819 satisfacere
618 2768 834 2835 posset.
859 2764 962 2819 Hic
983 2768 1179 2820 autem
1211 2763 1531 2832 solitarius,
1554 2764 1907 2820 Lantbertus

244 2852 517 2921 nomine,
550 2857 607 2909 et
638 2852 899 2909 moribus
930 2858 988 2908 et
1027 2853 1272 2909 scientia
1302 2853 1541 2909 omnino
1571 2852 1906 2909 rusticanus

244 2946 402 3009 erat,
432 2945 489 2997 et
520 2941 634 2997 nisi
656 2942 810 3014 quod
844 2942 1066 2997 multus
1097 2941 1280 3010 labor,
1304 2958 1420 3013 quo
1452 2941 1596 2998 satis
1614 2957 1908 3014 superque

245 3030 581 3086 durissimo
611 3035 668 3086 et
683 3030 845 3087 velut
872 3030 1351 3101 inrationabilijse
1373 3030 1568 3103 ipsum
1599 3031 1903 3098 atterebat,

242 3136 387 3175 eum
424 3118 796 3191 aliquatenus
842 3119 902 3174 in
950 3120 1124 3175 rebus
1172 3119 1387 3175 divinis
1437 3119 1903 3187 commendabat,

244 3207 403 3264 alias
436 3207 687 3265 stolidus
716 3213 773 3264 et
792 3209 1039 3281 agrestis
1070 3213 1226 3264 totus
1252 3208 1510 3282 parebat,
1533 3212 1600 3263 ut
1629 3207 1730 3280 qui
1763 3209 1907 3263 forte

244 3297 651 3353 inﬁrmiorum
709 3314 845 3353 eum
902 3302 1299 3370 conspexerat,
1351 3298 1535 3353 risum
1581 3300 1777 3353 tenere
1814 3295 1907 3351 vix

246 3389 473 3458 posset.
500 3386 756 3458 Tegendi
785 3386 1045 3459 corporis
1067 3386 1244 3442 etiam
1267 3388 1322 3440 et
1349 3385 1832 3441 verccundiorum
1855 3384 1906 3440 ei

246 3493 398 3532 cura
430 3480 756 3547 postrema;
780 3475 1164 3547 similiterque
1187 3475 1301 3530 cibi
1321 3474 1405 3530 vel
1430 3478 1602 3547 potus
1631 3474 1802 3547 longe
1821 3491 1907 3529 ce-

246 3566 395 3620 teris
428 3563 779 3620 mortalibus
810 3581 953 3619 usus
982 3562 1306 3620 dissimilis.
1331 3563 1588 3619 Medium
1610 3563 1904 3636 integrum

246 3654 456 3709 farina:
489 3652 549 3707 in
582 3669 768 3708 unum
815 3653 1158 3726 plerumque
1206 3668 1418 3725 panem
1451 3653 1769 3725 redegerat,
1805 3651 1904 3724 qui

248 3758 523 3799 mensem
545 3746 646 3797 aut
667 3745 818 3797 certe
834 3742 981 3798 duos
999 3742 1049 3798 ei
1067 3741 1569 3809 sufficeret,donec
1587 3757 1701 3813 pra:
1723 3739 1908 3794 nimia

247 3830 479 3887 duritia
510 3831 622 3886 nisi
653 3830 841 3887 securi
891 3848 1006 3886 non
1053 3834 1249 3902 posset
1297 3829 1622 3902 effringere,
1655 3828 1905 3900 indeque

248 3920 365 3977 sibi
398 3919 751 3993 particulam
778 3919 850 3976 ad
883 3920 1115 3992 pondus
1141 3918 1349 3974 cotidie
1382 3918 1734 3991 praeriperet.
1761 3918 1903 3973 ltem

245 4010 510 4067 lebetem
559 4008 1005 4082 permaximum,
1030 4007 1226 4064 holere
1274 4024 1339 4063 ac
1383 4006 1680 4079 legumine
1728 4005 1905 4062 simul

247 4098 523 4172 plenum,
556 4097 616 4151 in
647 4113 832 4152 unum
862 4096 1106 4164 excoxit,
1130 4097 1285 4168 quod
1318 4096 1640 4168 repositum
1671 4095 1902 4165 cotidie,

249 4188 402 4242 dum
423 4184 565 4258 quid
590 4184 808 4241 residui
838 4184 968 4255 fuit,
992 4185 1065 4240 ad
1091 4200 1430 4240 mensuram
1452 4200 1607 4256 aqua
1623 4185 1806 4240 cruda
1826 4201 1908 4240 re-

248 4274 518 4331 solutum
538 4274 814 4347 percepit.
830 4274 1036 4330 Subito
1051 4272 1312 4345 quolibet
1328 4272 1543 4329 mentis
1558 4272 1817 4345 impulsu
1839 4290 1907 4330 ex

246 4364 499 4420 heremo
527 4380 589 4419 se
635 4362 951 4436 poripiens,
985 4361 1154 4418 villas
1186 4362 1275 4397 “53°
1304 4366 1361 4418 et
1410 4361 1673 4418 civitates
1704 4362 1906 4418 subin-

2016 467 2255 523 corpore
2285 452 2434 508 vires
2458 470 2589 508 cum
2615 454 2868 525 quodam
2900 460 3138 527 stupore
3166 472 3365 511 secum
3393 472 3661 529 compen-

2017 546 2393 596 sans—erat
2433 542 2588 597 enim
2640 542 2823 599 macie
2868 548 2927 598 et
2974 544 3245 616 squalore
3293 544 3475 601 nimio
3524 562 3659 601 con-

2017 628 2200 684 fectus
2224 662 2289 669 —
2312 647 2447 687 cum
2468 648 2534 686 eo
2557 631 2900 704 aliquandiu
2932 638 3021 688 est
3048 639 3463 701 commoratus,
3490 632 3665 690 cellu-

2016 717 2134 772 lam
2170 736 2399 790 quoque
2432 720 2542 775 sibi
2574 722 2646 776 ad
2677 721 3066 777 habitandum
3115 723 3425 797 compegit.
3462 723 3662 780 Plures

2015 810 2155 861 tunc
2185 824 2253 862 ex
2280 808 2493 863 vicinio
2523 809 2771 864 civitatis
2802 810 2937 866 illuc
2966 812 3190 867 visendi
3222 812 3409 885 gratia
3436 812 3665 867 venien-

2016 899 2126 960 tes,
2159 900 2215 950 et
2244 913 2471 968 queque
2503 899 2850 953 necessariis
2895 899 3101 955 usibus
3132 901 3512 967 conferentes,
3545 917 3660 955 non

2016 984 2329 1040 minimum
2364 987 2421 1040 in
2454 990 2654 1041 sancto
2685 987 2972 1043 desiderio
2989 990 3475 1044 accendebantur.
3509 990 3665 1045 Inter

2015 1089 2161 1144 quos
2192 1078 2247 1128 et
2278 1075 2552 1146 praefatus
2603 1076 2960 1131 Humbertus
3007 1076 3352 1148 plerumque
3383 1078 3662 1132 accedens

2015 1162 2380 1234 subindeque
2408 1165 2707 1229 recedens,
2732 1181 3156 1236 nonnunquam
3186 1170 3243 1219 et
3272 1165 3504 1236 aliquod
3538 1164 3663 1220 dies

2013 1251 2375 1319 subsistens;
2408 1256 2465 1306 et
2494 1252 2731 1323 quidam
2771 1252 2858 1308 vir
2903 1253 3136 1309 natione
3168 1252 3369 1319 Britto,
3401 1253 3663 1309 Andreas

2016 1339 2271 1406 nomine,
2296 1339 2635 1396 liberalibus
2657 1341 2920 1412 adprime
2941 1341 3155 1397 studiis
3174 1341 3459 1408 eruditus,
3485 1342 3586 1397 sed
3607 1346 3665 1398 et

2015 1427 2197 1483 animi
2227 1428 2442 1484 virtute
2472 1429 2837 1501 prazpollens,
2861 1431 3093 1502 etquod
3125 1430 3219 1486 his
3245 1431 3440 1501 majus
3469 1433 3577 1498 est,
3603 1432 3663 1486 in

2015 1516 2211 1571 divina
2233 1518 2552 1573 admodum
2583 1518 2906 1573 studiosus.
2934 1519 3035 1574 Hic
3058 1520 3129 1573 de
3150 1518 3341 1591 patria
3365 1517 3561 1573 insula
3583 1518 3666 1573 in-

2017 1605 2319 1661 festatione
2349 1607 2865 1674 Nortmannorum,
2900 1607 3129 1663 cunctis
3159 1608 3424 1679 ejusdem
3456 1605 3664 1662 insula

2014 1691 2223 1749 incolis
2253 1698 2354 1749 aut
2384 1695 2594 1751 occisis
2633 1701 2735 1751 aut
2781 1695 3016 1768 fugatis,
3050 1712 3184 1751 cum
3234 1695 3505 1768 pluribus
3533 1694 3664 1751 aliis

2017 1782 2204 1838 doctis
2224 1801 2385 1855 aeque
2413 1801 2479 1839 ac
2500 1784 2865 1856 sapientibus
2886 1783 3026 1839 viris
3047 1784 3274 1856 pulsus,
3299 1801 3331 1839 a
3354 1784 3664 1839 reverendo

2017 1871 2345 1927 sanctitatis
2396 1872 2668 1944 episcopo
2710 1872 2966 1938 Dadone,
2999 1872 3171 1942 cujus
3217 1889 3397 1944 supra
3447 1871 3665 1927 mentio

2017 1958 2171 2015 facta
2218 1964 2308 2015 est
2337 1963 2506 2030 (365),
2542 1960 2601 2016 in
2652 1960 3148 2016 Monte-Falconis
3195 1960 3343 2031 (366)
3373 1975 3509 2014 cum
3562 1976 3663 2015 no-

2018 2047 2198 2104 nullis
2218 2050 2317 2121 qui
2339 2066 2473 2104 eum
2500 2068 2567 2105 eo
2591 2050 2945 2105 advenerant
2968 2048 3329 2106 Brittonibus
3369 2052 3663 2121 exceptus,

2017 2141 2074 2192 et
2103 2137 2247 2194 satis
2277 2137 2593 2194 liberaliter
2621 2142 2712 2195 est.
2739 2141 3114 2211 procuratus.

2088 2228 2179 2281 24.
2212 2228 2358 2282 Cum
2388 2227 2481 2282 his
2530 2227 2964 2283 communicato
3013 2225 3276 2292 consilio,
3309 2229 3509 2281 utrum
3540 2224 3666 2281 loco

2017 2315 2221 2371 eodem
2249 2316 2359 2371 sibi
2393 2316 2630 2372 salubre
2656 2333 2723 2372 ac
2745 2316 3090 2390 frugiferum
3117 2318 3272 2371 esset
3302 2330 3556 2381 manere,
3582 2312 3665 2369 illi

2017 2407 2083 2459 ut
2111 2404 2265 2460 cauti
2294 2409 2352 2460 et
2380 2404 2538 2460 illius
2569 2409 2960 2478 portentuosa:
3001 2402 3339 2460 stoliditatis
3369 2402 3666 2459 heremitaa

2018 2509 2250 2548 morum
2285 2511 2397 2549 non
2430 2493 2640 2565 ignari,
2664 2495 2735 2550 ab
2766 2495 2894 2564 ejus
2924 2492 3354 2549 cobabitatione
3383 2491 3668 2548 omnimo-

2017 2581 2110 2636 dis
2139 2582 2405 2637 animum
2433 2583 2821 2650 deflexerunt;
2848 2582 3100 2637 maxime
3120 2582 3322 2637 eodem
3345 2581 3664 2637 Humberto

2018 2671 2318 2736 suadente,
2353 2674 2417 2725 ut
2450 2671 2695 2726 Romam
2726 2669 3069 2725 memoriam
3102 2670 3406 2725 beatorum
3434 2672 3664 2741 aposto-

2016 2757 2633 2831 lorum'supplicatum
2658 2759 2820 2832 prius
2844 2758 3003 2813 adire
3022 2761 3354 2830 temptaret,
3378 2758 3529 2829 quod
3556 2756 3667 2812 iter

2014 2845 2141 2919 ipse
2163 2849 2289 2919 jam
2320 2848 2545 2903 dudum
2592 2848 2710 2903 Deo
2741 2846 2991 2919 propitio
3033 2849 3319 2919 exegerat,
3342 2849 3401 2901 et
3447 2843 3530 2901 sic
3560 2845 3664 2901 de.

2016 2954 2178 2993 mum
2210 2936 2327 2992 vita
2356 2936 2567 2993 comite
2613 2935 2863 3003 rediens,
2897 2935 3053 3007 quod
3084 2933 3144 2989 in
3174 2942 3497 2989 commune
3518 2932 3664 2989 ratio

2015 3027 2443 3083 demonstraret
2472 3025 2689 3099 pariter
2708 3027 3164 3096 exsequerentur
3183 3023 3293 3078 '5‘0.
3316 3022 3448 3077 Mox
3467 3038 3663 3081 moras

1940 3088 1986 3156 Ο
2015 3133 2218 3171 omnes
2242 3114 2422 3171 animi
2455 3116 2675 3170 fervore
2700 3113 3095 3185 disrumpens,
3120 3114 3360 3182 sumptu
3383 3127 3524 3166 sane
3545 3128 3662 3166 non

2013 3204 2254 3278 ignobili
2287 3205 2455 3272 facto,
2483 3205 2593 3259 iter
2621 3219 2838 3276 magna
2861 3218 2970 3275 ope
2990 3202 3266 3256 maturat.
3286 3198 3553 3256 Sociatus
3572 3203 3665 3255 est.

2014 3294 2063 3351 ei
2099 3295 2382 3349 Bernacer
2413 3292 2651 3365 quidam
2702 3291 2972 3357 clericus,
3006 3289 3192 3345 multo
3241 3291 3374 3343 ante
3403 3291 3664 3360 tempore

2014 3401 2149 3441 cum
2180 3383 2570 3439 Warimberto
2613 3381 2732 3448 illo,
2766 3381 2837 3437 de
2886 3396 3002 3452 quo
3054 3394 3235 3450 supra
3281 3376 3503 3432 dictum
3549 3380 3658 3443 est,

2015 3471 2185 3529 Metis
2216 3472 2369 3544 apud
2417 3469 2724 3527 ecclesiam
2776 3469 2963 3525 sancti
3009 3464 3323 3524 Salvatoris
3371 3469 3658 3532 versatus,

2015 3578 2194 3616 manu
2225 3560 2462 3616 libraria
2508 3559 2718 3616 ceteris
2747 3559 2876 3630 ejus
2909 3554 3189 3628 temporis
3237 3571 3353 3610 non
3401 3553 3659 3621 inferior,

2014 3649 2261 3707 canendi
2292 3648 2604 3721 disciplina
2631 3648 2951 3703 admodum
2982 3647 3286 3717 praestans,
3315 3643 3415 3698 sed
3438 3646 3496 3697 et
3517 3641 3662 3697 artis

2015 3737 2402 3794 calculatoria:
2444 3734 2937 3801 studiosissimus,
2970 3736 3293 3802 caateroque
3336 3728 3570 3801 ingenio
3599 3728 3660 3783 in

2015 3827 2189 3882 rebus
2221 3841 2336 3880 non
2367 3823 2681 3884 minimum
2714 3821 2959 3894 pollens,
2984 3818 3143 3875 tenui
3174 3816 3409 3890 quidem
3443 3833 3525 3884 re,
3559 3817 3659 3872 sed

2014 3913 2315 3970 devotione
2344 3913 2405 3967 in
2436 3910 2633 3967 divina
2661 3910 2879 3983 optime
2907 3906 3233 3964 cumulata.

2083 4004 2174 4059 25.
2210 4002 2522 4073 Postquam
2564 4015 2697 4054 vero
2749 3998 2994 4053 Romam
3023 3993 3261 4050 veniens
3281 3995 3425 4048 vota
3473 3992 3659 4048 sancti

2016 4090 2287 4148 desiderii
2316 4090 2473 4145 circa
2509 4088 2638 4143 loca
2665 4102 2896 4159 queque
2925 4087 3131 4141 sancta
3160 4080 3426 4154 explevit,
3450 4079 3661 4153 cupido

2015 4197 2148 4237 eum
2173 4180 2233 4234 in
2252 4177 2531 4235 ulteriora
2547 4174 2824 4232 tendendi
2844 4172 3102 4245 amplius
3122 4169 3315 4244 erepit.
3340 4168 3542 4242 Ibique
3565 4168 3665 4225 ali-

2015 4270 2230 4344 quibus
2258 4285 2327 4324 ex
2347 4265 2628 4322 comitatu
2652 4262 2911 4330 relictus,
2935 4261 3060 4335 ipse
3082 4277 3216 4317 cum
3240 4259 3514 4332 praedicto
3536 4259 3664 4314 Ber-

2015 4375 2190 4416 naero
2210 4355 2530 4430 paucisque
2553 4352 2907 4426 quibusdam
2929 4348 3271 4422 expeditior,
3295 4364 3482 4419 usque
3503 4363 3663 4402 mon-

246 4452 451 4521 travit,
471 4434 729 4525 itemque
760 4434 993 4525 repente
1016 4450 1235 4507 cellulae
1265 4450 1763 4507 condidit.Noctis
1784 4450 1902 4523 ple-
1933 4457 1981 4523 Ι)
2007 4456 2125 4508 tem
2157 4444 2343 4501 sancti
2363 4441 2564 4516 Angeli
2587 4439 2955 4514 cognomine,
2979 4438 3078 4512 qui
3098 4440 3402 4510 Garganus
3423 4434 3657 4525 dicitur,

248 4558 511 4613 rumque
538 4540 730 4597 medio
752 4540 965 4597 missas
985 4557 1247 4609 exorsus,
1276 4539 1451 4595 etiam
1479 4538 1526 4595 si
1558 4538 1641 4595 sic
1671 4539 1905 4596 animus

245 4630 396 4686 tulit
414 4628 664 4702 vesperi,
680 4633 781 4685 aut
800 4633 955 4698 ante,
970 4632 1075 4685 aut
1096 4628 1207 4685 sub
1224 4628 1374 4685 lucis
1395 4627 1758 4700 crepusculo,
1774 4633 1907 4701 post

245 4720 421 4776 bidui
454 4718 706 4775 triduive
745 4718 1066 4791 jejunium,
1100 4721 1165 4774 ut
1212 4716 1458 4773 defectio
1489 4716 1747 4790 corporis
1774 4717 1903 4784 fuit,

247 4826 377 4865 non
428 4807 546 4864 diei
598 4823 714 4862 non
766 4806 952 4863 noctis
989 4806 1179 4863 ullum
1210 4810 1443 4878 tempus
1492 4805 1553 4861 in
1596 4806 1907 4861 reﬁciendo

246 4901 556 4954 servatum
589 4900 700 4952 est.

320 4986 419 5042 23.
445 4985 529 5041 De
550 4985 723 5056 cujus
746 4983 1204 5041 conversationis
1225 4983 1383 5039 vario
1405 4983 1672 5056 preludio
1695 4983 1907 5039 Johan-

2014 4538 2177 4597 ocius
2199 4531 2579 4607 percucurrit.
2605 4531 2737 4602 Ipso
2759 4533 2955 4584 tamen
2995 4526 3202 4583 itinere
3242 4527 3500 4580 montem
3522 4523 3659 4578 Cas-

2014 4628 2213 4685 sinum
2246 4625 2411 4679 beato
2450 4618 2759 4676 Benedicto
2808 4616 3097 4691 insignem
3129 4618 3187 4670 et
3216 4610 3663 4684 congregatione

2014 4713 2437 4774 monachorum
2460 4709 2821 4780 frequentem
2841 4704 3201 4768 conscendit,
3233 4714 3488 4771 cumque
3515 4698 3662 4770 ipsis

2015 4803 2199 4863 servis
2218 4800 2320 4858 Dei
2344 4798 2580 4871 aliquod
2603 4796 2728 4852 dies
2751 4797 3076 4851 remoratus
3098 4792 3206 4860 '5“,
3230 4787 3417 4847 sancti
3439 4806 3660 4864 priapo-

2015 4892 2113 4951 siti
2142 4888 2406 4963 vestigia,
2430 4902 2541 4959 que
2561 4884 2641 4940 ibi
2674 4881 2957 4939 nonnulla
2980 4884 3343 4954 supererant,
3370 4880 3660 4938 curiosius

2015 4976 2351 5054 exploravit.
2386 4972 2691 5032 Interioria
2719 4971 2897 5028 etiam
2937 4968 3038 5024 illa
3067 4967 3280 5025 marini
3311 4968 3499 5040 sinus,
3533 4987 3661 5042 quae

1610 5124 1851 5181 VARLE
1890 5120 2308 5181 LEGTIONES.
2616 5200 2623 5206 _

325 5228 419 5261 ω’)
450 5224 621 5282 uulas
651 5242 792 5282 corr.
826 5224 1019 5281 uuilas
1047 5242 1093 5280 c.
1175 5225 1264 5259 ¹⁵⁴⁰
1284 5226 1341 5280 et
1372 5225 1755 5295 sequerentur
1789 5223 1837 5278 1.
1864 5221 1953 5279 vel
1984 5219 2441 5291 exsequerentur
2466 5216 2521 5269 2.
2601 5211 2685 5247 ‘5“
2720 5211 2984 5266 remotus
3018 5210 3066 5264 1.

1833 5347 2048 5405 NOTIE
2060 5385 2072 5404 .

322 5450 478 5517 (364)
510 5448 805 5521 Hodieque
829 5449 1117 5521 Argonne.

326 5522 479 5591 (365)
510 5520 573 5574 C.
607 5523 693 5575 12.

2081 5442 2233 5512 (366)
2265 5437 2672 5503 Montfaucon;
2703 5433 2834 5490 vide
2866 5433 3025 5490 Flod.
3062 5432 3129 5489 II.
3165 5433 3232 5488 R.
3265 5449 3344 5507 ιν,
3375 5431 3463 5489 39.
