4096 6174
427 271 544 332 Ξὸὅ

1244 243 1267 262 ⁸
1305 268 1626 331 JOANNIS
1675 265 2002 330 ABBATIS
2047 267 2114 330 s.
2161 268 2504 331 ARNULFI
2549 271 2960 333 METENSIS.

3717 271 3842 332 256

427 400 644 460 civitati
675 401 912 477 Neapoli
954 402 1240 476 adjacent,
1274 418 1574 458 servorum
1605 400 1706 456 Dei
1739 398 2074 456 habitacula
2093 381 2146 469 Α
2178 403 2317 460 hinc
2337 403 2972 478 propulsis,virtutibus
2988 401 3842 472 hincintromissis,edificinm

427 493 538 550 sub
560 493 798 549 nomine
820 486 1006 549 sancti
1025 490 1362 556 Salvatoris,
1384 494 1639 544 montem
1665 489 1905 544 Bellium
1927 489 2072 562 (367)

429 583 587 639 haud
621 582 822 655 procul
881 585 1159 654 perpetuo
1189 594 1399 650 vapore
1445 580 1766 633 fumantem
1801 577 2070 644 miratus,

427 672 768 744 penetravit,
794 684 1112 738 eorumque
1143 665 1508 722 orationibus
1534 682 1594 721 se
1627 667 2070 734 commendans,

425 758 692 815 nonnihil
715 755 1135 813 benedictionis
1153 771 1220 810 ex
1241 755 1460 828 hisque
1482 771 1680 812 secum
1703 755 1836 811 tulit
1852 755 2071 812 eisdem

424 847 605 903 servis
637 847 735 902 Dei
766 843 1013 916 largitus
1045 849 1154 900 est.

493 937 582 990 26.
615 934 876 991 Tandem
908 934 1136 989 Christo
1169 934 1339 999 duce,
1373 933 1522 989 felici
1556 950 1732 988 cursu
1761 937 1817 988 et
1846 935 2074 988 cunctis

423 1039 701 1098 prospere
750 1023 863 1078 sibi
909 1021 1251 1078 cedentibus
1299 1023 1538 1077 domum
1593 1039 1916 1094 regressus,
1968 1037 2074 1077 nec

423 1129 607 1180 mora,
643 1112 927 1168 monitore
975 1127 1080 1167 suo
1127 1110 1447 1166 Humberto
1494 1114 1795 1177 convento,
1831 1109 2074 1166 consilio

423 1201 632 1274 ipsius,
657 1200 796 1274 quia
828 1199 990 1256 locus
1013 1198 1318 1256 desideriis
1341 1216 1540 1255 eorum
1575 1203 1748 1272 aptus
1778 1215 2073 1271 nusquam

423 1290 998 1356 occurrebat,secum
1024 1287 1254 1343 interim
1278 1287 1433 1342 domi
1459 1288 1796 1356 subsistere,
1813 1293 1869 1343 et
1885 1289 1933 1343 si
1959 1302 2074 1360 qua

422 1377 530 1451 piae
563 1375 807 1433 actionis
851 1380 1078 1449 poterat
1124 1375 1344 1432 ibidem
1393 1392 1676 1444 exercere,
1711 1391 2073 1449 quamquam

421 1466 740 1522 admodum
766 1481 914 1537 aegre
944 1466 1132 1520 satius
1158 1465 1245 1500 ¹⁵⁴²
1264 1465 1450 1520 duxit.
1473 1466 1724 1538 Eratque
1746 1469 1945 1538 utpote
1968 1472 2076 1539 qui

413 1555 671 1628 ﬁguram
701 1555 882 1624 hujus
923 1551 1127 1609 mundi
1173 1552 1470 1627 praeterire
1501 1555 1842 1626 quantotius
1872 1556 2074 1612 adten-

414 1642 615 1711 "debat,
649 1642 874 1698 habens
903 1647 1206 1714 tamquam
1251 1658 1364 1699 non
1418 1642 1660 1712 habens,
1695 1659 1896 1702 emens
1922 1649 2074 1702 tam.

2183 511 2414 550 morum
2445 492 2664 566 optime
2693 493 3154 566 compositorum
3183 497 3450 549 stuctura
3479 493 3842 566 perpulchra

2181 582 2444 650 erexerit,
2473 598 2822 655 magnorum
2855 580 3225 654 ingeniorum
3250 582 3491 637 "Wires
3537 582 3632 638 vix
3663 601 3844 656 posse

2180 672 2448 744 expedire
2479 671 2778 738 existimo;
2812 687 2945 726 cum
2979 674 3130 726 certe
3153 669 3259 725 hec
3289 670 3358 725 ad
3390 687 3476 740 ea,
3501 687 3616 743 que
3638 671 3841 729 divino

2181 777 2426 816 munere
2456 764 2589 833 post
2617 760 2674 814 in
2699 759 3135 815 conversatione
3165 759 3565 817 monasteriali
3589 761 3838 832 peregit,

2179 849 2359 906 inicia
2407 849 2660 922 quedam
2705 847 2864 904 velut
2907 854 2964 905 et
3013 849 3240 920 abjecta
3268 848 3498 904 valeant
3547 851 3836 922 reputari.

2181 940 2297 995 Hec
2347 945 2541 994 autem
2593 937 2792 993 omnia
2836 937 2992 992 intra
3029 935 3227 992 abdita
3275 937 3504 1007 domus,
3538 939 3656 994 Deo
3709 939 3837 995 SUlO

2177 1027 2445 1095 teste,vix
2477 1027 2772 1099 aliquibus
2795 1044 2860 1082 ex
2882 1025 3104 1081 familia
3125 1043 3158 1080 a
3178 1025 3836 1100 consciis,operabatur,

2183 1117 2651 1174 cavens.omnino
2675 1116 2821 1172 scire
2843 1115 3139 1171 sinistram
3165 1115 3303 1187 quid
3333 1115 3544 1171 faceret
3568 1117 3836 1184 dextera,

2182 1210 2240 1262 et
2259 1209 2324 1260 ut
2345 1210 2552 1260 tenera:
2574 1204 2951 1276 plantationis
2973 1203 3310 1274 virgultum,
3335 1205 3679 1278 priusquam
3709 1205 3839 1261 suf-

2177 1294 2399 1350 ﬁcienti
2435 1293 2771 1366 irrigatione
2803 1291 3382 1364 radicem‘dcﬁgeret,
3409 1309 3622 1350 manus
3655 1298 3840 1366 atque

2179 1387 2487 1439 ventorum
2511 1386 2840 1437 contactum
2875 1399 2989 1436 non
3021 1381 3167 1436 bene
3188 1381 3489 1438 credulum
3511 1383 3835 1438 devitabat.

2183 1470 2286 1528 His
2315 1488 2472 1544 ergo,
2500 1469 2776 1543 quoniam
2811 1471 2881 1526 ad
2924 1469 3078 1524 dicta
3121 1470 3296 1525 rebus
3329 1472 3688 1542 exaequanda
3719 1473 3838 1528 ari-

2184 1560 2336 1616 ditas
2377 1559 2596 1634 ingenii
2649 1557 2892 1616 minime
2937 1558 3176 1628 sufficit,
3213 1559 3639 1632 praetermissis,
3685 1558 3842 1616 ordi-

2183 1666 2318 1707 nem
2351 1665 2546 1706 rerum
2580 1647 2772 1722 potius
2805 1665 3214 1721 exsequamur.

414 1738 597 1805 quam
612 1730 1254 1836 nonpossidensmtens
1271 1733 1380 1788 hoc
1395 1733 1933 1808 mundotamquam
1953 1749 2068 1791 non
2254 1739 2344 1794 29.
2379 1739 2629 1794 Sanctus
2662 1739 2828 1794 Pater
2871 1742 2926 1793 et
2973 1737 3210 1792 unicam
3256 1736 3318 1792 in
3365 1737 3458 1792 bis
3487 1739 3838 1811 regionibus

415 1824 609 1877 utens.
630 1821 702 1876 Et
721 1821 849 1892 jam
881 1823 1040 1900 totus
1061 1818 1398 1877 ccnlestibus
1424 1821 1698 1894 ﬂagrans,
1725 1822 1917 1894 specie
1946 1823 2070 1880 sola

415 1903 512 1966 res
540 1907 910 1965 transitorias
959 1907 1268 1982 disponere
1295 1909 1620 1965 videbatur.
1653 1909 1922 1967 Ceterum
1953 1911 2070 1968 vita

417 2000 552 2071 ejus
579 1996 642 2052 in
683 2011 798 2070 quo
827 2012 860 2052 a
889 1995 1162 2053 monachi
1183 1993 1454 2054 instituto
1484 1997 1760 2066 differret,
1785 1999 1942 2056 haud
1977 2000 2066 2056 fa-

416 2086 526 2143 cile
571 2085 886 2158 quisquam
917 2085 1292 2142 discerneret.
1327 2086 1414 2143 Ita
1460 2101 1679 2159 pernox
1727 2087 1786 2144 in
1828 2088 2064 2162 vigiliis,

417 2174 783 2232 orationibus
813 2178 1012 2232 noctes
1041 2173 1285 2248 diesque
1310 2175 1693 2248 coniungens,
1720 2175 2068 2236 lectionibus

413 2262 604 2320 'sacris
634 2261 830 2320 studio
849 2261 945 2320 vix
969 2262 1285 2336 aliquando
1317 2262 1590 2320 interciso
1613 2263 1924 2336 inhaerens,
1950 2283 2070 2324 om-

417 2351 598 2425 nique
631 2350 1014 2426 castigatione
1061 2352 1321 2426 corporis
1372 2369 1500 2410 sese
1550 2371 1842 2424 coercens,
1877 2356 2068 2414 crucis

415 2444 742 2510 auctorem,
769 2440 913 2498 satis
941 2440 1002 2496 in
1037 2441 1289 2498 sublime
1317 2458 1488 2499 cruce
1517 2441 1722 2512 levata,
1749 2444 1883 2502 nisu
1911 2446 2071 2504 inde-

417 2531 578 2586 fesso
609 2528 820 2586 cotidie
849 2531 1223 2603 sequebatur.

487 2621 580 2674 27.
611 2619 692 2674 De
721 2621 922 2676 tenore
956 2619 1320 2692 jejunicrum
1360 2621 1548 2694 ipsius
1588 2637 1660 2678 an
1703 2623 1842 2696 quid
1877 2641 2068 2682 sermo

420 2707 594 2780 digne
648 2707 837 2763 valeat
891 2707 1200 2780 explicare,
1235 2725 1477 2782 prorsus
1527 2727 1643 2768 non
1693 2711 1898 2768 sentio.
1933 2715 2068 2780 Quae

412 2799 583 2852 tanta
613 2793 927 2869 pertinatia
949 2797 1020 2852 ab
1043 2795 1188 2870 ipsis
1209 2796 1392 2854 initiis
1411 2798 1524 2855 sibi
1555 2799 1782 2870 indixit,
1807 2805 1874 2857 ut
1895 2802 1944 2858 si
1968 2803 2068 2875 qui

417 2885 566 2942 forte
589 2879 756 2941 erant
777 2899 845 2940 ex
865 2883 974 2940 sibi
1007 2885 1442 2943 adhinrentibus
1464 2887 1564 2961 qui
1593 2889 1701 2946 hec
1721 2907 2070 2963 cognoscere

416 2977 704 3048 poterant,
737 2972 1022 3030 miraculo
1052 2979 1360 3048 stuperent
1389 2977 1632 3049 ingenti,
1667 2975 2067 3052 quomodo'vel

417 3066 675 3120 extremo
708 3061 920 3134 spiritu
965 3063 1253 3136 respirare
1283 3064 1376 3100 ¹⁶⁸³
1405 3065 1466 3120 in
1515 3069 1681 3123 tanta
1729 3069 2070 3126 austeritate

2178 1829 2554 1901 postmodum
2577 1826 2776 1882 lumen
2796 1825 3498 1892 monachorum,domnus
3517 1825 3836 1896 Einaldus,

2176 1919 2305 1991 ipso
2337 1921 2596 1990 tempore
2634 1913 2803 1971 Tullo
2849 1914 2907 1970 in
2957 1929 3192 1969 summo
3222 1914 3485 1970 omnium
3533 1916 3834 1972 bonorum

2179 2005 2452 2078 exemplo
2473 2007 2648 2060 vitam
2673 2003 2942 2060 ducebat.
2967 2003 3020 2060 Is
3041 2005 3134 2039 "5‘5
3166 2020 3201 2058 n
3235 2003 3439 2059 scienti
3450 2023 3483 2060 a
3511 2002 3836 2062 literarum

2174 2099 2299 2151 tam
2330 2093 2682 2150 secularium
2704 2109 2881 2166 quam
2909 2090 3240 2148 divinarum
3271 2109 3340 2149 ea
3361 2093 3446 2128 ‘5“
3475 2097 3838 2166 tempestate

2175 2181 2330 2240 inter
2357 2199 2496 2240 suos
2516 2181 2661 2238 nulli
2693 2181 3009 2249 secundus,
3033 2196 3167 2237 cum
3201 2187 3357 2238 esset
3385 2181 3540 2238 sedis
3558 2183 3834 2254 ejusdem

2177 2271 2366 2346 primo
2406 2271 2644 2344 quidem
2694 2269 3146 2344 primiscrinius,
3169 2275 3370 2344 postea
3410 2275 3608 2327 autem
3647 2271 3836 2328 etiam

2177 2361 2408 2436 primus
2428 2359 3366 2433 archidiaconus,cunctarumque
3387 2376 3565 2432 opum
3590 2360 3839 2418 affluen-

2175 2449 2259 2506 tia
2281 2449 2580 2517 dilatatus,
2598 2464 2794 2504 amere
2813 2447 3064 2504 caelestis
3080 2447 3352 2504 desiderii
3368 2452 3584 2517 tactus,
3599 2450 3837 2507 cunctis

2175 2555 2306 2612 quae
2336 2538 2623 2595 habuerat
2652 2553 2839 2610 usque
2869 2539 2940 2592 ad
2982 2535 3258 2609 siliquam
3289 2540 3355 2592 ut
3383 2535 3600 2592 dicitur
3627 2537 3833 2594 distri-

2174 2627 2600 2694 butis,tantum
2625 2624 2874 2698 simplici
2891 2628 3052 2681 veste
3073 2629 3296 2680 retenta
3316 2628 3373 2680 et
3391 2623 3649 2702 librisac
3667 2633 3834 2686 veste

2177 2713 2544 2784 sacerdotali,
2559 2713 2622 2770 in
2643 2713 2852 2772 cellula
2873 2713 3127 2770 claustro
3144 2712 3486 2770 clericorum
3509 2714 3836 2773 adherente

2177 2821 2304 2862 sese
2336 2802 2679 2872 cohibuit,et
2701 2801 3020 2859 triennium
3051 2803 3168 2859 fere
3199 2801 3258 2858 in
3287 2818 3522 2858 summa
3552 2807 3612 2859 et
3641 2805 3834 2860 ardua

2177 2891 2538 2950 continentia
2558 2891 2735 2948 vitam
2767 2907 2968 2964 agens,
2988 2908 3118 2948 raro
3149 2907 3401 2964 usquam
3435 2895 3836 2964 praeterquam

2177 2984 2249 3038 ad
2273 2981 2814 3039 ecclesiam'missas
2835 2979 3233 3036 celebraturas
3255 2983 3356 3036 aut
3385 2983 3690 3038 nocturnae
3711 2999 3842 3038 ora-

2178 3070 2356 3128 tionis
2387 3061 2626 3126 obtentu
2661 3067 2961 3141 processit.
2998 3069 3239 3126 Servulo
3279 3072 3513 3124 tantum
3544 3086 3665 3125 uno
3697 3087 3844 3127 con-

419 3128 872 3230 sufliccret,-qui
922 3128 1126 3222 pocius
1158 3151 1218 3207 in
1251 3156 1636 3224 augmentum
1667 3157 2075 3214 admirationis
2097 3128 2152 3207 ’θ
2180 3163 2382 3216 tentus
2411 3157 2540 3226 iuit,
2575 3128 2680 3230 qui
2727 3158 2799 3214 ad
2849 3173 3080 3230 queque
3123 3155 3453 3214 forinsecus
3501 3157 3847 3214 necessaria

418 3242 744 3313 postquam
776 3227 930 3293 diem
954 3241 1058 3294 aut
1083 3238 1261 3296 etiam
1291 3239 1539 3297 biduum
1569 3243 1916 3318 plerumque
1947 3246 2074 3303 sine

419 3326 541 3384 ullo
571 3325 702 3382 cibo
736 3341 804 3382 ac
835 3331 998 3399 potu,
1035 3333 1100 3384 ut
1131 3345 1238 3386 nec
1277 3328 1573 3387 modicum
1606 3332 1744 3404 quid
1787 3338 2072 3407 gustaret,

420 3417 804 3488 transegerat,
839 3413 1172 3472 incredibili
1217 3417 1427 3474 virium
1478 3419 1808 3494 integritate
1837 3426 1894 3478 et
1931 3423 2077 3480 facie

420 3502 629 3560 Iaetiori
660 3502 832 3580 agilis
849 3508 907 3559 et
926 3509 1204 3562 constans
1227 3507 1296 3562 ad
1322 3525 1470 3580 opus
1493 3501 1903 3584 quodcumque
1925 3513 2079 3569 ince-

421 3593 604 3649 deret.
634 3591 697 3648 Id
720 3607 854 3649 vero
885 3592 1080 3664 ipsum
1104 3611 1173 3650 ex
1202 3611 1300 3652 ore
1329 3594 1520 3668 ipsius
1549 3597 1858 3655 nobiscum
1884 3601 2078 3657 confa-

423 3679 686 3738 bulantis
717 3695 853 3754 sepe
875 3680 1231 3750 audivimus,
1249 3683 1404 3756 quod
1429 3682 1493 3740 in
1517 3684 1670 3742 diem
1693 3687 1940 3744 alterum
1964 3690 2077 3746 fre-

425 3771 676 3844 quenter
690 3768 851 3826 omni
872 3769 1003 3827 cibo
1013 3770 1098 3827 vel
1120 3775 1259 3844 potu
1280 3789 1486 3829 carens
1498 3773 1581 3846 jej
1591 3774 1730 3830 unia
1745 3777 2074 3833 extraxerit.

427 3857 743 3916 Fatebatur
772 3858 951 3929 enim,
973 3860 1116 3916 dum
1147 3860 1387 3934 quidam
1423 3860 1670 3918 fratrum
1703 3865 1853 3920 dura
1881 3864 2082 3938 aliqua

425 3947 842 4021 refugientium
892 3962 1106 4021 aquam
1131 3947 1200 4004 'in
1232 3955 1371 4023 potu
1421 3950 1574 4008 male
1615 3951 1726 4008 sibi
1759 3955 2080 4012 conducere

425 4034 829 4108 quererentur,
859 4037 1081 4092 nemini
1113 4053 1276 4111 aeque
1305 4053 1371 4094 ac
1405 4038 1516 4095 sibi
1551 4040 1716 4114 prius
1747 4058 1862 4114 pra:
1895 4044 2078 4100 conti-

425 4139 543 4179 nuo
577 4137 689 4179 usu
719 4123 860 4192 vini,
893 4131 1057 4196 aquae
1097 4126 1527 4200 perceptionem
1559 4145 1792 4186 exesam
1844 4130 2024 4188 fuisse
2059 4143 2073 4182 :

433 4233 461 4261 ‹‹
489 4211 653 4279 adeo,
678 4211 968 4284 inquiens,
993 4215 1060 4268 ut
1087 4212 1137 4269 si
1168 4227 1288 4286 qua
1308 4214 1535 4273 dierum
1563 4217 1710 4274 mihi
1739 4219 1872 4276 vino
1894 4220 2084 4278 fuerat

430 4298 866 4368 abstinendum,
902 4315 1114 4373 aquam
1158 4303 1460 4360 stomacho
1509 4306 1836 4378 nausiante,
1868 4325 2080 4382 panem

331 4451 334 4454 ,
427 4389 606 4446 etiam
639 4387 833 4462 ipsum
867 4405 972 4462 per
1001 4394 1182 4447 totam
1207 4391 1364 4449 diem
1395 4409 1529 4450 cum
1553 4395 1710 4452 omni
1729 4396 1858 4454 cibo
1884 4397 2080 4454 fundi-

428 4483 526 4534 tus
557 4477 903 4550 respuerim.
931 4499 962 4528 ι)

2183 3247 2545 3304 mittebatur.
2571 3246 2716 3302 Nam
2741 3245 2855 3302 nisi
2877 3263 3004 3319 qua:
3024 3245 3336 3320 episcopus
3354 3243 3462 3303 loci
3481 3246 3576 3302 vir
3594 3261 3844 3303 venera-

2182 3336 2322 3394 bilis
2352 3335 2690 3404 Gauzlinus,
2719 3334 2780 3391 in
2805 3333 3219 3392 misericordiae
3249 3334 3524 3408 operibus
3556 3351 3704 3392 sane
3725 3353 3848 3392 me-

2183 3423 2508 3494 morabilis,
2543 3428 2646 3479 aut
2682 3422 3086 3496 religiosorum
3119 3424 3475 3497 quicumque
3505 3423 3842 3492 misissent,

2185 3512 2364 3571 nullis
2393 3512 2525 3569 aliis
2545 3511 3005 3570 sustentabatur.
3030 3511 3354 3568 Clientulus
3383 3529 3619 3586 quoque
3638 3530 3710 3570 ex
3732 3513 3848 3570 cle-

2185 3601 2324 3660 ricis
2356 3617 2530 3670 unus,
2566 3599 2668 3674 qui
2713 3601 2926 3657 missas
2959 3598 3276 3657 celebranti
3317 3599 3638 3670 assisteret,
3673 3603 3844 3658 dere-

2184 3691 2381 3747 lictus.
2409 3690 2492 3746 De
2522 3689 2804 3761 qualitate
2832 3687 3184 3758 indumenti,
3211 3689 3346 3759 cibi,
3369 3687 3456 3746 vel
3489 3694 3689 3762 potus,
3724 3707 3848 3763 qua

2187 3779 2359 3836 cilicii
2387 3777 2754 3844 assiduitate,
2775 3777 3138 3849 jejuniorum
3170 3778 3662 3852 frequentatione,
3683 3779 3849 3852 peni-

2183 3868 2379 3924 tentiae
2433 3866 2772 3923 austeritate
2817 3883 2944 3922 sese
2973 3865 3292 3936 damnavit,
3321 3866 3663 3940 superfluus
3711 3883 3847 3923 esse

2185 3973 2388 4013 vereor
2415 3955 2474 4011 in
2506 3955 2770 4024 dicendo,
2795 3971 2928 4011 cum
2952 3955 3126 4012 etiam
3150 3955 3375 4028 copiam
3398 3971 3849 4030 quamcumque

2185 4047 2495 4103 verborum
2527 4042 2882 4116 operationis
2913 4043 3100 4117 ipsius
3129 4047 3365 4118 superet
3391 4043 3766 4118 magnitudo.

2259 4134 2348 4190 30.
2369 4132 2474 4190 Hic
2495 4135 2636 4188 dum
2657 4131 2749 4188 die
2766 4131 3022 4204 quadam
3046 4131 3207 4189 scius
3227 4129 3502 4189 resideret
3521 4131 3586 4188 in
3607 4131 3846 4201 cellula,

2187 4237 2387 4280 vocem
2420 4220 2491 4277 de
2522 4225 2779 4294 repente,
2807 4220 2962 4276 unde
2991 4225 3093 4278 aut
3121 4237 3157 4278 a
3186 4237 3302 4294 quo
3331 4219 3550 4276 editam
3583 4219 3845 4288 nescius,

2191 4312 2346 4368 claro
2373 4307 2732 4367 omnimodis
2772 4323 2915 4366 sono
2945 4309 3056 4366 hoc
3087 4307 3305 4366 audivit
3333 4309 3626 4366 dicentem
3663 4325 3678 4364 :
3710 4310 3846 4366 Su:-

2190 4401 2379 4459 tollam
2426 4407 2476 4456 te
2520 4413 2686 4472 super
2730 4397 3048 4456 altitudines
3077 4405 3253 4464 terrai,
3282 4405 3334 4455 et
3360 4397 3550 4455 cibabo
3599 4405 3649 4455 te
3690 4399 3846 4456 here-

2107 4507 2156 4572 D
2193 4491 2358 4546 ditata
2385 4486 2546 4546 Iacob
2569 4489 2747 4561 patris
2779 4489 2890 4556 tui;
2923 4503 2982 4545 os
3025 4489 3174 4544 enim
3215 4487 3436 4544 Domini
3482 4487 3725 4544 locutum
3770 4497 3854 4545 est

493 4567 587 4622 28.
623 4565 907 4624 Praeterea
936 4583 1114 4640 quam
1147 4569 1300 4626 celer
1328 4575 1386 4627 et
1423 4574 1724 4644 tamquam
1757 4591 1830 4631 ne
1861 4575 1992 4647 quis
2022 4589 2086 4632 se
2107 4565 2150 4572 ”
2193 4579 2306 4636 haec
2335 4578 2463 4650 (Isa.
2499 4592 2654 4648 Lvm,
2686 4577 2796 4649 14).
2830 4575 3141 4632 Paululum
3172 4575 3308 4632 inde
3346 4574 3635 4633 attonitus
3665 4581 3723 4631 et
3765 4593 3854 4633 se-

429 4654 588 4728 prior
614 4655 863 4712 irrueret
883 4656 1151 4726 festinus,
1175 4663 1536 4717 armaturam
1559 4661 1848 4720 caelestem
1883 4664 2086 4722 indue-

2186 4683 2325 4725 cum
2357 4670 2424 4722 ut
2452 4664 2518 4720 ﬁt
2544 4664 2737 4721 multa
2766 4665 2962 4721 animo
2989 4667 3289 4738 reputa‘ns,
3312 4669 3628 4738 postquam
3660 4665 3853 4721 'misso

426 4743 521 4812 rit,
543 4759 778 4817 quoque
799 4745 1004 4801 robore
1025 4750 1228 4802 contra
1251 4746 1496 4804 virtutes
1517 4751 1840 4808 contrarias
1861 4751 2083 4809 bellum
2189 4755 2652 4827 circumquaque
2684 4753 2972 4824 ministro,
2997 4755 3048 4812 si
3079 4754 3222 4810 forte
3253 4769 3567 4826 puerorum
3599 4752 3788 4822 aliqui
3822 4771 3858 4811 e

425 4831 661 4889 Christo
693 4833 878 4889 fretus
910 4835 1254 4908 susceperit,
1279 4851 1569 4910 caraeque
1589 4855 1656 4896 ac
1695 4839 1906 4912 spiritu
1937 4841 2084 4898 rela-
2193 4842 2368 4900 scolis
2386 4841 2616 4911 vicinis,
2641 4843 2784 4899 dum
2805 4843 3074 4912 recitant,
3098 4843 3205 4899 hoc
3227 4841 3634 4915 protulissent,
3664 4859 3733 4898 ac
3757 4859 3856 4899 ne-

429 4919 890 4990 ctantibus,cum
913 4923 1158 4996 parsi“
1176 4924 1472 5000 'meliorjde
1489 4925 1686 5000 palma
1706 4945 1938 5003 semper
1954 4947 2084 4987 con-
2194 4932 2412 4990 minem
2444 4935 2565 4988 toto
2596 4931 2652 4987 id
2684 4931 2966 5004 temporis
2987 4931 3177 5005 spatio
3203 4932 3262 4988 in
3285 4929 3546 5004 quolibet
3563 4929 3696 4988 loco
3719 4948 3861 4988 con-

428 5009 700 5078 tenderit,
731 5014 931 5068 tamen
963 5025 1195 5085 semper
1234 5013 1478 5086 periculi
1527 5019 1794 5074 metuens
1827 5017 2082 5089 redivivi,
2190 5020 2358 5095 tigno
2389 5019 2574 5076 fuisse
2593 5019 2986 5086 renuntiante,
2999 5020 3089 5076 vir
3128 5018 3434 5092 prudentis
3453 5017 3703 5092 ingenii,
3727 5035 3860 5094 gra-

433 5097 671 5154 brachia
702 5114 1032 5172 numquam
1064 5100 1374 5172 remiserit,
1401 5107 1582 5177 utque
1609 5103 1762 5163 inter
1779 5107 2086 5176 hec,viciis
2194 5109 2288 5166 tiae
2320 5109 2528 5166 divinae
2559 5107 2670 5166 sibi
2703 5107 3006 5165 oraculum
3035 5108 3098 5164 in
3127 5125 3292 5182 spem
3324 5106 3662 5165 fiducialius
3693 5108 3858 5165 dein-

1791 5231 2033 5290 VARIIE
2071 5232 2490 5292 LEGTIONES.

505 5319 601 5354 ¹⁵⁴¹
635 5319 844 5392 spatiis
875 5336 924 5376 ο.
1003 5324 1094 5359 ¹⁵⁴⁸
1143 5324 1428 5398 respirare
1457 5344 1504 5384 ε.
1584 5329 1675 5364 ³⁵⁸⁸
1718 5347 1856 5403 pras
1906 5332 1957 5386 1.
2036 5331 2320 5388 1muirex
2378 5349 2516 5388 corr.
2570 5329 2729 5388 uires
2776 5349 2822 5388 ο.
2899 5331 2990 5366 ⁸⁵³⁸
3050 5329 3152 5387 His
3207 5347 3348 5388 corr.
3395 5331 3447 5387 is
3504 5346 3557 5386 c.
3638 5329 3733 5365 ¹⁸⁴⁷
3790 5347 3872 5387 ex

429 5408 575 5448 οονν.
611 5407 680 5447 ea
711 5409 758 5446 ε.

498 5559 644 5632 (367)
671 5559 1014 5631 Vesuvium,
1061 5563 1150 5619 55,
1204 5577 1215 5584 ν
2025 5499 2260 5558 NOTAE.
