4098 6170
226 398 339 457 257

1129 395 1229 453 DE
1274 393 1452 456 Vl'l‘A
1498 394 1825 457 JOANNIS
1873 396 2206 458 ABBATIS
2254 397 2735 459 GORZIENSIS.

3513 403 3631 464 258

227 547 363 603 cepa
395 531 468 585 de
498 529 671 585 donis
702 526 932 583 Domini
967 528 1356 598 prmsuuicndi
1388 526 1695 595 directum,
1733 529 1871 583 fide-
1903 532 1958 598 Α
1990 546 2104 589 non
2138 529 2357 602 passim
2392 529 2742 602 cuicumque
2772 548 2832 587 se
2860 530 2973 586 nisi
3006 532 3311 588 notissimo
3338 534 3542 605 aperit,
3574 541 3634 590 et

226 619 359 675 liter
390 616 694 673 intellexit.
749 616 912 682 Quod
965 616 1121 687 apud
1176 632 1237 671 se
1289 615 1529 686 quidem
1575 615 1699 689 ipse
1746 616 1879 672 forti

224 707 497 765 custodia
526 704 709 763 animi
742 721 968 761 servare
1019 704 1249 760 studuit
1280 705 1672 775 reconditum,
1704 705 1880 761 rebus

224 800 427 854 autem
460 797 666 868 postea
696 794 754 849 in
788 794 915 866 ipse
946 791 1210 848 omnium
1245 810 1446 850 eorum
1471 794 1615 850 lides
1633 800 1722 850 est
1747 795 1880 849 sub-

223 889 449 946 secuta.
483 885 553 939 Et
583 883 690 940 hec
720 882 957 956 quidem
990 883 1061 936 de
1092 880 1285 937 iniciis
1317 881 1462 937 tanti
1494 882 1600 937 viri
1633 882 1881 939 breviter

224 992 330 1049 pro
362 974 474 1029 loci
509 972 750 1045 negocio
804 969 1202 1038 inseruimus;
1235 976 1490 1026 ceterum
1542 976 1704 1026 tanta
1753 970 1877 1027 feli-

225 1066 386 1119 cium
419 1067 718 1136 gestorum
742 1060 872 1130 ejus
902 1062 1057 1115 extat
1088 1059 1377 1127 materies,
1396 1065 1459 1114 ut
1489 1064 1544 1114 et
1576 1060 1879 1132 proprium

225 1171 379 1226 opus
410 1150 891 1220 doctioribusque
943 1147 1149 1203 merito
1198 1147 1598 1220 arripiendum
1653 1148 1879 1204 deside-

226 1247 379 1309 rent,
415 1246 473 1296 et
501 1237 865 1312 amplissimo
893 1235 1268 1292 audientibus
1299 1241 1353 1292 et
1387 1237 1605 1293 imitari
1635 1236 1876 1293 volenti-

224 1332 341 1388 bus
373 1326 593 1385 fructui
624 1324 851 1400 possint
880 1325 1144 1381 existere.

295 1420 391 1476 31.
428 1417 576 1474 Cum
607 1414 805 1488 itaque
820 1414 916 1470 hic
933 1413 1233 1471 Johannes
1250 1419 1305 1471 et
1340 1415 1461 1488 ipse
1484 1415 1737 1471 domnus
1755 1414 1881 1487 Egi-

230 1508 454 1567 noldns
468 1511 590 1562 tam
609 1503 857 1579 propinq
868 1502 958 1559 uis
973 1502 1235 1559 locorum
1249 1503 1569 1559 intervallis
1585 1504 1877 1572 abessent,

227 1599 380 1654 alter
412 1595 662 1652 alterum
694 1592 807 1648 nisi
839 1593 983 1648 facie
1012 1590 1138 1648 sola
1166 1596 1222 1647 et
1251 1590 1541 1648 locutione
1580 1592 1881 1648 communi

228 1704 348 1743 non
362 1686 629 1751 noverat;
656 1682 801 1739 adeo
818 1686 1063 1753 uterque
1080 1680 1380 1753 popularis
1393 1680 1655 1754 fugitans
1681 1680 1882 1754 gloria)

228 1792 359 1832 sese
390 1777 624 1829 tantum
655 1769 906 1826 testibus
937 1769 1237 1825 fruebatur
1266 1785 1299 1824 a
1330 1769 1444 1825 Deo
1481 1770 1589 1824 ‘5‘”.
1610 1769 1755 1825 Cum
1789 1769 1883 1825 in;

230 1872 393 1922 terea
422 1878 563 1918 casu
593 1858 849 1932 quodam
872 1874 1052 1931 supra
1083 1862 1443 1914 memoratus
1466 1858 1826 1914 Humbertus
1846 1874 1878 1914 e

229 1951 466 2019 cellula,
500 1966 619 2022 qua
646 1965 709 2005 se
728 1948 856 2020 jam
889 1947 1111 2003 dudum
1144 1945 1389 2002 Virduni
1439 1945 1777 2013 recluserat,
1810 1964 1879 2004 ea

230 2062 350 2118 quo
374 2039 637 2098 nescitur
657 2038 895 2094 obtentu
917 2036 1154 2092 etl'racta
1176 2037 1283 2104 '5‘“,
1298 2037 1569 2092 eumdem
1588 2035 1879 2092 venerabi-

228 2136 349 2191 lem
382 2134 610 2203 patrem
641 2124 951 2183 Einoldum
979 2142 1048 2180 ex
1068 2123 1380 2197 improviso
1405 2124 1572 2180 Tullo
1591 2124 1876 2180 convenit.

230 2224 289 2280 Is
322 2220 481 2278 enim
514 2217 667 2272 inter
697 2231 858 2270 raros
889 2213 1034 2273 alios
1072 2212 1199 2268 vita:
1248 2212 1434 2286 ipsius
1477 2215 1603 2287 jam
1653 2214 1880 2285 pridem

225 2306 728 2367 consciasfuerat.
746 2302 880 2358 Viro
904 2305 1107 2359 sancto
1121 2301 1192 2356 ad
1213 2306 1334 2357 tam
1358 2302 1715 2373 insperatam
1752 2302 1885 2372 ejus

228 2396 614 2473 praesentiam
645 2393 991 2465 stupefacto,
1015 2388 1337 2465 praesertim
1353 2391 1507 2462 quod
1540 2392 1695 2447 fama
1724 2392 1795 2446 ad
1821 2407 1884 2447 se

227 2493 396 2545 certe
426 2482 732 2551 detulerat,
747 2481 871 2554 lege
902 2478 1247 2536 reclusionis
1277 2495 1410 2535 eum
1440 2477 1735 2535 intrusum
1751 2478 1886 2536 fuis-

227 2596 321 2650 se,
354 2574 673 2647 causisque
701 2568 1054 2644 egressionis
1084 2566 1359 2641 acceptis,
1389 2567 1540 2623 inter
1569 2584 1718 2641 quas
1748 2585 1887 2640 prea-

226 2668 417 2740 cipua
443 2660 678 2733 erat,ob
707 2658 818 2715 hoc
850 2675 911 2715 se
929 2656 1252 2726 advenisse,
1270 2660 1336 2712 ut
1362 2655 1669 2712 heremum
1692 2656 1888 2729 potius

231 2752 425 2814 simul
456 2752 753 2824 expeteret
781 2750 889 2815 “5°,
912 2747 1112 2820 ibique
1143 2746 1331 2802 multo
1361 2744 1574 2802 melius
1604 2762 1781 2818 quam
1827 2746 1889 2802 in

231 2843 483 2902 urbium
514 2837 844 2912 frequentia
873 2836 1033 2893 omni
1064 2835 1373 2892 hominum
1426 2834 1693 2891 molestia
1723 2833 1891 2891 liberi

230 2932 493 2992 Domino
511 2927 896 2986 deservirent:
921 2923 1165 2982 consilio
1191 2922 1342 2980 clam
1362 2922 1514 2979 inter
1536 2940 1600 2980 se
1620 2924 1889 2993 conﬂato,

234 3023 357 3097 ipsi
393 3037 500 3094 per
527 3015 855 3084 se,cunctis
876 3013 1113 3071 arbitris
1134 3011 1358 3086 procul,
1393 3011 1634 3068 ﬂumine
1656 3012 1897 3070 Mosella

236 3111 535 3187 oppidum
580 3107 776 3179 ipsum
826 3103 1251 3176 praeterfluente
1300 3102 1563 3174 trajecto,
1612 3106 1670 3157 et
1716 3119 1896 3174 specu

236 3200 510 3274 quodam
540 3196 601 3250 in
630 3193 784 3251 saltu
800 3192 988 3248 vicino
1005 3195 1252 3263 reperto,
1271 3190 1489 3248 ibidem
1512 3207 1573 3246 se
1592 3195 1897 3262 tamquam

1906 1902 1955 1967 Β

1986 617 2046 673 id
2079 633 2193 672 non
2224 617 2393 673 facile
2422 618 2863 691 quidem.Apud
2896 636 2957 676 se
2986 620 3141 675 enim
3174 621 3630 679 omnimodisla-

1986 707 2139 770 tens,
2170 705 2370 775 vitam,
2396 722 2513 778 qua
2531 706 2591 762 in
2614 706 3025 764 secretioribus
3047 708 3156 765 sub
3184 709 3370 766 oculis
3391 712 3633 783 superni

1989 793 2196 850 arbitri
2231 793 2493 851 districto
2522 795 2841 851 admodum
2869 812 2997 854 esse
3028 800 3268 866 coartat,
3300 797 3485 854 oculis
3527 798 3631 856 ho-

1988 883 2253 955 minum,
2280 882 2381 938 ubi
2408 883 2468 939 in
2502 883 2803 955 publicum
2834 883 3054 953 exierit,
3089 885 3293 942 offerre
3323 903 3561 943 summa
3580 887 3635 943 vi

1989 976 2163 1043 atque
2195 978 2317 1027 arte
2349 972 2703 1027 dissimulat.
2738 973 3023 1028 Adtamen
3073 992 3108 1028 a
3152 975 3315 1030 vobis
3362 981 3634 1034 evocatus

1988 1060 2164 1117 citius
2194 1062 2402 1127 aderit,
2434 1064 2490 1115 et
2522 1066 2728 1115 mutua
2765 1061 2939 1116 vestri
2988 1061 3295 1117 collocutio
3345 1081 3438 1119 me
3486 1065 3632 1121 nihil

1987 1154 2148 1205 extra
2169 1166 2346 1221 quam
2371 1166 2462 1203 res
2474 1154 2564 1204 est
2583 1150 2653 1204 de
2673 1166 2738 1204 eo
2760 1150 2965 1205 all‘erre
2987 1150 3153 1207 facile
3175 1168 3300 1207 com
3308 1153 3631 1224 probabit.»

1988 1238 2203 1311 Nuntio
2223 1254 2357 1293 mox
2375 1254 2438 1294 se
2456 1254 2594 1294 eum
2616 1237 2760 1293 velle
2789 1238 2973 1294 videre
2990 1243 3047 1295 et
3061 1239 3283 1313 alloqui
3301 1241 3631 1311 insinuans,

1988 1326 2071 1383 ita
2098 1325 2380 1395 condixit,
2410 1331 2476 1383 ut
2505 1327 2693 1400 ipsius
2735 1332 2917 1384 staret
2962 1328 3226 1397 arbitrio,
3258 1334 3457 1387 utrum
3507 1331 3634 1405 ipse

1988 1432 2124 1472 eum
2174 1414 2355 1483 domi,
2387 1432 2461 1471 an
2510 1415 2607 1472 ille
2654 1434 2715 1472 se
2774 1416 2943 1473 Tullo
2992 1417 3341 1486 conveniret,
3375 1418 3635 1493 quidque

1990 1504 2201 1561 horum
2234 1503 2435 1560 mallet
2460 1503 3116 1576 resignaret.Johannes
3135 1506 3208 1563 ad
3232 1507 3413 1565 totius
3432 1510 3637 1581 proba-

1990 1592 2126 1650 bilis
2157 1591 2334 1649 ofﬁcii
2358 1609 2589 1665 semper
2609 1592 3006 1651 executionem
3031 1611 3146 1652 non
3168 1595 3394 1669 segnis:
3413 1619 3442 1649 «
3457 1597 3643 1657 Disci-

1990 1681 2217 1754 pulum,
2250 1679 2479 1754 inquid,
2513 1680 2710 1753 potius
2739 1680 2969 1738 obviam
2998 1682 3165 1739 decet
3198 1682 3283 1741 ire
3331 1685 3633 1759 magistro.

1989 1771 2161 1843 Ergo,
2176 1774 2241 1826 ut
2272 1770 2518 1843 dignum
2550 1773 2656 1836 est,
2672 1768 2843 1825 Tullo
2873 1786 3009 1827 eum
3039 1773 3382 1829 convenio.»
3409 1774 3481 1832 Ut
3500 1791 3635 1848 ergo

1990 1860 2241 1929 advenit,
2274 1858 2596 1915 Humberto
2626 1858 2821 1915 adhuc
2849 1859 3067 1916 ibidem
3098 1878 3234 1918 eum
3273 1864 3634 1935 opperiente,

1988 1965 2165 2021 quam
2201 1947 2696 2019 familiariterﬁibi
2727 1947 3076 2005 alterutrum
3113 1954 3291 2022 atque
3324 1944 3641 2009 'ofﬁciosis-

1990 2037 2137 2093 sime
2167 2037 2590 2110 adgaudentes,
2608 2036 2888 2093 omnibus
2906 2054 2935 2092 e
2957 2042 3270 2111 conspectu
3294 2041 3553 2109 remotis,
3568 2042 3641 2098 de

1989 2144 2189 2192 causa,
2228 2130 2465 2199 propter
2493 2142 2674 2197 quam
2720 2126 3067 2182 accersitum
3120 2126 3288 2185 illum
3337 2129 3640 2200 miserant,

1990 2216 2251 2271 conferre
2267 2218 2588 2286 cmperunt.
2607 2214 2989 2286 Tandemque
3006 2216 3126 2283 ubi,
3152 2222 3283 2288 post
3299 2235 3413 2274 non
3451 2219 3641 2276 modi-

1992 2321 2120 2359 eam
2149 2320 2343 2359 rerum
2368 2302 2673 2359 celestium
2695 2303 3526 2375 confabulationem,desiderii
3548 2309 3640 2366 sui

1993 2392 2139 2448 alter
2167 2392 2332 2448 alteri
2366 2393 2494 2464 jam
2544 2393 2664 2449 fida
2715 2398 2938 2450 secreta
2985 2394 3295 2466 refuderat,
3327 2397 3641 2455 consilium

1992 2482 2199 2537 exinde
2220 2481 2333 2535 sibi
2357 2481 2485 2535 vita:
2511 2482 2810 2550 ducendas,
2827 2482 2912 2537 uti
2946 2483 3161 2554 quibus
3182 2485 3378 2543 seculo
3404 2488 3641 2559 penitus

1993 2575 2120 2626 erat
2130 2569 2364 2625 animus
2381 2569 2933 2637 renunciandi,cura
2942 2571 3280 2630 sollicitiore
3291 2576 3651 2649 disquirunt.

2064 2658 2159 2715 33.
2196 2658 2317 2714 Sub
2349 2657 2457 2713 hoc
2483 2656 2782 2713 Johannes
2803 2674 3041 2715 causam
3075 2660 3186 2716 sibi
3230 2667 3393 2720 ratus
3414 2670 3650 2737 opertu-

1998 2764 2134 2801 nam
2164 2746 2469 2812 cecidisse,
2502 2745 2686 2801 totius
2715 2764 2833 2829 suae
2874 2749 3283 2807 conventionis
3321 2768 3457 2809 cum
3506 2755 3647 2815 viris

2000 2833 2292 2906 religiosis
2323 2835 2373 2889 ei
2406 2834 2617 2889 seriem
2650 2834 2932 2905 pandens,
2947 2840 3006 2891 et
3036 2837 3289 2897 maxime
3319 2842 3475 2912 apud
3500 2858 3648 2914 quos

2003 2923 2176 2979 Metis
2192 2923 2602 2995 sibifrequens
2623 2928 2763 2979 tunc
2785 2922 2978 2980 solum
3000 2929 3125 2981 erat
3144 2942 3417 2987 recursus
3430 2960 3497 2971 —
3510 2947 3647 2987 nam

2005 3029 2039 3068 a
2057 3012 2267 3068 ceteris
2286 3011 2534 3069 aliorum
2558 3010 2816 3068 locorum
2836 3014 2963 3086 jam
2986 3014 3211 3071 dudum
3232 3018 3567 3076 abstinebat
3580 3050 3650 3062 -ο

2007 3105 2230 3174 quanta
2264 3100 2363 3157 viri
2396 3100 2508 3172 ipsi
2540 3102 2600 3156 in
2647 3103 2917 3173 eamdem
2947 3104 3301 3162 sententiam
3341 3108 3650 3175 concordia

2008 3190 2466 3261 conspirassent,
2501 3191 2748 3260 aperuit.
2785 3190 2886 3246 illo
2919 3208 3097 3263 quam
3130 3193 3297 3249 facile
3329 3196 3545 3253 animis
3574 3197 3648 3252 ad

239 3269 517 3363 perpetui
547 3281 839 3339 heremita:
862 3278 1044 3335 futuri
1066 3277 1896 3352 recipiunt.Mox§quibusdam
1927 3269 1969 3335 C
2007 3280 2116 3337 hoc
2148 3277 2469 3345 inclinatis,
2504 3282 2570 3334 ut
2599 3295 2797 3334 secum
2831 3279 2955 3351 ipse
2987 3281 3223 3338 eosdem
3254 3282 3406 3340 viros
3444 3301 3650 3341 conve-

240 3374 543 3450 religiosis
574 3389 643 3428 ex
672 3368 886 3443 oppido
912 3367 1103 3423 virum
1135 3370 1406 3422 sanctum
1439 3366 1895 3439 requirentibus,

239 3473 299 3525 et
326 3461 608 3539 quamvis
622 3460 817 3515 locum
849 3456 1011 3514 aditu
1029 3454 1328 3512 difficilem
1359 3457 1898 3529 amoresuperauti-

240 3558 381 3623 bus,
402 3552 509 3609 ubi
538 3567 638 3608 eos
666 3549 1079 3614 convenerunt,
1095 3548 1329 3617 ceptum
1358 3544 1721 3616 hujusmodi,
1742 3545 1897 3618 quod

240 3643 397 3702 nulli
429 3641 636 3712 utique
664 3637 815 3692 bono
848 3650 1132 3707 umquam
1163 3638 1318 3689 esset
1347 3633 1666 3705 probabile,
1682 3632 1901 3690 saniori

241 3731 499 3791 consilio
530 3725 910 3799 dissiparunt.
938 3724 1126 3779 Tanta
1155 3721 1449 3795 siquidem
1479 3720 1591 3777 loci
1620 3721 1903 3795 iniquitas

241 3824 464 3889 fuerat,
481 3821 549 3876 ut
576 3831 682 3872 nec
712 3813 825 3886 ipsi
856 3811 1135 3885 cuiquam
1166 3809 1353 3868 labori
1386 3810 1465 3866 ibi
1497 3809 1901 3880 insistere,nec

243 3929 280 3968 a
298 3921 613 3983 quoquam
634 3900 803 3959 facile
832 3901 916 3958 eis
938 3899 1255 3974 quicquam
1284 3899 1752 3956 necessariorum
1775 3916 1902 3972 pos-

242 4006 338 4060 set
368 3993 647 4056 conferri.
680 3992 793 4048 Sed
833 3995 890 4047 et
918 3989 1045 4063 ipse
1093 3994 1159 4045 ut
1202 3993 1328 4046 erat
1372 3988 1461 4044 vir
1507 3988 1736 4046 consilii
1784 4006 1899 4046 non

243 4084 577 4145 difﬁculter
606 4078 834 4138 meliori
866 4077 1156 4136 sententia
1186 4079 1390 4147 flexus,
1425 4077 1675 4135 amicam
1717 4077 1900 4141 conti-

243 4193 371 4234 nuo
405 4170 617 4246 repetit
642 4168 938 4239 cellulam,
970 4168 1289 4224 Humberto
1321 4167 1649 4223 Virdunum
1691 4169 1761 4223 ad
1795 4183 1903 4225 sua

242 4284 311 4324 se
339 4262 586 4321 interim
608 4256 937 4332 recipiente.

318 4356 418 4412 32.
449 4350 561 4419 Qui
592 4349 734 4406 dum
765 4363 972 4404 rursus
1003 4363 1136 4402 eum
1170 4346 1433 4402 crebrius
1464 4345 1906 4418 reviseret,qua-

242 4446 395 4502 dam
434 4441 533 4498 die
578 4438 732 4494 inter
779 4440 971 4499 cetera
1012 4451 1126 4507 que
1173 4433 1543 4490 familiaritas
1573 4433 1673 4490 illa
1703 4450 1906 4507 parere

240 4530 485 4593 adsolet
512 4525 822 4598 colloquia,
857 4525 1024 4592 dum,
1059 4523 1109 4580 si
1139 4522 1240 4595 qui
1285 4522 1430 4579 forte
1479 4521 1693 4578 alicubi
1740 4523 1813 4578 ad
1845 4521 1904 4578 id

2009 3369 2179 3435 niret,
2196 3366 2466 3424 hortatus
2487 3370 2596 3423 est.
2620 3366 2706 3421 lta
2731 3368 3050 3425 Humberto
3074 3374 3210 3428 tunc
3241 3373 3477 3444 propria
3492 3391 3651 3447 repe-

2006 3461 2186 3525 tento,
2222 3456 2345 3528 ipse
2394 3459 2527 3527 post
2575 3453 2701 3510 dies
2748 3454 2984 3528 aliquod
3029 3458 3201 3515 Motis
3250 3461 3556 3532 accedens,
3592 3468 3652 3520 et

2007 3562 2184 3618 super
2214 3550 2415 3601 sancto
2445 3543 2701 3600 virorum
2723 3542 2956 3601 illorum
2988 3545 3260 3604 instituto
3286 3566 3401 3605 non
3425 3552 3653 3610 modico

2008 3634 2353 3703 delectatus,
2375 3632 2719 3704 aliquandiu
2742 3633 2920 3689 etiam
2940 3635 3093 3705 apud
3107 3651 3207 3692 eos
3226 3642 3315 3695 est
3334 3654 3656 3697 commora-

2007 3728 2125 3780 tus.
2160 3721 2462 3779 Interdum
2492 3736 2625 3777 vero
2657 3721 2729 3776 ad
2760 3722 2995 3793 propria
3022 3725 3133 3779 sub
3166 3729 3427 3797 tempore
3460 3744 3654 3784 recur-

2009 3828 2165 3879 rens,
2198 3809 2484 3869 memoria
2514 3809 2599 3845 ⁸⁸⁵⁸
2633 3808 2815 3866 semel
2862 3815 3095 3882 accepto
3126 3812 3456 3873 dulcedinis
3485 3816 3654 3887 quasi

2012 3917 2207 3957 moras
2224 3897 2764 3965 diutinisabsentiaa
2787 3913 2934 3970 egrae
2957 3898 3436 3967 ferentem,suam
3462 3904 3551 3940 ³⁵³³
3569 3906 3657 3962 eis

2011 3989 2380 4063 praesentiam
2413 3987 2501 4023 “53
2529 3986 2705 4043 citius
2738 3987 3255 4046 revocabat.Erant
3284 3996 3482 4049 autem
3522 3992 3657 4055 reli-y

2009 4079 2170 4152 giose
2191 4075 2311 4145 ille,
2327 4076 2397 4133 de
2419 4075 2633 4148 quibus
2651 4092 2829 4147 supra
2850 4075 3075 4132 dictum
3103 4071 3193 4136 est
3211 4080 3351 4153 (cap.
3375 4082 3657 4155 i7),apud

2011 4168 2292 4224 Sanctum
2318 4166 2555 4221 Petrum
2574 4163 2830 4232 feminas,
2851 4164 3024 4221 Geisa
3045 4171 3104 4223 et
3125 4168 3309 4226 amita
3338 4170 3467 4242 ejus
3498 4170 3655 4227 aliae-

2010 4272 2123 4330 que
2155 4253 2471 4322 nonnullas,
2505 4258 2565 4310 et
2592 4252 2835 4310 Salecho
2884 4252 3132 4312 clericus
3179 4260 3369 4314 sancti
3421 4259 3657 4316 Martini

2010 4344 2168 4401 ultra
2187 4344 2428 4399 fluvium
2454 4340 2726 4410 Mosellae,
2743 4347 2800 4397 et
2822 4342 3160 4401 Raudincus
3179 4347 3470 4418 presbiter
3497 4347 3657 4405 tituli

2011 4433 2199 4491 sancti
2222 4431 2618 4504 Simphoriani
2641 4436 2804 4487 extra
2823 4437 3052 4504 portam
3067 4434 3230 4493 urbis
3245 4436 3656 4502 meridianam,

2012 4523 2165 4595 apud
2198 4537 2372 4594 quem
2390 4525 2448 4577 et
2479 4520 2741 4576 crebrius
2765 4537 2868 4592 pro
2888 4520 3014 4578 loco
3035 4524 3366 4579 secretioris
3392 4541 3504 4580 usu
3527 4512 3659 4579 coné

240 4619 544 4694 temporis
574 4614 677 4688 qui
707 4614 779 4671 ad
812 4617 1014 4669 sancta
1039 4610 1330 4668 desideria
1358 4610 1684 4684 aspirarent
1702 4612 1907 4668 existe—
1932 4640 1979 4706 Β
2010 4611 2343 4678 veniebant,
2376 4614 2434 4666 et
2465 4609 2749 4666 Bernacer
2788 4610 3093 4679 diaconus,
3124 4628 3320 4668 comes
3370 4612 3656 4668 Johannis

239 4715 411 4777 rent,
435 4704 652 4764 vicaria
681 4702 1135 4775 interrogatione
1166 4700 1804 4774 percunctantur,hunc
1833 4700 1904 4757 de
1932 4698 1973 4706 ⁷
2004 4701 2131 4773 jam
2154 4699 2382 4771 pridem
2397 4698 2642 4756 Romani
2663 4698 2919 4767 itineris;
2941 4716 3076 4755 nam
3098 4700 3337 4756 dumilli
3353 4702 3423 4758 de
3439 4701 3656 4772 quibus

242 4816 373 4873 quo
397 4796 634 4870 agimus
652 4791 985 4850 Johannem
1009 4790 1141 4857 sibi,
1160 4794 1224 4846 ut
1245 4788 1615 4863 praemissum
1637 4794 1743 4857 est,
1764 4789 1905 4861 opti-

240 4906 348 4947 me
384 4890 594 4944 notum
626 4879 870 4939 adduxit
900 4878 961 4935 in
994 4878 1279 4935 medium.
1314 4878 1392 4934 De
1421 4879 1594 4951 cujus
1623 4876 1906 4934 laudabili

240 4973 699 5037 conversatione
730 4986 864 5028 cum
896 4967 1154 5042 plurima
1183 4965 1514 5039 replicaret:
1537 4988 1565 5017 α
1597 4966 1903 5025 Hominem

238 5064 467 5139 inquid
500 5062 714 5119 domus
742 5057 1044 5125 Eineldus,
1078 5057 1218 5113 olim
1275 5071 1581 5128 cognosco,
1614 5060 1671 5113 et
1708 5056 1779 5113 ad
1812 5072 1906 5113 me

242 5149 800 5213 crebrovenientem
814 5165 925 5204 usu
942 5144 1242 5203 communi
1254 5151 1525 5218 expertus
1541 5150 1904 5213 sum;utrum

241 5248 459 5301 autem
492 5239 706 5297 harum
738 5253 954 5304 rerum,
988 5235 1205 5309 quibus
1255 5252 1411 5292 nunc
1452 5233 1818 5307 praedicatur,
1853 5233 1906 5290 ei

241 5347 429 5389 mens
460 5330 682 5386 inesset
728 5330 831 5385 aut
881 5326 1168 5394 studium,
1225 5324 1475 5382 necdum
1524 5322 1614 5380 vel
1656 5321 1910 5380 tenuiter

238 5421 559 5479 advertere
590 5416 818 5491 potui.»
850 5419 922 5473 At
951 5414 1047 5472 ille
1076 5432 1088 5470 :
1128 5438 1156 5465 (ι
1189 5414 1293 5483 Ita,
1325 5411 1552 5486 inquid,
1580 5412 1755 5468 homo
1797 5415 1908 5480 est,

2014 4788 2469 4845 memoravimus
2489 4791 2631 4858 (cap.
2662 4790 2752 4855 20)
2787 4788 2900 4845 vite
2936 4789 3379 4859 praestantioris,
3415 4789 3654 4847 Rotlan-

2013 4879 2125 4934 dus
2153 4882 2210 4933 et
2235 4876 2813 4946 \Varimbertusjam
2836 4875 2956 4931 vita
2975 4875 3517 4935 decesserant.Cum
3540 4877 3653 4946 bis,

2011 4965 2189 5023 veluti
2218 4965 2276 5020 in
2290 4965 2645 5037 quibusdam
2662 4964 2989 5020 caelestium
3014 4965 3459 5037 disciplinarum
3483 4964 3658 5024 scolis

2014 5060 2353 5112 sanctorum
2388 5053 2756 5125 ingeniorum
2786 5052 3010 5107 viribus
3041 5070 3103 5110 se
3142 5053 3300 5125 ipsos
3330 5055 3545 5113 cotidie
3597 5055 3656 5110 in

2015 5143 2230 5201 studiis
2243 5142 2892 5212 omniumprobatarum
2906 5142 3190 5198 virtutum
3203 5143 3657 5202 exercentesduo

2016 5232 2126 5304 ipsi
2146 5231 2250 5286 viri
2268 5229 2544 5302 praecipui
2563 5234 2665 5285 aut
2681 5228 3035 5286 lectionibus
3051 5235 3155 5287 aut
3169 5232 3532 5290 orationibus
3553 5248 3657 5289 seu

2015 5325 2169 5377 certe
2184 5318 2408 5375 mutuis
2420 5319 2493 5376 ad
2505 5317 2745 5376 celestia
2763 5317 3267 5378 cohortationibus
3284 5321 3656 5389 insistebant,

2017 5408 2291 5482 ipsosque
2322 5423 2457 5464 cum
2486 5406 2700 5479 quibus
2736 5408 3121 5466 versabantur
3175 5410 3249 5467 ad
3298 5410 3522 5483 majora
3565 5407 3657 5466 sui

1610 5517 1852 5573 VARIE
1890 5513 2307 5572 LECTIONES.

323 5617 419 5654 ‘5“
448 5616 561 5674 ado
591 5632 640 5673 c.
673 5618 733 5671 et
762 5613 877 5670 Deo
904 5613 961 5668 L.
995 5628 1061 5667 ac
1093 5611 1208 5667 Deo
1239 5608 1306 5665 Μ.
1385 5610 1473 5645 ιδιθ
1500 5608 1718 5682 efracta
1742 5621 1821 5682 c._
1843 5604 1957 5682 fw}
1985 5602 2503 5682 anespecterent?
2577 5602 2662 5639 ιδδι
2698 5605 2758 5661 in
2784 5620 2960 5679 marg.
2992 5621 3161 5662 manu
3183 5606 3238 5661 2.
3272 5603 3374 5662 Hic
3418 5604 3478 5663 ui
3537 5606 3549 5682 |

238 5704 443 5753 sensu
502 5690 514 5762 ι
541 5673 546 5674 ί
572 5688 636 5762 (ἱ.
670 5703 719 5744 e.
751 5685 855 5743 Hic
884 5682 1116 5741 videtur
1146 5698 1356 5740 sensus
1385 5684 1555 5754 esse).
1634 5679 1723 5716 ³⁵⁵³
1752 5675 1906 5735 addit
1929 5679 1985 5733 2.
2063 5673 2335 5732 ίδδδήαιιάίι
2359 5676 2414 5733 2.
