4096 6174
447 431 564 490 259

1285 425 1612 488 JOANNIS
1661 423 1991 486 ABBATIS
2037 423 2104 484 S.
2150 423 2496 487 ARNULFI
2541 425 2956 489 METENSIS.

3735 427 3866 492 260

451 563 784 618 imitatione
834 559 1088 632 amplius
1136 565 1311 631 atque
1361 557 1618 629 amplius
1674 557 2084 629 provocabant.
2115 557 2382 632 Arium,
2412 576 2526 616 non
2571 557 2827 614 multum
2877 560 2948 614 ab
3001 558 3144 616 urbe
3194 557 3448 632 longius,
3499 563 3583 616 eis
3631 564 3864 635 Optime

520 651 738 706 34.Sed
771 649 994 704 etidein
1023 647 1374 701 venerabilis
1397 645 1682 701 Einoldus
1708 647 1834 717 jam
1868 651 1927 701 et
1948 646 2094 718 ipsa,

451 739 524 795 ad
547 755 672 810 qua:
709 737 1005 791 interdum
1037 751 1332 791 recurrere
1361 734 1940 808 videbatur,propria
1959 734 2096 790 civi-

448 827 586 880 tatis
617 825 915 880 Tullensis
947 823 1216 879 funditus
1249 823 1360 879 sibi
1394 824 1738 895 praecidens,
1778 824 1920 878 dum
1961 840 2096 878 cum

445 915 590 986 ipsis
612 919 918 984 tamquam
949 913 1316 967 mansionem
1340 918 1681 984 perpetuam
1709 913 1938 979 statuit,
1965 929 2098 966 eos-

443 1004 577 1058 dem
603 1003 824 1075 pariter
835 1019 926 1056 om
937 1019 1042 1057 nes
1063 1002 1134 1056 ad
1149 1002 1644 1056 renuntiationem
1660 1019 1889 1074 quoque
1903 1017 2098 1056 rerum

441 1094 710 1149 omnium
748 1089 1107 1162 impellebat.
1127 1089 1292 1146 Unde
1303 1107 1438 1146 cum
1453 1091 1522 1146 de
1535 1090 1628 1146 his
1641 1090 1958 1146 instantius
1971 1106 2103 1144 con-

442 1185 755 1248 sultarent,
787 1179 931 1247 loca,
947 1180 1006 1234 in
1029 1179 1243 1251 quibus
1265 1195 1638 1234 communem
1650 1179 1829 1234 vitam
1852 1179 2098 1252 professi

446 1274 667 1349 pariter
710 1269 976 1324 habitare
998 1271 1267 1340 ‘possent,
1299 1267 1546 1324 sollicite
1594 1271 1991 1340 pertractant;
2024 1267 2095 1322 ad

456 1364 566 1420 hoc
601 1359 762 1416 nullo
791 1357 876 1413 eis
898 1357 956 1410 in
973 1355 1067 1412 his
1084 1356 1390 1412 dumtaxat
1406 1356 1866 1429 regionibus,qui
1887 1356 1998 1412 sibi
2025 1356 2096 1411 ad

451 1466 634 1524 eaque
665 1450 862 1503 mente
891 1449 1277 1516 conceperant
1305 1449 1630 1516 oportunus
1658 1445 1974 1512 videretur,
2008 1455 2100 1500 oc‘

444 1542 716 1596 currente
747 1566 816 1576 -—
847 1534 990 1588 adeo
1021 1532 1202 1588 seculi
1235 1531 1466 1588 macula
1497 1533 1752 1604 quadam
1777 1537 1990 1587 cuncta
2023 1529 2098 1587 fe'

447 1645 508 1685 re
538 1623 802 1682 cmnobia
841 1621 1224 1676 otfuscaverat
1273 1651 1340 1662 -—
1390 1619 1711 1692 longinqua
1759 1635 1986 1692 queque
2037 1628 2096 1680 et

445 1714 755 1790 peregrina
777 1710 1039 1782 delegere
1069 1714 1424 1764 statuerunt.
1455 1708 1572 1764 Hoc
1621 1725 1757 1763 cum
1809 1709 2093 1764 omnibus

442 1821 559 1861 uno
582 1802 780 1858 animo
803 1796 2092 1869 eademquesententiaplacuisset,Johannes

436 1891 735 1964 superiore
757 1885 1110 1960 profectione
1131 1903 1240 1940 sua
1263 1885 1463 1940 Italica
1476 1885 1630 1940 circa
1641 1886 2080 1941 Benevent’anas

436 1981 703 2053 regiones
725 1977 852 2030 loca
881 1991 942 2029 se
964 1973 1214 2046 quedam
1247 1974 1304 2027 in
1323 1974 1572 2029 desertis
1601 1973 1768 2029 valde
1791 1978 2078 2045 oportuna

432 2068 646 2124 asserit
675 2063 1065 2136 conspexisse,
1100 2062 1158 2115 in
1191 2061 1406 2133 quibus
1458 2061 1654 2116 labore
1686 2079 1968 2116 manuum
2003 2063 2074 2116 ad

430 2155 728 2228 exemplar
752 2153 1126 2224 antiquorum
1159 2155 1494 2205 sanctorum
1520 2149 1675 2205 facili
1708 2151 1861 2205 victu
1893 2150 2072 2205 vitam

429 2248 642 2302 ducere
659 2245 918 2316 possent,
939 2258 1065 2312 quae
1083 2241 1287 2312 utique
1304 2245 1362 2294 et
1379 2239 1594 2294 vinctis
1611 2244 1668 2294 et
1685 2240 1801 2294 situ
1822 2245 1878 2294 et
1895 2240 2072 2295 vasti-

429 2341 549 2391 tate
581 2332 853 2388 obductis
881 2329 1138 2400 copiosa,
1158 2333 1218 2384 et
1247 2333 1440 2383 cetero
1466 2345 1577 2384 usu
1603 2328 1952 2384 mortalibus
1972 2346 2076 2402 per

429 2423 629 2479 omnia
647 2423 844 2477 essent
861 2417 1258 2473 accommoda.
1273 2417 1358 2471 Ad
1377 2416 1485 2472 hoc
1507 2421 1565 2472 et
1585 2417 1803 2472 montis
1820 2417 2070 2487 Cassini,

429 2527 603 2584 quem
627 2509 888 2566 subierat
907 2510 966 2562 et
985 2505 1236 2578 propriis
1248 2505 1473 2560 visibus
1492 2504 2074 2577 exploraverat,men-

426 2601 648 2656 tionem
681 2597 997 2664 adducens,
1012 2593 1188 2649 simul
1221 2598 1280 2649 et
1311 2593 1470 2649 illius
1503 2594 1686 2650 abditi
1720 2595 1876 2650 intra
1904 2595 2071 2651 sinus

428 2689 687 2744 marinos
710 2684 896 2742 sancti
919 2683 1494 2739 Salvatoriscmnobii
1519 2683 1672 2754 quod
1689 2683 1872 2738 monti
1895 2683 2070 2739 Bebio

425 2777 719 2842 imminet,
751 2776 1047 2846 postremo
1079 2772 1136 2825 in
1178 2771 1234 2825 id
1281 2787 1486 2833 omnes
1535 2771 1759 2826 assensi
1811 2776 1970 2838 sunt,
2004 2777 2070 2826 ut

425 2863 769 2938 quantotius
791 2859 1206 2933 profectionem
1231 2857 1368 2914 illuc
1393 2864 1635 2914 maturm
1668 2861 2064 2914 decernerent.

493 2953 736 3009 35.Cum
751 2947 1190 3016 ecce,divinitus
1203 2952 1503 3002 utcertum
1519 2954 1609 3003 est
1621 2949 2064 3020 hocprocurato,

427 3044 498 3099 ad
517 3040 788 3096 notitiam
801 3035 1079 3108 episcopi,
1096 3035 1293 3108 magni
1318 3037 1696 3106 postmodum
1711 3051 1904 3090 rerum
1921 3035 2066 3090 divi-

427 3146 635 3187 narum
653 3125 1094 3197 recuperatoris,
1111 3124 1309 3180 domui
1323 3123 1726 3188 Adelberonis,
1740 3123 1845 3178 hec
1867 3124 2068 3178 omnia

425 3220 817 3293 perferuntur.
833 3214 1116 3268 Bernacer
1127 3212 1283 3268 enim
1298 3229 1454 3266 unus
1465 3229 1532 3267 ex
1545 3211 1559 3264 i
1568 3212 1708 3282 psis,
1725 3213 1865 3267 dum
1881 3213 2062 3268 eccle-

2207 664 2379 718 posse.
2408 649 2645 702 concedi
2675 647 3093 720 respoudit.lbi
3129 653 3366 720 repente
3382 649 3503 704 viro
3525 652 3870 723 prudentis-

2207 735 2380 800 simo,
2397 737 2535 808 quid
2561 735 2898 808 aliqu'ando,
2913 741 3227 808 antequam
3249 737 3472 809 apicem
3501 740 3866 810 pontiﬁcalis

2209 824 2450 880 honoris
2482 825 2817 898 attingeret,
2854 829 3030 897 super
3058 825 3186 880 loco
3216 826 3418 881 eodem
3461 828 3571 882 sibi
3623 829 3683 883 in
3731 834 3869 885 voto

2209 913 2403 978 fuerit,
2422 931 2620 968 secum
2655 913 2852 968 animo
2872 919 3200 985 reputante,
3219 932 3323 969 nec
3335 914 3593 971 humano
3614 918 3869 974 consilio

2209 1001 2314 1054 sed
2348 1002 2546 1056 divina
2577 1019 2718 1056 cura
2750 1019 2870 1056 rem
2900 1003 2991 1074 agi
3024 1003 3586 1072 considerans,nihil
3619 1007 3870 1062 omnino

2207 1094 2519 1146 cunctatus
2547 1091 2741 1144 ﬁrmat
2771 1091 3148 1146 sententiam.
3165 1091 3404 1146 Interim
3425 1109 3549 1148 rem
3573 1095 3755 1150 taceri
3770 1096 3872 1168 ju-

2209 1178 2328 1246 bet,
2360 1179 2502 1233 dum
2535 1183 2770 1250 tempus
2803 1195 2902 1234 eos
2934 1179 3106 1234 detur
3133 1179 3482 1236 acciri.Erat
3511 1180 3678 1238 locus
3702 1184 3866 1240 idem

2208 1281 2274 1322 ex
2308 1284 2424 1339 qua
2451 1266 2591 1322 olim
2612 1267 2801 1322 fuerat
2830 1267 3021 1339 specie
3038 1268 3722 1344 prmstantissimalongo
3730 1273 3867 1343 jam

2207 1355 2326 1410 situ
2358 1372 2504 1426 pene
2535 1356 2846 1427 praeferens
2879 1355 3284 1425 solitudinem,
3307 1361 3365 1412 et
3395 1362 3605 1430 preter
3638 1377 3868 1434 paucos

2207 1443 2264 1498 in
2298 1448 2458 1499 veste
2488 1443 2758 1498 monachi
2793 1443 2936 1498 inibi
2989 1444 3344 1513 habitantes,
3379 1447 3594 1518 quibus
3647 1449 3865 1504 divina:

2205 1532 2378 1604 stipis
2406 1533 2501 1586 vix
2531 1532 2830 1587 modicum
2863 1533 3004 1605 quid
3030 1533 3613 1599 infercbatur,cetera
3644 1543 3866 1592 ornatu

2203 1621 2363 1675 omni
2397 1621 2670 1676 submoto
2703 1621 2815 1654 ¹δ⁵³⁴¹
2849 1621 3002 1676 fmda
3049 1620 3242 1678 locum
3293 1621 3469 1679 facies
3513 1623 3860 1680 obsidebat.

2205 1708 2648 1764 Possessionum
2682 1709 2961 1781 quicquid
2996 1711 3252 1765 exterius
3283 1711 3866 1778 fuerat,Adelbertus

2203 1813 2420 1864 comes,
2452 1797 2541 1852 vir
2569 1814 2779 1870 genere
2817 1798 3057 1870 quidem
3110 1798 3327 1867 clarus,
3377 1799 3612 1872 ingenio
3652 1807 3862 1858 autem

2203 1884 2361 1940 ferox
2386 1901 2451 1940 ac
2480 1885 2914 1952 violentus,nec
2942 1886 3093 1940 bono
3119 1887 3392 1959 cuiquam
3425 1887 3542 1943 fere
3563 1906 3861 1962 umquam

2198 1990 2430 2029 morum
2462 1974 2752 2045 probitate
2797 1974 3138 2046 probabilis,
3172 1992 3240 2030 ex
3262 1975 3538 2031 beneﬁcio
3579 1978 3854 2052 episcopi

2187 2063 2280 2116 cui
2304 2062 2822 2135 militabat,gratia
2845 2080 2987 2118 sane
3010 2063 3258 2135 ingrata,
3275 2066 3853 2140 tenebat.Cognatus

2187 2151 2313 2222 ipse
2338 2151 2466 2222 jam
2497 2151 2636 2206 dicti
2673 2151 2970 2206 Lantberti
3002 2183 3070 2192 —-
3103 2169 3238 2207 nam
3271 2154 3398 2224 ejus
3431 2171 3692 2210 sororem
3738 2157 3848 2212 ha-

2185 2239 2360 2295 bebat
2389 2271 2456 2282 -—
2488 2240 2762 2312 idemque
2795 2239 2948 2294 inter
2978 2258 3040 2296 se
3072 2241 3423 2313 quibusdam
3450 2244 3854 2300 animositati-

2185 2329 2298 2383 bus
2329 2328 2716 2383 dissidebant.
2751 2329 2900 2384 Erho
2932 2329 3085 2384 idem
3123 2331 3471 2388 Lantbertus
3515 2339 3842 2405 postquam

2185 2417 2415 2473 animos
2445 2417 2702 2490 episcopi
2736 2418 2808 2473 ad
2841 2417 2947 2473 hoc
2990 2418 3301 2475 inclinatos
3352 2423 3665 2493 persensit,
3703 2423 3845 2478 Ber-

2186 2523 2360 2562 nacro
2392 2505 2640 2562 celerius
2673 2505 2867 2574 refert,
2902 2512 2966 2562 ut
2996 2507 3138 2562 viris
3169 2514 3453 2581 quantum
3485 2513 3684 2581 potest
3707 2529 3843 2583 per-

2183 2595 2449 2660 suadeat,
2481 2611 2595 2666 quo
2628 2611 2762 2649 mox
2790 2611 2986 2650 coram
3012 2596 3330 2663 venientes,
3363 2615 3538 2670 quem
3589 2599 3702 2654 sibi
3742 2600 3833 2655 lo-

2181 2699 2314 2738 cum
2348 2682 2601 2756 deligere
2634 2683 2862 2752 malint,
2897 2684 3116 2740 fuerint
3146 2687 3838 2757 percunctati,omnibus

2180 2771 2593 2842 prmtermissis
2624 2771 2891 2828 Gorziam
2925 2773 3246 2845 postulent.

2247 2860 2339 2914 37.
2372 2860 2542 2915 Dum‘
2573 2859 2679 2915 hec
2728 2861 3114 2917 clandestinis
3163 2863 3316 2918 inter
3363 2863 3470 2918 hos
3523 2865 3838 2937 agitantur

2177 2947 2464 3016 consiliis,
2495 2949 2760 3004 omnium
2790 2950 2997 3006 horum
3033 2951 3222 3006 adhuc
3255 2950 3370 3006 illis
3403 2953 3626 3025 ignaris
3666 2960 3726 3010 et
3757 2957 3833 3011 de

2177 3037 2643 3109 peregrinatione
2675 3039 3025 3094 maturanda
3054 3039 3470 3108 tractantibus,
3498 3041 3652 3096 alius
3677 3043 3828 3100 item

2177 3124 2566 3198 ipsorum,cui
2601 3143 2814 3182 nomen
2837 3128 3158 3195 Handinco,
3173 3129 3394 3201 absque
3416 3129 3654 3185 licentia
3675 3133 3834 3204 epis-

2173 3215 2324 3286 copi,
2356 3205 2467 3270 sub
2497 3231 2611 3286 quo
2644 3215 2796 3287 stipe
2827 3217 3108 3272 canonica
3138 3217 3405 3273 alebatur
3432 3224 3490 3273 et
3520 3219 3700 3275 titulo
3731 3238 3834 3276 su-

423 3289 523 3364 sim
549 3303 737 3362 sancti
764 3301 1082 3357 Salvatoris
1115 3305 1248 3372 post
1283 3301 1566 3355 domuum
1597 3299 2061 3356 Warimbertum
2099 3289 2142 3356 C
2170 3319 2276 3375 pra
2306 3308 2626 3360 memerato
2657 3305 3118 3372 deserviebat,se
3146 3305 3233 3362 vel
3261 3307 3477 3380 quibus
3500 3307 3830 3380 deputatus

423 3397 575 3469 stipe
593 3391 813 3449 domini
831 3391 1094 3462 ejusdem
1109 3387 1363 3444 ecclesiae
1382 3388 1578 3460 magni
1593 3393 1651 3444 et
1667 3389 2068 3446 memorabilis

420 3485 527 3542 viri
543 3480 842 3540 Lantberti
857 3479 1076 3535 deservi
1087 3477 1402 3546 ret,eodem
1415 3477 1652 3533 domino
1665 3494 1772 3533 suo
1785 3479 2066 3537 secretius

423 3578 657 3632 evocato
689 3585 811 3626 rem
843 3584 1077 3624 omnem
1095 3566 1296 3622 ordine
1318 3567 1525 3638 aperit,
1541 3567 1884 3640 meritisque
1897 3585 2065 3624 sanc-

423 3663 613 3721 titatis
643 3659 843 3716 domni
875 3656 1102 3714 Einoldi
1134 3660 1308 3728 atque
1339 3654 1518 3726 hujus
1548 3655 1835 3712 Johannis
1852 3662 2066 3713 cetero-

421 3766 672 3823 rumque
700 3748 800 3821 qui
830 3762 965 3802 cum
996 3745 1082 3800 eis
1097 3749 1264 3801 erant
1295 3750 1352 3800 et
1379 3745 1598 3800 fervore
1615 3750 1951 3800 sanctorum
1971 3747 2066 3802 de-

420 3840 772 3898 sideriorum
811 3835 1002 3892 eidem
1053 3833 1286 3906 plenius
1330 3833 1644 3901 intimatis,
1680 3838 1738 3889 et
1788 3833 2062 3906 qualiter,

419 3929 698 4004 quoniam
717 3927 776 3982 in
795 3925 888 3980 his
921 3923 1259 3996 regionibus
1277 3939 1391 3977 non
1423 3921 1508 3977 eis
1541 3927 1713 3994 aptus
1734 3929 2064 3980 occurreret

418 4019 583 4074 locus
614 4017 687 4072 ad
717 4013 1090 4070 serviendum
1121 4011 1390 4076 Domino,
1419 4015 1646 4066 exteras
1698 4011 2064 4067 destinarent

418 4110 613 4178 petere
643 4103 929 4176 regiones,
956 4099 1014 4154 id
1047 4099 1120 4154 ab
1150 4116 1216 4154 eo
1249 4099 1484 4154 interim
1517 4099 1741 4171 accepit
1773 4101 2059 4172 responsi,

418 4198 486 4250 ut
516 4207 746 4266 quoque
776 4194 943 4262 pacto
975 4203 1074 4244 eos
1105 4188 1354 4243 retinere
1385 4192 1720 4259 temptaret,
1755 4189 1896 4244 dum
1938 4189 2062 4260 ipse

418 4279 815 4356 oportunitate
833 4275 1113 4348 temporis
1128 4279 1300 4348 capta
1327 4275 1599 4348 episcopo
1615 4292 1684 4332 ea
1711 4277 2059 4334 insinuaret.

417 4371 581 4439 Quod
612 4368 859 4426 Domino
891 4365 1139 4422 faciente
1169 4364 1351 4419 cicius
1384 4380 1452 4420 ex
1473 4369 1608 4420 voto
1637 4366 1900 4435 cadente,
1927 4383 2064 4438 que-

417 4477 531 4534 que
547 4459 659 4515 sibi
693 4472 869 4529 super
882 4454 1024 4510 viris
1050 4453 1271 4508 eisdem
1289 4458 1456 4508 erant
1485 4453 2064 4526 comperta,pleniter

415 4546 921 4622 explicat,addens
950 4543 1022 4598 ad
1055 4542 1163 4598 hoc
1193 4558 1428 4598 summo
1459 4543 1662 4614 utique
1683 4544 1893 4614 probro
1909 4543 2061 4600 hanc

2178 3395 2334 3447 esset
2365 3392 2650 3459 deserere,
2683 3392 2771 3449 vel
2805 3410 3102 3466 quoquam
3136 3400 3414 3468 perpetuo
3453 3412 3624 3468 posse
3657 3414 3829 3453 sece-

2176 3495 2333 3551 pere,
2367 3497 2481 3536 non
2531 3481 2678 3537 satis
2723 3482 3020 3555 integrum
3076 3483 3186 3538 sibi
3236 3483 3440 3550 videri,
3493 3485 3824 3558 suggescit.

2176 3568 2799 3626 DomnoEinoldocum
2827 3571 2989 3626 nullo
3021 3572 3194 3628 modo
3227 3572 3820 3646 improbante,immo

2174 3659 2515 3714 canonicam
2549 3659 2632 3714 sic
2662 3677 2724 3715 se
2746 3659 2960 3716 habere
2991 3660 3255 3735 regulam
3285 3663 3685 3728 asserente,ad
3710 3662 3828 3720 hoc

2173 3751 2232 3802 et
2259 3747 2470 3803 ceteris
2502 3752 2567 3803 ut
2597 3749 2760 3804 ocius
2791 3750 2954 3806 fieret
2999 3750 3058 3804 in
3110 3767 3421 3807 commune
3469 3752 3823 3823 ferentibus,

2173 3835 2459 3893 Bernacro
2501 3837 2797 3894 mediante
2845 3855 2948 3910 per
2995 3839 3187 3894 virum
3239 3839 3639 3896 clarissimum
3693 3857 3824 3898 om-

2173 3924 2455 3996 niumque
2505 3927 2660 3997 apud
2717 3927 3059 4000 episcopum
3111 3928 3490 3985 consiliorum
3535 3930 3824 3986 intimum

2174 4013 2556 4069 Lantbertum
2573 4015 2987 4088 conspectibus
3002 4017 3257 4090 episcopi
3289 4019 3754 4090 prazsentatur.U
3765 4019 3824 4074 bi

2171 4116 2326 4170 cum,
2359 4102 2550 4174 gratia
2579 4101 2817 4159 habitus
2847 4104 3185 4176 postulandi
3217 4105 3356 4177 quid
3388 4105 3637 4178 reliquis
3670 4123 3822 4180 quo-

2171 4205 2285 4261 que
2309 4195 2465 4246 esset
2495 4190 2553 4245 in
2584 4196 2821 4260 voto,ex
2845 4192 2973 4262 ejus
3005 4192 3338 4249 narratione
3369 4192 3566 4266 palam
3599 4194 3824 4266 percla-

2171 4277 2405 4347 ruisset,
2439 4294 2642 4334 omnes
2674 4280 2772 4352 qui
2804 4280 2953 4334 forte
2983 4280 3370 4338 constiterant
3400 4283 3822 4338 ammirationo

2169 4367 2384 4440 gaudio
2413 4367 2774 4434 intermixto,
2811 4382 2881 4422 ne
2911 4367 3061 4424 tales
3093 4385 3159 4425 ac
3191 4369 3337 4425 tanti
3385 4370 3664 4427 desiderii
3717 4388 3818 4426 us-

2170 4471 2346 4528 quam
2377 4456 3132 4530 dimitterentur,dignaque
3158 4459 3243 4515 eis
3272 4459 3681 4531 provideretur
3708 4477 3820 4532 po-

2170 4544 2298 4601 cius
2327 4544 2633 4612 habitatio,
2665 4545 2905 4601 vocibus
2935 4547 3184 4602 orabant
3213 4552 3272 4604 et
3300 4547 3596 4620 precibus.

415 4636 708 4694 maculam
739 4635 825 4691 eis
846 4632 1122 4688 omnibus
1155 4637 1286 4703 post
1317 4629 1530 4687 seculis
1549 4631 1980 4701 inurendam,si
1999 4633 2060 4688 hi
2090 4659 2138 4723 D
2238 4634 2328 4688 38.
2361 4633 2491 4688 Mox
2517 4633 2794 4689 omnibus
2824 4650 3018 4690 coram
3053 4635 3255 4691 accitis
3287 4652 3466 4709 seque
3515 4637 3696 4710 digne
3750 4655 3820 4696 ac

414 4725 617 4784 famuli
649 4723 865 4781 Christi
901 4726 1064 4778 tanta
1095 4721 1292 4792 spacia
1323 4721 1452 4792 ejus
1481 4720 1912 4792 episcopii,Deo
1933 4737 2062 4794 pro-

414 4815 566 4888 picio
586 4814 671 4869 sic
694 4812 751 4867 in
777 4812 1134 4866 immensum
1159 4807 1409 4875 dilatati,
1426 4809 1507 4864 ita
1537 4809 1648 4867 sibi
1673 4815 2060 4866 causarentur

414 4903 791 4977 prmclusa,ut
821 4899 959 4972 quia
989 4915 1282 4970 nusquam
1313 4897 1803 4968 exciperentur,in
1826 4898 2056 4971 longin-

414 5010 530 5065 qua
559 4992 810 5064 quedam
843 4989 952 5044 sub
984 4986 1127 5042 cmlo
1159 4986 1455 5058 incognito
1485 4993 1883 5057 properarent,
1904 4988 2055 5044 frus-

415 5087 619 5154 traque
651 5085 738 5135 tot
767 5077 1016 5133 dicionis
1045 5076 1231 5148 ipsius
1253 5091 1382 5130 esse
1413 5076 1788 5143 monasteria,
1809 5077 1856 5131 si
1884 5077 2056 5133 modo

415 5169 487 5225 ab
519 5169 612 5223 his
640 5172 762 5222 tam
793 5165 983 5220 brevis
1015 5165 1240 5220 numeri
1267 5163 1536 5219 homines
1568 5163 1946 5234 pellerentur.

482 5258 568 5313 36.
587 5255 908 5327 Episcopus
939 5270 1071 5308 cum
1106 5253 1249 5308 nihil
1283 5251 1393 5308 sibi
1429 5269 1712 5324 umquam
1746 5254 1934 5325 magis
1964 5255 2058 5310 de-

413 5345 629 5402 siderio
655 5344 837 5398 fuisse
869 5341 1286 5413 respondisset,
1318 5357 1495 5412 quam
1527 5346 1594 5396 ut
1623 5357 1801 5412 penes
1827 5360 1888 5398 se
1915 5345 2054 5398 reti-

413 5438 710 5502 uerentur,
726 5449 792 5488 ac
823 5429 1083 5487 vicissim
1117 5429 1334 5500 abipso
1367 5430 1683 5485 Lantberto
1715 5431 1786 5486 de
1809 5430 1932 5486 loco
1950 5431 2052 5488 ha-

411 5522 716 5580 bitationis
746 5535 948 5578 eorum
979 5516 1440 5590 exquireret,ille
1469 5518 1735 5577 Gorziam
1767 5527 2054 5579 monaste-

2168 4727 2495 4778 reverenter
2523 4722 2798 4794 exceptis,
2818 4727 2951 4795 post
2982 4725 3186 4782 audita
3201 4741 3265 4781 ac
3297 4725 3526 4781 reddita
3548 4726 3818 4784 vicissim

2166 4810 2458 4882 colloquia
2488 4811 2586 4866 ubi
2619 4811 3138 4885 episcopus,quam
3171 4814 3386 4886 promti
3419 4813 3479 4869 in
3509 4830 3612 4872 eos
3628 4817 3818 4872 animi

2165 4905 2340 4966 esset,
2357 4900 2642 4971 exposuit,
2659 4899 2853 4956 locum
2884 4900 2995 4956 sibi
3027 4902 3100 4957 ad
3123 4907 3320 4958 votum
3352 4919 3733 4977 quocumque
3757 4906 3817 4961 in

2166 5004 2273 5043 suo
2307 4988 2598 5060 episcopio
2628 4989 2857 5062 c0piam
2889 4989 2974 5045 eis
3014 4990 3116 5046 dat
3158 4989 3432 5064 eligendi.
3484 4991 3572 5046 Illi
3622 4994 3819 5066 spatio

2166 5077 2324 5133 brevi
2359 5077 2511 5132 inter
2535 5094 2596 5132 se
2626 5077 2961 5133 conferendi
2993 5079 3176 5150 petito
3207 5084 3264 5133 et
3294 5084 3554 5151 accepto,
3590 5081 3819 5138 Bema-

2166 5183 2282 5233 cer,
2316 5170 2381 5221 ut
2413 5164 2562 5221 clam
2592 5165 2797 5222 doctus
2829 5167 3257 5234 erat,Gorziam
3293 5168 3821 5226 nominat.Ceteris

2165 5255 2386 5310 incerto
2418 5255 2784 5323 nutantibus,
2809 5271 2876 5310 eo
2905 5255 3062 5326 quod
3091 5255 3480 5328 peregrinatio
3502 5257 3592 5312 eis
3624 5257 3822 5316 multo

2165 5343 2397 5398 dulcius
2429 5341 2842 5415 complacaret,
2871 5342 3190 5412 Johannes,
3223 5361 3338 5416 quo
3369 5345 3596 5416 majore
3641 5363 3824 5404 nemo

2164 5433 2369 5488 ardore
2399 5431 2554 5488 exilii
2587 5432 2878 5500 estuabat,
2910 5437 3045 5488 astu
3097 5433 3374 5505 quodam,
3406 5438 3726 5507 tamquam
3759 5436 3821 5493 id

2162 5521 2402 5578 omnino
2433 5525 2588 5577 esset
2619 5519 3059 5594 impossibilem
3092 5521 3348 5598 Optime,
3378 5521 3828 5601 inquid,nequo

1757 5643 1998 5709 VARUE
2037 5645 2455 5708 LECTIONES.

481 5716 596 5758 Μ’
627 5716 905 5778 submota
933 5732 981 5775 c.
