4096 6174
466 303 583 364 263

1327 304 1652 365 JOANNIS
1701 298 2032 362 ABBATIS
2079 300 2144 359 S.
2192 296 2538 362 AltNULFl
2587 299 2998 362 METENSIS.

3759 304 3886 364 264

565 434 868 509 itimisque
900 437 1196 508 suffragiis
1228 435 1285 488 in
1317 451 1495 490 sacrae
1528 433 1806 490 Metensis
1828 431 2115 488 cathedra;
2141 431 2199 498 Α
2229 437 2347 488 tem
2379 432 2830 489 occidentalium
2858 435 3112 506 partium
3138 435 3477 504 Ludowico,
3502 435 3622 492 filio
3655 433 3882 502 Karoli,

497 541 530 580 o
545 525 834 582 ntiilcium
867 524 1520 596 Dominofpromovente
1553 519 1906 578 sustollitur.

519 613 606 670 41.
649 614 840 685 Cujus
871 609 1159 684 deinceps'
1177 616 1344 666 actus
1377 608 1448 668 de
1479 610 1572 666 die
1603 608 1661 666 in
1695 609 1851 665 diem
1885 607 2112 664 felicius

449 700 835 777 procedentes
867 705 933 756 ut
963 701 1194 758 Christo
1227 700 1372 758 duce
1411 699 1830 769 succreverint,
1862 698 1921 755 et
1951 701 2018 754 ut
2049 697 2109 752 in

443 791 884 846 monasterium
914 777 1219 864 praecipue
1264 789 1630 862 reparatione
1661 790 1810 860 (375)
1845 788 2110 845 studium

443 896 559 954 pre:
583 881 818 936 cunctis
839 879 1254 946 transfuderit,
1273 895 1641 953 nequaquam
1663 879 1818 936 brevi
1842 890 2110 936 sermone

443 969 658 1042 stringi
681 969 996 1042 quisquam
1017 987 1093 1041 qu
1105 969 1520 1041 esierit,neque
1539 967 1682 1025 mihi
1705 967 1837 1036 id,si
1859 967 2106 1052 sapiam,

439 1076 720 1132 arrogare
748 1060 1328 1132 praesumpserimEt
1347 1063 1501 1114 certe
1524 1074 1614 1114 res
1641 1057 1769 1130 ipsa
1787 1057 1869 1112 ita
1891 1073 1952 1112 se
1974 1072 2110 1112 cun-

439 1153 672 1208 etorum
707 1150 936 1223 ingerit
969 1150 1176 1220 oculis,
1211 1155 1276 1205 ut
1305 1149 1585 1222 quicquid
1634 1148 1858 1204 dictum
1909 1145 2103 1226 fuerit,

458 1239 658 1296 minus
678 1239 964 1308 videatur,
988 1243 1046 1295 et
1074 1237 1394 1296 multitudo
1417 1237 1702 1293 factorum
1734 1248 2104 1309 nequaquam

451 1328 743 1403 exaequari
774 1328 964 1386 valeat
995 1327 1272 1385 facultate
1299 1325 1628 1383 verborum.
1665 1323 1986 1382 Ecclesiam
2025 1323 2103 1380 si-

459 1415 724 1488 quidem,
756 1432 932 1489 quam
955 1415 1325 1488 superiorum
1357 1418 1690 1488 temporum
1719 1410 2104 1486 perturbatio-

440 1519 514 1560 ne
547 1505 619 1562 ab
646 1505 822 1560 omni
854 1521 1017 1576 paene
1039 1505 1374 1560 studiorum
1406 1502 1695 1560 bonorum
1728 1501 1947 1560 fervore
1978 1505 2100 1561 tam

447 1591 507 1647 in
530 1593 746 1650 divinis
769 1609 947 1666 quam
965 1597 1023 1652 et
1043 1592 1319 1650 humanis
1341 1593 1618 1650 detritam
1639 1595 1996 1666 susceperat,
2017 1591 2102 1653 ita

439 1699 646 1740 secum
678 1682 931 1739 Domino
962 1687 1240 1756 operante
1260 1699 1330 1739 ex
1361 1679 1544 1750 nullo,
1560 1685 1627 1737 nt
1651 1680 2098 1748 itadixerimﬁn

2225 521 2324 594 qui
2359 519 2510 580 bello
2541 523 2695 594 apud
2723 522 3072 579 Suesionum
3096 523 3394 580 civitatem
3426 529 3565 581 nota
3592 525 3752 581 fama
3771 541 3889 581 nec

2223 610 2414 666 victus
2446 625 2552 667 nec
2593 610 2796 678 victor,
2832 608 2890 666 in
2935 611 3264 668 custodiam
3296 612 3371 668 ad
3403 619 3656 670 mortem
3689 627 3888 688 usque

2223 697 2499 755 detrusus
2515 699 2705 756 est.Ut
2721 705 2916 756 autem
2933 715 3029 756 eos
3046 700 3264 772 pariter
3279 699 3546 774 superior
3562 699 3889 775 descripsit

2223 794 2563 856 conventus,
2600 790 2683 845 ita
2717 805 2920 844 omnes
2964 805 3138 844 sacrae
3175 787 3408 844 miliciaa
3437 794 3881 859 successerunt,

2222 875 2281 930 id
2312 883 2401 932 est
2427 878 2532 950 ipsi
2561 878 2730 951 primi
2757 884 2814 932 et
2843 877 2972 933 novi
2997 878 3174 934 duces
3195 877 3483 935 exercitus
3512 880 3884 952 praestantisa

2221 967 2487 1038 simaque
2519 968 2647 1038 ejus
2674 966 2850 1022 seculi
2887 965 3132 1034 lumina,
3157 966 3438 1022 Einoldus
3459 973 3636 1040 atque
3657 968 3882 1024 Johan-

2220 1073 2346 1124 nes,
2373 1056 2581 1110 deinde
2605 1055 2846 1110 Salecho
2877 1071 2944 1109 ex
2975 1055 3203 1110 clericis
3233 1057 3418 1110 sancti
3451 1057 3690 1112 Martini
3723 1058 3882 1113 citra

2219 1143 2542 1212 Mosellam,
2562 1145 2899 1200 l‘tandincus
2915 1144 3204 1216 presbiter
3221 1145 3377 1202 tituli
3395 1147 3580 1202 sancti
3599 1147 3879 1219 Simpho-

2217 1233 2387 1301 riani,
2417 1233 2701 1289 Bernaccr
2731 1233 3012 1289 diaconus
3033 1233 3102 1288 de
3125 1249 3240 1306 quo
3263 1249 3438 1308 supra
3468 1239 3875 1294 memoratum

2215 1327 2326 1389 est,
2351 1338 2603 1395 cumque
2634 1321 2728 1378 his
2759 1320 3180 1402 adulescentuli
3205 1321 3343 1393 duo,
3365 1323 3732 1379 Teuthincus
3763 1325 3878 1380 mi-

2215 1411 2400 1466 nister
2421 1411 2622 1466 domni
2644 1410 2894 1480 Einoldi,
2919 1415 2977 1467 et
2997 1410 3346 1479 Teutherus,
3367 1411 3464 1486 qui
3497 1410 3692 1470 adhuc
3713 1411 3874 1470 bone

2211 1499 2672 1556 conversationis
2703 1505 2988 1573 superest,
3014 1517 3150 1556 cum
3183 1499 3480 1558 Randinco
3511 1500 3871 1574 presbiter-0,

2211 1588 2384 1661 cujus
2416 1593 2541 1645 erat
2563 1605 2761 1662 nepos,
2787 1589 3104 1645 admissus.
3131 1589 3195 1646 In
3220 1588 3483 1652 vestibus
3509 1587 3871 1647 clericorum

2209 1677 2554 1751 aliquandiu
2608 1679 2996 1746 incesserunt,
3029 1679 3213 1734 donec
3262 1677 3530 1752 episcopo
3581 1677 3729 1735 illuc
3765 1697 3868 1736 vc-

442 1788 750 1828 summum
795 1776 1032 1844 repente
1072 1776 1295 1828 statum
1327 1771 1607 1844 provexit,
1632 1776 1698 1827 ut
1728 1785 2094 1845 quecumque
2123 1798 2172 1866 Β
2210 1768 2426 1836 niente,
2461 1771 2520 1824 et
2549 1783 2710 1822 more
2753 1767 3076 1824 monastico
3110 1765 3390 1824 electione
3421 1767 3492 1823 de
3521 1768 3634 1824 sibi
3665 1769 3866 1841 prmit-

437 1860 654 1916 diocesi
689 1878 809 1916 sua:
842 1861 1124 1917 suberant
1154 1861 1530 1929 monasteria,
1565 1859 1737 1934 longo
1756 1861 1882 1932 jam
1913 1864 1972 1916 et
2001 1877 2090 1917 ve-

436 1949 544 2005 teri
579 1950 782 2006 morho
814 1949 886 2006 ab
923 1965 1094 2022 opere
1136 1949 1508 2005 rectitudinis
1545 1947 1826 2022 languida
1853 1953 1910 2004 et
1941 1965 2086 2021 pene

435 2036 764 2111 desperata,
802 2037 1170 2111 regularibus
1203 2037 1532 2109 disciplinis
1563 2036 1901 2104 reddiderit,
1931 2037 2086 2092 viros

433 2125 555 2181 vita
585 2131 643 2182 et
678 2126 944 2182 doctrina
981 2126 1255 2199 probatos
1287 2125 1538 2200 singulis
1571 2125 1902 2198 quibusque
1941 2125 2085 2181 locis

434 2215 780 2287 praaﬁciens,
824 2216 922 2288 qui
970 2215 1190 2272 mundo
1235 2215 1486 2288 perfecte
1536 2215 1824 2282 abdicato,
1875 2215 2084 2270 ceteris

434 2305 786 2361 documento
809 2310 867 2360 et
890 2305 1205 2376 disciplina
1233 2305 1600 2378 proficerent.
1616 2302 1967 2361 Clericorum
1995 2305 2082 2376 ip-

433 2411 634 2450 serum
665 2393 1164 2463 conciliabula,eo
1206 2395 1360 2467 quod
1402 2393 1650 2450 divisam
1693 2410 1828 2450 cum
1869 2392 2082 2452 saeculo

431 2483 933 2540 conversationem
957 2499 1071 2538 non
1093 2482 1238 2538 satis
1253 2481 1560 2554 probabat,
1576 2481 1636 2537 in
1659 2482 2080 2538 monachorum

431 2571 708 2628 instituta
719 2569 1546 2628 mutavit.Sanctimonialium
1561 2569 2080 2646 habitacula,quod

431 2677 520 2728 ea,
552 2661 662 2718 etsi
697 2677 812 2718 non
853 2677 932 2730 re,
962 2659 1118 2716 fama
1159 2665 1357 2716 tamen
1387 2659 1688 2717 obscurari
1719 2676 1898 2733 quam
1929 2675 2080 2732 aegre

430 2749 672 2816 ferebat,
697 2749 858 2806 omni
883 2749 1136 2808 sinistrae
1159 2747 1508 2822 suspitionis
1539 2765 1737 2806 morsu
1759 2749 1995 2821 eripuit,
2021 2752 2080 2806 et

428 2839 501 2906 ad
532 2837 692 2893 idem
723 2854 838 2911 quo
868 2837 1187 2894 monachos
1217 2837 1583 2906 institutum,
1607 2843 1664 2894 et
1693 2837 1752 2892 in
1779 2833 1938 2892 nullo
1965 2837 2078 2892 dis-

429 2942 597 2997 pares
617 2926 1071 2996 observationes,
1095 2943 1197 2998 pro
1227 2941 1401 2981 sexus
1426 2925 1641 2982 virtute
1661 2925 1936 2982 coercuit.
1960 2925 2076 2982 Nec

419 3015 547 3085 jam
583 3013 1014 3085 antiquioribus
1034 3019 1092 3070 et
1120 3014 1610 3078 eminentioribus
1639 3017 1950 3070 contentus
1991 3012 2074 3070 lo-

429 3103 534 3171 cis,
559 3103 720 3176 ipsas
743 3118 973 3174 quoque
1005 3101 1246 3158 cellulas
1277 3101 1509 3176 longius
1543 3103 1658 3158 ritu
1680 3119 1823 3176 vago
1845 3103 2075 3174 disper-

429 3208 548 3261 sas,
566 3192 625 3246 in
649 3191 863 3262 quibus
880 3191 972 3248 vix
993 3196 1121 3247 octo
1144 3196 1247 3246 aut
1265 3196 1420 3246 certe
1445 3191 1691 3247 minoris
1714 3193 1946 3248 numeri
1967 3193 2078 3250 cle-

428 3281 532 3336 rici
551 3279 775 3336 rurales
794 3281 952 3336 nuda
965 3281 1275 3337 verborum
1293 3280 1615 3336 reddebant
1632 3282 1718 3316 “‘37
1731 3281 1942 3350 ofﬁcia,
1958 3300 2077 3341 mo-

430 3369 754 3426 nachorum
801 3368 1007 3425 habitu
1065 3373 1122 3428 et
1179 3369 1687 3426 observationibus
1747 3371 2072 3446 insignivit.

427 3459 617 3532 thue
647 3463 912 3532 tempora
950 3475 1158 3531 resque
1190 3457 1473 3529 tulerunt,
1509 3463 1695 3516 terras
1735 3463 2074 3534 sumptibus

426 3565 630 3606 eorum
663 3547 1023 3606 necessarias
1052 3552 1111 3604 et
1141 3565 1266 3620 qua:
1296 3546 1557 3604 locorum
1592 3553 1760 3606 erant
1789 3551 2071 3622 restituit,

426 3643 485 3695 et
513 3637 764 3711 propriis
813 3637 1022 3695 usibus
1069 3637 1400 3694 subtractae
1441 3637 1675 3712 egregia
1724 3637 2073 3697 liberalitate

426 3727 642 3784 additis
673 3725 1044 3784 testamentis
1073 3725 1450 3784 contradidit.

496 3816 585 3872 42.
605 3815 718 3872 Sed
735 3830 1095 3887 quamquam
1115 3813 1382 3871 omnium
1401 3813 1550 3872 miro
1566 3815 1763 3874 studio
1779 3832 1913 3874 cum
1930 3833 2073 3874 cura

424 3905 700 3975 tenuerit,
728 3904 934 3962 Gorzia
962 3907 1182 3971 tamen,
1216 3907 1284 3959 ut
1327 3903 1466 3973 dixi,
1492 3903 1664 3961 unico
1694 3903 1807 3960 sibi
1840 3921 2073 3978 semper

428 3993 540 4050 fuit
569 3992 774 4062 amori,
798 4009 900 4066 pro
921 4007 988 4050 eo
1011 3991 1166 4064 quod
1197 3997 1254 4048 et
1282 3991 1636 4075 principium
1659 4009 1900 4065 operum
1940 3996 2070 4066 ejus

426 4081 715 4150 extiterat,
738 4085 796 4138 et
825 4081 1110 4138 sanctitas
1128 4081 1540 4154 praedictorum
1559 4081 1818 4140 virorum
1841 4082 2069 4139 Einoldi

427 4175 604 4242 atque
633 4168 918 4228 Johannis
966 4185 1103 4226 eum
1150 4169 1438 4242 praecipue
1469 4169 1818 4242 oblectabat,
1854 4172 2070 4244 quibus

425 4258 628 4328 etiam,
651 4275 766 4331 pres
787 4256 1130 4314 excellentia
1148 4258 1404 4329 virtutis,
1428 4259 1565 4316 ﬁdei
1586 4266 1644 4317 et
1665 4261 1986 4334 sapientia,
2010 4261 2069 4318 in

425 4346 702 4403 omnibus
724 4347 842 4404 fere
862 4344 1136 4418 deinceps
1157 4345 1369 4406 divinis
1389 4363 1495 4407 seu
1517 4346 1794 4407 humanis
1815 4355 1905 4406 est
1926 4367 2070 4406 usus

425 4435 708 4494 consiliis.
760 4435 874 4493 Nec
933 4435 1115 4491 ferme
1163 4433 1498 4508 aliquando,
1531 4437 1812 4512 quicquid
1867 4455 2070 4495 eorum

2203 1856 2410 1912 ciendo
2433 1861 2595 1929 patre
2618 1857 2800 1929 petita
2819 1861 2878 1911 et
2899 1861 3153 1928 accepta,
3169 1874 3304 1913 cum
3329 1857 3700 1913 institutione
3724 1858 3866 1914 vita:

2203 1944 2510 2018 regularis,
2536 1945 2800 2000 habitum
2833 1961 3062 2018 quoque
3091 1945 3360 2002 monachi
3385 1950 3862 2004 commutarunt.

2269 2035 2358 2090 44.
2390 2033 2513 2091 Uno
2555 2035 2712 2090 enim
2743 2039 2874 2090 voto
2907 2040 2965 2090 et
2996 2034 3120 2106 pari
3168 2036 3462 2092 sententia
3507 2035 3728 2092 domno
3759 2036 3860 2092 Ei-

2197 2123 2371 2179 noldo
2403 2123 2474 2179 ab
2502 2123 2778 2182 omnibus
2807 2122 3150 2194 exclamato,
3176 2123 3299 2196 ipse
3329 2124 3554 2196 primus
3576 2125 3856 2179 omnium

2195 2211 2467 2284 episcopo
2485 2212 2809 2285 regularem
2827 2211 3328 2270 conversationem
3341 2229 3409 2268 ex
3428 2213 3704 2269 instituto
3724 2215 3861 2268 bea-

2197 2300 2240 2356 ti
2266 2301 2564 2358 Benedicti
2587 2301 2806 2374 scripto
2828 2301 3214 2373 professus,et
3235 2302 3390 2356 cruci
3414 2302 3724 2357 dominica:
3751 2303 3855 2358 de-

2195 2390 2502 2460 dicendus,
2517 2389 2748 2448 cucullo
2769 2390 3054 2448 induitur.
3071 2392 3394 2463 Sequentes
3424 2390 3624 2446 abbati
3656 2408 3727 2446 ex
3757 2408 3853 2446 or-

2193 2479 2330 2536 dine
2351 2480 2714 2556 protltentes,
2732 2480 2790 2536 in
2813 2477 3045 2536 milicia:
3069 2479 3302 2538 celestis
3319 2485 3375 2536 et
3391 2479 3740 2535 obedientia:
3764 2497 3855 2535 sa-

2190 2571 2491 2626 cramenta
2519 2569 2630 2624 sub
2679 2568 2808 2642 ipso
2857 2583 3063 2626 omnes
3097 2566 3372 2624 similiter
3401 2567 3525 2640 pari
3549 2569 3640 2603 ³⁵⁸⁸
3673 2568 3852 2624 modo

2189 2659 2520 2729 conjurant.
2543 2657 2628 2714 Ad
2651 2674 2744 2714 res
2765 2661 2927 2714 extra
2947 2657 3239 2714 curandas
3261 2657 3514 2712 domnus
3541 2657 3854 2714 Johannes

2189 2747 2396 2804 doctus
2413 2751 2471 2804 et
2486 2763 2705 2820 gnarus
2722 2763 2923 2804 earum
2942 2745 3074 2820 eligi
3086 2751 3198 2802 tur.
3217 2745 3385 2802 Pauci
3407 2746 3504 2820 qui
3525 2763 3596 2802 ex
3611 2752 3853 2802 vetusta

2191 2837 2626 2894 conversatione
2649 2835 2728 2892 ibi
2751 2839 3096 2908 supererant
3118 2834 3486 2904 monachi,ad
3503 2835 3846 2908 exemplum

2187 2942 2468 2984 novorum
2500 2925 2683 2982 coacti
2731 2925 2789 2982 in
2841 2923 3316 2981 communionem
3348 2924 3462 2988 vite
3491 2923 3676 2980 etiam
3727 2924 3844 2998 ipsi

2188 3016 2414 3072 assensi
2439 3015 2828 3072 sunt.Census
2849 3014 2935 3070 eis
2954 3011 3043 3069 vel
3069 3013 3401 3070 substantia
3421 3014 3614 3086 primo
3635 3015 3844 3070 admo-

2190 3106 2330 3162 dum
2365 3105 2559 3161 tenuis
2589 3105 2720 3173 fuit,
2744 3121 2921 3176 quam
2963 3108 3161 3160 tamen
3202 3103 3494 3160 interioris
3526 3104 3713 3158 animi
3750 3111 3846 3160 te—

2113 3163 2164 3248 C.
2188 3211 2397 3250 saurus
2427 3193 2597 3250 facile
2625 3163 2989 3250 tolerabilem
3034 3191 3304 3260 faciebat,
3335 3192 3598 3264 ﬁdesque
3627 3193 3688 3248 in
3722 3193 3844 3250 Deo

2186 3282 2378 3356 plena,
2408 3300 2534 3356 qua:
2569 3283 2756 3339 nescit
2787 3281 3102 3345 defectum,
3137 3276 3438 3354 religiosos
3469 3299 3742 3354 quosque
3773 3299 3847 3338 ex

2183 3371 2326 3428 locis
2349 3372 2594 3428 diversis
2626 3372 2684 3426 in
2708 3387 2837 3428 eam
2862 3375 3000 3428 tunc
3033 3370 3292 3444 primum
3317 3371 3612 3426 nascentis
3635 3373 3844 3446 gratia:

2183 3466 2551 3518 venustatem
2585 3461 2825 3528 excitos,
2859 3459 3331 3533 quibuscumque
3375 3461 3729 3517 necessariis
3753 3463 3847 3497 ³⁵⁸³

2184 3550 2593 3623 impendendis
2625 3549 2830 3606 ardore
2851 3548 3120 3604 certatim
3149 3547 3330 3605 altero
3351 3546 3516 3604 alteri
3551 3548 3847 3605 inruenti-

2183 3640 2294 3699 bus
2326 3638 2684 3712 impellebat.

2252 3729 2340 3786 45.
2360 3729 2444 3785 Ad
2468 3727 2576 3784 hoc
2601 3727 2725 3800 ipse
2755 3726 3053 3784 Johannes
3075 3742 3456 3800 quazcumque
3486 3725 3548 3782 in
3580 3727 3838 3786 faculta-

2179 3818 2339 3876 tibus
2371 3817 2598 3890 pridem
2640 3820 3004 3890 supererant,
3037 3819 3340 3888 tamquam
3391 3814 3563 3874 tldele
3594 3815 3838 3876 Christo

2181 3907 2562 3979 mancipium,
2589 3905 2770 3962 immo
2799 3904 3055 3977 probans
3077 3905 3136 3960 in
3159 3904 3408 3974 modico,
3434 3921 3614 3980 quam
3639 3905 3838 3964 ﬁdelis

2180 3998 2240 4054 in
2273 3995 2479 4070 majori
2511 3999 2666 4051 esset
2696 3995 2949 4062 futurus,
2985 3993 3124 4050 illuc
3163 3998 3375 4052 cuncta
3403 3995 3718 4066 contraxit,
3752 3997 3841 4054 ita

2181 4091 2245 4143 ut
2277 4103 2348 4142 ne
2378 4085 2722 4158 propinquis
2761 4082 3078 4156 aliquibus,
3110 4081 3201 4140 vel
3231 4083 3377 4157 ipsis
3425 4083 3606 4141 etiam
3659 4102 3843 4142 carne

2180 4175 2496 4250 germanis,
2522 4175 2836 4248 quicquam
2859 4188 2928 4228 ex
2950 4173 3422 4247 quibuscumque
3443 4175 3835 4246 possessioni-

2179 4265 2291 4321 bus
2316 4263 2688 4337 relinqueret,
2703 4261 2845 4336 quin
2867 4262 3064 4334 potius
3085 4261 3159 4318 ad
3180 4260 3484 4319 cumulum
3507 4260 3838 4336 gloriarum

2181 4353 2486 4410 celestium
2519 4353 2698 4425 ipsos,
2733 4350 2832 4424 qui
2877 4354 3112 4408 tantum
3143 4349 3258 4409 duo
3289 4349 3526 4408 fuerant
3555 4351 3670 4407 sibi
3704 4369 3839 4426 ger-

2181 4443 2362 4510 mani,
2395 4441 2468 4497 ad
2507 4440 2770 4496 divinum
2810 4443 2944 4512 post
2985 4439 3284 4496 modicum
3313 4439 3600 4512 temporis
3630 4457 3844 4498 secum

425 4523 818 4598 promulgavit
864 4524 1174 4595 sententia,
1199 4524 1417 4582 frustra
1465 4530 1820 4600 temptatum
1861 4533 1971 4596 est,
2007 4532 2072 4586 ut
2099 4532 2148 4600 D
2181 4531 2414 4604 subegit
2445 4528 2772 4587 servitium.
2809 4527 3039 4602 Resque
3069 4545 3272 4586 omnes
3299 4532 3422 4584 tam
3462 4529 3522 4584 in
3554 4529 3850 4587 domibus

425 4619 647 4684 contra,
681 4614 730 4672 si
763 4631 878 4688 quo
907 4617 1070 4671 extra
1099 4629 1424 4688 egressum,
1457 4632 1585 4672 sero
1615 4617 1885 4689 penituit.

495 4705 584 4760 43.
610 4703 863 4778 Ingressi
885 4706 1026 4759 sunt
1054 4707 1252 4760 autem
1283 4704 1440 4760 idem
1473 4706 1895 4764 monasterium
1918 4724 2071 4766 anno

424 4793 844 4850 incarnationis
867 4792 1169 4848 dominica:
1189 4793 1623 4862 933,0btinente
1642 4800 1868 4868 partem
1893 4796 2072 4854 Fran-

424 4885 524 4941 cize
559 4883 722 4958 regni
743 4881 1039 4956 quondam
1073 4881 1329 4939 Lotharii
1359 4882 1624 4941 Heinrico
1645 4885 2070 4943 Germanorum

426 4989 580 5048 rege,
613 4989 727 5046 quo
757 4971 1221 5046 gloriosissimus
1244 4973 1379 5029 Otto
1410 4973 1604 5040 Cesar,
1627 4974 1894 5031 omnium
1917 4981 2070 5032 retro

424 5062 714 5135 praeconia
745 5077 1030 5132 superans
1052 5065 1110 5119 et
1132 5061 1401 5119 universo
1431 5063 1556 5119 orbi
1585 5079 1700 5120 non
1733 5064 1932 5122 minus
1953 5064 2072 5138 glo-

426 5151 522 5206 ria:
555 5167 732 5223 quam
763 5150 976 5207 fructui
1011 5155 1204 5219 natus,
1229 5153 1464 5206 exortus
1494 5155 1614 5219 est;
1649 5152 1951 5211 Franciam
1973 5171 2072 5214 au-

2181 4637 2358 4694 quam
2376 4621 2437 4676 in
2453 4619 2610 4694 agris
2627 4635 2762 4676 cum
2773 4617 3075 4674 vinearum
3098 4615 3496 4690 pulcherrima
3509 4618 3852 4677 admodum

2180 4709 2365 4782 copia,
2385 4723 2768 4782 quaecumque
2800 4705 3068 4780 partibus
3089 4710 3256 4763 erant
3273 4709 3535 4776 venture,
3561 4707 3624 4762 in
3647 4725 3855 4766 unum

2181 4801 2466 4868 redactas,
2483 4799 2688 4854 usibus
2711 4795 3125 4854 communibus
3148 4795 3487 4854 monasterii
3511 4795 3812 4872 delegavit
3829 4817 3856 4866 ;

2181 4887 2518 4944 condicione
2551 4891 2748 4941 tamen
2777 4901 2844 4942 ea
2875 4883 3191 4956 proposita,
3227 4889 3292 4942 ut
3331 4884 3475 4943 dum
3507 4885 3636 4958 ipse
3669 4886 3852 4943 advi-

2178 4982 2336 5032 veret
2367 4976 2427 5031 in
2450 4976 2552 5048 jus
2583 4973 2923 5032 monasterii
2954 4977 3198 5042 retenta,
3232 4989 3299 5030 eo
3345 4974 3669 5032 decedente
3721 4991 3862 5032 non

2181 5065 2348 5122 aliter
2379 5065 2450 5120 ab
2493 5064 2829 5133 heredibus,
2863 5061 2912 5118 si
2943 5061 3045 5136 qui
3077 5063 3224 5118 forte
3272 5063 3662 5135 proximiores
3693 5067 3868 5121 tunc

2179 5161 2397 5225 essent,
2431 5158 2852 5228 repeterentur,
2878 5152 2994 5209 nisi
3025 5152 3190 5224 prius
3222 5151 3279 5206 in
3307 5150 3479 5208 libris
3511 5154 3749 5226 argenti
3769 5155 3871 5210 30

1775 5278 2032 5338 VARUS.
2053 5282 2472 5344 LEGTIONES.

496 5375 585 5411 ‘5"
617 5373 895 5432 reddebat
925 5391 976 5430 c.

1057 5373 1144 5409 ¹⁵⁵⁸
1173 5373 1322 5446 patri
1354 5389 1496 5430 corr.
1529 5375 1655 5448 pari
1685 5393 1734 5432 ε.
1812 5379 1904 5416 ¹⁵⁶ο
1933 5382 2298 5443 necessarius
2327 5398 2374 5437 ε.

2008 5497 2242 5556 ΝΟΤιΕ.

2008 5498 2056 5555 Ν
2229 5541 2242 5556 .

491 5589 648 5666 (375)
678 5589 762 5646 Cf.
795 5588 1028 5646 chartas
1055 5605 1090 5646 ο,
1116 5588 1361 5647 calmeto
1393 5590 1452 5648 in
1481 5591 1719 5652 Preuves
1746 5591 1812 5653 de
1843 5498 2224 5662 l’Histoiferf
2237 5597 2502 5692 Lprraine
2527 5595 2821 5668 collectas,
2855 5609 2912 5671 p.
2945 5592 3049 5656 338
3069 5609 3198 5672 sqq.
