4096 6174
249 355 364 418 267

1128 353 1455 417 JOANNIS
1498 349 1824 416 ABBATIS
1867 348 1934 412 S.
1965 347 2311 413 ARNULFI
2356 348 2768 414 METENSIS.

3535 352 3657 412 268

245 487 358 562 ipsi
390 503 621 560 quoque
645 486 807 544 nullo
838 487 1132 554 remorati,
1169 487 1281 542 etsi
1315 503 1430 542 non
1469 491 1730 557 tempore
1771 483 1892 540 ani-
1921 483 1978 551 Α
2007 483 2283 539 Buxerias
2316 483 2839 552 dicitur(378).Ubi
2873 485 3300 540 monasterium
3334 485 3404 540 ab
3437 487 3659 557 episco-

246 592 344 632 mo
375 581 574 632 tamen
603 580 776 648 atque
797 575 1119 632 intentione
1150 573 1455 646 pari,illuc
1486 573 1894 644 convolarunt,

245 668 303 720 et
325 665 710 720 monasticam
748 663 1180 720 institutionem
1217 662 1732 735 professi,quibns
1771 663 1891 717 fue-

245 759 374 810 rant
395 753 558 825 prius
589 753 780 823 praevii
805 757 861 808 et
883 752 1168 825 magistri,
1209 769 1415 808 eorum
1460 753 1800 822 magisterio
1830 756 1890 805 et

243 841 480 896 ducatui
521 840 732 912 subjici
765 857 868 896 nec
900 841 1236 903 abnuerunt
1269 858 1372 895 nec
1404 841 1789 894 erubuerunt.
1825 840 1893 893 Et

243 946 377 986 cum
398 929 628 984 Andrca
649 929 885 1000 quidem
910 946 1228 1002 germanus
1247 929 1434 1000 ipsius
1469 929 1888 1002 Maginfredus,

243 1022 445 1090 postea
464 1017 560 1074 alii
586 1017 824 1089 quidam
865 1018 1060 1090 gentis
1093 1018 1359 1089 ejusdem
1387 1022 1529 1073 sunt
1566 1017 1890 1073 subsecuti.

241 1105 389 1162 Cum
424 1106 744 1162 Humberto
775 1111 974 1161 autem
1006 1105 1287 1177 puerulus
1321 1105 1560 1178 quidam
1597 1107 1646 1162 ei
1683 1106 1892 1161 minis-

245 1198 434 1263 trans,
465 1191 604 1250 Milo
634 1193 891 1263 nomine,
927 1199 1239 1266 susceptus
1288 1199 1397 1263 est,
1432 1195 1582 1251 bone
1631 1195 1754 1268 ipse
1803 1195 1891 1250 in-

247 1281 400 1339 dolis
428 1287 487 1338 et
516 1298 633 1338 non
664 1281 912 1336 minimo
941 1283 1318 1354 postmodum
1351 1283 1486 1338 usui
1526 1283 1889 1355 profuturus.

313 1370 408 1426 51.
423 1368 705 1426 Praeterea
726 1371 880 1442 quod
903 1371 976 1427 de
996 1371 1202 1427 eodem
1224 1370 1344 1426 viro
1366 1371 1680 1428 venerabili
1705 1371 1888 1427 Hum-

247 1459 410 1515 berto
431 1457 620 1531 primo
641 1475 775 1514 cum
798 1459 1118 1514 narrationi
1142 1458 1424 1514 incideret
1437 1465 1527 1515 est
1546 1461 1895 1532 praetermis-

247 1563 380 1603 sum
404 1549 544 1618 (cap.
565 1545 788 1616 2i),bie
811 1546 1063 1604 breviter
1083 1547 1446 1604 reddendum
1468 1548 1722 1617 videtur,
1747 1566 1890 1621 qua-

247 1634 380 1692 liter
407 1635 533 1708 ipse
562 1651 792 1708 quoque
823 1635 1019 1692 divino
1051 1635 1312 1708 impulsu
1347 1637 1405 1692 in
1439 1636 1709 1693 habitum
1759 1637 1890 1694 reli-

243 1724 436 1798 gionis
465 1724 784 1780 transierit.
818 1723 900 1780 Ex
925 1725 1270 1797 parentibus
1302 1725 1396 1780 hic
1438 1726 1545 1782 etsi
1596 1725 1891 1784 ruralibus

243 1830 357 1869 non
380 1815 522 1870 adeo
545 1818 742 1869 tamen
766 1829 824 1869 re
854 1811 1128 1870 familiari
1161 1813 1457 1883 subtritis,
1480 1815 1622 1871 dum
1655 1816 1885 1872 adules-

241 1919 379 1959 cens
401 1919 536 1960 cum
568 1902 789 1958 eisdem
819 1908 1170 1971 versaretur,
1193 1903 1450 1975 quadam
1481 1904 1627 1960 forte
1652 1905 1769 1971 die,
1800 1905 1885 1960 uti

243 2007 305 2048 se
335 1992 453 2047 vita
483 1991 583 2047 illa
613 1991 860 2046 invicem
888 1991 1100 2047 retinet
1131 1991 1516 2062 privatorum,
1549 1993 1669 2048 noti
1709 1992 1891 2064 aliqui

242 2079 328 2135 vel
353 2080 558 2136 afﬁnes
589 2080 649 2134 in
681 2080 853 2134 domo
886 2095 1085 2134 eorum
1114 2085 1395 2136 venerant
1429 2081 1703 2136 convivas.
1743 2081 1892 2149 Illis,

244 2174 311 2226 ut
339 2169 484 2224 forte
511 2169 656 2225 hora
686 2167 842 2236 tulit,
873 2167 954 2223 ibi
1003 2172 1170 2225 nocte
1204 2168 1451 2225 retentis
1501 2169 1892 2242 cubitumque

245 2255 910 2330 petentibus,lanceolas
931 2273 1080 2328 quas
1111 2257 1181 2314 de
1206 2273 1362 2314 more
1385 2256 1717 2329 bajulantes
1746 2265 1894 2316 attu-

247 2345 454 2418 lerant,
471 2345 588 2404 feni
617 2362 843 2416 acervo,
874 2345 1028 2418 quod
1057 2351 1296 2418 propter
1324 2347 1535 2416 fuerat,
1560 2365 1724 2406 verso
1757 2367 1891 2405 sur-

246 2453 380 2492 sum
410 2435 562 2494 ferro
592 2439 915 2508 apponunt.
949 2434 1100 2491 Casu
1141 2435 1296 2492 idem
1329 2435 1677 2494 adulescens
1717 2438 1892 2510 paulo

247 2529 382 2583 ante
411 2541 614 2584 acervo
643 2540 962 2582 conscenso
993 2524 1086 2560 ¹⁸⁶⁸
1117 2524 1338 2582 ibidem
1363 2524 1782 2584 obdormierat.
1805 2529 1890 2584 Ad

246 2613 498 2672 multam
516 2613 635 2670 fere
647 2617 878 2670 noctem
891 2629 1100 2670 somno
1111 2613 1497 2684 excitus,cum
1519 2619 1681 2672 extra
1697 2615 1892 2674 nescio

247 2721 361 2776 quo
390 2708 526 2760 ante
551 2702 891 2759 condixerat
921 2701 1119 2776 egredi
1150 2701 1348 2772 vellet,
1379 2719 1483 2777 per
1531 2720 1801 2762 acervum
1829 2721 1892 2763 se

245 2792 466 2850 sensim
496 2790 827 2863 dimittens,
857 2791 1010 2847 inter
1036 2795 1261 2848 erectos
1289 2791 1563 2864 cuspides
1590 2793 1780 2850 vicino
1802 2794 1892 2850 ni-

245 2883 432 2940 mium
461 2886 552 2938 est
579 2880 773 2937 illisus
804 2879 1082 2953 periculo,
1117 2879 1201 2937 ita
1232 2886 1298 2938 ut
1327 2886 1488 2940 veste
1527 2883 1756 2956 corpori
1789 2884 1890 2941 ad-

243 2970 498 3028 haerente
527 2968 953 3042 comprehensa
980 2969 1248 3042 ferroque
1279 2969 1593 3042 terebrata,
1626 2987 1728 3044 per
1756 2971 1891 3029 has-

243 3057 346 3116 tile
377 3075 564 3132 usque
595 3058 668 3114 ad
698 3062 915 3114 terram
937 3058 1290 3116 decurreret.
1326 3058 1536 3116 Hastili
1569 3059 1814 3116 subacto
1835 3065 1894 3117 et

245 3163 306 3204 re
336 3146 575 3220 palpatu
605 3144 892 3203 solicitius
922 3144 1242 3217 explorata,
1272 3152 1438 3203 stans
1477 3152 1535 3203 et
1579 3153 1700 3204 tam
1746 3165 1890 3222 pras-

244 3214 474 3293 sentem
503 3235 660 3290 circa
689 3249 750 3289 se
790 3232 891 3289 Dei
940 3214 1271 3291 custodiam
1316 3235 1494 3292 etiam
1545 3252 1722 3308 prava
1746 3214 1890 3293 -mo-
1920 3214 1965 3283 (ἶ

246 3324 488 3380 lientem
516 3322 918 3392 considerans,
952 3323 1201 3395 gradum
1233 3324 1304 3380 ab
1337 3323 1568 3396 incepto
1611 3325 1737 3396 jam
1771 3342 1890 3381 me-

243 3413 400 3470 liora:
429 3411 762 3468 deliberans
810 3410 1046 3484 retinet,
1095 3416 1270 3486 atque
1321 3413 1381 3468 in
1433 3411 1728 3486 reliquum
1776 3414 1892 3472 Deo

249 3501 465 3559 servire
492 3502 689 3556 mente
719 3502 841 3556 tota
868 3503 1208 3572 pertractat.

321 3591 413 3647 52.
445 3593 560 3646 Nec
592 3587 780 3644 multo
809 3591 962 3660 post,
997 3587 1134 3644 licet
1163 3593 1327 3661 patre
1357 3587 1682 3662 plurimum
1713 3591 1895 3649 obsis-

250 3680 619 3750 tente,rebus
635 3679 864 3736 cunctis
884 3677 1263 3752 posthabitis,
1292 3678 1538 3736 Romam
1570 3680 1891 3752 proﬁcisci-

248 3773 430 3839 tur,et
445 3769 504 3824 in
519 3768 575 3823 id
589 3767 1062 3840 perlustrationis
1075 3771 1336 3840 tempore
1351 3783 1464 3824 non
1477 3785 1652 3841 parvo
1669 3775 1892 3843 exacto,

248 3871 512 3913 reversus
541 3853 814 3912 cellulam
837 3854 1217 3912 reclusoriam
1252 3854 1501 3912 Virduni
1532 3856 1644 3912 sibi
1678 3858 1890 3916 consti-

246 3946 379 4003 tuit.
429 3945 537 4004 Ubi
587 3944 868 4002 diuturna
915 3945 1186 4002 absentia
1228 3945 1554 4018 ceterisque
1600 3947 1889 4005 bonorum

246 4049 487 4107 operum
499 4033 736 4102 studiis,
753 4032 1024 4108 pluribus
1035 4034 1199 4091 visus
1210 4038 1301 4091 est
1312 4035 1890 4108 profuisse.Lectioni

245 4137 476 4195 quoque
506 4121 743 4178 assidue
772 4138 1008 4194 operam
1041 4123 1208 4192 dans,
1241 4123 1399 4177 brevi
1441 4140 1557 4179 non
1590 4125 1890 4182 modicum

246 4210 504 4267 scientia:
538 4214 839 4266 tesaurum
878 4211 989 4267 sibi
1023 4216 1478 4284 comparaverat.
1505 4213 1569 4269 ln
1602 4230 1717 4286 quo
1741 4213 1888 4272 illud

247 4297 532 4356 miraculo
563 4298 740 4356 fuerit
771 4300 881 4369 ‘5“,
914 4300 1070 4372 quod
1103 4305 1239 4356 ante
1270 4300 1480 4357 horum
1511 4301 1629 4358 fere
1661 4317 1890 4376 expers,

243 4388 460 4462 spiritu
485 4393 718 4446 tantum
749 4389 1031 4464 magistro
1076 4389 1444 4461 sapientibus
1487 4396 1724 4464 repente
1771 4409 1887 4450 non

243 4476 462 4551 dispar,
495 4481 652 4534 certe
681 4477 948 4550 superior
986 4477 1047 4533 in
1080 4476 1285 4534 multis
1336 4480 1628 4551 apparuit.
1668 4479 1750 4535 lbi
1784 4497 1888 4554 per

242 4565 398 4623 idem
429 4571 663 4640 tempus
696 4567 823 4623 duae
853 4566 1052 4640 oppidi
1085 4567 1273 4640 ipsius
1321 4566 1606 4640 religiosae
1656 4568 1885 4624 femina:
1914 4584 1964 4652 ι)

240 4654 453 4712 cellula
483 4655 728 4714 seorsim
754 4660 990 4713 remota:
1023 4655 1096 4712 ab
1117 4671 1183 4712 eo
1214 4655 1699 4729 instituebantur,
1730 4662 1788 4715 et
1817 4674 1886 4715 ex

237 4743 497 4803 fenestra
513 4749 746 4803 tantum
763 4743 987 4802 cellulae
1011 4744 1254 4800 verbum
1277 4745 1542 4802 doctrine
1559 4761 1663 4802 seu
1680 4751 1883 4803 cetera:

236 4833 633 4892 institutionis
645 4831 1289 4892 sumebant.Alizeitem
1305 4833 1431 4889 dua:
1455 4834 1609 4906 apud
1633 4836 1881 4892 eamden

236 4923 443 4981 urbem
471 4923 602 4997 ejus
632 4929 773 4981 sunt
803 4923 1206 4980 exhortatione
1237 4938 1516 4989 accensae,
1532 4937 1786 4994 quarum
1807 4923 1884 4980 al-

237 5014 362 5069 tera
391 5017 581 5070 mater
598 5011 990 5085 plurimarum
1021 5010 1371 5068 ancillarum
1418 5011 1634 5068 Christi
1679 5016 1884 5085 postea

235 5099 390 5160 facta
417 5105 509 5161 est
537 5102 688 5174 (377)
719 5102 780 5160 in
809 5099 1105 5160 territorio
1135 5099 1419 5158 Tunlensi
1460 5099 1573 5172 ⁸⁸⁸⁷,
1603 5099 1730 5159 loco
1779 5102 1880 5175 qui

2004 587 2078 644 po
2091 572 2253 626 bona:
2269 573 2564 627 memoriae
2577 571 2815 628 Gozlino
2827 571 3049 642 (379)ex
3062 589 3208 628 novo
3219 577 3630 629 constructum
3641 618 3658 643 ,

2005 665 2314 732 postquam
2335 661 2408 715 be
2429 661 2556 716 dum
2589 661 2846 732 primum
2879 663 3020 716 sunt
3055 661 3429 730 intromissis,
3449 659 3655 716 multi-

2004 749 2134 820 plex
2155 749 2366 804 deinde
2387 768 2456 804 ex
2475 749 2723 805 diversis
2740 750 2941 804 mundi
2967 749 3250 805 lateribus
3268 751 3454 805 sancti
3475 751 3658 806 fervo—

2004 839 2086 894 ris
2107 856 2168 893 se
2197 840 2411 895 ibidem
2437 855 2678 894 examen
2706 839 2948 905 inludit,
2974 843 3039 892 ut
3075 855 3263 911 usque
3301 839 3469 894 hodie
3505 857 3658 894 nova

2004 929 2256 999 quadam
2281 929 2470 999 gratia
2495 929 2646 984 inter
2667 933 2859 982 cetera
2883 927 3254 1000 resplendere
3276 927 3562 983 videatur.
3591 931 3656 984 ln

2002 1033 2071 1072 ea
2087 1017 2284 1089 itaque
2304 1016 2515 1072 cellula
2535 1015 2856 1072 reclusiora
2877 1015 3096 1072 multos
3118 1033 3301 1088 agens
3329 1017 3415 1052 ¹⁶⁶⁸
3440 1034 3656 1088 annos,

2004 1110 2423 1178 postquam,ut
2454 1123 2635 1178 supra
2663 1104 3144 1172 memoravimus,
3156 1105 3348 1178 gratia
3364 1107 3656 1162 domuum

2003 1193 2316 1250 Einoldum
2335 1193 2561 1250 visendi
2578 1193 2750 1254 Tullo
2767 1193 3006 1250 veniens
3018 1195 3303 1250 domuum
3318 1193 3655 1250 Jobannem

2001 1283 2052 1337 ei
2085 1282 2365 1350 innotuit,
2383 1281 2634 1355 indeque
2664 1282 2900 1356 propria
2921 1283 3178 1355 repetiit,
3211 1298 3346 1338 mox
3374 1288 3544 1338 certae
3567 1299 3661 1340 se-

1985 1369 2094 1426 dis
2116 1370 2380 1443 ipsorum
2413 1371 2631 1427 famam
2662 1371 2939 1443 percepit,
2955 1387 3090 1426 cum
3108 1370 3194 1427 eis
3210 1375 3268 1426 et
3284 1371 3407 1443 ipse
3427 1371 3658 1428 habita-

2002 1464 2174 1515 turus
2194 1460 2466 1516 accurrit.
2484 1460 2550 1516 In
2572 1475 2689 1532 qua
2708 1460 2986 1516 societate
3001 1459 3071 1515 de
3095 1458 3320 1532 reliquo
3332 1459 3426 1532 pio
3448 1461 3658 1516 admo-

2002 1549 2144 1604 dum
2175 1547 2374 1606 labore
2405 1553 2497 1605 est
2525 1549 3126 1616 conversatus,donec
3147 1565 3328 1604 causa
3348 1547 3655 1622 religionis

2001 1637 2208 1692 exinde
2227 1637 2582 1694 monasterio
2609 1637 2763 1694 beati
2795 1638 2932 1714 Apri
2965 1636 3134 1694 Tullo
3164 1633 3486 1695 translatus
3516 1641 3612 1694 est
3638 1655 3652 1704 ;

2003 1725 2101 1780 ubi
2135 1730 2192 1781 et
2222 1727 2278 1780 in
2313 1742 2453 1781 cura
2483 1725 2678 1800 gregis
2709 1727 2986 1782 dominici
3022 1726 3191 1783 beato
3223 1727 3338 1781 ﬁne
3367 1727 3614 1798 quievit.

2073 1814 2162 1868 53.
2193 1815 2454 1870 Andreas
2485 1831 2716 1887 quoque
2747 1821 2803 1870 et
2837 1815 2961 1886 ipse
2991 1821 3303 1888 postquam
3333 1815 3392 1871 in
3440 1816 3652 1872 eadem

2005 1917 2168 1959 sacra
2199 1901 2417 1958 milicia
2448 1901 2763 1974 plurimam
2797 1909 3025 1959 aetatem
3057 1905 3402 1972 confecerat,
3413 1903 3540 1975 jam
3563 1919 3653 1960 se-

2003 2006 2112 2047 nex
2136 1997 2194 2046 et
2225 1996 2482 2048 mentem
2513 1993 2764 2048 candore
2781 1993 2992 2065 capitis
3018 1993 3550 2061 referens,ltomam
3570 1994 3649 2049 ad

2002 2079 2457 2152 postulationem
2471 2081 2858 2153 papeAgapiti
2875 2081 3260 2154 mittitur,qui
3282 2081 3491 2137 litteris
3508 2097 3650 2136 cum

2002 2168 2216 2224 nuncio
2247 2169 2504 2240 quodam
2535 2169 2746 2225 idoneo
2777 2169 2897 2226 viro
2929 2169 3186 2226 multum
3235 2187 3270 2225 a
3317 2169 3530 2226 domno
3562 2169 3655 2225 Ei-

2002 2256 2176 2314 noldo
2207 2257 2648 2330 efﬂagitaverat,
2680 2257 2910 2330 aliquos
2930 2258 3042 2316 sibi
3074 2257 3553 2331 religiosos,quos
3587 2258 3653 2314 in

2002 2346 2358 2403 monasterio
2388 2345 2542 2403 beati
2573 2347 2758 2416 Pauli,
2793 2347 2948 2420 quod
2981 2352 3120 2404 tunc
3148 2347 3221 2404 ad
3253 2349 3652 2404 monasticum

2001 2433 2266 2491 ordinem
2298 2435 2614 2492 transferre
2663 2434 3036 2506 moliebatur,
3068 2453 3204 2493 cum
3237 2435 3450 2493 auxilio
3491 2438 3654 2510 regis

1999 2521 2216 2580 Albrici
2249 2521 2578 2593 collocaret,
2611 2524 2934 2582 transmitti
2967 2525 3261 2594 (DCCCCL
3302 2567 3316 2580 .
3355 2528 3477 2592 Quo
3509 2542 3652 2582 cum

2001 2611 2181 2668 altero
2212 2611 2468 2683 quodam
2499 2612 2700 2682 fratre,
2738 2611 2839 2685 qui
2871 2628 2940 2670 ex
2987 2613 3342 2670 monasterio
3393 2614 3651 2671 Luxovio

2000 2699 2269 2758 Gorziam
2299 2704 2436 2756 ante
2465 2699 2702 2774 aliquod
2735 2718 2920 2758 annos
2951 2701 3288 2772 advenerat,
3299 2703 3651 2776 perductus,

2000 2786 2254 2862 regulari
2301 2787 2676 2846 institutione
2724 2788 2849 2847 loco
2901 2790 3240 2860 informato,
3287 2809 3404 2848 non
3454 2791 3649 2848 multo

1999 2881 2134 2952 post
2161 2883 2430 2950 receptus
2459 2877 2532 2934 ad
2563 2877 3141 2949 Dominum,ibidem
3171 2885 3261 2936 est
3289 2880 3646 2938 tumulatus.

2068 2967 2160 3022 54.
2193 2965 2264 3022 Et
2291 2966 2431 3038 quia
2461 2967 2757 3024 mentione
2786 2968 3040 3024 duorum
3085 2974 3471 3043 augmentum
3503 2986 3645 3026 con-

1999 3053 2356 3128 gregationis
2383 3055 2651 3126 ejusdem
2683 3060 2920 3129 tangere
2943 3057 3250 3130 cmpimus,
3265 3059 3334 3114 de
3355 3057 3488 3114 aliis
3505 3075 3650 3131 quo-

1999 3159 2114 3216 que
2143 3160 2272 3215 quas
2301 3144 2392 3178 ¹⁶⁰⁹
2421 3151 2749 3202 memoratu
2780 3145 2969 3220 digna:
3001 3151 3413 3202 successerunt
3443 3164 3645 3219 perso-

2002 3249 2110 3300 nae,
2129 3247 2308 3304 quam
2338 3231 2636 3289 succincte
2666 3250 2758 3290 res
2789 3234 3118 3307 pacientur,
3135 3251 3267 3291 mox
3297 3236 3509 3292 inferre
3525 3253 3645 3292 non

2001 3322 2430 3393 inconsequens
2461 3321 2836 3380 arbitramur.
2854 3327 2940 3379 Ita
2969 3323 3337 3396 enim,plano
3357 3325 3648 3398 quodam-

2002 3409 2175 3468 modo
2192 3408 2402 3482 spatio,
2418 3409 2488 3465 de
2500 3409 2622 3466 viro
2643 3427 2760 3483 quo
2787 3412 3202 3486 proposuimus
3232 3413 3501 3470 decurrat
3517 3431 3649 3470 nar-

2003 3499 2152 3556 ratio
2181 3497 2366 3554 libera
2395 3503 2572 3571 atque
2601 3500 2878 3556 omnibus
2906 3500 3175 3573 expedita
3221 3501 3334 3558 sibi
3382 3502 3644 3576 primum

2001 3587 2311 3656 absolutis,
2344 3587 2452 3644 soli
2485 3591 2716 3644 tantum
2747 3589 3044 3662 proposito
3075 3590 3459 3648 continuuset
3480 3589 3646 3647 nullo

2003 3675 2315 3733 intercisus
2364 3675 2530 3733 labor
2558 3677 2864 3734 incumbat
2913 3679 3165 3750 negotio.
3198 3677 3272 3735 Ut
3299 3696 3433 3752 ergo
3465 3695 3646 3737 suave

2004 3766 2239 3838 fragans
2272 3765 2360 3800 ¹⁵⁷⁰
2391 3765 2551 3836 odor,
2585 3765 2645 3821 in
2677 3783 2794 3839 qua
2821 3766 3090 3824 Christus
3136 3769 3502 3840 recubuerat,
3533 3768 3648 3826 do-

2003 3871 2138 3911 mus
2169 3853 2366 3926 ibique
2389 3853 2563 3926 juxta
2593 3854 2680 3910 vel
2709 3855 2910 3928 procul
2959 3872 3266 3928 respersus
3297 3861 3406 3921 est,
3440 3855 3649 3914 ﬁdeles

2002 3943 2220 4016 quique
2251 3959 2316 4000 eo
2357 3943 2796 4013 adtracti,mira
2831 3943 3128 4002 celeritate
3156 3946 3412 4018 undique
3441 3961 3650 4018 cepere

2001 4031 2496 4089 concurrere.Ncc
2516 4031 2708 4089 solum
2740 4033 2840 4106 qui
2861 4038 3068 4090 sancto
3100 4033 3386 4091 desiderio
3395 4035 3522 4105 jam
3541 4034 3652 4091 du-

2001 4121 2144 4176 dum
2193 4119 2448 4190 accensi,
2489 4118 2580 4176 vel
2627 4120 2843 4192 spiritu
2892 4120 3180 4178 occultius
3231 4121 3523 4194 inspirati,
3555 4121 3647 4179 vel

1999 4208 2244 4268 lectione
2274 4207 2470 4266 divina
2499 4209 2756 4279 excitati,
2789 4210 2890 4282 qui
2923 4210 3009 4268 eis
3032 4211 3186 4267 viam
3219 4215 3382 4266 recta:
3407 4227 3648 4268 conver-

2000 4297 2246 4355 sationis
2275 4297 2610 4355 ostenderet
2637 4299 3074 4372 exspectabant,
3110 4315 3242 4356 mox
3289 4303 3412 4353 tota
3459 4298 3646 4355 avidi-

1997 4392 2117 4444 tate
2146 4387 2302 4460 quod
2341 4385 2605 4455 oblatum
2635 4387 2954 4444 cernebant
2983 4387 3232 4461 amplexi
3264 4392 3423 4455 sunt,
3438 4404 3645 4444 verum

1999 4475 2096 4531 alii
2129 4491 2380 4548 quoque,
2414 4474 2514 4547 qui
2545 4479 2790 4532 eatenus
2821 4474 3018 4548 frigidi
3049 4476 3342 4550 torpuisse
3371 4475 3648 4532 videban-

1998 4569 2114 4632 tur,
2148 4563 2358 4619 horum
2389 4561 2672 4636 exemplis
2705 4564 3002 4634 concitati,
3037 4568 3341 4638 tamquam
3372 4563 3642 4621 carboni-

1995 4655 2106 4710 bus
2134 4652 2280 4708 vivis
2313 4652 2426 4708 sibi
2458 4651 2714 4710 admotis
2743 4652 3029 4722 calefacti,
3062 4653 3135 4710 ad
3168 4669 3371 4710 eorum
3406 4669 3646 4710 consor-

1993 4742 2140 4798 tium
2173 4740 2588 4797 ardentissime
2620 4740 2999 4798 festinabant.

2061 4831 2152 4886 55.
2176 4829 2375 4900 Neque
2407 4829 2466 4884 hi
2500 4828 2618 4886 fere
2648 4831 3008 4903 quicumque
3037 4831 3106 4886 de
3140 4831 3332 4897 trivio,
3345 4831 3447 4888 sed
3466 4831 3642 4888 urba-

1992 4934 2204 4976 narum
2221 4916 2566 4974 deliciarum
2577 4917 2892 4991 gloriaeque
2908 4924 2967 4976 et
2977 4925 3322 4992 sumptuum
3345 4921 3504 4978 fuere
3521 4936 3643 4976 non

1991 5004 2365 5081 ignobilium,
2379 5021 2630 5078 quorum
2649 5005 2826 5062 etiam
2843 5005 3054 5079 opibus
3075 5024 3192 5065 non
3206 5007 3436 5065 modica
3446 5005 3645 5079 supel-

1990 5094 2184 5154 lectile
2210 5093 2373 5150 locus
2402 5098 2492 5151 est
2520 5099 2752 5152 auctus.
2769 5095 2834 5152 In
2854 5093 2949 5152 his
2972 5097 3355 5169 patruusjam
3377 5095 3521 5153 dicti
3541 5112 3640 5152 ve-

1581 5225 1824 5285 VARI/E
1861 5218 2283 5287 LECTIONES.

303 5344 393 5380 ³³⁸⁵
422 5359 707 5403 consenso
737 5359 782 5401 ο.
861 5343 949 5379 ¹³⁶⁶
978 5343 1168 5399 fuerat
1193 5357 1336 5400 corr.
1365 5341 1540 5400 fuerit
1567 5358 1613 5399 ο.
1691 5343 1779 5380 ³³⁸⁷
1808 5342 1961 5403 ἱιαό.
2035 5338 2126 5377 ¹⁵⁶⁸
2154 5334 2209 5394 ei
2236 5349 2381 5408 gens
2405 5351 2453 5391 c.
2531 5335 2620 5373 ⁸⁸⁸⁸
2647 5334 2793 5394 deest
2817 5339 2879 5393 in
2909 5353 2952 5396 ο.
3031 5337 3124 5374 ¹⁸⁷⁰
3151 5335 3412 5415 fraglans
3440 5351 3486 5396 c.

1829 5465 2066 5529 NOTAE.

305 5576 460 5649 (377)
486 5578 654 5634 Anno
683 5576 809 5635 962.

295 5644 448 5724 (378)
481 5647 1206 5718 Bouxieres-aux-Dames,
1250 5644 1422 5706 hodie
1469 5645 1637 5707 dieeo.
1689 5645 1865 5709 Narn-

1985 5567 2258 5631 ceiensis.

2051 5640 2197 5725 (379)
2227 5637 2386 5700 Obiit
2417 5655 2470 5698 a.
2505 5638 2632 5698 963.
