4098 6170
297 417 412 476 269

1198 418 1299 478 DE
1342 416 1526 479 VITA
1566 418 1888 485 JOANNIS
1933 418 2263 481 ABBATIS
2312 382 2789 484 coaszSIS.

3574 423 3693 484 270

298 547 572 604 nerabilis
602 549 803 603 domni
834 548 1339 627 Adelberonisfuit
1360 551 1819 624 Frederieus,qui
1850 553 1936 607 in-
1970 556 2022 619 Α
2122 556 2210 607 57.
2244 554 2328 608 Ad
2359 554 2512 609 idem
2541 556 2720 611 ferme
2752 562 3004 628 tempus,
3039 558 3331 629 specimen
3366 562 3429 611 ut
3476 557 3562 610 ita
3604 557 3693 610 di-

295 637 556 693 fantulus
570 637 807 709 quidem
823 639 1177 693 monasterio
1191 640 1374 693 sancti
1394 640 1941 711 Ilumlierti‘mwtiti)

293 728 479 782 fuerat
501 727 893 799 mancipatus,
908 727 1009 783 sed
1043 727 1223 782 simili
1240 729 1465 783 cwteris
1489 729 1577 762 ¹⁵⁷²
1598 727 1722 783 loco
1740 746 1941 784 eorum

294 815 495 869 morbo
512 813 785 886 pallente,
804 814 927 887 ipse
940 816 1441 887 quemadmodum
1459 818 1751 888 majorum
1774 818 1944 873 duce-

292 904 489 971 batur,
532 903 834 975 exemplis,
885 903 1283 961 indifferenter
1332 904 1529 960 seculo
1578 907 1937 962 convivebat.

291 992 541 1064 Eratque
570 993 640 1047 ad
677 993 731 1046 id
766 992 1067 1065 temporis,
1096 994 1238 1065 quia
1257 994 1387 1064 jam
1418 995 1743 1050 admodum
1774 1000 1940 1051 aetate

291 1085 671 1153 processerat,
705 1086 761 1135 et
794 1099 1145 1154 magnorum
1183 1089 1487 1156 quantum
1537 1086 1608 1138 ad
1656 1085 1941 1139 secularia

290 1180 573 1225 sensuum
605 1170 809 1242 virque
841 1171 1170 1227 industrius
1190 1172 1518 1238 videbatur,
1543 1173 1816 1247 episc0po
1837 1175 1939 1229 ad-

290 1258 402 1314 huc
424 1262 565 1314 tunc
578 1259 835 1331 junioris
851 1260 1039 1316 mtatis
1053 1260 1360 1328 adherens,
1385 1262 1557 1333 cujus
1578 1266 1637 1317 et
1665 1263 1938 1319 consultu

290 1347 566 1420 pleraque
601 1352 742 1403 tunc
765 1348 824 1403 in
857 1348 1151 1421 episcopio
1175 1350 1522 1422 agebantur.
1545 1350 1772 1407 Animis
1794 1370 1937 1424 prae-

291 1440 542 1504 terea,ut
560 1453 689 1493 vere
710 1441 977 1509 patruus,
993 1438 1401 1506 sevcrioribus,
1418 1455 1452 1493 a
1472 1438 1742 1517 pluribus
1759 1456 1937 1512 quam

292 1541 428 1597 sepe
460 1542 577 1581 non
611 1526 960 1582 necessariis
972 1526 1262 1598 juvenilia
1276 1527 1583 1585 molimina
1610 1530 1935 1585 revocabat.

291 1614 394 1670 Hic
421 1615 661 1670 tandem
693 1614 1008 1687 aliquando
1040 1632 1240 1672 secum
1272 1621 1771 1684 retractans,cum
1804 1623 1939 1674 tan-

290 1709 411 1759 tam
443 1704 763 1760 eorundem
784 1703 1041 1761 virorum
1064 1705 1164 1761 Dei
1193 1705 1415 1762 videret
1439 1706 1803 1775 instantiam,
1820 1723 1940 1762 cor-

293 1793 362 1848 de
408 1797 819 1865 compunctus,
872 1794 1098 1849 cunctis
1148 1811 1274 1866 quae
1324 1811 1386 1851 se
1435 1795 1585 1851 male
1637 1795 1939 1851 illexerant

288 1882 647 1955 posthabitis
678 1882 1203 1952 commodis,ocius
1223 1883 1307 1939 eis
1335 1885 1729 1941 accessit.Nec
1750 1885 1937 1941 multo
1968 1924 2016 1991 Β

302 1970 1007 1991 ,ηιιηεεμεμηρηη
1156 1989 1169 1991 μ
1325 1977 1337 1991 ι
1522 1978 1559 1991 ν.
1702 1975 1792 1991 ..η
1857 1978 1867 1991 .

300 1976 435 2043 post
464 1970 576 2027 loci
607 1971 794 2044 ipsius
825 1972 1174 2045 praepositus
1212 1977 1346 2044 post
1392 1974 1664 2029 abbatem
1702 1975 1792 2008 ¹⁸⁷³
1822 1978 1937 2029 sta-

299 2062 508 2128 tuitur,
526 2078 592 2116 ac
620 2062 875 2117 domnus
905 2062 1203 2117 Joliannes
1233 2062 1285 2116 ei
1334 2061 1540 2118 solatio
1589 2064 1941 2135 subponitur

294 2152 635 2206 ‘5'“.Postea
664 2156 859 2206 autem
894 2156 1097 2223 rogatu
1115 2151 1369 2223 episcopi
1403 2152 1547 2223 (381)
1574 2151 1939 2207 Leodicensis

291 2238 553 2294 Richarii
586 2239 941 2295 monasterio
973 2240 1207 2311 proprio
1236 2240 1423 2295 sancti
1444 2240 1747 2296 Humberti
1779 2240 1943 2296 resti-

288 2332 458 2383 tutus
487 2333 545 2383 et
574 2326 825 2400 regulari
853 2328 1055 2382 ordine
1087 2327 1269 2383 abbas
1301 2329 1628 2400 praefectus,
1663 2345 1848 2399 usque
1880 2328 1937 2383 in

282 2417 467 2471 finem
499 2415 778 2471 laudabili
806 2415 1267 2471 conversationis
1299 2415 1487 2488 rigore
1517 2433 1638 2470 rem
1680 2416 1937 2471 divinam

289 2505 518 2578 optime
548 2505 873 2560 monastico
905 2508 1102 2561 tenore
1129 2504 1435 2559 continuit.
1456 2503 1615 2560 Situs
1632 2510 1722 2560 est
1737 2506 1939 2560 Treve-

282 2594 361 2649 ris
402 2594 461 2648 in
496 2594 848 2651 monasterio
880 2594 1068 2650 sancti
1115 2592 1437 2659 Maximini,
1472 2610 1587 2664 quo
1630 2594 1772 2648 dum
1822 2594 1935 2649 sol-

288 2681 617 2755 lempnitas
665 2681 1051 2738 dedicationis
1090 2681 1238 2753 (382)
1288 2698 1422 2737 eum
1472 2683 1698 2751 invitat,
1733 2683 1936 2739 morbo

280 2776 525 2846 repente
556 2788 833 2845 pervasus
873 2770 1028 2827 diem
1078 2775 1404 2826 extremum
1457 2772 1758 2844 ingressus
1807 2777 1933 2839 est;

282 2878 554 2934 novaque
580 2877 724 2916 nove
756 2860 977 2915 fabrica
1009 2859 1264 2915 ecclesia:
1302 2877 1448 2915 novo
1495 2859 1669 2932 ospiti
1720 2877 1934 2915 novum

282 2952 483 3023 primo
514 2950 710 3006 sinum
742 2949 990 3020 aperuit.

348 3042 447 3095 56.
464 3038 655 3096 Simili
668 3039 814 3111 (383)
827 3037 1001 3093 modo
1013 3037 1399 3095 Virdunensis
1421 3038 1693 3094 azcclesia:
1707 3040 1934 3111 primus

279 3129 348 3184 ab
361 3128 858 3200 episcopoeuram
872 3126 1082 3182 herens
1095 3126 1282 3195 Odilo,
1296 3127 1385 3181 vir
1404 3126 1701 3183 natalibus
1712 3127 1927 3196 clarus,

276 3216 562 3283 facultate
581 3215 902 3284 sufficiens,
917 3215 975 3269 in
992 3215 1165 3270 rebus
1179 3215 1421 3288 agendis
1443 3216 1760 3271 admodum
1784 3220 1930 3271 stre-

2054 659 2182 697 cam
2211 648 2267 697 et
2299 645 2403 698 llos
2434 645 2562 713 ejus
2593 645 2745 715 quod
2769 648 2905 699 tunc
2939 645 3189 701 caelestis
3210 644 3694 717 compingebalur

2054 730 2192 786 serti
2203 730 2235 801 ,j
2246 732 2719 788 ucundisssimus
2731 735 2904 805 atque
2918 732 3575 807 spectatudignissimus
3586 734 3695 789 An-

2052 818 2403 891 gilramnus,
2428 820 2617 892 primo
2648 820 2964 889 Tullensis,
2989 822 3197 877 deinde
3229 827 3443 878 sancta:-
3466 836 3699 895 quoque

2053 908 2333 965 Metensis
2363 909 2633 965 ecclesiae
2662 910 3052 982 primicerius,
3080 910 3384 966 nobilitate
3402 915 3460 966 et
3489 911 3699 982 opibus

2051 1012 2120 1051 ea
2149 1002 2334 1065 mtate,
2371 997 2643 1069 quodque
2674 1003 3099 1071 consequenter
3132 999 3281 1054 satis
3313 1002 3467 1053 esset
3503 997 3700 1070 gloriae

2052 1089 2354 1157 praestans,
2386 1085 2570 1141 moles
2593 1102 2793 1142 secum
2832 1087 2960 1142 auri
2991 1092 3167 1158 atque
3197 1086 3422 1159 argenti
3453 1091 3698 1142 caetera:-

2050 1191 2162 1246 que
2194 1174 2462 1231 cumulos
2497 1174 2877 1248 supellectilis
2906 1176 3168 1244 trahens,
3200 1177 3388 1231 instar
3416 1176 3698 1247 primitivi

2048 1263 2207 1319 illius
2238 1264 2539 1337 apostolici
2564 1264 2763 1337 populi
2782 1266 2841 1320 in
2861 1282 3006 1321 usus
3017 1282 3341 1337 pauperum
3355 1264 3694 1339 redigenda,

2050 1356 2314 1408 sanctam
2346 1353 2506 1408 illam
2541 1354 2894 1410 soeiaetatem
2935 1354 3192 1426 expetiit.
3226 1353 3415 1421 Predii
3462 1370 3695 1427 quoque

2049 1459 2164 1497 non
2198 1441 2515 1515 ignobilem
2546 1443 2938 1515 quantitatem
2970 1442 3327 1500 monasterio
3377 1444 3487 1500 sub
3518 1446 3696 1501 testa-

2049 1536 2246 1593 mento
2270 1536 2547 1604 perpetuo
2570 1531 2949 1587 obtinendam
2973 1531 3343 1589 contradidit.
3360 1533 3544 1605 Cujus
3567 1551 3695 1606 qua:

2048 1620 2425 1692 postmodum
2462 1619 2678 1675 fuerint
2695 1619 3151 1677 conversationis
3175 1621 3697 1695 insignia,quanta—

2049 1724 2160 1779 que
2182 1707 2526 1763 fortitudine
2553 1709 2734 1763 robur
2753 1712 3046 1765 structure
3067 1711 3196 1782 ejus
3228 1710 3287 1766 in
3319 1709 3611 1783 reliquum
3632 1727 3695 1768 se

2048 1797 2321 1865 tenuerit,
2357 1796 2584 1869 gratius
2636 1797 2882 1853 forsitan
2927 1799 3220 1866 audietur,
3262 1799 3313 1856 si
3359 1799 3543 1871 prius,
3578 1816 3694 1871 quo

2049 1884 2356 1957 paululum
2382 1885 2549 1940 initia
2570 1886 2699 1957 ejus
2717 1885 2972 1958 impulsa
2991 1887 3691 1953 visasuntvacillassel‘7",

2050 1973 2300 2029 breviter
2330 1974 2786 2046 perstringetur;
2821 1991 2955 2030 cum
2988 1977 3311 2048 prmsertim
3344 1992 3689 2044 concussus,

2050 2079 2166 2117 non
2199 2062 2450 2118 statione
2481 2064 2715 2133 penitus
2744 2064 2821 2118 sit
2851 2064 3215 2133 exturbatus,
3249 2080 3433 2138 eoque
3464 2066 3693 2121 firmius

2049 2155 2252 2223 postea
2301 2152 2508 2223 pedem
2560 2152 2767 2221 ﬁxerit,
2799 2169 2914 2224 quo
2961 2154 3034 2208 ad
3065 2157 3298 2226 tempus
3329 2171 3458 2210 sese
3497 2155 3691 2228 negle-

2048 2241 2282 2311 gentius
2315 2239 2506 2295 locum
2541 2256 2713 2312 quem
2756 2247 2987 2313 ceperat
3017 2244 3357 2299 observasse
3403 2243 3688 2300 doluerat.

2118 2331 2208 2383 58.
2246 2329 2298 2384 Is
2330 2329 2529 2400 itaque
2561 2329 2660 2383 ubi
2693 2346 2828 2384 cum
2864 2347 2930 2384 eo
2981 2348 3095 2403 quo
3146 2331 3401 2387 diximus
3450 2336 3692 2405 sumptu

2049 2422 2359 2489 susceptus
2382 2422 2490 2483 est,
2507 2434 2572 2472 eo
2590 2419 2745 2489 quod
2771 2417 2967 2491 ampla
2995 2424 3120 2474 erat
3150 2436 3398 2492 persona
3419 2425 3475 2477 et
3496 2439 3565 2476 ex
3593 2422 3691 2478 de-

2047 2505 2218 2571 liciis,
2254 2506 2597 2577 cunctisque
2626 2506 2887 2576 ipsorum
2915 2511 3051 2562 ante
3082 2509 3693 2578 notissimus,mollius

2048 2593 2254 2649 ceteris
2284 2594 2650 2649 tractabatur
2678 2598 2853 2665 atque
2897 2594 3311 2652 honorabatur.
3342 2597 3488 2654 Nam
3538 2603 3596 2654 et
3625 2615 3694 2655 ex

2046 2682 2175 2751 ejus
2207 2680 2518 2737 clientibus
2536 2680 2718 2752 aliqui
2750 2682 2821 2736 ad
2842 2682 2994 2737 idem
3027 2700 3089 2738 se
3110 2686 3474 2756 propositum
3492 2691 3694 2742 contu-

2046 2767 2254 2823 lerant.
2291 2768 2419 2841 lpse
2450 2767 2690 2835 interea,
2722 2768 2808 2823 uti
2841 2769 2939 2840 qui
2984 2770 3230 2824 necdum
3280 2788 3456 2842 quam
3509 2770 3689 2827 semel

2046 2855 2197 2912 male
2229 2856 2548 2911 admiserat
2577 2854 2821 2928 gloriam
2854 2858 3103 2928 perfecte
3140 2860 3313 2915 corde
3340 2859 3687 2932 dispulerat,

2045 2960 2416 3017 nequaquam
2467 2960 2633 3016 (equa
2677 2942 2807 3000 aliis
2856 2947 2997 3017 pati,
3032 2950 3089 3001 et
3136 2964 3240 3019 pro
3281 2945 3374 3002 his
3405 2963 3531 3019 qua:
3562 2947 3689 3005 loco

2044 3033 2370 3089 contulerat
2381 3032 2554 3105 paulo
2568 3033 3023 3089 incontinentius
3035 3034 3519 3108 elevari.Jamque
3532 3038 3686 3109 quod

2042 3139 2427 3195 consequens,
2444 3122 2945 3194 increpationibus
2968 3124 3306 3197 obstrepere
3338 3125 3446 3193 ηπ,
3461 3142 3688 3198 correp-

2041 3212 2301 3267 tionibus
2320 3228 2433 3266 non
2448 3210 2843 3282 adquiescere,
2858 3216 2915 3266 et
2929 3213 3124 3284 utiqui
3152 3229 3214 3268 se
3237 3212 3685 3271 minorescunc-

280 3324 460 3373 nuus,
498 3310 556 3360 et
586 3305 634 3360 si
666 3303 942 3359 clericum
974 3305 1118 3359 forte
1148 3321 1262 3357 non
1288 3304 1616 3376 impediret,
1653 3304 1811 3359 nullo
1843 3305 1934 3339 ³⁸⁷⁵
1962 3288 2006 3354 C
2046 3305 2136 3355 tos
2163 3301 2506 3366 attenderet,
2541 3300 2709 3371 quasi
2744 3300 2813 3354 de
2844 3301 3130 3373 superiori
3163 3300 3286 3357 loco
3334 3304 3686 3359 sententiam

279 3412 390 3468 que
421 3394 636 3449 mundi
667 3394 779 3448 fert
808 3393 1067 3447 ambitus
1097 3391 1206 3446 loci
1252 3392 1342 3447 sui
1393 3393 1668 3465 cuiquam
1716 3394 1924 3465 impar,

280 3483 518 3541 cunctis
558 3481 675 3537 illis
724 3481 1098 3537 mordacibus
1148 3482 1237 3516 “‘7‘
1285 3481 1441 3536 curis
1487 3482 1737 3551 rejectis,
1793 3482 1929 3537 huic

277 3577 486 3629 sancte
517 3570 845 3643 paupertati
877 3586 1097 3642 pauper
1128 3570 1339 3641 spiritu
1359 3571 1547 3626 factus
1577 3587 1639 3625 se
1659 3570 1927 3640 contulit,

278 3661 677 3735 exiguumque
707 3675 773 3714 ac
802 3657 914 3714 vile
943 3657 1299 3730 stipendium
1323 3657 1550 3713 cunctis
1581 3658 1794 3714 seculis
1814 3658 1932 3731 opi-

278 3749 390 3805 bus
421 3748 741 3822 gloriosius
771 3751 829 3803 et
857 3746 1250 3803 sufficientius
1280 3746 1596 3802 estimavit.
1626 3746 1679 3801 Is
1700 3763 1932 3818 quoque

280 3844 413 3910 post
445 3838 599 3892 bene
642 3835 912 3892 adultum
962 3839 1178 3891 sanctae
1228 3834 1684 3890 conversationis
1733 3836 1930 3904 robur,

277 3928 507 3999 petitus
537 3924 934 3981 reformationi
967 3923 1333 3991 monasterii,
1370 3924 1527 3995 quod
1559 3923 1776 3978 dicitur
1803 3924 1932 3979 Sta-

278 4012 653 4080 bulaculum,
684 4011 1023 4084 ibidemque
1055 4016 1359 4083 promotus
1390 4012 1560 4084 (384),
1593 4013 1663 4067 ad
1697 4012 1932 4068 rectitu-

278 4104 444 4159 dinis
478 4101 686 4169 lineas,
719 4117 848 4173 qua:
879 4116 1057 4172 prava
1087 4100 1234 4155 forte
1262 4099 1581 4167 invenerat,
1596 4100 1937 4156 Christoau-

279 4192 534 4247 xiliante
554 4189 831 4257 correxit;
847 4188 944 4243 ubi
959 4188 1135 4243 etiam
1149 4204 1389 4243 cursum
1404 4193 1542 4243 natu
1551 4205 1624 4242 rae
1643 4189 1934 4261 persolvit.

2041 3392 2210 3458 ferre,
2246 3390 2348 3444 sed
2380 3392 2437 3443 et
2469 3389 2517 3444 si
2551 3388 2649 3460 qui
2682 3389 2829 3444 forte
2859 3389 3199 3445 infirmioris
3229 3391 3411 3446 animi
3448 3392 3562 3448 sibi
3583 3409 3687 3465 pro

2039 3478 2303 3533 moribus
2334 3475 2738 3545 accessissent,
2773 3494 2873 3533 eos
2903 3484 3105 3534 contra
3137 3480 3430 3551 majorum
3465 3481 3692 3553 prolata

2039 3584 2143 3640 pro
2176 3566 2349 3621 libitu
2376 3567 2659 3621 contueri.
2690 3567 2775 3620 Ad
2807 3566 2913 3621 hec
2946 3573 3112 3639 pater
3158 3568 3439 3624 Einoldus
3471 3569 3688 3625 caeteri-

2042 3672 2153 3728 que
2176 3656 2302 3727 jam
2336 3654 2603 3727 perfecta:
2635 3655 2693 3709 in
2725 3654 2955 3709 Christo
2987 3656 3196 3722 sitatis,
3231 3656 3419 3712 multa
3465 3674 3569 3728 pro
3600 3673 3687 3711 re-

2043 3745 2157 3799 bus
2187 3748 2246 3799 et
2275 3731 2641 3815 temporibus
2691 3742 3028 3810 reclamare,
3068 3743 3310 3811 hortari,
3362 3745 3687 3813 obsecrare,

2043 3837 2101 3889 et
2130 3836 2303 3905 prout
2335 3835 2475 3886 aatas
2524 3834 2823 3902 pateretur
2850 3830 3024 3903 paulo
3065 3832 3323 3887 severius
3355 3832 3692 3905 objurgare.

2045 3922 2271 3988 Quibus
2301 3924 2497 3974 tamen
2530 3934 2954 3990 nonnunquam
2985 3918 3101 3975 fere
3128 3919 3427 3976 acerbiora
3455 3921 3514 3976 in
3546 3921 3690 3977 facie

2046 4010 2322 4075 referens,
2356 4007 2449 4062 vix
2478 4003 2825 4062 contumelis
2855 4005 3237 4078 temperabat.

2115 4098 2205 4154 59.
2240 4095 2389 4163 Quid
2422 4094 2640 4168 plura?
2671 4093 2816 4149 Cum
2849 4098 3110 4166 tempore
3154 4094 3276 4151 hanc
3327 4101 3513 4152 tracta
3558 4096 3693 4170 plus

2046 4202 2220 4260 opere
2249 4182 2531 4256 longiore,
2568 4183 2794 4255 ingrata
2825 4181 3074 4238 nimium
3107 4184 3264 4240 teiia
3301 4186 3687 4258 peperissent,

1645 4312 1887 4370 VARI/E
1917 4309 2336 4371 LECTIONES.

347 4433 441 4467 1““
479 4432 689 4501 corrige
718 4428 1075 4501 Hucberti.__
1095 4430 1184 4464 ¹⁵⁷²
1214 4429 1421 4501 ceteris
1452 4446 1498 4483 c.
1530 4499 1540 4501 _
1577 4429 1666 4464 ¹⁵⁷³
1694 4429 1969 4486 habatem
1998 4446 2044 4486 c.
2124 4427 2213 4462 “7"
2244 4424 2621 4496 subpunitur.
2702 4424 2789 4459 ¹⁵⁷⁵
2818 4425 2860 4479 2'.
2883 4441 2932 4480 e.
2957 4423 3119 4481 nullo
3148 4438 3350 4481 eorum
3380 4441 3527 4498 quae.
3606 4426 3695 4463 “75

273 4499 653 4559 mordatibus
680 4518 733 4579 εἴ
806 4502 893 4536 ¹⁵⁷⁷
926 4499 1216 4556 facillasse
1246 4516 1293 4554 c.
1375 4500 1462 4534 “‘73
1493 4499 1795 4573 obtrepere
1825 4519 1872 4557 c.

1877 4599 2109 4657 NOTAE.

345 4716 513 4784 (380)
542 4714 709 4770 Saint
733 4714 1035 4770 Humbert.

344 4788 511 4854 (381)
531 4786 717 4839 Annis
744 4786 1012 4847 922-945.

343 4859 510 4925 (382)
535 4858 702 4912 Anno
732 4856 856 4912 942.

346 4930 509 5000 (383)
540 4927 816 5000 Kadroles
868 4943 1102 5000 quoque
1161 4927 1272 5000 sub
1309 4928 1618 5000 AAgenoldo
1669 4928 1938 4985 Gorziam

286 4998 495 5071 degit,
516 5004 587 5071 ut
607 5015 676 5053 ex
705 4998 850 5053 Vitze
881 4998 1160 5071 ejus‘cap.
1189 4998 1574 5071 2li_diseimus
1607 5016 1620 5055 :
1662 5025 1681 5050 ι
1721 5001 1942 5055 Rumor

276 5068 473 5141 igitur
496 5070 710 5142 ubique
738 5086 947 5125 nomen
978 5068 1118 5142 eius
1131 5068 1438 5142 detulerat,
1454 5076 1510 5125 et
1532 5071 1603 5126 de
1623 5071 1940 5127 virtutibus

278 5140 389 5213 viri
424 5140 635 5213 omnes
661 5146 865 5213 gentes
898 5140 1237 5213 narrabant.
1253 5140 1552 5213 (Adalbero
1583 5142 1794 5213 praesul
1838 5160 1939 5198 no-

280 5211 427 5268 bilis
442 5211 698 5285 nobilem
722 5211 1358 5285 Metensiumuobiliter
1377 5211 1739 5285 gubernabat
1752 5214 1943 5269 cathe-

283 5285 488 5339 dram.
521 5282 786 5355 Cumque
816 5299 847 5355 β
876 5283 1121 5338 diversis
1154 5282 1421 5355 partibus
1452 5283 1638 5338 multa
1690 5285 1760 5339 ad
1807 5301 1941 5339 eum

278 5356 577 5427 perferret
608 5353 784 5422 fama,
817 5353 1276 5427 hujushquo'que
1304 5354 1410 5408 viri
1442 5370 1663 5427 nomen
1680 5355 1939 5427 detulit;

276 5424 338 5483 et
374 5432 452 5481 ut
497 5430 625 5497 erat
666 5424 909 5481 amator
938 5424 1368 5497 religiosorum,
1400 5426 1760 5481 venerabiles
1789 5426 1942 5497 viros

280 5496 664 5571 Agenaldum
695 5502 754 5553 et
779 5496 1073 5571 Austeum
1098 5497 1168 5571 ad
1203 5513 1264 5551 se
1280 5497 1700 5571 advocato‘s,de
1722 5497 1840 5571 viro
1860 5496 1945 5571 in-

276 5567 629 5649 εςῖτοειξνὲει
662 5573 721 5649 et
751 5568 1045 5649 ίιυρπξράο
1077 5567 1313 5649 991.9“!!!
1336 5568 1654 5649 renarint:
1676 5567 1940 5649 inquirit:

271 5638 668 5712 Venerabiles
688 5638 817 5712 jam
848 5639 1033 5712 igitur
1069 5638 1211 5712 dicti
1241 5638 1371 5712 vir_i,
1402 5639 1695 5712 desiderio

276 5709 590 5793 pontiﬁcis
621 5708 1041 5788 rescitofszepe
1069 5709 1262 5768 virum
1314 5708 1415 5768 Dei
1465 5727 1644 5789 super
1686 5726 1752 5770 eo
1800 5708 1943 5772 allo-

1784 5638 1957 5695 omni

2094 4716 2335 4769 uuntur.
2370 4708 2659 4765 Solemnis
2707 4712 2832 4764 erat
2876 4708 3020 4775 dies,
3055 4724 3170 4781 qua
3218 4710 3370 4765 beati
3421 4711 3696 4783 martyris

2051 4731 2329 4840 gorgonii
2361 4782 2644 4840 agebatur
2674 4780 2878 4835 festiva
2919 4780 3203 4836 memoria
3233 4782 3286 4840 (ν
3327 4780 3454 4838 Idus
3501 4782 3692 4840 Sena).

2051 4780 2329 4856 Gorgonii
2361 4782 2644 4853 agebatur
2674 4780 2878 4835 festiva
2919 4780 3203 4836 membria
3233 4782 3286 4853 (v
3327 4780 3454 4838 Idus
3501 4780 3692 4855 δερι.),

2050 4862 2106 4911 et
2140 4854 2399 4924 undique
2422 4851 2852 4924 conﬂuentibus
2868 4850 3119 4924 populis,
3138 4851 3261 4924 ipse
3275 4869 3507 4924 quoque
3521 4853 3695 4909 homo

2050 4926 2150 4982 Dei
2184 4921 2447 4997 Kaddroe
2479 4923 2807 4977 advenerat.
2835 4921 2995 4977 Nacti
3022 4921 3216 4993 itaque
3236 4921 3451 4990 locum,
3475 4925 3529 4979 ei
3551 4942 3694 4997 prae-

2050 4997 2198 5053 sulis
2226 4995 2584 5051 voluntatem
2614 4997 2931 5064 exponunt,
2948 4996 3005 5046 et
3033 5009 3172 5047 suas
3194 4999 3540 5064 precesante
3553 4995 3694 5050 eum

2050 5070 2504 5142 prosterpentes,
2532 5070 2595 5118 ut
2626 5063 2825 5117 secum
2856 5063 3210 5142 dignaretur
3230 5080 3486 5142 manere,
3518 5081 3695 5142 expo-

2050 5133 2241 5195 scunt.
2258 5137 2368 5193 Sed
2402 5135 2536 5207 quis
2566 5150 2915 5207 eo_rum__non
2933 5133 3215 5207 diligeret
3242 5134 3302 5189 in
3334 5133 3699 5192 terrissocie-

2052 5216 2254 5275 tatem,
2289 5204 2517 5279 quib—ia
2548 5204 3143 5279 cwlestibus__castris
3182 5206 3309 5277 jam
3360 5211 3698 5279 meruerant

2051 5274 2328 5337 aeternam
2360 5275 2733 5349 dignitatem.
2763 5274 3036 5331 Precibus
3066 5274 3203 5349 ergo
3234 5276 3697 5349 supplicantium

2052 5352 2276 5407 evictus
2305 5344 2612 5421 consentit,
2636 5350 2693 5400 et
2721 5344 2912 5421 locum
2945 5363 3058 5401 non
3090 5344 3260 5421 ldnge
3291 5344 3367 5404 ab
3394 5349 3537 5405 urbe
3560 5349 3700 5421 Met-

2051 5423 2201 5479 tensi
2230 5420 2602 5492 positumhet
2631 5415 2952 5492 multorum
2983 5415 3320 5492 sanctorum
3351 5420 3697 5492 corporibus

2052 5499 2108 5548 et
2138 5486 2400 5562 reliquiis
2432 5486 2721 5562 inclitum,
2756 5488 2858 5543 sed
2889 5492 3028 5562 tunc
3052 5490 3178 5559 jam
3224 5491 3295 5546 ad
3328 5486 3581 5546 nihilum
3616 5506 3700 5548 re-

2052 5559 2314 5629 dactum,
2348 5559 2606 5630 suscepit
2638 5560 3139 5630 commendatum.

2123 5635 2273 5706 (384)
2301 5634 2465 5691 Anno
2494 5629 2598 5687 947
2632 5629 2853 5707 synodo
2883 5629 3235 5690 Virdunensi
3268 5632 3552 5695 interfuit.
