4096 6174
337 367 451 428 271

1202 368 1532 429 JOANNIS
1579 366 1915 429 ABBATIS
1961 366 2026 427 S.
2071 366 2419 429 ARNULFI
2465 364 2876 428 METENSIS.

3624 369 3752 427 272

308 562 311 565 δ
338 499 591 571 quadam
627 499 771 555 forte
800 498 1048 566 dierum,
1065 499 1207 555 dum
1225 515 1328 572 pro
1352 499 1531 555 simili
1564 499 1758 556 nescio
1774 500 1983 571 quain-
2011 498 2068 566 Α
2097 497 2312 553 bantur
2333 498 2643 554 cotidianis
2667 499 2981 553 momentis
3001 497 3286 570 paulatim
3308 498 3586 569 quiddam
3608 501 3755 556 sub-

334 586 583 643 solentia
599 587 792 643 acrius
813 592 1175 659 argueretur,
1203 587 1490 658 majorem
1522 587 1581 641 in
1606 588 1847 642 modum
1867 587 1988 643 ani-

336 691 431 730 mo
460 675 816 744 concitato,e
846 679 1163 748 conspectu
1195 675 1426 731 abbatis
1456 680 1515 732 et
1547 680 1873 732 ceterorum
1891 693 1989 749 pa-

333 764 871 820 riterassidentium
886 782 1012 821 sese
1035 766 1343 838 proripuit,
1369 770 1427 821 et
1449 764 1599 821 male
1612 767 1741 837 jam
1765 765 1980 835 seculo,

331 850 444 906 nisi
477 851 748 909 Christus
779 853 984 909 obvius
1016 852 1353 926 repulisset,
1390 854 1789 917 revolvendus,
1823 854 1982 910 clau-

332 944 523 997 strum
551 958 824 1016 egressus
862 946 973 999 est.
1009 943 1242 999 Fratres
1278 943 1482 998 tristes
1506 960 1571 998 ac
1602 943 1793 1016 pavidi
1826 943 1983 997 inse-

330 1030 473 1099 cuti,
508 1047 643 1086 cum
674 1048 809 1086 eum
842 1032 900 1086 in
932 1032 1157 1103 porticu
1199 1031 1488 1101 exteriori,
1522 1031 1582 1086 in
1632 1049 1747 1105 qua
1787 1033 1982 1086 exiens

331 1119 1041 1190 resederat,invenissent,
1061 1121 1191 1192 ejus
1225 1120 1475 1193 genibus
1506 1121 1982 1188 advoluti,modis

333 1207 608 1264 omnibus
638 1208 854 1281 quibus
885 1214 1158 1283 poterant
1192 1209 1632 1281 aggrediuntur,
1649 1215 1706 1265 et
1728 1227 1879 1265 nunc
1902 1210 1984 1266 di-

329 1295 722 1353 vininominis
745 1298 1158 1367 obtestatione,
1185 1315 1258 1354 ne
1288 1298 1524 1365 faceret,
1552 1299 1875 1365 obsecrare,
1910 1315 1982 1355 ne

333 1386 487 1457 quod
518 1386 665 1442 bene
696 1391 950 1459 cmperat
979 1388 1200 1444 bonum
1250 1384 1403 1443 male
1454 1386 1778 1455 amitteret;
1824 1405 1981 1444 nunc

330 1477 694 1547 perpetuam,
728 1491 857 1547 quze
887 1491 950 1531 se
979 1475 1135 1549 apud
1168 1474 1449 1532 saeculum
1499 1482 1977 1548 consequeretur,

330 1562 717 1636 ignominiam
750 1563 1043 1635 objectare
1073 1581 1087 1621 :
1123 1565 1604 1623 reminisceretur
1633 1564 1821 1639 magis
1845 1571 1978 1623 ante

330 1653 513 1709 exacti
536 1651 775 1722 laboris,
812 1668 989 1726 quem
1020 1659 1141 1710 tam
1178 1655 1429 1728 turpiter
1459 1654 1516 1709 in
1550 1655 1772 1712 medios
1805 1672 1977 1712 cona-

330 1744 427 1797 tus
458 1742 778 1811 desereret;
812 1741 1291 1800 reminisceretur
1319 1744 1391 1800 ad
1425 1741 1978 1813 ultimumldistricti

329 1830 634 1900 examinis,
668 1831 760 1887 cui
794 1830 1038 1887 forsitan
1065 1847 1243 1887 senex
1265 1832 1391 1904 jam
1410 1832 1653 1905 jamque
1685 1849 1747 1889 se
1778 1849 1974 1890 cerne-

328 1921 414 1974 ret
444 1920 877 1991 propinquare;
912 1920 1161 1977 astutias
1198 1921 1287 1956 ¹⁵τ⁰
1315 1920 1557 1993 insuper
1585 1921 1799 1978 diaboli
1831 1939 1974 1995 pra:-

330 2013 575 2076 caveret,
602 2009 701 2080 qui
734 2009 994 2065 fructum
1028 2008 1209 2065 totius
1240 2008 1457 2065 laboris
1485 2010 1536 2067 ei
1566 2011 1809 2083 gestiret
1838 2028 1976 2084 prae-

328 2095 538 2168 ripere.
574 2096 760 2153 Multa
792 2099 849 2152 in
882 2098 1037 2153 hunc
1068 2099 1309 2154 modum
1338 2098 1856 2170 replicantes,cum
1880 2101 1975 2159 ille

329 2184 519 2241 adhuc
554 2185 911 2254 inﬂexibilis,
947 2204 1055 2243 sua
1086 2191 1320 2244 tantum
1352 2188 1466 2244 sibi
1496 2189 1879 2246 redderentur
1906 2222 1975 2230 —

327 2288 390 2329 se
422 2274 716 2346 deinceps,
736 2275 875 2347 quid
910 2291 972 2332 se
997 2276 1183 2345 fieret,
1216 2276 1361 2333 satis
1393 2292 1596 2333 curare
1619 2308 1686 2318 —-
1717 2294 1976 2351 reposce-

328 2365 433 2429 ret,
449 2361 532 2417 illi
564 2362 886 2435 majoribus
915 2363 1155 2434 instare,
1172 2369 1229 2420 et
1260 2381 1364 2438 pro
1396 2366 1620 2422 viribus
1651 2384 1776 2439 qua:
1809 2384 1971 2425 men-

326 2466 528 2507 suram
541 2452 1340 2521 nesciuntcaritatis,animos
1353 2454 1459 2510 viri
1474 2455 1532 2510 in
1548 2454 1777 2512 diversa
1787 2474 1972 2515 versa-

327 2555 714 2609 re,sermones
726 2542 1116 2611 sermonibus,
1124 2559 1323 2616 preces
1336 2544 1606 2616 precibus
1619 2545 1968 2605 instaurare.

394 2629 615 2686 60.Nec
644 2646 907 2702 prorsus,
941 2631 1190 2688 Domino
1228 2637 1599 2706 cooperante,
1632 2632 1757 2691 loco
1784 2634 1970 2693 dices-

324 2734 456 2774 sum
486 2723 597 2788 est,
613 2718 795 2775 donec
810 2719 1050 2777 occulus
1079 2719 1176 2777 ille
1204 2721 1602 2779 miserationis
1620 2724 1971 2796 antiquzemt

322 2810 462 2863 tunc
486 2807 742 2879 Petrum,
768 2808 851 2865 ita
868 2813 927 2866 et
957 2808 1113 2866 hunc
1145 2811 1320 2867 modo
1344 2810 1677 2884 respiceret,
1702 2816 1879 2885 atque
1906 2814 1968 2872 in

322 2896 616 2967 quendam
634 2896 885 2954 alterum
916 2903 981 2954 ut
1009 2898 1092 2955 ita
1106 2899 1299 2956 dicam
1331 2899 1632 2957 hominem
1647 2907 1969 2959 commuta-

320 2985 591 3040 ret.Nam
622 2990 680 3042 et
709 2985 820 3043 iste
849 2987 910 3043 in
941 3004 1172 3044 amaras
1193 2988 1492 3061 proﬂuens
1511 2988 1967 3060 lacrimas,illico

321 3073 514 3141 rediit,
550 3078 607 3129 et
636 3091 872 3148 corpore
902 3077 1122 3133 nudato
1154 3076 1412 3134 fascibus
1456 3077 1754 3152 virgarum
1784 3096 1965 3137 manu

2097 586 2372 654 traheret,
2406 587 2589 643 donec
2622 588 2694 642 ad
2727 586 3032 642 minimam
3062 587 3147 621 ¹⁸⁸¹
3181 586 3475 658 quandam
3505 590 3754 659 quanti-

2097 679 2274 730 tatem
2305 675 2539 731 rediret.
2564 676 2861 731 Interdum
2894 676 3069 730 etiam
3101 675 3457 747 quibusdam
3482 677 3749 749 penitus,

2094 769 2398 836 tamquam
2417 765 2708 834 obessent,
2726 764 3074 822 abstinebat.
3091 765 3254 819 Nune
3268 765 3506 837 quidem
3520 766 3751 839 piscem

2093 870 2327 908 omnem
2361 852 2646 910 minorem
2679 853 2929 927 generis,
2963 854 3103 908 dum
3151 853 3514 925 grandiores,
3549 855 3754 912 rarius

2092 959 2265 1014 posse
2295 942 2560 1014 conquiri
2592 942 2850 1009 estimat,
2887 959 3185 1015 respuens,
3231 958 3386 996 nunc
3434 960 3533 998 eos
3580 942 3753 1016 ipsos

2093 1048 2239 1102 quos
2271 1032 2459 1104 magis
2490 1035 2759 1104 appetere
2788 1019 3116 1098 videbatur,
3146 1031 3287 1086 dum
3332 1032 3751 1105 undecumque

2092 1120 2303 1191 quesiti
2336 1120 2671 1188 offerantur,
2696 1124 2829 1192 post
2859 1137 2975 1175 non
3007 1119 3262 1175 multum
3294 1120 3574 1193 temporis
3594 1137 3752 1194 quo-

2092 1207 2406 1264 dammodo
2438 1208 2792 1278 fastidiebat,
2810 1213 3089 1281 tantaque
3112 1212 3175 1264 ut
3205 1209 3287 1264 ita
3314 1209 3531 1265 dictam
3563 1210 3753 1267 obsti-

2092 1296 2549 1366 natione,victor
2578 1296 2690 1364 sui,
2716 1298 2869 1371 quod
2904 1296 3082 1353 semel
3113 1298 3312 1354 animo
3340 1302 3631 1355 statuerat
3647 1315 3752 1355 cu-

2091 1385 2346 1455 stodivit,
2380 1391 2446 1442 ut
2475 1385 2777 1459 pulticulis
2807 1386 3044 1443 tandem
3076 1387 3275 1443 farina:
3307 1390 3617 1444 contentus
3649 1404 3748 1445 es-

2090 1478 2200 1544 set,
2249 1491 2590 1548 quanquam
2645 1476 2736 1510 “‘3'
2796 1475 2950 1532 inter
3004 1475 3125 1532 haec
3183 1476 3555 1544 creberrima,
3610 1492 3747 1549 quas

2089 1563 2287 1632 etiam,
2320 1564 2461 1621 dum
2503 1564 2562 1620 in
2612 1563 2808 1622 seculo
2856 1563 3091 1633 viveret,
3126 1564 3336 1622 diebus
3371 1564 3746 1637 jejuniorum

2089 1652 2319 1709 fortiter
2346 1652 2691 1726 perferebat,
2724 1654 2893 1726 panis
2928 1657 3160 1710 tantum
3199 1657 3257 1709 et
3303 1670 3465 1727 aquae
3507 1653 3747 1726 jejunis.

2087 1746 2395 1798 exerceret.
2452 1741 2526 1799 Ut
2582 1741 2740 1798 enim
2799 1742 3121 1799 multorum
3170 1742 3285 1799 fide
3344 1743 3741 1816 percepimus,

2091 1830 2283 1887 adhuc
2313 1829 2373 1887 in
2405 1830 2600 1887 seculo
2630 1830 2681 1888 ei
2714 1831 2961 1887 biduum
2990 1835 3180 1887 totum
3211 1830 3339 1887 sine
3370 1830 3487 1887 ullo
3515 1830 3646 1888 cibo
3678 1836 3743 1889 et

2090 1925 2229 1993 potu
2260 1918 2499 1983 omnino
2530 1920 2778 1976 transire
2809 1919 2978 1992 quasi
3012 1918 3155 1975 nihil
3186 1914 3506 1977 videbatur.

2152 2010 2243 2066 62.
2276 2008 2428 2065 Illud
2457 2014 2655 2067 autem
2685 2008 2909 2082 stupori
2940 2009 3275 2065 videntibus
3305 2013 3448 2076 erat,
3466 2009 3620 2082 quod
3648 2009 3743 2065 vi-

2084 2115 2189 2171 gor
2219 2098 2480 2171 corporis
2510 2098 2560 2155 ei
2594 2102 2714 2155 tam
2756 2097 2982 2154 vividus
3032 2098 3457 2171 perseverabat,
3492 2102 3557 2153 ut
3587 2098 3742 2154 nihil

2084 2189 2155 2245 de
2185 2204 2358 2260 opere
2390 2187 2669 2244 fratribus
2703 2193 2980 2245 consueto
3014 2188 3502 2259 praetermitteret,
3529 2187 3740 2260 coqui-

2083 2293 2240 2344 nam,
2274 2276 2525 2333 vestium
2554 2276 2935 2344 ablutionem,
2972 2276 3128 2332 horti
3178 2292 3548 2332 communem
3597 2292 3741 2349 ope-

2083 2382 2230 2434 ram,
2264 2365 2776 2423 caltiamentorum
2815 2365 3187 2436 lavationem,
3222 2365 3414 2422 missae
3463 2365 3743 2421 ebdoma-

2082 2456 2217 2511 dam
2247 2456 2356 2525 “‘3,
2372 2455 2638 2512 ordinem
2671 2470 2905 2512 omnem
2938 2454 3178 2512 claustri
3196 2459 3254 2511 et
3268 2454 3740 2523 oratorii,vivido

2081 2545 2287 2601 robore
2319 2543 2686 2616 adimpleret,
2720 2542 3035 2617 vultusque
3064 2543 3115 2601 ei
3147 2543 3351 2600 hilaris
3380 2548 3439 2600 et
3466 2544 3742 2616 gaudens

2079 2634 2357 2690 continue
2387 2638 2738 2706 superesset.
2754 2634 3010 2690 Tantum
3042 2636 3176 2705 post
3195 2631 3417 2705 aliquot
3448 2633 3740 2705 temporis

2080 2720 2522 2792 intervallum,a
2550 2720 2803 2795 pristina
2829 2720 3193 2794 corpulentia
3222 2726 3420 2778 venter
3448 2721 3500 2776 ei
3531 2721 3740 2778 subse-

2079 2810 2262 2868 derat.
2293 2810 2638 2868 Orationum
2668 2816 2727 2867 et
2746 2810 3077 2884 vigiliarum
3108 2812 3237 2884 ejus
3263 2809 3558 2866 instantia:
3581 2814 3736 2868 teste

2077 2898 2223 2956 illud
2255 2900 2368 2955 fuit
2411 2900 2737 2973 tugurium,
2771 2900 2926 2972 quod
2977 2915 3157 2972 penes
3204 2899 3473 2955 tumbam
3524 2898 3735 2954 domni

2075 2987 2501 3062 Chrodegangi,
2549 2992 2854 3060 tamquam
2903 2987 3110 3045 cellam
3158 2986 3501 3055 solitariam,
3535 3002 3729 3059 usque

2074 3076 2394 3134 vocationis
2422 3093 2543 3132 suae
2571 3080 2807 3150 tempus
2836 3075 3101 3134 incoluit.
3130 3076 3192 3133 In
3225 3092 3340 3149 quo
3370 3093 3506 3132 mox
3534 3075 3725 3131 sinaxi

320 3161 598 3234 praelatis,
650 3180 881 3236 pcenam
932 3166 1289 3223 clamoribus
1338 3166 1666 3239 postulans,
1717 3169 1965 3241 pedibus
2008 3239 2023 3241 _
2075 3167 2323 3223 fratrum
2356 3165 2581 3239 expleta
2610 3166 2770 3223 solus
2812 3166 2960 3222 ostio
3005 3181 3068 3222 se
3121 3165 3360 3222 obcluso
3408 3164 3725 3237 recipiens.

320 3250 549 3308 abbatis
579 3254 990 3325 prosternitur,
1025 3271 1140 3311 non
1172 3256 1345 3312 modo
1387 3239 1735 3328 gemitibus,
1758 3274 1962 3315 verum
1992 3239 2037 3308 C
2076 3255 2395 3329 gemitibus
2443 3258 2501 3310 et
2551 3253 2884 3327 planctibus
2932 3258 2990 3311 et
3038 3254 3288 3311 infinitis
3332 3269 3591 3327 genuum
3640 3254 3729 3309 in-

319 3340 498 3397 totius
527 3346 697 3415 gestu
720 3343 979 3418 corporis
1011 3343 1227 3401 doloris
1250 3344 1716 3418 magnitudinem
1739 3352 1962 3419 protes-

315 3433 496 3487 tatus.
528 3430 689 3502 Quis,
722 3438 918 3505 putas,
951 3433 1032 3490 ibi
1063 3432 1337 3491 lacrimas
1375 3434 1612 3491 tenuit?
1642 3435 1783 3502 Quis
1832 3453 1962 3494 eam

315 3518 600 3575 caniciem
618 3537 680 3577 se
708 3521 973 3595 vestigiis
988 3522 1254 3579 omnium
1285 3522 1519 3580 intuens
1535 3524 1957 3597 providentem,

316 3624 432 3664 non
457 3608 630 3664 corde
666 3608 899 3668 solutus
944 3610 1082 3668 est?
1124 3612 1256 3682 Qui,
1303 3628 1439 3668 cum
1487 3611 1816 3670 lacrimosis
1866 3613 1961 3671 ille

310 3697 553 3754 vocibus
584 3696 928 3757 inclamaret
959 3717 972 3758 :
1010 3721 1038 3751 «
1068 3700 1296 3758 Credite
1328 3701 1526 3759 reum!
1562 3702 1749 3759 cedite
1782 3701 1964 3759 rebel-

311 3784 464 3843 leml
498 3801 571 3843 ne
601 3787 821 3860 parcite
851 3804 1049 3860 quaeso
1080 3790 1334 3863 superbo
1362 3795 1418 3847 et
1456 3791 1702 3848 vaecordi
1732 3794 1790 3847 et
1820 3808 1956 3847 con-

309 3873 622 3949 temptori!
655 3898 685 3927 ››
720 3894 836 3934 non
866 3878 1083 3951 gaudio
1114 3879 1293 3937 mixto
1326 3878 1563 3936 fletibus
1603 3879 1662 3936 in
1697 3880 1826 3952 ejus
1858 3896 1952 3936 ve-

309 3962 469 4020 niam
500 3956 881 4036 proclamavit
897 3966 927 4023 ?

375 4051 468 4106 61.
501 4052 763 4109 Tandem
794 4058 960 4126 pater
990 4054 1199 4127 plenus
1228 4055 1461 4127 pietatis
1491 4054 1957 4130 assurgens,alii-

307 4155 421 4212 que
450 4138 539 4175 ¹⁵⁸⁰
569 4156 703 4199 cum
735 4158 827 4211 eo,
853 4142 1129 4199 manibus
1175 4144 1442 4202 caritatis
1472 4146 1797 4218 suppositis
1830 4146 1953 4205 solo

212 4250 224 4263 ε
304 4229 556 4303 erigunt,
590 4234 647 4287 et
676 4231 905 4288 cunctis
936 4231 1268 4301 clementer,
1287 4237 1352 4287 ut
1376 4237 1539 4291 tanta
1569 4235 1813 4306 dejectio
1836 4252 1952 4293 me-

303 4318 561 4388 rebatur,
594 4318 860 4389 indultis,
896 4321 953 4376 in
988 4337 1298 4378 numerum
1332 4326 1453 4380 tota
1484 4323 1784 4381 alacritate
1817 4327 1953 4381 reei-

300 4407 487 4481 piunt.
508 4408 562 4465 Is
590 4423 723 4465 vere
756 4409 880 4465 dies
913 4409 974 4464 in
1007 4414 1237 4467 tantum
1268 4410 1317 4466 ei
1353 4412 1542 4468 extitit
1573 4411 1952 4484 salutaris,ut

299 4497 570 4570 quisquis
594 4496 762 4555 illum
794 4498 1070 4571 deinceps
1088 4500 1429 4569 attenderet,
1443 4501 1537 4556 vix
1559 4500 1779 4574 aliquid
1802 4502 1862 4559 in
1882 4521 1950 4559 eo

263 4657 276 4668 .
296 4586 405 4643 viri
437 4587 534 4660 qui
568 4587 734 4660 prius
766 4588 957 4645 fuerat
986 4590 1705 4662 recognosceret.Summa
1732 4593 1948 4648 etenim
1978 4613 2026 4679 D

295 4676 370 4745 vi,
395 4681 686 4750 quantum
716 4677 777 4734 in
807 4693 870 4734 se
900 4677 1031 4747 fuit,
1057 4678 1449 4750 abjectionem
1492 4679 1581 4735 sui
1613 4684 1671 4735 et
1703 4697 1949 4753 quaeque

296 4769 554 4824 extrema
585 4784 818 4841 semper
849 4766 1111 4841 appetiit.
1146 4765 1393 4824 Delicias
1437 4772 1495 4824 et
1541 4767 1741 4824 mollia
1785 4769 1945 4825 omni

296 4870 504 4929 genere
535 4873 841 4930 respuens,
876 4855 1143 4913 difficilia
1170 4861 1228 4913 et
1258 4857 1587 4914 austeriora
1617 4856 1806 4931 magis
1829 4874 1948 4913 am-

295 4943 500 5017 plexus
528 4950 639 5003 est.
676 4946 966 5003 Honorem
999 4945 1333 5019 impensum
1384 4946 1534 5002 miro
1564 4946 1789 5020 pudore
1830 4962 1946 5002 non

294 5032 506 5103 ferens,
522 5036 877 5109 gravabatur
904 5035 1103 5108 potius
1134 5050 1313 5107 quam
1344 5033 1948 5091 oblectaretur.Parci-

294 5124 477 5178 tatem
506 5123 622 5180 cibi
653 5123 742 5181 vel
771 5129 944 5198 potus
975 5140 1044 5181 ea
1073 5127 1195 5180 arte
1222 5124 1392 5196 quasi
1425 5123 1675 5180 callidus
1704 5123 1946 5196 quidam

296 5211 632 5271 observator
661 5213 1005 5288 assumpsit,
1040 5217 1106 5269 ut
1136 5212 1207 5270 de
1238 5210 1489 5285 singulis
1520 5226 1648 5286 qua:
1692 5228 1947 5285 appone-

2073 3341 2425 3399 ﬂexionibus
2474 3345 2675 3398 noctes
2724 3341 2967 3413 diesque
3015 3340 3415 3396 continuabat.
3467 3339 3538 3394 Et
3583 3355 3723 3394 cum

2071 3431 2416 3505 plerumque
2441 3431 2692 3487 fratrum
2723 3428 2954 3503 vigilias
2986 3428 3344 3502 praeveniens
3394 3426 3726 3501 plurimum

2071 3520 2259 3577 noctis
2291 3519 2350 3575 in
2398 3518 2673 3592 precibus
2719 3523 3052 3591 occuparet,
3084 3517 3270 3575 finitis
3301 3516 3521 3574 eisdem
3572 3515 3724 3589 vigi-

2069 3609 2185 3678 liis,
2218 3613 2764 3682 quantumcumque
2795 3607 2983 3663 noctis
3013 3605 3207 3663 hieme
3251 3605 3340 3663 vel
3369 3608 3573 3661 aestate
3624 3622 3726 3661 su-

2069 3703 2347 3772 peresset,
2365 3713 2641 3754 somnum
2672 3696 2945 3770 deinceps
2977 3694 3315 3752 nullatenus
3334 3694 3424 3729 “9‘
3454 3699 3719 3763 noverat,

2068 3787 2182 3843 nisi
2212 3787 2285 3844 ob
2316 3785 2625 3861 sanguinis
2651 3786 2818 3857 forte,
2852 3786 3007 3859 quod
3038 3784 3131 3841 vix
3160 3789 3357 3841 tamen
3387 3782 3725 3851 fuerat,mi-

2068 3878 2400 3945 nutionem;
2433 3877 2536 3933 sed
2564 3878 2683 3932 toto
2715 3875 2991 3948 deinceps
3021 3890 3210 3947 usque
3257 3873 3462 3930 horam
3504 3887 3724 3928 secun-

2066 3966 2203 4023 dam
2228 3965 2318 4023 vel
2346 3965 2589 4023 terciam
2617 3964 2816 4038 spaeio
2849 3964 2910 4019 in
2959 3980 3029 4020 ea
3074 3966 3281 4020 sancta
3328 3959 3724 4017 contrictione

2063 4059 2122 4112 et
2149 4054 2403 4113 scelestis
2424 4054 2622 4127 janua:
2652 4051 2987 4127 pulsatione
3018 4049 3448 4126 perseverabat.

2131 4145 2223 4200 63.
2254 4144 2335 4202 De
2362 4143 2802 4202 continuatione
2833 4140 3055 4199 silentii
3087 4139 3243 4213 quod
3277 4137 3590 4212 praedicem
3624 4153 3727 4193 ne-

2062 4233 2206 4307 scio,
2237 4250 2373 4291 cum
2402 4231 2533 4307 ipsa
2563 4247 2795 4306 quoque
2834 4229 2995 4287 licita
3043 4226 3411 4301 colloquendi
3462 4226 3719 4283 invicem

2061 4329 2326 4397 tempora
2355 4323 2606 4396 fugiens,
2639 4322 2699 4377 in
2741 4318 3103 4394 psalmorum
3152 4317 3347 4392 potius
3394 4313 3719 4371 melodiam

2060 4416 2469 4470 commutaret.
2503 4411 2573 4467 Et
2602 4410 2651 4466 si
2681 4409 2828 4467 forte
2858 4407 3330 4482 compelleretur,
3355 4405 3528 4460 breve
3548 4404 3723 4475 quid-

2061 4502 2196 4558 dam
2229 4500 2498 4569 reddens,
2532 4499 2604 4556 ad
2637 4497 2813 4557 solita
2844 4501 2901 4553 et
2930 4497 3121 4553 amica
3163 4493 3395 4552 silentia
3440 4492 3719 4565 protinus

2059 4590 2412 4646 recurrcbat.
2463 4587 2632 4645 Curis
2697 4584 3061 4660 quibuslibet
3125 4583 3409 4656 corporis,
3459 4579 3717 4651 balneis,

2057 4680 2212 4752 quod
2244 4678 2333 4713 ¹⁵⁸⁵
2363 4677 2570 4734 ceteris
2602 4671 3372 4733 recreationibuscommuni
3401 4686 3515 4727 usu
3537 4686 3719 4744 regu-

2056 4766 2122 4822 lae
2156 4766 2422 4835 indultis,
2457 4765 2735 4834 cilicium,
2765 4764 3048 4820 vilitatem
3095 4759 3369 4828 vestium,
3401 4763 3457 4816 et
3488 4762 3718 4816 cetero-

2057 4872 2187 4911 rum
2218 4854 2447 4912 cultum
2481 4854 2788 4912 horridum
2822 4852 3184 4927 praeferebat.
3216 4850 3556 4906 Extremum
3582 4847 3721 4919 qui-

2058 4944 2189 5000 dem
2221 4943 2397 5001 fuerit
2444 4942 2601 5016 quod
2648 4941 2798 5011 dico,
2847 4940 3030 4999 animi
3076 4945 3274 4997 tamen
3324 4937 3454 5009 ejus
3502 4930 3719 4993 virtuti

2056 5033 2499 5106 comprobanda
2531 5031 2983 5105 permaximum.
3031 5028 3187 5086 Dum
3237 5027 3445 5082 fratres
3493 5024 3717 5082 sabba-

2057 5128 2137 5192 to,
2171 5126 2306 5179 ante
2339 5122 2687 5178 mandatum
2717 5119 2807 5178 vel
2838 5119 2983 5177 feria
3011 5120 3239 5192 quarta,
3271 5130 3342 5172 ex
3371 5130 3537 5171 more
3561 5113 3719 5170 anti-

2057 5227 2174 5284 quo
2206 5211 2443 5285 quidem
2475 5210 2577 5268 sed
2629 5214 2771 5268 tunc
2820 5207 3046 5267 noviter
3092 5206 3262 5263 nobis
3306 5202 3524 5260 tradito
3555 5203 3720 5275 (385)

1647 5318 1889 5378 VARUE
1929 5318 2348 5378 LECTIONES.

369 5417 458 5455 mo
476 5419 725 5477 αειίιααε
754 5434 799 5476 ε,
880 5418 969 5455 ιδεο
995 5417 1243 5545 διὶίεὲυε
1271 5433 1318 5473 c.
1399 5418 1484 5454 ιδδι
1516 5419 1591 5474 ita
1622 5418 1860 5475 correxit
1887 5417 2050 5475 Labb.
2083 5416 2331 5475 nimiam
2360 5415 2543 5474 codex.
2624 5416 2713 5453 “8’
2742 5414 3039 5488 quandam
3074 5430 3120 5469 c.
3197 5410 3285 5447 “‘93
3314 5405 3718 5467 ebdomedam

423 5490 514 5527 *5“
542 5489 858 5545 lullatenus
886 5506 933 5545 c.
1012 5489 1102 5524 ¹⁸⁸⁵
1175 5487 1476 5545 alneisaue
1509 5495 1566 5545 et
1595 5488 1733 5545 Mab.

297 5506 342 5549 c.
423 5490 514 5527 ³⁸⁸⁸
542 5489 858 5549 lullatenus
886 5506 933 5547 c.
1012 5489 1102 5524 ¹⁸⁸⁵
1134 5487 1476 5561 Balneisque
1509 5495 1566 5546 et
1595 5488 1733 5547 Μαι).

368 5670 515 5746 (385)
549 5669 674 5729 Mos
703 5670 886 5744 igitur
913 5687 1017 5745 per
1045 5668 1349 5743 complura
1379 5669 1733 5728 monasteria
1760 5579 2281 5736 itertlfrg'li‘galuit;
2316 5667 2390 5724 cf.
2421 5666 2666 5728 Joannis
2691 5667 2884 5728 Vitam
2915 5665 3135 5727 Odonis
3166 5662 3333 5723 Clun.
3365 5657 3559 5749 Il,‘23.
