4096 6174
301 182 422 244 275

1168 183 1496 248 JOANNIS
1542 185 1873 248 ABBATIS
1917 184 1980 248 S.
2029 184 2376 247 ARNULFI
2423 186 2833 250 METENSIS.

3587 183 3708 249 276

299 331 468 372 muro
487 315 541 370 in
560 317 802 374 modum
820 315 994 374 castri
1014 317 1337 376 forinsecus
1352 322 1564 376 cuncta
1583 319 1946 376 circumdare
1975 317 2031 385 Α
2059 317 2111 372 al
2123 322 2242 374 tero
2254 319 2509 390 quodam
2531 319 2625 375 cui
2643 317 2980 376 Gundelach
2995 316 3341 376 vocabulum
3361 319 3473 375 fuit
3487 319 3600 376 sibi
3623 338 3712 378 so-

300 407 568 464 animum
618 407 901 475 intendit;
933 407 1110 478 quod,
1143 423 1314 478 opem
1357 408 1618 480 undique
1653 407 1950 479 przebente

297 496 503 552 eodem
525 494 841 552 venerabili
875 495 1170 568 pontiﬁce,
1189 499 1440 567 quatuor
1469 495 1772 551 mensibus
1793 495 1947 550 labo-

297 587 492 642 ratum
524 600 671 656 pene
701 584 774 640 ad
805 599 1099 639 summam
1131 585 1286 638 esset
1305 585 1674 654 perductum,
1711 584 1822 640 nisi
1859 585 1944 638 in-

298 673 493 730 fausta
522 672 686 746 regni
719 671 1174 742 dissensio,quae
1193 671 1342 726 inter
1357 672 1641 727 domnum
1662 676 1720 728 et
1739 672 1947 746 glorio-

298 760 626 828 sissimum,
643 764 782 816 tunc
813 758 1004 814 adhuc
1021 775 1216 832 regem
1235 761 1612 832 postmodum
1653 763 1942 832 Cesarem,

297 851 570 908 Ottonem
619 855 678 907 et
729 849 916 906 ﬁlium
976 849 1106 920 ejus
1165 850 1492 906 Liutulfum
1551 854 1608 906 ct
1663 869 1941 924 generum

295 940 670 997 Cuonradum
720 943 917 996 exorta
967 939 1380 1009 (DCCCCLIIl),
1403 957 1588 1012 usque
1634 943 1705 995 ad
1753 942 1945 1013 gentis

295 1029 546 1086 inimicae
577 1029 694 1086 Deo
726 1029 1058 1102 Ungrorum
1090 1029 1147 1082 in
1181 1045 1288 1084 nos
1315 1030 1680 1102 eruptionem
1705 1030 1946 1085 deseviit

295 1119 704 1189 (DCCCCLIV),
755 1117 1117 1190 impedisset.
1175 1117 1441 1173 Proxima
1489 1123 1684 1174 tamen
1743 1124 1944 1176 aestate

296 1207 545 1265 Domino
575 1208 921 1278 cooperante
953 1204 1116 1260 ocius
1147 1208 1469 1276 peractum.

365 1299 457 1354 68.
493 1299 754 1367 Cumque
783 1293 996 1348 horum
1025 1297 1187 1348 extra
1207 1298 1488 1365 perpetua
1531 1293 1942 1350 sollicitaretur

295 1404 454 1453 cura,
469 1381 616 1440 nihil
641 1387 835 1438 tamen
859 1382 928 1436 de
950 1381 1043 1436 his
1066 1398 1192 1453 qua:
1211 1381 1299 1437 vel
1323 1383 1393 1436 ad
1412 1382 1522 1437 vite
1539 1382 1624 1438 vel
1645 1400 1943 1440 conversa-

292 1474 472 1531 tionis
501 1471 817 1545 puritatem
848 1469 934 1525 vel
969 1470 1041 1525 ad
1073 1469 1386 1541 pastoralis
1415 1471 1663 1527 solertiae
1693 1471 1938 1546 vigilan-

292 1563 437 1620 tiam
454 1559 939 1634 pertinebant,est
962 1557 1278 1630 aliquando
1295 1562 1776 1632 praetermissum,
1794 1564 1937 1635 quin

190 1636 202 1648 ’
291 1649 504 1708 cotidie
533 1646 775 1705 solitum
807 1662 1056 1718 pensum
1085 1647 1817 1720 orationum,psalmorum
1849 1667 1913 1708 ve

290 1739 605 1797 lectionum
635 1739 974 1792 sanctarum
1003 1735 1276 1809 expleret.
1309 1736 1598 1795 Omnibus
1623 1741 1936 1798 dominicis

289 1833 348 1886 et
394 1825 816 1885 festivitatibus
864 1828 1200 1882 sanctorum
1252 1825 1670 1884 celebrioribus
1720 1831 1934 1887 missas

288 1915 519 1992 publice
541 1915 706 1972 dixit.
724 1914 809 1970 Ad
831 1914 942 1970 hoc
966 1931 1083 1970 una
1104 1931 1335 1988 quaque
1357 1920 1567 1989 quarta
1589 1918 1730 1974 feria
1752 1919 1936 1990 priva-

285 2007 414 2063 tim.
434 2005 496 2062 In
520 2005 736 2077 quibus
757 2002 997 2076 quantis
1011 2002 1333 2075 gemitibus
1353 2006 1410 2060 et
1425 2002 1800 2061 lacrimarum
1825 2006 1936 2063 vic.

284 2095 447 2152 timis
468 2111 531 2150 se
564 2093 760 2167 ipsum
791 2092 1120 2160 conﬁceret,
1137 2107 1210 2147 ne
1230 2091 1427 2148 referri
1452 2093 1688 2164 quidem
1711 2099 1930 2166 potest;

283 2188 343 2242 et
372 2187 438 2240 ut
467 2181 823 2238 ﬁducialiter
844 2181 1104 2250 ell'eram,
1130 2180 1189 2235 in
1219 2181 1546 2237 visceribus
1595 2183 1844 2254 piaetatis
1877 2190 1936 2242 et

283 2271 668 2346 simplicitate
698 2269 892 2326 cordis
923 2273 982 2324 et
1011 2270 1468 2326 mansuetudine
1495 2271 1698 2343 animi,
1731 2275 1938 2330 conde-

283 2361 592 2420 scensione
637 2358 1034 2425 inﬁrmorum,
1067 2358 1424 2414 recreatione
1466 2359 1834 2431 miserorum,
1879 2367 1937 2418 ct

282 2449 559 2508 omnibus
589 2446 830 2502 omnino
853 2444 1266 2503 misericordia:
1291 2448 1542 2516 actibus,
1559 2467 1672 2523 non
1690 2449 1838 2506 alter
1865 2469 1932 2508 eo

283 2539 396 2596 fuit
425 2535 816 2612 praestantior.
844 2534 906 2590 In
939 2535 1032 2591 his
1067 2537 1132 2590 16
1160 2551 1451 2592 annorum
1485 2538 1706 2593 exactis
1729 2539 1936 2596 labori-

287 2629 421 2701 bus,
443 2628 504 2683 in
535 2629 748 2684 sanctas
778 2625 1222 2698 perseverantiae
1269 2626 1384 2681 ﬁne
1431 2643 1670 2684 cursum
1720 2645 1932 2686 consu-

286 2715 671 2790 mans,pridie
686 2713 1010 2770 nativitatis
1019 2713 1199 2770 beata:
1213 2713 1312 2771 Dei
1331 2715 1461 2788 geni
1473 2715 1632 2772 tricis
1649 2717 1934 2776 decedens

207 2811 220 2818 ’
287 2803 628 2878 (DCCCCLX
652 2803 796 2876 Sept.
827 2803 906 2872 7),
938 2801 996 2856 in
1030 2807 1410 2858 monumento
1443 2820 1477 2859 a
1524 2821 1586 2859 se
1625 2805 1751 2876 jam
1793 2805 1933 2863 olim

288 2894 459 2969 longe
491 2897 643 2950 retro
675 2910 710 2948 a
728 2891 937 2964 primis
957 2891 1128 2947 annis
1149 2891 1238 2946 sui
1264 2891 1568 2964 regiminis
1588 2900 1928 2966 prmparato.

287 2983 545 3058 plurima
567 2982 903 3037 devotorum
936 2980 1191 3034 virorum
1246 2980 1596 3052 frequentia,
1629 2984 1847 3039 domno
1879 2989 1936 3041 et

2057 406 2302 474 ciato,in
2327 408 2736 463 remotioribus
2754 407 2966 481 Vosagi
3007 409 3273 480 expetiit;
3299 407 3495 480 ibique
3515 407 3576 464 in
3611 409 3714 466 illa

2056 496 2263 550 divinae
2286 496 2796 569 contemplationis
2819 497 3126 564 suavitate,
3151 497 3364 552 acerba
3383 498 3710 560 admodum

2057 585 2326 662 corporis
2366 583 2766 658 castigatione,
2799 589 2854 640 et
2886 584 3108 640 mundo
3136 602 3290 652 vere,
3325 588 3390 640 ut
3421 585 3711 642 veratium

2055 672 2154 745 qui
2182 690 2316 728 eum
2367 677 2652 729 noverunt
2702 673 2810 728 fert
2850 673 3158 742 sententia,
3184 677 3472 744 mortuus,
3503 676 3709 733 decem

2055 767 2155 817 aut
2187 780 2252 818 eo
2275 761 2527 836 amplius
2551 779 2738 818 annos
2769 761 3022 836 exigens,
3055 761 3190 817 felix
3227 763 3494 832 decessit,
3529 768 3712 838 atque

2055 850 2114 905 in
2147 851 2410 922 ejusdem
2461 849 2680 908 cellulae
2732 868 2850 906 sure
2899 851 3148 906 oratorio
3197 850 3269 907 ab
3318 853 3520 909 eodem
3555 853 3710 910 sotio

2055 957 2185 1006 suo,
2217 941 2336 996 viro
2368 957 2529 1013 reque
2575 939 2968 1007 sanctissimo,
2994 939 3283 1012 sepultus,
3315 943 3567 997 eundem
3625 943 3708 999 ibi

2053 1029 2290 1102 reliquit
2317 1029 2442 1084 vitae
2468 1028 2554 1084 vel
2588 1045 2780 1084 rerum
2809 1028 3298 1101 paupercularum
3329 1028 3627 1086 heredem.

2119 1120 2210 1172 70.
2247 1117 2419 1172 Porro
2453 1116 2639 1172 isdem
2671 1115 2857 1172 setius
2887 1117 3015 1188 ejus
3047 1133 3114 1172 ex
3137 1117 3489 1173 monasterio
3515 1117 3710 1175 Fulda
3809 1113 3822 1116 ﬂ

2050 1207 2188 1263 olim
2221 1211 2372 1262 retro
2395 1209 2527 1260 ante
2559 1204 2890 1278 complures
2919 1223 3105 1261 annos
3140 1205 3278 1261 ﬂore
3290 1205 3535 1278 juvenili
3559 1225 3702 1263 con-

2051 1294 2593 1368 spicuus,'l‘revcris
2625 1294 2778 1366 apud
2805 1293 3084 1349 Sanctum
3117 1293 3607 1350 MaximinumIm
3629 1296 3708 1352 ob

2051 1385 2161 1440 insi
2169 1400 2340 1457 gnem
2361 1381 2658 1455 religionis
2675 1382 3174 1438 conversationem
3195 1381 3706 1457 commigraverat.

2049 1472 2269 1529 Deinde
2321 1470 2524 1527 domui
2572 1471 2836 1544 Eginoldi
2886 1471 3042 1527 fama
3099 1488 3380 1528 accensus
3431 1472 3706 1530 Gorziam

2046 1561 2307 1619 veniens.
2334 1559 2386 1616 ei
2418 1559 2758 1615 individuus
2791 1560 2908 1614 fere
2939 1575 3138 1615 eomes
3165 1575 3270 1632 per
3297 1558 3519 1632 aliquot
3547 1565 3705 1618 tem-

2051 1669 2163 1724 pus
2193 1650 2440 1716 adhesit,
2475 1650 2658 1704 donec
2705 1649 2907 1704 eodem
2949 1648 3216 1720 jubente,
3245 1664 3379 1704 cum
3423 1649 3704 1722 praedicto

2049 1737 2363 1796 venerabili
2397 1737 2670 1805 Blidulfo,
2686 1737 2745 1792 in
2769 1735 3122 1793 monasterio
3143 1737 3330 1792 sancti
3349 1736 3455 1792 viri
3477 1738 3706 1811 Ogonis

2045 1827 2242 1901 magni
2264 1830 2321 1883 et
2341 1825 2601 1900 przeclari
2622 1825 2786 1898 prius
2805 1825 2866 1880 in
2888 1825 3099 1882 Sancto
3123 1825 3438 1880 Maximino
3466 1826 3703 1883 abbatis

2044 1918 2285 1990 (390),et
2316 1919 2446 1989 post
2475 1914 2845 1970 Leodicensis
2867 1912 3139 1969 mcclesize
3161 1913 3375 1987 egregii
3402 1915 3700 1986 pontiﬁcis

2043 2006 2212 2079 (391),
2244 2005 2569 2078 delegatus,
2595 2007 2728 2076 post
2756 2002 2980 2059 obitum
3008 2001 3197 2076 ipsius
3241 2002 3440 2058 domni
3477 2003 3700 2076 Ogonis

2043 2095 2278 2167 utrique
2309 2094 2443 2150 inde
2467 2091 2735 2148 Gorziam
2759 2090 3028 2164 regressi,
3049 2107 3184 2147 mox
3205 2091 3362 2146 brevi
3384 2093 3454 2147 ad
3478 2109 3545 2148 ea
3565 2109 3702 2165 qua;

2043 2182 2280 2258 przedixi
2313 2181 2538 2238 heremi
2574 2179 2888 2236 remotiora
2926 2179 3052 2252 pari
3101 2196 3392 2236 consensu
3421 2181 3507 2216 ³³⁸³
3535 2197 3702 2238 sece-

2042 2274 2211 2341 dunt,
2244 2275 2302 2328 et
2330 2275 2396 2327 ut
2420 2271 2648 2326 dictum
2677 2273 2786 2336 est,
2811 2269 2924 2342 ipsi
2955 2269 3174 2324 domno
3205 2267 3454 2325 Blidulfo
3493 2285 3700 2326 succe-

2043 2359 2500 2429 dens,locellum
2529 2360 2726 2433 ipsum
2759 2375 2946 2430 usque
2976 2357 3036 2412 in
3070 2357 3247 2414 ﬁnem
3276 2356 3404 2413 vita:
3426 2357 3698 2427 incoluit,

2043 2451 2426 2522 doctrinaque
2457 2453 2514 2506 et
2543 2452 2672 2504 vita:
2696 2447 2947 2520 puritate
2977 2445 3172 2503 clarus
3204 2445 3419 2503 ibidem
3451 2445 3696 2520 quievit.

2111 2542 2202 2596 7t.
2234 2537 2625 2595 Virdunensis
2679 2537 2856 2592 etiam
2915 2535 3188 2592 (ecclesiae
3244 2533 3332 2591 vir
3383 2535 3701 2608 religiosus

2046 2631 2206 2686 Isaac
2237 2629 2295 2684 in
2324 2629 2440 2683 vita
2471 2627 2754 2683 canonica
2787 2625 2931 2681 satis
2975 2625 3247 2680 decenter
3290 2628 3698 2692 conversatus,

2035 2719 2162 2791 jam
2189 2717 2410 2774 canicic
2441 2716 2571 2789 ipsa
2602 2715 2972 2782 reverendus,
3007 2729 3143 2769 cum
3183 2712 3296 2769 alio
3345 2713 3510 2769 bona;
3543 2713 3695 2786 spei,

2042 2811 2183 2864 tunc
2193 2805 2428 2880 juniore
2442 2822 2600 2861 nunc
2621 2803 2868 2860 Domino
2890 2801 3326 2874 auspicabiliter
3341 2801 3700 2874 provehente

2045 2897 2307 2968 ejusdem
2359 2895 2544 2951 sancti
2603 2892 2828 2966 collegii
2887 2896 3070 2964 patre,
3115 2891 3329 2947 domno
3378 2889 3698 2946 Odolberto

2045 2985 2212 3057 (38?),
2238 2985 2354 3040 fere
2385 2988 2518 3056 post
2537 2984 2687 3038 duos
2717 2998 2893 3054 quam
2919 2978 3186 3052 superior
3214 2979 3501 3034 Blidulfus
3520 2996 3697 3036 vene-

283 3069 599 3130 venerabili
634 3067 895 3124 antistite
923 3067 1283 3123 Adelberone
1306 3085 1525 3124 munus
1555 3073 1934 3144 exequiarum
1965 3059 2008 3126 C
2047 3077 2136 3128 rat
2183 3089 2368 3128 annos
2418 3076 2731 3143 susceptus
2777 3074 2885 3126 est.
2941 3069 3168 3140 Quique
3217 3072 3283 3123 ut
3309 3072 3432 3123 erat
3461 3084 3697 3141 magna;

285 3155 891 3234 explente,depositus
911 3159 1088 3211 estex
1109 3160 1272 3228 parte
1303 3157 1554 3213 basilicae
1578 3161 1931 3235 aquilonari,

287 3265 440 3307 anno
470 3245 701 3304 Domini
734 3243 864 3300 960.

352 3337 444 3394 69.
475 3337 698 3393 Sanctae
722 3333 1000 3390 Mctensis
1023 3333 1277 3389 ecclesiae
1324 3335 1772 3396 archidiaconus
1823 3342 1934 3398 Bli-

283 3426 482 3482 dulfus
518 3426 648 3496 jam
679 3423 739 3477 in
769 3438 1044 3494 processu
1075 3419 1185 3476 loci
1219 3422 1442 3478 eisdem
1465 3426 1611 3480 servi
1663 3427 1763 3484 Dei
1816 3447 1930 3486 non

282 3516 411 3572 sine
439 3528 652 3586 magno
685 3509 1002 3566 multorum
1038 3510 1321 3566 miraculo
1373 3513 1629 3572 sociatus
1677 3523 1784 3572 est.
1831 3519 1933 3575 Vir

281 3604 438 3661 enim
471 3618 607 3658 cum
637 3603 695 3655 et
719 3598 1022 3655 nobilitate
1043 3600 1274 3672 generis
1305 3606 1363 3657 et
1397 3619 1591 3658 rerum
1615 3606 1930 3678 ecpia'non

282 3690 561 3748 mediocri
590 3687 794 3756 fultus,
825 3691 882 3743 et
913 3687 1098 3744 multa
1131 3688 1187 3743 in
1238 3704 1672 3765 quamcumque
1705 3701 1928 3766 partem

279 3785 402 3839 arte
432 3779 614 3836 animi
646 3777 886 3846 callens,
917 3777 1304 3849 prudentiane
1333 3795 1402 3834 ea
1451 3780 1699 3838 dicenda
1728 3784 1805 3840 sit
1853 3803 1928 3841 an

279 3871 515 3938 astutia,
550 3869 621 3924 ad
651 3867 762 3922 hoc
791 3871 850 3923 et
879 3865 1209 3922 litterarum
1243 3871 1463 3924 ceteros
1485 3870 1614 3940 ejus
1645 3871 1752 3928 loci
1784 3892 1926 3946 prce-

281 3959 390 4014 iret
419 3955 686 4023 scientia,
721 3954 937 4026 quippe
969 3953 1068 4026 qui
1097 3971 1164 4009 ex
1197 3953 1372 4010 scolis
1405 3957 1596 4013 adhuc
1627 3967 1930 4032 supererat

282 4044 556 4117 Remigii,
582 4048 713 4098 tum
745 4041 1110 4098 secularibus
1141 4042 1222 4097 ita
1243 4042 1479 4098 deditus
1510 4045 1837 4116 videbatur,
1866 4057 1931 4106 ut

276 4134 373 4191 vix
399 4133 752 4204 cujusquam
787 4131 844 4186 in
868 4147 934 4187 eo
965 4129 1266 4202 religionis
1296 4133 1544 4206 vestigia
1573 4135 1922 4193 viserentur.

280 4222 336 4278 Is
363 4224 429 4277 ut
457 4219 672 4276 dicitur
693 4219 895 4274 morbo
919 4223 1154 4290 repente
1177 4225 1924 4292 praareptus,venerabilem

277 4309 588 4368 Einoldum
620 4309 796 4364 citius
843 4308 1153 4378 advocans,
1188 4309 1543 4366 monachum
1595 4314 1920 4384 proﬁtetur.

2043 3160 2440 3234 simplicitatis
2461 3164 2514 3216 et
2537 3163 2695 3216 totus
2718 3157 3095 3215 interioribus
3115 3156 3322 3212 animae
3343 3155 3512 3212 bonis
3533 3156 3644 3211 ded
3655 3157 3700 3212 i-

2043 3249 2304 3319 tus,sine
2334 3248 2572 3322 querela
2596 3254 2652 3304 et
2674 3245 3159 3304 innocentissima
3197 3244 3421 3301 actione
3449 3261 3695 3301 conver-

2042 3343 2226 3406 satus,
2259 3339 2434 3394 ctiam
2465 3339 2641 3393 ﬁnem
2673 3337 2762 3393 sui
2797 3336 2990 3392 divino
3017 3334 3230 3391 meruit
3259 3332 3524 3406 praescire
3567 3351 3695 3390 res-

2043 3445 2246 3501 ponso.
2272 3425 2719 3494 Quiescentibus
2748 3440 3004 3498 namque
3032 3424 3289 3497 quadam
3321 3427 3486 3479 nocte
3508 3423 3704 3479 fratri-

2041 3519 2153 3574 bus
2185 3518 2438 3574 domnus
2467 3515 2749 3572 Einoldus
2778 3513 3048 3588 vigilans,
3074 3516 3309 3586 repente
3336 3527 3534 3568 vocem
3561 3528 3700 3584 pro-

2043 3607 2216 3662 ducto
2247 3623 2390 3662 sono
2423 3610 2510 3661 ter
2541 3604 2957 3660 inclamantem
3007 3601 3232 3660 audivit
3282 3601 3365 3657 sic
3396 3617 3410 3656 :
3447 3623 3474 3650 «
3507 3601 3698 3670 Isaac,

2043 3695 2222 3763 Isaac,
2240 3694 2428 3752 Isaac!
2453 3717 2478 3744 η
2515 3694 2622 3761 Qui
2640 3694 2729 3729 '5“
2749 3709 2880 3749 cum
2920 3708 3094 3746 mane
3124 3691 3327 3747 eodem
3351 3687 3534 3745 accito
3557 3688 3702 3746 ﬁnis

2040 3786 2132 3842 sui
2163 3802 2295 3840 eum
2331 3789 2750 3852 commoneret,
2781 3788 2836 3838 et
2885 3781 3025 3854 quid
3081 3780 3344 3837 audisset
3390 3778 3648 3835 ediceret
3681 3795 3696 3834 :

2043 3897 2070 3923 «
2104 3875 2173 3929 Et
2201 3891 2326 3947 ego,
2347 3873 2549 3946 inquid
2599 3871 2714 3940 ille,
2754 3871 2986 3928 easdem
3019 3887 3190 3925 voces
3219 3865 3410 3924 audivi
3439 3871 3496 3922 et
3524 3883 3699 3922 voca-

2037 3962 2258 4018 tionem
2283 3979 2474 4018 meam
2499 3961 2704 4018 adesse
2726 3975 3034 4032 cognosco.
3057 3980 3084 4008 ››
3109 3957 3246 4013 Ilico
3270 3959 3460 4011 autem
3487 3955 3700 4012 morbo

2039 4054 2252 4118 tactus,
2283 4049 2442 4107 brevi
2473 4049 2744 4106 decessit.
2779 4049 2858 4104 De
2886 4047 2984 4105 his
3022 4046 3224 4120 igitur,
3258 4043 3358 4117 qui
3404 4045 3700 4115 quodam-

2040 4141 2212 4196 modo
2245 4139 2663 4196 eminentiores
2693 4137 2754 4192 in
2787 4155 2854 4194 ca
2881 4135 3332 4210 congregatione
3354 4133 3694 4204 viguerunt,

2036 4227 2131 4284 hic
2161 4243 2655 4284 commemorasse
2688 4225 2965 4292 sufﬁciat,
3001 4241 3116 4280 non
3148 4221 3304 4294 quod
3335 4219 3534 4277 omnia
3561 4237 3698 4292 qum

2035 4317 2216 4391 digna
2246 4319 2571 4372 memoratu
2605 4319 2800 4372 essent
2830 4314 2900 4369 de
2931 4311 3016 4370 eis
3048 4311 3202 4367 dicta
3232 4311 3368 4374 sint,
3402 4325 3538 4364 cum
3571 4309 3696 4364 uti-

276 4400 606 4472 Statimque
622 4397 892 4454 habitum
911 4412 1325 4494 sumens,eget_'
1331 4401 1687 4456 monasterio
1699 4403 1928 4460 devehi-
1952 4429 2001 4494 Β
2035 4423 2150 4478 que
2179 4406 2250 4462 de
2277 4403 2510 4478 singulo
2527 4420 2761 4476 quoque
2791 4418 2992 4458 eorum
3025 4398 3328 4472 proprium
3359 4397 3532 4454 condi
3555 4414 3693 4470 pos-

276 4492 391 4557 tur,
407 4505 474 4544 ac
503 4491 636 4560 post
656 4503 873 4560 paucos
894 4485 1022 4541 dies
1044 4485 1266 4559 integer
1287 4486 1404 4542 Deo
1433 4489 1686 4560 propitio
1727 4493 1918 4548 reddi-

272 4580 370 4633 tus
391 4578 501 4646 "‘9',
531 4575 746 4632 mentis
779 4573 1017 4631 meliore
1049 4573 1381 4648 integritate
1429 4575 1566 4632 felix
1603 4583 1662 4634 et
1713 4580 1920 4638 multis

271 4663 820 4738 deincepsexemplo
842 4663 1076 4719 futurus
1096 4661 1410 4719 convaluit.
1425 4666 1613 4738 Atque
1637 4667 1694 4722 in
1718 4675 1922 4727 sancta

269 4753 705 4811 conversatione
737 4753 854 4809 fere
885 4751 1126 4807 inferior
1155 4751 1302 4808 nulli
1346 4755 1640 4826 apparuit.
1678 4757 1730 4813 Is
1785 4765 1918 4830 post

269 4843 468 4916 plures
483 4859 668 4900 annos
683 4841 890 4914 majori
914 4839 1104 4896 calore
1116 4839 1350 4898 virtutis
1368 4843 1890 4912 tactus,heremum
1901 4893 1915 4918 ,

2031 4497 2110 4552 sit
2135 4495 2428 4552 volumen.
2463 4495 2575 4550 Sed
2607 4497 2665 4550 ct
2698 4491 2935 4566 plurimi
2966 4491 3113 4564 (393)
3144 4489 3202 4545 in
3234 4489 3437 4546 eodem
3485 4492 3695 4544 sancto

2031 4584 2274 4658 collegio
2333 4601 2683 4658 magnarum
2728 4584 3012 4638 virtutum
3059 4579 3168 4636 viri
3216 4577 3552 4644 extiterunt,
3585 4577 3692 4650 qui

2029 4672 2236 4729 merito
2267 4673 2326 4728 in
2353 4671 2686 4744 exemplum
2719 4667 2952 4742 scriptis
2987 4672 3044 4724 et
3072 4665 3352 4723 laudibus
3403 4663 3690 4720 efferendi

2029 4766 2330 4908 θεῗὲήέθά
2363 4868 2396 4907 a
2425 4851 2744 4925 proposito,
2778 4865 2896 4921 quo
2929 4843 3275 4920 aliquandiu
3317 4841 3532 4899 divulsi
3585 4859 3690 4900 su-

1619 4959 1860 5019 VARI/E
1898 4966 2317 5024 LECTIONES.

271 5057 694 5196 1ωἱεᾍδρὲιιηάιι
744 5058 942 5112 iterum
995 5071 1194 5111 manus
1253 5056 1465 5128 incipit.

441 5145 498 5184 ιιι
568 5145 616 5184 c.

441 5145 536 5184 ιιια
568 5145 616 5184 6.

1604 5059 1692 5095 ¹⁵⁹²
1720 5063 2043 5120 maximum
2089 5084 2136 5122 c.
2191 5066 2294 5122 bis.

2437 5066 2526 5101 ³⁵³³
2554 5065 2686 5122 hinc
2733 5065 2920 5137 prima
2953 5077 3153 5118 mnus
3203 5060 3401 5114 iterum
3460 5057 3681 5128 incipit.

1855 5231 2088 5289 NOT/E.

339 5335 487 5402 (390)
517 5333 661 5388 Vide
689 5331 992 5403 Sigehardi
1039 5331 1316 5388 Miracula
1347 5331 1405 5388 S.
1446 5332 1709 5403 Maximi,
1743 5354 1792 5392 c.
1824 5339 1908 5394 12.

341 5405 460 5478 [391
467 5411 486 5472 )
517 5407 682 5478 Anno
713 5403 965 5478 95594].

337 5474 486 5546 (392)
517 5474 867 5535 Odolbertus
899 5474 1113 5532 Gorzize
1163 5475 1296 5532 inde
1345 5475 1418 5530 ab
1467 5493 1515 5531 a.
1570 5476 1675 5534 974
1714 5480 1904 5550 sedit;

2024 5357 2176 5414 anno
2207 5343 2312 5397 987
2345 5341 2670 5414 Immonem
2698 5341 2972 5414 abbatem
3004 5337 3280 5414 legimus.
3353 5403 3388 5414 Α
3553 5399 3567 5414 .

2053 5482 2064 5494 ,
2091 5413 2236 5494 (Βρῖξ)
2269 5413 2530 5486 Exempli
2561 5413 2749 5487 gratia
2770 5403 3122 5469 Rambertu's
3142 5407 3322 5466 abbas
3353 5403 3686 5458 Senonicu-

2019 5485 2120 5542 sis.
2157 5485 2478 5542 Manimos.
