4098 6170
340 270 461 332 277

1240 271 1343 335 DE
1384 270 1572 335 VITA
1612 273 1939 336 JOANNIS
1983 272 2317 339 ABBATIS
2361 276 2842 342 GORZIENSIS.

3625 282 3743 348 278

342 422 494 475 mus,
503 405 630 478 jam
648 404 907 478 quodam
925 402 1177 461 clamore
1197 404 1725 463 revocamur.Unde
1746 405 1839 462 his
1862 422 1987 478 quae
2018 406 2073 474 Α
2102 408 2428 478 terdiceret,
2444 409 2828 468 nihilominus
2849 416 3045 470 tamen
3076 412 3201 486 ipse
3232 418 3441 471 cuncta
3463 432 3650 488 usque
3670 416 3744 475 ad

341 495 614 568 praeteriti
647 495 956 568 indignum
990 494 1331 555 censuimus
1360 495 1633 567 expediti,
1658 496 1729 550 ad
1761 495 1867 550 viri
1899 511 1993 552 ve-

340 583 618 641 nerabilis
646 584 893 640 Joannis
926 583 1185 650 acta,cui
1218 583 1315 638 hic
1337 584 1569 657 proprie
1592 584 1764 640 stilus
1797 585 1991 652 sudat,

340 673 587 729 Domino
627 672 1087 729 misericorditer
1133 676 1427 744 prmeunte
1475 671 1837 727 recedamus.
1871 671 1991 727 Pri-

339 778 504 817 mum
528 778 655 833 quae
673 760 723 815 ei
741 760 1034 816 institutio
1059 759 1515 816 conversationis
1534 764 1589 816 et
1609 759 1789 815 animi
1806 759 1992 816 virtus

335 851 451 906 ﬁxa
480 851 554 905 ab
585 849 732 922 ipsis
764 847 1070 922 principiis
1101 848 1162 903 in
1194 849 1369 903 ﬁnem
1403 864 1590 920 usque
1612 848 1789 903 ductu
1814 849 1992 904 conti-

337 956 454 996 nuo
486 939 615 1006 fuit,
650 943 715 994 ut
743 936 804 993 in
836 942 1105 994 neutram
1130 941 1354 1010 partem
1384 934 1637 993 mirabili
1662 936 1988 1009 vigore-de-

335 1028 577 1095 ﬂexerit,
606 1026 667 1082 iu
700 1027 957 1099 quadam
978 1024 1163 1082 Veluti
1194 1025 1352 1080 brevi
1398 1024 1611 1081 tabella
1660 1025 1989 1081 describere

334 1116 528 1190 cupio.
563 1117 728 1183 Quod
759 1115 913 1171 sicut
958 1132 992 1170 a
1039 1130 1132 1169 me
1182 1114 1398 1187 expleri
1451 1131 1623 1186 posse
1673 1130 1790 1169 non
1842 1114 1988 1169 mihi

332 1223 577 1279 prorsus
609 1203 1021 1277 arrogaverim,
1056 1203 1138 1258 ita
1165 1203 1258 1257 vix
1283 1218 1566 1275 umquam
1600 1218 1634 1257 a
1663 1218 1984 1275 quoquam,

332 1296 604 1368 quamvis
633 1292 1077 1361 dissertissimo,
1104 1292 1371 1349 estimem
1400 1291 1837 1365 comprehendi.
1872 1293 1986 1350 Nec

328 1401 467 1440 vero
495 1382 727 1456 penitus
761 1382 1150 1447 reticendum,
1176 1398 1247 1436 ne
1280 1381 1410 1452 ipsa
1440 1398 1618 1453 parva
1647 1398 1774 1452 quae
1798 1380 1987 1437 dicen-

328 1477 449 1540 tur,
482 1471 532 1529 si
589 1470 753 1545 pigro
811 1470 1049 1525 sudario
1107 1469 1499 1536 defodiantur,
1544 1486 1691 1541 puos
1747 1476 1987 1542 possent

326 1559 512 1618 lucris
545 1558 859 1616 dominicis
890 1557 1263 1614 subtrahant.

401 1693 838 1764 Subjectionem
871 1692 1022 1765 patri
1057 1696 1114 1747 et
1143 1692 1535 1747 obedientiam
1552 1695 1717 1747 tanta
1736 1692 1985 1764 pertina-

322 1782 411 1839 tia
438 1781 647 1850 tenuit,
660 1784 727 1837 ut
756 1780 1037 1853 quicquid
1070 1779 1250 1836 semel
1282 1796 1380 1836 ore
1399 1778 1496 1835 ille
1519 1780 1814 1852 imperans
1835 1782 1979 1837 emi-
2018 1777 2067 1843 B

322 1873 525 1939 sisset,
553 1870 673 1938 hic,
703 1875 1009 1943 tamquam
1044 1870 1303 1927 famulus
1333 1870 1639 1926 verberum
1687 1875 1978 1941 metuens,

320 1960 455 2018 sine
476 1959 756 2016 dilatione
778 1958 1079 2030 arriperet.
1094 1959 1164 2013 Et
1185 1958 1244 2013 in
1267 1958 1412 2030 ipsis
1434 1957 1631 2013 statim
1653 1957 1978 2031 principiis,

319 2051 473 2106 dum
494 2052 657 2120 pater
678 2047 958 2103 Einoldus
985 2046 1205 2102 credito
1232 2046 1343 2102 sibi
1366 2045 1648 2119 regimine
1669 2045 1778 2102 loci
1808 2046 1980 2104 vehe-

318 2141 557 2195 menter
584 2142 916 2209 angeretur,
937 2135 986 2192 si
1017 2135 1130 2191 sibi
1162 2135 1448 2192 exteriora
1479 2136 1741 2191 curanda
1762 2139 1977 2203 essent,

318 2226 429 2300 qui
444 2226 615 2300 longe
628 2225 948 2283 aliadivine
967 2223 1385 2298 speculationis
1404 2223 1979 2293 meditabatur,idcm

318 2316 546 2371 domus
594 2314 892 2370 Johannes
940 2314 991 2369 ei
1039 2313 1321 2369 accedens
1357 2328 1369 2367 :
1399 2334 1427 2362 «
1458 2312 1583 2367 Non
1618 2312 1854 2377 horum,
1877 2312 1978 2368 do-

322 2403 912 2475 mine,inquid,cura
942 2401 1359 2466 sollicitcmini,
1385 2417 1521 2473 ergo
1552 2401 1661 2456 hoc
1691 2418 1793 2457 vos
1824 2402 1979 2457 fasce

318 2493 556 2551 levabo.
577 2492 962 2548 Interioribus
982 2495 1236 2558 tantum,
1257 2494 1322 2545 ut
1350 2488 1583 2562 cupitis,
1600 2489 1863 2545 animum
1897 2489 1980 2545 in-

318 2584 584 2648 tendite;
613 2581 890 2654 quicquid
913 2581 1263 2637 exteriorum
1294 2584 1402 2647 est,
1415 2596 1521 2651 ego
1551 2578 1765 2635 Christi
1792 2579 1980 2651 gratia

316 2677 388 2729 et.
417 2670 645 2727 meritis
666 2670 873 2726 vestris
903 2670 1144 2740 adjutus
1174 2668 1317 2724 mihi
1366 2667 1746 2740 susceperim.
1770 2688 1797 2716 ››
1832 2667 1977 2723 Cum

314 2760 526 2831 itaque
555 2759 637 2814 ita
665 2759 862 2814 omnia
891 2759 941 2814 ei
973 2756 1352 2823 commiserit,
1368 2759 1426 2811 et
1456 2756 1578 2829 ipse
1608 2756 1668 2812 in
1699 2755 1822 2812 solo
1861 2755 1977 2812 Deo

312 2848 689 2906 vacationem
722 2848 1130 2921 assumpserit,
1147 2863 1263 2902 non
1295 2851 1490 2901 tamen
1530 2845 1671 2917 quid
1694 2860 1976 2916 umquam

312 2954 571 3013 parvum
601 2936 690 2993 vel
720 2937 915 3008 majus
946 2935 1100 2992 idem
1132 2936 1388 2991 domnus
1416 2934 1716 2991 Johannes
1765 2932 1877 2988 nisi
1910 2949 1977 2991 eo

311 3028 559 3085 conscio
589 3030 691 3082 aut
715 3025 958 3082 consilio
979 3028 1109 3099 ejus
1128 3029 1185 3081 et
1202 3024 1502 3080 voluntate
1523 3023 1659 3096 egit.
1676 3024 1745 3079 Et
1765 3023 1976 3079 horum

312 3118 448 3192 ipse
463 3119 723 3175 domnus
743 3116 1045 3184 Einoldus,
1061 3116 1111 3172 si
1133 3116 1367 3188 quando
1397 3113 1479 3170 ita
1501 3113 1977 3180 intererat,testis

312 3212 447 3265 erat
484 3224 498 3261 :
535 3230 563 3256 «ι
587 3205 1255 3279 Numquam,inquiens,
1276 3203 1420 3259 mihi
1448 3203 1813 3259 inobcediens
1844 3202 1974 3271 fuit,

312 3312 428 3354 nec
453 3296 571 3351 fuit
597 3294 935 3367 aliquando,
957 3294 1055 3365 qui
1089 3310 1182 3350 me
1202 3297 1260 3350 et
1291 3292 1460 3348 illum
1492 3292 1552 3348 in
1585 3307 1789 3365 pacem
1813 3293 1978 3349 redu-

312 3390 501 3443 ceret.
534 3407 565 3434 »

383 3520 484 3574 73.
518 3517 637 3573 Nec
681 3516 904 3572 destitit
954 3515 1213 3588 prudens
1262 3520 1318 3570 et
1366 3529 1546 3587 sagax
1587 3513 1648 3569 in
1697 3512 1976 3570 uiramvis

311 3611 554 3682 partem
605 3605 862 3662 domnus
909 3605 1190 3661 Einoldus
1239 3621 1375 3659 eum
1424 3603 1670 3660 diversis
1712 3620 1977 3660 exercere

313 3693 775 3751 mutationibus.
807 3694 951 3749 Nam
987 3693 1332 3765 plerumque
1361 3692 1433 3747 ab
1483 3691 1865 3747 exterioribus
1904 3692 1975 3747 de

309 3783 618 3840 industria
647 3799 783 3838 eum
810 3798 1087 3839 revocans
1123 3782 1194 3837 ad
1228 3778 1717 3847 interiora,etiam
1739 3781 1811 3836 ad
1844 3780 1974 3836 inﬁ-

310 3890 490 3930 mum
521 3872 797 3943 quodque
818 3871 1049 3927 reduxit
1069 3870 1349 3939 ofﬁcium,
1369 3869 1425 3924 in
1450 3886 1564 3941 quo
1589 3886 1660 3925 ne
1685 3872 1831 3924 nutu
1854 3868 1978 3941 qui-

309 3962 454 4018 dem
489 3959 804 4032 aliquando
834 3958 995 4015 visus
1025 3962 1115 4014 est
1145 3957 1431 4015 renuisse.
1463 3958 1676 4013 Jussus
1699 3956 1974 4030 praeposi-

308 4055 436 4118 tus,
472 4053 640 4122 paret
670 4048 967 4104 continuo.
1001 4047 1389 4120 Przepositura
1411 4046 1694 4119 deposita,
1724 4051 1849 4102 esto
1878 4047 1975 4102 de-

308 4138 537 4197 canus!
554 4139 769 4211 jugum
792 4136 1026 4209 quietus
1049 4136 1327 4192 admittit.
1343 4137 1422 4191 Eo
1441 4135 1976 4205 abiens,ccllarium

310 4228 494 4285 cura!
530 4242 777 4282 manum
809 4224 941 4281 ilico
964 4223 1345 4298 profert.Alio
1368 4224 1445 4280 ibi
1475 4224 1839 4292 succedente,
1858 4241 1979 4280 ves-

308 4321 409 4375 tes
442 4317 697 4372 fratrum
729 4314 922 4371 serva!
958 4313 1141 4369 nihilo
1183 4312 1317 4387 plus
1352 4312 1688 4369 reluctatur.
1714 4312 1807 4368 Sic
1842 4313 1975 4369 hos-

313 4406 571 4479 pitibus,
604 4402 687 4459 sic
717 4404 765 4458 si
802 4402 885 4459 ita
914 4401 1158 4474 contigit
1201 4400 1475 4469 inﬁrmis,
1510 4401 1593 4457 sic
1643 4401 1978 4472 quibusque

2105 496 2404 569 siliquam,
2441 504 2505 555 ut
2535 501 2769 568 dicitur,
2801 507 3078 559 annotata
3101 504 3387 561 servabat.

2172 588 2263 641 74.
2300 587 2671 656 Pacientiam,
2704 589 3121 662 humilitatem,
3142 609 3244 649 seu
3272 594 3750 666 abjcctionem,et

2104 691 2230 747 quae
2263 675 2460 733 omnia
2490 682 2729 751 superat
2754 679 3013 736 caritatis
3043 680 3102 735 in
3135 681 3319 737 Deum
3349 689 3407 740 et
3452 686 3511 740 in
3543 702 3747 744 omnes

2102 762 2407 830 fervorem,
2441 765 2781 823 incredibile
2812 767 2971 824 dictu
3002 773 3109 838 est,
3146 775 3366 842 quanta
3407 772 3747 832 fortitudine

2101 853 2432 908 servaverit.
2449 854 2528 909 De
2549 853 2765 927 quibus
2786 855 3035 929 singulis
3056 858 3272 929 quibus
3298 860 3628 933 frequenter
3650 864 3747 921 do-

2100 944 2372 997 cumento
2406 943 2601 1011 fuerit,
2620 943 2667 999 si
2701 960 3000 1001 recensere
3028 945 3492 1016 velim,nimium
3525 952 3745 1026 scripta

2100 1029 2488 1085 ferrentur'595
2520 1032 2577 1086 in
2611 1032 2872 1104 longum.
2908 1033 3069 1091 Unde
3095 1034 3303 1091 saltem
3335 1035 3626 1111 simplicia
3645 1058 3743 1098 an-

2097 1123 2390 1175 notamus.
2426 1121 2853 1194 Preposituram
2885 1124 3223 1179 monasterii
3270 1124 3358 1180 vir
3396 1128 3743 1187 venerabilis

2098 1202 2530 1278 Fridericus,de
2575 1226 2691 1281 quo
2740 1228 2916 1284 supra
2961 1211 3339 1270 meminimus
3370 1213 3507 1288 (cap.
3537 1216 3651 1289 55),
3684 1223 3742 1276 et

2096 1295 2206 1351 sub
2238 1312 2304 1352 eo
2334 1296 2429 1354 hic
2457 1298 2710 1355 domnus
2739 1300 3040 1358 Johannes
3069 1301 3325 1375 gerebat.
3347 1303 3445 1361 Ille
3478 1309 3543 1361 ut
3572 1323 3741 1381 supe-

2096 1384 2231 1451 rior,
2264 1385 2422 1442 hunc
2452 1389 2728 1460 gravibus
2757 1390 3064 1447 verborum
3097 1392 3468 1450 contumeliis
3499 1412 3740 1469 persepe

2094 1474 2269 1529 etiam
2303 1475 2533 1548 publice
2562 1482 2619 1533 et
2640 1479 3027 1551 praesentibus
3047 1480 3135 1517 ¹⁵⁹⁶
3166 1481 3528 1540 secularibus
3548 1484 3739 1543 irrita-

2094 1562 2212 1619 bat.
2236 1562 2337 1619 Illo
2360 1564 2583 1622 diutius
2604 1570 3020 1640 perstrepente,
3037 1567 3132 1625 hic
3159 1572 3391 1627 tantum
3412 1571 3550 1628 item
3569 1573 3737 1630 item-

2092 1666 2206 1722 que
2227 1652 2298 1707 ad
2323 1651 2803 1712 satisfaciendum
2825 1659 2991 1712 terrm
3009 1674 3069 1714 se
3087 1660 3373 1728 sternens,
3389 1664 3736 1734 perpetuum

2098 1740 2332 1796 tenebat
2361 1740 2680 1799 silentium.
2715 1743 2859 1800 Cum
2890 1744 2991 1801 ille
3017 1746 3218 1803 crebro
3248 1749 3451 1806 eadem
3484 1750 3740 1809 clamore

2098 1828 2490 1900 ingeminans,
2520 1832 2608 1887 ira
2638 1832 2829 1889 fessus
2865 1834 2993 1904 jam
3037 1838 3095 1889 et
3142 1834 3202 1891 in
3251 1837 3426 1893 verba
3446 1839 3736 1910 deﬁceret,

2089 1915 2345 1973 Joannes
2378 1921 2495 1976 acsi
2538 1919 2922 1977 simulacrum
2971 1921 3098 1978 sine
3141 1940 3279 1980 voce
3324 1924 3423 1981 diu
3456 1925 3739 1986 immotus

2090 2005 2443 2078 persisteret,
2477 2009 2548 2065 ad
2596 2009 2871 2067 ultimum
2901 2009 3277 2085 columpnam
3326 2014 3413 2071 vel
3458 2017 3736 2088 parietem

2089 2098 2429 2167 tangens,et
2460 2103 2523 2153 ut
2548 2099 2632 2155 eis
2662 2099 2856 2171 potius
2882 2100 3058 2157 verba
3086 2118 3263 2174 quam
3288 2103 3399 2160 sibi
3432 2105 3643 2163 faceret
3659 2107 3740 2163 di-

2089 2199 2247 2252 cens,
2272 2202 2302 2241 e
2332 2193 2647 2260 conspectu
2680 2205 2742 2245 se
2775 2188 3152 2263 proripicbat.
3188 2191 3289 2249 Ille
3318 2210 3384 2248 eo
3432 2198 3736 2268 tamquam

2090 2276 2461 2347 contemptus
2482 2275 2794 2344 incensior,
2811 2276 3073 2350 quolibet
3092 2279 3237 2335 forte
3274 2282 3583 2339 residebat.
3601 2284 3740 2342 Inde

2089 2366 2221 2433 post
2246 2363 2551 2434 paululum
2586 2369 2747 2421 motu
2779 2366 3253 2433 subsidente,ubi
3282 2368 3564 2442 placidior
3582 2374 3651 2429 ad
3677 2391 3740 2430 se

2089 2452 2341 2506 mentem
2363 2452 2631 2521 redierat,
2648 2455 2937 2512 secrecius
2957 2457 3157 2511 eodem
3180 2457 3446 2515 Johanne
3464 2461 3736 2531 abducto,

2089 2538 2337 2609 pedibus
2368 2541 2495 2612 ejus
2544 2542 2853 2598 advolutus
2889 2560 2901 2595 :
2936 2566 2962 2592 ‹‹
2995 2544 3269 2601 Occidisti
3312 2547 3431 2603 me!
3458 2572 3484 2597 ››
3522 2548 3734 2608 aiebat.

2088 2625 2233 2682 Cum
2282 2628 2622 2686 Johannes:
2661 2631 2833 2704 «Ego
2879 2631 2937 2686 in
2969 2633 3123 2704 quo?
3153 2633 3436 2691 Patientia
3487 2641 3589 2693 tua
3619 2654 3732 2708 me,

2087 2714 2334 2789 dicebat,
2388 2717 2646 2774 occidit»
2683 2750 2748 2761 -
2784 2736 2796 2772 :
2835 2742 2862 2769 «
2892 2719 3017 2775 Non
3066 2720 3165 2793 ita,
3214 2722 3419 2793 inquid
3469 2723 3599 2792 iste,
3631 2727 3735 2783 sed

2088 2802 2432 2862 animositas
2460 2811 2654 2863 vestra
2680 2825 2781 2883 vos
2812 2808 3043 2864 occidit.
3068 2790 3095 2858 ἶ)
3130 2810 3243 2865 Nec
3288 2790 3735 2883 pluribus,ilites

2087 2891 2219 2948 ilico
2251 2880 2875 2967 rumpebantur.°Nam
2909 2896 3095 2953 isdem
3125 2897 3214 2952 vir
3242 2880 3594 2958 reverendus
3623 2902 3733 2959 hoc

2088 2997 2205 3037 uno
2230 2981 2361 3038 licet
2383 3000 2510 3041 esse
2531 2984 2827 3057 notabilis,
2841 2990 3030 3042 cetera
3053 2986 3342 3060 egregius,
3356 2992 3413 3043 ct
3434 2991 3498 3045 ut
3519 3006 3732 3064 magno

2089 3076 2231 3126 natu
2263 3072 2618 3146 conspicuus
2639 3078 2696 3129 et
2726 3072 2976 3147 insignis
2997 3075 3271 3132 omnibus
3302 3076 3645 3135 habebatur.
3665 3082 3737 3137 Et

2007 3146 2051 3215 C
2090 3156 2198 3214 hos
2227 3159 2386 3231 ipsos
2409 3165 2605 3218 motus
2632 3146 2998 3235 animi,quos
3018 3168 3184 3220 vetus
3214 3164 3406 3221 adhuc
3436 3182 3737 3226 conversa-

2085 3248 2166 3304 tio
2197 3248 2545 3323 integrabat,
2582 3252 2842 3323 prudens
2872 3252 3046 3307 eitius
3076 3254 3502 3326 compescebat,
3527 3255 3735 3314 dolori-

2086 3337 2314 3410 busque
2346 3354 2411 3394 ac
2442 3339 2775 3412 planctibus
2819 3340 3133 3397 uberrimis
3183 3344 3559 3415 postmodum
3608 3363 3735 3405 sese

2086 3426 2399 3483 conﬁciens
2427 3428 2913 3502 condempnabat.

2153 3516 2244 3570 75.
2279 3516 2392 3572 Nec
2418 3516 2702 3573 dissimile
2733 3518 2869 3573 huic
2901 3522 3009 3586 est,
3034 3520 3190 3591 quod
3214 3520 3735 3580 inferimus.Cella-

2085 3602 2239 3659 rium
2269 3604 2395 3676 ipse
2422 3604 2742 3673 Johannes,
2765 3606 3051 3662 Bernacer
3080 3612 3275 3663 autem
3300 3610 3428 3680 jam
3461 3614 3595 3666 ante
3644 3610 3732 3666 di-

2085 3694 2215 3747 ctus
2244 3692 2581 3747 vestiarium
2610 3693 2727 3748 sive
2758 3710 3052 3749 cameram
3084 3695 3333 3751 fratrum
3366 3698 3653 3753 servabat.
3678 3699 3733 3757 Is

2084 3780 2338 3851 quadam
2358 3780 2449 3835 die
2470 3779 2770 3837 cellarium
2794 3781 3231 3853 ingressus,vas
3253 3785 3733 3857 quoddam,quod

2084 3869 2345 3941 imapum
2370 3868 2515 3941 (394)
2543 3868 3022 3941 dicunt,guttulze
3054 3870 3406 3944 excipiendae
3425 3872 3549 3929 vasi
3579 3874 3736 3929 vina-

2085 3958 2170 4012 rio
2225 3956 2595 4029 suppositum
2676 3957 2915 4013 invenit.
2974 3960 3052 4014 Eo
3127 3964 3378 4033 arrepto,
3425 3962 3734 4034 questibus

2084 4046 2413 4102 Johanncm
2458 4062 2754 4118 agressus,
2806 4050 2864 4102 et
2916 4064 3017 4104 vas
3072 4048 3225 4121 quod
3277 4048 3370 4105 sui
3425 4049 3737 4108 ministerii

2085 4138 2239 4190 esset
2253 4150 2358 4189 cur
2377 4133 2459 4189 ita
2480 4134 2771 4207 perditum
2789 4135 3067 4205 dedisset,
3084 4136 3273 4194 multa
3292 4138 3734 4212 congeminans,

2086 4222 2300 4295 illeque
2328 4221 2475 4277 nihil
2502 4222 2706 4279 laesum
2747 4229 3033 4280 assereret
3064 4242 3077 4280 :
3116 4247 3145 4275 ‹‹
3176 4226 3284 4282 Pro
3334 4227 3614 4297 carraria,
3644 4229 3734 4285 in-

2087 4312 2249 4383 quid,
2265 4310 2382 4366 vini
2406 4327 2521 4367 non
2542 4311 2625 4368 sic
2655 4311 3067 4371 attaminatum
3086 4313 3314 4371 vellem.
3339 4337 3367 4365 »
3402 4315 3499 4373 Cai
3521 4316 3736 4375 Johan-

2088 4417 2189 4457 nes
2214 4417 2227 4455 :
2260 4423 2287 4451 ι(
2310 4401 2542 4470 Docem,
2559 4400 2657 4468 ait,
2681 4401 2918 4459 vascula
2949 4402 3312 4475 hujusmodi,
3340 4404 3596 4461 carraria
3617 4421 3735 4462 una

309 4494 457 4551 aliis
486 4490 808 4565 imperatis,
842 4507 1078 4547 summa
1109 4506 1244 4546 cum
1276 4489 1598 4556 alacritate,
1631 4505 1805 4545 morae
1854 4507 1978 4546 nes-
2009 4515 2054 4582 Β
2085 4489 2202 4545 vini
2234 4493 2480 4562 possunt
2501 4490 2795 4562 adquiri.»
2816 4492 2871 4547 Is
2892 4493 3145 4549 domnus
3166 4491 3446 4549 Einoldus
3468 4509 3736 4566 superve-

308 4584 455 4640 cius
488 4580 858 4637 ministravit.
893 4582 1286 4651 Quaecumque
1316 4577 1578 4634 nummis
1603 4578 1691 4633 vel
1742 4578 1977 4651 quibus-

309 4671 469 4728 libet
499 4670 630 4726 aliis
662 4669 836 4725 rebus
867 4667 1161 4741 expendit,
1182 4684 1478 4723 summam
1500 4683 1702 4723 eorum
1723 4666 1785 4722 in
1807 4669 1975 4724 breve

310 4763 590 4816 notatam
615 4757 809 4812 abbati
843 4760 975 4830 post
995 4756 1382 4812 ebdomadam
1415 4759 1515 4810 aut
1543 4772 1805 4811 mensem
1856 4757 1977 4812 red-

310 4847 621 4913 didit,nec
652 4845 849 4901 minus
882 4860 1128 4917 quisque
1157 4843 1518 4900 extrinsecus
1549 4845 1620 4900 de
1659 4843 1978 4902 ratiociniis

308 4936 663 5009 quibusque
694 4932 857 4988 illata
877 4932 1211 5004 recepisset.
1227 4933 1491 5004 Cumque
1511 4932 1764 4989 domnus
1788 4934 1977 4990 Einol-

311 5023 441 5078 dus
470 5021 581 5077 bec
609 5020 812 5077 audire
842 5019 1170 5088 fastidiens,
1187 5020 1325 5093 quia
1354 5018 1501 5075 nihil
1524 5022 1819 5092 superﬂuo
1842 5039 1977 5078 eum

308 5110 652 5184 expendere
682 5108 827 5167 satis
857 5108 1052 5179 sciret,
1068 5126 1185 5166 non
1206 5108 1365 5165 ultra
1386 5108 1497 5165 sibi
1531 5108 1652 5165 haac
1676 5109 1875 5166 referri
1898 5111 1981 5167 in-

2086 4578 2273 4645 niens,
2309 4582 2366 4634 et
2408 4578 2589 4635 altero
2626 4579 2753 4650 jam
2804 4580 3073 4651 abeunte,
3100 4583 3244 4636 dum
3288 4586 3568 4650 extrema,
3604 4598 3733 4655 qua:

2084 4668 2320 4724 vixdum
2344 4668 2554 4723 ﬁniens
2575 4667 2872 4725 Johannes
2894 4667 2976 4724 illi
2998 4668 3228 4726 eminus
3250 4668 3618 4742 loquebatur,
3634 4688 3735 4728 au-

2085 4757 2268 4813 disset
2300 4774 2312 4811 :
2351 4779 2378 4806 ι(
2409 4756 2556 4823 Quid
2592 4757 2718 4824 hoc,
2753 4756 2979 4829 inquid,
3014 4757 3139 4813 est?
3163 4760 3250 4813 An
3299 4757 3669 4815 contenditis.
3701 4782 3731 4811 ››

2087 4846 2191 4903 Illo
2222 4846 2490 4919 protinus
2517 4849 2682 4902 terrm
2713 4849 3038 4918 prostrato:
3068 4867 3095 4895 «
3118 4845 3508 4918 Non,inquid,
3528 4852 3737 4920 praeter

2087 4951 2553 5009 panem,aquam
2584 4938 2641 4990 et
2670 4934 2851 4990 salem
2884 4934 3202 5007 quicquam
3248 4934 3558 5008 percipias,
3590 4937 3733 4992 dum

2088 5024 2385 5080 licentiam
2412 5022 2645 5079 dedero.
2677 5045 2705 5074 »
2738 5021 2916 5078 Jussa
2946 5021 3299 5094 suscipiens,
3322 5040 3426 5080 nec
3456 5023 3568 5096 ipsi
3591 5026 3755 5100 quid~

2089 5113 2368 5182 referens,
2397 5127 2500 5168 nec
2530 5111 2806 5183 cuiquam
2835 5111 3078 5168 verbum
3118 5111 3253 5169 inde
3286 5110 3405 5169 ullo
3438 5113 3612 5169 modo
3645 5114 3737 5170 fa—

1682 5241 1924 5302 VARIIE
1965 5244 2382 5305 LECTIONES.

389 5338 494 5378 1⁸³⁸
522 5339 783 5397 ferentur
810 5357 856 5397 c.
1000 5340 1087 5378 ³⁵³⁸
1114 5339 1419 5414 praesentis
1450 5356 1494 5395 c.

1920 5449 2153 5509 NOTIE.

390 5561 552 5636 (374)
585 5562 853 5621 Fortasse
883 5562 1040 5621 idem
1072 5563 1227 5634 quod
1249 5562 1571 5637 hanapum,
1592 5579 1721 5634 vas,
1753 5563 2094 5624 Germanice
2122 5568 2275 5638 napf.
