4096 6174
362 296 482 356 279
1241 293 1570 356 JOANNIS
1615 289 1942 352 ABBA'I‘IS
1987 287 2051 348 s.
2099 261 2444 354 ARNULFI
2487 286 2899 354 METENSIS.
3653 287 3780 355 280

364 431 548 502 ciens,
580 429 776 486 triduo
807 428 1082 486 continuo
1113 425 1416 484 abstinuit.
1449 426 1519 481 Et
1549 425 1694 480 forte
1720 423 2010 478 tunc'fcr-
2041 423 2096 490 Α
2125 421 2330 482 cedere
2361 429 2568 499 praeter
2589 425 2982 483 inevitabilem
3015 425 3420 485 necessitatem
3449 429 3778 503 perpende-

361 519 688 576 ventissimi
709 523 767 574 et
788 519 915 591 ipsa
935 519 1118 572 estate
1140 515 1264 570 dies
1282 515 1514 568 fuerant
1542 511 2014 586 longissimi,nec
2127 518 2232 582 ret,
2265 513 2371 570 hcc
2399 513 2560 570 velut
2588 514 2832 570 crimini’
2862 515 3104 585 ducens,
3135 516 3370 589 penitus
3417 518 3737 591 respuebat
3762 536 3778 584 ς

363 611 438 667 ob
470 609 530 664 id
563 607 718 664 soliti
748 607 1064 680 quicquam
1097 601 1288 676 operis
1315 602 1708 674 praetermisit,
1727 601 1868 673 quia
1887 600 2014 656 ala-
2125 619 2260 658 cum
2294 607 2489 660 tamen
2524 603 2670 660 nulli
2702 603 2800 660 alii
2832 613 2942 661 usu
2973 622 3198 675 eorum,
3222 605 3440 678 quibus
3461 608 3604 663 forte
3626 623 3783 680 opus

365 697 518 755 crior
545 700 601 752 et
632 695 784 752 celer
803 695 875 750 ad
898 691 1171 748 universa
1200 689 1572 746 discurreret.
1589 691 1734 746 Nam
1756 689 2015 745 valitudo
2126 692 2334 760 fuerat,
2350 693 2835 750 interdiceret.Et
2851 693 2973 767 hac
2994 709 3209 768 magna
3233 695 3292 750 in
3323 713 3389 752 eo
3419 699 3543 751 erat
3563 695 3786 752 discre-

358 785 624 860 corporis
655 785 706 840 ci
729 785 918 856 justa,
948 785 1006 838 et
1041 781 1100 836 in
1128 785 1398 836 neutram
1433 783 1658 852 partem
1690 779 1896 847 nimia,
1927 779 2016 836 fa-
2127 783 2237 849 cio,
2272 785 2339 838 ut
2367 799 2502 838 cum
2535 781 2658 855 ipse
2689 781 2800 839 sibi
2834 786 3105 840 austerus
3135 787 3192 839 et
3229 801 3376 857 pene
3421 783 3787 840 indiscretus

363 873 460 932 cili
492 877 656 931 motu
688 890 791 948 per
820 871 1067 946 gratiam
1099 867 1369 927 celestem
1408 870 1478 925 ad
1514 885 1758 942 quaeque
1789 870 2016 942 agenda
2125 871 2440 939 videretur,
2457 871 2590 928 aliis
2611 889 2783 928 nemo
2806 871 3240 929 misericordior
3269 876 3442 930 esset.
3476 873 3607 947 Ipse
3619 872 3786 944 jeju-

363 964 711 1023 sufﬁeiebet.
2129 978 2298 1029 nans,
2333 959 2480 1018 alios
2510 963 2580 1018 ad
2615 961 2812 1018 cibum
2863 962 3302 1032 cohortabatur;
3338 963 3461 1036 ipse
3497 962 3783 1036 vigilans,

434 1055 527 1110 76.
560 1054 645 1109 Ab
678 1052 899 1108 infimis
925 1066 1158 1123 quoque
1187 1051 1401 1122 probra
1422 1047 1764 1105 mullotiens
1785 1048 2017 1104 inﬁnita
2129 1049 2275 1107 alios
2297 1051 2952 1125 somnumindulgebat;
2978 1051 3104 1126 ipse
3123 1049 3787 1130 laborans,aliosquiete

369 1142 670 1202 sustinuit.
689 1139 798 1198 Alii
828 1157 960 1198 eum
985 1137 1481 1212 hypocritam,alii
1522 1137 1896 1206 avarum,alii
1929 1141 2015 1192 tc-
2127 1137 2490 1208 remittebat;
2515 1141 2640 1214 ipse
2669 1140 2810 1196 dum
2841 1141 3066 1198 balneis
3091 1139 3326 1214 penitus
3355 1141 3680 1210 abstinens,
3706 1139 3785 1197 ab

371 1249 596 1300 nacem,
619 1231 716 1287 alii
751 1230 1141 1286 fraudatorem
1177 1227 1408 1302 publice
1440 1225 1834 1300 appellabant.
1869 1227 2020 1282 Non-
2129 1229 2734 1301 ipsofponversationis
2755 1247 2874 1286 sum
2896 1235 3158 1302 tempore
3181 1246 3504 1302 numquam
3524 1229 3610 1287 eis
3632 1248 3787 1288 usus

369 1321 514 1378 nulli
546 1337 661 1376 non
683 1336 816 1376 eum
841 1317 1105 1374 seculum
1128 1317 1434 1390 reliquisse
1461 1315 2016 1390 ealumpniantes,in
2129 1318 2312 1374 fuisse
2343 1317 2651 1387 diceretur,
2685 1319 2798 1375 nisi
2833 1319 2976 1376 forte
3021 1319 3337 1391 aliquando
3379 1323 3510 1392 post
3538 1321 3783 1393 gravem

373 1411 556 1470 oculis
589 1408 870 1466 familiam
895 1408 1106 1464 domus
1133 1423 1273 1474 suae,
1299 1423 1426 1478 qua:
1448 1423 1584 1462 cum
1605 1409 1790 1462 matre
1823 1421 2017 1461 mona~
2130 1407 2536 1480 aegritudinem
2569 1407 2714 1465 lecto
2745 1408 3080 1482 resurgens,
3115 1407 3163 1464 si
3195 1407 3408 1480 quibus
3431 1411 3626 1464 tamen
3647 1405 3786 1466 aliis

373 1501 548 1558 sterio
589 1497 896 1564 serviebat,
950 1496 1261 1569 ingrebant
1318 1495 1577 1552 dicentes
1611 1512 1623 1550 :
1662 1517 1688 1546 ‹‹
1719 1496 1846 1552 Tua
1902 1494 2019 1552 huc
2129 1500 2506 1568 competeret,
2538 1513 2863 1569 numquam
2895 1496 3238 1570 dampnavit
3263 1493 3350 1552 vel
3381 1493 3700 1552 interdixit.
3737 1483 3786 1553 Ᾱ

371 1588 655 1648 subdolus
688 1585 1050 1653 contraxisti,
1075 1590 1139 1640 ut
1163 1585 1408 1642 liberius
1439 1599 1507 1640 ea
1537 1584 1630 1640 hic
1663 1585 2016 1658 possideres,
2131 1585 2500 1658 perceptione
2529 1585 2644 1642 cibi
2665 1585 2750 1642 vel
2773 1589 2946 1658 potus
2979 1589 3113 1642 ante
3135 1585 3342 1642 horam
3365 1585 3451 1642 vel
3474 1584 3698 1659 postea,
3719 1582 3784 1643 in

368 1683 425 1736 et
445 1678 658 1734 melius
681 1691 858 1749 quam
879 1675 1036 1731 domi
1062 1673 1362 1732 sufﬁceres
1384 1673 1480 1730 hic
1496 1689 1858 1747 procurarcs.
1875 1675 2021 1730 Ecce
2131 1677 2478 1747 perpetuum
2511 1674 2623 1732 sibi
2653 1676 2948 1744 obstrusa,
2976 1673 3228 1743 nullum,
3261 1673 3310 1731 si
3331 1673 3510 1732 causa
3527 1674 3786 1732 infirmi-

365 1775 424 1827 et
452 1781 768 1842 geneceum
801 1764 888 1800 “"7
918 1763 1244 1821 claustrum
1275 1763 1698 1864 monachorum
1739 1764 1948 1820 fecisti.
1983 1786 2011 1814 »
2050 1798 2100 1864 Β
2129 1762 2268 1820 tatis
2287 1763 2542 1837 expetiit,
2562 1763 3066 1864 suspenditiquin
3086 1768 3143 1820 et
3164 1763 3578 1838 aegrotantibus
3598 1761 3785 1864 usuin

365 1859 482 1918 Hoc
511 1860 568 1914 et
596 1855 769 1928 plura
805 1851 866 1909 in
898 1852 1106 1910 faciem
1149 1855 1294 1910 dum
1334 1847 1760 1926 jacularentur,
1795 1853 1922 1927 ipse
1951 1859 2018 1910 ut
2050 1847 2100 1864 "
2130 1853 2397 1910 carnium
2428 1852 2582 1910 ultro
2613 1853 2739 1926 ipse
2766 1851 2980 1910 obtulit
3007 1857 3066 1910 et
3095 1870 3212 1910 non
3243 1857 3481 1926 rogatus
3509 1850 3780 1928 ingessit.

364 1963 540 2020 rupes
561 1944 808 1999 immota
828 1941 1236 2010 manebat,nec
1257 1957 1542 2015 umquam
1574 1941 1868 2015 fuit,quod
1888 1941 2016 2015 qui-
2114 1941 2223 2005 \Sic
2254 1941 2313 1997 in
2334 1941 2618 2011 vestibus,
2633 1941 3046 2010 caltiamentis,
3062 1944 3386 1998 stramento
3407 1941 3620 2011 lectuli,
3635 1938 3784 2000 cuin

363 2037 497 2092 dem
529 2051 564 2090 a
611 2047 909 2106 quoquam
949 2029 1162 2088 rescire
1191 2030 1318 2104 ipse
1347 2031 1660 2104 potuerim,
1693 2031 1796 2103 qui
1825 2048 1894 2087 ex
1919 2048 2018 2088 ore
2127 2029 2254 2104 ipse
2273 2031 2387 2088 sibi
2407 2029 3266 2104 'viliora,abjectoria,parciore
3283 2035 3343 2088 et
3359 2030 3595 2088 duriora
3621 2029 3787 2088 sem-

362 2125 492 2198 ejus
521 2120 1014 2178 contumeliosum
1043 2120 1288 2176 verbum
1311 2117 1594 2178 retulerit.
1615 2121 1686 2176 Et
1713 2120 1826 2176 hoc
1875 2137 2017 2177 sane
2126 2135 2232 2192 per
2259 2118 2519 2194 elegerit,
2534 2119 2744 2178 ceteris
2781 2121 2854 2177 ad
2886 2121 3122 2178 omnem
3153 2119 3380 2194 copiam
3406 2123 3464 2178 et
3491 2123 3788 2194 quantum

363 2211 664 2272 silentium
695 2211 849 2267 inter
876 2209 1160 2266 clamores
1190 2209 1430 2266 tenebat
1460 2207 1700 2265 iratum.
1727 2209 1885 2266 Nihil
1934 2209 2016 2266 ibi
2125 2207 2476 2282 professioni
2519 2227 2634 2266 non
2685 2210 2866 2268 nimis
2891 2209 2980 2246 “‘9’
3022 2211 3304 2279 obstaret,
3335 2207 3697 2286 elegantiora.
3727 2214 3791 2268 et

362 2306 754 2376 praeterquam
784 2303 952 2356 terra:
983 2302 1204 2354 stratus
1230 2296 1460 2354 veniam
1491 2298 1707 2361 tacitus
1748 2298 2014 2372 postula-
2126 2297 2395 2355 molliora
2422 2299 2708 2356 exhibuit.

365 2391 494 2459 bat;
525 2389 682 2462 quod
704 2392 764 2445 et
811 2386 1094 2462 ipsis,qui
1141 2387 1316 2460 longe
1346 2385 1540 2442 ultimi
1575 2385 1777 2444 ordine
1825 2391 2012 2456 erant,
2195 2389 2287 2444 79.
2323 2387 2628 2445 Fallatiam
2665 2387 2950 2445 viciorum
2979 2388 3041 2445 in
3073 2386 3168 2446 his
3198 2388 3644 2464 vigilantlssime
3675 2391 3785 2446 ob-

369 2495 505 2536 eum
537 2478 873 2550 frequenter
898 2475 1104 2534 fecisse
1134 2473 1525 2549 percepimus.
1553 2475 1778 2550 Quippe
1807 2477 1908 2549 qui
1941 2478 2014 2533 ad
2127 2477 2492 2547 servabat,in
2515 2477 2734 2550 quibus
2754 2494 2870 2534 non
2891 2477 3064 2534 facile
3093 2477 3582 2550 cuiquam,etiam
3611 2478 3662 2534 si
3695 2497 3787 2536 es-

371 2568 479 2624 boe
513 2565 777 2623 animum
827 2565 1086 2633 dederat,
1122 2569 1188 2621 ut
1219 2563 1301 2620 nil
1333 2569 1455 2620 tam
1506 2569 1662 2621 esset
1690 2565 2014 2638 abjectissi-
2127 2569 2218 2622 set
2247 2565 2535 2639 superior,
2551 2567 2756 2637 cessit;
2791 2567 2892 2623 sed
2918 2583 3053 2622 mox
3073 2565 3213 2622 vitio
3233 2571 3336 2623 aut
3354 2566 3557 2623 fraude
3577 2584 3787 2640 quem-

367 2672 560 2722 mum,
605 2671 720 2728 quo
770 2671 886 2710 non
935 2670 997 2709 se
1045 2652 1350 2710 ultroneus
1387 2652 1714 2710 inclinaret.
1747 2653 1913 2711 Unde
1957 2659 2018 2711 et
2128 2654 2272 2711 libet
2299 2654 2520 2728 aliquid
2568 2660 2764 2729 petere
2811 2655 3013 2724 sensit,
3048 2654 3403 2712 omnimodis
3450 2650 3785 2730 denegavit.

367 2746 528 2820 ipsas
555 2743 800 2800 latrinas
843 2744 1089 2800 fratrum
1138 2759 1273 2800 eum
1327 2743 1664 2816 frequenter
1708 2761 2012 2818 purgasse,
2125 2743 2271 2799 Cum
2303 2743 2480 2812 enim,
2515 2747 2580 2799 ut
2605 2741 2828 2800 dictum
2859 2741 2968 2814 est,
3000 2744 3114 2801 sub
3145 2741 3406 2800 motibus
3443 2744 3665 2801 irarum
3699 2739 3790 2802 ita

365 2852 480 2892 non
510 2833 702 2890 dubia:
733 2830 868 2890 ﬁdei
896 2831 1155 2888 virorum
1185 2831 1465 2890 relatione
1495 2834 1895 2907 cognovimus.
2127 2835 2329 2888 mutus
2350 2833 2784 2905 quodammodo
2815 2833 3105 2902 existeret,
3126 2832 3226 2890 ubi
3257 2833 3585 2908 corrigendi
3607 2833 3780 2893 locus

430 2925 525 2980 7‘7.
557 2921 620 2980 Si
649 2922 884 2995 quando
913 2938 982 2978 ex
1013 2937 1174 2978 more
1195 2921 1495 2978 communi
1528 2921 1916 2979 ebdomadam
1938 2923 2018 2978 vi-
2125 2921 2454 2990 advenerat,
2488 2921 2570 2978 ibi
2617 2921 2883 2995 linguam
2929 2919 3350 2979 excandescere
3396 2926 3454 2979 et
3501 2921 3560 2979 in
3601 2925 3788 2984 verba

362 3013 447 3070 cis
476 3027 598 3068 suae
628 3012 965 3082 susceperat
984 3007 1044 3064 in
1072 3007 1407 3081 coquinam,
1430 3012 1490 3064 et
1520 3023 1586 3064 ex
1635 3010 2012 3082 consequenti
2124 3009 2337 3066 acriter
2353 3010 2676 3084 pungentia
2692 3009 3018 3067 vehementi
3043 3007 3298 3084 quodam
3319 3014 3536 3068 terrore
3551 3011 3788 3070 videres

363 3097 790 3156 munditiarum
823 3096 1375 3164 faciendarum,non
1398 3097 1518 3153 fere
1547 3097 2013 3170 aliquando,nisi
2054 3168 2088 3174 _
2123 3099 2498 3155 elfundi.Nec
2519 3099 2759 3156 omnino
2781 3098 3193 3172 adulatio,quo
3213 3101 3512 3157 communi
3537 3119 3643 3174 pro
3666 3102 3783 3158 do-

362 3185 557 3262 gravis
586 3201 721 3242 eum
751 3189 1098 3259 occupasset
1120 3168 1664 3252 utilitas,vicariurn
1688 3186 2011 3259 requisivit.
2043 3168 2088 3236 C
2127 3185 2241 3243 lor!
2278 3187 2482 3244 morbo
2531 3187 2796 3260 plerique
2838 3168 3197 3256 laborem—us,
3217 3188 3278 3244 in
3307 3204 3376 3244 eo
3405 3168 3564 3260 quod
3595 3190 3786 3247 foveri

362 3279 492 3350 Ipse
521 3292 737 3349 aquam
787 3293 820 3332 a
868 3279 1043 3349 puteo
1083 3275 1282 3332 hausit
1314 3276 1400 3310 ¹⁵⁹⁸
1449 3275 1717 3344 humero,
1753 3276 2017 3349 coquinae
2127 3279 2326 3348 posset
2352 3275 2622 3332 habebat.
2638 3275 2700 3332 In
2733 3293 2849 3350 quo
2871 3277 2961 3312 ¹⁶⁰⁰
2990 3275 3249 3334 simulet
3276 3273 3790 3336 mendatiimacué

361 3365 584 3422 illatam
637 3365 756 3438 igni
805 3365 1132 3438 suspendit,
1155 3363 1458 3435 legumina
1502 3363 1590 3420 vel
1641 3364 1840 3420 holera
1869 3365 2019 3421 lecta
2127 3363 2244 3421 lam
2279 3369 2343 3420 ut
2371 3364 2621 3438 capitale
2641 3365 2924 3438 quiddam
2955 3365 3248 3434 horrebat,
3265 3370 3331 3422 ut
3350 3365 3400 3423 si
3428 3365 3486 3421 in
3517 3367 3782 3441 gratiam

360 3454 450 3511 vel
481 3453 754 3510 manibus
786 3453 1042 3527 propriis
1072 3452 1309 3508 concisa
1340 3451 1574 3521 infudit,
1592 3452 1752 3522 lavit,
1778 3453 1934 3510 coxit
1961 3457 2019 3511 et
2127 3453 2452 3526 potentium
2485 3452 2684 3526 aliqua
2713 3471 2846 3510 eum
2873 3455 3189 3530 aliquando
3219 3455 3411 3512 dicere
3455 3457 3790 3514 necessitas

365 3541 807 3616 apposuit,vasa
823 3541 1175 3597 refectorum
1195 3539 1356 3596 solus
1371 3539 1749 3609 elavit,necin
1767 3543 2016 3615 pedibus
2124 3540 2236 3598 loci
2269 3547 2372 3598 aut
2417 3542 2700 3615 temporis
2739 3542 3138 3616 compulisset,
3173 3543 3254 3600 ita
3283 3542 3434 3600 inter
3461 3545 3789 3618 utramque

365 3631 612 3688 fratrum
645 3629 1141 3702 abluendis,quod
1161 3632 1284 3686 erat
1305 3629 1644 3700 finitimum,
1659 3629 1822 3687 alteri
1849 3649 2014 3688 man-
2123 3631 2278 3686 ‘viam
2310 3635 2519 3686 cautus
2539 3629 2712 3687 verbo
2732 3629 3042 3700 incederet,
3065 3635 3131 3688 ut
3159 3635 3216 3688 et
3235 3647 3336 3689 eos
3355 3629 3645 3706 quantum
3679 3650 3789 3690 sa-

363 3719 522 3777 davit
548 3717 829 3776 officium.
856 3719 928 3775 Et
952 3717 1062 3776 hoc
1085 3717 1322 3791 quidem
1356 3735 1666 3776 commune
1693 3737 1828 3776 cum
1849 3725 2015 3778 caete-
2123 3719 2200 3775 tis
2223 3723 2374 3776 esset
2403 3717 2780 3788 attolleret,et
2799 3719 3060 3776 veritatis
3099 3719 3350 3777 limitem
3390 3737 3504 3778 non
3531 3723 3788 3782 excede-

363 3809 464 3865 ris.
500 3808 648 3866 Illud
681 3812 878 3865 autem
911 3825 979 3864 ex
999 3825 1098 3865 ore
1127 3809 1256 3881 ejus
1287 3809 1398 3883 ipsi
1433 3809 1822 3883 percepimus,
1856 3813 2012 3884 quod
2125 3811 2230 3864 ret.
2265 3809 2590 3880 Prmterque
2620 3825 2996 3865 communem
3026 3808 3201 3865 hodie
3230 3809 3537 3866 hominum
3567 3809 3786 3868 obser-

359 3899 609 3956 farinam
641 3899 714 3955 ad
746 3916 892 3955 usus
922 3897 1104 3954 totius
1137 3897 1894 3972 congregationis,duorum
1925 3899 2011 3956 vel
2121 3896 2376 3953 vantiam
2419 3896 2516 3952 illo
2547 3897 2864 3970 apostolico
2903 3914 3040 3954 eum
3087 3897 3376 3972 insignem
3419 3899 3504 3956 vel
3553 3895 3784 3970 solum,

357 3986 538 4044 trium
571 3987 926 4054 modiorum,
958 3986 1124 4042 solus
1179 3987 1322 4060 ipse,
1357 4003 1474 4042 uno
1507 3991 1734 4043 tantum
1767 3987 2010 4060 puerulo
2121 3991 2410 4060 quantum
2454 3986 2718 4042 humana
2766 3989 3128 4060 paterentur,
3158 4004 3288 4044 esse
3315 3986 3724 4061 persensimus
3766 4009 3784 4046 :

354 4091 569 4147 aquam
631 4073 994 4144 infundente,
1055 4074 1448 4142 commiscuit,
1503 4075 1891 4145 fermentavit,
1947 4077 2006 4132 in
2119 4067 2332 4150 Siquis
2363 4079 2426 4131 in
2473 4075 2630 4132 verbo
2679 4093 2790 4132 non
2835 4075 3080 4148 offendit,
3113 4077 3202 4133 hic
3241 4079 3512 4150 perfectus
3559 4086 3640 4135 est
3690 4082 3790 4136 uir

354 4178 616 4220 massam
649 4163 904 4238 subegit,
933 4163 1148 4220 sudore
1171 4162 1353 4220 nimio
1377 4163 1434 4218 in
1471 4163 1757 4221 formulas
1789 4183 2006 4238 panum
2119 4163 2254 4236 (Jac.
2289 4181 2374 4232 ιιι,
2405 4165 2484 4236 2).
2634 4173 2642 4178 ‘

352 4249 816 4326 expressit,dum
839 4249 1162 4326 pistoribus
1194 4268 1370 4324 opera
1391 4252 1618 4324 reliqua
1647 4254 2002 4311 succederet.
2187 4255 2278 4309 80.
2311 4251 2556 4327 Vigilias
2588 4253 2660 4310 ab
2683 4252 2915 4325 jejunia
2945 4253 3006 4309 in
3038 4271 3105 4310 eo
3137 4253 3452 4328 przedicare
3467 4254 3518 4312 si
3540 4271 3790 4328 cepero,

350 4343 422 4398 Et
451 4340 560 4397 hoc
592 4339 786 4410 multi,
811 4339 1083 4414 quamvis
1103 4339 1161 4394 in
1187 4339 1443 4398 conclavi
1476 4339 1627 4396 clam
1649 4341 1924 4400 omnibus
1948 4343 2004 4400 id
2116 4343 2383 4398 omnium
2406 4341 2507 4414 qui
2539 4359 2671 4399 eum
2697 4347 2985 4398 noverunt
3015 4361 3117 4399 ora
3143 4345 3236 4400 m'e
3265 4341 3784 4416 oppriment,cum

350 4428 551 4504 egerit,
600 4432 737 4486 nota
773 4429 1031 4502 quadam
1085 4428 1278 4484 nimim
1325 4429 1629 4502 parcitatis
1668 4431 2002 4502 inurcbant,
2115 4430 2208 4486 vix
2237 4430 2575 4504 quempiam
2607 4431 2788 4504 hujus
2811 4431 2998 4488 aetatis
3023 4431 3122 4505 qui
3146 4430 3198 4489 ei
3221 4431 3276 4488 in
3302 4432 3396 4488 his
3419 4433 3642 4506 aequari
3676 4452 3785 4508 po-

349 4535 487 4576 cum
520 4517 618 4574 ille
649 4517 821 4575 fidele
850 4517 1082 4574 Christo
1112 4517 1494 4591 mancipium,
1530 4537 1602 4575 ne
1633 4521 1772 4592 quid
1809 4539 2002 4578 rerum
2033 4539 2083 4605 Β
2115 4519 2292 4576 tuerit
2320 4519 2602 4588 extitisse,
2631 4519 2902 4576 concordi
2935 4537 3142 4577 omnes
3171 4519 3458 4578 miraculo
3486 4521 3782 4581 clament.

350 4604 687 4664 monasterii
719 4603 1029 4680 deperiret,
1061 4605 1297 4680 pervigil
1350 4606 1704 4680 observaret,
1737 4613 1794 4664 et
1843 4611 1999 4681 quod
2035 4603 2067 4605 ν
2113 4607 2378 4682 Cumque
2409 4612 2690 4682 perpetua
2717 4625 2864 4682 pene
2909 4607 3004 4664 lex
3050 4609 3102 4666 ei
3151 4613 3324 4678 esset,
3359 4615 3493 4683 post
3538 4610 3796 4684 vigilias

347 4695 542 4768 majus
589 4711 656 4751 ac
699 4694 894 4752 verius
937 4697 1048 4762 est,
1099 4710 1278 4752 causa
1325 4694 1560 4752 sudoris
1609 4697 1699 4752 sui
1743 4697 1998 4770 praemiis
2113 4701 2588 4770 quantacumque
2611 4697 3010 4771 profunditate
3029 4699 3289 4756 noctium
3306 4704 3468 4757 actas
3488 4715 3788 4760 somnum

343 4783 678 4842 calestibus
708 4781 1080 4839 munerandi.
2110 4786 2168 4842 in
2201 4785 2392 4842 lucem
2415 4803 2603 4859 usque
2637 4786 2880 4854 nescire,
2915 4786 3150 4845 audires
3180 4787 3344 4844 illum
3379 4787 3438 4844 in
3472 4783 3786 4862 illo,quod

411 4874 504 4928 78.
535 4873 639 4930 Sui
668 4869 857 4946 ipsius
888 4887 1091 4928 curam
1129 4887 1309 4944 quam
1360 4871 1592 4928 minimi
1645 4873 1896 4941 duxerit,
1931 4892 2000 4932 ex
2110 4891 2238 4932 mos
2269 4874 2446 4931 habet
2477 4875 2844 4932 monasticus
2873 4875 3029 4932 inter
3060 4881 3416 4934 nocturnum
3445 4881 3505 4932 et
3525 4874 3792 4934 matuti-

342 4959 438 5018 his
465 4961 611 5018 satis
643 4964 832 5034 potest
885 4959 1188 5032 perpendi.
1240 4961 1414 5016 Cibos
1460 4960 1760 5032 lautiores,
1805 4967 1998 5020 vestes
2110 4964 2238 5019 nale
2268 4963 2548 5031 officium,
2583 4963 2910 5032 intervallo,
2932 4965 3093 5023 vario
3123 4966 3239 5022 huc
3276 4965 3534 5038 illucque
3566 4983 3792 5038 perre-

346 5049 1328 5124 splcndidiorcs,calciamentorum
1351 5049 1539 5106 nitore
1553 5051 1806 5118 m,strati
1839 5051 1991 5106 mol-
2109 5058 2271 5124 ptare
2301 5049 2612 5120 curriculo,
2646 5057 2704 5108 et
2735 5052 2794 5108 in
2847 5069 3071 5110 morem
3119 5053 3246 5127 apis
3294 5053 3558 5127 psalmos
3589 5045 3793 5114 tacito

339 5137 554 5208 liciem,
597 5138 944 5194 balnearum
995 5137 1274 5206 fomenta,
1327 5137 1892 5195 medicamentorum
1934 5139 1992 5195 in
2106 5137 2410 5197 murmure
2450 5140 2726 5198 continue
2758 5141 3125 5209 revolvendo,
3157 5160 3314 5200 nunc
3359 5142 3515 5200 circa
3558 5132 3798 5203 altaria.

341 5229 564 5286 morbis
580 5226 915 5301 quibusque
930 5226 1346 5299 ingruentibus
1359 5226 1826 5297 adibitionem,et
1837 5214 2007 5302 quic-l
2105 5245 2297 5302 genua
2319 5229 2569 5297 ﬂeclere,
2585 5247 2743 5286 nunc
2774 5229 3084 5303 paululum
3112 5232 3420 5290 residendo
3441 5248 3579 5288 mox
3599 5250 3799 5292 exur-

339 5318 485 5390 quid
507 5315 748 5374 omnino
777 5315 849 5370 ad
877 5313 1137 5388 corporis
1159 5315 1416 5388 aliquam
1439 5315 1881 5375 delectationem
1906 5335 1996 5374 ac-
2102 5334 2258 5390 gere,
2293 5322 2351 5374 et
2397 5317 2743 5392 aliquandiu
2793 5323 2970 5387 stare,
3003 5320 3265 5395 itemque
3309 5317 3589 5398 egrbssus
3641 5321 3796 5382 ce'lo

1697 5459 1940 5516 VARle
1979 5451 2398 5518 LECTIONES.

415 5581 503 5617 “9"
535 5597 886 5653 egeneceum
918 5599 964 5636 c.
1081 5581 1168 5617 15°“
1201 5581 1406 5640 hausis
1435 5599 1481 5638 ε.
1599 5586 1686 5622 ¹⁵⁹⁰
1718 5587 1792 5640 ita.
1826 5585 1986 5642 Labb.
2022 5571 2290 5653 correxit;
2318 5585 2516 5644 minus
2547 5603 2592 5642 c.
2629 5585 2718 5636 “20°
2740 5593 2810 5660 qo
2841 5603 2886 5643 ι’.
