4096 6174
393 214 512 282 283
1273 215 1598 280 JOANNIS
1641 212 1974 279 ABBATIS
2019 213 2084 276 S.
2121 212 2462 278 ARNULFI
2507 211 2916 278 METENSIS.
3685 213 3818 276 284

395 323 498 382 Ille
531 320 631 396 qui
653 319 1016 380 oboedientiae
1040 321 1285 380 limitem
1315 322 1644 397 transgredi
1667 339 1782 378 non
1805 321 1916 390 “06,
1948 338 2036 376 se-
2068 319 2124 387 Α
2153 319 2370 376 rimum
2401 323 2904 394 gravabatur,non
2937 326 3135 379 tamen
3168 324 3233 377 ut
3262 320 3576 394 quisquam
3599 337 3816 378 eorum

395 411 510 470 mel
521 413 982 485 juraverat,mox
1002 412 1230 484 incepto
1252 411 1703 476 renuntiat,etin
1720 410 1915 466 divina
1931 415 2046 466 uta
2153 409 2262 464 hoc
2290 409 2379 466 vel
2410 409 2612 466 leviter
2641 412 3018 482 persentiret;
3044 427 3182 467 nam
3205 411 3278 466 ad
3307 427 3540 466 omnem
3573 411 3816 484 copiam

393 501 682 575 principio
715 519 777 557 se
807 505 994 557 totum
1025 500 1374 570 transponit.
1403 501 1680 556 Prwterca
1705 499 1962 573 Gregorii
1982 499 2041 554 in
2151 497 2236 554 eis
2249 503 2538 570 quantum
2560 498 2772 555 vellent
2788 517 2904 555 non
2927 499 3343 572 deerat,etipse
3354 517 3489 556 cum
3509 501 3597 556 eis
3618 500 3817 556 multa

393 591 774 648 Jezechielem
816 589 998 644 multo
1047 605 1161 644 usu
1193 587 1446 656 detrivit,
1481 593 1546 643 ut
1574 605 1720 661 pene
1748 588 2040 644 memoria:

393 680 838 736 commendasse
895 678 1190 732 videretur
1267 677 1352 732 Ad
1412 693 1708 732 summam
1775 679 2040 749 ejusdem

391 783 776 841 quiscumque
805 770 1002 822 essent
1030 765 1184 821 beati
1211 765 1494 838 Gregorii,
1527 765 1698 822 unice
1728 773 1937 839 praeter
1956 785 2042 823 ce-

390 862 514 912 tera
545 855 848 929 amplexus
873 860 981 910 est.

462 947 550 1001 84.
583 947 953 1018 Quamquam
987 961 1102 1000 non
1133 943 1284 1000 inter
1313 944 1435 1000 haec
1464 943 1593 999 vitae
1645 944 2038 1000 conversatio-

390 1051 496 1090 nes
522 1034 610 1090 vel
643 1034 800 1089 dicta
828 1049 1337 1106 quorumcumque
1367 1039 1726 1100 sanctorum,
1761 1033 2040 1106 peculiari

391 1123 526 1178 stilo
549 1123 620 1180 de
639 1121 723 1178 eis
747 1121 1218 1194 conscripta,non
1251 1139 1386 1176 eum
1410 1121 2042 1195 prmterierint,quippe

391 1213 490 1285 qui
519 1229 586 1267 ex
605 1211 820 1284 ipsisin
845 1227 1020 1266 usum
1046 1211 1279 1283 proprie
1300 1211 1754 1268 conversationis
1775 1227 2040 1266 normam

391 1301 502 1357 sibi
545 1299 934 1372 assumpserit
983 1299 1326 1367 Antonium,
1360 1298 1627 1364 Paulum,
1662 1299 2040 1370 Ililarionem,

390 1389 777 1454 Macharium,
812 1387 1214 1455 Pachomium,
1247 1393 1305 1443 et
1335 1387 1590 1460 reliquos
1618 1387 1839 1444 heremi
1863 1391 2043 1444 secta-

387 1483 562 1546 tores,
593 1483 722 1533 tum
768 1476 1087 1532 Martinum
1141 1477 1468 1532 maximum
1513 1481 1570 1533 et
1600 1476 2038 1534 sanctissimum

389 1567 750 1641 episcopum,
776 1567 1133 1622 Germanum
1166 1567 1236 1620 ad
1274 1565 1383 1620 hoc
1413 1569 1470 1621 et
1499 1583 1906 1638 quoscumque
1937 1583 2038 1622 au-

2143 587 2514 660 jucunditate
2544 593 2601 644 et
2639 588 3130 644 condescensione
3183 605 3311 644 sese
3366 590 3724 662 gaudentem
3753 592 3817 645 et

2151 693 2377 734 comem
2403 678 2462 734 in
2493 677 2770 734 omnibus
2799 677 3243 734 exhibebat.Sed
3261 677 3402 733 dum
3427 679 3814 750 postmodum

2150 767 2560 839 spiritualibus
2582 767 2917 840 quibusque
2929 766 3634 839 colloqueretur,dolcndo
3649 767 3816 839 inge-

2151 855 2436 924 minabat,
2461 873 2526 912 se
2555 873 2883 929 numquam
2901 856 2982 912 ita
3004 855 3355 913 secularium
3375 857 3810 912 conversationi

2149 945 2234 1000 vel
2268 947 2338 1001 ad
2371 947 2540 1002 breve
2570 963 2744 1018 posse
2777 946 3078 1013 interesse,
3112 944 3255 1018 quin
3288 944 3510 1018 aliquid
3557 946 3631 1000 de
3664 962 3812 1000 con-

2150 1039 2316 1091 sueto
2346 1033 2458 1090 sibi
2491 1035 2664 1090 modo
2695 1034 3152 1091 conversationis
3181 1034 3536 1106 deperderet,
3559 1035 3816 1106 insuper

2149 1127 2206 1178 et
2236 1139 2432 1179 rerum
2459 1124 2704 1179 fratrum
2739 1122 2910 1196 plura
2935 1122 3152 1178 invitus
3182 1122 3704 1195 expenderet.Nam
3725 1123 3814 1178 ita

2149 1211 2515 1267 familiariter
2541 1211 2789 1278 dicebat,
2819 1212 2960 1267 dum
3017 1210 3428 1268 sermocinatio
3483 1211 3812 1284 aliquando

2147 1299 2429 1356 incideret
2457 1301 2529 1356 de
2559 1300 2838 1356 fratribus
2859 1319 2950 1356 res
2974 1299 3113 1356 loris
3134 1299 3662 1373 curantibus,quod
3684 1317 3810 1356 non

2148 1395 2270 1446 tam
2301 1390 2504 1446 crebro
2539 1407 2638 1446 eos
2673 1407 2778 1462 per
2811 1407 2874 1446 se
2893 1407 2964 1446 ea
2993 1405 3164 1462 agere
3195 1389 3510 1462 expediret,
3537 1393 3598 1444 et
3623 1389 3811 1445 verbo

2150 1479 2345 1550 potius
2377 1477 2664 1535 ministris
2693 1477 2859 1534 laicis
2891 1478 3260 1546 mandarent,
3283 1476 3513 1550 ipsique
3539 1476 3810 1534 claustro

2147 1583 2212 1623 se
2235 1565 2602 1622 cohiberent:
2627 1589 2653 1616 ‹‹
2677 1567 2878 1634 Nemo,
2903 1566 3200 1639 inquiens,
3225 1564 3536 1638 aliquando
3561 1582 3660 1622 me
3683 1581 3812 1622 ma-

387 1655 646 1712 sterioris
664 1655 792 1710 vitae
817 1653 1216 1728 perlegerat,si
1249 1659 1514 1727 tempore.
1543 1659 1899 1728 paterentur,
1914 1655 2032 1710 for-
2073 1691 2120 1756 Β
2149 1655 2238 1728 gis
2269 1654 2516 1712 caninas
2545 1655 2751 1724 extitit,
2783 1660 2840 1711 et
2869 1654 2969 1728 qui
3002 1654 3136 1728 plus
3165 1654 3393 1710 tenatiaa
3427 1659 3808 1728 argueretur,

385 1745 538 1802 sitan
561 1749 907 1816 attemptare
927 1742 1262 1811 moliretur;
1282 1744 1438 1816 quod
1462 1743 1660 1816 utique
1681 1760 1750 1800 ex
1776 1760 2031 1816 eaquam

387 1834 714 1908 arripuerat
739 1831 1122 1902 castigatione
1143 1831 1395 1887 dabatur
1415 1832 1719 1904 conjicere.
1737 1835 1919 1900 Quem
1942 1837 2034 1890 ta-

387 1940 520 1978 men
541 1921 647 1978 etsi
681 1922 740 1977 in
771 1920 1070 1976 laboribus
1100 1919 1394 1992 corporeis
1425 1919 1741 1994 disparem,
1770 1920 1830 1977 in
1850 1921 2034 1977 virtu-

384 2011 547 2068 tibus
559 2009 767 2066 animaa
787 2025 904 2064 non
918 2010 1034 2065 fere
1045 2008 1227 2064 alium
1243 2009 1433 2081 magis
1445 2010 1709 2082 ipsorum
1729 2010 2029 2078 aemulum,

385 2103 647 2156 nostram
676 2097 892 2154 vidisse
920 2101 1332 2164 mtatem,certo
1364 2099 1622 2170 proferre
1640 2115 1756 2154 non
1776 2099 2031 2171 trepida-

383 2189 588 2246 verim.
609 2185 896 2244 Johannis
921 2187 1230 2259 cujusdam
1260 2185 1633 2242 Alexandrini
1667 2186 2028 2260 patriarchzs,

383 2293 558 2350 quem
589 2275 946 2332 Eleimonem
978 2275 1416 2348 cognominant,
1449 2281 1615 2331 actus
1646 2293 1791 2348 pene
1811 2293 2030 2333 memo-

386 2365 484 2422 riae
518 2364 862 2431 retinens,in
884 2363 1160 2420 omnibus
1182 2364 1298 2420 fere
1319 2364 1692 2420 sermonibus
1710 2381 1844 2420 eum
1865 2370 2032 2438 grata

383 2460 441 2512 et
470 2454 662 2511 amica
689 2451 996 2510 dulcedine
1026 2452 1358 2518 reducebat,
1395 2452 1819 2526 audientesque
1865 2471 1933 2510 ex
1962 2471 2029 2510 eo

381 2543 571 2601 multa
599 2540 937 2600 attentionis
967 2541 1251 2597 suavitate
1283 2540 1586 2597 retinebat.

452 2635 542 2690 85.
568 2633 638 2688 Et
666 2629 806 2704 quia
835 2631 907 2686 de
937 2629 1186 2701 singulis
1218 2628 1490 2702 persequi
1519 2645 1828 2702 operosum
1851 2631 2028 2688 nimis

379 2723 885 2792 videtur,quorum
917 2735 1031 2773 non
1065 2719 1256 2773 minor
1283 2734 1420 2774 eum
1453 2717 1698 2776 scientia
1725 2720 1811 2776 vel
1843 2721 2030 2776 imita-

381 2811 460 2866 tio
492 2810 902 2876 assuefaceret,
927 2807 1069 2862 illud
1099 2805 1382 2863 miraculo
1405 2807 1680 2864 omnibus
1702 2813 1844 2877 erat,
1869 2809 2023 2880 quod

382 2917 517 2956 cum
538 2899 600 2955 in
631 2897 725 2954 his
755 2901 984 2952 tantum
1017 2895 1270 2952 exercitii
1302 2895 1562 2964 haberet,
1583 2896 1799 2952 nichilo
1829 2903 2024 2954 tamen

379 3002 765 3060 quiscumque
784 2983 844 3039 in
872 2985 1046 3040 rebus
1076 2983 1458 3039 exterioribus
1479 2985 1706 3056 agenda
1725 2989 1922 3042 essent
1937 3003 2024 3042 re-

2149 1749 2206 1801 et
2239 1761 2436 1800 revera
2464 1743 2564 1816 qui
2598 1745 2829 1816 parcior
2851 1745 2936 1780 ιδοθ
2970 1743 3112 1800 foris
3141 1748 3315 1811 esset,
3338 1743 3660 1800 dummodo
3681 1760 3812 1800 mo-

2145 1833 2398 1890 nasterio
2431 1837 2644 1900 totum,
2668 1839 2734 1889 ut
2754 1849 2902 1906 opus
2925 1849 3054 1889 esse
3083 1832 3413 1899 cernebam,
3445 1831 3810 1888 convehere-

2144 1926 2259 1978 tur.
2284 1922 2394 1977 Sed
2428 1938 2774 1994 numquam,
2808 1921 3038 1994 inquid,
3070 1920 3231 1994 potui
3265 1924 3484 1976 tantam
3513 1920 3809 1977 adbibere

2142 2010 2526 2084 diligentiam,
2561 2014 2626 2065 ut
2656 2010 2935 2083 quociens
2965 2026 3101 2065 cum
3131 2009 3217 2065 eis
3246 2009 3490 2080 comedi,
3522 2025 3642 2064 non
3677 2009 3808 2066 fere

2143 2103 2305 2155 tanta
2333 2100 2966 2172 expenderem,quanta
2999 2097 3276 2154 fratribus
3307 2095 3490 2154 diario
3513 2105 3804 2156 consueto

2143 2188 2651 2245 suiﬁcerent.Gum
2683 2187 2841 2244 enim
2872 2187 3140 2260 quilibet,
3175 2187 3404 2260 inquid,
3433 2187 3660 2244 viantes
3684 2187 3806 2260 pri-

2141 2281 2408 2332 vatorum
2431 2294 2533 2333 seu
2558 2278 2870 2348 majorum,
2897 2277 2946 2332 si
2964 2275 3066 2350 qui
3099 2275 3158 2331 in
3191 2275 3290 2331 illa
3315 2275 3402 2331 vel
3436 2275 3537 2331 illa
3561 2293 3800 2348 posses-

2141 2365 2326 2434 sione,
2358 2382 2486 2438 qua:
2518 2371 2674 2422 esset
2695 2365 3057 2432 monasterii,
3092 2382 3161 2421 ex
3191 2364 3496 2421 monachis
3534 2365 3816 2438 adesset,_

2140 2455 2560 2528 perquirerent,
2595 2461 2660 2512 ut
2693 2457 2838 2512 forte
2867 2471 2961 2510 me
3001 2455 3082 2512 ibi
3141 2457 3566 2527 compererant,
3598 2455 3800 2526 specie

2139 2543 2434 2600 salutandi
2467 2544 2835 2612 divertentes,
2869 2562 2986 2602 non
3018 2559 3274 2616 congrue
3303 2542 3553 2614 inrogati
3584 2559 3800 2598 mensa

2139 2636 2407 2705 poterant
2435 2632 2789 2706 ablegari.Et
2809 2633 2894 2690 sic
2916 2631 3120 2704 utique
3151 2649 3266 2688 non
3297 2636 3563 2704 poteram
3590 2631 3796 2687 obser-

2136 2737 2290 2789 vare,
2323 2725 2388 2776 ut
2417 2737 2646 2792 queque
2702 2722 2951 2778 fratrum
3012 2721 3153 2778 foris
3211 2725 3395 2788 erant,
3425 2719 3514 2775 vel
3544 2737 3797 2792 quaeque

2135 2826 2372 2882 quoquo
2405 2809 2638 2883 ingenio
2669 2809 3150 2883 adquirebantur,
3185 2809 3427 2882 integre,
3452 2812 3518 2864 ut
3547 2799 3792 2864 anim'us

2135 2904 2278 2969 erat,
2314 2899 2668 2956 monasterio
2698 2900 3052 2956 inferrentur
3069 2901 3176 2955 "0°.

2205 2991 2295 3044 87.
2331 2989 2395 3044 In
2427 2987 2573 3061 ipsis
2595 2989 2860 3060 judiciis,
2887 2990 2998 3046 etsi
3029 2991 3102 3046 ab
3134 2988 3430 3062 aliquibus
3460 2991 3788 3055 notaretur,

379 3056 686 3142 mittebat,
701 3073 841 3146 quin
865 3073 1021 3128 circa
1067 3071 1294 3128 diversa
1325 3071 1659 3128 discurrens
1688 3079 1745 3128 et
1775 3074 2023 3147 singulis
2055 3056 2100 3122 (ἶ
2137 3056 2506 3132 rectitudinis
2536 3056 2622 3132 vel
2639 3076 2885 3148 justitiaa
2915 3075 3162 3132 limitem
3194 3056 3530 3132 nullatenus
3553 3075 3792 3132 excede-

378 3162 724 3220 ordinandis
755 3165 1042 3233 praecepta
1062 3159 1684 3228 constituens,omnem
1707 3162 1884 3219 totius
1906 3180 2027 3220 mo-

378 3249 617 3308 nasterii
636 3249 695 3305 in
717 3253 838 3305 tam
869 3247 1296 3320 multiplicibus
1326 3248 1552 3306 artibus
1567 3249 1652 3306 vel
1674 3250 1883 3307 officiis
1900 3269 2021 3308 rem

378 3346 616 3398 strenue
636 3337 1263 3410 procuraret.Cumque
1280 3337 1719 3410 possessionum
1738 3346 2026 3398 monaste-

377 3430 449 3485 rii
481 3427 753 3484 universa
780 3425 839 3481 in
871 3442 1006 3482 eum
1037 3441 1180 3482 cura
1213 3426 1596 3494 recumberet,
1629 3445 1798 3485 rarus
1827 3433 2022 3487 tamen

376 3517 458 3574 illi
483 3518 555 3574 ad
584 3533 684 3572 eas
715 3531 1042 3588 processus,
1077 3514 1390 3587 potiusque
1412 3515 1485 3571 de
1515 3515 1642 3587 ipso
1671 3517 2023 3576 monasterio

377 3622 606 3681 queque
635 3603 778 3660 foris
821 3603 1044 3676 agenda
1073 3608 1271 3660 essent
1299 3604 1578 3671 dictabat,
1609 3605 1882 3678 brevique
1913 3608 2022 3664 sub

375 3700 634 3768 tempore
651 3691 938 3768 ministris
957 3691 1459 3758 evocatis,mensis
1473 3696 1576 3748 aut
1589 3710 1681 3748 am
1692 3692 1844 3766 plius
1865 3697 2022 3766 quod

375 3784 488 3858 ipsi
517 3783 813 3856 expletum
845 3783 1128 3838 referrent
1168 3780 1450 3836 edicebat.
1480 3782 1626 3836 Cum
1674 3783 2024 3840 eminentior

373 3873 648 3946 quaelibet
679 3887 857 3928 causa
885 3885 1020 3926 cum
1051 3869 1478 3937 extraxisset,et
1504 3870 1576 3925 ad
1611 3887 1821 3927 causas
1853 3889 2023 3943 agen-

373 3963 479 4018 das
509 3961 762 4017 residere
790 3975 924 4016 eum
959 3957 1278 4014 necessitas
1309 3957 1664 4030 impulisset,
1697 3958 1756 4014 id
1801 3965 2020 4032 quanto

373 4050 548 4106 citius
577 4047 817 4118 ncgocia
847 4063 1040 4102 rerum
1073 4045 1414 4119 paeiebatur
1441 4046 2018 4116 acceleratum,festi-

375 4155 508 4204 nus,
552 4137 845 4192 interdum
896 4151 1128 4207 quoque
1167 4135 1252 4170 ¹⁶⁰⁷
1285 4151 1389 4190 nec
1421 4152 1694 4207 pransus,
1728 4141 2019 4193 monaste-

375 4226 528 4284 rium
561 4227 874 4298 repetebat.
909 4224 968 4280 Si
1003 4223 1238 4296 quando
1296 4224 1437 4280 foris
1493 4241 1730 4282 manere
1788 4243 1880 4282 res
1920 4231 2023 4282 aut

373 4320 610 4388 tempus
639 4313 912 4386 exigeret,
937 4311 997 4367 in
1028 4315 1315 4384 quantum
1337 4316 1562 4384 poterat
1582 4313 1708 4385 cybi
1739 4313 1823 4371 vel
1847 4320 2019 4387 potus

2134 3163 2376 3220 bat.Ubi
2399 3164 2675 3238 superbia
2701 3165 2788 3222 vel
2820 3165 3189 3222 contumacia
3217 3164 3505 3237 quosdam
3537 3163 3792 3236 supinos

2132 3251 2220 3308 vel
2251 3254 2510 3310 effrmnes
2541 3253 2892 3322 reddiderat,
2927 3255 3068 3310 dum
3117 3257 3332 3326 equata
3380 3253 3526 3308 forte
3577 3251 3790 3309 ceteris

2133 3340 2282 3399 colla
2312 3339 2676 3416 refringeret,
2709 3343 2886 3399 etiam
2920 3343 2969 3400 si
3011 3343 3404 3416 potentiorum
3461 3341 3793 3415 patrocinia

2133 3430 2247 3487 sibi
2279 3447 2482 3503 parare
2511 3433 2946 3502 contenderent,
2963 3431 3124 3488 nullo
3147 3434 3370 3506 poterat
3387 3430 3790 3487 inclinari.Ad

2135 3519 2192 3574 id
2225 3519 2464 3574 demum
2495 3523 2618 3576 tota
2648 3519 2760 3576 sibi
2790 3522 3094 3594 spectabat
3121 3519 3679 3592 intentio,quicquid
3694 3521 3793 3593 ju-

2135 3607 2295 3664 stitia
2315 3607 2668 3680 adquireret,
2691 3612 2880 3665 totum
2899 3609 3148 3666 ﬁdeliter
3167 3607 3520 3666 monasterio
3539 3609 3787 3678 inferre;

2133 3700 2194 3752 et
2221 3695 2366 3752 illud
2395 3695 2614 3770 optime
2643 3697 2900 3766 cavit,ne
2931 3697 3202 3755 sacculus
3233 3697 3573 3753 monasterii
3603 3695 3791 3769 quali-

2133 3783 2232 3839 bet
2262 3799 2542 3855 umquam
2574 3783 2691 3840 doli
2722 3785 2808 3840 vel
2840 3785 3187 3840 miserorum
3220 3783 3422 3839 fraude
3440 3781 3529 3838 vel
3548 3782 3791 3838 calami-

2131 3875 2250 3927 tate
2271 3871 2795 3928 contaminaretur.
2825 3871 3217 3928 IEstimaverit
3238 3871 3491 3944 quisque
3514 3871 3674 3943 quod
3694 3887 3792 3926 ve-

2133 3959 2218 4029 lit,
2250 3978 2357 4034 ego
2388 3965 2547 4017 certa
2575 3961 2690 4018 fide
2740 3961 2920 4018 libere
2970 3961 3492 4035 pronuntiaverim,
3525 3959 3698 4016 illum
3730 3962 3794 4015 et

2132 4066 2364 4122 semper
2409 4048 2605 4106 odisse
2653 4049 3024 4122 iniquitatem
3073 4054 3133 4107 et
3173 4049 3414 4117 cavisse,
3447 4053 3505 4104 et
3533 4046 3789 4105 Domino

2129 4153 2370 4210 gressus
2387 4139 2516 4209 ejus
2537 4139 2862 4194 secundum
2878 4137 3177 4212 eloquium
3199 4137 3630 4210 dirigente,non
3651 4152 3788 4192 eam

2130 4225 2215 4281 illi
2233 4231 2520 4298 quantum
2535 4227 2796 4284 humana
2807 4219 3560 4300 paciebanturdominalam
3576 4223 3784 4281 fuisse.

2130 4315 2239 4382 Qui
2270 4315 2468 4372 usuris
2497 4332 2631 4372 eum
2665 4315 3062 4384 inservisse,et
3084 4317 3194 4372 sub
3215 4315 3408 4388 specie
3436 4311 3788 4372 monasterii

373 4419 708 4460 mensuram
723 4399 1077 4457 monasterio
1098 4399 1330 4455 solitam
1348 4399 1855 4458 continebat.Nam
1880 4406 2023 4459 stra-
2052 4424 2097 4490 ι)
2131 4403 2552 4460 necessitatum
2583 4404 2748 4461 lucra
2775 4406 3188 4488 undecumque
3217 4403 3514 4460 aestimant
3539 4420 3791 4476 congcs-

371 4499 467 4549 tus
487 4508 814 4564 numquam
830 4488 1094 4563 regulam
1117 4489 1514 4556 commutavit,
1537 4493 1602 4543 ut
1620 4489 1883 4561 plumam
1907 4491 2019 4548 sibi

373 4581 668 4637 ullatenus
688 4583 896 4652 praeter
925 4575 1099 4649 capiti
1131 4581 1361 4632 tantum
1393 4577 1691 4634 substerni
1722 4579 2018 4650 permitte-

371 4672 475 4726 ret.
509 4668 670 4734 Quod
701 4685 770 4722 ex
800 4665 928 4740 ipso
959 4664 1241 4739 magistro
1273 4681 1379 4720 suo
1409 4665 1626 4720 domno
1647 4665 2020 4739 Einoldo,qui

371 4774 439 4814 ex
470 4757 616 4828 ipsis
643 4755 836 4811 iniciis
868 4755 978 4810 hoc
1006 4753 1069 4808 in
1100 4756 1276 4809 tinem
1317 4769 1507 4824 usque
1555 4752 1714 4808 domi
1763 4755 2022 4827 forisque

371 4845 710 4913 servavit,ut
729 4860 858 4901 vere
884 4841 1213 4915 discipulus
1243 4840 1466 4898 doctori
1487 4856 1840 4913 regenerans
1861 4843 2020 4914 pedi-

372 4937 484 4992 bus
513 4939 602 4991 est
631 4935 1005 4990 subsecutus.

439 5027 528 5080 86.
562 5023 675 5080 Sed
708 5027 766 5079 et
783 5021 844 5078 in
866 5019 1012 5094 ipsis
1035 5017 1300 5093 prandiis
1321 5016 1677 5075 seoularium
1699 5035 1878 5076 causa
1899 5021 2022 5094 plu-

2135 4491 2302 4562 sisse,
2334 4509 2403 4549 ex
2433 4497 2665 4549 suomet
2693 4492 2861 4549 illum
2891 4492 3127 4566 ingenio
3159 4491 3501 4548 metiuntur.

2199 4584 2288 4636 88.
2303 4581 2430 4637 Non
2453 4582 2607 4654 quod
2631 4581 2690 4636 in
2715 4598 2780 4638 eo
2809 4581 2924 4638 tale
2945 4581 3073 4653 quit
3097 4583 3199 4637 aut
3226 4581 3480 4638 viderint
3501 4583 3602 4637 aut
3623 4586 3790 4640 certo

2130 4669 2464 4726 didicerint.
2498 4671 2919 4728 Commodabat
2953 4669 3224 4743 equidem
3256 4669 3512 4742 plurima
3541 4674 3600 4726 et
3631 4669 3788 4726 reci-

2131 4757 2349 4832 piebat,
2370 4762 2580 4815 cautus
2611 4776 2684 4816 ne
2713 4775 2828 4832 quo
2857 4759 2991 4815 dolo
3021 4758 3351 4815 debitorum
3377 4758 3698 4827 falleretur,
3729 4765 3793 4816 et

2131 4847 2458 4904 secundum
2483 4847 2617 4904 illut
2648 4847 2830 4905 Persii
2856 4847 3006 4920 (396)
3038 4864 3052 4905 :

2263 4981 2460 5032 Doctus
2489 4985 2542 5032 et
2571 4983 2638 5032 ad
2667 4981 2888 5033 calicem
2916 4981 3160 5046 vigilanti
3189 4983 3406 5032 stertere
3438 4993 3594 5038 naso,

1719 5161 1961 5220 VAaus
2001 5143 2419 5226 LECTIONES.

443 5274 532 5310 “0°
563 5272 623 5328 in
655 5288 700 5328 ο.
744 5272 830 5307 ίθοτ
854 5285 982 5342 qqc.
1026 5268 1114 5304 ¹⁶⁰⁸
1145 5267 1367 5340 partior
1395 5284 1442 5324 c.
1487 5267 1576 5304 ¹⁶⁰⁰
1604 5266 1932 5328 inferantur
1961 5291 2008 5330 ε.

1953 5397 2188 5457 NOT/E.

446 5497 591 5568 (396)
623 5495 743 5552 Imo
768 5491 1067 5553 Juvenalis
1099 5491 1218 5548 Sat.
1253 5507 1296 5560 ι,
1325 5491 1414 5549 57.
