4098 6170
233 196 337 259 285

1116 195 1218 256 DE
1260 194 1448 257 VlTA
1491 192 1819 257 JOANNIS
1863 191 2190 257 ABBA’I‘IS
2237 195 2726 259 GORZIENSIS.

3501 202 3619 264 286

230 329 375 403 quod
406 327 514 384 iste
534 326 759 385 meliori
781 332 1105 384 mutaverat
1119 326 1858 402 arte,utprudensdispen-
1889 326 1945 394 Α
1972 327 2225 383 durabili
2248 330 2452 386 robore
2482 331 2793 404 compegit.
2818 332 3002 388 Taceo
3032 349 3274 389 coronas
3304 337 3424 389 tam
3453 333 3621 391 lumi-

232 424 379 474 sator
406 417 711 473 dominicae
735 417 1097 485 substantiae,
1113 435 1349 473 summa
1365 416 1655 473 industria
1674 418 1867 473 obser-

230 508 409 573 vabat,
445 524 516 562 ne
543 506 681 579 quid
728 523 923 562 rerum
976 507 1315 562 monasterii
1363 508 1686 579 deperiret;
1717 505 1863 560 illud

230 613 355 669 sepe
387 596 458 651 de
488 595 661 651 dictis
693 594 843 650 beati
868 595 1125 668 Gregorii
1146 596 1218 651 ad
1235 597 1528 668 quendam
1550 595 1862 651 diaconum

228 703 309 742 res
337 684 765 741 ecclesiasticas
795 689 1099 740 curantem
1130 701 1598 741 commemorans
1634 701 1646 738 :
1676 707 1702 733 ‹‹
1728 684 1859 751 Res,

226 774 428 846 inquit,
463 774 549 829 hae
573 790 676 828 nec
707 790 849 829 mea:
877 777 1015 829 sunt
1048 790 1153 829 nec
1174 780 1322 842 tum;
1352 774 1435 828 ita
1456 791 1579 845 age,
1597 778 1663 828 ut
1680 774 1749 827 de
1772 771 1863 828 his

225 865 267 920 ei
298 864 470 935 cujus
490 867 628 919 sunt
649 863 935 919 rationem
958 863 1319 919 redditurus.
1342 885 1368 911 ››
1392 863 1451 920 Si
1472 863 1858 928 frumentum,

224 953 438 1019 vinum,
468 952 576 1020 sal,
609 951 697 1007 vel
728 968 1114 1024 quaecumque
1146 953 1216 1008 ad
1247 951 1445 1007 cibum
1490 950 1859 1024 pertinentia,

226 1038 488 1095 similiter
498 1039 568 1093 ad
583 1037 858 1094 vestitum
874 1039 1693 1109 commodabantur,ejusdem
1708 1056 1863 1094 men-

223 1146 365 1185 surae
393 1127 480 1183 vel
515 1127 860 1200 quantitatis
894 1130 1366 1201 reposcebanlur,
1403 1133 1467 1184 ut
1499 1128 1643 1183 nihil
1684 1146 1864 1201 supra

222 1215 562 1290 exigeretur.
593 1215 913 1287 Argentum
946 1216 1201 1288 pondere
1238 1217 1401 1288 justo
1449 1218 1860 1273 commodaba-

221 1309 313 1361 tur
344 1306 465 1373 mo;
500 1321 605 1360 nec
636 1303 832 1378 ipsum
871 1306 1027 1377 quod
1080 1310 1316 1362 moneta
1353 1306 1489 1377 jure
1537 1309 1858 1378 extorquet,

220 1394 512 1450 ullatenus
543 1393 870 1466 petebatur,
906 1395 1004 1451 sed
1041 1399 1330 1467 quantum
1377 1397 1509 1468 quis
1541 1394 1862 1468 accipiebat

220 1487 314 1539 aut
345 1484 541 1551 dabat,
575 1499 742 1555 aequa
770 1482 934 1541 lance
966 1484 1403 1539 refundebatur.

279 1574 377 1630 89.
412 1574 557 1629 Nam
589 1591 658 1629 ex
686 1572 987 1630 laboribus
1018 1590 1293 1648 agrorum
1323 1574 1409 1630 vel
1449 1574 1769 1641 vinearum,
1802 1574 1861 1630 in

1974 434 2117 472 noso
2152 417 2372 491 fulgore
2404 436 2438 474 a
2465 418 2842 491 laquearibus
2866 421 3280 493 dependentes,
3320 422 3620 495 lampades

1973 503 2118 561 loris
2143 510 2199 560 et
2232 507 2538 563 ordinibus
2568 510 2688 562 tam
2712 509 2795 542 ¹⁶¹¹
2821 509 3100 578 diversas,
3121 510 3469 566 candelabra
3494 513 3620 565 tan-

1972 597 2168 650 torum
2194 597 2518 667 ponderum
2551 613 2617 651 ac
2640 596 2987 668 specierum,
3015 598 3188 654 simul
3213 616 3346 655 cum
3371 599 3464 654 his
3483 616 3623 655 vasa

1972 700 2120 756 pene
2150 684 2275 740 sine
2305 685 2562 750 nomine,
2594 686 2793 741 omnia
2822 691 3062 759 argento
3103 687 3287 743 solido
3333 689 3619 760 perfecta;

1973 773 2043 828 ad
2081 772 2357 828 ultimum
2383 790 2801 845 campanarum
2821 791 2948 829 eam
2972 792 3099 847 qua:
3120 776 3329 832 visitur
3347 781 3404 832 et
3427 794 3625 832 nume-

1974 860 2273 916 rositatem
2301 866 2358 915 et
2386 863 2817 931 enormitatem,
2852 868 3157 935 ceteraque
3205 882 3446 937 operum
3495 866 3624 937 ejus

1972 948 2250 1021 insignia,
2285 949 2503 1020 quibus
2535 950 2961 1021 peritissimum
2993 951 3142 1020 ejus,
3168 956 3233 1007 ut
3260 957 3383 1007 erat
3413 952 3472 1007 in
3507 970 3626 1008 om~

1972 1036 2145 1093 nibus
2179 1039 2293 1092 fere
2324 1036 2570 1103 artibus,
2604 1037 2816 1093 enituit
2845 1038 3167 1110 ingenium.

2041 1127 2130 1181 91.
2166 1129 2287 1191 Quo
2316 1126 2518 1197 utique
2556 1131 2614 1181 et
2640 1126 2982 1181 memoriam
3034 1127 3546 1199 praeterlabuntur,
3569 1134 3626 1183 et

1972 1216 2022 1270 si
2052 1232 2164 1286 que
2196 1215 2504 1270 succedere
2534 1218 2803 1286 possunt,
2830 1214 3101 1287 persequi
3133 1219 3625 1287 temptavero,nec

1972 1320 2211 1375 prorsus
2233 1304 2304 1357 ad
2327 1302 2676 1375 explendum
2693 1303 3318 1376 sufﬁcietpauperrimi
3336 1303 3624 1359 sermonis

1971 1393 2277 1466 angustia;
2313 1397 2374 1448 ot
2404 1393 2461 1447 in
2485 1396 2711 1447 tantam
2743 1409 2811 1447 ea
2841 1393 3158 1448 exuberant
3180 1393 3624 1466 copiam,utetsi

1972 1483 2043 1538 ab
2077 1481 2273 1553 aliquo
2298 1480 2540 1537 forsitan
2574 1484 2815 1554 possent
2846 1479 3144 1553 explicari,
3178 1499 3295 1537 non
3326 1482 3625 1538 cdificato-

1972 1570 2118 1625 riam
2143 1570 2612 1637 oblectationem,
2646 1570 2747 1625 sed
2770 1574 2836 1625 ut
2858 1570 3043 1625 nostri
3077 1587 3269 1626 mores
3287 1570 3407 1627 scio
3429 1570 3623 1637 etatis,

221 1664 438 1735 quibus
467 1680 703 1719 summa
733 1668 856 1719 arte
888 1662 1253 1736 praecellebat
1285 1680 1637 1736 summoque
1666 1664 1862 1720 studio
1894 1695 1941 1761 Β
1970 1659 2255 1716 tediosam
2288 1659 2541 1761 omnino.
2563 1658 2820 1761 facerent
2856 1657 3194 1761 lectionem.
3222 1659 3383 1715 Unde
3414 1661 3485 1715 ad
3516 1658 3630 1716 alia

218 1755 337 1807 erat
371 1749 672 1820 assiduus,
704 1749 763 1804 in
789 1753 1013 1805 tantam
1045 1750 1349 1823 suppellex
1396 1750 1735 1807 monasterii
1769 1767 1862 1805 co-

217 1838 368 1912 piam
395 1838 446 1893 ei
480 1837 677 1893 divina
704 1842 1053 1910 cooperante
1097 1838 1290 1911 gratia
1338 1838 1773 1905 exuberaverat,
1809 1840 1874 1891 ut

218 1926 375 1983 nulla
404 1943 539 1982 eum
572 1926 779 1998 inopiae
813 1942 990 1981 causa
1018 1926 1089 1981 ad
1122 1926 1345 1999 aliquid
1379 1943 1582 1983 eorum
1615 1925 1877 1999 impelle-

217 2022 313 2085 ret,
350 2015 497 2089 quin
526 2014 723 2088 potius
753 2032 821 2070 cx
858 2013 1005 2088 ipsis
1052 2016 1355 2071 laboribus
1412 2033 1547 2073 cum
1591 2015 1874 2071 fratribus

214 2105 582 2161 abundanter
622 2108 1014 2175 superessent,
1048 2104 1305 2177 plurima
1350 2106 1689 2162 venundata
1740 2104 1870 2176 qui-

214 2195 579 2265 buscumque
611 2192 788 2249 rebus
814 2191 900 2248 vel
925 2193 982 2247 in
1002 2194 1392 2266 praesentibus
1413 2194 1498 2251 vel
1524 2196 1581 2250 in
1604 2195 1869 2250 futurum

212 2280 584 2356 proventuris
614 2281 1003 2337 sufficiebant.
1040 2283 1178 2339 Inde
1208 2288 1266 2339 et
1287 2301 1379 2340 res
1404 2283 1596 2339 omnis
1628 2284 1874 2339 familia-

213 2373 287 2430 ris
319 2372 616 2439 alebatur,
650 2376 707 2427 et
736 2371 969 2427 ornatui
1011 2373 1200 2428 multa
1246 2375 1721 2447 suppeditabant.
1756 2374 1870 2430 Nec

211 2460 321 2516 alia
353 2463 527 2514 erant
557 2458 607 2514 ei
641 2476 835 2514 rerum
870 2459 1281 2533 temporalium
1311 2460 1494 2531 lucra,
1517 2479 1696 2534 quam
1722 2479 1869 2535 opus

212 2549 367 2604 ruris
418 2552 657 2604 strenue
698 2565 981 2618 exercere,
1011 2550 1251 2620 salinas,
1294 2568 1421 2623 qua:
1472 2569 1591 2608 una
1638 2557 1867 2610 tantum

208 2642 378 2710 parte
409 2636 665 2710 regionis
694 2636 882 2710 ipsius
906 2656 1019 2711 quo
1040 2639 1219 2695 Vicus
1241 2640 1386 2713 (397)
1410 2641 1630 2697 dicitur
1655 2640 1870 2699 haben-

208 2730 326 2791 tur,
363 2728 653 2793 extruere,
688 2729 753 2780 ut
782 2724 839 2780 in
873 2725 998 2782 loco
1030 2727 1233 2783 eodem
1261 2727 1458 2800 plures
1487 2745 1635 2800 quas
1666 2728 1871 2785 dicunt

206 2812 639 2887 patellas,parti
652 2830 707 2869 m
729 2830 797 2869 ex
810 2813 1033 2887 integro
1050 2832 1184 2871 cum
1204 2815 1349 2889 ipsis
1366 2817 1604 2874 sedibus
1616 2823 1866 2890 emptas,

208 2903 435 2976 partim
468 2920 581 2975 que
599 2901 753 2974 juris
783 2905 1122 2960 monasterii
1155 2911 1321 2961 erant
1353 2908 1868 2979 reparatas,multo

208 2992 346 3049 usui
382 2993 772 3064 imposterum
797 2994 1132 3065 profuturas
1156 2995 1470 3066 paraverit;
1496 3012 1632 3050 cum
1654 2995 1869 3051 molen-
1896 2984 1901 2987 δ

1984 1764 2191 1803 censeo
2224 1747 2672 1803 transeundum.
2699 1746 2811 1802 Sed
2839 1764 2908 1802 ne
2933 1747 3077 1803 forte
3096 1747 3229 1819 quis
3252 1766 3431 1821 supra
3451 1763 3628 1825 quam

1984 1853 2077 1893 res
2106 1854 2169 1892 se
2199 1837 2455 1892 habeant
2486 1836 2545 1891 in
2575 1836 2756 1907 hujus
2775 1835 2884 1891 viri
2902 1837 3154 1892 favorem
3174 1838 3308 1893 ferri
3328 1856 3434 1894 nos
3458 1838 3630 1894 tacite

1983 1926 2295 1994 denotet,ei
2310 1926 2417 1981 hec
2433 1943 2547 1998 quc
2563 1925 2700 1981 huic
2724 1923 3106 1982 asscribimus
3139 1927 3405 2001 magistri
3427 1925 3630 2000 pocius

1983 2023 2196 2073 cuncta
2206 2017 2474 2085 fuisse,id
2488 2034 2858 2090 nequaquam
2872 2017 3112 2073 abnuim
3122 2019 3398 2086 us,immo
3414 2020 3493 2075 ita
3503 2038 3632 2077 esse

1982 2106 2153 2178 plane
2182 2106 2500 2163 eiferimus.
2531 2108 2809 2179 Ejusdem
2841 2106 2996 2163 enim
3029 2110 3214 2181 patris
3258 2113 3317 2165 et
3363 2110 3630 2184 magistri

1981 2194 2181 2250 domui
2199 2194 2812 2266 Einoldijussionibus
2832 2201 2889 2251 et
2909 2196 3274 2253 ordinatione
3287 2203 3634 2272 cunctaper-

1982 2282 2461 2351 ficiebantur,nec
2474 2282 2694 2355 aliquid
2708 2283 2803 2339 hic
2818 2284 3133 2356 aliquando
3153 2288 3371 2342 temere
3391 2287 3503 2342 arri
3511 2288 3632 2360 pie-

1980 2370 2099 2441 bat,
2126 2371 2237 2428 nisi
2260 2373 2414 2444 quod
2449 2388 2546 2427 ore
2570 2370 2729 2429 illius
2752 2372 2940 2445 primo
2971 2375 3203 2430 exisset.
3218 2373 3433 2432 Verum
3458 2376 3633 2434 citius

1980 2460 2071 2517 bis
2094 2460 2722 2534 occurritur,quoniam
2748 2461 2900 2516 facta
2918 2462 3341 2535 discipulorum
3359 2464 3415 2519 in
3430 2465 3634 2524 laudes

1980 2554 2312 2609 redundant
2342 2551 2848 2625 magistrorum,et
2880 2568 2983 2607 nec
3006 2552 3131 2626 ipse
3151 2554 3403 2609 domnus
3421 2556 3635 2612 Johan-

1978 2658 2084 2698 nes
2116 2643 2186 2697 ad
2222 2659 2283 2697 se
2312 2657 2596 2712 umquam
2620 2638 2901 2712 quicquid
2924 2645 3122 2713 egerat
3140 2641 3589 2714 replicabat,sed
3617 2664 3629 2700 :

1978 2732 2069 2786 Sic
2118 2733 2252 2803 ipse,
2284 2729 2577 2801 inquiens,
2600 2729 2790 2800 jussit,
2818 2731 2895 2785 ita
2942 2737 2994 2785 et
3038 2746 3321 2803 exsequor.
3356 2732 3465 2787 Sed
3517 2750 3631 2788 non

1978 2818 2051 2873 ob
2084 2817 2140 2871 id
2173 2816 2283 2872 iste
2312 2832 2516 2888 expers
2547 2831 2789 2888 Operum
2810 2816 3130 2875 eorundem
3155 2817 3362 2873 merito
3386 2818 3631 2889 dicetur,

1979 2907 2069 2962 cui
2102 2906 2268 2961 labor
2321 2909 2476 2961 Lotus
2514 2904 2766 2972 sudavit,
2801 2903 2900 2960 illo
2950 2904 3169 2961 dictata
3224 2910 3633 2966 tantummodo

1978 2995 2174 3050 dante.
2200 2993 2346 3061 Quid
2374 3011 2505 3049 vero
2528 2991 2681 3048 inter
2698 3010 3028 3065 quosquam
3052 2993 3185 3050 hinc
3208 2995 3427 3051 frustra
3455 3014 3635 3053 causa

207 3082 371 3137 diuis
390 3080 736 3137 fluminibus
751 3098 928 3138 causa
944 3082 1193 3155 piscium
1212 3083 1867 3157 obcludendis,piscinis
1899 3071 1942 3138 C
1977 3084 2364 3151 contrahitur,
2398 3099 2530 3138 cum
2564 3082 2715 3137 inter
2744 3083 2904 3155 ipsos
2926 3087 3135 3140 neuter
3156 3083 3348 3139 neutri
3370 3085 3511 3156 quid
3536 3085 3636 3140 ali-

209 3171 458 3244 privatis
482 3170 776 3243 parandis,
798 3170 1077 3245 gregibus
1107 3176 1528 3241 armentorum,
1552 3175 1866 3247 pecudum,

208 3262 410 3317 avium
428 3259 883 3317 domesticarum
910 3279 1013 3318 seu
1037 3261 1382 3335 agrestium,
1398 3266 1524 3318 tum
1546 3280 1780 3336 quoque
1798 3265 1873 3320 fe-

208 3366 414 3405 rarum
449 3347 677 3405 alendis
700 3348 939 3418 instare,
956 3356 1021 3405 ut
1038 3351 1511 3424 quibuscumque
1531 3350 1737 3409 usibus
1757 3354 1869 3410 fra-

208 3444 370 3494 trum
402 3443 509 3494 aut
537 3438 1299 3509 infirmorum,extrinsecus
1331 3458 1584 3514 quoque,
1608 3442 1694 3498 vel
1726 3461 1870 3515 pras-

210 3529 475 3585 sentium
510 3527 600 3583 vel
649 3529 1205 3601 supervenientium,
1240 3532 1311 3586 ad
1361 3547 1593 3587 omnem
1642 3549 1874 3606 semper

210 3618 444 3690 copiam
478 3620 830 3689 superesset.

272 3704 683 3778 90.Magistris
695 3706 909 3761 artium
934 3707 1299 3763 diversarum
1314 3708 1724 3780 undecumque
1736 3725 1871 3765 con-

208 3794 695 3866 ductis,primum
725 3793 1047 3851 claustrum
1083 3813 1253 3852 muro
1292 3796 1350 3851 in
1404 3797 1644 3852 modum
1697 3797 1874 3853 castri

210 3882 480 3954 undique
500 3882 930 3956 circumsepsit,
965 3885 1121 3956 quod
1152 3884 1442 3957 hodieque
1474 3903 1589 3941 non
1632 3886 1873 3941 modum

212 3971 557 4039 munitioni,
591 3973 691 4027 sed
720 3977 779 4028 et
806 3973 855 4028 si
887 3990 1035 4045 opus
1076 3974 1152 4029 sit
1197 3974 1619 4048 oppugnationi
1669 3975 1875 4032 adesse

210 4061 593 4134 perspicitur.
608 4061 826 4118 Deinde
846 4063 1098 4119 officinis
1130 4063 1483 4121 intrinsecus
1506 4064 1871 4132 necessariis,

209 4150 501 4222 quoniam
532 4150 909 4223 antiquarum
941 4153 1107 4208 ruine
1136 4153 1433 4225 patebant,
1456 4154 1597 4210 dum
1629 4170 1697 4211 ex
1728 4171 1873 4211 novo

212 4244 612 4311 resurgerent,
639 4240 853 4295 institit
882 4240 1231 4297 indefessus.
1250 4243 1401 4298 Tum
1420 4243 1659 4298 demum
1680 4243 1873 4298 decori

208 4329 434 4384 domus
457 4327 557 4384 Dei
580 4329 639 4385 in
658 4329 902 4386 diversis
922 4336 1402 4387 ornamentorum
1421 4332 1735 4405 generibus
1757 4336 1877 4388 stu-

209 4416 388 4472 dium
420 4416 653 4488 adjecit.
669 4417 869 4487 Pallia,
885 4419 1249 4476 diversorum
1262 4435 1546 4492 generum
1561 4420 1871 4490 velamina,

210 4503 270 4561 in
304 4522 461 4560 usus
484 4522 679 4561 sacros
706 4506 866 4563 varia
914 4506 1280 4577 indumenta,
1316 4512 1382 4564 ut
1412 4508 1875 4566 sacerdotalibus

210 4591 571 4650 ministeriis
601 4592 764 4648 nulla
782 4594 1072 4663 deessent,
1090 4598 1216 4651 tum
1233 4599 1291 4650 et
1311 4612 1447 4651 vasa
1468 4595 1676 4651 usibus
1694 4612 1881 4653 sacro-

210 4699 352 4738 rum
388 4699 458 4737 ex
485 4686 744 4755 argento,
778 4683 977 4739 omnia
1005 4700 1178 4757 opere
1208 4683 1395 4741 solido
1426 4688 1601 4758 atque
1630 4684 1879 4760 eleganti

212 4769 472 4843 paran’t.
504 4769 642 4826 inde
687 4775 744 4827 et
787 4773 1055 4828 tumbam
1111 4771 1369 4829 martiris
1428 4790 1722 4847 agressus,
1756 4781 1879 4833 tam

212 4860 416 4931 ipsam
448 4876 625 4931 quam
648 4877 1033 4934 quazcumque
1056 4862 1115 4916 in
1137 4860 1383 4918 diversis
1413 4862 1684 4920 oratoriis
1714 4870 1882 4922 erant

211 4947 457 5014 altaria,
470 4947 771 5005 lamminis
794 4949 1085 5025 argenteis
1103 4968 1245 5007 auro
1267 4952 1542 5009 decenter
1557 4953 1878 5028 insignitis,

213 5038 293 5093 ad
329 5036 443 5093 hoc
472 5041 529 5093 et
557 5039 866 5096 ambonem
898 5038 1193 5113 evangelio
1225 5040 1520 5098 recitando
1551 5044 1798 5115 operuit,
1824 5050 1882 5101 et

1979 3173 2215 3245 quando
2255 3171 2683 3227 disconveniret
2726 3170 3028 3229 invenerit.
3065 3172 3232 3228 Pater
3279 3191 3454 3235 suum
3504 3191 3634 3231 esse

1981 3262 2137 3334 quod
2170 3261 2344 3327 ﬁlius,
2364 3258 2519 3315 ﬁlius
2542 3259 2819 3332 quicquid
2843 3259 2968 3332 ipse
2989 3277 3243 3335 congrue
3265 3265 3462 3335 egerat
3482 3263 3631 3335 patri

1981 3349 2311 3422 reputabat.
2345 3347 2461 3404 Nec
2492 3348 2898 3419 conjunctiora
2928 3365 2962 3404 a
2991 3334 3205 3405 seculis
3235 3334 3464 3406 Christo
3484 3334 3633 3408 teste

1982 3439 2145 3511 paria
2175 3436 2285 3491 sibi
2318 3436 2659 3492 convenisse
2691 3437 2933 3492 fatebor.
2958 3436 3016 3492 Si
3040 3437 3458 3508 creditur,lidei
3482 3457 3633 3496 mer-

1982 3543 2078 3582 ces
2106 3529 2295 3593 certa;
2330 3525 2419 3579 sin
2455 3524 3033 3598 minus,nobis,quod
3055 3531 3210 3583 certo
3232 3527 3633 3601 cognovimus,

1983 3619 2140 3671 certo
2171 3618 2229 3669 et
2260 3614 2516 3686 proferre
2541 3630 2712 3668 nemo
2744 3613 3056 3671 obstiterit.

2052 3704 2141 3758 92.
2180 3705 2324 3759 Cum
2357 3719 2524 3758 mens
2555 3701 2742 3758 multa
2770 3707 3131 3774 suggerat,et
3156 3705 3227 3759 ad
3265 3705 3542 3777 specialia
3571 3724 3637 3761 ac

1983 3790 2305 3865 singularia
2336 3791 2590 3862 quedam
2625 3789 2811 3863 ipsius
2841 3792 3131 3863 tangenda
3155 3792 3281 3863 jam
3317 3793 3637 3864 impaciens

1985 3898 2099 3938 non
2120 3879 2463 3947 retineat,de
2480 3878 2607 3952 lege
2618 3878 2982 3950 jejuniorum
3002 3897 3180 3951 quam
3195 3880 3306 3935 sibi
3328 3881 3633 3950 indixerat,

1984 3969 2122 4044 quia
2152 3986 2331 4042 supra
2361 3985 2508 4041 pene
2529 3966 2941 4040 praeterieram,
2967 3985 3145 4040 quam
3167 3969 3417 4025 breviter
3437 3974 3636 4043 potero

1983 4058 2148 4130 prius
2179 4054 2566 4129 perstringere
2597 4053 2788 4127 cupio.
2826 4055 2888 4111 In
2921 4054 3047 4128 ipso
3078 4074 3212 4113 mox
3242 4057 3636 4114 conversionis

1983 4146 2169 4213 initio,
2194 4149 2380 4201 totum
2403 4145 2677 4216 deinceps
2701 4147 3223 4219 tempus,exceptis
3243 4146 3406 4203 festis
3430 4146 3637 4205 diebus

1981 4236 2069 4292 vel
2100 4234 2403 4291 occasione
2433 4232 2685 4305 alicujus
2713 4232 3069 4291 inevitabilis
3100 4252 3238 4291 cure
3269 4236 3527 4309 corporis
3549 4236 3635 4292 vel

1983 4323 2323 4380 infirmitate
2370 4339 2473 4377 seu
2523 4320 2823 4393 hospitum
2872 4322 3384 4391 condescensione,
3408 4322 3635 4394 jejunio

1983 4413 2354 4486 disposuerat
2382 4408 2669 4466 dedicare.
2693 4411 2855 4476 Quod
2886 4414 2944 4466 et
2974 4411 3413 4484 aliquandiu,et
3432 4411 3637 4466 robore

1983 4503 2177 4559 adhuc
2198 4498 2526 4573 juventutis
2555 4503 2613 4555 et
2645 4498 2890 4572 pristina
2933 4500 3072 4557 olim
3105 4500 3164 4557 in
3196 4501 3391 4558 seculo
3422 4500 3639 4557 fiducia

1988 4588 2412 4664 castigationis,
2444 4587 2722 4644 vivaciter
2769 4588 2977 4658 tenuit,
3029 4594 3087 4645 et
3133 4593 3439 4662 tamquam
3490 4588 3637 4645 nihil

1988 4679 2226 4739 omnino
2256 4681 2620 4751 gravaretur,
2651 4680 2717 4734 ut
2746 4677 2869 4734 leve
2899 4677 3182 4750 quiddam
3216 4696 3322 4734 nec
3359 4679 3475 4734 fere
3506 4695 3636 4735 sen-

1988 4772 2161 4838 tiens,
2196 4767 2333 4842 agili
2364 4783 2623 4839 corpore,
2649 4766 2820 4822 corde
2839 4766 3123 4838 vultuque
3145 4766 3360 4823 lmtiore
3381 4766 3637 4839 peregit;

1989 4861 2201 4932 hisque
2222 4858 2429 4914 diebus
2443 4854 2589 4912 nihil
2603 4859 2811 4928 printer
2822 4872 3033 4928 panem
3052 4857 3320 4912 sumebat
3331 4860 3387 4911 et
3398 4872 3635 4927 aquam,

1990 4955 2048 5007 et
2076 4950 2136 5005 in
2167 4948 2313 5021 ipsis
2343 4960 2576 5018 quoque
2605 4943 2765 4999 omni
2797 4944 3079 5017 parcitate
3109 4944 3394 5010 adhibita,
3430 4948 3493 4999 ut
3522 4960 3637 4998 non

1989 5043 2109 5098 fere
2139 5038 2272 5111 plus
2304 5033 2614 5092 medietate
2636 5032 2805 5106 panis
2827 5032 2930 5105 qui
2950 5032 3174 5105 integer
3195 5031 3347 5089 libra
3367 5030 3643 5107 appendi-

1578 5169 1820 5227 VARIzE
1859 5164 2279 5228 LECTIONES.

295 5276 389 5311 ¹⁶¹⁰
419 5279 905 5338 commodabatur
935 5282 985 5338 1.
1018 5282 1107 5339 vel
1137 5284 1612 5341 commutabatur
1642 5287 1703 5340 in
1729 5304 1906 5359 marg.

1674 5411 1907 5470 NOT/E.

302 5480 453 5551 (397)
484 5480 608 5537 Vic.

1988 5286 2071 5322 i6“
2098 5296 2234 5361 gem
2267 5281 2343 5334 0.?
