4098 6170
473 242 588 305 287

1344 241 1668 305 JOANNIS
1711 239 2040 302 ABBATIS
2086 239 2150 302 S.
2199 238 2544 302 ARNULFI
2586 238 3004 302 METENSIS.

3761 241 3884 304 288

469 363 569 436 tur
597 378 844 454 caperet,
877 393 1040 449 aquae
1072 391 1304 449 quoque
1343 374 1611 432 similiter
1654 374 1808 430 ultra
1857 371 2116 430 medium
2147 349 2202 439 λ
2231 373 2522 430 seculares
2543 373 2790 429 arbitros
2808 387 2936 430 esse
2957 373 3597 447 cavebat.Quamquam
3623 373 3805 448 igitur
3825 378 3886 433 et

470 485 760 528 mensura:
773 486 901 542 qua:
920 465 1197 523 fratribus
1214 463 1528 537 apponitur
1541 462 1778 532 vini,vix
1797 462 2112 535 quicquam

471 559 746 617 adiceret.
781 556 952 624 Salis,
985 556 1300 612 herbarum
1345 552 1681 620 virentium,
1717 555 1817 607 aut
1864 550 2115 624 alicujus

469 648 700 716 talium,
733 663 861 720 quas
895 642 1327 702 abstinentibus
1357 659 1471 698 non
1499 639 2113 714 interdicuntur,quic-

468 755 645 810 quam
678 737 912 810 penitus
944 750 1048 789 nec
1081 732 1438 806 adtingebat.
1472 731 1589 788 Hoc
1619 735 1676 786 et
1705 730 1829 804 ipse
1859 731 2114 786 domnus

467 827 766 893 Einoldus,
801 826 942 882 dum
972 825 1098 897 ipse
1129 840 1192 880 se
1225 822 1422 895 ipsum
1471 819 1848 893 experiretur,
1878 817 2112 875 interim

466 914 896 992 permisit.Post
908 912 1145 985 aliquod
1163 911 1369 967 deinde
1387 912 1618 982 tempus
1641 924 1770 963 cum
1791 923 1924 963 eum
1946 907 2114 963 valde

467 1005 820 1081 perspiceret
866 1002 1172 1067 defecisse,
1209 1017 1312 1055 nec
1359 1003 1554 1055 tamen
1583 1015 1617 1052 a
1646 1000 1832 1069 erepto
1885 1013 2112 1053 cessare

468 1097 568 1153 sed
600 1094 754 1150 ultra
791 1093 940 1148 vires
987 1090 1352 1156 contendere,
1388 1087 1684 1143 moderate
1730 1085 2109 1158 compescuit,

466 1189 522 1242 et
553 1189 617 1240 ut
645 1182 834 1255 magis
865 1180 1018 1254 quod
1051 1179 1198 1234 ferre
1241 1181 1438 1251 posset
1484 1175 1720 1249 eligeret
1768 1174 2012 1230 monuit.
2049 1173 2111 1228 In

464 1263 697 1330 tantum
727 1286 982 1343 namque
995 1269 1120 1342 jam
1143 1284 1270 1323 sese
1291 1265 1637 1332 confecerat,
1655 1267 1721 1319 ut
1743 1263 1835 1320 die
1857 1263 2110 1336 quadam

464 1378 598 1419 cum
632 1360 910 1417 fratribus
940 1360 1010 1415 ad
1033 1361 1226 1414 ortum
1250 1345 1520 1430 egressus
1539 1354 1681 1408 dum
1703 1352 1861 1424 operi
1884 1352 2112 1408 enixius

465 1449 750 1518 incubuit,
775 1448 945 1504 corde
977 1449 1209 1520 repente
1240 1443 1518 1500 deficiens
1539 1441 1832 1512 citiusque
1855 1441 2110 1498 claustro

463 1558 524 1598 se
557 1538 841 1597 festinans
888 1537 1161 1609 recipere,
1196 1535 1256 1590 in
1303 1532 1498 1590 media
1539 1532 1631 1588 via
1680 1531 1991 1606 prolapsus
2033 1531 2111 1586 sit

461 1635 636 1703 atque
667 1627 820 1684 inter
849 1643 1062 1684 manus
1089 1623 1399 1680 deductus.

527 1721 620 1776 93.
655 1720 859 1790 Itaque
889 1711 1154 1788 regulam
1185 1709 1633 1768 tolerabiliorem
1667 1711 2010 1783 assumpsit,
2043 1713 2110 1764 ut

461 1811 611 1866 duas
668 1811 901 1862 tantum
947 1801 1430 1876 quadragesimus
1459 1799 1520 1854 in
1579 1815 1732 1854 anno
1786 1801 2108 1870 perageret,

462 1912 643 1954 unam
685 1899 820 1951 ante
869 1891 1228 1948 nativitatem
1273 1887 1648 1955 dominicam,
1681 1886 1926 1943 alteram
1976 1891 2110 1943 ante

463 1985 700 2061 pascha.
735 1982 992 2040 Priorem
1023 1979 1261 2052 quidem
1294 1978 1368 2034 ab
1399 1977 1601 2033 Idibus
1642 1974 2104 2049 Septembribus,

463 2071 598 2133 eum
631 2089 786 2130 nona
817 2069 961 2127 bora
1006 2067 1219 2124 fratres
1269 2065 1585 2140 prandium
1635 2069 1926 2138 repetunt,
1961 2063 2106 2120 inci-

463 2149 651 2240 piens,
684 2162 963 2234 sequente
994 2173 1130 2214 mox
1149 2154 1222 2212 ab
1245 2154 1464 2212 octavis
1484 2153 1906 2228 epiphanize‘m
1927 2150 2110 2209 domi-

463 2248 596 2312 nica
624 2250 796 2308 tertia
814 2252 872 2307 et
889 2247 1096 2322 quinta
1116 2261 1492 2302 communem
1515 2243 1722 2300 ceteris
1743 2247 1948 2299 tenens
1969 2241 2110 2299 refe-

465 2343 742 2409 ctionem,
764 2339 1022 2412 reliquos
1043 2335 1158 2372 ¹¹⁶¹³
1178 2338 1432 2408 quatuor
1451 2332 1784 2389 abstinebat
1805 2333 2108 2406 dies,pane

462 2436 693 2490 tantum
723 2433 780 2486 et
811 2444 966 2500 aqua
988 2426 1113 2499 lege
1144 2424 1272 2498 ipsa
1294 2425 1604 2480 contentus
1625 2437 1802 2495 quam
1825 2420 2102 2477 diximus.

461 2521 565 2578 Sin
594 2536 728 2576 vero
761 2517 944 2574 festus
975 2513 1220 2588 quilibet
1248 2511 1372 2569 dies
1402 2509 1704 2566 incidisset
1723 2513 1825 2566 aut
1844 2509 2106 2582 hospites

465 2604 1208 2682 supervenissent,eosdem
1232 2618 1466 2675 quoque
1486 2597 1796 2656 refectione
1817 2598 2101 2655 mutabat.

465 2696 527 2755 In
560 2693 869 2770 sanguinis
899 2709 1132 2767 quoque
1162 2689 1508 2757 minutione,
1543 2703 1720 2762 quam
1749 2687 1884 2760 plus
1905 2703 2107 2744 mense

461 2787 692 2846 differre
714 2783 808 2841 vix
835 2784 1084 2856 poterat,
1116 2795 1320 2836 curam
1351 2777 1611 2852 corporis
1631 2793 1748 2832 non
1769 2775 2100 2850 respuebat.

464 2877 597 2934 Ideo
627 2877 824 2930 autem
855 2873 1018 2928 tanto
1047 2867 1214 2942 prius
1244 2871 1510 2942 tempora
1556 2865 1964 2939 praeveniebat,
1999 2881 2106 2922 nec

462 2960 880 3040 propinquiora
901 2957 1047 3032 ipsis
1070 2959 1158 2994 ¹⁶¹⁸
1179 2955 1690 3030 solempnitatibus
1709 2954 2102 3027 exspectabat,

461 3058 528 3110 ut
558 3053 608 3109 si
641 3052 788 3108 forte
818 3063 1252 3122 quemcumque
1282 3045 1511 3101 dierum
1544 3043 1963 3117 dispositorum
1999 3041 2104 3098 ali-

463 3143 633 3214 cujus
663 3112 873 3195 talium
903 3153 1076 3192 casus
1113 3133 1810 3208 przeciperet,superesset
1845 3131 1896 3187 ei
1923 3130 1984 3186 in
2012 3149 2102 3188 rc-
2133 3112 2176 3180 C

462 3229 712 3305 liquum,
748 3243 862 3300 quo
891 3225 1124 3282 eosdem
1157 3221 1280 3279 dies
1309 3237 1752 3294 recompensare
1774 3220 1862 3256 ³⁸η
1883 3219 2108 3276 sufﬁce-

464 3323 570 3376 ret.
621 3316 784 3374 Unde
832 3313 1174 3374 mnltotiens
1234 3327 1368 3366 cum
1418 3309 1500 3366 ita
1548 3309 1908 3382 contigisset,
1943 3313 2009 3365 ut
2038 3325 2106 3364 ex

463 3405 756 3480 prmdictis
777 3400 1184 3460 occasionibus
1205 3401 1308 3454 aut
1332 3396 1462 3454 aliis
1488 3395 1822 3471 quibusque
1844 3397 2107 3453 acciden-

460 3495 620 3552 tibus
641 3498 761 3550 tota
791 3491 901 3548 sibi
935 3489 1263 3546 ebdomada
1291 3491 1392 3544 aut
1423 3487 1567 3542 forte
1589 3487 1716 3542 dua:
1739 3484 1827 3542 vel
1849 3485 2106 3558 amplius

460 3589 590 3642 voto
621 3580 903 3656 explendo
931 3576 1376 3652 impedirentur,
1410 3591 1545 3632 mox
1594 3575 1792 3630 obtata
1841 3575 2105 3630 redditus

462 3673 746 3739 libertate,
778 3683 1092 3726 numerum
1113 3663 1636 3739 praetermissorum
1663 3663 2103 3732 dierum,conti-

460 3766 641 3820 nuata
660 3759 814 3816 binis
835 3763 938 3815 aut
957 3754 1341 3828 amplioribus
1363 3751 1788 3810 ebdomadibus
1811 3753 2108 3808 continen-

458 3852 563 3920 tia,
597 3847 892 3908 dominica
920 3847 1226 3902 dumtaxat
1253 3846 1514 3910 vacante,
1550 3841 1779 3897 cunctis
1810 3841 1911 3914 qui
1943 3841 2105 3897 vide-

457 3942 602 3996 bant
613 3936 986 4012 stupentibus
998 3933 1083 3990 vel
1097 3930 1432 3990 dolentibus
1453 3929 1856 3997 instaurabat;
1883 3929 2102 4002 itaque,

461 4047 533 4086 ne
561 4047 631 4085 ex
657 4026 865 4083 votivis
895 4021 1286 4097 quadraginta
1319 4020 1528 4076 diebus
1568 4016 1668 4074 illo
1699 4015 1785 4073 vel
1821 4016 1921 4074 illo
1953 4021 2103 4073 tem-

461 4116 924 4190 porequisquam
947 4110 1284 4186 praeteriret,
1303 4107 1552 4164 callidus
1577 4105 1826 4162 nimium
1841 4107 2105 4162 observa-

460 4209 552 4262 tor
577 4201 932 4277 invigilabat.
970 4199 1320 4271 Plerumque
1349 4212 1584 4254 cernere
1624 4200 1750 4252 erat
1778 4193 1942 4250 illum
1975 4195 2106 4268 ipsa

461 4309 695 4368 quoque
720 4289 988 4364 prmscire
1009 4289 1228 4356 futura,
1249 4303 1384 4342 cum
1407 4284 1581 4341 talem
1605 4284 2102 4341 continuationem

451 4382 662 4456 jejunii
696 4386 998 4452 tamquam
1030 4394 1099 4434 ex
1129 4374 1444 4448 improviso
1476 4375 1732 4447 arripere
1777 4373 2100 4430 videbatur.

2223 461 2472 518 aliorum
2503 466 2834 534 temporum
2867 465 3025 518 certa
3044 461 3294 535 jejunia,
3327 467 3430 519 aut
3459 468 3714 537 quatuor
3739 465 3882 521 anni

2222 555 2554 624 temporum
2568 555 2625 606 et
2637 550 3121 624 solempnitatum
3145 551 3398 626 sparsim
3423 569 3525 626 per
3543 570 3766 611 annum
3785 573 3882 611 or-

2224 639 2614 696 dine‘suo‘m"
2643 641 2999 710 occurentia,
3037 644 3293 708 strenue,
3329 642 3379 698 si
3411 646 3644 699 tantum
3675 661 3882 700 secum

2224 745 2316 786 res
2346 729 2398 786 ei
2429 729 3110 803 esset,peregerit——nam
3142 731 3251 788 etsi
3272 733 3399 768 ’κη
3419 732 3615 808 gloria:
3645 751 3886 809 semper

2225 817 2500 892 fugitans,
2522 817 2730 875 itinere
2749 818 2836 876 vel
2863 819 3092 894 hospite
3115 837 3250 894 sepe
3272 822 3654 890 resolvit,hazc
3675 827 3879 881 tamen

2223 909 2472 964 duarum
2506 907 2565 964 in
2597 925 2750 965 anno
2783 909 3372 983 quadragesimarum
3401 916 3534 968 vota
3565 913 3681 970 fere
3711 931 3884 970 num-

2222 1014 2401 1070 quam
2447 996 2726 1070 praeteriit
2757 1030 2844 1066 —,
2881 997 3107 1071 reliquo
3152 999 3288 1056 anni
3339 1003 3623 1074 tempore,
3655 1007 3880 1075 quanto

2223 1085 2442 1144 scilicet
2472 1087 2716 1143 fratrum
2750 1087 2890 1142 bina
2920 1088 3156 1144 refectio
3180 1090 3461 1158 tenditur,
3485 1092 3883 1149 communiter

2221 1175 2347 1232 sine
2377 1175 2576 1248 aliqua
2607 1175 2934 1248 adjectione
2962 1176 3046 1232 vel
3082 1177 3416 1235 diversitate
3454 1179 3727 1236 convixit.

2289 1265 2378 1320 94.
2405 1265 2694 1338 Cyborum
2726 1264 3008 1338 quicquid
3031 1267 3370 1338 parabatur,
3395 1267 3618 1324 nullam
3653 1270 3880 1328 faciens

2219 1353 2633 1422 differentiam,
2666 1370 2771 1409 nec
2801 1353 3008 1410 viliora
3038 1353 3150 1411 sibi
3177 1357 3592 1423 atfectans,nec
3621 1358 3879 1416 lautiora

2219 1444 2570 1500 detrectans.
2604 1443 2879 1511 Qualitati
2913 1444 3216 1513 coctionis,
3251 1461 3368 1518 qua
3406 1445 3629 1504 casteria
3659 1447 3876 1504 minis-

2219 1536 2439 1588 tratum
2466 1536 2574 1600 est,
2609 1533 2820 1589 usibus
2851 1532 2977 1590 suis
3007 1549 3292 1606 umquam
3339 1533 3564 1608 aliquid
3603 1536 3754 1593 adici
3781 1537 3874 1596 vel

2219 1617 2436 1677 mutari
2466 1622 2554 1658 ¹⁶¹⁹
2573 1621 2860 1695 permisit.
2885 1621 3059 1678 Panis
3091 1621 3334 1694 aequalis
3353 1627 3411 1678 et
3429 1622 3872 1693 similis,vinum

2219 1709 2483 1782 ejusdem
2533 1725 2808 1766 mensure
2855 1713 2913 1767 et
2950 1712 3198 1783 saporis,
3230 1710 3389 1768 nullo
3447 1712 3871 1771 universalitati

2219 1799 2514 1856 diversum
2529 1798 2846 1872 aliquando
2862 1799 2991 1855 fuit.
3008 1799 3196 1856 Fastis
3217 1800 3447 1868 diebus,
3461 1801 3678 1874 quibus
3690 1819 3870 1876 quam

2216 1887 2436 1945 lautius
2454 1891 2510 1944 et
2527 1887 2877 1960 exquisitius
2897 1889 3178 1961 fraternaj
3189 1889 3500 1946 ucunditas
3516 1890 3573 1946 in
3587 1890 3871 1949 honorem

2217 1975 2445 2032 Domini
2477 1975 2564 2032 vel
2596 1980 2929 2033 sanctorem
2978 1980 3172 2050 potest
3219 1995 3500 2052 apparare
3544 1981 3872 2052 consuevit,

2217 2081 2582 2138 quaecunque
2613 2066 3058 2138 apponebantur
3084 2065 3265 2122 libere
3296 2068 3590 2124 sumebat.
3622 2069 3728 2126 Hoc
3755 2087 3872 2126 non

2216 2161 2359 2220 utor,
2394 2152 2535 2210 illud
2564 2153 2701 2226 affer
2729 2155 2814 2210 vel
2836 2169 2996 2226 para,
3031 2171 3358 2228 numquam
3388 2173 3456 2212 ex
3475 2173 3543 2213 eo
3574 2158 3871 2216 auditum.

2218 2243 2303 2300 Ita
2331 2241 2391 2298 in
2414 2241 2576 2299 nullo
2598 2241 2916 2315 aliquando
2939 2242 3068 2299 cibo
3089 2247 3147 2299 et
3166 2247 3306 2317 potu
3329 2245 3606 2303 notabilis
3625 2263 3870 2320 appare-

2216 2333 2333 2388 bat.
2371 2331 2519 2399 Quin
2553 2334 2610 2387 et
2643 2331 2788 2404 ipse,
2813 2335 2880 2387 ut
2903 2331 3109 2387 talium
3132 2333 3398 2406 adprime
3417 2333 3869 2408 peritus,parari

2215 2419 2321 2477 hec
2352 2436 2526 2492 quam
2557 2419 2890 2478 lautissima
2928 2421 3022 2478 his
3063 2421 3272 2478 diebus
3322 2421 3592 2492 faciebat,
3621 2428 3678 2480 et
3707 2423 3869 2482 nullo

2215 2513 2531 2584 apparente
2561 2513 2698 2584 typo
2729 2510 3025 2566 sumebat.
3057 2509 3282 2584 Corpus
3313 2511 3364 2568 ei
3414 2529 3563 2585 pene
3611 2513 3868 2570 naturali

2215 2615 2447 2672 semper
2475 2597 2900 2654 insolubilitate
2926 2599 3226 2668 duruerat,
3253 2605 3318 2656 ut
3346 2599 3586 2658 difﬁcile
3616 2601 3785 2658 cibus
3808 2603 3866 2660 in

2213 2705 2280 2744 eo
2309 2687 2752 2761 decoqueretur.
2783 2687 2924 2744 Inde
2956 2686 3232 2761 pociones
3265 2687 3582 2746 herbarum
3611 2695 3713 2746 aut
3739 2691 3870 2764 ple-

2214 2791 2464 2849 rumque
2484 2791 2612 2849 qua:
2635 2776 2707 2832 ad
2729 2774 2786 2831 id
2811 2775 3068 2832 facerent
3087 2775 3176 2832 vel
3197 2777 3590 2834 conducerent
3609 2778 3873 2854 pigmen-

2212 2869 2430 2936 torum,
2453 2862 2705 2922 libenter
2733 2865 3040 2934 sumebat;
3073 2863 3169 2921 his
3200 2869 3432 2922 tantum
3465 2866 3869 2940 admissis,re-

2211 2951 2374 3027 liqua
2402 2953 2762 3010 medicorum
2793 2955 2913 3010 tam
2945 2953 3175 3012 diversa
3196 2957 3316 3010 arte
3338 2955 3602 3012 confecta
3630 2973 3868 3013 recusa-

2212 3043 2330 3098 bat.
2365 3041 2512 3099 Illud
2537 3042 2627 3078 ¹⁶²⁰
2657 3045 2810 3099 certe
2841 3057 3075 3099 summo
3097 3042 3233 3099 nisu
3254 3047 3552 3100 servatum
3572 3049 3753 3114 est,ut
3770 3045 3868 3102 vix

2213 3133 2318 3188 aut
2337 3145 2662 3204 numquam
2685 3130 2745 3186 in
2759 3128 3100 3187 ebrietatem
3123 3135 3224 3187 aut
3245 3131 3546 3206 crapulam
3569 3150 3638 3191 ex
3654 3151 3867 3207 quam-

2213 3219 2357 3274 libet
2383 3223 2592 3293 prazter
2609 3218 2844 3274 solitum
2867 3223 3104 3293 sumpto
3121 3221 3264 3294 cybo
3281 3219 3368 3277 vel
3385 3225 3524 3294 potu
3543 3222 3868 3280 deducere-

2214 3311 2330 3377 tur,
2359 3305 2448 3362 vel
2482 3307 2637 3363 unde
2667 3307 2986 3380 quicquam
3017 3309 3281 3364 consueti
3313 3309 3508 3382 operis
3539 3310 3617 3367 rei
3651 3309 3866 3368 divinae

2216 3401 2390 3452 noctu
2438 3394 2527 3452 vel
2575 3395 2832 3453 interdiu
2889 3395 3274 3454 intermittere
3329 3404 3650 3472 cogeretur.
3683 3399 3771 3456 Ita
3809 3405 3872 3456 et

2215 3485 2356 3542 foris
2387 3484 2780 3542 communiter
2807 3485 3015 3542 ceteris
3046 3485 3338 3542 convivari
3369 3487 3697 3553 videbatur,
3727 3494 3787 3544 et
3806 3489 3866 3545 in

2215 3575 2343 3648 ipso
2365 3573 2630 3631 convictu
2654 3572 2764 3630 sibi
2787 3577 3071 3630 statutam
3094 3573 3605 3648 percipiendorum
3627 3575 3871 3633 alimen-

2212 3668 2408 3720 torum
2439 3679 2779 3720 mensuram
2812 3679 2929 3720 non
2961 3663 3296 3721 excedebat.
3318 3664 3381 3720 In
3406 3663 3550 3721 illud
3576 3666 3826 3740 apostoli
3852 3685 3867 3723 :

2213 3753 2336 3809 Scio
2373 3760 2424 3809 et
2450 3753 2663 3808 esurire
2690 3759 2742 3808 et
2767 3753 2967 3808 satiari
2997 3751 3168 3824 (Phil.
3201 3767 3280 3819 IV,
3314 3753 3424 3826 12),
3458 3769 3592 3810 eum
3635 3771 3751 3828 pra:
3784 3772 3876 3812 ce-

2213 3843 2354 3898 teris
2385 3841 2565 3913 hujus
2598 3839 2883 3914 temporis
2911 3857 3146 3896 summa
3177 3846 3300 3896 arte
3329 3844 3388 3896 et
3417 3842 3670 3916 quadam
3692 3843 3870 3900 veluti

2214 3929 2526 4002 disciplina
2555 3927 2892 3986 institutum
2917 3933 2975 3985 et
2993 3933 3470 3988 consummatum
3512 3931 3704 4004 palam
3743 3933 3872 3988 eni-

2213 4019 2346 4075 tuit.
2379 4017 2494 4074 Nec
2525 4018 2681 4074 enim
2710 4016 2904 4074 esurie
2933 4017 3264 4088 demissior,
3298 4036 3401 4076 nec
3434 4020 3868 4077 refectisne'm'

2213 4124 2496 4180 umquam
2519 4107 2793 4180 apparuit
2816 4105 3040 4163 elatior.
3062 4107 3148 4163 Ad
3173 4123 3493 4178 summam,
3515 4109 3870 4182 poenitentia:

2213 4195 2462 4268 rigorem
2495 4195 2746 4252 eundem
2780 4195 2869 4232 ’⁸³³
2902 4211 3090 4268 usque
3119 4197 3192 4252 ad
3217 4195 3396 4252 finem
3419 4197 3546 4254 vita:
3573 4197 3723 4255 mira
3743 4215 3872 4272 per»

2213 4285 2536 4342 severantia
2565 4284 2772 4354 tenuit,
2797 4285 3074 4358 quodque
3101 4288 3332 4342 tantum
3365 4286 3868 4360 superexcellit,ut

2214 4391 2248 4430 a
2277 4373 2444 4432 nobis
2475 4373 2736 4448 quolibet
2766 4389 3034 4430 sermone
3063 4373 3281 4446 expleri
3316 4393 3430 4432 non
3461 4377 3666 4450 possit.
3701 4375 3867 4432 Unde

459 4469 605 4530 Nam
638 4471 718 4526 ita
747 4483 1132 4542 sepenumero
1164 4463 1637 4520 animadversum
1662 4467 1769 4530 est,
1789 4463 1944 4536 quod
1967 4479 2102 4518 cum
2134 4471 2184 4552 ﬁ
2212 4463 2306 4522 his
2337 4464 2510 4520 modo
2541 4462 2839 4536 imposito,
2871 4463 2943 4518 ad
2975 4479 3042 4518 ea
3065 4479 3194 4536 quae
3214 4465 3284 4520 de
3305 4463 3686 4521 exterioribus
3732 4465 3866 4538 ejus

459 4563 542 4620 sic
573 4559 768 4616 omnis
797 4553 1163 4613 remissionis
1205 4551 1447 4626 ignarus
1497 4552 1760 4624 ferveret,
1794 4553 2106 4609 subsenter
2135 4549 2169 4552 —
2212 4553 2398 4626 gestis
2430 4553 2578 4609 scire
2609 4549 2911 4624 potuimus
2942 4550 3147 4607 stilum
3197 4556 3519 4610 vertamus.
3553 4551 3614 4608 In
3647 4554 3872 4626 quibus

460 4655 562 4708 aut
590 4646 796 4705 nuntio
825 4649 928 4702 aut
953 4643 1149 4717 aliqua
1179 4641 1493 4698 inevitabili
1527 4640 1874 4698 necessitate
1906 4657 2106 4698 mona-

460 4740 638 4797 sterio
669 4734 936 4811 progredi
959 4733 1306 4807 cogebatur;
1331 4747 1468 4786 nam
1491 4729 1772 4803 quamdiu
1795 4728 1936 4785 foris
1955 4735 2100 4800 erat,

459 4827 705 4884 humani
739 4823 852 4882 diei
883 4821 1028 4896 (398)
1047 4819 1352 4878 latrocinia
1375 4819 1462 4854 ¹⁶¹⁶
1483 4817 1749 4875 sollerter
1769 4819 2100 4889 attendens,

461 4915 670 4974 secreti
699 4913 810 4982 sui,
841 4911 1012 4985 cujus
1043 4911 1160 4968 Deo
1190 4912 1418 4965 tantum
1450 4907 1778 4964 mercedem
1811 4905 2099 4979 servabat,

2215 4641 2428 4716 partim
2464 4639 2776 4714 prudentia
2806 4640 3035 4714 sagacis
3074 4636 3294 4714 ingenii
3344 4645 3401 4696 et
3451 4641 3630 4697 robur
3674 4642 3864 4698 animi

2211 4729 2398 4786 virilis
2428 4730 2628 4803 gratias
2659 4745 2923 4802 supernae
2971 4727 3180 4802 adjuti,
3216 4729 3430 4802 partim
3479 4729 3604 4788 sola
3647 4729 3860 4787 divina:

2210 4818 2449 4875 virtutis
2479 4818 2756 4892 Operatio,
2793 4817 2893 4875 ubi
2925 4817 3188 4876 humana
3217 4819 3423 4876 adesse
3452 4836 3568 4876 non
3601 4823 3880 4895 poterant

2216 4907 2458 4977 auxilia,
2491 4911 2632 4963 sunt
2661 4908 3082 4964 demonstrata.

1806 5030 2050 5088 VARUE
2103 5032 2522 5090 LECTIONES.

534 5138 624 5175 ¹⁶¹²
653 5139 729 5192 ita
760 5136 816 5207 L.
849 5152 988 5207 ep...
1019 5150 1069 5207 ρ.

1147 5132 1348 5204 “ﬁngite
1404 5129 1540 5204 Illae.
1599 5128 1702 5185 reli
1750 5131 1889 5204 jam_
1927 5127 2106 5200 deest;
2135 5130 2222 5187 vel
2273 5131 2511 5204 quosL.
2543 5131 2707 5186 male.
2786 5131 2876 5166 ¹⁶¹⁸
2905 5130 3018 5204 ipsi
3075 5149 3122 5187 ο.
3201 5132 3290 5204 “ﬁ”
3319 5137 3792 5204 recompensaret
3819 5153 3876 5193 ε.

465 5209 552 5245 ὀη
585 5211 661 5266 ita
688 5201 992 5272 codexfan
1019 5202 1348 5276 lenocinia?
1423 5202 1690 5276 '“lyoces
1719 5201 1949 5276 asterico
1976 5208 2198 5276 notatus
2223 5201 2640 5276 em‘conjectura,
2658 5205 2877 5276 scripsi,
2909 5201 3364 5276 lacunascodieis
3392 5218 3498 5276 exp

3580 5220 3610 5277 β
3629 5276 3632 5277 ,
3649 5221 3876 5277 aggres-

461 5297 576 5338 sus.
655 5279 741 5315 ¹⁶¹⁸
773 5279 851 5332 ita
877 5277 934 5330 L.
967 5292 1073 5332 vox
1089 5277 1212 5348 jam
1251 5273 1412 5330 deest.
1493 5273 1582 5308 ¹⁶¹⁰
1610 5289 1725 5328 non
1774 5273 1936 5330 deest.
2017 5274 2107 5309 ¹⁶²⁰
2137 5273 2286 5331 Illud
2317 5305 2387 5315 —
2415 5273 2730 5332 excedebat
2768 5273 2970 5333 desunt
3012 5274 3161 5348 apud
3210 5273 3499 5332 Labbeuni.
3578 5276 3662 5312 ¹⁶²¹
3806 5281 3874 5336 L.

463 5369 568 5410 vox
586 5353 707 5424 jam
733 5349 894 5405 deest.
1975 5349 2006 5384 ο

2045 5437 2278 5500 NOTAE.

535 5546 682 5618 (398)
715 5545 776 5602 Id
806 5547 895 5600 est
923 5540 1170 5600 humani
1201 5540 1426 5613 operis;
1459 5540 1532 5596 cf.
1561 5538 1723 5598 Pauli
1753 5540 1858 5617 Ep.
1893 5539 1936 5610 Ι,
1966 5541 2039 5598 ad
2069 5539 2330 5600 Corinth.
2365 5558 2444 5610 ιν,
2477 5543 2530 5596 3.
