4096 6174
236 350 354 412 289

1150 346 1252 410 DE
1297 348 1481 411 VITA
1522 350 1851 413 JOANNIS
1898 350 2228 415 ABBA'I‘IS
2276 354 2755 419 GOBZIENSIS.

3537 368 3657 427 290

302 482 394 538 95.
428 481 577 536 Cum
611 478 761 553 (399)
795 479 1011 550 primo,
1046 485 1110 534 ut
1141 481 1409 553 superior
1437 486 1625 538 textus
1676 484 1897 550 docuit,
1932 490 1985 554 Α
2016 501 2112 539 eos
2139 486 2559 552 stimularet,et
2583 489 2708 558 jam
2734 491 2913 544 ferme
2932 491 3183 547 triennio
3200 492 3509 567 episcopus
3532 496 3656 552 loco

235 572 455 628 ibidem
484 568 675 625 sancti
700 566 808 623 viri
834 574 1110 641 prompta
1133 571 1335 626 domui
1369 571 1745 627 Adelberonis
1776 573 1898 644 epi-

231 658 393 732 scopi
423 657 730 715 voluntate
752 658 825 713 ad
862 655 1056 712 locum
1078 658 1345 714 Gorziam
1360 661 1487 731 jam
1519 660 1741 716 dictum
1764 678 1898 717 con-

226 748 551 815 venissent,
587 746 940 819 aliquandiu
975 746 1213 817 quidem
1261 766 1369 820 ope
1413 749 1542 818 ejus
1594 751 1651 805 in
1692 750 1899 822 primis

226 836 547 895 sustentati
579 838 740 901 sunt,
767 835 912 907 quia
943 835 1191 890 necdum
1226 837 1478 891 facultas
1509 838 1557 892 ei
1592 838 1799 903 fuerat,
1835 842 1902 893 ut

226 925 294 980 de
313 923 805 997 possessionibus
829 924 1193 989 monasterii,
1211 943 1340 997 qua:
1364 928 1477 997 jam
1498 926 1711 980 abhinc
1730 926 1898 999 longe

226 1018 384 1068 retro
439 1011 726 1068 beneficio
777 1010 1131 1068 secularium
1181 1018 1499 1082 cesserant,
1538 1015 1624 1070 eis
1676 1014 1897 1087 aliquid

225 1100 585 1156 restitueret.
608 1100 748 1156 Inde
770 1101 915 1155 dum
931 1099 1111 1173 aliqui
1136 1102 1421 1159 divinitus
1443 1103 1709 1176 inspirati
1744 1104 1898 1160 fama

223 1189 394 1245 bona:
426 1187 727 1259 opinionis
759 1188 902 1244 illuc
931 1190 1223 1246 conﬂuere
1263 1192 1576 1264 cepissent,
1610 1196 1668 1246 et
1697 1198 1897 1248 sancte

219 1276 704 1350 congregationis
753 1281 1095 1350 augesceret
1144 1280 1487 1346 multitudo,
1522 1298 1618 1337 rex
1657 1281 1895 1338 vixdum

218 1365 424 1422 tenuis
456 1365 742 1437 exiguum
776 1383 895 1439 prae
918 1382 987 1422 ea
1006 1383 1134 1440 qua:
1159 1373 1304 1424 tunc
1335 1387 1451 1426 non
1478 1375 1661 1440 tanta,
1677 1372 1895 1428 nedum

217 1455 288 1511 ad
318 1470 457 1511 eam
490 1468 620 1525 quea
652 1457 789 1525 post
820 1454 1023 1512 futura
1067 1458 1427 1529 sperabatur
1458 1459 1517 1515 in
1543 1460 1668 1517 dies
1708 1461 1897 1534 magis

218 1542 536 1617 magisque
586 1542 923 1614 augendam
978 1546 1492 1616 numerositatem,
1516 1548 1898 1622 pollicebatur

216 1631 607 1705 stipendium.
641 1630 729 1684 Ad
770 1629 881 1686 hoc
926 1636 979 1687 et
1008 1632 1174 1690 idem
1199 1636 1293 1690 vir
1317 1640 1559 1693 sanctus
1589 1636 1890 1695 Adelbero.

214 1736 399 1794 regno
416 1724 560 1775 tunc
582 1717 832 1774 diversis
853 1723 1419 1792 perturbationibus
1441 1726 1725 1782 concitato
1742 1726 1897 1783 circa

216 1809 509 1884 plurimas
539 1824 712 1864 curas
742 1808 1052 1880 distentus,
1090 1812 1309 1868 minus
1341 1813 1426 1869 eis
1457 1814 1627 1870 solito
1659 1814 1891 1887 prospi-

2011 573 2569 642 abstinuisset,tbrte
2593 594 2692 648 pro
2714 578 3099 649 viroquodam
3115 581 3271 650 juris
3295 587 3659 657 monasterii,

2011 660 2113 732 qui
2137 662 2309 717 rebus
2331 664 2687 734 quibusdam
2710 666 3139 739 episcopalibus
3163 677 3427 741 praeerat,
3446 672 3661 729 Johan-

2012 766 2113 805 nes
2145 751 2338 806 Mettis
2367 753 2699 810 advocatur.
2736 754 2953 811 Blande
2985 756 3241 828 primum
3272 760 3345 815 ab
3386 761 3657 836 episcopo

2010 838 2369 907 convenitur,
2387 857 2456 894 ne
2478 841 2587 896 sibi
2613 843 2765 913 quod
2791 849 3009 914 peteret
3029 844 3359 918 denegaret.
3388 849 3653 919 «Vestra,

2010 927 2221 998 inquit,
2256 928 2463 1000 peticio
2503 930 2695 999 jussio
2744 936 2851 986 est.
2879 963 2943 973 —
2966 932 3167 988 Virum
3219 934 3410 1004 illum,
3442 938 3657 1009 inquit,

2007 1015 2152 1069 mihi
2176 1016 2349 1071 cedas
2380 1017 2648 1089 deposco.
2684 1041 2711 1067 n
2748 1018 2846 1073 Ille
2879 1019 3052 1091 paulo
3082 1024 3449 1091 commotior,
3473 1031 3537 1080 ut
3560 1026 3657 1081 cui

2008 1119 2176 1159 mens
2208 1103 2375 1177 longe
2414 1105 2559 1161 alias
2609 1107 2947 1163 intendebat
2979 1124 2992 1162 :
3031 1110 3354 1183 «Exemplo
3375 1116 3393 1136 ‘
3419 1114 3525 1181 ³⁸⁵⁸⁸,
3559 1115 3654 1169 in-

2007 1191 2379 1263 quid,fabule
2410 1194 2590 1249 David
2622 1212 2777 1251 nunc
2809 1196 3138 1267 ultimi,ubi
3172 1199 3331 1256 dives
3379 1202 3655 1258 innume-

2006 1280 2089 1335 ris
2122 1297 2269 1353 quas
2301 1281 2554 1337 habebat
2582 1284 2787 1339 ovibus
2817 1302 3084 1357 parcens,
3115 1287 3331 1359 hospiti
3375 1307 3656 1362 superve-

2006 1367 2188 1423 nienti
2221 1369 2456 1425 unicam
2486 1371 2760 1442 pauperis
2790 1390 2953 1428 ovem
2994 1373 3047 1429 vi
3079 1375 3432 1433 abstractam
3468 1378 3656 1449 jussit

2005 1457 2241 1528 apponi.
2258 1457 2352 1513 Sic
2368 1474 2502 1513 cum
2520 1457 2750 1515 infinita
2767 1460 3121 1533 reliquorum
3136 1462 3303 1536 copia
3318 1465 3650 1536 abundetis,

2005 1561 2191 1600 unum
2214 1544 2372 1601 hunc
2394 1546 2563 1603 nobis
2596 1548 2951 1621 pauperibus
2982 1551 3357 1624 praeripitis.»
3387 1554 3651 1610 Adducto

2005 1633 2318 1705 supercilio
2364 1651 2499 1690 cum
2548 1653 2609 1691 se
2656 1636 2888 1704 ille,vix
2917 1638 3115 1712 aliqua
3148 1640 3330 1696 animi
3373 1641 3652 1709 commoti

2003 1723 2177 1779 verbo
2199 1722 2441 1797 signans
2470 1725 2706 1796 indicia,
2721 1727 3356 1795 avertisset,Johannes
3376 1748 3439 1787 se
3459 1749 3490 1788 e
3511 1749 3649 1788 con-

2004 1816 2208 1885 spectu
2240 1813 2546 1885 proripuit.
2585 1815 2913 1872 Fridericus
2944 1818 3266 1874 monachus
3298 1820 3483 1875 sancti
3506 1821 3653 1875 Huc-

215 1873 344 1956 cere
366 1902 615 1974 poterat.
632 1897 770 1954 Inde
802 1873 1121 1974 compulsi,
1131 1902 1269 1973 jam
1288 1902 1481 1958 aliena
1505 1873 1714 1959 solatia
1744 1873 1890 1977 pene
1927 1873 1975 1937 B
2005 1873 2178 1966 berti.
2211 1873 2380 1973 cujus
2400 1873 2606 1975 ‘supra
2653 1906 2869 1959 mentio
2902 1904 3052 1961 facta
3098 1910 3187 1961 est
3217 1907 3355 1979 (cap.

217 2006 480 2063 quaerere
501 1988 946 2045 destinaverant.
961 1990 1031 2046 Et
1055 1990 1217 2062 quia
1238 1992 1350 2047 sub
1376 1990 1529 2047 idem
1552 1993 1731 2048 ferme
1754 1997 1892 2048 tem-

216 2095 327 2152 pus
351 2076 795 2151 (DCCCXXXIV)
818 2077 931 2153 Ogo
948 2080 1322 2153 praepositus
1339 2084 1478 2135 tunc
1500 2082 1685 2136 sancti
1711 2081 1889 2136 Maxi-

216 2167 390 2235 mini,
422 2166 606 2224 felicis
638 2169 1011 2242 postmodum
1040 2168 1337 2241 exempli,
1370 2185 1405 2225 a
1436 2169 1696 2225 saeculari
1749 2188 1890 2226 con-

214 2256 550 2314 versatione
582 2274 643 2314 se
674 2258 1070 2324 restrinxerat,
1110 2261 1174 2312 et
1218 2273 1327 2329 ope
1377 2256 1543 2313 ducis
1585 2258 1891 2314 Gisleberli

215 2348 383 2403 idem
414 2346 843 2403 monasterium
885 2348 956 2404 ad
999 2344 1341 2417 regularem
1393 2347 1889 2403 conversationem

216 2436 537 2493 reduxerat
566 2438 740 2509 (400),
774 2438 1038 2509 ejusdem
1094 2434 1193 2507 pio
1240 2433 1544 2490 molimine
1595 2434 1890 2508 praepositi

213 2524 318 2582 illo
357 2542 420 2582 se
452 2527 773 2582 transferre
823 2524 1256 2598 aliquantisper
1301 2539 1612 2580 assensum
1661 2523 1890 2597 ﬂagita-

210 2620 428 2673 verant
446 2618 466 2639 ‘
486 2616 596 2671 ‘5”.

284 2704 390 2759 96.
424 2702 574 2760 Cum
604 2702 762 2761 inter
793 2705 918 2761 haec
947 2704 1208 2759 domnus
1259 2700 1541 2759 Einoldus
1573 2720 1695 2759 rem
1746 2704 1888 2759 fluc-

211 2796 495 2849 tuantem
525 2792 749 2849 saniori
771 2790 1171 2864 comprimens
1191 2792 1212 2814 "
1242 2790 1466 2847 ratione
1489 2792 1596 2861 “’3,
1632 2792 1887 2864 quadam

212 2881 314 2937 die
352 2881 509 2937 inter
538 2886 748 2939 cetera
777 2879 1161 2936 exortationis
1192 2879 1366 2934 verba
1396 2895 1600 2936 omnes
1627 2879 1709 2936 sic
1741 2880 1887 2935 allo-

212 2970 431 3042 quitur
462 2986 477 3024 :
512 2992 542 3021 ‹‹
574 2970 902 3041 Scriptura,
953 2966 1186 3040 inquid,
1215 2966 1426 3023 asserit
1469 2969 1649 3040 (Prov.
1668 2986 1783 3024 xv1.
1806 2971 1882 3041 7),

211 3058 365 3131 quia
394 3075 532 3115 cum
564 3057 896 3132 placuerint
925 3055 1173 3113 Domino
1194 3054 1297 3110 vite
1320 3054 1887 3126 hominis,inimicos

212 3163 465 3221 quoque
489 3149 621 3219 ejus
643 3149 939 3203 convertet
958 3145 1029 3200 ad
1056 3161 1279 3225 pacem.
1303 3144 1727 3219 Negligentiam
1749 3163 1885 3220 ergo

2000 1988 2132 2059 ipsa
2154 1988 2331 2045 ferme
2362 2008 2464 2045 ora
2494 1990 2847 2064 ingrediens,
2879 1998 2937 2049 et
2965 2011 3034 2049 ex
3064 1994 3225 2050 vultu
3250 1995 3472 2067 dejeeto
3516 1996 3657 2075 ani.

2002 2094 2167 2132 mum
2201 2080 2568 2151 perpendens
2601 2097 2613 2135 :
2645 2103 2665 2130 ι
2702 2082 2870 2149 Quid,
2905 2083 3118 2154 inquit,
3152 2083 3465 2156 supercilia
3484 2084 3651 2141 vobis

2000 2166 2085 2221 sic
2117 2166 2281 2221 video
2297 2168 2773 2239 depcndentia?»
2807 2171 2954 2227 Nam
2988 2171 3281 2239 hunc,ubi
3304 2174 3653 2229 commotior

1999 2259 2173 2322 esset,
2198 2255 2466 2311 habitum
2489 2256 2656 2313 velud
2691 2258 3017 2316 naturalem
3048 2260 3159 2315 sibi
3190 2260 3479 2317 induerat.
3517 2284 3545 2312 ‹‹
3562 2262 3649 2316 Ab

2000 2341 2130 2409 hoc,
2148 2342 2358 2414 inquit,
2378 2343 2586 2400 insano
2606 2346 2895 2415 Johanne,
2910 2353 2975 2403 ut
2997 2365 3320 2420 numquam
3342 2348 3590 2406 antehac
3616 2364 3652 2403 a

2000 2447 2296 2502 quoquam
2329 2431 2410 2489 ita
2440 2439 2811 2507 contemptus
2842 2453 2999 2503 sum,
3030 2441 3097 2495 ut
3127 2454 3231 2493 nec
3263 2455 3366 2510 pro
3411 2435 3650 2492 homine

2001 2535 2118 2574 uno
2151 2520 2307 2592 apud
2330 2537 2465 2576 eum
2490 2522 2845 2580 intercedere
2864 2524 3169 2580 voluerim.
3191 2548 3219 2575 ››
3256 2525 3355 2581 Ille
3374 2524 3652 2581 conscius

1999 2623 2127 2679 qua:
2147 2612 2308 2664 extra
2329 2610 2733 2667 conﬂabantur
2754 2611 3134 2669 consiliorum
3170 2628 3183 2669 :
3217 2634 3244 2663 ‹‹
3268 2613 3414 2679 Nisi,
3429 2610 3650 2682 inquit,

1999 2697 2416 2769 providebitur,
2450 2699 2713 2771 proxime
2756 2700 2984 2757 cunctis
3032 2700 3117 2756 eis
3167 2700 3466 2755 carebitis.
3499 2698 3651 2751 Nam

1998 2802 2132 2841 cum
2167 2786 2313 2842 duce
2362 2791 2418 2842 et
2463 2788 2796 2859 praaposito,
2826 2788 2967 2860 quia
2996 2805 3031 2843 a
3058 2789 3227 2845 vobis
3277 2801 3489 2858 parum
3535 2782 3652 2837 sibi

1998 2876 2163 2930 adest
2192 2874 2417 2941 auxilii,
2437 2892 2535 2931 eos
2558 2877 2685 2947 jam
2718 2878 2940 2933 dudum
2982 2875 3342 2934 conscivisse
3374 2869 3654 2944 cognovi;

1999 2969 2177 3035 utque
2210 2963 2268 3017 in
2291 2968 2493 3020 sancto
2515 2963 2830 3019 Maximino
2851 2963 3265 3029 traducantur,
3282 2959 3451 3014 ocius
3471 2958 3661 3009 matu-

1997 3057 2221 3107 ratur.»
2247 3051 2482 3107 Concite
2511 3052 2808 3108 Johannes
2831 3056 3160 3124 revocatus,
3179 3055 3238 3107 et
3255 3065 3362 3102 cur
3391 3044 3665 3115 injussus

1994 3140 2217 3195 abisset
2252 3144 2510 3211 rogatus,
2527 3156 2661 3195 cum
2702 3139 3006 3196 silentium
3047 3136 3496 3199 tremebundus
3512 3134 3669 3185 tene-

214 3240 494 3295 nostram
528 3236 666 3292 hinc
717 3236 1016 3291 advertere
1055 3249 1395 3306 possumus,
1420 3234 1561 3306 quia
1592 3235 1643 3292 si
1672 3252 1738 3291 eo
1770 3253 1885 3308 quo
1917 3239 1960 3306 ρ
1999 3234 2085 3285 ret
2118 3246 2130 3283 :
2169 3252 2196 3279 ‹‹
2228 3229 2353 3284 Non
2394 3234 2470 3298 te,
2504 3228 2707 3302 inquid
2768 3230 3107 3301 episcopus,
3156 3235 3282 3286 tam
3328 3226 3669 3284 animosum

213 3328 568 3399 oportuerat
603 3322 803 3381 studio
840 3338 1006 3378 mens
1029 3322 1201 3377 nobis
1230 3322 1291 3377 in
1313 3321 1509 3379 divina
1537 3324 1884 3394 intenderet,

219 3412 399 3471 facile
431 3412 685 3470 Domino
718 3412 907 3467 fuerat
935 3411 1126 3466 virum
1159 3410 1316 3467 hunc
1348 3412 1595 3479 ﬂectere,
1619 3420 1678 3471 et
1716 3415 1887 3471 nobis

222 3519 468 3560 comem
494 3503 585 3538 ί⁶²⁴
612 3506 671 3559 et
714 3498 1065 3557 beneficium
1112 3501 1372 3569 reddere,
1405 3506 1462 3556 et
1508 3519 1607 3559 cor
1653 3504 1782 3575 ejus
1812 3505 1884 3559 ad

217 3592 387 3665 quod
426 3591 602 3657 nobis
622 3588 919 3662 expediret
938 3593 1333 3645 convertere.»
1360 3588 1633 3647 Pluribus
1653 3591 1886 3663 deinde,

216 3680 460 3753 quaead
482 3696 551 3736 ea
574 3677 989 3746 conducerent,
1004 3692 1103 3733 eos
1124 3679 1511 3744 exortatus,et
1531 3680 1885 3736 ut‘novitatis

219 3785 350 3826 sua:
412 3765 813 3825 conversionis
871 3782 1183 3835 memores,
1215 3765 1319 3837 qui
1379 3766 1463 3822 eis
1514 3772 1654 3823 tunc
1700 3768 1887 3824 fervor

216 3855 427 3928 fuerit,
487 3858 897 3921 retractarent,
956 3857 1013 3909 et
1081 3871 1153 3910 ne
1222 3852 1364 3926 quid
1430 3872 1585 3911 nunc
1650 3854 1884 3930 langui-

213 3946 361 4002 dius
412 3943 687 4017 frigidius
736 3960 803 4001 ac
850 3941 1257 4016 neglegentius
1300 3944 1454 4016 apud
1498 3961 1561 4001 se
1616 3949 1887 4018 ageretur

216 4037 401 4090 caute
460 4030 880 4104 perspicerent,
920 4048 987 4087 ac
1037 4032 1086 4088 si
1148 4031 1290 4105 quid
1342 4031 1552 4090 horum
1600 4035 1886 4092 sentirent

217 4120 393 4179 omni
443 4118 747 4195 vigilantia
805 4119 1139 4177 instaurare
1199 4122 1635 4192 contenderent,
1691 4127 1884 4180 tantos

219 4214 471 4283 repente
535 4209 619 4267 eis
677 4209 907 4271 animos
966 4210 1243 4281 reddidit,
1308 4214 1372 4265 ut
1429 4228 1585 4268 nunc
1642 4212 1883 4287 singuli,

219 4317 389 4357 nunc
423 4298 722 4366 omnes,in
756 4315 966 4354 novam
988 4299 1285 4370 quandam
1309 4301 1764 4358 conversationis
1781 4319 1882 4374 pu-

220 4404 414 4463 gnam
448 4386 654 4443 acritcr
682 4386 1087 4459 conspirarent
1116 4386 1596 4461 (DCCCCXXXV).
1628 4390 1712 4444 Ad
1742 4407 1883 4446 con-

220 4481 404 4534 sueta
432 4476 678 4547 quisque
701 4479 757 4531 et
778 4472 1068 4549 regularia
1089 4477 1414 4548 majora'm
1435 4481 1491 4532 et
1512 4477 1886 4549 productiora

221 4564 515 4639 adjicere;
550 4562 678 4638 ipsa
708 4563 868 4621 licita
898 4569 1104 4640 sponte
1143 4564 1255 4621 sibi
1305 4565 1681 4634 subtrahere;
1717 4568 1883 4640 cybo,

221 4654 662 4730 potui,somno,
694 4651 932 4727 linguae,
951 4671 1052 4711 seu
1084 4652 1324 4710 cuilibet
1353 4655 1613 4728 corporis
1639 4657 1882 4729 requiei,

222 4742 551 4799 minimum
635 4742 919 4815 quiddam
1001 4741 1340 4815 indulgere;
1416 4747 1481 4799 ut
1558 4748 1699 4801 tunc
1759 4746 1883 4818 pri-

222 4847 398 4888 mum
433 4829 599 4902 quasi
630 4831 1083 4889 conversationis
1126 4830 1295 4887 initia
1342 4831 1681 4889 viderentur
1731 4835 1882 4889 arri-

227 4937 392 4993 pere.

302 4994 397 5063 97.
422 5007 567 5064 Cum
599 5009 833 5065 interim
856 5009 1113 5082 praedicti
1137 5008 1676 5082 Ogonis,pra3positi
1692 5013 1884 5068 sancti

232 5096 866 5173 Maximini,ducisque
891 5097 1196 5155 Gisleberti
1232 5096 1431 5154 suasio
1468 5098 1539 5153 de
1573 5098 1881 5173 migrando

1912 4608 1960 4674 D

1997 3318 2325 3386 credebam,
2351 3334 2456 3374 nec
2500 3318 2561 3373 in
2614 3334 2673 3373 re
2721 3322 2842 3374 tam
2894 3318 3010 3373 fere
3044 3320 3226 3378 nulla
3255 3316 3335 3374 ita
3365 3312 3669 3378 difﬁcilem

1995 3407 2366 3463 estimabam.
2401 3407 2537 3463 Peto
2569 3405 3088 3480 igitur,hominem
3126 3408 3220 3467 vel
3250 3425 3443 3486 usque
3477 3411 3546 3470 ad
3563 3410 3667 3471 ali.

1995 3512 2143 3567 quas
2174 3496 2441 3552 inducias
2463 3496 2606 3552 mihi
2639 3497 2831 3553 cedas.
2852 3518 2880 3547 »
2915 3494 3015 3552 Ille
3041 3501 3187 3570 quit
3217 3500 3275 3556 in
3307 3519 3494 3564 causa
3512 3513 3665 3569 esset

1996 3583 2339 3658 intellegens
2375 3615 2442 3625 —
2490 3602 2628 3641 nam
2684 3585 2877 3657 pactio
2926 3590 3198 3656 pecuniae
3254 3590 3558 3658 inteierat.
3591 3635 3662 3648 .-

1997 3694 2027 3724 ‹‹
2057 3676 2630 3766 Quantumcumque,
2667 3672 3168 3766 inq_uit,-jubetis?
3188 3698 3217 3727 ››
3250 3710 3319 3723 —
3350 3708 3379 3736 ‹‹
3407 3690 3491 3744 Ad
3515 3709 3657 3766 qua.

1994 3761 2282 3836 draginta,
2302 3762 2512 3833 inquit,
2528 3762 2672 3819 dies.
2704 3785 2724 3811 ν
2760 3763 2828 3818 Et
2855 3759 2953 3816 ille
2980 3776 2994 3816 :
3033 3784 3061 3813 (ι
3085 3765 3277 3824 Etiam
3300 3775 3372 3828 ad
3402 3759 3645 3852 annum,

1993 3850 2044 3906 εἰ
2075 3850 2282 3925 placet.
2315 3872 2344 3901 »

2062 3940 2152 3995 98.
2184 3940 2311 3997 Non
2342 3940 2443 3996 diu
2465 3943 2598 4012 post
2618 3938 2738 3995 haec
2754 3939 3025 4011 episcopo
3047 3940 3369 4011 quiescenti
3394 3968 3647 4023 persona

1993 4030 2261 4101 quaedam
2300 4029 2546 4086 terribili
2597 4045 2663 4085 ac
2712 4027 2923 4084 minaci
2974 4028 3143 4086 vultu
3191 4050 3502 4110 apparens,
3536 4044 3643 4102 hcc

1992 4118 2104 4175 sibi
2128 4136 2261 4175 cum
2283 4119 2538 4191 quadam
2563 4118 2900 4175 austeritate
2921 4117 3112 4174 dicere
3128 4120 3435 4182 videbatur
3458 4146 3471 4184 :
3500 4133 3642 4190 «Bo-

1994 4224 2137 4264 num
2169 4209 2314 4264 bene
2333 4207 2672 4281 cepisti,sed
2700 4225 2734 4263 a
2762 4205 2966 4279 emptis
3008 4206 3186 4265 nimis
3217 4212 3330 4268 cito
3355 4215 3638 4279 defecisti.

1992 4297 2139 4353 Cave
2167 4301 2187 4320 α
2220 4314 2290 4352 ne
2313 4300 2333 4320 “
2371 4296 2530 4352 hzec'
2556 4297 2643 4331 ¹⁶²⁴¹
2677 4294 2917 4352 defectio
2967 4298 3258 4370 majorum
3309 4303 3414 4358 tibi
3463 4322 3642 4365 causa

1992 4386 2070 4441 sit
2099 4385 2423 4441 ruinarum.
2448 4387 2672 4459 Repara
2698 4386 2784 4419 ¹⁶²⁸
2815 4401 2942 4456 quae
2974 4386 3225 4459 cmpisti,
3250 4407 3321 4445 ne
3372 4392 3430 4447 in
3475 4394 3639 4450 dete-

1993 4477 2147 4532 riora
2176 4475 2549 4546 procumbas.
2583 4497 2612 4524 ››
2663 4475 3044 4546 Experrectus
3092 4480 3150 4531 et
3197 4494 3399 4534 secum
3451 4482 3641 4538 multa

1992 4568 2355 4637 pertractans
2386 4564 2457 4618 de
2485 4580 2656 4636 opere
2687 4581 2722 4620 a
2751 4579 2813 4619 se
2841 4567 3026 4635 coepto
3059 4563 3378 4637 religionis,
3391 4571 3448 4622 et
3476 4572 3637 4625 tanto

1992 4659 2251 4726 tempore
2283 4653 2604 4727 neglectam
2634 4654 2721 4689 ¹⁶²⁹
2751 4652 2901 4707 hanc
2944 4668 3094 4719 esse,
3123 4653 3637 4713 commonitionem

1995 4760 2110 4799 non
2142 4742 2267 4799 sine
2298 4743 2418 4798 acri
2441 4741 2637 4799 dolore
2664 4740 2986 4814 perpendit.
3003 4740 3369 4797 Cubiculario
3392 4761 3525 4800 mox
3542 4747 3635 4801 cui

1994 4832 2288 4890 Matzilino
2302 4849 2621 4905 cognomen
2644 4831 2847 4886 accito.
2869 4852 2895 4880 ‹‹
2911 4829 3641 4902 Summa,inquit,maturi-

1993 4926 2110 4979 tate
2132 4922 2397 4982 Gorziam
2442 4920 2810 4993 proficiscere
2840 4922 2896 4973 et
2926 4918 3194 4974 abbatem
3209 4921 3295 4954 ³⁸³0
3326 4920 3636 4979 Einoldum

1993 5012 2109 5069 huc
2141 5012 2417 5069 continuo
2451 5010 2655 5065 adesse
2679 5007 2911 5079 jubeto.
2946 5028 2973 5055 »
3010 5006 3203 5077 Ipsam
3233 5008 3376 5063 forte
3406 5014 3637 5066 noctem

1994 5102 2175 5157 abbas
2207 5100 2431 5157 Mettim
2462 5101 2676 5171 egerat,
2705 5112 2770 5152 ac
2796 5093 3055 5150 diluculo
3086 5096 3338 5151 reditum
3370 5098 3634 5169 parabat.

1582 5222 1823 5281 VARI/1'3
1877 5226 2293 5285 LECTIONES.

309 5318 401 5399 1"}
430 5333 535 5399 vox
559 5316 721 5399 deest.
752 5349 821 5361 —
842 5319 1467 5399 prmbueru_nt.Verum
1500 5320 1653 5399 inter
1682 5321 1819 5399 Μαι).
1837 5326 2017 5399 suppl.
2072 5325 2161 5360 ¹⁶²³
2181 5339 2348 5399 mens
2379 5321 2526 5376 ratio
2546 5336 2575 5375 e
2598 5322 2765 5399 coni;
2784 5317 2873 5399 ‘fj‘
2893 5333 3095 5375 comen
3126 5320 3303 5399 c.__'_f"
3335 5320 3555 5399 majore
3584 5337 3630 5378 ε.

236 5389 329 5463 'Ff‘
469 5390 527 5445 L.
557 5405 664 5447 vox
680 5391 802 5463 jam

234 5461 326 5497 ¹⁶³⁰
356 5461 658 5519 abbatum.
681 5461 742 5519 Vc.

895 5399 989 5448 est.
1067 5392 1154 5427 ¹⁶²⁷
1187 5388 1349 5448 ηθὺ.
1383 5392 1652 5465 supplevi,
1688 5394 1765 5451 ita
1795 5388 2091 5456 loco-came
2125 5393 2333 5451 mederi
2360 5399 2601 5451 conatus.
2679 5392 2766 5427 ¹⁶²⁸
2799 5389 3019 5462 Repera
3049 5406 3094 5449 ε.
3174 5392 3262 5429 ²⁶²⁹
3294 5388 3555 5465 neglecta
3583 5409 3633 5453 c.

1817 5565 2049 5625 NOT/E.

305 5649 452 5727 (399)
482 5648 565 5705 Cf.
600 5648 879 5709 Miracula
909 5653 967 5711 S.
994 5651 1292 5726 Gorgonii,
1324 5668 1374 5710 c.
1412 5653 1499 5708 10.

2062 5655 2207 5732 (400)
2240 5652 2323 5712 Cf.
2348 5652 2479 5711 Mir.
2513 5653 2572 5712 S.
2606 5650 2933 5724 Maximini,
2966 5671 3016 5713 c.
3051 5652 3137 5708 12.
