4096 6174
381 390 490 450 291

1245 390 1573 452 JOANNIS
1616 387 1954 450 ABBATIS
1999 389 2062 450 S.
2113 387 2463 451 ARNULFI
2510 385 2920 449 METENSIS.

3672 389 3796 448 292

379 523 625 596 Moxque
648 524 953 578 matutinis
983 525 1157 578 dictis
1189 523 1648 588 abcedcns,cum
1692 528 1856 594 porte
1886 523 2020 576 civi-
2051 525 2104 590 Α
2136 523 2459 588 defuerant,
2485 521 2598 577 nisi
2630 520 2805 575 simul
2835 524 3022 576 totum
3053 519 3316 594 accipere
3346 523 3655 576 recusavit.
3678 522 3794 577 Sed

377 613 514 667 tatis
535 611 1221 682 acccssisset,clavesque
1251 611 1466 667 ibidem
1497 612 1881 683 opperiretur,
1896 627 2027 668 ecce

379 700 622 756 nuntius
683 701 754 755 ad
799 717 860 755 se
899 699 1340 754 accersiendum
1391 701 1610 756 missus
1657 701 2023 772 adproperat,

377 805 562 860 eoque
583 789 666 823 ¹⁶³¹
700 788 822 842 viso
853 805 918 842 ac
952 786 1203 843 salutato
1229 804 1242 842 :
1271 810 1300 837 «
1324 788 1790 861 Labore,inquit,
1827 807 1919 844 me
1946 807 2028 844 re-

376 876 638 945 levastis;
694 893 830 931 nam
886 877 958 932 ad
1016 893 1118 930 vos
1161 877 1275 931 huc
1325 878 1686 933 evocandum
1727 878 2020 945 mittebar,

375 965 766 1036 dominusque
796 982 897 1020 vos
927 966 1205 1020 continuo
1247 966 1356 1020 sibi
1380 967 1563 1038 jussit
1593 966 1816 1022 adesse.
1852 988 1879 1018 »

442 1054 534 1107 99.
565 1053 668 1108 Illo
703 1071 835 1108 mox
866 1055 1208 1109 adveniente
1236 1071 1412 1126 reque
1436 1059 1552 1109 tam
1588 1057 1889 1134 repentina
1911 1053 2026 1127 epi—

374 1158 550 1214 scopo
598 1144 946 1214 stupefacto,
974 1147 1038 1198 ut
1082 1143 1482 1215 ingrederetur
1521 1143 2026 1216 jubctur.Saluta-

372 1230 531 1286 tione
563 1231 805 1286 invicem
841 1233 1064 1287 dataet
1092 1233 1320 1287 reddita
1343 1249 1355 1287 :
1385 1254 1413 1282 «
1434 1233 1784 1305 Diu,inquid
1809 1233 2027 1305 episco-

374 1324 506 1390 pus,
538 1325 647 1388 est,
663 1321 818 1392 quod
848 1321 1022 1376 rebus
1054 1319 1184 1376 aliis
1215 1321 1874 1396 obstantibusﬁorziam
1905 1337 2021 1376 non

371 1407 532 1472 veni;
567 1409 669 1464 sed
691 1409 806 1464 Deo
827 1409 1055 1465 volente
1086 1409 1322 1466 animus
1363 1409 1508 1464 mihi
1555 1415 1713 1466 esset
1759 1409 1900 1465 illuc
1927 1427 2022 1466 ve-

374 1495 593 1552 niendi.
616 1528 685 1538 —
705 1498 851 1554 Cum
881 1497 1516 1570 maximo,inquid,vos
1533 1499 1864 1554 videbimus
1885 1515 2024 1572 gau-

377 1586 493 1641 dio.
517 1617 584 1628 —
616 1586 932 1656 Precedite,
967 1587 1177 1659 inquit,
1201 1604 1324 1656 vos,
1344 1591 1401 1644 et
1431 1603 1545 1660 quo
1575 1587 1669 1643 die
1701 1593 1765 1643 ut
1795 1603 1924 1644 eam
1945 1587 2025 1643 vi-

375 1675 626 1744 debitur,
643 1675 954 1747 resignate.
982 1697 1010 1726 »
1037 1677 1216 1732 Erant
1235 1681 1375 1732 tunc
1396 1676 1522 1732 dies
1535 1677 1746 1748 jejunii
1771 1681 2024 1749 quatuor

372 1767 704 1836 temporum
755 1764 976 1820 mensis
1032 1765 1275 1820 secundi
1307 1765 1454 1838 (401)
1485 1765 1544 1820 in
1595 1765 2023 1832 crastinum,ct

373 1851 458 1908 eis
487 1853 703 1908 exactis
734 1857 799 1907 ut
836 1853 998 1908 fieret
1046 1853 1210 1908 dixit.
1245 1873 1273 1903 «
1304 1853 1429 1908 Non
1483 1870 1631 1925 opus
1669 1858 1778 1922 cst,
1829 1853 2024 1925 inquit

376 1941 668 2010 abbas,ob
697 1941 850 1996 hanc
881 1957 1119 1996 causam
1143 1941 1392 2010 diiferri;
1427 1943 1526 1998 sed
1549 1943 1672 2014 ipse
1693 1942 1862 1998 hodie
1885 1960 2024 2014 prae-

375 2031 663 2098 cdam,et
683 2045 812 2086 cras
823 2047 924 2084 vos
940 2029 1084 2085 hora
1105 2047 1222 2102 qua
1236 2029 1508 2086 videbitis
1529 2031 2016 2103 exspectabimus.

375 2149 440 2158 —
467 2117 862 2190 Hora,inquit,
877 2119 1050 2174 tertia
1083 2119 1374 2174 veniam.»
1409 2119 1677 2174 Crastina
1705 2121 2016 2192 profectus,

374 2223 508 2263 cum
534 2207 660 2279 jam
695 2207 1046 2262 monasterio
1064 2207 1456 2280 propinquare
1487 2209 1756 2280 cepisset,
1773 2195 1896 2264 loco
1919 2209 2018 2281 qui

375 2296 680 2352 dicebatur
706 2297 790 2351 Ad
813 2312 1066 2364 crucem,
1082 2313 1232 2368 equo
1257 2298 1520 2368 dejectus
1541 2315 1607 2353 ac
1629 2297 2015 2367 discaltiatus,

376 2385 460 2440 sic
491 2402 678 2457 usque
708 2386 780 2440 ad
815 2385 1236 2440 monasterium
1259 2387 1434 2457 pedes
1459 2387 2016 2459 incedit.Exceptus,

373 2474 637 2530 oratione
669 2474 838 2543 facta,
858 2477 1145 2530 conventu
1189 2475 1484 2543 advocato,
1509 2475 1768 2548 vestigiis
1816 2493 2018 2532 eorum

373 2561 616 2634 supplex
647 2562 1052 2634 prosternitur,
1082 2561 1409 2635 neglectum
1442 2563 1534 2620 sui
1556 2564 1710 2620 circa
1729 2581 1828 2620 eos
1857 2566 1930 2620 ad
1960 2565 2016 2620 id

371 2668 558 2723 usque
589 2651 869 2723 temporis
899 2657 1154 2719 accusat,
1171 2669 1274 2724 spe
1303 2653 1374 2709 de
1403 2670 1465 2709 se
1487 2653 1712 2709 meliori
1736 2671 1834 2710 eos
1864 2655 2022 2710 dein-

370 2756 508 2812 ceps
537 2756 806 2795 recreans
825 2743 870 2806 ’⁸,
900 2740 1132 2796 veniam
1156 2741 1246 2776 ¹⁶⁸²
1283 2743 1641 2804 summissus
1687 2747 1904 2799 exorat.
1938 2745 2020 2800 Ea

369 2829 535 2885 facile
565 2829 894 2902 impetrata,
918 2829 1114 2885 villam
1144 2831 1439 2902 quondam
1464 2832 1620 2902 juris
1652 2833 2014 2902 monasterii,

368 2934 544 2990 quam
565 2918 742 2973 etiam
763 2921 904 2973 tunc
924 2934 1240 2990 germanus
1261 2919 1448 2991 ipsius
1461 2919 1758 2976 Gozilinus
1775 2922 1832 2976 in
1851 2923 2019 2977 bene-

368 3006 489 3062 ﬁtio
528 3007 836 3074 retinebat,
853 3023 978 3078 quae
1008 3007 1474 3080 Waringis'villa
1495 3008 1643 3081 (402)
1667 3010 1897 3078 dicitur,
1931 3011 2016 3066 eis

366 3095 643 3149 continuo
673 3095 955 3161 contulit;
989 3095 1136 3150 dans
1165 3097 1444 3150 mandata
1482 3097 1772 3166 ministro,
1808 3103 1873 3153 ut
1902 3099 2015 3154 nisi

365 3199 570 3238 omnes
615 3182 838 3237 reditus
886 3183 1109 3256 integre
1156 3185 1350 3239 abbati
1401 3185 1748 3257 assignaret,
1771 3185 1821 3241 si
1875 3186 2013 3259 quid

365 3270 589 3325 fraudis
621 3270 698 3325 ibi
731 3270 1169 3326 machinaretur
1195 3276 1251 3327 et
1281 3271 1742 3338 doli,maledicto
1785 3275 2012 3331 Dathan

235 3410 255 3432 κ
365 3363 539 3431 atque
571 3359 785 3414 Abiron
818 3360 928 3414 sub
961 3358 1175 3414 Christi
1209 3361 1519 3433 praesentia
1550 3362 1919 3418 multaretur.

437 3449 558 3503 100.
595 3447 728 3504 Post
758 3447 962 3503 horam
985 3449 1196 3519 jejunii
1220 3450 1532 3506 refectione
1555 3450 2010 3519 cxhibitu,omni

365 3553 499 3592 cum
525 3537 826 3593 alacritate
849 3537 1120 3610 episcopo
1150 3537 1520 3606 abscedente,
1535 3556 1670 3595 mox
1700 3539 1760 3594 in
1801 3541 2010 3598 crasti—

364 3643 505 3690 num
525 3626 706 3682 abbas
721 3641 855 3682 cum
872 3626 1202 3683 senioribus
1215 3627 1570 3698 quibusdam
1583 3629 1654 3684 ad
1668 3629 1866 3684 villam
1887 3647 2013 3702 pro-

363 3715 647 3773 ficiscitur
665 3716 1102 3789 pOSSidendam.
1118 3715 1261 3772 Cum
1285 3716 1472 3773 obiter
1491 3718 1561 3773 ad
1582 3723 1838 3774 castrum
1855 3721 2008 3791 quod

360 3805 699 3879 Scarponna
713 3807 864 3876 (403)
879 3805 1092 3861 dicitur
1108 3805 1505 3878 pervenissent
1526 3805 1668 3862 hora
1682 3807 1796 3863 fere
1815 3809 2006 3877 tertia,

359 3910 546 3967 equus
595 3893 883 3951 Johannis
931 3893 1260 3950 claudicare
1309 3895 1502 3968 caapit.
1555 3918 1582 3946 ‹‹
1614 3895 1783 3964 Quid,
1817 3895 2008 3970 inquit

359 3983 560 4050 abbas,
595 4000 782 4055 equus
831 3982 926 4039 ille
973 3983 1058 4038 sic
1087 3982 1504 4040 claudicat?-—
1527 3985 1834 4054 Ferro,ait,
1879 4003 2007 4060 per-

360 4071 478 4126 dito
510 4071 686 4128 dolet.
713 4103 782 4112 —
813 4072 937 4128 Non
972 4071 1125 4127 ultra
1149 4073 2006 4145 procedas,inquit,donecim-

359 4163 641 4230 ponatur;
667 4175 776 4214 nos
805 4159 902 4215 hic
951 4158 1185 4214 interim
1227 4161 1648 4236 opperibimur.
1681 4185 1710 4213 »
1743 4167 1886 4218 Cum
1935 4164 2008 4220 ad

358 4247 550 4302 forum
582 4248 846 4304 concitus
890 4245 1260 4316 declinasset,
1310 4249 1552 4321 quidam
1592 4251 1858 4317 fortuitu,
1891 4269 2008 4324 quo

358 4336 642 4404 tenderet,
675 4336 998 4408 requisivit.
1031 4334 1127 4392 Ille
1175 4336 1481 4410 paululum
1533 4341 2005 4398 cunctabundus.

361 4445 390 4475 «
414 4423 693 4491 Proderit,
721 4424 933 4497 inquit,
951 4423 1000 4478 si
1024 4439 1116 4479 me
1152 4441 1266 4480 uon
1303 4425 1591 4482 celabitis.
1609 4459 1672 4469 —
1696 4428 1878 4498 Unde,
1904 4430 2006 4502 ait,

355 4517 420 4569 tu
449 4513 550 4568 es?
576 4545 644 4552 —
666 4513 746 4568 Ex
765 4512 903 4568 villa
925 4513 1132 4569 Portus
1153 4514 1319 4586 (404),
1345 4537 1372 4565 η
1407 4514 1617 4588 inquit.
1653 4517 1790 4574 Erat
1809 4523 2006 4574 autem

355 4601 477 4692 haec
525 4603 701 4658 etiam
742 4602 1031 4692 pradicta}
1077 4603 1485 4675 possessionis.
1523 4626 1552 4655 ‹‹
1599 4605 1740 4662 Illuc
1789 4607 2002 4680 inquit,
2035 4627 2084 4692 υ

356 4691 530 4760 imus,
565 4707 634 4747 ex
660 4692 836 4764 jussu
867 4691 1122 4764 eplscopi
1155 4709 1299 4776 'eam
1340 4693 1660 4766 possidere.
1694 4727 1763 4738 —
1801 4695 2005 4753 Paucis

355 4797 470 4852 me,
500 4781 602 4852 ait,
636 4782 852 4836 audite.
879 4782 1100 4837 Census
1132 4786 1290 4839 totus
1321 4783 1578 4856 pecunia:
1602 4783 1792 4840 adhuc
1821 4785 1900 4840 ibi
1925 4803 2008 4842 re-

354 4868 600 4938 tinetur;
635 4887 768 4926 nam
801 4887 935 4926 cum
968 4870 1227 4942 proxime
1258 4889 1393 4928 eum
1435 4871 1703 4929 ministro
1751 4873 2005 4946 episcopi

353 4955 403 5012 is
434 4959 532 5030 qui
563 4958 875 5033 collegerat
897 4958 1211 5026 attulisset,
1227 4962 1365 5034 quia
1387 4962 1646 5034 quinque
1668 4963 1814 5020 forte
1835 4961 2008 5019 solidi

2137 617 2195 667 et
2232 629 2466 667 annona
2511 610 2648 666 anni
2697 609 2970 682 prieteriti
3027 609 3222 666 adhuc
3268 611 3568 666 recondita
3607 612 3794 682 jacet,

2137 699 2378 772 ipseque
2406 699 2677 754 minister
2706 702 2928 770 partem
2951 715 3067 754 non
3097 699 3390 754 modicam
3425 697 3550 754 suis
3581 699 3798 755 usibus

2137 788 2544 860 sequestravit.
2577 806 2605 838 »ι

2209 879 2329 932 101.
2362 877 2662 932 Johannes
2694 876 2956 932 celeriter
2983 893 3133 949 equo
3167 877 3317 931 ferro
3362 876 3640 951 imposito
3694 895 3797 936 re-

2135 960 2394 1032 diens,et
2421 967 2480 1020 in
2507 983 2707 1022 aurem
2741 983 2868 1037 qua:
2895 965 3181 1020 didicerat
3201 966 3395 1021 abbati
3417 967 3797 1033 locutus,mi-

2136 1055 2384 1110 nistrum
2418 1055 2672 1126 episcopi
2705 1055 2848 1108 hora
2879 1053 3109 1109 circiter
3158 1053 3362 1126 quinta
3407 1057 3800 1123 conveniunt,

2133 1144 2234 1216 qui
2266 1148 2406 1198 tunc
2438 1143 2581 1198 forte
2612 1144 2766 1215 apud
2807 1143 3092 1215 prmdium
3142 1142 3376 1198 nomine
3401 1143 3606 1200 Laium
3640 1146 3800 1216 (405)

2138 1249 2273 1288 cum
2307 1231 2607 1288 comitissa
2627 1233 2742 1287 Eva
2767 1236 2908 1287 tunc
2929 1231 3105 1286 vidua
3125 1233 3292 1299 (406),
3307 1233 3478 1301 cujus
3499 1233 3625 1305 ipse
3646 1237 3802 1290 tunc

2133 1322 2448 1377 advocatus
2477 1324 2620 1389 erat,
2639 1320 3014 1388 morabatur;
3039 1319 3312 1376 Albulfus
3333 1323 3421 1356 ¹⁶³³
3445 1323 3797 1378 vocabatur.

2134 1409 2188 1466 Is
2220 1410 2496 1466 mandato
2540 1408 2798 1482 episcopi
2849 1416 3084 1481 accepto
3120 1424 3132 1465 :
3165 1431 3194 1460 ‹‹
3216 1409 3416 1480 Hodie,
3444 1410 3660 1484 inquit,
3693 1411 3799 1468 hic

2133 1515 2314 1570 queso
2345 1503 2597 1566 manete,
2631 1501 2960 1570 cunctaque
2996 1497 3266 1570 praebebo
3297 1499 3643 1568 necessaria,
3679 1501 3800 1556 do-

2133 1603 2240 1642 nec
2270 1585 2647 1659 praemittam,
2680 1591 2738 1642 et
2770 1586 3060 1660 condigno
3102 1602 3206 1642 vos
3257 1585 3336 1642 ibi
3380 1587 3597 1644 honore
3629 1588 3800 1645 exci-

2132 1675 2312 1748 piam.
2349 1697 2376 1726 »
2411 1675 2774 1742 Quibusdam
2807 1675 3288 1744 assentientibus,
3321 1675 3620 1732 Iohannes
3651 1693 3799 1750 pro-

2132 1764 2442 1820 fectionem
2475 1763 2600 1820 sine
2623 1763 2901 1820 dilatione
2922 1762 3272 1819 instimulat.
3301 1764 3640 1820 Senioribus
3663 1766 3804 1839 qui-

2132 1853 2387 1909 busdam
2419 1853 2770 1919 dicentibus,
2803 1851 3050 1925 puerilia
3091 1851 3214 1907 hzec
3258 1869 3387 1908 esse
3432 1854 3699 1921 consilia,
3733 1859 3802 1911 et

2134 1941 2336 2014 pocius
2365 1959 2433 1998 ea
2457 1942 2549 1997 die
2579 1941 3127 2014 ibikquiescendum,
3143 1941 3472 2014 frustraque
3491 1959 3619 1998 esse
3639 1943 3799 1999 abs—

2133 2048 2246 2104 que
2275 2030 2394 2086 ullo
2416 2047 2586 2102 opere
2607 2029 2890 2097 laborare,
2906 2030 3088 2084 abbas
3113 2045 3126 2084 :
3154 2051 3183 2079 ‹‹
3215 2028 3796 2102 Satius,inquit,est,

2134 2136 2534 2192 properemus.
2586 2141 2614 2169 »
2673 2118 2972 2174 Johannes
3031 2117 3279 2174 celerius
3327 2135 3690 2190 praecurrens
3719 2151 3800 2161 —

2133 2224 2270 2263 nam
2295 2225 2410 2264 non
2431 2206 2563 2280 plus
2587 2206 2789 2279 leugas
2818 2209 2936 2262 tres
2958 2207 3198 2262 aberant
3221 2237 3287 2246 -—-
3306 2205 3601 2262 refectioni
3625 2207 3803 2262 habi-

2133 2297 2246 2352 lem
2271 2299 2513 2354 domum
2546 2297 2605 2352 in
2633 2296 2772 2352 villa
2801 2297 2931 2370 ipsa
2959 2301 3345 2369 praeoccupat,
3363 2301 3688 2368 cmteraque
3714 2297 3795 2352 ad

2133 2386 2191 2441 id
2223 2387 2675 2460 diligentissime
2726 2390 3031 2458 praeparat.
3087 2386 3332 2458 Moxque
3379 2385 3659 2442 horreum
3692 2386 3794 2440 in-

2132 2490 2392 2548 gressus,
2425 2475 2674 2532 callidus
2701 2474 2966 2530 omnium
2997 2475 3342 2546 explorator,
3362 2479 3428 2528 ut
3459 2473 3578 2548 sibi
3621 2479 3796 2530 erant

2131 2563 2646 2636 praedicta,ordinc
2677 2566 2888 2619 cuncta
2907 2563 3147 2618 invenit.
3162 2563 3382 2618 Census
3413 2561 3795 2618 collectorem

2130 2651 2406 2709 continuo
2437 2653 2746 2721 advocans,
2762 2668 2834 2708 ne
2865 2651 2991 2723 quit
3017 2667 3086 2706 ex
3123 2655 3242 2706 tota
3293 2667 3470 2723 quam
3513 2667 3694 2722 penes
3727 2667 3794 2706 se

2131 2741 2322 2797 adhuc
2379 2740 2666 2797 retinebat
2716 2756 2951 2795 summa
3002 2756 3245 2812 prorsus
3300 2739 3376 2794 sit
3421 2739 3790 2795 diminutum

2129 2847 2318 2902 usque
2347 2830 2404 2884 in
2437 2829 2808 2902 prmsentiam
2849 2827 3079 2884 abbatis
3109 2833 3166 2884 et
3213 2827 3466 2883 ministri
3497 2828 3787 2900 episcopi,

2125 2919 2498 2976 vehementer
2544 2935 2614 2974 ex
2659 2917 3004 2973 auctoritate
3049 2917 3465 2972 interminatur
3497 2916 3786 2990 episcOpi.

2130 3009 2352 3064 Interea
2379 3007 2650 3063 abbatem
2682 3023 2817 3062 cum
2851 3006 2976 3062 suis
3007 3004 3409 3060 advenientem
3441 3003 3784 3061 lautissime

2125 3095 2358 3168 excipit,
2389 3096 2659 3151 ministro
2707 3095 2768 3150 in
2811 3094 3139 3150 crastinum
3187 3097 3547 3166 exspectato;
3581 3093 3656 3149 ab
3705 3110 3782 3150 eo

2126 3185 2236 3240 sub
2270 3189 2498 3240 noctem
2521 3184 2671 3240 clam
2703 3183 2948 3240 nuntius
2969 3182 3188 3238 missus
3207 3199 3623 3255 censoremque
3643 3200 3786 3239 con-

2043 3257 2087 3324 C
2115 3273 2374 3340 veniens,
2409 3277 2473 3328 ut
2500 3269 2612 3328 sibi
2665 3272 2972 3344 pecuniam
2995 3271 3082 3306 “‘3‘
3113 3285 3290 3344 quam
3341 3271 3566 3344 pridem
3614 3277 3783 3328 attu-

2122 3360 2268 3418 lerat
2297 3361 2532 3417 domino
2560 3377 2666 3416 suo
2698 3361 3070 3416 deferendam
3111 3360 3314 3428 daret;
3347 3358 3443 3416 ille
3490 3359 3786 3416 interdic-

2121 3454 2248 3506 tum
2279 3450 2390 3506 sibi
2425 3467 2496 3506 ex
2521 3450 2698 3506 verbo
2726 3447 2986 3522 episcopi
3007 3448 3488 3517 dicens,vacuum
3522 3449 3781 3518 remisit,

2119 3539 2398 3598 Condicto
2441 3539 2500 3594 in
2551 3537 2875 3595 crastinum
2924 3537 3195 3593 minister
3241 3541 3468 3604 cuncta,
3497 3542 3564 3592 ut
3597 3537 3785 3610 jussu

2118 3629 2696 3702 erant,exequitur,et
2707 3627 2830 3699 juri
2852 3643 3054 3684 eorum
3077 3627 3300 3700 integre
3317 3627 3778 3700 possessionem,

2119 3736 2246 3792 qua:
2275 3722 2395 3774 tota
2425 3721 2659 3774 centum
2695 3732 3012 3772 mansuum
3035 3715 3358 3787 quantitate
3378 3715 3779 3788 protenditur,

2118 3807 2325 3865 incolis
2354 3809 2718 3864 sacramento
2749 3804 3018 3873 addictis,
3054 3805 3336 3878 assignat.

2191 3897 2312 3954 102.
2343 3895 2614 3952 Albulqu
2660 3895 2836 3951 tacite
2883 3894 3160 3950 nuntium
3209 3893 3405 3951 abbati
3447 3893 3669 3968 dirigit,
3707 3901 3782 3952 ut

2117 3985 2383 4058 quasdam
2409 3985 2517 4052 “3",
2534 4000 2660 4056 qum
2681 4000 2749 4040 ex
2783 3999 2888 4039 suo
2905 3986 3208 4040 contractu
3229 3982 3308 4039 ibi
3331 3982 3641 4050 habuerat,
3655 3984 3780 4040 sibi

2117 4074 2278 4130 reddi
2301 4073 2555 4145 juberet.
2579 4071 2842 4144 Cumque
2872 4071 3188 4128 scitum'm
3209 4076 3385 4140 esset,
3418 4071 3567 4128 nihil
3597 4089 3778 4144 pror-

2116 4178 2220 4218 sus
2247 4162 2376 4232 ejus
2407 4159 2487 4216 ibi
2509 4165 2686 4228 esset,
2707 4161 2808 4216 sed
2841 4164 3054 4216 cuncta
3074 4159 3281 4216 usibus
3302 4158 3523 4217 domini
3540 4161 3775 4229 cedere,

2117 4248 2428 4307 consilium
2462 4249 2608 4305 forte
2637 4249 2765 4316 fuit,
2781 4252 2846 4304 ut
2875 4247 3047 4305 solidi
3078 4249 3278 4306 decem
3309 4251 3410 4306 aut
3429 4249 3778 4322 quindecim

2116 4355 2220 4412 pro
2249 4339 2403 4394 bona
2451 4338 2578 4410 ejus
2626 4337 2964 4394 executione
3014 4337 3311 4394 darentur.
3357 4336 3614 4394 Nuntius
3655 4339 3779 4394 nisi

2113 4426 2296 4484 libras
2325 4427 2474 4482 duas
2505 4425 2795 4499 acciperet
2819 4441 3119 4494 recusans,
3150 4425 3502 4499 dominoque
3549 4443 3778 4482 renun-

2115 4517 2270 4572 tians
2303 4533 2316 4570 :
2354 4538 2382 4566 «
2412 4514 2622 4584 Stulte,
2639 4514 3248 4588 inquid,egisti,quod
3271 4515 3623 4571 offerebatur
3643 4515 3784 4588 reji-

2115 4605 2308 4674 ciens;
2341 4617 2478 4660 nam
2511 4603 2654 4660 forte
2677 4605 2806 4676 jam
2839 4619 2946 4660 nec
2997 4603 3069 4659 ad
3118 4620 3311 4660 assem
3348 4604 3705 4676 pervenitur.
3743 4627 3777 4656 »

2117 4692 2245 4764 Ipse
2277 4690 2652 4764 postmodum
2701 4692 2828 4764 jam
2861 4694 3061 4763 aperta
3089 4691 3300 4759 fronte,
3323 4707 3433 4748 sua
3478 4690 3589 4748 sibi
3623 4695 3648 4714 θ
3678 4692 3781 4747 di-

2113 4782 2236 4837 xit‘
2270 4781 2357 4817 “3"
2388 4779 2500 4834 nisi
2533 4779 2873 4848 reddantur,
2892 4779 3233 4852 episcopum
3255 4780 3329 4836 ob
3359 4779 3606 4852 injurias
3628 4797 3778 4836 con-

2113 4875 2448 4926 venturum.
2482 4867 2779 4924 Johannes
2803 4883 2817 4922 :
2846 4867 2964 4922 «Et
3001 4884 3128 4936 nos,
3151 4868 3364 4940 inquit,
3385 4885 3500 4924 non
3529 4869 3777 4943 diffugi-

2118 4976 2286 5026 mus;
2319 4956 2561 5012 forsitan
2593 4973 2685 5013 res
2706 4957 2836 5030 ejus
2861 4972 2974 5013 non
3000 4956 3234 5013 damnis
3255 4957 3580 5032 augebitur.
3603 4982 3630 5006 ι»
3668 4959 3781 5016 Ille

1720 5070 1964 5126 VARI/E
2004 5064 2420 5126 LECTIONES.

424 5153 509 5190 ¹³⁸¹
540 5142 830 5242 eosqu‘e‘c.
897 5157 1168 5242 ‘1“33'eans
1217 5158 1446 5242 veniam
1483 5160 1632 5242 jam.
1660 5159 1872 5214 desunt.
1953 5159 2042 5194 ¹⁶³³
2071 5153 2242 5212 Albul
2293 5153 2510 5210 deestc.
2589 5154 2678 5190 ¹⁶³⁴
2710 5153 2994 5228 peccunia
3041 5171 3088 5210 ι’.
3168 5154 3257 5190 ¹⁶³⁶
3289 5152 3543 5226 quodam
3591 5170 3644 5210 ο.
3679 5155 3780 5193 ³⁸³⁸

353 5223 533 5280 situm
563 5242 612 5282 ο.
660 5223 779 5262 ’¹⁶³⁷
813 5244 860 5283 s.
897 5227 954 5282 b.
986 5226 1210 5296 desunt;
1238 5246 1268 5284 θ
1297 5231 1438 5286 coni.
1471 5223 1738 5303 Supplevit

1939 5316 2172 5375 NOTAE.

424 5394 571 5473 (401)
604 5395 899 5473 Februarii
923 5416 936 5467 ;
964 5399 1186 5457 scilicet
1211 5398 1334 5456 dies
1368 5399 1573 5456 Martis
1597 5405 1729 5473 post
1750 5400 2005 5457 Domini-

357 5465 486 5522 eam
517 5465 808 5527 Invocavit.

425 5537 572 5678 (ἷίόξ)
603 5540 1040 5626 Warengeville.

524 5612 574 5678 η)
601 5608 962 5678 Charpeigne
993 5630 1040 5669 ac

450 5607 574 5686 4053)
601 5607 962 5686 Chrarpeigne
993 5614 1064 5669 ad
1098 5612 1419 5686 Mosellam,
1453 5614 1605 5676 infra
1641 5616 2005 5678 conﬂuentes
2112 5607 2336 5670 ῧαῖῐῐιθῖ
2367 5608 2410 5678 Ῐο
2441 5609 2676 5668 Ρνεαυθδ
2709 5624 2767 5684 Ρ·

355 5676 610 5740 Mosellae
640 5685 697 5739 et
723 5676 1021 5742 Meurthie.

2187 5394 2338 5465 (404)
2367 5393 2552 5465 Hodie
2583 5391 3023 5452 Saint-Nicolas.

2365 5464 2756 5593 Itﬁﬁlberonis
2813 5553 2844 5593 e
2888 5535 3070 5610 iscopi
3127 5534 3589 5613 consanguinea;
3637 5539 3780 5598 vide

2181 5613 2336 5668 [met
2367 5608 2410 5669 Ι,
2441 5609 2676 5668 Preuves
2711 5624 2767 5669 ι).
2957 5625 3084 5669 sua.

2908 5652 2922 5683 τ
2957 5625 3084 5686 ΒΨῙ·
