4096 6174
154 316 255 376 293
582 366 589 371 .
1060 312 1161 374 DE
1207 311 1397 377 VI'I‘A
1438 313 1763 378 JUANNIS
1807 316 2135 381 ABBATIS
2183 319 2663 384 GORZIENSIS.

3447 336 3563 392 294

154 447 409 503 conscius
441 449 593 499 retro
625 443 1088 500 commissorum
1116 465 1127 501 :
1157 448 1433 504 «Domini
1454 450 1803 521 mei,inquit,
1838 453 1890 516 Α
1922 453 2299 527 reverentiam
2347 460 2684 510 sanctorum
2724 458 2849 527 ejus
2880 458 3220 514 restituatis.
3257 486 3282 510 ››
3319 463 3564 517 Interro-

149 534 456 592 elcmosine
488 534 549 588 in
582 532 746 587 nullo
775 531 965 611 obniti
997 534 1082 588 vel
1115 535 1352 592 obstare
1407 539 1576 611 cupio
1606 557 1619 607 ;
1652 544 1812 594 tanta

147 643 237 699 ego
267 624 418 681 alias
442 622 635 696 gratia
655 621 848 694 ipsius
882 608 1029 677 mihi
1064 622 1280 680 collata
1307 608 1615 695 retineo,ut
1646 627 1809 683 facile

145 715 245 785 his,
276 712 516 769 etiamsi
552 712 725 784 plura
755 716 978 779 essent,
1006 714 1226 767 amoris
1270 716 1456 787 ipsius
1496 717 1681 789 gratia
1709 736 1805 773 ca-

143 806 428 877 rere,quin
462 809 519 858 et
550 802 662 858 mei
691 801 852 874 juris
885 802 1306 869 hereditarii,si
1339 806 1467 876 quit
1496 812 1804 878 competat,

143 893 280 949 ultra
301 892 480 947 velim
505 890 784 961 adjicere.
814 912 840 937 ››
880 889 964 943 Ita
996 907 1054 944 re
1087 896 1299 945 cuncta
1332 894 1550 959 sedata,
1585 901 1805 965 partem

137 979 527 1051 aliquam‘W,
561 977 867 1031 fructuum
922 975 974 1030 ei
1023 984 1351 1046 cesserunt,
1397 983 1453 1033 et
1502 998 1603 1052 pro
1656 982 1807 1037 bona

134 1068 248 1138 ejus
280 1066 672 1139 postmodum
726 1061 785 1119 in
820 1082 884 1119 se
917 1081 1057 1136 pace
1093 1083 1159 1120 ao
1191 1067 1403 1139 gratia,
1439 1072 1495 1122 et
1528 1073 1590 1124 ut
1618 1069 1804 1125 sicubi

132 1174 269 1229 opus
291 1155 575 1211 existeret
594 1154 655 1209 in
690 1154 783 1208 sui
818 1153 1159 1210 defensione
1186 1173 1253 1211 eo
1286 1156 1561 1229 deinceps
1583 1163 1807 1214 uteren-

131 1249 232 1311 tur,
266 1261 342 1300 ex
368 1247 616 1315 argento
648 1240 924 1297 similiter
954 1240 1154 1315 aliqua
1188 1243 1382 1317 largiti
1414 1251 1571 1301 sunt.

190 1332 316 1388 103.
350 1330 544 1388 Simili
561 1330 711 1403 (407)
728 1330 904 1386 modo
923 1347 1035 1387 non
1061 1332 1253 1389 multo
1275 1334 1577 1405 post,dum
1600 1335 1803 1391 fratres

126 1439 229 1494 quo
246 1421 516 1494 quadam
541 1418 810 1491 proxime
836 1419 947 1474 sibi
982 1421 1366 1493 possessione
1400 1424 1804 1495 frequentibus

124 1508 430 1583 pulsarent
462 1505 760 1579 precibus,
788 1506 1179 1582 difficilisque
1205 1509 1446 1566 omnino
1470 1516 1690 1583 pateret
1721 1512 1801 1568 cf-

123 1601 326 1667 feetus,
365 1614 609 1667 remque
633 1595 761 1667 jam
811 1597 1192 1668 desperatam
1245 1599 1441 1655 divino
1472 1600 1593 1656 solo
1628 1602 1800 1657 refcr-

122 1693 239 1745 rent
269 1685 515 1754 auxilio,
551 1689 790 1758 repente
818 1685 1140 1760 episc0pus
1170 1689 1384 1744 abbate
1404 1688 1586 1745 accito
1611 1706 1625 1744 :
1654 1690 1801 1758 Quod

120 1787 278 1846 tanta,
315 1775 533 1848 inquit,
570 1777 979 1847 importunitate
1006 1778 1325 1833 eluctatum
1359 1776 1575 1833 tandem
1614 1778 1799 1835 habete

119 1866 249 1941 quod
294 1867 546 1939 poscitis.
579 1863 685 1920 Nec
714 1863 853 1919 mihi
874 1868 1128 1935 gratiam
1162 1867 1362 1933 ullam,
1394 1866 1486 1921 sed
1518 1867 1665 1923 beato
1696 1869 1794 1925 Pe-

119 1966 211 2025 tro,
243 1958 349 2030 qui
374 1972 464 2011 me
490 1961 642 2011 nocte
674 1953 1001 2011 vehementer
1050 1956 1375 2029 perterruit
1400 1962 1450 2010 et
1481 1964 1538 2011 ut
1564 1958 1797 2026 facerem

119 2050 296 2121 coegit,
334 2045 632 2119 rependite.

183 2140 309 2195 104.
346 2138 640 2210 Tempora
656 2134 805 2209 (408)
825 2134 1314 2193 dissensionibus
1346 2134 1795 2206 nimis,regnum

118 2229 220 2285 hac
257 2228 401 2284 illac
451 2243 687 2301 quoque
727 2224 839 2281 sibi
887 2225 1167 2282 trahente
1217 2222 1598 2280 ﬂuctuabant.
1635 2225 1793 2292 Octo,

115 2317 419 2373 maximus
470 2318 601 2388 post
662 2330 861 2369 rerum
921 2315 1243 2385 augustas,
1278 2315 1412 2383 post
1450 2310 1793 2383 genitorem,
1851 2367 1860 2376 ,

115 2412 431 2463 strenuum
462 2421 566 2478 per
595 2402 800 2460 omnia
830 2418 1023 2475 regem
1044 2398 1613 2471 Heinricum,prima
1634 2400 1795 2471 regni

111 2501 247 2551 tunc
283 2492 563 2567 auspicia
583 2491 958 2565 ceperat,sub
976 2505 1093 2561 quo
1127 2486 1493 2544 Gislebertus
1515 2488 1794 2545 ducatum

115 2586 273 2658 regni
312 2582 606 2652 Lotharii,
658 2579 992 2638 Everardus
1051 2574 1312 2633 Francia:
1368 2576 1683 2634 Austrasizs
1741 2582 1798 2633 et

113 2672 503 2747 quorundam
532 2675 701 2727 trans
735 2670 966 2726 Renum
992 2664 1231 2721 tenebat
1259 2663 1542 2720 locorum.
1577 2666 1792 2722 Trans-

112 2763 389 2818 rhenana
448 2759 687 2816 interim
748 2758 950 2831 quieta
1008 2752 1349 2809 manebant.
1383 2753 1593 2811 Nostra
1639 2754 1796 2811 varie

108 2852 576 2917 infestabuntur,
608 2866 715 2905 nec
752 2849 972 2919 jugum
1015 2842 1182 2898 facile
1213 2841 1620 2899 admittebant.
1657 2844 1794 2899 Inde

110 2937 720 3014 Bosoquidamﬁlius
744 2936 974 2992 dudum
998 2930 1284 3005 principis
1307 2931 1792 3006 Burgundionum

103 3029 421 3097 Ricbardi,
458 3033 687 3102 partem
749 3027 1013 3097 aliquam
1074 3020 1237 3094 regni
1292 3021 1404 3077 sibi
1455 3022 1792 3080 evindicans

101 3120 454 3191 castrisque
485 3135 548 3174 se
586 3116 899 3174 continens
947 3110 1390 3178 munitissimis,
1423 3110 1792 3168 dominatum

1834 1825 1882 1891 B

1920 518 2090 610 gatus
2123 557 2248 612 quze
2281 548 2495 610 essent,
2529 547 2585 597 et
2616 545 2880 614 audiens,
2912 546 3268 604 omnimodis
3315 552 3568 624 abnegat

1921 627 2030 693 ³⁸⁸³,
2059 632 2115 683 et
2164 634 2227 683 ut
2276 647 2337 685 sc
2385 629 2496 686 cito
2553 638 2937 701 summoveat,
2986 634 3255 707 imperat.
3301 639 3372 693 At
3423 639 3560 696 ille:

1923 717 2104 787 «Ego,
2140 718 2351 790 inquit,
2384 720 2735 775 summoveri
2770 739 3008 793 possunt
3037 743 3048 789 ;
3083 724 3179 779 alii
3213 724 3350 781 item
3384 728 3565 785 multo

1918 806 2252 858 nostrorum
2286 809 2424 859 sunt
2464 805 2661 875 plures
2705 811 2761 861 et
2801 810 3172 880 potentiores,
3207 813 3307 883 qui
3340 814 3565 872 vicibus

1917 891 2223 946 succedere
2273 909 2385 946 non
2446 895 2779 961 cessabunt,
2818 913 2920 950 nec
2950 916 2984 951 a
3015 897 3322 955 latratibus
3361 919 3563 960 eorum

1917 977 2175 1049 requiem
2203 981 2344 1034 dum
2370 981 2568 1036 vivetis
2592 982 2973 1038 habebitis—
2996 987 3129 1051 Quae
3154 988 3318 1060 mihi,
3353 991 3563 1063 inquit,

1916 1083 2057 1121 cura
2108 1067 2354 1125 latratus
2399 1088 2599 1126 eorum
2623 1072 2651 1126 ‘?
2680 1105 2747 1111 ——
2770 1073 3139 1143 Clamabunt,
3173 1076 3383 1150 inquit,
3418 1081 3564 1136 assi-

1915 1155 2134 1209 due.——
2154 1158 2236 1211 Ad
2261 1175 2435 1229 quem
2468 1160 2810 1232 rogo?Num
2844 1162 2914 1216 ad
2949 1180 3143 1236 regem
3175 1166 3368 1222 nescio
3390 1185 3563 1240 quem

1914 1245 2083 1297 tuum
2107 1242 2135 1298 ?
2163 1244 2313 1301 Num
2347 1247 2418 1301 ad
2452 1248 2659 1303 ducem
2711 1254 2879 1305 tuum
2928 1251 3096 1308 illum
3129 1254 3566 1315 Gislebertum?

1915 1347 2089 1402 quem
2122 1347 2228 1404 ego
2260 1334 2375 1389 acsi
2413 1353 2645 1391 servum
2677 1355 2875 1394 meum
2906 1340 3109 1413 reputo
3142 1344 3567 1403 novissimum?

1916 1418 2042 1474 Pari
2076 1421 2248 1475 modo
2278 1424 2426 1478 etde
2455 1423 2726 1498 episcopo
2757 1444 2862 1482 suo
2889 1432 2976 1483 est
3001 1429 3561 1504 Adalberone,quem

1912 1506 2110 1578 ipsum
2142 1508 2344 1581 utique
2392 1516 2679 1584 quantum
2730 1515 2875 1570 mihi
2923 1515 3104 1572 virtus
3150 1518 3337 1575 fuerat
3366 1519 3562 1580 iuvare

1913 1596 2303 1670 decreveram,
2337 1600 2437 1671 qui
2466 1601 2537 1656 de
2567 1601 2767 1658 vitrico
2799 1619 3030 1676 quoque
3077 1607 3207 1678 ejus
3253 1607 3562 1667 Richizone

1911 1685 2039 1755 ejus
2061 1702 2241 1741 causa
2260 1686 2573 1744 vindictam
2606 1693 2833 1764 sumpsi
2861 1710 2874 1761 ;
2899 1694 2999 1748 sed
3024 1694 3161 1766 quia
3182 1714 3338 1753 nunc
3358 1702 3562 1755 contra

1914 1789 2007 1829 me
2038 1774 2109 1829 ad
2141 1773 2531 1833 Gislebertum
2579 1780 2807 1850 defecit,
2836 1781 3046 1838 viderit
3089 1784 3230 1856 quid
3263 1786 3315 1841 ei
3349 1804 3417 1843 ex
3447 1788 3556 1845 hoc

1913 1863 2204 1917 commodi
2265 1866 2522 1921 cesserit.
2564 1892 2583 1915 »
2619 1870 2781 1925 Tunc
2832 1870 3129 1928 Johanncs
3165 1891 3176 1929 :
3211 1897 3238 1925 «
3271 1874 3560 1932 Clamabi-

1908 1967 2062 2018 mus,
2089 1951 2375 2023 inquit,ad
2404 1953 2608 2024 Deum,
2643 1959 2741 2028 qui
2767 1976 2926 2031 reque
2958 1977 3266 2032 personam
3299 1968 3560 2022 nostram

1907 2038 2152 2111 accipiet
2181 2044 2238 2095 et
2267 2047 2538 2099 vestram.
2572 2067 2597 2094 ››

1982 2129 2105 2182 106.
2156 2127 2257 2183 Ille
2289 2133 2634 2189 commotior
2666 2152 2678 2189 :
2727 2160 2753 2186 ς(
2787 2137 2911 2192 Non
2942 2137 3100 2209 hinc,
3134 2140 3236 2209 ait,
3267 2142 3559 2197 caballum

1907 2216 2120 2271 referes
2150 2217 2236 2272 vel
2255 2219 2614 2291 jumentum.
2644 2224 2917 2283 Potestati
2942 2232 3161 2297 vestrae,
3188 2231 3287 2297 ait,
3316 2230 3422 2285 hoc
3454 2231 3563 2286 erit

1906 2310 1962 2358 et
1993 2306 2227 2376 quando
2258 2306 2414 2362 aliud
2446 2326 2559 2365 non
2585 2311 2693 2367 erit
2713 2315 2961 2382 consilii,
2986 2318 3161 2388 pedes
3194 2319 3411 2387 redibo,
3444 2336 3558 2374 non

1906 2399 2127 2449 ceteros
2185 2399 2379 2451 tamen
2428 2399 2500 2454 ob
2550 2400 2659 2457 hoc
2689 2403 3045 2459 doterribitis
3088 2406 3197 2460 '“3.
3230 2430 3257 2457 ››
3312 2407 3412 2462 Ille
3432 2409 3559 2479 jam

1906 2482 2094 2554 magis
2126 2485 2424 2541 acccnsior
2458 2504 2470 2542 :
2509 2511 2536 2538 «
2569 2489 2991 2564 Membrisjam
3026 2494 3171 2565 ipsis
3201 2511 3454 2567 quoque,
3478 2495 3564 2549 in-

1904 2570 2627 2642 quit',multaberis“5“.»
2652 2580 2722 2633 At
2743 2580 2839 2636 ille
2863 2598 2875 2635 :
2907 2605 2927 2629 α
2955 2580 3150 2652 Vobis,
3176 2583 3275 2651 ait,
3303 2584 3360 2638 id
3392 2581 3562 2637 facile

1903 2659 2170 2729 efficere;
2204 2661 2346 2717 mihi
2396 2668 2590 2720 autem
2636 2684 2750 2722 non
2786 2668 2984 2725 minus
3014 2687 3186 2742 perna
3215 2672 3369 2736 est‘,
3402 2667 3558 2739 quod

1904 2749 2020 2783 "9‘5
2044 2748 2246 2821 utique
2296 2767 2411 2806 non
2459 2752 2603 2810 satis
2653 2755 2880 2812 dolebo.
2914 2756 2974 2813 Si
3002 2758 3187 2814 oculis
3232 2753 3561 2829 privabitis,

1904 2837 2136 2909 magnis
2166 2855 2260 2894 me
2284 2839 2442 2894 curis
2464 2845 2520 2896 et
2538 2839 2838 2898 laboribus
2867 2842 3159 2917 levabitis,
3182 2843 3325 2917 quia
3354 2842 3567 2898 sedens

1903 2926 2139 2997 quietus
2159 2926 2406 2999 psalmis
2418 2932 2474 2984 ct
2485 2929 2849 2988 orationibus
2862 2932 3143 2992 intentior
3153 2930 3523 2991 essevalebo.
3538 2946 3567 2977 ιι

1901 3013 2045 3068 Cum
2069 3014 2139 3070 de
2165 3014 2432 3070 virilibus
2460 3016 2556 3072 ille
2587 3017 2914 3075 minaretur
2937 3036 2949 3074 :
2979 3042 3007 3070 «
3031 3021 3297 3080 Maxima
3326 3034 3445 3091 me,
3471 3013 3573 3081 ait,

1902 3102 2357 3159 sollicitudinem
2390 3122 2665 3161 securum
2698 3108 2973 3164 rcddetis.
3010 3130 3037 3157 »
3064 3110 3211 3168 Jam
3244 3106 3361 3162 fere
3394 3101 3578 3178 arripi
3670 3151 3683 3156 -

102 3210 483 3281 cujusquam
515 3204 760 3280 prorsus
782 3198 1511 3274 respuerat.Victoriacum
1544 3200 1792 3274 Campa-
1823 3193 1865 3260 C
1895 3192 2157 3281 jusscrat
2186 3209 2492 3261 eum,cum
2525 3197 2736 3266 conjux
2766 3197 3025 3268 prudens
3057 3215 3215 3258 sane
3247 3196 3466 3259 mulier
3495 3214 3580 3253 m-

99 3299 215 3353 nia:
250 3300 529 3352 castrum
562 3294 860 3359 obtinens,
896 3288 1049 3344 inter
1079 3285 1307 3359 reliqua
1350 3287 1792 3361 circumposito-

103 3404 241 3441 rum
259 3384 678 3459 possessiones
692 3381 783 3416 ¹⁶³⁹
797 3378 1087 3451 quasdam
1102 3375 1439 3432 monasterii
1464 3377 1794 3435 Gorziensis

101 3474 231 3531 acsi
280 3477 426 3547 jure
479 3468 833 3528 hereditario
867 3467 956 3502 ¹⁶⁸⁰
989 3468 1320 3538 usurparet.
1353 3465 1437 3519 Ad
1488 3465 1595 3521 has
1627 3484 1791 3540 repo-

100 3565 395 3629 scendas,
432 3562 484 3618 si
518 3563 665 3617 forte
699 3557 855 3631 apud
906 3554 1083 3611 talem
1130 3554 1324 3609 virum
1355 3552 1439 3609 vel
1474 3572 1577 3627 pro
1599 3556 1791 3612 divino

98 3652 328 3710 timore
360 3651 531 3708 locus
562 3648 836 3721 precibus
869 3643 1026 3700 ullus
1058 3647 1231 3712 esset,
1264 3642 1562 3700 Johannes
1596 3646 1666 3702 ab
1698 3646 1793 3702 ab-

100 3742 247 3799 bate
284 3742 378 3776 ¹⁶⁴¹
412 3746 472 3797 et
504 3736 785 3795 fratribus
816 3738 904 3790 est
934 3732 1287 3788 destinatus.

174 3833 315 3889 105.
357 3828 484 3895 Ille,
520 3824 614 3884 cui
648 3821 1001 3881 obmdientia
1028 3825 1240 3876 cuncta
1265 3820 1531 3877 difﬁcilia
1559 3821 1643 3878 vel
1687 3823 1789 3878 im-

94 3918 433 3992 possibilia
454 3914 647 3973 facilia
667 3916 724 3969 et
749 3910 1055 3985 possibilia
1087 3909 1439 3977 reddiderat,
1455 3927 1559 3982 per
1579 3910 1790 3968 infesta

90 4007 452 4065 latrociniis
483 4004 610 4061 loca
640 4006 697 4057 et
725 4017 854 4073 qua:
894 3997 1257 4054 multitudini
1318 4012 1551 4070 quoque
1594 4005 1789 4056 essent

91 4095 518 4161 formidanda,
556 4108 670 4148 uno
728 4092 958 4144 tantum
1019 4086 1229 4142 comite
1287 4102 1355 4141 ex
1405 4086 1627 4143 familia
1674 4087 1783 4144 sibi

94 4190 462 4257 assumpto,
493 4182 602 4238 iter
648 4194 961 4252 aggressus
1020 4181 1125 4232 est.
1157 4175 1309 4232 Dum
1360 4193 1429 4231 ex
1472 4176 1786 4250 improviso

93 4274 488 4339 advenisset,
507 4266 703 4326 comiti
736 4263 1070 4333 nunciatur,
1104 4266 1161 4319 et
1192 4262 1477 4335 quidnam
1502 4262 1675 4318 ferret
1704 4263 1787 4319 in-

96 4370 354 4420 certum
384 4375 578 4417 coram
608 4354 1006 4421 intromissus,
1039 4352 1138 4408 ubi
1170 4349 1518 4424 legationem
1558 4351 1786 4407 abbatis

88 4461 145 4509 et
177 4464 519 4511 servorum
551 4445 650 4502 Dei
682 4462 785 4518 pro
812 4460 873 4499 rc
903 4458 1019 4514 qua
1049 4440 1393 4496 mittebatur
1414 4439 1785 4508 absolvit,illo

87 4542 150 4598 in
182 4542 369 4597 iram
408 4534 725 4593 concitato:
760 4530 950 4598 «Quis
982 4533 1057 4597 te,
1092 4527 1303 4600 inquit,
1338 4527 1641 4585 maleficus
1670 4528 1787 4585 huc

78 4626 420 4687 adduxit?
444 4623 548 4680 Ubi
573 4620 847 4677 custodiae
880 4618 992 4674 illa:
1014 4621 1383 4684 meorum,ut
1412 4632 1511 4672 eas
1540 4616 1623 4672 sic
1655 4634 1783 4689 per-

77 4714 457 4783 transieris,
502 4708 819 4769 afuerunt?
850 4739 915 4747 —
944 4706 1522 4777 Quomodocumque,
1570 4705 1781 4779 inquit,

68 4808 420 4863 adductus
469 4800 604 4868 sim,
634 4799 747 4855 huc
804 4795 1060 4871 perveni,
1094 4798 1152 4850 et
1189 4794 1468 4850 mandata
1497 4799 1554 4850 et
1582 4812 1783 4867 preces

68 4909 429 4953 servorum
462 4888 563 4947 Dei
594 4889 665 4945 ad
692 4904 793 4943 vos
816 4886 1040 4953 alI‘erro,
1068 4886 1132 4939 ut
1162 4900 1290 4955 quae
1322 4883 1393 4938 de
1425 4883 1600 4939 rebus
1626 4884 1782 4957 ipso-

64 5000 243 5043 rum
292 4978 611 5049 invasistis,
637 4980 872 5051 propter
900 4988 1156 5030 amorem
1180 4971 1281 5028 Dei
1310 4976 1367 5028 et
1398 4972 1666 5029 timorem
1694 4973 1780 5030 vel

1902 3280 2227 3350 tervcnit,et
2259 3299 2329 3337 ne
2363 3281 2460 3337 tali
2493 3300 2555 3339 se
2586 3284 2829 3341 infamia
2857 3284 3307 3358 dehonestaret,
3331 3290 3582 3371 supplex

1902 3373 2120 3437 monet,
2155 3388 2227 3425 ne
2239 3370 2367 3441 jam
2389 3388 2494 3427 nec
2535 3373 2841 3431 monachis
2858 3372 2947 3429 vel
2982 3381 3180 3436 servis
3204 3378 3304 3435 Dei
3335 3370 3578 3457 parcere

1900 3458 2193 3515 diceretur
2218 3465 2307 3529 ;et
2328 3461 2467 3532 quia
2488 3461 2784 3534 postulata
2815 3463 3313 3536 negabat,saltcm
3335 3474 3570 3540 illesum

1902 3545 2060 3601 abire
2093 3548 2472 3619 permitteret.
2509 3549 2593 3605 Ita
2621 3550 2927 3619 dimissus,
2963 3555 3020 3607 et
3049 3570 3084 3609 a
3118 3559 3426 3624 comitissa
3459 3570 3563 3642 ιϐιδ,

1901 3635 2027 3707 quae
2058 3636 2201 3691 satis
2251 3642 2479 3708 compte
2523 3655 2656 3693 eum
2682 3640 2767 3675 ¹⁶⁸⁷
2799 3648 3123 3716 exceperat,
3158 3648 3442 3717 quiddam
3474 3635 3564 3698 ιδιά

1897 3724 2091 3781 viatici
2114 3723 2462 3798 percipiens,
2481 3727 2614 3783 dato
2632 3726 2743 3783 sibi
2767 3729 2838 3783 ab
2870 3728 3072 3785 eadem
3107 3735 3255 3791 duce
3275 3745 3554 3818 quodam,

1900 3814 1999 3885 qui
2050 3831 2240 3886 usque
2286 3815 2357 3870 ad
2405 3814 2534 3871 loca
2572 3815 2897 3872 latronibus
2928 3815 3111 3875 libera
3143 3823 3232 3859 ¹⁶⁴⁹
3260 3843 3396 3886 cum
3426 3814 3551 3893 tuto

1899 3903 2259 3975 perduceret,
2293 3903 2402 3959 iter
2430 3904 2677 3960 festinus
2707 3905 2976 3978 arripuit.

1970 3992 2093 4047 107.
2118 3992 2283 4048 Circa
2329 3991 2534 4049 horam
2584 3992 2701 4049 fere
2746 3994 2979 4050 tertiam
3019 3995 3215 4056 villam
3250 4010 3547 4074 quandam

1898 4080 2433 4153 ingrcdiuntur,ubi
2457 4087 2778 4138 mercatum
2810 4100 2879 4139 ea
2906 4084 3051 4140 forte
3076 4087 3169 4144 die
3192 4089 3546 4169 habebatur;

1896 4174 1953 4227 et
1982 4186 2113 4227 ecce
2169 4169 2482 4226 multitudo
2533 4188 2634 4244 per
2678 4176 2865 4227 totum
2898 4171 3087 4231 forum
3121 4175 3547 4256 diripientium,

1894 4258 2281 4316 vendentibus
2315 4263 2488 4331 atque
2514 4259 2844 4316 ementibus
2874 4277 3036 4332 mque
3070 4266 3354 4339 spoliatis,
3390 4289 3544 4329 mor-

1893 4352 2013 4404 tem
2045 4348 2304 4419 insuper,
2330 4348 2378 4403 si
2411 4348 2552 4420 quid
2579 4348 2954 4418 oblatrarcnt,
2985 4352 3406 4414 minitantium.
3440 4361 3545 4417 Jo-

1893 4437 2118 4492 hannes
2166 4436 2439 4492 comitem
2484 4453 2660 4509 quem
2705 4456 2773 4495 ex
2812 4441 3165 4498 monasterio
3212 4454 3545 4518 sumpserat

1895 4524 2147 4598 clipeum
2182 4525 2458 4581 ferentem
2512 4526 2761 4582 intuitus
2795 4544 2808 4582 :
2846 4549 2873 4578 ‹‹
2907 4527 3031 4597 Hic,
3066 4528 3281 4602 inquit,
3321 4533 3544 4606 clipeus

1895 4614 2175 4670 damnose
2207 4612 2373 4669 nobis
2406 4615 2682 4671 advectus
2701 4620 2807 4684 est,
2824 4615 2963 4687 quia
2986 4634 3089 4672 nec
3110 4621 3173 4672 tu
3194 4636 3260 4675 eo
3284 4626 3346 4677 ut
3366 4638 3539 4694 expc-

1894 4702 2043 4759 dibit
2062 4699 2328 4770 uteris,et
2356 4702 2479 4775 ipse
2512 4702 2568 4757 in
2605 4720 2708 4759 nos
2740 4703 3001 4758 forsitam
3034 4705 3316 4777 impetum
3348 4712 3539 4766 conci-

1891 4790 2057 4848 tabit.
2094 4823 2158 4831 —
2190 4790 2336 4858 Quia
2372 4796 2457 4856 tu,
2508 4790 2602 4846 ille
2653 4792 2882 4864 inquid,
2933 4797 3152 4850 ceteros
3204 4797 3536 4855 mortalium

1892 4880 2053 4939 solus
2084 4879 2165 4936 ita
2194 4879 2733 4940 confidentissimus
2763 4880 3077 4947 inccdis,et
3106 4884 3311 4939 merito
3342 4886 3540 4958 digna-

1892 4988 2006 5044 que
2036 4972 2221 5024 morte
2251 4966 2595 5040 peribimus.
2623 4990 2643 5016 ιι
2671 4968 2815 5024 Cum
2848 4972 3080 5039 repente
3113 4971 3254 5027 dum
3285 4971 3539 5031 hesitant

1481 5115 1723 5172 VARl/E
1762 5111 2179 5173 LECTIONES.

152 5251 291 5289 ιω,
327 5247 578 5321 aliquem
604 5263 653 5301 ε,
694 5244 782 5281 1539
800 5244 923 5316 jam
949 5241 1109 5299 deest.
1145 5242 1234 5277 isto
1264 5239 1676 5321 hereditatoriq
1703 5256 1755 5321 ρ,
1790 5240 1880 5321 ιθιξ
1908 5233 2389 5321 αέἣιᾳιοᾊίωέξια
2417 5233 2484 5287 Μ.
2518 5233 2805 5321 abnegat?
2836 5250 2884 5289 ε.
2906 5234 3017 5321 ff“
3048 5238 3122 5321 ita
3149 5240 3535 5321 czli‘iff‘inquit

64 5323 228 5381 mul
277 5318 500 5376 desunt.
530 5318 694 5388 ‘me.
729 5331 765 5388 q

58 5415 103 5455 ε
139 5397 333 5454 latr.
364 5391 603 5448 obsessa
632 5387 809 5445 libere
838 5389 893 5442 2.

1711 5487 1946 5559 nonus.

151 5614 356 5693 (407)
381 5614 465 5675 Ex
494 5611 784 5674 Miraculis
815 5611 874 5672 S.
909 5607 1184 5690 Gorgonii
1216 5624 1266 5668 c.
1302 5607 1372 5670 ΙΙ.

775 5304 849 5371 ,ἐ
875 5316 1017 5370 coni.
1053 5313 1142 5349 ’⁸⁸⁸
1173 5312 1245 5370 ab
1276 5327 1343 5368 ea
1376 5313 1427 5368 1.
1463 5328 1497 5369 a
1519 5310 1821 5370 comitissa
1848 5314 1905 5368 2.
1940 5310 2027 5346 ¹⁶⁴⁷
2058 5310 2137 5362 ita
2162 5308 2217 5360 2.
2251 5320 2381 5360 com
2416 5321 2429 5358 :
2466 5321 2478 5359 :
2515 5321 2528 5359 :
2567 5321 2579 5359 :
2616 5304 2788 5359 1Ῐ¹⁶⁴⁸
2819 5304 3061 5378 quidam
3084 5309 3133 5363 1.
3161 5310 3249 5347 ¹⁶⁴⁹
3278 5304 3458 5370 libere
3480 5316 3530 5371 1.

1957 5601 2101 5681 (408)
2128 5599 2209 5658 Ex
2239 5598 2539 5661 Miraculis
2568 5600 2626 5661 S.
2662 5602 2962 5684 Gorgonii,
2994 5621 3044 5666 c.
3080 5607 3169 5666 12.
