4096 6174
487 294 608 354 295

1355 288 1682 355 JOANNIS
1728 289 2062 352 ABBATIS
2110 291 2177 350 S.
2226 287 2568 350 ARNULFI
2614 283 3034 349 METENSIS.

3784 287 3902 348 296
3967 329 3979 348 .

490 427 784 498 quendam
816 426 927 481 sibi
957 430 1159 482 notum
1192 425 1306 478 dux
1337 441 1512 496 quem
1545 408 1842 478 comitissa
1901 423 2137 478 dederat
2163 423 2217 490 Α
2253 421 2455 476 horam
2480 423 2594 476 fere
2622 437 2835 476 nonam
2866 419 3650 492 obdormiens,experrectus
3679 419 3903 474 Johan—

490 516 901 588 conspicatur;
934 531 999 570 eo
1029 513 1212 570 accito
1245 527 1537 584 causaque
1564 511 1718 567 dicta
1750 527 1762 566 :
1801 535 1828 561 ‹‹
1863 511 2136 577 Maximo,

490 603 704 676 inquit,
736 603 851 658 huc
880 600 1138 675 periculo
1169 599 1508 668 advenistis,
1532 603 1589 656 et
1608 617 1680 656 an
1711 618 1812 656 vos
1842 600 1979 656 huic
2002 617 2141 673 quo-

489 710 603 764 que
635 694 802 764 pacto
833 689 1099 763 expedire
1147 689 1369 762 possim
1414 688 1638 762 ignoro.
1675 713 1696 741 ιι
1733 689 2034 744 Johanncs
2065 689 2139 744 ad

486 779 610 835 hazc
643 795 656 836 :
693 800 722 830 «
749 778 852 834 Vel
881 783 1044 835 trans
1075 777 1281 834 silvam
1311 793 1664 851 usque,quze
1697 778 1980 851 proxima,
1997 794 2137 834 con-

487 867 867 942 spicitur,nos
890 868 1204 940 perducere
1222 867 1434 940 possis,
1459 872 1670 923 caetera
1698 866 1983 924 Dominus
2013 883 2140 940 pro-

487 959 735 1014 curabit.
769 979 797 1008 ››
834 957 920 1013 Ita
947 957 1181 1012 turbam
1218 955 1636 1029 praztergressi,
1667 955 1852 1028 gradu
1897 956 2139 1028 pacifica

487 1063 554 1102 ac
585 1051 906 1120 temperato
937 1045 1010 1101 ad
1042 1044 1250 1100 silvam
1309 1061 1498 1117 usque
1552 1045 1894 1117 procedunt.
1931 1045 2140 1100 Fronte

487 1135 578 1171 ¹⁶⁵⁰
597 1139 848 1210 captato,
881 1133 1105 1190 stinuli
1149 1133 1343 1190 aerius
1391 1133 1766 1208 subiguntur,
1801 1150 1868 1190 ac
1901 1133 2170 1207 praepeti,

487 1241 664 1282 cursu
695 1223 848 1280 saltu
878 1223 1437 1294 transmisso,iibero
1445 1222 1574 1294 jam
1595 1221 1862 1297 gramine
1881 1223 2138 1296 quodam

485 1313 682 1370 cibum
715 1311 1008 1387 sumpturi
1041 1311 1423 1368 descendunt.

557 1403 681 1458 108.
713 1402 1014 1460 Johannes
1053 1400 1222 1474 panis
1245 1402 1332 1436 ¹⁶⁵¹
1364 1401 1516 1458 casei
1551 1417 1616 1458 ac
1646 1400 1826 1474 piscis
1855 1400 2138 1474 quiddam

401 1551 411 1554 _
483 1508 552 1548 ex
609 1489 960 1548 subsellaria
1032 1489 1182 1563 pelle
1235 1489 1585 1563 producens.
1742 1532 1756 1546 .
1808 1489 1943 1564 equi
2021 1490 2138 1526 ’³⁸⁸³

482 1585 615 1654 post
642 1584 804 1654 tergo
837 1577 928 1636 sui
959 1578 1172 1646 soluto,
1205 1579 1414 1635 ducem
1445 1578 1516 1635 ad
1545 1580 1897 1634 sumendum
1939 1577 2137 1636 cibum

481 1669 768 1726 hortatur.
795 1669 950 1724 Inter
969 1667 1262 1724 edendum
1295 1668 1412 1723 dux
1441 1669 1669 1740 adjecto
1692 1669 1808 1702 "‘53
1837 1667 2092 1740 suspirio
2118 1685 2131 1724 :

483 1781 510 1809 α
541 1759 684 1815 Tres
715 1761 818 1814 aut
845 1760 996 1814 certe
1027 1756 1782 1830 quattuor,inquit,menses
1811 1761 1968 1825 sunt,
2003 1757 2132 1830 qui-

481 1847 592 1904 bus
623 1845 784 1906 nullo
807 1847 971 1918 juste
1011 1845 1304 1918 adquisito
1349 1845 1478 1901 cibo
1507 1844 1596 1902 vel
1627 1850 1766 1918 potu
1799 1863 1942 1902 usus
1974 1862 2127 1914 sum,

479 1939 688 2008 prmter
734 1949 850 2007 quo
898 1950 1054 1990 nunc
1095 1939 1246 1988 utor.
1279 1955 1307 1983 η
1343 1935 1576 2006 Nosque
1606 1951 1832 2003 omnes,
1863 1951 1929 1990 ve
1961 1935 2131 1991 nobis

481 2022 678 2080 miseri
705 2023 718 2079 l
753 2027 868 2078 non
898 2019 1010 2077 nisi
1041 2021 1236 2094 praeda
1265 2025 1322 2077 et
1347 2020 1781 2078 calamitatibus
1839 2023 2132 2080 vescimur

479 2112 829 2168 miserorum
873 2111 956 2166 Ad
990 2109 1110 2166 haec
1131 2109 1428 2166 Johanncs
1461 2109 1780 2166 salutarem
1827 2111 2129 2184 ingressus

476 2201 825 2268 doctrinam,
841 2201 1117 2271 juvenem
1133 2200 1220 2234 ‘6“
1242 2198 1446 2256 multis
1475 2200 1753 2256 adversus
1775 2200 1894 2256 lucc
1926 2200 2126 2257 horta-

477 2291 670 2360 batur,
705 2288 1009 2361 multoque
1039 2287 1250 2345 melius
1277 2287 1558 2362 inopiam,
1594 2289 1809 2346 famem
1849 2289 2128 2362 sitimque

476 2380 797 2448 ferendam,
832 2395 959 2451 qua:
993 2377 1146 2434 Deus
1178 2377 1382 2450 utique
1411 2381 1476 2433 ut
1506 2378 1711 2434 avibus
1743 2383 1802 2434 et
1829 2379 2126 2436 vermibus

475 2468 823 2538 sublevaret,
851 2483 1029 2540 quam
1064 2466 1158 2524 his
1187 2465 1404 2540 quibus
1432 2467 1588 2524 Deus
1615 2468 2003 2524 offenderetur
2031 2467 2126 2524 in-

475 2557 700 2616 sistere.
729 2557 990 2613 Tandem
1041 2556 1114 2611 ad
1163 2555 1273 2612 hoc
1303 2573 1497 2612 sermo
1527 2557 1832 2629 processit,
1864 2561 1928 2613 ut
1959 2558 2030 2613 ab
2058 2575 2126 2615 ea

474 2646 590 2714 die,
621 2663 682 2702 se
711 2646 782 2702 ab
823 2645 918 2701 his
965 2648 1426 2718 temperaturum
1467 2643 1849 2717 promitteret.
1885 2646 2124 2717 Refecti,

465 2737 682 2808 juvene
723 2733 988 2801 dimisso,
1029 2732 1328 2790 Johannes
1375 2733 1519 2790 dum
1548 2734 1890 2806 vespertinas
1923 2736 2124 2808 synaxi

471 2824 708 2898 signum
741 2823 1000 2890 daretur,
1031 2819 1296 2877 Gorziam
1327 2821 1606 2895 pervenit.

546 2912 668 2967 109.
701 2911 828 2968 Non
880 2908 1052 2966 multi
1101 2908 1488 2965 interfuerant
1535 2909 1680 2980 dies,
1709 2925 1840 2965 ecce
1881 2908 2123 2967 nuntius

474 2999 704 3057 comitis
736 2999 981 3056 Bosonis
1009 2997 1276 3054 Gorziam
1304 2996 1562 3065 veniens,
1597 2999 1768 3054 anxio
1799 2999 1996 3056 dolore
2025 3000 2122 3055 do-

2251 527 2383 566 nem
2415 511 2675 577 advocat,
2709 525 2962 580 eumque
3009 506 3220 566 salutis
3268 524 3390 564 sum
3439 513 3907 583 recuperatorem

2251 602 2518 668 testatus,
2551 597 2770 654 honore
2821 595 3005 652 multo
3051 596 3394 666 deductum,
3425 599 3482 654 et
3510 614 3615 670 pro
3655 597 3910 670 quibus-

2250 703 2502 760 cumque
2530 685 2713 742 voluit
2745 685 3073 758 praebendis
3104 688 3378 758 paratum
3411 702 3474 740 se
3503 687 3690 743 offert.

2323 777 2444 831 110.
2478 773 2776 844 Possessio
2809 774 2953 844 (409)
2983 778 3106 830 erat
3163 774 3503 832 monasterii
3553 773 3731 848 longo
3783 775 3912 847 jam

2253 871 2404 922 retro
2463 868 2726 936 tempore
2783 862 3046 918 beneficii
3106 862 3486 920 nominem”
3515 864 3587 918 ad
3633 863 3912 920 comitem

2250 955 2543 1026 quendam
2561 952 2760 1025 palatii
2783 951 3139 1008 Hamedeum
3153 951 3548 1026 devoluta,qui
3562 951 3742 1009 simul
3758 954 3916 1010 bona

2251 1042 2590 1099 monasterii
2624 1042 2734 1096 sub
2767 1040 3029 1113 precaria
3056 1040 3144 1097 vel
3177 1041 3462 1114 prestaria
3488 1059 3669 1116 quam
3701 1041 3914 1099 dicunt

2251 1131 2570 1188 obtinebat.
2603 1131 2683 1187 Eo
2715 1148 2849 1188 mox
2879 1131 2996 1166 ¹⁴¹⁶⁶⁰
3025 1131 3280 1188 abeunte
3328 1131 3388 1186 in
3431 1132 3630 1188 eadem
3663 1149 3910 1206 posses-

2251 1220 2581 1294 sione,quia
2604 1219 2870 1294 proxima
2889 1223 3014 1278 erat
3034 1219 3408 1289 monasterio,
3427 1221 3678 1278 necdum
3703 1220 3910 1278 funere

2249 1309 2422 1378 elato,
2446 1309 2602 1382 quod
2627 1307 2823 1367 Mettis
2845 1309 3036 1364 fuerat
3068 1308 3467 1378 deferendum,
3492 1313 3557 1366 ut
3575 1309 3635 1364 in
3656 1309 3911 1366 basilica

2249 1399 2431 1455 beata:
2461 1396 2705 1472 virginis
2727 1397 2946 1466 Maria},
2963 1413 3076 1471 que
3104 1397 3321 1454 dicitur
3347 1399 3418 1455 ad
3449 1397 3906 1464 xenodochium,

2251 1485 2878 1555 humaretur,Johanni
2895 1485 3099 1544 Gorzie
3119 1489 3208 1544 est
3224 1485 3740 1544 nuntiatum.Casu
3763 1491 3907 1544 tunc

2250 1575 2331 1630 ibi
2350 1575 2662 1649 episcopus
2685 1575 3322 1632 advenerat.Johannes
3343 1575 3455 1632 cito
3485 1576 3756 1633 abbatem
3775 1594 3912 1634 cau-

2248 1681 2377 1721 sam
2419 1669 2772 1732 commonet,
2807 1664 3012 1722 ordine
3041 1665 3311 1734 edocens,
3345 1665 3684 1740 episcopum
3719 1667 3909 1724 inter-

2249 1753 2444 1826 pellet.
2467 1753 2664 1810 Abbas
2706 1770 2838 1808 mox
2874 1753 3240 1828 introgessus
3271 1759 3328 1810 ct
3354 1754 3632 1828 gravitate
3663 1755 3768 1812 illa
3799 1773 3912 1812 sua

2249 1841 2559 1914 paululum
2581 1843 3052 1912 cunctabundus,
3085 1847 3218 1916 post
3247 1843 3480 1916 aliqua:
3506 1846 3657 1912 «An,
3681 1845 3908 1917 inquit,

2243 1931 2548 1987 audieritis
2575 1950 2587 2001 ;
2617 1931 2975 1987 Hamedeum
2997 1936 3255 1988 vestrum
3286 1932 3490 1990 dicunt
3516 1933 3908 1990 defunctum?

2241 2051 2310 2060 --
2333 2020 2401 2075 Et
2449 2036 2576 2093 ego,
2609 2019 2823 2092 inquit,
2857 2020 3180 2076 audieram.
3229 2021 3424 2077 Abbas
3462 2021 3766 2093 subjunxit
3799 2039 3815 2078 :
3852 2023 3907 2080 Is

2241 2109 2523 2182 quiddam
2549 2108 2704 2180 juris
2735 2110 3074 2167 monasterii
3107 2111 3218 2168 sub
3249 2110 3510 2182 precaria
3553 2110 3899 2180 detinebat;

2241 2199 2300 2254 id
2333 2197 2502 2254 nobis
2533 2198 2788 2274 recipere
2818 2196 3006 2268 liceat,
3023 2199 3298 2271 petimus.
3324 2232 3391 2244 -—
3411 2199 3600 2268 Omni,
3619 2201 3724 2270 ait,
3748 2199 3898 2257 illud

2241 2285 2506 2344 libertate
2582 2287 2840 2361 rccipite.
2885 2309 2912 2337 υ
2974 2289 3170 2346 Abbas
3220 2305 3281 2345 re
3337 2289 3587 2346 Johanni
3659 2289 3893 2346 relata:

2243 2398 2271 2428 «
2293 2375 2462 2447 Quid,
2487 2375 2701 2452 inquit,
2725 2375 3106 2450 postulastis?
3125 2408 3196 2420 —
3219 2379 3562 2446 Precariam,
3585 2378 3802 2451 inquit.
3824 2411 3894 2419 —

2237 2465 2376 2541 Ego,
2409 2464 2636 2540 inquid,
2669 2482 2738 2523 ex
2788 2465 2896 2524 hoc
2944 2465 3090 2522 nihil
3137 2467 3508 2536 commonui;
3541 2483 3680 2522 nam
3728 2468 3890 2522 istud

2236 2553 2418 2626 gratis
2452 2553 2620 2612 nobis
2656 2553 2897 2624 rediret;
2919 2554 3022 2612 sed
3053 2555 3406 2618 beneﬁcium
3434 2559 3498 2611 ut
3526 2555 3890 2627 repeteretis,

2236 2642 2418 2698 suasi.
2435 2641 2707 2698 Protinus
2727 2643 2910 2702 abbas
2929 2643 3268 2718 episcopum
3292 2648 3556 2716 repetens
3578 2645 3724 2700 dicit
3751 2661 3766 2699 :
3801 2643 3890 2700 ln-

2234 2729 2364 2804 quit
2395 2731 2572 2786 frater
2601 2731 2921 2800 Johannes,
2950 2749 3043 2788 me
3073 2733 3220 2789 nihil
3251 2734 3392 2790 utile
3421 2733 3574 2806 apud
3603 2749 3708 2788 vos
3748 2734 3892 2790 effe-

2233 2819 2404 2876 cisse.
2439 2851 2506 2860 —
2539 2819 2686 2888 Quid
2747 2820 2928 2894 igitur
2963 2822 3047 2856 ¹⁶⁶¹
3097 2821 3465 2878 intenditur?
3490 2853 3558 2862 —
3607 2821 3744 2890 Res,
3788 2821 3890 2892 ait,

2233 2909 2520 2980 quasdam
2552 2925 2764 2967 mensa:
2811 2909 3056 2966 fratrum
3092 2910 3357 2984 proprias
3386 2910 3705 2980 detinebat,
3737 2927 3892 2984 quas

2234 3001 2300 3052 ut
2327 3013 2690 3072 reposcercm
2737 2997 3077 3054 stimulavit.
3116 3023 3137 3050 ιι
3181 2999 3502 3074 Episcopus
3549 2999 3716 3054 vultu
3765 3005 3892 3056 toto

476 3089 704 3144 minum
735 3086 894 3161 gravi
927 3084 1270 3158 aagritudine
1299 3084 1446 3140 lecto
1479 3085 1710 3141 nuntiat
1738 3087 2025 3144 decidisse
2055 3105 2122 3144 ac
2231 3087 2569 3142 demutatus
2595 3103 2609 3140 :
2647 3085 2828 3156 «Vos,
2862 3087 2964 3156 ait,
2987 3103 3315 3160 numquam
3344 3087 3657 3160 quicquam
3680 3105 3892 3144 eorum

473 3195 619 3250 pene
666 3173 1298 3250 desperatum~jacere,
1332 3189 1682 3246 summaque
1715 3190 1882 3247 prece
1913 3192 2120 3232 mona-
2152 3163 2195 3229 C
2231 3174 2586 3244 tenuistis,ct
2607 3175 2767 3231 omni
2789 3180 3050 3250 tempore
3070 3177 3342 3233 benefitio
3372 3181 3510 3232 sunt
3536 3176 3844 3250 deputata.
3859 3201 3891 3230 »

471 3267 673 3335 chum,
694 3263 794 3337 qui
820 3263 1044 3336 pridem
1069 3279 1104 3317 a
1135 3279 1198 3317 se
1222 3266 1565 3329 recesserat,
1594 3262 1708 3318 sibi
1739 3262 1890 3318 mitti
1922 3267 2120 3336 postu-

469 3355 636 3412 laret.
670 3353 942 3408 Protinus
965 3351 1264 3408 Johannes
1295 3350 1505 3407 abbate
1527 3351 1774 3424 jubente
1803 3353 1955 3410 celer
1981 3371 2120 3428 pro-

471 3443 736 3518 greditur
755 3443 843 3478 ¹⁶⁵⁵
873 3439 1080 3497 Comiti
1116 3439 1424 3496 nuntiatur
1469 3440 1696 3496 adesse.
1729 3441 1878 3498 Dum
1902 3443 1990 3478 ¹⁶⁵⁶
2020 3459 2120 3500 co-

472 3549 598 3590 ram
654 3531 963 3588 venisset:
1021 3528 1346 3598 «Quando,
1402 3527 1613 3600 inquit,
1669 3531 1926 3602 proxime
1985 3531 2120 3590 hinc

468 3621 768 3697 digressus
787 3636 992 3688 es,non
1007 3621 1130 3674 tam
1147 3635 1324 3692 prope
1348 3617 1493 3674 mihi
1515 3617 1918 3676 estimaveram
1943 3621 2120 3682 finem

465 3713 595 3769 vitea
643 3727 814 3784 posse
861 3707 1184 3782 subripere.
1231 3707 1448 3764 Habeto
1516 3724 1648 3765 ecce
1711 3709 1928 3782 pradia
1989 3727 2118 3784 qum

467 3797 1238 3874 postulaveras,tantumquc
1255 3799 1568 3868 patronum
1588 3813 1681 3853 me
1699 3814 1893 3854 rerum
1915 3815 2121 3864 earun-

466 3890 600 3946 dem
641 3886 872 3954 efficite,
903 3889 963 3942 et
1005 3882 1283 3957 quicquid
1335 3883 1544 3940 exinde
1589 3884 1756 3941 vobis
1784 3887 2114 3959 deperierit,

466 3994 574 4052 ego
605 3993 747 4032 auro
791 3975 1032 4048 probato
1080 3973 1422 4046 repensaho.
1455 3995 1484 4024 »
1519 3973 1620 4028 His
1651 3972 1822 4030 dictis
1853 3975 1939 4031 vel
1969 3976 2115 4034 actis

465 4067 610 4122 dum
641 4080 672 4120 e
703 4067 1018 4135 conspectu
1061 4061 1280 4117 abisset
1310 4063 1396 4096 ¹⁶⁸⁷
1423 4066 1480 4118 et
1522 4059 1794 4134 hospitio,
1828 4079 1942 4134 quo
1973 4063 2116 4122 satis

466 4153 739 4210 humanae
767 4151 855 4187 ¹⁸⁸⁸
899 4147 1088 4206 curari
1141 4148 1296 4221 jussi
1346 4149 1595 4217 fuerant,
1625 4165 1687 4205 se
1736 4149 2114 4224 recepissent,

464 4257 662 4300 comes
711 4255 938 4309 somno,
973 4253 1088 4310 quo
1130 4237 1256 4308 jam
1279 4253 1382 4309 per
1412 4241 1609 4310 plures
1641 4236 1767 4295 dies
1796 4237 1884 4296 vel
1915 4245 2114 4299 noctes

461 4329 701 4405 penitus
744 4345 948 4385 carens
995 4325 1180 4384 nimia
1229 4325 1361 4382 tabe
1410 4325 1718 4398 defecerat,
1751 4329 1832 4386 ita
1880 4334 2114 4402 repente

462 4417 910 4494 opprimitur,ut
940 4415 1013 4472 ab
1038 4414 1183 4470 hora
1213 4430 1366 4472 nona
1395 4431 1584 4488 usque
1613 4415 1672 4473 in
1700 4417 2112 4490 subsequentis

462 4508 574 4565 diei
603 4495 807 4564 horam
830 4507 949 4563 fere
977 4503 1212 4561 tertiam
1241 4521 1356 4598 non
1377 4503 1752 4580 evigilaverit.
1775 4509 1847 4562 At
1879 4508 2112 4564 tandem
2142 4535 2190 4598 Β

461 4595 1166 4672 experrectus,conjugem
1198 4593 1433 4650 nomine
1464 4595 1662 4667 sepius
1691 4594 1895 4652 iterato
1927 4594 2112 4652 incla-

461 4683 768 4762 mitat,sibi
791 4684 1014 4756 aliquid
1037 4683 1192 4754 quod
1210 4687 1405 4739 sumat
1425 4683 1897 4757 adportet.Cujus
1913 4683 2113 4742 itidem

451 4777 579 4848 jam
612 4773 881 4848 pluribus
901 4772 1047 4828 actis
1069 4771 1278 4828 diebus
1300 4771 1462 4828 nulla
1481 4772 1530 4827 ei
1551 4773 1717 4844 copia
1745 4774 1933 4830 fuerat
1953 4790 2117 4829 assu-

459 4861 806 4931 mendi.Quo
825 4861 968 4917 satis
993 4859 1412 4917 delectabiliter
1431 4861 1905 4936 sumpto,iterum
1929 4877 2116 4935 usque

2232 3264 2424 3321 Causa
2440 3280 2574 3320 vero
2595 3269 2718 3320 erat
2737 3265 2894 3338 quod
2915 3265 2974 3320 in
2997 3264 3090 3320 his
3116 3266 3374 3322 difficilis
3393 3265 3891 3339 videbatur,quod
3958 3289 3969 3299 ε

2231 3354 2439 3410 fratres
2461 3353 2511 3408 ei
2546 3351 2744 3427 plures
2775 3370 2843 3408 ex
2873 3357 3058 3411 matre
3089 3358 3274 3423 erant,
3307 3359 3364 3412 et
3393 3353 3478 3411 eis
3508 3370 3698 3428 usque
3728 3356 3808 3410 ad
3831 3353 3889 3410 id

2230 3441 2512 3517 temporis
2561 3459 2770 3516 parum
2811 3443 3116 3500 consulere
3160 3449 3448 3517 potuerat,
3483 3442 3756 3516 pluribus
3797 3461 3890 3500 res

2228 3531 2508 3607 episcOpii
2541 3531 3102 3604 retinentibus,quos
3124 3531 3349 3609 privare
3369 3549 3474 3588 nec
3491 3531 3596 3604 jus
3625 3548 3734 3588 nec
3755 3550 3892 3588 con-

2230 3619 2428 3680 silium
2451 3623 2577 3678 erat
2597 3652 2662 3661 —
2683 3623 2846 3678 tanto
2877 3620 3081 3676 robore
3121 3638 3191 3677 ex
3223 3620 3623 3694 superioribus
3651 3620 3890 3694 episco-

2229 3725 2438 3782 porum
2463 3709 2638 3766 rebus
2664 3707 2863 3765 fractis
2893 3707 3234 3766 nitebantur
3262 3741 3331 3750 ——
3371 3713 3428 3766 et
3474 3707 3604 3767 ideo
3652 3709 3766 3766 hac
3797 3708 3889 3765 vel

2226 3797 2488 3870 qualibet
2515 3796 2817 3854 occasione
2844 3797 2990 3872 ipsis
3009 3799 3308 3872 germanis
3329 3815 3444 3874 quo
3462 3797 3602 3872 quid
3633 3797 3888 3872 largire-

2224 3891 2323 3942 tur
2352 3885 2708 3960 expectabat.

2300 3976 2422 4030 111.
2438 3973 2582 4031 Huic
2603 3979 2798 4034 tamen
2823 3976 3132 4034 intentioni
3154 3977 3300 4035 alias
3322 3977 3548 4052 probati
3559 3977 3692 4034 etin
3703 3978 3891 4035 rebus

2223 4062 2436 4119 divinis
2450 4064 2694 4135 spectati
2711 4065 3016 4124 sanctiviri
3029 4066 3179 4124 miro
3189 4066 3392 4124 ordine
3403 4066 3687 4124 divinitus
3697 4071 3794 4123 est
3803 4085 3892 4128 re:

2225 4151 2692 4225 fragatum.Nam
2704 4152 2912 4210 abbate
2928 4169 3210 4226 responso
3222 4157 3351 4228 ejus
3362 4171 3510 4228 pene
3521 4155 3594 4212 ab
3606 4155 3773 4212 omni
3792 4155 3884 4212 ul-

2222 4240 2432 4297 teriore
2473 4245 2687 4297 conatu
2708 4245 2757 4311 ',
2793 4241 3070 4298 deterrito
3091 4246 3136 4312 ',
3172 4243 3482 4318 episcopus
3503 4247 3523 4270 "
3545 4245 3884 4317 vespertino

2223 4329 2338 4364 “6"
2358 4333 2667 4397 conventu,
2691 4346 2806 4402 quo
2843 4331 3070 4404 pridem
3113 4331 3276 4389 valde
3314 4331 3591 4389 oblectari
3622 4331 3838 4389 solitus
3858 4337 3881 4357 ·

2221 4421 2346 4474 erat
2365 4421 2411 4488 ',
2442 4423 2500 4474 et
2518 4419 2538 4442 '
2563 4423 2698 4474 ante
2721 4422 2741 4443 '
2765 4420 2853 4456 ¹⁶⁸³
2883 4419 3028 4476 satis
3068 4421 3336 4493 jucunde
3380 4420 3464 4478 eis
3511 4420 3704 4477 fuerat
3732 4439 3880 4478 con-

2221 4505 2468 4576 vivatus,
2493 4505 2597 4562 ivit
2619 4506 2878 4580 quidem,
2909 4509 3010 4564 sed
3043 4509 3278 4566 nonnisi
3316 4527 3502 4582 pansa
3528 4526 3629 4578 ore
3659 4509 3880 4578 libans,

2223 4595 2494 4668 protinus
2524 4595 2980 4668 rediit.Moxque
3006 4597 3162 4654 dicto
3190 4597 3564 4672 completorio
3591 4604 3784 4654 strata
3818 4617 3886 4656 se

2222 4683 2394 4742 locat.
2429 4683 2613 4740 Multa
2660 4700 2860 4741 secum
2905 4701 3166 4754 versans,
3207 4685 3468 4744 medium
3516 4686 3635 4742 fere
3683 4687 3885 4743 noctis

2221 4772 2517 4828 insomnio
2538 4773 2842 4847 fatigatur;
2858 4773 2958 4829 ubi
2983 4773 3143 4829 nullo
3165 4791 3440 4830 somnum
3461 4773 3636 4830 datur
3654 4775 3888 4831 adscis-

2223 4877 2352 4918 cere
2383 4866 2576 4934 pacto,
2607 4865 2672 4918 ut
2701 4861 2880 4918 moris
2909 4860 3024 4919 sibi
3053 4867 3176 4918 erat
3204 4863 3412 4936 surgit,
3434 4865 3492 4918 et
3510 4863 3765 4919 orationi
3788 4865 3886 4900 ¹⁶⁶⁸

1813 5012 2054 5068 νΑΒιιΕ
2092 5011 2400 5069 LECTION
2405 5013 2510 5069 ES.

531 5142 620 5177 “5°
649 5139 842 5197 Monte
865 5137 894 5195 ?
924 5170 989 5180 —
1023 5138 1206 5210 Frena
1239 5136 1376 5194 Illab.
1411 5137 1496 5210 ‘9“
1530 5153 1719 5210 panes!
1739 5153 1880 5210 corr.
1915 5137 2088 5210 panis
2111 5153 2160 5194 ε.
2195 5139 2285 5176 ¹⁶³²
2309 5140 2388 5196 ita
2415 5156 2442 5196 ,ς

2518 5138 2718 5222 RW
2743 5138 2959 5222 ἒεεςαειω
2983 5139 3362 5222 mavis?!”
3390 5139 3883 5222 ‘°",it9,suppleo.-

531 5155 620 5177 ιοαυ
651 5155 842 5197 monte
866 5155 894 5195 τ
924 5170 989 5180 -
1023 5155 1206 5194 r'reno
1239 5155 1376 5194 man.
1413 5155 1496 5172 ιυυι
1530 5155 1710 5221 panes
1739 5155 1880 5220 corr.
1915 5155 2088 5210 panis
2111 5155 2160 5194 ε.
2197 5155 2284 5176 ὀω-
2309 5155 2388 5196 ua
2415 5155 2718 5266 81Lng
2745 5155 2959 5197 lacunae
2983 5155 3116 5222 pars
3145 5155 3362 5197 maemr
3391 5155 3480 5176 που
3506 5155 3586 5196 ιω
3613 5155 3883 5214 summa;

459 5213 699 5270 Labe
730 5211 1048 5284 producto,
1067 5209 1160 5266 sed
1184 5226 1218 5264 a
1244 5216 1409 5281 patet.
1429 5209 1532 5284 ﬁt“
1551 5217 1639 5284 ita
1668 5208 1736 5266 M.
1769 5209 2118 5284 inveniret.
2152 5211 2242 5284 1f“
2271 5227 2472 5284 procre
2518 5216 2636 5268 itur
2661 5229 2709 5268 ο.
2731 5211 2832 5284 Α¹⁶Ῐ⁵⁶
2857 5211 2935 5267 du
2965 5227 3021 5284 ς.
3033 5211 3138 5284 Α¹⁶⁰⁷
3168 5211 3441 5284 αδὶεεθίσ.
3474 5211 3563 5284 ¹ε⁸⁸
3592 5211 3890 5270 humana:

457 5301 504 5341 c.
533 5285 622 5365 “fit”
655 5279 999 5338 ita-Labbeus
1030 5279 1286 5365 ζᾳαιῃαίη
1315 5281 1511 5352 explet.
1548 5280 1636 5316 ³⁵⁸⁸
1665 5296 1737 5335 ex
1766 5297 1796 5336 e
1819 5283 1960 5338 coni.
1996 5283 2080 5318 ⁸⁸⁸⁸
2111 5280 2186 5340 ad
2217 5279 2351 5338 eum
2381 5283 2553 5340 deleta
2578 5290 2698 5356 post
2726 5279 2924 5356 igitur.
2959 5282 3164 5338 ²⁶⁶².....
3185 5299 3260 5340 no
3281 5283 3396 5340 cod.
3430 5283 3520 5319 ⁸⁸⁸³
3548 5286 3606 5340 te
3635 5284 3756 5343 cod.
3786 5287 3884 5365 “ff

458 5354 720 5412 oratione
748 5368 890 5408 corr.
923 5350 1172 5418 orationi
1203 5367 1251 5406 ε.

2048 5477 2280 5538 NOT/E.

529 5583 678 5664 (409)
707 5581 791 5640 Cf.
826 5581 1108 5646 Miracula
1136 5584 1195 5644 S.
1231 5583 1506 5658 Gorgonii
1529 5601 1580 5643 e.
1615 5585 1703 5642 15.
