4076 6174
240 347 369 407 ’2θῖ

1146 346 1248 405 DE
1290 344 1468 404 VlTA
1516 343 1841 406 JOANNIS
1887 343 2223 405 ABBATIS
2270 346 2749 408 GORZIENSIS.

3533 349 3653 410 298

258 482 341 516 ’δόδ
370 479 710 534 incumbere
741 483 1008 549 temptat,
1033 479 1134 531 sed
1159 494 1226 531 ea
1258 476 1524 531 adst-litis
1560 477 1901 531 intentionis
1933 479 1983 541 Α
2018 477 2294 532 fratribus
2317 479 2718 536 exhortatione
2742 482 2910 547 facta,
2926 481 3135 535 fratres
3157 493 3278 536 rem
3292 480 3419 551 jam
3441 481 3653 551 partim

250 570 470 623 viribus
504 568 590 601 ίδδθ
621 567 700 621 ita
731 566 780 621 ei
814 566 1125 620 resolutior
1166 566 1295 627 fuit,
1334 572 1395 619 ut
1448 571 1697 619 stratum
1751 564 1899 618 aeri-

250 660 452 714 diosus
482 662 799 728 repeteret;
834 655 911 709 ibi
941 655 1041 710 diu
1065 655 1255 709 somni
1281 655 1550 725 cupidus,
1574 655 1797 709 diverso
1824 652 1900 707 la-

249 748 389 804 teris
448 749 611 801 motu
660 743 1013 816 defatigatus
1047 744 1153 809 ηδτ,
1185 759 1289 797 nec
1334 741 1453 797 ullo
1512 742 1719 797 ell'ectu
1770 743 1898 813 ejus

224 819 489 909 .potitus,
506 833 714 906 surgit,
731 850 925 888 arcam
959 831 1232 903 martyris
1254 831 1419 902 petit,
1444 829 1679 902 culpam
1700 848 1896 885 coram

249 928 469 979 stratus
504 922 733 988 fatetur,
767 923 897 975 voto
924 936 1015 975 res
1048 917 1264 990 quibus
1297 919 1365 972 de
1396 918 1681 991 agebatur
1728 934 1898 989 spon-

248 1014 345 1069 det
375 1009 720 1076 reddendas,
748 1006 1027 1063 haculum
1062 1007 1301 1078 insuper
1320 1005 1490 1061 altari
1512 1006 1854 1077 superponit
1878 1022 1891 1059 :

250 1124 279 1152 α
311 1101 449 1167 Hoc,
484 1096 777 1169 inquiens,
798 1094 1003 1150 martir
1023 1098 1241 1161 sancte,
1258 1098 1425 1148 tuum
1450 1093 1553 1147 tibi
1577 1093 1841 1148 restituo.
1866 1116 1887 1143 η

246 1190 507 1246 Genibus
558 1184 738 1252 ﬂexis,
772 1183 1090 1239 orationem
1145 1182 1516 1237 intentiorem
1566 1200 1891 1254 numquam

244 1282 522 1353 praetcrea
551 1292 613 1331 se
646 1292 834 1345 neque
882 1272 1170 1327 valentius
1199 1273 1421 1327 fudisse
1454 1273 1752 1343 professus
1781 1276 1889 1326 est.

243 1366 516 1423 Oratione
576 1380 914 1435 assurgens,
957 1366 1211 1417 stratum
1270 1361 1455 1433 petiit,
1508 1361 1568 1415 in
1616 1377 1889 1416 somnum

242 1454 467 1511 concite
499 1450 764 1517 solvitur,
799 1454 857 1504 et
888 1447 1190 1522 pervigilia
1222 1448 1385 1520 prius
1406 1448 1667 1521 inquieta
1687 1448 1890 1503 ordine

241 1548 375 1616 post
405 1538 655 1597 naturali
687 1555 1076 1611 compensans
1101 1533 1272 1606 “35“,in
1296 1536 1640 1592 nonnullam
1668 1553 1890 1592 aurora:

234 1637 464 1705 partem
498 1645 741 1685 somnus
773 1626 1151 1699 pertrahitur.

304 1722 431 1775 112.
463 1718 595 1775 Jam
629 1716 753 1773 sole
798 1717 1041 1772 rubente
1088 1719 1458 1788 experrectus
1487 1720 1545 1771 et
1573 1731 1886 1787 ymnorum

230 1806 343 1864 sibi
376 1802 549 1862 solito
572 1802 981 1860 solvendorum
1005 1802 1288 1859 memoria
1310 1801 1882 1874 perturbatus,satis~

226 1912 339 1968 que
379 1909 622 1950 causam
672 1907 871 1948 secum
903 1896 1246 1957 retractans,
1282 1892 1517 1947 tandem
1554 1892 1644 1925 ¹⁶⁶⁹
1677 1891 1884 1946 laudes

228 1999 482 2057 surgens
513 1979 777 2054 explevit.
813 1980 943 2035 Mox
972 1979 1297 2036 Iohannem
1321 1980 1491 2052 jubet
1533 1981 1726 2035 acciri.
1761 1984 1883 2045 Quo

226 2075 516 2147 przesente
552 2088 565 2125 :
604 2093 630 2121 ‹‹
664 2069 818 2125 Mala
850 2086 961 2140 me,
986 2068 1088 2137 ait,
1108 2074 1273 2147 nocte
1295 2068 1596 2124 confecisti
1620 2088 1632 2136 ;
1658 2069 1767 2134 i,et
1790 2070 1882 2124 ba-

224 2161 429 2219 culum
461 2159 631 2216 altari
666 2159 985 2231 inpositum
1018 2174 1177 2230 cape,
1210 2140 1264 2212 et
1296 2156 1694 2230 possessiones
1738 2174 1884 2229 quas

228 2251 640 2325 postulaveras
688 2249 943 2322 posside.
978 2272 1006 2298 »
1043 2248 1142 2304 llle
1194 2247 1441 2319 pedibus
1486 2248 1833 2318 provulutus
1868 2265 1880 2301 :

230 2362 258 2391 ι(
292 2340 443 2407 Non,
471 2336 683 2410 inquit,
718 2335 974 2404 domine,
1006 2336 1087 2391 ita
1119 2336 1404 2391 convenit.
1427 2335 1541 2389 Vos
1574 2335 1881 2407 paululum

227 2433 295 2484 ut
324 2427 686 2497 defatigatus
718 2425 1084 2497 requiescite,
1118 2428 1175 2478 et
1204 2423 1438 2478 interim
1482 2423 1634 2478 horre
1683 2423 1881 2495 prima:

226 2518 404 2591 signo
433 2517 568 2571 dato
601 2520 657 2571 et
688 2513 998 2582 celebrato,
1033 2518 1383 2569 conventum
1430 2513 1675 2567 fratrum
1708 2513 1881 2579 adite,

230 2611 289 2661 et
317 2621 439 2659 non
471 2602 603 2671 uni,
630 2603 731 2657 sed
765 2602 1060 2668 omnibus,
1095 2600 1249 2672 quod
1283 2598 1545 2654 omnium
1597 2604 1683 2653 est
1732 2599 1883 2653 dono

229 2692 495 2767 gratuito
524 2691 830 2746 restituite.
862 2722 931 2730 —
963 2689 1047 2745 Ita
1079 2690 1200 2748 ﬁat.
1234 2710 1260 2738 ››
1296 2688 1505 2760 inquit.

304 2783 431 2837 113.
458 2780 602 2835 Ecce
635 2779 804 2835 solito
836 2778 1124 2834 maturius
1156 2776 1327 2833 turba
1358 2793 1600 2832 suorum
1642 2775 1885 2831 diversis

226 2889 298 2929 ex
328 2870 476 2926 locis
509 2868 794 2924 convenit.
828 2868 975 2924 Nam
1007 2867 1134 2940 ipse
1162 2865 1266 2935 ibi,
1301 2871 1365 2920 ut
1397 2865 1507 2921 sibi
1552 2882 1773 2920 morem
1802 2866 1884 2921 fe-

226 2966 413 3031 cerat,
436 2960 667 3014 duobus
688 2956 775 3014 vel
798 2958 986 3012 tribus
1009 2956 1235 3013 clericis
1258 2955 1618 3027 totidemque
1652 2954 1887 3009 cubicu-

226 3051 396 3108 lariis
431 3053 765 3115 contentus,
799 3064 931 3102 mox
963 3046 1301 3102 monasterii
1330 3044 1418 3079 "37°
1438 3046 1687 3117 januam
1718 3061 1888 3116 pene-

226 3143 509 3207 traverat,
542 3137 769 3193 cunctis
800 3154 861 3193 se
892 3136 1308 3191 comitantibus
1341 3133 1643 3206 ablegatis,
1670 3131 1888 3188 secula-

2010 567 2195 619 edocti
2231 568 2682 638 postulationem
2716 585 2909 624 rerum
2952 570 3172 624 faciunt
3222 568 3654 641 praedictarum.

2010 656 2232 719 Quibus
2264 657 2320 711 in
2347 658 2507 711 nullo
2530 659 2818 723 abnuens,
2841 658 3234 729 baculumque
3252 658 3614 730 pratendens
3640 674 3654 710 :

2011 764 2041 792 «
2072 744 2290 799 Habeat
2317 746 2471 816 quod
2506 762 2677 801 suum
2710 751 2800 803 est
2831 745 3517 817 martirbeatus,vosque
3540 746 3654 802 mei

2007 846 2298 886 memores
2330 831 2616 887 habetote.
2652 854 2680 882 ››

2078 919 2200 972 114.
2217 918 2317 974 His
2340 920 2610 991 peractis,
2634 937 2768 976 mox
2787 922 2889 993 qui
2911 926 3299 979 convenerant
3327 922 3655 996 irrumpen-

2003 1006 2182 1074 tibus,
2215 1006 2525 1063 vehemens
2557 1009 2667 1064 sibi
2699 1026 2733 1063 a
2760 1026 3038 1080 germano
3068 1010 3132 1065 ﬁt
3155 1026 3333 1082 super
3349 1011 3524 1067 rebus
3543 1011 3654 1068 eis-

2003 1094 2136 1150 dem
2167 1092 2409 1151 vexatio.
2441 1096 2574 1152 Jam
2607 1097 2913 1154 monachis
2944 1115 3013 1154 ea
3050 1099 3279 1154 reddita
3322 1099 3647 1170 responsio,

2003 1182 2205 1238 multis
2238 1183 2332 1238 ille
2361 1184 2603 1257 insuper
2626 1185 2843 1240 instare
2863 1189 2920 1241 et
2940 1186 3247 1243 monachis
3265 1186 3462 1241 omnia
3485 1186 3650 1242 undi-

2002 1289 2113 1343 que
2136 1273 2366 1329 abunde
2396 1276 2683 1341 sufficere,
2699 1276 2823 1333 suis
2846 1277 3035 1348 magis
3053 1292 3190 1331 cum
3212 1275 3422 1331 debere
3440 1292 3648 1331 consu-

2002 1360 2135 1416 lere.
2173 1362 2276 1417 Ubi
2309 1362 2454 1417 nihil
2488 1363 2733 1434 proﬁcit,
2767 1368 2825 1419 et
2855 1364 3167 1437 episcopus
3194 1363 3325 1419 cibo
3362 1380 3498 1419 cum
3530 1366 3647 1420 fra-

1998 1448 2187 1504 tribus
2221 1456 2459 1522 sumpto
2492 1452 2878 1525 progreditur,
2911 1450 3119 1515 iterato
3149 1452 3223 1508 ab
3270 1451 3397 1525 ipso
3444 1452 3647 1510 limine

2000 1538 2088 1572 ¹⁶τ³
2120 1540 2459 1594 monasterii
2491 1556 2594 1612 per
2615 1544 2799 1597 totam
2828 1539 2984 1598 viam
3006 1556 3195 1614 usque
3217 1542 3436 1599 vadum
3457 1541 3648 1604 ﬂumi-

1998 1627 2090 1683 nis
2119 1644 2297 1699 super
2327 1626 2419 1683 his
2449 1645 2642 1686 sermo
2682 1629 2981 1703 repetitur.
3010 1630 3264 1703 Jamque
3304 1630 3523 1687 vadum
3553 1631 3644 1687 in-

1995 1730 2306 1788 gressurus
2335 1733 2469 1773 cum
2502 1716 2687 1773 multo
2710 1717 2839 1788 jam
2868 1717 3023 1775 tedio
3052 1718 3383 1775 afficeretur
3406 1732 3421 1775 :
3448 1734 3477 1769 α
3500 1718 3644 1777 Fru-

1996 1808 2135 1873 stra,
2171 1805 2398 1876 inquid,
2433 1805 2713 1862 nitimini.
2744 1806 2890 1864 Vere
2916 1804 2966 1863 si
2995 1805 3251 1865 mediam
3281 1812 3506 1880 partem
3527 1809 3645 1881 epi-

1995 1897 2270 1965 scopatus
2303 1894 2447 1964 ipsis
2476 1894 2781 1950 monachis
2801 1893 3246 1963 concessissem,
3271 1912 3379 1951 nec
3396 1911 3639 1969 passum

1994 1981 2158 2053 pedis
2188 1982 2272 2038 eis
2302 1986 2538 2055 propter
2569 1984 2906 2055 quempiam
2950 1987 3212 2039 vestrum
3258 1983 3570 2041 auferrem.
3606 2005 3637 2034 ρ

2066 2069 2238 2125 Plura
2269 2075 2408 2126 sunt
2439 2070 2574 2137 alia,
2608 2088 2755 2142 qum,
2780 2072 3053 2142 quotiens
3084 2070 3452 2145 oportunitas
3482 2071 3639 2141 tulit,

1992 2159 2258 2216 Johanne
2291 2160 2705 2215 interveniente
2736 2160 3089 2218 monasterio
3121 2158 3326 2216 multis
3340 2161 3469 2232 jam
3498 2163 3642 2216 tem-

1993 2248 2235 2319 poribus
2265 2248 2596 2303 abalienata
2629 2254 2858 2319 recepta
2903 2252 3061 2305 sunt.
3094 2249 3231 2307 Sed'
3265 2247 3425 2320 quia‘
3459 2248 3640 2305 lecto-

1995 2342 2150 2391 rum'
2182 2337 2387 2392 animi'
2421 2338 2516 2392 ad‘
2550 2340 2749 2393 lineui'
2778 2339 2864 2371 ⁸⁸⁷³
2895 2338 3198 2406 festinant,
3230 2336 3479 2409 tempori
3509 2336 3639 2409 plu-

1993 2426 2211 2480 rimum
2233 2431 2252 2447 '
2285 2431 2586 2499 parcentes
2610 2430 2628 2450 '
2660 2427 2733 2482 ad
2756 2430 2774 2451 ‘
2809 2426 3101 2498 reliquum
3125 2431 3145 2449 '
3176 2426 3304 2482 vita:
3356 2426 3518 2498 ejus'
3552 2426 3641 2461 ¹⁶τ⁵

1994 2513 2126 2570 stilo
2158 2516 2615 2587 percurrendum
2649 2516 3019 2571 accedamus.

2066 2604 2188 2658 115.
2234 2603 2466 2676 Legatio
2525 2604 2679 2676 regis
2737 2603 3026 2676 Hispania:
3049 2608 3068 2627 '
3098 2603 3641 2661 Abderahamenis'

1994 2690 2556 2764 (DCCCCL?),fama'
2590 2691 2811 2765 gloria?
2847 2693 2935 2727 ¹⁶τ⁶
2973 2691 3415 2766 insigniumque
3461 2693 3641 2749 facto-

1994 2796 2125 2835 rum
2164 2779 2223 2834 in
2271 2783 2472 2852 gentes
2523 2779 2781 2836 diversas
2828 2786 2969 2835 tunc
3008 2780 3135 2851 jam
3189 2779 3389 2854 magni
3436 2781 3641 2852 regis',

1993 2869 2367 2941 postmodum
2394 2874 2415 2893 "
2443 2886 2577 2924 vero
2601 2873 2622 2891 '
2654 2868 2897 2924 Caesaris
2919 2873 2940 2891 '
2970 2868 3205 2941 augusti
3226 2872 3248 2893 "
3278 2869 3387 2939 ηπ,
3439 2866 3642 2923 domui

1992 2956 2219 3013 Ottonis
2249 2956 2474 3029 perciti,
2509 2957 2653 3012 forte
2685 2974 2819 3012 cum
2851 2956 3197 3014 muneribus
3215 2974 3319 3029 pro
3341 2956 3501 3029 regia
3515 2973 3643 3013 mu-

1994 3045 2290 3101 niﬁcentia
2338 3045 2579 3101 missis'
2621 3045 2969 3100 advenerat‘
3012 3044 3120 3100 ηπ.
3154 3045 3374 3117 Legati,
3425 3045 3640 3116 quibus

1991 3134 2301 3207 episcOpus
2332 3134 2569 3206 quidam
2616 3138 2880 3206 praeerat,
2913 3133 3195 3206 dignitate
3240 3131 3488 3188 solemni
3536 3150 3641 3206 pro

229 3232 393 3286 rium
427 3232 741 3284 extrancus
772 3225 1127 3281 morabatur.
1169 3224 1230 3279 In
1281 3224 1373 3279 his
1422 3224 1522 3295 qui
1574 3239 1890 3278 convenere
1922 3210 1966 3276 Π
1994 3228 2154 3281 tanta
2185 3228 2505 3297 magestate
2535 3223 2778 3295 excepti,
2812 3223 3032 3295 diuque
3058 3220 3309 3289 retenti;
3343 3221 3495 3276 inter
3524 3238 3644 3277 mo-

225 3325 354 3376 erat
382 3335 701 3392 germanus
731 3317 859 3387 ejus
891 3318 910 3338 "
943 3313 1217 3370 Gozlinus
1246 3318 1265 3337 θ
1302 3314 1410 3369 ¹⁶⁷¹.
1491 3352 1507 3369 .
1586 3354 1599 3367 .
1682 3354 1694 3366 .
1776 3353 1789 3367 .
1872 3353 1884 3366 .

227 3408 365 3475 Qui'
401 3407 501 3462 ab'
534 3404 806 3460 zecclesia:
838 3401 1080 3458 custode
1112 3401 1368 3472 quodam
1402 3401 1635 3456 incauto
1671 3403 1837 3472 porta
1866 3404 1887 3423 '

229 3494 618 3552 monasterii‘
652 3495 890 3566 aperta"
922 3489 1249 3545 intromissi
1275 3494 1316 3556 ·,
1354 3489 1491 3545 recti
1551 3487 1887 3544 cubiculum

225 3583 492 3659 episcopi
515 3579 871 3655 quiescentis
894 3578 1189 3653 petebant.
1214 3577 1537 3633 Johannes‘
1559 3578 1647 3611 “‘7’
1670 3581 1756 3632 ut‘
1781 3578 1888 3632 ad-

222 3676 502 3730 ventum'
535 3674 762 3727 eorum'
794 3667 1042 3724 celerius
1092 3665 1654 3738 comperit,festinus
1706 3666 1760 3720 in
1793 3682 1887 3720 oc-

226 3779 477 3820 cursum
509 3759 685 3827 venit,
711 3764 765 3815 et
798 3758 937 3830 quia
984 3756 1137 3812 infra
1186 3753 1609 3810 monasterium
1634 3758 1653 3777 '
1686 3754 1843 3825 loqui
1867 3758 1886 3776 '

227 3852 441 3925 religio
472 3851 685 3915 fuerat,
716 3848 883 3921 signo
908 3850 971 3901 ut
992 3862 1051 3901 se
1076 3848 1463 3917 sequerentur
1483 3844 1886 3914 dato,januam

225 3960 327 4000 eos
360 3941 538 4014 longe
570 3942 780 4010 usque'
822 3937 1053 3992 reverti'
1089 3935 1268 4001 fecit‘,
1304 3933 1532 3989 custodi
1581 3932 1639 3986 in
1688 3948 1887 3986 aurem

224 4047 577 4097 susurrans,
610 4032 675 4084 ut
708 4026 906 4083 statim
939 4042 973 4081 a
1002 4030 1164 4097 tergo
1186 4024 1434 4094 januam
1476 4021 1770 4077 obcludat.
1806 4020 1889 4075 Ibi

225 4138 326 4177 eos
358 4118 610 4175 diversis
632 4113 1086 4173 allocutionibus
1111 4111 1229 4167 illis
1250 4127 1461 4184 parum
1477 4109 1760 4181 jucundis
1783 4109 1887 4164 ali-

225 4210 527 4281 quantum
560 4206 844 4270 detentos,
860 4206 917 4257 et
936 4198 1445 4275 episcopum,quia
1466 4197 1653 4254 noctis
1674 4196 1891 4252 incom-

227 4297 407 4353 modo
438 4293 695 4351 dormire
739 4290 1082 4363 nequiverit,
1116 4295 1257 4345 tunc
1305 4287 1540 4343 tandem
1591 4287 1889 4358 quiescere

226 4385 459 4452 dicens,
492 4387 558 4438 ut
588 4379 891 4454 quippiam
939 4379 1067 4451 cybi
1118 4377 1351 4433 interim
1384 4408 1452 4415 —
1484 4392 1620 4429 nam
1672 4376 1888 4430 mstatis

226 4478 355 4530 erat
387 4477 626 4544 tempus
656 4502 722 4510 ——
754 4468 988 4541 capiant
1026 4471 1245 4522 monet.
1282 4464 1403 4520 Illis
1454 4464 1886 4529 recusantibus,

1996 3331 2093 3369 ras
2138 3311 2467 3384 episcopus,
2500 3312 2600 3383 qui
2647 3310 2854 3385 legatis
2903 3313 3166 3383 praeerat,
3200 3313 3449 3365 mortem
3496 3310 3640 3368 obit.

1998 3402 2146 3458 Dum
2180 3419 2214 3456 a
2242 3401 2458 3455 nostris
2487 3400 2589 3472 qui
2612 3401 2750 3455 item
2771 3417 2837 3455 eo
2870 3400 3244 3455 remittantur
3271 3398 3640 3470 disquiritur,

1998 3494 2128 3563 post
2157 3487 2441 3546 nonnulla
2468 3488 2810 3560 aliquandiu
2841 3492 3028 3543 tracta
3046 3487 3387 3555 consilia,id
3406 3488 3645 3544 demum

1997 3577 2285 3645 convenit,
2319 3582 2384 3633 ut
2414 3576 2552 3649 quia
2582 3577 2736 3631 idem
2768 3592 2867 3632 rex
2904 3575 3227 3650 sacrilegus
3256 3579 3315 3631 et
3344 3575 3646 3647 profanus,

1998 3671 2197 3739 utpote
2224 3666 2601 3734 Sarracenus,
2634 3669 2690 3721 et
2710 3682 2745 3720 a
2774 3681 2908 3720 vera
2936 3665 3048 3721 ﬁde
3073 3681 3313 3736 prorsus
3336 3667 3490 3719 esset
3509 3662 3650 3721 alie-

1999 3772 2131 3820 nus,
2165 3754 2385 3826 quique
2415 3753 2683 3825 quamvis
2714 3753 3034 3808 amicitiam
3058 3752 3149 3787 ¹⁶⁷⁹
3175 3754 3469 3825 expeteret
3497 3750 3653 3825 plin-

1998 3843 2143 3917 cipis
2174 3841 2512 3910 Christiani,
2540 3842 2596 3895 in
2618 3841 2826 3899 litteris
2847 3844 3041 3899 tamin
3066 3857 3213 3912 quas
3236 3840 3477 3898 miserat
3499 3838 3652 3896 blas-

1998 3933 2211 4005 phema
2243 3932 2353 3965 “30'
2387 3929 2669 3985 nonnulla
2697 3930 2756 3984 in
2788 3929 3085 3985 Christum
3132 3932 3487 3998 evomuerat,
3511 3942 3646 3984 cum

1997 4020 2229 4093 scriptis
2260 4018 2663 4093 imperialibus
2697 4019 2781 4053 ιδεί
2814 4035 2941 4090 quae
2988 4019 3221 4084 ferrent,
3253 4032 3450 4073 vocem
3499 4032 3644 4090 quo~

1998 4126 2110 4181 que
2136 4124 2304 4166 suam
2336 4108 2448 4181 ipsi
2481 4107 2726 4179 aperire,
2758 4113 2815 4162 et
2845 4107 2893 4161 si
2916 4123 3033 4178 quo
3059 4112 3226 4179 pacto
3247 4104 3528 4161 divinitus
3549 4105 3646 4160 da-

1998 4191 2176 4264 retur,
2211 4197 2525 4251 immutare
2551 4200 2789 4268 possent
2820 4190 3149 4267 perfidiam.

2070 4287 2192 4341 116.
2228 4284 2645 4357 (DCCCCLIIH
2679 4284 2845 4339 Forte
2873 4284 2983 4339 sub
3014 4284 3174 4355 ipsos
3206 4284 3296 4318 ³⁸⁸³
3316 4283 3438 4343 dies
3466 4283 3643 4338 Adal-

1998 4376 2135 4431 bero
2181 4378 2398 4443 noster,
2449 4390 2627 4428 sacrae
2685 4373 2999 4441 memoriae,
3053 4371 3340 4444 palatium
3399 4369 3643 4426 adierat.

2000 4465 2213 4529 Bruno,
2246 4478 2460 4534 magno
2491 4479 2555 4516 ac
2588 4459 2738 4516 felici
2770 4461 3145 4533 postmodum
3179 4460 3410 4516 futurus
3435 4459 3570 4513 usui
3591 4463 3650 4512 et

230 4580 340 4618 nec
374 4561 489 4616 nisi
523 4557 880 4630 colloquium
911 4555 1167 4627 episcopi
1199 4571 1261 4610 se
1294 4552 1597 4626 quippiam
1628 4551 1770 4607 velle
1800 4552 1887 4606 di-
1927 4578 1975 4642 D
2006 4551 2220 4615 decori,
2278 4566 2593 4621 germanus
2650 4549 2826 4621 regis,
2886 4547 3172 4619 sapientia
3222 4552 3279 4602 et
3339 4544 3651 4619 prudentia

231 4651 511 4707 centibus
544 4666 557 4702 :
596 4670 623 4697 ‹‹
655 4646 872 4713 Satius,
908 4644 1135 4717 inquid,
1174 4644 1229 4698 id
1263 4647 1371 4708 est,
1404 4643 1544 4697 dum
1594 4640 1737 4712 ipse,
1760 4641 1885 4711 jam

234 4740 432 4797 solitis
459 4737 569 4805 sibi
606 4737 779 4791 rebus
824 4733 1087 4806 expletis,
1122 4732 1353 4804 cepiam
1402 4748 1463 4786 se
1514 4728 1893 4786 conveniendi

232 4829 533 4885 exhibeat.
570 4852 589 4873 ι
637 4826 722 4880 Ita
770 4842 869 4879 eos
920 4824 1277 4888 demoratus,
1311 4825 1366 4875 et
1415 4820 1637 4875 concito
1695 4823 1895 4889 parata

234 4917 580 4991 gustatione
614 4913 948 4985 implicitos,
983 4910 1107 4982 ipse
1140 4911 1293 4965 intro
1325 4926 1627 4980 regressus
1661 4908 1896 4979 signum

236 5006 439 5077 pulsat
471 5022 485 5059 :
523 5003 713 5076 prima
743 5001 898 5055 dicta
926 4998 1289 5071 psalmisque
1312 4996 1695 5063 solemnibus,
1721 4996 1778 5050 in
1804 5013 1896 5050 ca-

240 5095 495 5167 pitulum
528 5091 838 5165 episcopus
862 5088 1160 5143 invitatur.
1194 5085 1492 5142 Nonnulla
1515 5103 1618 5157 pro
1643 5091 1899 5156 tempore

2005 4658 2138 4696 cum
2175 4641 2261 4673 "'93
2293 4656 2486 4693 rerum
2522 4636 2892 4709 publicarum
2922 4641 3050 4691 tum
3079 4637 3191 4671 ¹⁶⁸⁴¹
3224 4634 3487 4690 omnium
3515 4634 3655 4689 libe-

2004 4729 2215 4784 ralium
2247 4727 2570 4783 eruditione
2603 4726 3049 4797 disciplinarum
3073 4725 3153 4779 ita
3180 4724 3443 4796 adprime
3466 4722 3657 4778 erudi-

2005 4823 2121 4883 tus,
2156 4822 2220 4871 ut
2252 4816 2339 4869 sui
2377 4815 2655 4885 temporis
2695 4830 2900 4869 omnes
2951 4819 3253 4885 superaret
3297 4816 3353 4866 et
3382 4810 3655 4881 antiquos

2009 4923 2151 4977 pene
2184 4904 2586 4976 :rquiperaret,
2620 4901 2712 4955 cui
2751 4900 2993 4971 insuper
3040 4904 3097 4955 et
3145 4901 3335 4955 Greca:
3393 4896 3659 4953 lectionis

2011 4995 2198 5049 multa
2230 4996 2553 5048 accesserat
2573 4991 2899 5055 instructio,
2920 4988 3186 5044 omnium
3211 4994 3351 5043 tunc
3377 4985 3660 5059 temporis

2010 5083 2241 5154 publice
2273 5100 2338 5136 ac
2371 5079 2641 5152 privatim
2689 5078 3049 5150 agendorum
3097 5076 3564 5131 communicator
3596 5090 3662 5129 ac

1615 5218 1856 5273 VARle
1896 5215 2312 5273 LECTIONES.

318 5354 403 5388 ηδε
432 5353 693 5408 oratione
741 5366 881 5405 corr.
933 5344 1179 5403 orationi
1211 5362 1258 5397 ο.
1338 5344 1424 5378 ¹⁶δ⁶
1447 5344 1684 5414 juribus
1714 5360 1759 5396 (τ.

252 5424 583 5480 manasterii
614 5440 662 5478 ο.

250 5497 307 5547 2,
382 5497 467 5530 ms
500 5496 559 5550 ε,
594 5512 631 5566 q

253 5581 283 5620 ε
310 5570 445 5624 coni.
524 5563 631 5601 "7°—
663 5581 742 5619 m.
796 5580 844 5617 a.
877 5579 924 5617 e.
956 5563 1099 5616 coni.

256 5653 307 5695 ε.
380 5640 470 5676 ¹⁶³⁸
503 5643 648 5695 tunc
679 5652 724 5692 ο.

722 5749 962 5807 PATROL.
998 5743 1306 5803 CXXXVII.

1178 5559 1266 5592 ¹⁶τ⁹
1297 5556 1610 5612 amititiam
1664 5571 1711 5611 ε.

1840 5342 1927 5376 1667
1960 5340 2313 5407 defetigatus
2343 5353 2388 5391 c.

742 5422 826 5456 “5"
859 5437 910 5475 e.
944 5419 1009 5474 G.
1043 5436 1089 5474 α.
1123 5417 1247 5473 6οηὶ
1289 5423 1423 5486 post.
1448 5409 1689 5469 wcirciter
1716 5415 1787 5468 20
1819 5413 2013 5486 littera:
2055 5409 2399 5486 exciderunt.

641 5537 654 5548 .
689 5492 726 5547 l.
757 5510 810 5548 a.
842 5509 894 5546 a.
932 5492 971 5544 f.
1003 5506 1033 5544 θ
1060 5490 1185 5544 coni
1261 5482 1348 5521 "37“
1379 5502 1542 5540 mum
1597 5501 1653 5556 p.
1685 5500 1738 5539 a.
1772 5502 1819 5538 r.
1846 5501 1914 5556 v.7
1936 5485 2066 5556 ejus
2105 5498 2133 5536 ο
2170 5482 2313 5535 coni.

1792 5556 1880 5591 ¹⁶³⁰
1906 5554 2209 5612 blabsema
2237 5568 2283 5606 c.

2469 5336 2556 5370 ¹⁶⁶⁸
2587 5350 2941 5406 compensan
2975 5350 3021 5406 ς.
3101 5334 3191 5406 1⁸⁸1³
3223 5335 3398 5406 tande
3441 5351 3491 5406 ς.
3568 5335 3661 5406 ξδτο

2478 5407 2566 5440 ¹⁶ῖ²
2597 5406 2638 5461 1.
2671 5403 2786 5461 σου.
2865 5406 2954 5439 ¹⁶τ³
2984 5403 3174 5460 limite
3226 5407 3276 5459 1.
3311 5404 3406 5461 uel
3455 5403 3664 5461 limine

2395 5478 2481 5513 ιστθ
2511 5478 2576 5531 Η.
2609 5479 2674 5532 Α.
2709 5477 2838 5549 f_.g.
2870 5492 2899 5533 e
2927 5493 3072 5532 com.
3150 5476 3237 5549 ‘5'”
3270 5493 3317 5531 ι’.
3351 5492 3408 5548 p.
3433 5493 3487 5532 ν.
3518 5492 3570 5549 ρ.
3605 5492 3659 5532 8-

2365 5549 2446 5585 1°“
2480 5547 2885 5621 imperialibus
2915 5564 2961 5605 c.
3043 5549 3131 5585 ι⁶⁸²
3170 5548 3298 5621 ipso
3346 5547 3391 5605 ἐ.
3469 5547 3561 5585 ¹⁶⁸³
3591 5563 3664 5604 cu

3174 5729 3276 5795 10’
