4096 6174
384 345 499 410 299

1274 339 1602 404 JOANNIS
1645 333 1975 400 ABBATIS
2015 335 2080 397 S.
2126 330 2467 398 ARNULFI
2509 331 2898 396 METENSIS

3674 331 3794 392 300

384 476 881 552 prudentissimus
910 479 1034 532 erat
1062 473 1378 541 consultor,
1412 473 1582 544 eique
1627 470 2021 543 imperialium
2061 467 2118 536 Α
2148 466 2615 543 ipselitterarum
2633 470 2862 520 tantum
2883 465 3114 537 bajulus
3133 463 3482 520 ﬁt.Rodiens
3499 465 3796 534 Gorziam,

386 563 843 640 data-provintia
871 562 1217 618 litterarum.
1254 560 1307 616 Is
1336 557 1508 615 variae
1537 557 1759 615 caeteris
1807 557 2036 614 consul-

383 648 1390 722 tantibus,nostrumAdalberonem
1423 663 1602 702 sacra;
1631 645 1926 702 memoriae
1939 663 2035 702 no-

386 743 572 800 minat
599 740 960 812 episcopum,
997 736 1258 808 nullique
1289 735 1486 807 aptius
1515 735 1572 789 id
1599 734 1812 806 negotii
1836 733 1919 789 sic
1941 735 2038 789 ad-

386 831 472 888 dit
503 830 592 864 ¹⁶⁸⁵
622 843 792 900 posse
817 825 1070 898 injungi,
1103 825 1241 898 quia
1271 823 1395 897 ipse
1427 823 1712 897 plurimos
1754 824 2034 894 perfecto-

387 934 516 974 rum
545 917 804 973 virorum
849 914 1106 981 haberet,
1142 930 1290 985 quos
1339 911 1621 968 humanis
1662 927 2037 984 nequaquam

387 1021 656 1063 cessuros
686 1001 1010 1058 terroribus
1051 1002 1196 1057 satis
1245 1005 1558 1069 constaret,
1594 1003 1792 1074 utpote.
1842 1000 2037 1055 seculo

381 1099 507 1170 jam
539 1094 842 1150 defunctos
875 1093 932 1145 et
961 1089 1142 1146 libero
1173 1107 1278 1161 pro
1311 1091 1424 1145 fide
1455 1105 1657 1144 curam
1679 1088 2039 1162 quibuslibet

389 1179 810 1258 protestatibus
841 1195 939 1232 ore
969 1175 1342 1248 loquuturos.
1369 1175 1722 1231 Convenitur
1763 1175 2038 1231 continuo

390 1273 722 1347 episcopus,
754 1272 809 1324 et
841 1271 907 1322 ut
935 1266 1084 1322 duos
1111 1281 1354 1320 suorum
1386 1265 1626 1320 idoneos
1648 1262 1924 1336 legationi
1947 1263 2040 1318 Hi-

389 1361 732 1436 spaniarum
764 1361 930 1430 paret
960 1356 1300 1428 imperatur.
1327 1353 1618 1409 Mandatis
1639 1353 1910 1425 acceptis,
1933 1353 2034 1408 ab-

389 1454 584 1510 batem
603 1445 958 1522 Eginoldum
989 1445 1250 1512 advocat,
1267 1443 1426 1516 regia
1444 1443 1722 1498 mandata
1737 1441 1999 1499 insinuat
2022 1459 2035 1497 :

389 1535 632 1601 suorum
681 1539 831 1593 duos
879 1533 1191 1606 disquirat,
1228 1531 1328 1605 qui
1377 1532 1665 1604 imperata
1711 1531 2034 1604 perﬁciant.

389 1629 546 1688 Lecti
576 1627 834 1702 primum
867 1625 982 1680 duo
1010 1622 1431 1695 Angilramnus
1451 1625 1508 1678 et
1529 1621 1717 1689 Wido,
1752 1619 2040 1693 regiaeque

388 1717 713 1792 majestatis
737 1718 759 1740 *
785 1716 962 1786 jussu
984 1715 1005 1738 “
1057 1729 1125 1769 ex
1146 1715 1168 1736 '
1215 1715 1551 1768 monastero
1573 1714 1594 1734 '
1629 1709 1717 1746 ¹⁶⁸⁶
1766 1714 2038 1782 sumptus

389 1813 446 1866 et
477 1806 645 1880 copia
673 1808 956 1877 parantur
981 1801 1240 1868 itineris;
1273 1801 1345 1855 ad
1367 1799 1478 1856 hoc
1501 1804 1559 1856 et
1580 1815 1694 1871 quo
1715 1797 2041 1854 Virdunen-

390 1897 496 1953 sis'
529 1895 816 1968 quidam’,
863 1893 1124 1964 gnarus‘
1173 1890 1261 1925 ¹⁶⁸⁷
1309 1888 1566 1962 partium
1623 1889 2035 1961 Hispanarum,

391 1986 494 2058 qui
523 2001 622 2040 eos
647 1985 856 2054 jussus
887 1984 1010 2036 erat
1047 1981 1349 2046 deducere,
1387 1995 1549 2034 mora
1579 1978 1764 2034 omni'
1805 1981 2038 2050 postpo-

393 2077 544 2131 sita'
602 2073 832 2130 veniat'
883 2071 1152 2142 jubetur'
1213 2070 1322 2136 1°“,
1387 2085 1520 2124 cum
1577 2083 1706 2123 ecce
1765 2066 2041 2152 prmfatup

391 2164 584 2232 Wido,
618 2161 762 2218 alter
789 2158 1166 2227 delectorum,
1192 2160 1285 2214 die
1307 2160 1563 2230 quadam
1585 2175 1689 2231 pro
1712 2175 1827 2230 qua
1847 2156 2040 2212 nescio

393 2249 782 2328 neglegentia‘
827 2248 912 2302 in'
963 2251 1275 2302 conventu'
1327 2247 1602 2300 fratrum"
1656 2243 1746 2279 ¹⁶⁸⁹
1791 2243 2040 2315 increpi-

390 2347 508 2410 tus,
542 2341 604 2395 in
625 2343 799 2395 tantae
821 2336 1194 2409 asperitatem
1220 2333 1516 2406 protervis:
1541 2338 1658 2389 tam
1683 2333 1743 2388 in
1770 2333 2042 2388 abbatem

394 2444 570 2504 quam
601 2427 661 2482 in
693 2426 1030 2481 universum
1081 2423 1274 2496 erupit
1323 2421 1654 2494 collegium,
1691 2425 1756 2476 ut
1783 2421 1857 2476 ad
1907 2419 2040 2476 ulti-
2096 2415 2108 2422 ’

393 2534 582 2588 mum,
605 2531 739 2572 cum
770 2518 966 2570 tumor
995 2510 1189 2568 nimiae
1220 2509 1616 2566 animositatis
1641 2513 1698 2566 et
1718 2509 1960 2566 insaniae
1982 2509 2041 2564 in

391 2601 460 2666 eo
490 2618 862 2679 nequaquam
893 2601 1131 2673 reprimi
1154 2598 1421 2668 valuerit,
1446 2615 1549 2655 nec
1573 2597 1900 2672 regularem
1920 2599 2042 2670 pati

393 2695 719 2768 displinam'
765 2691 1136 2764 aliquatenus
1194 2687 1571 2760 adquieverit,
1621 2687 1896 2761 demptus
1949 2703 2044 2743 cu-

392 2783 546 2841 cullo
569 2779 924 2838 monasterio
948 2777 1282 2852 pelleretur.
1298 2777 1360 2833 Id
1383 2777 1722 2849 imperatori
1746 2777 1892 2849 (410)
1914 2793 2048 2832 con-

391 2873 558 2929 tinuo
590 2869 916 2926 nuntiatur.
949 2867 1217 2933 Jussum,
1264 2865 1434 2921 illum
1485 2864 1710 2934 abradi,
1743 2863 2044 2937 aliumque

392 2979 496 3035 pro
527 2977 594 3018 eo
626 2957 894 3016 asscribi.

465 3052 587 3107 117.
621 3048 769 3104 Cum
790 3047 893 3102 diu
923 3045 1017 3101 his
1049 3049 1410 3118 quereretur,
1445 3060 1768 3116 omnesque
1801 3060 2042 3118 prorsus

394 3139 746 3211 refugerent.
781 3150 886 3190 nec
915 3132 975 3189 in
1021 3137 1186 3190 tanta
1232 3131 1684 3207 congregatione
1730 3134 2043 3206 quisquam

2146 565 2258 614 iter
2286 556 2449 614 ocius
2481 553 2784 622 accelerat,
2809 553 3274 627 posthabitisque
3305 553 3446 610 socii
3479 554 3796 626 procrasti-

2149 645 2508 710 nationibus,
2550 643 2675 715 ipse
2721 641 2947 698 litteras
2995 659 3193 699 secum
3244 643 3489 710 habens,
3523 644 3796 700 omnium

2146 741 2482 790 sanctorum
2515 731 2787 804 precibus
2818 733 3264 786 commendatus
3307 736 3364 786 et
3412 731 3580 799 votis,
3617 734 3800 804 profi-

2146 823 2404 880 ciscitur.
2441 823 2726 892 Sumptus
2757 821 2948 876 omnis
2979 838 3046 875 ex
3079 813 3433 876 monasterio
3479 820 3528 876 ei
3579 822 3797 878 factus.

2147 911 2400 968 Ministri
2434 910 2758 966 monachus
2790 914 3020 964 tantum
3059 927 3232 976 unus,
3266 909 3674 966 Garamannus
3705 928 3804 966 vo-

2148 999 2376 1066 cabulo,
2411 999 2611 1053 ordine
2645 997 2946 1066 diaconus,
2979 999 3129 1052 bone
3179 1015 3282 1069 per
3330 999 3528 1052 omnia
3577 998 3802 1056 indolis

2150 1089 2432 1144 additur".
2465 1086 2719 1142 Caballi‘
2749 1089 2819 1143 ad
2845 1089 2863 1110 '
2897 1087 3280 1159 equitandum
3302 1088 3323 1110 ‘
3357 1089 3453 1141 et'
3486 1089 3753 1143 sarcinas
3777 1091 3799 1111 '

2149 1178 2489 1250 portandas‘
2524 1177 2614 1212 "‘9"
2643 1176 2901 1250 quinque
2934 1182 3072 1232 sunt
3114 1173 3385 1248 delegati.
3417 1175 3620 1231 Socius
3669 1194 3803 1232 mo-

2150 1267 2416 1323 rabatur'
2447 1265 2533 1320 in'
2569 1266 2654 1302 ¹⁶⁹¹
2686 1266 2811 1320 vico
2844 1267 3098 1339 quodam
3131 1282 3245 1319 non
3283 1263 3537 1320 multum
3566 1283 3601 1320 a
3628 1264 3804 1322 Tullo

2152 1356 2426 1423 distante,
2460 1353 2560 1427 qui
2591 1353 2882 1411 videlicet'
2913 1353 3268 1411 Johannem'
3301 1353 3672 1426 Scarponna?
3709 1355 3805 1390 ³⁸³³

2150 1443 2514 1516 insequitur;
2547 1443 2686 1500 hinc
2745 1443 3053 1516 Longohas
3105 1442 3274 1512 (412),
3325 1441 3561 1498 Beluam
3621 1444 3798 1516 (413),

2150 1532 2470 1601 Divionem,
2497 1533 2870 1606 Lugdunum.
2897 1531 3238 1604 Hispaniam
3271 1531 3360 1567 ¹⁶⁹³
3380 1547 3580 1589 versus
3601 1531 3800 1589 inten-

2151 1623 2317 1678 dunt

2221 1712 2344 1766 118.
2371 1709 2818 1783 (DCCCCLIIII.)
2849 1710 2956 1767 Ubi
2984 1711 3129 1782 (414)
3163 1709 3408 1766 sarcinis
3449 1710 3576 1766 navi
3607 1709 3802 1784 impo-

2152 1799 2281 1856 sitis
2309 1799 2708 1872 Rhodanoque
2730 1816 2914 1872 usque
2934 1800 3004 1854 ad
3023 1803 3248 1855 certum
3269 1797 3461 1855 locum
3491 1799 3799 1866 vehendis,

2152 1889 2526 1960 dispendium
2558 1890 2815 1962 perpessi
2841 1906 2957 1944 non
2980 1888 3276 1944 modicum
3298 1921 3362 1928 —-
3381 1905 3516 1944 nam
3547 1891 3804 1946 navibus

2152 1979 2391 2044 invasis,
2424 1977 2592 2050 plura
2623 1994 2864 2034 suorum
2898 1977 3240 2046 amiserant,
3269 2009 3336 2017 —
3367 1982 3497 2050 post
3525 1979 3801 2050 quaedam

2152 2071 2387 2140 recepta
2402 2065 2742 2140 Hispaniam
2762 2067 3358 2122 teudit.Bareinonam
3374 2067 3460 2102 "9‘
3475 2069 3802 2135 venientes,

2153 2155 2488 2228 quindecim
2510 2157 2718 2212 diebus
2735 2160 3060 2222 morantur,
3081 2157 3265 2211 donec
3290 2155 3532 2210 nuntius
3551 2157 3806 2212 Tortose

2153 2245 2372 2301 missus
2403 2249 2510 2300 est.
2544 2245 2626 2300 Ea
2655 2245 2844 2316 prima
2865 2244 3018 2317 regis
3044 2245 3494 2302 Sarracenorum
3519 2245 3808 2300 erat.Dux

2153 2335 2428 2390 continuo
2459 2349 2558 2390 eos
2579 2350 2888 2406 properare
2909 2335 3170 2406 resignat
3199 2339 3576 2406 exceptosque
3598 2351 3808 2391 mense

2151 2423 2378 2496 integro
2413 2424 2652 2492 detinet,
2679 2424 2868 2495 adque
2895 2423 2966 2479 ad
2989 2439 3224 2479 omnem
3247 2424 3469 2496 copiam
3503 2429 3806 2496 procurat,

2153 2513 2338 2568 donec
2369 2513 2624 2569 velocius
2667 2513 2785 2586 regi
2837 2512 3118 2569 Cordubae
3169 2513 3441 2580 nuntiati,
3475 2513 3545 2568 de
3595 2529 3807 2587 excep-

2151 2601 2308 2657 tione
2339 2618 2540 2658 eorum
2575 2619 2680 2674 per
2709 2600 2975 2674 singulas
3005 2601 3268 2658 civitates
3314 2600 3400 2658 vel
3449 2601 3576 2658 loca
3626 2602 3810 2676 digne

2154 2689 2313 2763 regia
2343 2691 2688 2746 mandatum
2720 2696 2812 2747 est
2857 2689 3323 2746 honoriﬁcentia.
3357 2691 3620 2746 Tandem
3673 2690 3812 2747 Cor-

2153 2779 2371 2835 dubam
2420 2779 2640 2853 regiam
2689 2779 2895 2835 urbem
2953 2779 3210 2848 deducti,
3244 2797 3277 2835 a
3324 2778 3538 2852 palatio
3589 2780 3811 2836 domus

2152 2868 2421 2940 quaedam
2452 2869 2684 2925 duobus
2713 2869 2831 2924 fere
2861 2867 3104 2924 milibus
3134 2869 3360 2925 distans
3389 2867 3474 2925 eis
3515 2874 3608 2926 est
3655 2868 3812 2926 dele-

2151 2961 2320 3030 gata;
2353 2957 2453 3014 ubi
2486 2956 2719 3030 regiﬁco
2749 2957 2862 2993 "9""
2895 2956 3034 3014 luxu
3067 2957 3345 3014 omnibus
3373 2958 3550 3014 etiam
3592 2954 3813 3031 praetier

2153 3062 2329 3102 usum
2359 3045 2654 3103 exhibitis.
2678 3062 2782 3120 per
2811 3045 3126 3104 nonnullos
3157 3046 3281 3103 dies
3321 3047 3499 3102 coacti
3549 3051 3693 3104 sunt
3723 3063 3814 3103 re-

2153 3151 2390 3190 morari.

394 3206 640 3284 inveniri
672 3226 890 3297 posset,
923 3221 1024 3295 qui
1053 3239 1116 3278 se
1139 3221 1197 3277 id
1231 3206 1474 3294 aggredi
1498 3221 1618 3277 ullo
1651 3223 1822 3278 modo
1873 3239 2044 3294 posse
2073 3206 2118 3275 C
2220 3223 2341 3280 119.
2373 3223 2794 3294 (DCCCCLIV.)
2843 3223 2988 3280 Cum
3023 3226 3153 3296 jam
3205 3239 3499 3280 morarum
3553 3224 3808 3291 tederet,

395 3313 694 3381 fateretur,
727 3308 1023 3366 Johannes
1055 3313 1288 3381 repente
1319 3307 1462 3363 nihil
1501 3310 1950 3366 cunctabundus
1979 3327 2041 3367 se

393 3400 697 3457 ultroneus
727 3397 1151 3454 otfert.Abbate
1172 3395 1606 3469 aliquantulum
1629 3414 1778 3471 aegre
1802 3400 2039 3468 ferente,

393 3489 570 3564 quod,
605 3489 667 3544 in
695 3503 830 3544 eum
860 3490 983 3543 tota
1012 3503 1072 3542 re
1102 3485 1442 3542 monasterii
1469 3485 2044 3562 ipgumbente,grata

391 3578 519 3654 ipse
549 3576 742 3650 quiete
772 3574 1123 3648 potiebatur,
1156 3591 1222 3632 eo
1253 3591 1577 3646 numquam
1609 3576 1657 3632 si
1681 3580 1834 3632 esset
1854 3575 2042 3648 possi-

394 3667 510 3724 bile
549 3666 841 3723 abstinere
872 3668 1199 3738 pateretur;
1229 3663 1368 3719 vicit
1397 3667 1594 3720 tamen
1627 3665 1900 3737 perfectio
1948 3683 2042 3722 ca-

393 3755 608 3824 ritatis,
639 3771 768 3828 qua:
798 3771 914 3810 non
945 3753 1154 3826 quierit
1183 3770 1311 3826 quae
1345 3771 1454 3810 sua
1501 3757 1660 3823 sunt,
1695 3755 1796 3811 sed
1845 3755 2042 3827 potius

396 3860 523 3920 quae
554 3842 900 3902 alienorum.
926 3828 1114 3899 Simul
1138 3842 1278 3915 quia
1296 3841 1528 3899 videbat
1551 3842 1738 3898 virum
1762 3842 2043 3916 cupidum

394 3936 525 3995 esse
584 3931 852 4002 martirii,
888 3932 936 3988 si
978 3932 1096 3989 fors
1144 3933 1227 3988 ita
1274 3931 1527 4000 tulisset,
1561 3931 1792 3988 Christo
1849 3933 2043 4004 potius

389 4022 792 4082 tranamittere
815 4022 1002 4094 'quam
1034 4021 1158 4076 suis
1187 4020 1408 4094 optavit
1439 4020 1894 4078 necessitatibus
1915 4021 2042 4078 reti-

364 4110 550 4168 'nere.
584 4111 670 4168 Ita
701 4127 978 4166 assensus
1003 4109 1338 4181 imperatori
1363 4125 1431 4164 ex
1453 4108 1740 4182 legatione
1761 4109 2039 4184 episcopi,

390 4201 688 4259 Johannes
719 4197 1008 4270 dirigitur.
1043 4198 1363 4269 Imperator
1401 4196 1586 4253 multo
1632 4198 1739 4254 hoc
1789 4199 2042 4271 amplius

391 4277 734 4357 delectatus,
769 4303 944 4360 quem
977 4289 1145 4341 aetate
1173 4290 1227 4340 et
1258 4285 1566 4358 prudentia
1593 4286 1666 4342 ad
1719 4287 1776 4342 id
1825 4288 2039 4359 negotii

391 4377 748 4437 omnimodis
780 4376 1054 4432 idoneam
1084 4373 1440 4442 advertebat,
1473 4375 1749 4432 mandata
1779 4392 1912 4432 cum
1945 4376 2040 4434 lit-

387 4456 530 4525 teris
561 4466 664 4523 seu
695 4465 1040 4522 muneribus
1074 4462 1443 4535 imperatoris
1464 4463 1515 4518 ei
1539 4465 1878 4534 committit,
1903 4482 2042 4538 pra:-

2151 3327 2372 3382 curque
2423 3310 2734 3382 praesentia
2781 3311 2932 3384 regis
2990 3313 3220 3369 tamdiu
3279 3313 3694 3380 retinerentur;
3729 3311 3810 3368 ab

2151 3399 2246 3455 his
2267 3399 2443 3471 quise
2463 3401 2857 3474 procurabant
2879 3401 3291 3474 disquirerent,
3308 3400 3528 3455 dictum
3547 3399 3813 3472 est,quia

2153 3488 2344 3544 nuntii
2377 3487 2540 3560 prius
2572 3488 2740 3544 missi
2773 3506 2806 3546 a
2835 3505 2967 3562 rege
3001 3493 3200 3545 nostro
3230 3489 3482 3544 triennio
3501 3492 3671 3544 erant
3700 3488 3812 3544 de-

2153 3578 2318 3645 tenti,
2354 3593 2415 3634 se
2447 3581 2533 3632 ter
2555 3581 2806 3646 tantum,
2823 3578 2881 3632 id
2904 3583 2993 3634 est
3015 3595 3219 3635 novem
3243 3594 3450 3647 annos,
3467 3577 3810 3632 condictum

2153 3683 2282 3722 esse
2313 3683 2346 3722 a
2375 3669 2692 3739 conspectu
2713 3666 2873 3740 regio
2898 3667 3196 3724 abstineri.
3229 3667 3451 3723 Interea
3474 3665 3716 3738 quidam
3743 3681 3817 3722 ex

2153 3753 2370 3826 palatio
2403 3754 2543 3810 illuc
2573 3753 2726 3811 viros
2754 3754 2947 3812 visum
2975 3756 3274 3812 venientes
3322 3770 3681 3826 causamque
3711 3754 3815 3810 ad-

2151 3849 2362 3900 ventus
2392 3859 2595 3899 eorum
2642 3848 3112 3916 percunctantes,
3145 3844 3285 3899 dum
3337 3842 3542 3899 callide
3591 3847 3816 3907 cuncta

2155 3932 2477 4006 explorant,
2506 3931 2769 4004 nihilque
2801 3933 2872 3988 ab
2903 3933 2988 3989 eis
3020 3933 3162 3990 certi
3197 3933 3546 4004 acciperent,
3569 3929 3672 4003 qui
3694 3930 3812 3986 sibi

2154 4021 2268 4077 nisi
2301 4021 2570 4094 presenti
2612 4019 2732 4093 regi
2781 4021 3058 4078 mandata
3108 4021 3384 4092 cuiquam
3441 4020 3669 4076 edicere
3719 4020 3813 4075 fas

2155 4110 2314 4166 nullo
2347 4110 2519 4166 modo
2551 4126 2678 4166 esse
2709 4109 3002 4176 dicebant,
3034 4109 3118 4164 illi
3133 4112 3258 4182 jam
3283 4113 3494 4165 cuncta
3514 4125 3576 4164 se
3598 4123 3817 4180 prace-

2152 4200 2308 4272 pisse
2331 4199 2658 4270 jactabant,
2688 4204 2746 4256 et
2777 4201 2916 4272 quia
2947 4204 3150 4256 contra
3179 4199 3336 4272 leges
3366 4198 3630 4270 ipsorum
3653 4197 3814 4253 litte-

2152 4306 2246 4346 ras
2265 4289 2382 4361 regi
2406 4289 2679 4345 aﬂerrent
2701 4287 3095 4361 ultimumque
3117 4289 3202 4344 eis
3225 4287 3352 4344 sine
3375 4287 3555 4342 duhio
3579 4287 3808 4343 instare

2151 4377 2496 4450 periculum,
2533 4377 2672 4450 quia
2699 4382 2756 4433 et
2789 4379 2912 4450 ipse
2926 4379 3053 4450 jam
3075 4376 3264 4432 littere
3286 4369 3345 4430 in
3368 4375 3649 4431 noticiam
3675 4389 3812 4448 prn-

2151 4467 2348 4540 cipum
2381 4467 2772 4522 devenissent.
2807 4467 2876 4523 Et
2898 4482 3114 4533 revera,
3135 4480 3496 4538 quamquam
3519 4463 3653 4520 dolo
3675 4480 3815 4520 cou-

389 4556 732 4628 dictumque
789 4553 1221 4642 Virdunensem
1285 4551 1455 4622 (411,)
1497 4552 1614 4642 cui-
1649 4569 1863 4610 nomen
1917 4558 2042 4610 erat
2069 4578 2120 4642 υ
2146 4556 2364 4629 tigerit,
2401 4556 2479 4610 ita
2509 4559 2650 4612 erat.
2696 4557 2843 4611 Nam
2875 4573 2910 4612 a
2940 4555 3173 4611 civitate
3201 4553 3370 4610 Tullo
3403 4558 3617 4608 nostra:
3667 4568 3811 4626 pro-

387 4644 810 4701 Ermenhardo:
846 4641 1073 4700 socium
1104 4640 1176 4696 ob
1209 4639 1470 4696 locorum
1499 4639 1920 4714 regionumque
1943 4660 2040 4700 no-

388 4733 581 4790 titiam
607 4733 778 4802 facit;
804 4731 896 4788 cui
923 4747 1170 4789 munera
1184 4729 1334 4786 tradi
1356 4729 1654 4786 Johannes
1684 4731 2036 4803 expostulat,

2145 4645 2370 4712 vincite,
2404 4644 2680 4701 comitem
2710 4644 2969 4719 episcopi
3019 4641 3196 4717 legati
3250 4642 3536 4710 defuncti,
3566 4643 3639 4697 de
3689 4658 3812 4714 quo

2149 4733 2374 4789 dictum
2405 4737 2512 4800 est,
2547 4733 2842 4805 quendam
2889 4749 3089 4789 secum
3139 4733 3532 4805 presbiterum
3581 4747 3815 4786 assum-

1744 4854 1987 4913 VARl/E
2027 4856 2446 4915 LECTIONES.

462 4987 554 5024 ³⁸³⁵
584 4986 706 5043 adit
734 5002 780 5042 c.
861 4984 948 5020 ¹⁶³⁶
977 4999 1056 5038 m.
1091 4981 1130 5036 i.
1165 4999 1214 5036 e.
1249 4996 1328 5034 m.
1363 4996 1391 5034 ε
1421 4982 1563 5036 com'.

391 5057 572 5118 media
599 5058 838 5115 Labbeus
867 5055 1122 5162 explevit.
1202 5053 1290 5090 ¹⁶⁹⁰
1321 5051 1480 5106 ditur
1509 5050 1572 5106 C.
1605 5069 1654 5107 a.
1691 5069 1742 5107 e.
1777 5068 1826 5108 e.
1863 5050 1910 5106 s.

391 5145 582 5162 nni-una
615 5146 642 5162 Δ
670 5130 791 5162 nam;
890 5128 930 5162 ιϐ
955 5128 978 5161 3
1009 5127 1124 5162 inm
1159 5140 1187 5162 ρ
1238 5122 1519 5162 νῖρηηςιττι
1559 5121 1740 5162 Mnhill
1840 5125 1910 5160 16οη

390 5145 587 5203 penna
613 5146 642 5186 e
667 5130 811 5186 coni.
890 5121 978 5162 ¹⁶⁹³
1001 5127 1129 5198 jam
1159 5140 1204 5180 c.
1238 5122 1523 5180 Viennam
1555 5121 1759 5179 Μαὺίιι.
1840 5125 1929 5160 ¹⁶⁰⁴

1671 4981 1758 5016 ¹⁶⁸τ
1787 4979 1854 5035 ν.
1891 4997 1946 5054 q.
1983 4997 2039 5056 g.
2071 4999 2120 5040 e.
2174 4985 2313 5039 coni.
2393 4982 2480 5019 ¹⁶⁸⁸
2511 5000 2564 5038 o.
2601 4999 2656 5056 p.
2689 4999 2744 5039 ν’
2781 4987 2823 5038 t.
2859 5000 2886 5040 c
2914 4985 3056 5039 coni.
3138 4984 3227 5019 ¹⁶³⁹
3259 4998 3438 5108 urg...

1691 5069 1742 5107 e.
1777 5068 1826 5108 e.
1863 5070 1910 5106 s.
1945 5070 2003 5108 n.
2033 5070 2064 5108 ε
2089 5057 2230 5108 coni.
2337 5055 2423 5090 ¹⁶⁹¹
2459 5070 2538 5108 m.
2565 5054 2624 5108 in
2654 5071 2701 5108 θ.
2734 5056 2878 5108 coni.
2957 5055 3047 5091 ¹⁶⁹²
3076 5053 3214 5108 licet
3259 5054 3328 5108 Jo
3375 5069 3438 5108 an

1990 5053 2007 5108 ξ
2033 5070 2064 5110 e
2089 5057 2230 5112 coni.
2337 5055 2423 5090 ¹⁶⁹¹
2459 5070 2538 5108 m.
2565 5053 2624 5109 in
2654 5071 2701 5111 θ.
2734 5056 2878 5110 coni.
2957 5055 3047 5091 ¹⁶⁹²
3076 5053 3214 5111 licet
3259 5053 3588 5111 Johannem
3645 5053 3820 5108 Scar-

2007 5125 2337 5183 artinonam
2369 5142 2416 5181 c.
2497 5126 2584 5160 ¹⁶⁹⁵
2615 5125 2870 5198 regiﬁcio
2901 5143 2944 5182 ι’.

3450 5023 3462 5036 .
3517 4982 3774 5036 fratrum
3796 4997 3811 5047 ;

1975 5257 2213 5339 Nom.

434 5381 610 5437 Δ(410)
641 5379 780 5437 Β,θεί
813 5377 1008 5436 Ottoni
1042 5376 1084 5432 Ι.

486 5383 590 5436 410
641 5383 722 5437 Re
765 5383 780 5436 i
813 5383 1008 5436 Ottoni
1043 5383 1084 5432 Ι.

461 5383 610 5522 ἒ411ζ
640 5396 1208 5522 DeBVirdunepsium
1241 5451 1630 5522 mercatorum
1663 5461 1798 5522 cum
1833 5445 2037 5520 Hispa-

391 5517 490 5588 nia
519 5517 868 5579 commercio
893 5521 967 5578 cf.
1006 5517 1366 5592 Liudprandi
1395 5519 1604 5591 Antap.
1636 5534 1712 5587 v1,
1743 5519 1798 5574 6.

461 5592 608 5667 (412)
639 5593 914 5666 Langres.

2221 5376 2368 5447 (413)
2391 5377 2651 5449 ABeaune,
2684 5381 2815 5449 post
2843 5375 3143 5433 Divionem
3173 5375 3408 5432 demum
3441 5373 3502 5428 in
3531 5372 3631 5428 via
3653 5373 3816 5448 Lug-

2150 5447 2415 5520 dunensi
2434 5448 2645 5520 posita.

2223 5520 2368 5594 (414)
2404 5519 2672 5592 Lugdun.
