4098 6170
300 446 413 508 301

1226 450 1327 512 DE
1370 450 1553 515 VITA
1597 450 1924 515 JOANNIS
1967 454 2303 519 ABBATIS
2350 457 2804 521 GORZIENSIS

3591 468 3708 527 302

302 585 560 652 pserant,
598 562 715 651 equi
762 585 881 635 toto
930 581 1205 654 deinceps
1268 584 1471 639 itinere
1521 585 1603 640 eis
1651 585 1707 639 in
1756 584 1948 638 omni-
1977 586 2033 650 Α
2070 588 2147 620 ¹τ¹¹
2185 605 2383 644 eorum
2418 592 2496 645 ibi
2529 608 2865 664 passurum,
2910 593 3007 647 sed
3061 609 3195 647 cum
3246 594 3463 648 honore
3513 596 3709 664 patrim

303 669 417 723 bus
456 670 924 733 communicaris,
962 686 1096 724 cum
1127 672 1454 727 Tortosam.
1476 690 1585 745 que
1612 674 1799 745 prima
1832 678 1954 728 erat

297 758 466 829 regni
517 758 991 825 Sarracenorum,
1023 759 1341 828 venissent,
1376 766 1645 817 metuens
1695 763 1832 827 vite,
1878 764 1950 829 si,

296 862 435 900 cum
468 862 672 900 omnes
701 845 875 919 legati
908 847 1165 903 defuncti
1197 849 1405 904 fuisset
1435 853 1477 916 ‘,
1502 851 1722 921 absque
1755 854 1773 873 ·
1809 850 1953 905 litte-

297 934 381 988 ris
413 937 433 956 '
468 938 851 989 reverteretur
882 938 923 999 ',
960 934 1184 991 litteras
1215 941 1233 960 '
1268 954 1470 992 corum
1503 941 1523 962 ⁶
1557 942 1621 992 ut
1652 944 1671 962 '
1707 940 1794 973 ¹⁶⁹⁶
1835 940 1952 994 iido

296 1022 412 1077 sibi
442 1039 689 1094 poscens
721 1024 1060 1088 monstrari,
1088 1025 1259 1079 citius
1291 1025 1503 1098 excipit
1531 1030 1574 1079 ‘.
1596 1028 1786 1099 Atque
1817 1032 1836 1052 ‘
1870 1028 1952 1083 in-

296 1110 468 1166 terim
502 1114 522 1133 ‘
553 1110 637 1166 eis
671 1112 757 1145 “5‘”
788 1114 1062 1183 Augusta:
1096 1119 1151 1165 et
1183 1112 1420 1186 reliquis
1463 1114 1813 1183 civitatibus,
1850 1118 1951 1172 ubi

294 1200 540 1254 Tertosa
565 1202 585 1221 ⁶
619 1199 817 1253 relicta
845 1204 864 1221 ‘
898 1199 1083 1254 ierant
1130 1206 1149 1223 '
1190 1202 1300 1270 “393,
1348 1203 1782 1259 remorantibus
1836 1208 1947 1275 '5”,

294 1288 422 1358 ipse
453 1287 783 1341 Cordubam
819 1289 1090 1359 prmcedit
1122 1306 1256 1344 cum
1308 1290 1537 1346 litteris.
1571 1294 1706 1357 Qum
1747 1297 1765 1315 ‘
1799 1311 1949 1364 quo-

294 1377 472 1431 modo
504 1380 523 1398 '
558 1376 729 1448 vulgo
762 1380 781 1398 ·
812 1376 1173 1432 innotuerint
1224 1382 1244 1401 '
1298 1379 1406 1446 “0°,
1455 1396 1662 1451 parum
1710 1382 1946 1453 cognitu

291 1463 446 1532 fuit;
498 1468 755 1519 ceterum
807 1481 1009 1519 rumor
1062 1465 1373 1538 optimates
1420 1470 1440 1490 ‘
1493 1468 1944 1541 populnmque'

292 1554 383 1587 ¹⁷⁰¹
416 1552 751 1609 commovit.

366 1688 491 1743 120.
526 1687 726 1759 Itaque
756 1686 1056 1759 primates,
1090 1689 1241 1744 inter
1272 1705 1333 1744 se
1364 1689 1606 1746 consilio
1637 1690 1856 1756 habito,
1890 1696 1945 1747 et

288 1781 493 1833 utrum
524 1774 586 1831 in
617 1775 894 1831 noticiam
927 1777 1079 1849 regis
1098 1793 1164 1832 ea
1187 1778 1312 1848 jam
1332 1778 1592 1833 venerint
1624 1778 1945 1850 disquiren-

288 1871 398 1934 tes,
434 1863 534 1919 ubi
570 1880 776 1936 parum
806 1866 863 1919 id
896 1870 1258 1937 compertum
1293 1865 1529 1933 habent,
1547 1884 1650 1938 per
1668 1884 1730 1921 se
1748 1884 1940 1941 regem

288 1970 471 2026 super
497 1953 608 2008 hoc
637 1957 903 2009 statuunt
948 1954 1430 2026 perquirendum.
1468 1956 1579 2010 Lex
1618 1956 1774 2011 enim
1822 1961 1942 2011 tam
1975 1953 2021 2018 B

287 2041 763 2115 improvoeabilis
793 2052 892 2097 e‘o‘s
921 2042 1289 2115 constringit,
1325 2047 1389 2097 ut
1421 2046 1572 2116 quod
1608 2044 1785 2100 semel
1804 2045 1948 2100 anti-

286 2132 494 2204 quitus
523 2132 683 2187 omni
718 2131 768 2186 ei
803 2132 963 2203 genti
991 2132 1289 2203 praefixum
1325 2137 1435 2199 est,
1467 2132 1629 2187 nullo
1662 2148 1941 2205 umquam

286 2220 461 2277 liceat
490 2221 664 2276 modo
694 2219 930 2275 dissolvi
953 2238 965 2287 ;
985 2221 1227 2293 parique
1247 2222 1335 2255 "0’
1350 2222 1521 2276 modo
1552 2238 1647 2277 rex
1671 2222 1946 2295 populus-

287 2327 403 2383 que
436 2314 709 2365 tenentur
737 2308 952 2375 innexi,
985 2308 1295 2381 omnisque
1323 2311 1711 2381 transgressio
1751 2311 1942 2383 gladio

285 2400 515 2455 feritur.
548 2399 606 2455 Si
639 2399 779 2471 quid
812 2399 883 2453 ab
914 2397 1289 2455 inferioribus
1326 2399 1439 2466 ¹⁷⁰³,
1473 2415 1590 2465 rex,
1625 2399 1673 2455 si
1696 2399 1822 2471 quit
1846 2418 1942 2455 rex

285 2488 413 2559 ipse
446 2486 825 2554 commiserit,
859 2487 1086 2542 cunctis
1116 2487 1176 2541 in
1209 2503 1342 2542 eum
1392 2487 1643 2559 populus
1676 2489 1939 2543 animad‘

283 2576 592 2631 vertit.Eis
624 2576 682 2632 in
716 2575 941 2648 legibus
963 2576 1219 2647 primum
1253 2576 1564 2647 dirumque
1593 2581 1789 2643 est,ne
1808 2577 1938 2649 quis

283 2664 345 2720 in
370 2664 710 2737 religionem
742 2681 943 2721 eorum
976 2664 1117 2736 quid
1163 2680 1446 2735 umquam
1497 2666 1708 2719 audeat
1756 2665 1934 2737 loqui.

283 2754 441 2811 Civis
472 2755 569 2820 sit,
604 2760 915 2811 extraneas
946 2753 1043 2819 sit,
1064 2752 1227 2807 nulla
1254 2754 1648 2809 intercedente
1678 2756 1939 2828 redemp~

280 2843 443 2898 tione
475 2842 664 2914 capite
686 2842 979 2914 plectitur.
996 2842 1057 2898 Si
1088 2859 1187 2897 rex
1216 2842 1341 2914 ipse
1362 2842 1611 2896 audierit
1640 2848 1697 2897 et
1728 2844 1784 2897 in
1810 2861 1933 2899 cra-

279 2931 509 2987 stinum
553 2932 814 3003 gladium
870 2931 1194 2997 retinuerit,
1228 2930 1353 3001 ipse
1400 2931 1572 2985 morti
1619 2932 1930 3001 addicitur,

279 3038 390 3077 nec
423 3021 545 3076 ulla
571 3020 920 3076 intervenire
971 3023 1163 3092 potest
1212 3018 1543 3074 clementia.
1574 3019 1934 3077 Primoribus

277 3127 421 3183 ergo
455 3109 572 3165 illis
604 3108 882 3182 palatium
916 3108 1277 3181 petentibus,
1310 3125 1443 3163 cum
1477 3108 1595 3181 regi
1626 3125 1803 3181 super
1824 3110 1933 3167 hoc

276 3216 387 3273 per
415 3199 657 3254 nuntios
687 3198 1121 3271 suggessissent
1150 3227 1216 3237 —
1248 3213 1385 3251 nam
1431 3213 1701 3253 accessus
1732 3199 1821 3233 "0‘
1859 3201 1932 3255 ad

275 3305 417 3344 eum
451 3288 647 3360 ipsum
676 3285 1040 3341 clarissimus
1070 3286 1180 3350 "05,
1199 3290 1257 3340 et
1288 3285 1401 3339 nisi
1433 3285 1754 3342 maximum
1787 3288 1928 3359 quid
1958 3321 2003 3387 Ο

272 3375 571 3450 ingruerit
600 3374 824 3440 nullus,
858 3378 1089 3430 tantum
1115 3373 1325 3429 litteris
1356 3391 1457 3446 per
1494 3374 1719 3430 sclavos
1762 3377 1923 3432 cubi-

273 3465 536 3522 cularios
566 3464 763 3519 omnia
792 3463 1164 3536 perferuntur
1191 3494 1258 3502 —
1290 3450 1399 3518 ille.
1433 3462 1577 3517 nihil
1618 3480 1819 3520 eorum
1853 3468 1925 3522 ad

274 3571 345 3608 se
375 3552 665 3626 perlatum
708 3550 995 3607 rescribit.
1026 3552 1210 3606 Amici
1261 3551 1480 3624 legatos
1528 3551 1636 3606 sibi
1688 3555 1922 3622 missos,

270 3659 497 3714 eosque
529 3641 716 3696 ﬁlium
747 3656 923 3695 suum
964 3641 1024 3695 in
1073 3640 1245 3695 domo
1292 3641 1525 3712 propria
1574 3643 1923 3713 percepisse,

272 3731 650 3802 necdumque
670 3747 732 3785 se
763 3729 902 3801 quid
936 3729 1208 3784 atl'errent
1239 3728 1503 3785 rescisse.
1522 3728 1605 3783 Ita
1634 3730 1925 3786 tumultus

270 3820 516 3875 illorum
561 3819 798 3874 sedatus
848 3823 956 3873 est.
996 3818 1143 3873 Nam
1196 3835 1298 3889 pro
1346 3823 1501 3873 certo
1522 3819 1648 3888 jam
1687 3819 1757 3873 ad
1789 3836 1924 3874 eum

270 3924 482 3964 rumor
526 3911 781 3974 venerat,
815 3910 872 3962 et
920 3905 1120 3962 missis
1170 3906 1320 3961 clam
1367 3905 1591 3961 nuntiis
1634 3923 1768 3962 vera
1796 3924 1925 3963 esse

267 4000 658 4069 compererat,
674 3996 772 4051 sed
806 3995 1013 4050 timore
1044 4010 1286 4051 suorum
1313 3994 1507 4051 taliter
1540 4011 1659 4051 rem
1690 4012 1924 4051 omnem

270 4089 709 4159 suppresserat.

352 4219 606 4275 121.Rex
637 4218 894 4290 undique
927 4217 1308 4275 meticulosus
1340 4219 1429 4253 ¹⁷⁰⁶
1460 4236 1809 4291 ancepsque,
1827 4236 1924 4291 pe-

272 4308 533 4364 riculum
565 4306 674 4363 sibi
705 4323 877 4380 posse
920 4305 1225 4363 imminere
1274 4305 1670 4375 considerans,
1701 4308 1925 4364 artibus

266 4396 470 4454 omnis
499 4396 728 4469 generis
752 4413 864 4468 que
884 4396 1091 4452 evadat
1111 4400 1481 4468 pertemptat.
1498 4397 1565 4451 Et
1594 4396 1782 4467 primo
1806 4396 1928 4468 qui-

267 4487 413 4543 dem
465 4485 718 4541 Judeum
769 4484 1083 4557 quendam,
1116 4484 1209 4539 cui
1263 4500 1473 4539 nomen
1525 4484 1777 4551 Hasdeu,
1811 4502 1926 4557 quo

264 4576 572 4631 neminem
603 4577 622 4597 "
646 4590 930 4645 umquam
961 4577 980 4597 ¹
1014 4573 1451 4645 prudentiorem
1470 4576 1489 4596 ‘
1515 4574 1602 4607 ¹⁷⁰⁷
1636 4590 1697 4629 se
1711 4572 1928 4629 vidisse

266 4668 376 4720 aut
394 4663 631 4719 audisse
643 4662 828 4718 nostri
840 4662 1033 4718 testati
1052 4666 1071 4684 ⁶
1095 4665 1233 4716 sunt
1253 4665 1295 4727 ',
1316 4662 1387 4717 ad
1407 4665 1425 4685 '
1444 4678 1543 4718 eos
1559 4666 1579 4685 ‘
1598 4662 1760 4717 misit
1776 4666 1795 4687 '
1812 4663 1919 4731 ίτοθ,
1952 4685 2000 4750 D

266 4753 372 4826 qui
405 4752 476 4807 de
501 4751 778 4806 omnibus
809 4751 881 4806 ab
912 4751 995 4807 eis
1028 4749 1173 4823 ipsis
1212 4749 1445 4822 penitus
1493 4750 1834 4823 exploraret.
1870 4752 1923 4807 Is

265 4841 552 4915 quopiam
585 4845 603 4863 '
637 4841 792 4896 fama
823 4844 841 4864 ·
876 4840 1199 4912 perferente
1231 4845 1251 4862 '
1286 4840 1374 4873 "0°
1417 4839 1749 4911 dispersum
1800 4841 1915 4896 fue-

268 4936 381 4999 rat,
400 4931 545 5003 regii
578 4948 711 4986 eum
745 4929 1010 5002 bajulum
1040 4945 1166 4985 esse
1201 4928 1597 4994 mandati,ut'
1618 4928 1918 4983 animum'

266 5020 561 5078 Johannis
584 5024 602 5042 ’
626 5019 739 5075 sibi
771 5024 790 5043 ·
821 5018 1156 5075 conciliaret
1178 5021 1197 5040 ⁴
1234 5017 1321 5051 ¹⁷¹⁰
1350 5018 1691 5089 primo,quo
1715 5016 1922 5073 sollici-

266 5109 554 5164 tabantur
566 5114 721 5164 metu
741 5125 873 5164 eum
891 5107 1080 5179 erigit,
1101 5105 1360 5178 nihilque
1377 5105 1510 5162 mali
1528 5122 1885 5178 quemquam
1900 5110 1918 5130 '

2065 678 2445 732 remittendos
2478 679 2875 734 edicit.Multa
2908 681 2976 733 de
3009 680 3121 733 ritu
3157 682 3437 749 gentis,et
3462 684 3713 753 qualiter

2063 781 2125 819 se
2155 780 2350 820 coram
2385 767 2470 822 eis
2501 768 2807 824 observare
2847 768 3146 835 deberent,
3181 772 3562 825 commonuit.
3598 772 3711 843 Ipsi

2053 852 2321 923 juniores
2352 872 2386 909 a
2417 856 2889 928 quibuscumque
2908 857 3072 911 vanis
3104 856 3336 912 lascivis
3358 858 3711 914 motibuslo-

2061 940 2467 999 cutionibusve
2497 943 3123 1015 compescerent;nihil
3162 950 3275 999 tam
3302 963 3544 1017 parvum
3572 948 3711 1015 fore,

2060 1031 2216 1101 quod
2249 1048 2363 1086 non
2397 1048 2531 1087 mox
2563 1034 2732 1105 regia!
2778 1032 2995 1088 notitia
3029 1034 3399 1105 perferretur.
3437 1035 3495 1090 Si
3546 1037 3714 1107 copia

2060 1116 2172 1174 sibi
2202 1120 2533 1191 egrediendi
2570 1125 2808 1193 pateret,
2844 1138 2914 1176 ne
2946 1138 3063 1193 qua
3094 1122 3444 1178 seurrilitatc
3476 1124 3708 1181 feminis
3742 1173 3754 1189 ,

2058 1206 2265 1262 saltem
2298 1214 2443 1263 nutu
2473 1226 2535 1265 se
2557 1208 3173 1281 applicarent,nullam
3207 1210 3314 1265 sibi
3353 1218 3571 1282 pestem
3596 1218 3710 1266 tru-

2057 1296 2435 1352 culentiorem
2468 1298 2961 1369 futuram;legem
2995 1298 3103 1352 sibi
3138 1300 3495 1371 propositam
3523 1301 3706 1356 nulla-

2056 1388 2229 1439 tenus
2249 1387 2608 1453 excederent,
2623 1403 2740 1458 quo
2773 1386 2932 1441 nullo
2949 1387 3313 1442 observatius
3335 1393 3698 1457 notarentur,

2056 1473 2521 1546 deprehensique
2552 1474 2719 1530 nihili
2753 1475 3168 1547 penderentur.
3200 1476 3466 1533 Johanne
3517 1480 3587 1533 ad
3633 1497 3703 1535 ea

2056 1566 2230 1633 prout
2259 1564 2625 1635 competebat
2653 1564 3060 1636 respondente,
3096 1570 3270 1637 atque
3298 1565 3701 1638 acceptissime

2055 1650 2401 1707 monitorem
2434 1653 2943 1724 ferente,suosque
2973 1669 3040 1707 ex
3070 1653 3373 1709 contraria:
3404 1654 3586 1726 partis
3606 1656 3704 1711 ho-

2056 1739 2214 1795 mine
2243 1740 2637 1808 suﬂ‘undente,
2670 1746 2802 1812 post
2831 1740 3003 1813 plura
3030 1741 3277 1807 invicem
3310 1749 3593 1811 conserta,
3612 1762 3704 1817 pe-

2053 1828 2393 1900 detemptim
2440 1829 2664 1883 Judeus
2705 1845 2944 1884 causam
2974 1830 3320 1902 ingreditur.
3356 1832 3501 1897 Quid
3535 1834 3697 1889 missi

2052 1916 2261 1984 ferant,
2296 1916 2539 1973 sollicite
2573 1917 2865 1988 disquirit.
2901 1917 3052 1971 Dum
3089 1918 3395 1989 paululum
3440 1922 3701 1975 cunctari

2055 2004 2210 2059 videt
2263 2005 2612 2071 Johannem,
2665 2036 2731 2045 —
2765 2021 2900 2060 nam
2954 2010 3093 2061 tunc
3144 2012 3362 2063 secreto
3409 2008 3559 2062 inter
3606 2026 3705 2065 eos

2058 2094 2359 2165 agebatur,
2383 2125 2449 2133 —
2481 2092 2571 2149 sui
2610 2094 2709 2148 dat
2742 2093 2914 2149 fidem
2946 2094 3381 2162 silentii,immo
3400 2096 3446 2150 si
3466 2114 3611 2168 opus
3632 2097 3707 2151 sit

2056 2182 2169 2236 tuti
2199 2199 2367 2254 opem
2401 2182 2970 2239 consilii.Johannes
3000 2188 3211 2240 cuncta
3240 2183 3442 2240 ordine
3472 2185 3700 2256 digerit.

2055 2271 2216 2326 Dona
2246 2271 2365 2343 regi
2398 2271 2599 2337 missa,
2626 2271 2937 2343 epistolam
2968 2278 3245 2344 prieterea
3276 2274 3519 2329 auribus
3552 2275 3703 2346 regis

2053 2360 2415 2415 inferendam
2442 2378 2454 2427 ;
2489 2361 2709 2431 absque
2738 2376 2806 2415 ea
2836 2377 3022 2432 neque
3054 2361 3208 2416 dona
3238 2362 3585 2427 exhibenda,
3612 2381 3704 2420 ne-

2050 2464 2164 2520 que
2198 2448 2588 2520 praesentiam,
2614 2448 2725 2504 sibi
2758 2449 2912 2520 regis
2943 2449 3030 2504 fas
3060 2466 3188 2505 esse
3219 2452 3697 2507 conveniendam.

2050 2536 2413 2592 Sententiam
2447 2535 2623 2591 simul
2650 2536 2905 2608 epistolas
2935 2538 3126 2593 verbis
3159 2540 3363 2611 aperit.
3402 2565 3428 2588 «ι
3464 2540 3698 2596 Pericu-

2048 2623 2469 2695 losum,inquit
2498 2624 2910 2692 Judaeus,cum
2943 2625 3050 2681 hac
3084 2643 3279 2697 regem
3308 2627 3695 2684 videre.Cauti

2048 2718 2201 2769 certe
2231 2712 2380 2779 sitis,
2414 2713 2542 2784 quit
2573 2713 2799 2768 nuntiis
2827 2714 2992 2768 vobis
3033 2714 3232 2769 missis
3283 2716 3404 2788 regi
3454 2734 3692 2788 respon-

2045 2800 2254 2857 deatis.
2307 2801 2476 2873 Legis
2523 2801 2680 2856 enim
2725 2802 3090 2857 severitatem
3132 2803 3260 2871 jam
3309 2804 3472 2857 vobis
3524 2805 3690 2859 inno-
3744 2834 3755 2839 -

2043 2890 2228 2946 tuisse
2261 2890 2349 2923 ¹⁷¹²
2370 2906 2484 2945 non
2516 2893 2537 2913 ¹
2571 2889 2773 2945 dubito
2803 2889 3027 2961 ',eique
3058 2890 3419 2946 declinanda:
3445 2893 3694 2962 pruden-

2044 2984 2131 3034 ter
2160 2983 2386 3050 oportet
2415 2977 2737 3034 consulere.
2772 3001 2801 3029 »

2115 3069 2236 3123 122.
2254 3066 2355 3123 Illo
2373 3072 2514 3122 tunc
2529 3067 2885 3136 discedente,
2902 3067 3268 3141 postaliquot
3285 3085 3515 3124 menses
3531 3072 3689 3142 epis-

2042 3172 2222 3229 copus
2239 3156 2479 3228 quidam
2494 3155 2792 3212 Johannes
2809 3157 2880 3212 ad
2911 3173 3010 3213 eos
3039 3158 3260 3213 missus
3290 3164 3398 3224 est,
3434 3159 3531 3230 qui
3558 3165 3690 3231 post

2040 3244 2228 3300 multa
2243 3251 2460 3300 mutua:
2485 3245 2974 3301 confabulationis
2997 3251 3197 3318 rogata
3214 3250 3270 3301 et
3293 3246 3508 3313 addita,
3530 3251 3593 3301 ut
3625 3248 3690 3302 ﬁt

2041 3335 2193 3390 inter
2216 3333 2436 3401 fideles,
2452 3333 3113 3406 colloquia,mandatum
3137 3335 3290 3407 regis
3310 3334 3692 3403 subinfert,ut

2035 3439 2169 3478 cum
2206 3422 2549 3478 muneribus
2572 3422 2941 3479 solummodo
2968 3424 3055 3457 ¹τ¹³
3079 3423 3134 3477 in
3182 3428 3496 3495 conspectu
3529 3424 3684 3496 regis

2035 3512 2366 3569 adveniant.
2386 3533 2413 3561 ‹‹
2428 3512 2572 3578 Quid
2597 3527 2754 3584 ergo,
2768 3511 3067 3567 Johannes
3079 3511 3179 3578 ait,
3196 3513 3265 3566 de
3282 3512 3492 3568 litteris
3506 3512 3687 3584 impe-

2036 3600 2521 3655 ratoriis?Nonne
2539 3616 2741 3656 earum
2766 3601 3016 3655 maxime
3040 3617 3217 3655 causa
3239 3601 3496 3655 directus
3514 3602 3686 3656 sum?

2036 3689 2173 3760 quia
2202 3688 2324 3759 ipse
2354 3688 2729 3760 blasphemas
2762 3680 3064 3759 praemisit,
3098 3688 3189 3743 his
3220 3688 3396 3743 etiam
3429 3694 3449 3711 '
3481 3707 3630 3744 vana
3662 3692 3683 3713 ⁴’

2034 3776 2246 3833 erroris
2277 3779 2298 3800 '
2330 3776 2421 3831 sui
2454 3781 2474 3800 '
2507 3782 2838 3831 commenta
2868 3780 2887 3798 ‘
2910 3776 2995 3810 ‘7“
3025 3776 3462 3833 destruentibus
3480 3778 3681 3831 confu-

2034 3870 2208 3921 tetur.
2228 3888 2254 3915 ››
2278 3864 2377 3920 Ille
2409 3866 2479 3919 ad
2510 3864 2629 3919 hate
2656 3866 3066 3936 temperatior'
3087 3886 3115 3914 «
3148 3864 3680 3935 Considerate'm5,

2034 3952 2136 4025 ait,
2170 3953 2279 4009 sub
2310 3970 2426 4025 qua
2464 3953 2795 4008 conditione
2826 3968 3092 4025 agamus.
3131 3953 3387 4008 Peccatis
3439 3954 3510 4008 ad
3562 3953 3681 4008 hzec

2034 4041 2286 4098 devoluti
2319 4045 2340 4064 '
2374 4058 2583 4096 sumus
2600 4044 2643 4106 ',
2664 4044 2727 4095 ut
2756 4045 2777 4063 '
2810 4057 3175 4113 paganorum
3192 4045 3213 4064 '
3233 4042 3644 4113 subjaceamus
3661 4046 3689 4085 '-

2036 4132 2124 4166 ¹⁷¹⁶
2154 4130 2383 4187 ditioni.
2428 4129 2716 4186 Resistere
2766 4130 3039 4202 potestati
3089 4131 3262 4186 verbo
3307 4131 3687 4203 prohibemur

2034 4219 2574 4294 apostoli.’l‘antum
2608 4218 2753 4273 hoc'
2774 4235 2956 4273 unum
2989 4223 3009 4242 '
3043 4219 3311 4274 relictum
3343 4224 3465 4275 est'
3488 4222 3683 4276 1mso-

2034 4309 2177 4375 latii,
2213 4309 2368 4380 quod
2402 4309 2461 4362 in
2492 4312 2667 4362 tanta:
2700 4306 3049 4363 calamitatis
3100 4307 3253 4363 malo
3302 4308 3532 4379 legibus
3578 4326 3684 4364 nos

2035 4397 2285 4470 propriis
2308 4396 2391 4452 uti
2416 4413 2533 4452 non
2547 4396 2886 4469 prohibent;
2912 4397 3012 4467 qui
3035 4400 3054 4419 ⁶
3078 4402 3257 4468 quos‘
3276 4396 3684 4469 m"diligentes

2034 4484 2492 4541 Christianitatis
2523 4482 2774 4538 viderint
2804 4484 3225 4552 observatores,
3250 4484 3450 4539 colunt
3474 4489 3529 4539 et
3554 4501 3683 4539 am-

2036 4573 2391 4647 plectuntur,
2439 4570 2616 4627 simul
2666 4572 2931 4644 ipsorum
2981 4572 3246 4627 convictu
3300 4571 3679 4638 delectantur,

2036 4679 2171 4718 cum
2198 4662 2432 4717 Judzeos
2455 4661 2690 4733 penitus
2712 4659 3079 4717 cxhorreant.
3106 4661 3210 4715 Pro
3226 4665 3486 4732 tempore
3504 4660 3684 4733 igitur

2040 4753 2149 4807 hoc
2178 4752 2446 4806 videmur
2479 4755 2670 4805 tenere
2703 4749 2952 4816 consilii,
2972 4755 3036 4804 ut
3063 4748 3197 4820 quia
3213 4749 3507 4819 religionis
3523 4750 3683 4804 nulla

2028 4840 2543 4911 inferturjactura,
2576 4843 2767 4894 cetera
2805 4838 2889 4893 eis
2922 4839 3341 4909 obsequamur,
3364 4838 3682 4909 jussisque

2028 4947 2228 4985 eorum
2263 4929 2321 4983 in
2357 4935 2645 5000 quantum
2680 4928 2852 4981 ﬁdem
2880 4944 2993 4981 non
3031 4927 3358 4997 impediunt
3386 4928 3681 4998 obtempe-

2032 5035 2252 5074 remus.
2294 5017 2455 5073 Unde
2488 5016 2592 5069 tibi
2626 5014 2810 5071 multo
2843 5015 3028 5071 satius
3062 5032 3216 5069 nunc
3247 5016 3317 5070 de
3348 5015 3439 5071 his
3484 5015 3683 5071 retice-

2030 5124 2115 5174 re,
2145 5112 2202 5162 et
2233 5104 2541 5178 epistolam
2574 5102 2734 5158 illam
2782 5103 3020 5158 omnino
3072 5103 3464 5176 supprimere,
3504 5120 3683 5176 quam

1635 5248 1878 5304 VARle
1919 5248 2314 5305 LECTIONES
2326 5290 2337 5301 .

350 5386 440 5420 ¹⁶⁹⁶
463 5385 514 5466 _f.
548 5400 661 5456 que
694 5383 733 5439 l.
763 5402 809 5441 r.
844 5383 882 5440 l.
915 5402 966 5440 e.
1002 5388 1067 5439 ut
1091 5400 1123 5466 ρ
1150 5385 1294 5440 coni.
1373 5382 1460 5417 ¹⁶⁹⁷
1490 5400 1539 5437 e.
1572 5383 1638 5435 A.
1672 5382 1712 5435 i.
1745 5399 1794 5437 e.
2108 5382 2194 5466 “:98
2227 5398 2311 5464 sa,
2346 5398 2392 5435 r.
2426 5380 2695 5466 ilicem":
2754 5380 2876 5466 _‘°°_°'
2901 5380 3328 5466 remorantihus
3374 5399 3421 5437 c.
3502 5383 3590 5417 ¹⁷⁰⁰
3620 5384 3683 5448 Q.

275 5473 336 5561 q.
367 5474 423 5510 v.
460 5456 500 5520 i,
530 5472 561 5510 e
597 5458 742 5511 coni.
854 5458 940 5492 ’τοι
986 5456 1210 5528 optima
1240 5469 1653 5527 ..po...umque
1695 5468 1742 5507 ε.

275 5529 290 5561 1
321 5528 368 5561 ω
400 5526 742 5561 nou-{animuin
783 5527 1016 5561 ιηιιιιαυ.
1049 5529 1283 5561 Ληννηνίθ
1338 5526 1468 5561 Ιιοηο
1565 5525 1654 5559 Ποὸ
1685 5541 1738 5561 m

321 5528 368 5562 °‘
399 5526 743 5583 rarissimus
778 5526 1302 5586 Labbeus'correxit.
1336 5526 1486 5581 bene.

1856 5455 1945 5488 ¹⁷⁰²
1998 5453 2079 5509 bis
2133 5453 2348 5525 legitur.

1565 5525 1654 5559 ¹⁷⁰⁶
1684 5525 2088 5580 metuculosus
2118 5543 2164 5581 c.

2463 5453 2551 5485 ’⁷0³
2602 5450 2974 5508 inferioribus
3021 5470 3067 5508 c.
3183 5454 3271 5487 ¹⁵⁰⁴
3320 5470 3606 5509 accensus
3636 5470 3683 5509 ο.

2245 5525 2331 5558 “07
2363 5541 2421 5576 n.
2455 5539 2513 5577 u.
2549 5539 2605 5594 p.
2637 5539 2666 5577 ε
2695 5525 2841 5578 coni.
2926 5524 3012 5558 ³⁷0⁸
3044 5524 3085 5578 ti
3118 5542 3167 5579 s.
3203 5541 3255 5578 a.
3288 5540 3338 5579 e.
3374 5541 3452 5579 m.
3487 5542 3515 5581 ε
3540 5528 3682 5581 coni.

276 5598 370 5633 ‘7”
394 5615 460 5678 _q.
493 5598 535 5653 f.
570 5615 683 5678 p._e
924 5599 1013 5678 ¹ς¹¹⁰
1043 5603 1192 5678 ut_a.
1230 5598 1279 5653 1.
1314 5613 1447 5678 δίης.
1479 5613 1508 5652 e
1536 5596 1679 5651 coni.
1756 5595 1840 5629 ¹⁷¹¹
1875 5612 2066 5678 vocem.
2353 5594 2797 5678 δᾳρριθςμήςιίη
2829 5595 3047 5678 lacuna.
3124 5596 3213 5678 {7"
3242 5596 3601 5678 inpetu-isse
3631 5613 3682 5651 c.

281 5687 345 5727 n.
377 5669 438 5725 d2
472 5686 501 5725 e
529 5669 673 5726 cani.
751 5671 839 5704 “'3
868 5669 1174 5727 solumodo
1204 5686 1256 5725 c.

1341 5668 1430 5702 ¹τ¹⁴
1456 5684 1507 5723 e.
1541 5683 1594 5722 v.
1627 5683 1677 5722 e.
1714 5682 1765 5721 s.
1802 5684 1851 5721 c.
1887 5684 1916 5722 e
1942 5669 2084 5723 coni.

2166 5667 2255 5701 '7"
2285 5665 2519 5723 eratior.
2552 5665 2926 5723 Considerate
2966 5682 2995 5724 e
3024 5669 3167 5724 coni.
3248 5668 3334 5703 ¹⁷¹⁶
3364 5666 3473 5724 luti
3520 5685 3566 5723 s.
3622 5684 3679 5727 u.

283 5759 347 5820 p.
382 5758 434 5801 ε.
464 5757 495 5801 e
521 5743 665 5799 coni.
744 5743 830 5778 ¹τ¹⁷
861 5742 970 5800 hoc
1000 5759 1059 5798 u.
1092 5759 1140 5798 r.
1169 5745 1256 5800 est
1284 5741 1476 5798 ecom'.
1555 5739 1643 5777 ‘7“
1674 5739 1735 5796 ui
1766 5754 1911 5814 quos
1930 5739 2052 5815 jam
2080 5737 2417 5798 exciderunt.
