4098 6170
383 406 514 506 303

1273 441 1592 504 JOANNIS
1635 437 1966 501 ABBATIS
2009 438 2074 500 S.
2121 438 2466 502 ARNULFI
2511 436 2899 501 METENSIS

3665 439 3786 499 304

383 549 726 632 scandalum
755 575 863 632 tibi
889 576 1143 648 tuisque,
1175 574 1340 631 nulla
1366 574 1623 630 instante
1655 573 2022 639 necessitate,
2054 575 2108 640 Α
2139 578 2255 638 tur,
2288 577 2462 646 atque
2493 589 2560 627 ex
2591 573 2720 644 ipso
2751 572 2889 644 quid
2923 572 3076 644 apud
3111 587 3171 627 se
3221 570 3558 644 praetinicrit
3587 587 3790 643 quere-

383 663 938 738 pernitiosissimum
970 663 1278 720 concitare.
1311 686 1339 714 ››

457 753 578 809 123.
613 752 910 809 Johannes
939 751 1245 826 paululum
1295 751 1646 808 commotior
1677 766 1691 805 :
1731 771 1758 799 ι(
1807 749 2028 819 Alium,

384 839 611 914 inquid,
643 857 820 913 quam
853 845 930 907 te,
961 841 1062 914 qui
1111 841 1326 898 videris
1369 840 1700 913 episcopus,
1736 839 1858 894 hinc
1903 854 2029 910 pro-

384 931 534 988 ferre
563 931 855 986 decuerat.
869 931 1015 987 Cum
1037 931 1120 987 sis
1142 930 1298 986 enim
1321 929 1455 986 ﬁdei
1476 932 1750 996 assertor,
1786 928 2031 998 ejusque

385 1024 442 1075 te
471 1019 691 1092 gradus
719 1019 928 1074 celsior
956 1019 1217 1092 posuerit
1237 1018 1410 1074 etiam
1433 1017 2033 1083 defcnsorem,tiumrc

387 1107 648 1162 humano
679 1125 713 1162 δ.
741 1109 982 1164 veritate
1012 1107 1382 1183 prmdicanda
1415 1106 1630 1161 nedum
1687 1104 1832 1160 alios
1883 1121 2034 1158 com-

387 1212 642 1269 pescere,
676 1197 776 1250 sed
811 1214 916 1252 nec
946 1201 1000 1252 te
1032 1197 1226 1268 ipsum
1259 1195 1563 1268 oportebat
1591 1195 1946 1260 subducere;
1978 1197 2036 1247 et

391 1284 603 1341 melius
627 1287 864 1339 omnino
909 1286 1117 1349 fuerat,
1166 1285 1462 1340 hominem
1513 1281 1910 1338 Christianum
1960 1282 2036 1336 fa-

391 1373 504 1428 mis
534 1390 706 1446 grave
735 1374 882 1429 ferre
913 1375 1501 1446 dispendium,quam
1535 1373 1682 1428 cibis
1711 1373 1783 1426 ad
1815 1372 2037 1425 destru-

390 1460 644 1518 ctionem
682 1461 932 1518 aliorum
967 1461 1288 1519 consociari
1331 1461 1664 1534 gentilium.
1702 1461 1788 1515 Ad
1831 1459 1940 1515 hoc
1979 1463 2038 1514 et

391 1551 547 1624 quod
577 1550 736 1606 omni
767 1551 1062 1608 catholicae
1093 1549 1335 1608 ecclesia
1365 1548 1707 1608 detestabile
1735 1553 1826 1620 est
1852 1554 1908 1605 et
1937 1564 2038 1604 ne-

391 1637 626 1708 farium,
641 1639 716 1696 ad
737 1639 913 1696 ritum
935 1657 1136 1697 eorum
1160 1657 1260 1698 vos
1284 1639 1456 1696 audio
1480 1637 1879 1706 circumcisos,
1901 1653 2037 1694 cum

391 1729 558 1786 fortis
587 1728 876 1786 sententia
901 1729 1166 1804 Apostoli
1196 1729 1474 1786 reclamet
1502 1743 1514 1782 :
1557 1727 1619 1783 Si
1652 1726 2038 1784 circumdami-

392 1818 476 1884 ni,
503 1817 748 1875 Christus
774 1819 922 1876 vobis
951 1819 1098 1876 nihil
1121 1818 1372 1892 proderit
1413 1817 1609 1891 (Galat.
1643 1834 1697 1886 v,
1725 1817 1803 1889 2).
1858 1816 2037 1872 Item-

394 1922 508 1978 que
536 1907 607 1962 dc
637 1905 804 1976 cibis,
837 1924 986 1980 quos
1013 1909 1203 1981 gratia
1232 1905 1666 1964 communionis
1711 1920 1914 1962 eorum
1945 1905 2043 1960 ab-

395 1995 781 2052 hominamini
817 2013 832 2052 :
867 1997 1059 2054 Omnia
1085 1997 1294 2054 munda
1311 1995 1534 2053 mundis
1565 1997 1692 2068 (Tit.
1725 2011 1766 2061 ι,
1799 1995 1920 2067 15);
1944 1998 2039 2050 et:

395 2084 570 2140 Erunt
597 2084 834 2142 doctores
879 2087 1164 2159 vaniloqui
1202 2093 1254 2142 et
1302 2085 1606 2142 seductores
1649 2083 1890 2141 docentes
1943 2082 2044 2138 illa

395 2180 446 2228 et
477 2172 598 2239 illa,
629 2181 681 2229 et
718 2176 859 2230 inter
905 2181 1095 2230 uetera
1137 2175 1408 2230 abstinere
1448 2193 1482 2230 α
1529 2173 1688 2238 cibis,
1727 2189 1858 2245 quos
1905 2172 2045 2226 Deus

396 2264 600 2318 creavit
619 2265 896 2336 percipere
923 2281 1046 2320 cum
1071 2266 1378 2336 gratiarum
1397 2266 1608 2320 actione
1634 2261 1886 2334 ﬁdelibus
1915 2263 2040 2330 (Tit.

397 2366 438 2416 ι,
489 2351 588 2421 10;
637 2351 665 2406 Ι
717 2353 850 2408 Tim.
900 2369 975 2421 IV,
1030 2353 1107 2423 3),
1157 2358 1261 2409 et:
1315 2352 1698 2424 Sanctiﬁcatur
1757 2353 1906 2406 enim
1948 2366 2048 2422 per

401 2439 622 2496 verbum
659 2440 757 2496 Dei
807 2449 859 2497 et
905 2445 1205 2498 orationem
1248 2443 1294 2514 (Ι
1349 2443 1482 2498 Tim.
1515 2458 1592 2509 IV,
1625 2440 1704 2512 5).
1735 2464 1762 2490 ››
1795 2443 1866 2496 At
1897 2437 1994 2493 ille
2027 2455 2042 2494 :

403 2549 431 2579 «
461 2528 808 2599 Necessitas,
833 2531 1044 2602 inquit.
1079 2548 1186 2588 nos
1217 2531 1596 2606 constringit;
1616 2545 1753 2586 nam
1787 2527 2046 2584 alitereis

401 2617 772 2675 cohabitandi
805 2619 973 2676 nobis
1005 2621 1172 2693 copia
1200 2637 1316 2676 non
1347 2625 1530 2688 esset;
1551 2619 1692 2692 quin
1723 2622 1780 2675 et
1811 2635 1844 2674 a
1867 2618 2046 2689 majo-

401 2705 565 2763 ribus
596 2706 884 2782 longeque
915 2708 1240 2782 antiquitus
1272 2707 1526 2766 traditus
1557 2707 2048 2779 observatumque

399 2794 482 2852 ita
509 2799 798 2854 tenemus.
832 2831 901 2840 —
932 2798 1289 2870 Numquam,
1321 2797 1601 2866 Joannes,
1637 2795 1922 2869 inquit,id
1946 2811 2048 2868 ap-

401 2885 791 2958 probaverim,
823 2891 891 2944 ut
939 2890 1122 2958 metu,
1172 2903 1394 2957 amore,
1431 2885 1513 2942 vel
1551 2885 1746 2942 favore
1792 2882 2048 2954 mortali,

403 2973 601 3030 divina
627 2976 1138 3050 transgrediuntur
1179 2980 1420 3032 statuta.
1454 2973 1590 3030 Illos
1619 2977 1642 2998 "
1673 2973 1831 3030 enim
1861 2975 1883 2998 "
1914 2971 2052 3028 inde

402 3064 424 3088 "
459 3062 549 3099 "‘9
578 3063 832 3120 deﬂexos
863 3063 1028 3122 vobis
1057 3081 1214 3120 nunc
1244 3080 1349 3136 pro
1387 3062 1736 3120 auctoritate
1783 3065 1804 3087 "
1835 3061 1999 3118 abuti
2027 3063 2050 3085 ¹

401 3149 614 3207 videtis
644 3153 667 3176 '
699 3152 790 3186 ¹⁷²⁰
964 3153 1130 3209 vobis
1175 3170 1270 3210 res
1315 3151 1492 3208 fuerit
1539 3167 1883 3220 consensus,
1913 3165 2052 3206 cum

405 3237 604 3296 dolore
635 3257 752 3296 non
797 3258 986 3314 neque
1014 3259 1230 3298 am.....
1264 3258 1382 3314 qua
1428 3257 1687 3298 amorem
1735 3241 1924 3298 facere
1967 3238 2062 3296 vim

407 3328 628 3385 demini
647 3330 809 3403 regni
828 3329 1105 3388 cmlorum
1123 3349 1136 3400 ;
1158 3331 1436 3403 quoniam
1453 3329 1537 3387 eis
1551 3347 1654 3386 vos
1672 3329 2016 3386 necessitate
2031 3330 2052 3352 "
2085 3314 2130 3384 Β

405 3418 751 3476 constrictos
779 3423 802 3445 '
831 3421 1118 3478 assentire
1147 3424 1168 3446 '
1197 3421 1283 3456 ¹⁷¹¹
1333 3417 1618 3488 fatemini,
1653 3417 1797 3474 mihi
1847 3416 2048 3491 procul

403 3505 498 3564 his
531 3509 982 3568 necessitatibus
1011 3509 1230 3567 Christi
1261 3509 1451 3584 gratia
1481 3509 1686 3576 libero,
1717 3507 1869 3564 ﬁxus
1891 3510 1913 3532 ⁶
1946 3507 2050 3564 Do-

405 3595 566 3654 mino
595 3600 618 3623 "
652 3599 744 3634 ‘7”
766 3597 1084 3656 miserante
1115 3603 1232 3677 stat
1263 3597 1516 3667 animus,
1549 3595 1705 3671 quod
1745 3595 1904 3653 nullo
1934 3599 2048 3654 ter-

403 3702 552 3756 rore,
583 3685 890 3744 allectione
917 3687 1006 3746 vel
1034 3689 1247 3762 gratia,
1281 3688 1354 3744 ab
1384 3687 1480 3746 his
1510 3704 1639 3760 qua;
1679 3685 2048 3760 imperatoris

402 3775 634 3850 suscepi
665 3777 960 3834 mandatis
991 3777 1284 3836 deﬂectar.
1318 3777 1464 3834 Nam
1499 3793 1605 3834 nec
1637 3776 1764 3832 sine
1801 3774 2050 3848 epistola

399 3865 690 3940 imperiali
719 3867 829 3934 ³⁷³³,
859 3865 1038 3924 nullis
1083 3865 1220 3924 inde
1250 3864 1504 3940 demptis
1532 3864 1622 3922 vel
1671 3865 2048 3922 commutatis

401 3971 590 4028 usque
618 3956 691 4013 ad
723 3973 908 4014 unum
941 3957 1166 4030 apicem
1197 3955 1427 4024 litteris,
1445 3971 1582 4012 eum
1612 3953 1972 4022 conveniam,
1991 3957 2049 4009 et

403 4043 451 4098 si
473 4043 616 4116 quid
646 4049 850 4102 contra
878 4063 947 4102 ea
978 4046 1294 4119 quisquam
1324 4043 1862 4116 oblatraverit,qum
1891 4058 2046 4099 sanas

401 4136 461 4189 et
488 4130 786 4190 catholica
809 4135 942 4190 ﬁdei
973 4135 1238 4202 ferimus,
1265 4139 1324 4190 et
1366 4133 1630 4191 diversus
1661 4134 1735 4191 ad
1783 4132 1904 4189 haic
1954 4148 2046 4188 as-

401 4225 559 4278 serta
585 4221 904 4290 obvenerit,
936 4221 1134 4296 palam
1167 4223 1462 4290 resistam,
1495 4239 1600 4280 nec
1630 4221 1818 4295 ipsius
1850 4235 2047 4278 amore

285 4303 292 4317 “
397 4309 528 4368 vita:
557 4309 631 4368 ab
661 4311 1029 4368 attestaticne
1057 4311 1319 4368 veritatis
1345 4310 1669 4384 difi’ugiam.
1704 4333 1733 4361 υ

475 4401 598 4458 124.
614 4400 1028 4476 (DCCCCLIV).
1045 4401 1174 4458 Haec
1192 4400 1312 4475 regi
1335 4400 1486 4458 clam
1509 4398 1872 4458 nuntiantur.
1899 4399 2046 4456 Nam

405 4491 656 4548 necdum
688 4489 790 4548 illa
817 4490 1051 4564 publice
1081 4507 1114 4546 a
1145 4489 1530 4564 rege,quibus
1555 4489 1697 4546 item
1717 4487 1948 4562 publice
1967 4504 2049 4544 reo

400 4579 734 4653 sponderet,
763 4580 1043 4638 mandata
1071 4579 1290 4636 directa
1319 4579 1571 4643 fuerant,
1605 4578 1705 4635 sed
1738 4577 2048 4650 episcopus

2137 665 2284 729 rent,
2300 659 2563 733 nihilque
2591 661 2968 717 immutatum
2993 677 3026 717 a
3045 660 3253 735 primis
3280 659 3468 718 initiis
3489 659 3786 716 renuntia-

2137 753 2284 820 rent,
2341 767 2440 806 rex
2483 749 2768 806 miraculo
2815 754 2992 806 tanta:
3039 749 3378 807 constantiae
3443 749 3503 806 in
3561 748 3788 806 diversa

2137 840 2446 912 agebatur;
2477 843 2535 896 et
2563 839 2753 912 primo
2783 838 3020 912 quidem
3044 843 3260 895 terrere
3291 856 3426 895 eum
3458 837 3594 912 plus
3625 841 3786 894 metu

2139 929 2624 1000 Christianorum,
2643 927 2744 1002 qui
2760 945 2936 1001 regno
2959 929 3088 1001 ejus
3110 928 3288 984 libere
3313 928 3526 984 divinis
3545 928 3788 1000 suisque

2139 1018 2315 1073 rebus
2342 1019 2680 1086 utebantur,
2717 1035 2889 1090 posse
2923 1019 3187 1086 credens,
3221 1017 3314 1072 die
3363 1016 3617 1090 quadam
3669 1033 3789 1088 qua

2142 1105 2436 1161 dominica
2455 1111 2579 1162 erat
2607 1105 2656 1162 ei
2689 1106 2996 1179 epistolam
3021 1106 3253 1179 plenam
3289 1106 3584 1185 minarum
3606 1105 3787 1161 misit.

2142 1195 2244 1252 His
2263 1195 2419 1250 enim
2441 1200 2672 1250 tantum
2695 1195 2904 1251 diebus
2928 1195 3268 1263 Dominicis,
3288 1200 3390 1251 aut
3419 1195 3467 1254 si
3499 1193 3597 1267 qui
3633 1195 3790 1250 festze

2144 1289 2356 1340 nostrae
2409 1283 2704 1358 religionis
2746 1288 2913 1341 erant
2955 1285 3217 1349 maximi,
3260 1284 3486 1340 Natalis
3533 1284 3788 1350 Domini,

2144 1373 2628 1445 Epiphaniorum,
2662 1373 2919 1440 Paschze,
2965 1373 3360 1440 Ascensionis,
3403 1373 3790 1439 Pentecostes,

2143 1461 2333 1519 sancti
2370 1462 2677 1531 Johannis,
2729 1461 3151 1536 apostolorum,
3201 1467 3304 1518 aut
3351 1461 3792 1518 nominatorum

2143 1556 2312 1609 erant
2361 1556 2723 1620 sanctorum,
2775 1552 2850 1608 ad
2899 1551 3221 1608 mcclesiam
3271 1550 3618 1625 proximam,
3665 1567 3792 1624 quas

2145 1644 2271 1697 erat
2300 1641 2359 1696 in
2391 1640 2610 1698 honore
2642 1641 2830 1698 sancti
2851 1639 3108 1710 Martini,
3127 1639 3622 1714 permittebantur
3636 1655 3798 1698 acce-

2145 1729 2301 1798 dere,
2317 1729 2662 1788 custodibus
2689 1729 2828 1787 hinc
2854 1729 2992 1786 inde
3006 1729 3343 1799 duodecim,
3356 1747 3504 1804 quos
3519 1730 3796 1804 sagiones

2145 1823 2375 1886 vocant,
2410 1837 2472 1876 se
2501 1819 2930 1876 deducentibus
2959 1821 3069 1875 ‘7“.
3103 1819 3251 1876 Cum
3281 1835 3418 1893 ergo
3447 1835 3520 1876 ea
3541 1818 3795 1876 domini-

2150 1923 2218 1964 ca
2247 1908 2318 1964 ad
2351 1907 2672 1965 ecclesiam
2705 1909 3107 1981 processisset,
3142 1908 3202 1964 in
3228 1908 3358 1980 ipso
3405 1907 3611 1966 itinere
3638 1906 3798 1980 epis-

2153 1997 2273 2054 tola
2299 1998 2350 2054 ei
2381 2003 2650 2072 porrecta
2697 2002 2805 2056 est.
2839 1997 2910 2054 Et
2963 1999 3102 2072 quia
3150 2001 3319 2056 curtae
3359 1997 3699 2072 magnitudo
3729 2029 3802 2040 —-

2153 2103 2290 2143 nam
2321 2088 2546 2159 quadra
2577 2086 2748 2161 pellis
2775 2088 3031 2144 vervecis
3074 2091 3197 2142 erat
3244 2117 3314 2158 τη
3361 2086 3616 2143 terrebat
3661 2087 3805 2152 ηδ’,

2155 2193 2226 2231 ne
2253 2179 2273 2200 ¹
2307 2193 2342 2232 a
2369 2180 2390 2200 ‘
2423 2175 2835 2236 communione
2867 2180 2888 2201 "
2923 2177 3012 2212 ¹⁷²⁶
3043 2192 3344 2233 sacrorum
3376 2192 3493 2248 quo
3533 2174 3808 2231 tendebat

2155 2269 2516 2335 avocaretur,
2563 2264 2800 2322 interim
2849 2265 3081 2322 distulit
3125 2265 3351 2338 aperire
3401 2269 3448 2334 ',
3497 2265 3681 2321 donec
3713 2280 3806 2319 sa~

2155 2353 2269 2411 cris
2301 2357 2323 2378 '
2355 2353 2606 2426 peractis
2637 2359 2657 2378 '
2691 2355 2780 2390 “’6
2810 2354 2881 2410 ad
2915 2354 3303 2411 diversorium
3355 2358 3703 2410 remearent.
3737 2351 3811 2410 Ut

2155 2443 2413 2511 rcvolvit,
2450 2443 2728 2500 terrentia
2761 2443 3026 2516 quaedam
3059 2460 3186 2516 qum
3218 2447 3239 2467 '
3272 2442 3384 2499 sibi
3416 2442 3750 2516 conﬁngere
3781 2444 3805 2465 '

2155 2533 2242 2567 ⁸⁷⁸⁷
2274 2538 2514 2605 possent
2539 2531 2778 2600 invenit,
2811 2549 2916 2588 nec
2947 2547 3230 2604 umquam
3263 2531 3409 2589 alias
3459 2532 3540 2588 ita
3569 2547 3631 2586 se
3660 2528 3804 2588 ullis

2155 2620 2478 2677 terroribus
2509 2621 2795 2694 percitum
2827 2623 3130 2679 confessus
3161 2624 3180 2644 ·
3213 2625 3302 2678 est
3331 2625 3374 2676 '.

2230 2710 2351 2766 125.
2379 2709 2526 2766 Nam
2557 2713 2578 2733 ‘
2614 2711 2702 2745 ³⁷³³
2748 2714 2884 2783 post
2929 2709 3138 2777 multa,
3184 2726 3312 2782 quis
3360 2709 3412 2766 ei
3462 2708 3577 2766 nisi
3615 2707 3808 2780 jussis

2157 2799 2311 2872 regis
2339 2799 2724 2857 assentiretur
2769 2799 3306 2868 comminabantur,
3340 2798 3558 2872 quibus
3607 2803 3807 2854 tamen

2158 2887 2320 2945 nullo
2350 2888 2524 2946 modo
2539 2892 2562 2914 '
2579 2905 2641 2946 se
2657 2889 2688 2922 ⁸
2703 2893 2930 2946 motum
2960 2891 2982 2915 ‘
3013 2889 3104 2926 ³⁷³⁵
3135 2887 3318 2945 fuisse
3349 2892 3602 2944 testatus
3616 2886 3807 2953 est,ad

2157 2976 2280 3033 haec
2307 2975 2585 3034 ultimum
2615 2977 2906 3036 insertum
2938 2981 3048 3046 est,
3080 2976 3237 3050 quod
3267 2976 3318 3034 si
3366 2977 3564 3049 ipsum
3612 2975 3812 3032 interi-

2158 3069 2362 3134 meret,
2376 3064 2606 3122 nullum
2637 3066 2699 3122 in
2729 3071 2854 3123 tota
2881 3065 3116 3140 lspania
3143 3065 3549 3123 Christianum
3568 3065 3697 3120 vitae
3713 3081 3808 3120 re-

2159 3153 2470 3227 linqueret,
2521 3157 2622 3212 sed
2683 3172 2888 3212 omnes
2935 3155 3130 3229 gladio
3182 3155 3523 3212 trucidaret.
3571 3154 3812 3210 Addens

2161 3243 2270 3300 hoc
2301 3259 2316 3297 :
2343 3264 2372 3293 «
2399 3241 2621 3316 Cogita,
2653 3243 2867 3317 inquit,
2895 3249 3041 3317 quot
3083 3243 3414 3301 animarum
3465 3247 3702 3316 propter
3749 3246 3810 3300 te

2156 3331 2596 3388 interfectarum
2628 3333 2782 3406 apud
2815 3333 3002 3390 Deum
3035 3349 3172 3390 reus
3201 3332 3340 3400 eris,
3371 3333 3470 3406 qui
3519 3330 3632 3388 nisi
3673 3348 3812 3387 con-

2157 3419 2415 3478 tentione
2443 3425 2616 3488 tua,a
2640 3411 2756 3494 qd'o
2787 3438 2993 3494 pacem
3007 3425 3066 3479 et
3080 3420 3330 3480 salutem
3361 3421 3552 3494 magis
3567 3437 3806 3493 sperare

2157 3509 2503 3576 debuerant,
2533 3509 2698 3568 nullo
2723 3511 2838 3567 alio
2891 3515 3056 3568 reatu
3108 3511 3403 3584 peribunt,
3436 3511 3652 3584 quippe
3702 3525 3808 3582 pro

2157 3599 2243 3656 eis
2273 3616 2657 3673 quascumque
2687 3598 2866 3657 velles
2895 3599 3156 3674 optinere
3186 3615 3222 3657 τι
3248 3599 3420 3656 nobis
3450 3615 3652 3672 posses
3691 3599 3804 3665 ³⁷³⁸,

2156 3687 2236 3745 sit
2263 3692 2426 3746 tanta
2456 3687 2847 3747 obstinatione
2879 3689 3050 3746 nobis
3081 3688 3362 3746 adversus
3391 3687 3752 3762 persisteres.
3775 3709 3806 3738 »

2157 3777 2258 3836 His
2289 3769 2349 3834 in
2381 3779 2512 3852 ipsa
2541 3795 2659 3852 qua
2687 3779 2760 3836 ab
2785 3777 3048 3836 ecclesia
3097 3776 3420 3852 hospitium
3465 3777 3811 3850 repetebant

2155 3866 2249 3923 via
2278 3867 2451 3924 tacite
2479 3866 2772 3941 perlectis,
2803 3867 2946 3925 dum
2976 3867 3208 3941 magnis
3237 3865 3422 3923 animi
3448 3866 3690 3923 testibus
3705 3864 3810 3922 ali-

2157 3954 2418 4028 quandiu
2444 3955 2720 4028 agitatur,
2759 3961 2826 4012 ut
2871 3955 2960 4012 vel
3011 3955 3167 4029 quod
3214 3958 3418 4012 contra
3461 3970 3532 4012 ea
3574 3951 3808 4010 consilii

2157 4049 2408 4118 caperet,
2439 4045 2528 4100 vel
2561 4044 2816 4117 qualiter
2844 4045 2916 4102 ad
2947 4045 3069 4102 haec
3095 4043 3218 4118 regi
3270 4043 3634 4110 rescriberet,
3666 4041 3812 4115 quia

2157 4149 2272 4190 non
2307 4133 2395 4168 "3‘
2425 4133 2568 4191 satis
2607 4132 2818 4191 litteris
2865 4132 3256 4208 respondendi
3305 4147 3481 4188 usum
3528 4130 3810 4200 habebat,

2156 4225 2390 4294 repente
2421 4221 2719 4278 sententiis
2751 4221 2912 4280 illius
2940 4221 3188 4288 coalitus,
3205 4225 3270 4278 ut
3297 4236 3433 4294 sepe
3463 4220 3632 4276 nobis
3663 4220 3808 4276 fate-

2155 4311 2352 4378 batur,
2365 4309 2649 4368 memoria
2674 4311 2858 4370 menti
2887 4316 3168 4369 terrorem
3199 4325 3435 4369 omnem
3466 4314 3808 4382 metumque

2155 4400 2470 4474 proterruit
2503 4418 2517 4457 :
2547 4401 2720 4467 Iacto,
2769 4399 2984 4472 inquit,
3033 4402 3096 4458 in
3141 4401 3368 4458 Domino
3417 4415 3609 4455 curam
3655 4407 3807 4454 tuam

2157 4489 2326 4560 (Psal.
2360 4507 2436 4559 LI,
2476 4489 2590 4562 23),
2623 4493 2684 4545 et
2728 4487 2970 4546 alterius
3005 4505 3018 4546 :
3073 4488 3203 4558 Quia
3252 4489 3382 4561 fecit
3427 4503 3484 4544 os
3531 4485 3808 4544 hominis?

2154 4578 2342 4634 Nonne
2368 4595 2462 4650 ego
2486 4581 2510 4634 Ρ
2537 4577 2728 4647 (Exod.
2763 4593 2840 4646 ιν,
2874 4577 2986 4650 11.)

397 4667 494 4726 ille
524 4668 891 4742 disquirendi
921 4673 1150 4726 tantum
1184 4669 1371 4743 gratia
1399 4667 1728 4724 advenerat.
1745 4666 1864 4756 Rex
1892 4665 2045 4723 calli-
2073 4689 2122 4756 Β
2229 4668 2350 4722 126.
2383 4667 2515 4756 Mox
2543 4663 2864 4756 hospitium
2905 4664 3210 4756 ingressus
3243 4682 3261 4756 ξ
3297 4687 3324 4716 ‹‹
3373 4665 3572 4721 Frater
3607 4663 3804 4756 ‘Garaf

397 4757 508 4828 dis,
525 4758 740 4832 quibus
762 4757 1036 4816 omnibus
1053 4757 1400 4814 mortalibus
1423 4760 1698 4830 preestare
1717 4755 2040 4826 dicebatur,

395 4847 928 4906 consultationibus
961 4851 1217 4905 mentem
1239 4845 1496 4903 hominis
1527 4844 1700 4900 modo
1730 4843 2042 4911 hac,modo

393 4935 549 5006 illac,
565 4942 914 5012 attemptare
944 4936 1251 5011 excogitat,
1285 4939 1340 4991 et
1371 4939 1675 5006 tamquam
1706 4949 1874 4988 muro
1896 4948 2040 5004 prae-

393 5026 585 5084 valido
605 5027 835 5084 diversa
853 5031 976 5084 arte
997 5023 1248 5099 inpulsis
1269 5022 1580 5091 machinis,
1601 5021 1681 5078 ita
1700 5021 2040 5078 ﬁrmitatem

399 5115 652 5188 pectoris
666 5117 819 5189 ejus,
834 5117 884 5172 si
901 5133 1015 5190 quo
1033 5118 1203 5188 pacto
1219 5115 1477 5180 daretur,
1505 5114 1688 5168 certat
1711 5113 2038 5180 concutere,

396 5204 1063 5278 (DCCCCLV).Cumque
1090 5207 1224 5276 post
1253 5217 1515 5258 mensem
1547 5203 1648 5256 aut
1675 5215 1775 5256 sex
1796 5197 1885 5255 vel
1911 5215 2040 5272 sep-

395 5297 513 5354 tem
543 5293 1003 5352 ebdomadarum
1022 5293 1281 5367 spatium
1298 5291 1350 5347 ei
1369 5288 1510 5364 regii
1543 5287 1732 5344 nuntii
1752 5287 2044 5345 mitteren-

2151 4771 2388 4820 manne,
2421 4754 2614 4826 inquit
2641 4754 2751 4824 "3’,
2784 4753 2938 4811 otius
2982 4753 3218 4828 pellem,
3248 4753 3308 4810 in
3357 4771 3474 4828 qua
3520 4752 3804 4828 quicquid

2149 4843 2392 4916 eloquar
2441 4843 2764 4912 adscribas,
2815 4859 2976 4916 para.
3027 4867 3054 4896 υ
3111 4843 3214 4901 1110
3272 4843 3477 4901 statim
3533 4842 3806 4901 exibente

2151 4932 2436 5006 quadram
2467 4937 2779 5000 exsectam,
2814 4935 2878 4990 ut
2907 4937 3166 4990 sumeret
3195 4933 3523 5006 imperavit,
3553 4931 3808 4988 calamo-

2149 5037 2263 5094 que
2295 5026 2498 5094 parato
2529 5021 2751 5078 sedenti
2781 5039 3044 5088 exorsus,
3085 5020 3385 5095 scriptoris
3434 5020 3807 5077 velocitatem

2147 5115 2312 5168 tanta
2340 5111 2650 5166 verborum
2667 5109 2835 5184 copia
2861 5110 3017 5178 vicit,
3034 5114 3100 5166 ut
3115 5125 3504 5184 sepenumero
3526 5109 3806 5182 scriptor,

2150 5200 2292 5256 dum
2320 5198 2575 5273 plurima
2596 5199 3010 5272 jungerentur,
3039 5215 3103 5256 se
3154 5216 3270 5256 non
3319 5215 3493 5271 posse
3538 5199 3808 5272 excipere

2151 5288 2662 5362 quereretur.Erat
2693 5287 2850 5345 enim
2881 5287 3040 5346 idem
3071 5287 3484 5346 Garamannus
3512 5288 3642 5360 ejus
3659 5289 3809 5345 artis

1757 5411 1998 5472 VARI/13
2037 5413 2431 5473 LECTIONES

463 5537 553 5574 ‘7"
583 5538 634 5593 1.
663 5554 714 5594 e.
741 5536 802 5593 in
830 5551 860 5594 e
888 5536 1031 5594 coni.
1109 5534 1198 5570 "'0
1228 5537 1345 5589 tate
1377 5549 1430 5588 a.
1462 5549 1516 5588 ν.
1549 5548 1578 5588 e
1605 5533 1748 5588 coni.
1827 5531 1912 5568 ¹⁷²¹
1945 5547 2006 5586 n.
2039 5548 2092 5588 c.
2125 5529 2380 5588 assentir
2401 5546 2432 5586 e
2454 5531 2598 5586 coni.
2677 5530 2767 5566 '7”
2793 5546 2904 5587 xus
2935 5529 3182 5586 Domino
3213 5545 3242 5585 e
3269 5529 3438 5600 coni.
3491 5527 3582 5562 '7”
3611 5527 3805 5600 impe-

393 5608 483 5666 ria
509 5625 558 5664 ο.
659 5609 750 5644 ¹⁷²⁴
779 5605 1216 5664 deducentebus
1259 5619 1403 5660 corr.
1455 5602 1883 5660 deducentibus
1929 5619 1976 5658 c.

2084 5602 2174 5638 ²⁷²⁸
2202 5601 2476 5671 terrebat,
2511 5617 2582 5659 ne
2615 5617 2649 5657 a
2680 5600 3017 5659 communio
3044 5617 3076 5656 e
3102 5601 3246 5657 coni.

3353 5599 3444 5634 ¹⁷²⁶
3473 5600 3622 5656 erire
3653 5599 3716 5654 di
3745 5619 3800 5656 s.

391 5695 623 5753 perage
650 5679 794 5736 coni.
835 5679 964 5753 __{7_"'_
990 5693 1116 5749 quis
1136 5691 1186 5753 s.
1219 5691 1272 5732 c.
1306 5691 1336 5732 e
1363 5676 1506 5732 coni.
1586 5675 1673 5710 ¹¹¹²⁸
1705 5674 2009 5733 confessus
2039 5688 2090 5732 e.
2121 5673 2269 5734 Nam
2299 5689 2330 5732 e
2356 5670 2500 5732 coni.
2579 5673 2668 5710 ¹⁷²⁹
2683 5688 2876 5732 sermo
2907 5671 3148 5730 Labbeus
3177 5673 3434 5730 restituit.
3513 5670 3602 5706 ¹⁷³⁰
3622 5685 3801 5745 posse

392 5747 443 5812 ἒ.
519 5751 602 5786 ¹⁷³¹
637 5767 676 5807 n
706 5765 754 5805 ο.
833 5747 920 5785 ¹⁷³²
950 5747 1158 5820 inquot
1186 5762 1235 5802 c.
