4098 6170
340 261 459 327 305

1242 265 1347 328 DE
1389 264 1568 328 VlTA
1612 265 1942 329 JOANNIS
1987 265 2325 331 ABBA'I‘IS
2371 270 2855 337 GORZIENSIS.

3639 273 3757 337 306

339 395 818 471 elegantissimus
848 398 1022 471 atque
1046 397 1517 455 assuetissimus.
1550 397 1744 456 Primo
1788 398 1990 456 ordine
2019 398 2075 467 Α
2105 399 2353 457 dicenda
2383 403 2740 472 defecerunt,
2773 423 2951 479 quam
2994 403 3242 478 scriptor
3292 404 3533 479 impleta
3581 423 3759 473 mem-

339 487 412 543 ad
444 486 679 561 singula
708 487 1014 560 respondit
1045 505 1059 542 :
1092 488 1166 545 Se
1195 487 1460 562 legatum
1493 488 1765 556 missum,
1790 506 1998 562 praece-

338 577 458 649 ptis
509 576 901 649 imperatoriis
950 577 1124 633 fidem
1177 576 1515 634 inviolatam
1566 594 1832 646 servare;
1878 595 1995 634 non

337 665 451 723 sibi
486 666 574 721 fas
603 683 751 734 esse,
787 669 851 722 ut
881 665 974 721 cui
1010 669 1177 721 tanta
1208 667 1491 738 majestas
1520 666 1746 722 litteras
1776 684 1915 723 suas
1940 671 1998 723 et

336 771 436 811 eas
468 771 583 809 non
618 755 879 828 signatas
900 754 1234 824 crediderit,
1256 754 1381 811 sine
1404 754 1496 810 his
1520 755 1724 811 faciem
1750 756 1879 827 ejus
1901 754 1993 811 cui

336 842 597 899 directus
626 843 705 898 sit
733 842 946 911 videat,
983 845 1083 899 aut
1129 843 1353 916 absque
1404 842 1531 915 ipso
1580 843 1638 897 in
1691 843 1864 918 regis,
1899 843 1993 899 cui

335 932 532 987 missa)
563 937 705 988 sunt
735 931 846 1000 "33,
879 931 1201 988 recitentur
1230 937 1573 1005 conspectu.
1608 932 1666 987 Si
1700 933 1783 1003 sic
1816 933 1995 1004 patia-

333 1026 432 1077 tur
489 1022 662 1091 (415),
712 1037 773 1078 se
826 1021 886 1077 in
938 1019 1100 1076 nullo
1160 1021 1318 1094 regio
1366 1020 1571 1077 honori
1626 1020 1990 1077 defecturam

338 1110 447 1180 "3‘,
509 1109 813 1182 quia.......
870 1109 1068 1166 rissot.
1129 1107 1312 1164 Aliter
1364 1108 1637 1164 universa
1693 1110 1889 1181 potius
1929 1125 1991 1167 se

332 1216 552 1272 genera
592 1202 614 1223 '
666 1202 1093 1254 tormentorum
1141 1201 1163 1222 "
1194 1202 1671 1254 sustentaturum
1723 1201 1767 1267 θ,
1811 1216 1989 1271 quam

335 1291 358 1313 *
392 1285 484 1323 "33
514 1289 832 1361 quicquam
862 1292 1025 1344 extra
1059 1304 1130 1344 ea
1175 1304 1301 1360 quas
1350 1286 1466 1343 sibi
1516 1288 1741 1344 indicta
1792 1293 1992 1345 essent

333 1376 421 1433 vel
457 1381 745 1450 quantum
795 1392 974 1431 causa
1004 1379 1026 1400 *
1058 1376 1171 1432 sibi
1202 1379 1225 1399 θ
1259 1376 1583 1432 commissa
1613 1379 1635 1400 '
1668 1375 1992 1448 postularet

333 1467 474 1501 ’⁸⁷³⁸
525 1480 943 1531 excessurum;
1001 1468 1061 1520 et
1107 1465 1260 1520 sicut
1306 1464 1709 1536 superioribus
1752 1466 1879 1536 jam
1927 1480 1989 1521 se

332 1554 545 1610 itidem
576 1553 935 1610 terrentibus
967 1554 1319 1626 respondere
1360 1556 1382 1577 ⁶
1416 1553 1572 1609 haud
1604 1557 1627 1577 '
1659 1552 1990 1611 distulisset

331 1647 380 1713 ‘,
414 1642 498 1699 ita
526 1646 551 1667 θ
581 1643 670 1678 ⁸⁷³⁷
702 1643 752 1698 si
784 1643 962 1701 etiam
995 1641 1395 1715 particulatim
1428 1648 1643 1699 cuncta
1672 1642 1764 1700 sui
1794 1658 1991 1715 corpo-

329 1732 417 1786 ris
472 1731 738 1787 membra
780 1749 815 1787 a
864 1731 1127 1788 minimis
1178 1730 1443 1787 articulis
1492 1735 1513 1755 ‘
1548 1732 1634 1768 "33
1685 1748 1873 1803 usque
1912 1733 1982 1788 ad

327 1836 571 1876 summa
598 1819 800 1876 vitalia
831 1820 1144 1876 cotidianis
1174 1820 1598 1877 resectionibus
1614 1820 1987 1894 decerperen-

328 1913 433 1965 tur
460 1941 528 1949 —
557 1925 697 1965 nam
728 1925 845 1965 non
874 1909 1157 1981 majorem
1181 1925 1465 1982 umquam
1511 1910 1839 1966 cruciatum
1892 1909 1985 1965 in-

323 1998 468 2053 ferri
500 2014 699 2070 posse,
731 2014 907 2070 quam
941 1998 989 2053 si
1022 1998 1193 2054 hodie
1220 1997 1331 2054 hoc
1364 1998 1610 2054 articulo
1640 1998 1832 2071 digiti,
1856 2015 1984 2054 cras

319 2086 533 2153 altero,
570 2087 703 2142 inde
735 2102 839 2159 per
889 2086 1013 2141 dies
1045 2085 1310 2158 singulos
1359 2086 1633 2160 singulis,
1666 2086 1800 2143 inde
1851 2088 1982 2143 bra-

327 2175 486 2242 chio,
522 2191 709 2242 armo,
756 2182 884 2248 post
933 2176 1173 2239 femore,
1223 2190 1389 2231 crure
1439 2176 1550 2243 "3°,
1582 2175 1747 2248 pede,
1783 2177 1981 2248 prisci-

320 2264 433 2335 sis,
469 2268 765 2337 postremo
796 2268 1041 2334 truncus
1077 2262 1337 2337 reliquus
1385 2264 1641 2321 fodiatur
1669 2295 1736 2304 —-
1768 2282 1882 2321 non
1916 2282 1981 2321 eo

323 2359 525 2408 tamen
570 2369 631 2409 se
680 2352 948 2408 territum
999 2352 1195 2425 aliqua
1243 2353 1468 2410 ratione
1527 2368 1855 2411 cessurum.
1909 2355 1980 2410 Se

324 2458 563 2514 quoque
592 2442 737 2497 satis
767 2446 1137 2513 compertum
1169 2442 1384 2499 habere
1414 2458 1483 2498 ex
1512 2442 1792 2499 relatione
1824 2448 1981 2499 ante-

323 2530 551 2586 riorum
568 2531 677 2586 sibi
697 2530 1037 2597 missorum,
1053 2531 1248 2603 ipsum
1280 2546 1476 2603 regem
1487 2532 1612 2604 jam
1636 2531 1975 2600 advertisse,

324 2620 482 2691 quod
513 2619 656 2675 moti
689 2636 805 2676 non
838 2619 1018 2675 nimis
1051 2619 1176 2692 ipse
1206 2620 1461 2677 timeret.
1498 2620 1747 2692 Ideoque
1770 2637 1978 2692 supcr-

322 2709 514 2764 ﬂuum
546 2724 673 2763 esse
701 2725 769 2764 eo
800 2725 863 2765 se
900 2707 1045 2765 velle
1093 2713 1329 2776 terrere,
1374 2709 1529 2781 quod
1581 2708 1706 2781 ipse
1752 2706 1976 2765 levissi-

320 2814 491 2852 mum
523 2800 837 2868 reputaret,
862 2797 991 2868 jam
1022 2797 1177 2869 quod
1210 2797 1545 2868 scripserat,
1579 2797 1706 2868 ipso
1740 2796 1975 2853 interfe-

318 2890 418 2942 cto
451 2884 681 2941 nullum
713 2885 772 2940 in
804 2888 931 2942 tota
959 2884 1195 2958 Ispania
1220 2883 1513 2957 reliquum
1546 2885 1735 2942 facere
1780 2885 1975 2941 Chris-

318 2975 577 3053 tianum,
611 2973 841 3046 sibique
873 2980 1100 3030 reatum
1130 2978 1304 3030 tanta:
1330 2974 1545 3046 stragis
1578 2991 1613 3029 a
1640 2974 1757 3030 Deo
1804 2973 1973 3047 inpu-

318 3064 460 3131 tari,
494 3063 551 3118 id
582 3062 752 3135 longe
786 3061 955 3118 aliter
986 3080 1047 3119 se
1078 3062 1311 3131 habere,
1344 3077 1450 3119 nec
1481 3078 1543 3118 se
1573 3078 1814 3120 causam
1845 3079 1972 3119 esse

2108 489 2294 547 brana
2323 491 2471 548 nihil
2499 510 2807 566 superesse
2838 494 3141 552 confessus
3172 499 3282 552 est.

2182 580 2303 635 127.
2340 580 2470 636 Haec
2499 582 2620 655 regi
2653 582 2911 654 praelata,
2957 599 3073 639 non
3126 583 3187 639 in
3237 583 3406 652 iram,
3457 587 3526 639 ut
3569 582 3757 656 prius,

2108 671 2367 724 mentem
2412 668 2696 739 incendit,
2746 672 2849 727 sed
2897 671 3143 728 consilio
3198 672 3357 745 regio
3406 676 3427 696 '
3480 672 3757 745 perlata'

2107 760 2247 811 sunt
2274 759 2295 780 "
2331 757 2441 812 πω.
2474 759 2606 815 Jam
2639 758 2867 832 pridem
2899 760 3058 815 enim
3084 777 3118 815 a
3148 760 3296 826 suis,
3318 760 3536 833 quibus
3553 778 3643 817 res
3660 778 3759 818 no-

2106 847 2238 899 strze
2251 845 2379 916 jam
2414 845 2644 902 fuerant
2691 846 3044 920 pervulgatae
3090 849 3524 905 abstrudendas
3549 850 3569 873 ⁴
3602 866 3702 905 eas
3731 853 3755 876 *

2105 933 2499 990 commonitus
2528 937 2551 959 "
2582 941 2707 990 erat
2733 939 2777 1002 ',
2809 950 2881 990 ne
2912 938 2931 960 ’
2968 937 3053 971 ¹⁷⁴¹
3086 935 3465 1008 imperatori‘
3498 938 3590 973 ¹τ⁴³
3618 955 3753 995 nos-

2102 1025 2191 1075 tro
2222 1019 2510 1077 obluctari
2542 1023 3040 1095 temptaret.Eum
3073 1024 3589 1083 bellicosissimum
3608 1026 3755 1084 mul-

2103 1112 2299 1165 tarum
2357 1110 2619 1184 gentium
2677 1111 2955 1168 victorem
3000 1115 3021 1136 ¹

2103 1199 2391 1272 praecipue
2422 1199 2769 1273 legatorum,
2803 1218 2917 1273 quo
2959 1217 3283 1273 numquam
3333 1202 3481 1259 alias
3530 1202 3752 1261 sevioro

2102 1288 2299 1344 animo
2317 1289 2719 1361 repetiturum,
2736 1306 2802 1344 ac
2825 1289 3212 1362 plurimorum
3234 1290 3419 1364 copiis
3432 1307 3750 1365 regnorum

2102 1378 2340 1445 coactis,
2376 1377 2669 1450 Ispaniam
2700 1383 2884 1434 totam
2911 1383 3220 1451 postquam
3251 1380 3427 1439 variis
3457 1379 3752 1438 calamita-

2100 1465 2260 1520 tibus
2289 1466 2660 1535 vastavisset,
2691 1466 2839 1523 forte
2884 1467 3123 1522 tandem
3167 1468 3303 1539 jure
3350 1467 3585 1525 victoris
3634 1470 3745 1527 sibi

2101 1553 2525 1625 subjecturum.
2561 1554 2835 1611 Pluribus
2879 1555 2962 1611 ita
3000 1554 3265 1627 jactatis,
3311 1556 3552 1630 quidam
3602 1549 3748 1615 forte

2100 1641 2413 1716 suggessit,
2447 1648 2513 1700 ut
2542 1645 2683 1716 quia
2707 1644 2798 1699 vir
2826 1643 2923 1700 ille
2952 1649 3127 1700 tantae
3142 1644 3451 1702 videbatur
3472 1652 3747 1703 constan-

2102 1731 2218 1797 tiae,
2259 1748 2327 1788 ac
2374 1748 2489 1788 non
2542 1731 2789 1788 minoris
2837 1732 3103 1789 arbitrati
3152 1737 3352 1805 posset
3399 1735 3742 1807 prudentiae,

2101 1836 2274 1892 quem
2305 1819 2481 1876 etiam
2510 1821 2659 1876 tanti
2692 1820 2974 1894 temporis
3006 1838 3171 1878 mora
3200 1822 3260 1878 in
3292 1822 3417 1896 lege
3465 1842 3572 1881 sua
3619 1827 3739 1881 tam

2096 1910 2277 1966 ﬁxum
2309 1913 2714 1967 monstrasset.
2749 1927 2814 1966 ac
2855 1910 3098 1983 proinde
3129 1911 3220 1948 ’⁷⁵⁸
3264 1912 3441 1967 fidem
3488 1914 3745 1970 mortali-

2096 1998 2207 2054 bus
2238 2016 2352 2054 non
2386 1999 2719 2071 denegaret,
2756 2000 2804 2054 is
2856 1999 2981 2070 ipse
3028 2015 3205 2072 super
3242 2001 3371 2067 hoc,
3406 2000 3547 2072 quid
3594 2004 3742 2058 facto

2094 2088 2204 2143 sibi
2239 2104 2387 2160 opus
2418 2093 2596 2156 esset,
2629 2087 3050 2145 consuleretur.
3088 2088 3174 2145 Ita
3206 2089 3430 2146 nuntiis
3460 2107 3521 2146 se
3546 2108 3745 2147 conve-

2094 2175 2395 2233 nientibus
2424 2181 2737 2249 postquam
2761 2176 2972 2232 ultima
3002 2177 3123 2233 haec
3154 2179 3433 2235 mandata
3462 2180 3740 2253 percepit:

2096 2284 2124 2313 ‹‹
2154 2264 3028 2338 Tandem,inquit,sapientiora
3059 2267 3303 2322 consilio
3339 2285 3461 2323 rem
3491 2272 3742 2327 tractas-

2090 2352 2190 2409 tis.
2233 2352 2291 2408 Si
2325 2369 2458 2409 mox
2488 2353 2654 2409 initio
2684 2353 2741 2408 id
2773 2358 2930 2411 esset
2981 2356 3320 2426 qumsitum,
3372 2372 3488 2410 non
3540 2361 3736 2414 tantas

2088 2443 2253 2499 vobis
2298 2441 2385 2497 vel
2438 2442 2609 2499 nobis
2656 2441 2797 2499 tedii
2849 2448 2905 2499 et
2958 2444 3269 2499 anxietatis
3319 2442 3618 2502 molestias
3652 2451 3738 2503 tot

2090 2531 2280 2602 spatia
2311 2536 2641 2604 temporum
2672 2533 3115 2604 protraxisscnt.
3148 2533 3313 2588 Nunc
3344 2535 3531 2589 citum
3564 2533 3622 2591 id
3654 2534 3738 2591 fa-

2088 2619 2197 2675 cile
2228 2624 2386 2675 extat
2414 2619 2748 2676 consilium.
2786 2619 3051 2676 Mittatur
3096 2621 3334 2676 domino
3384 2626 3585 2679 nostro
3630 2623 3741 2680 im-

2087 2707 2338 2780 peratori
2388 2707 2600 2781 legatio
2650 2725 2684 2764 a
2731 2723 2866 2780 rege
2911 2713 3124 2776 vestro,
3174 2714 3241 2765 ut
3285 2709 3430 2765 mihi
3482 2711 3625 2783 quid
3667 2712 3739 2767 de

2087 2795 2420 2852 commissis
2451 2811 2621 2869 agere
2652 2796 2921 2866 debeam,
2970 2796 3290 2854 describat.
3330 2798 3473 2870 Ejus
3524 2798 3739 2857 litteris

2084 2883 2297 2941 iterum
2327 2884 2494 2956 vtsis,
2527 2885 2600 2940 ad
2632 2884 2904 2940 universa
2933 2884 3244 2942 obmdiam.
3279 2907 3307 2936 »

2160 2975 2279 3029 128.
2310 2973 2412 3030 His
2444 2972 2564 3048 regi
2598 2972 2909 3039 nuntiatis,
2943 2979 3300 3048 acceptoque
3332 2974 3578 3032 consilio
3608 2980 3675 3031 ut
3704 2994 3739 3033 a

2084 3062 2372 3136 prudente
2401 3067 2704 3135 suggesto,
2736 3062 2914 3134 qumri
2938 3062 3185 3135 jubetur
3201 3064 3334 3137 quis
3366 3063 3475 3119 iter
3503 3068 3738 3121 tantum

318 3152 497 3208 caedis
530 3134 814 3222 ipsorum,
846 3150 948 3206 sed
982 3149 1269 3207 malitiam
1302 3148 1825 3223 crudelitatemque
1874 3150 1969 3206 iraa
2000 3134 2045 3203 (ἶ
2081 3134 2252 3208 vellet
2281 3134 2602 3216 assumere,
2635 3166 2771 3207 cum
2804 3134 2972 3207 rarus
3002 3155 3105 3207 aut
3148 3134 3264 3209 fere
3296 3152 3496 3210 nullus
3538 3153 3735 3226 palam

321 3240 535 3314 ipsius,
568 3237 813 3311 ipsoque
863 3255 1065 3312 poenas
1112 3239 1550 3296 interfectorum
1600 3238 1817 3307 luente,
1862 3239 1974 3297 sibi

320 3345 462 3385 cum
496 3328 641 3399 ipsis
663 3328 1031 3401 interemptis
1053 3328 1283 3385 Christo
1306 3326 1557 3401 propitio
1577 3328 1756 3384 vitam
1778 3328 1976 3385 melio-

2085 3257 2147 3297 se
2176 3239 2534 3296 ostendendo
2568 3240 2657 3274 ³⁷⁸⁵
2702 3239 3005 3311 proferret,
3036 3240 3519 3315 propositumque
3550 3246 3728 3311 esset,

2085 3334 2151 3384 ut
2181 3329 2451 3401 quisquis
2480 3327 2619 3383 illuc
2655 3328 2783 3396 iret,
2818 3329 3037 3385 honore
3069 3331 3275 3401 quovis
3320 3330 3504 3403 petito
3544 3336 3604 3387 et
3633 3347 3735 3387 cu-

322 3434 450 3474 rem
482 3416 813 3472 succedere.
850 3416 995 3472 Cum
1025 3419 1221 3472 tamen
1256 3416 1314 3471 id
1363 3433 1597 3489 quoque
1641 3415 1758 3473 Deo
1807 3416 1975 3474 facile
2076 3420 2435 3490 juscumque
2467 3418 2696 3490 generis
2745 3417 3097 3473 muneribus
3146 3419 3379 3476 rediens
3427 3420 3734 3492 potiretur.

321 3508 481 3562 esset
510 3508 892 3575 commutare,
909 3504 1063 3560 sicut
1094 3504 1478 3560 Mardocheus
1501 3506 1797 3577 quondam
1816 3522 1977 3561 man-

323 3594 565 3649 daverat
589 3591 792 3648 Hester
823 3609 837 3647 :
866 3593 928 3648 Si
956 3593 1200 3649 ηοιαενίε
1247 3610 1396 3650 nunc
1442 3593 1786 3661 intercedere,
1817 3595 1977 3664 forsi-

325 3692 418 3739 tan
445 3698 547 3754 per
575 3682 822 3753 aliquam
850 3683 1184 3738 occasionem
1213 3682 1593 3738 liberabuntur
1619 3680 1800 3751 ludet,
1829 3690 1881 3738 et
1917 3691 1978 3738 tu

323 3779 376 3828 et
422 3770 616 3827 domus
663 3778 759 3826 tua
803 3769 1052 3842 peribitis
1103 3770 1383 3843 (Esth.1v,
1432 3770 1540 3841 14),
1582 3770 1664 3826 ita
1714 3773 1772 3826 et
1819 3787 1976 3827 nunc

323 3861 510 3917 Deum
527 3859 712 3914 facere
730 3857 1118 3915 nihilominus
1148 3862 1419 3932 posse,ut
1447 3862 1759 3931 postquam
1778 3860 1977 3916 omnia

322 3950 398 4005 ab
425 3950 551 4020 ipso
574 3962 706 4020 rege
727 3953 925 4003 essent
945 3947 1339 4021 promulgata,
1345 3948 1590 4020 jamque
1615 3947 1760 4020 ipsis
1796 3948 1973 4005 cervi-

321 4038 493 4094 cibus
523 4035 737 4109 gladiis
769 4053 914 4092 novo
932 4040 989 4092 et
1006 4037 1305 4109 inopinato
1324 4037 1526 4092 ordine
1547 4036 1672 4092 suis
1689 4036 1975 4093 Dominus

322 4125 685 4182 subveniret.
720 4125 1001 4191 Quocirca
1031 4143 1145 4181 non
1176 4125 1517 4195 bujusmodi
1568 4142 1629 4181 se
1678 4125 1857 4181 minis
1886 4125 1973 4182 vel

321 4214 647 4271 terroribus
696 4219 894 4270 nosset
942 4213 1238 4269 ullatenus
1286 4213 1633 4285 permoveri,
1688 4214 1827 4285 quia
1875 4214 1973 4285 qui

322 4303 740 4361 Mardocheum
774 4320 807 4358 a
836 4301 1111 4374 superbia
1129 4304 1316 4357 Aman
1346 4302 1689 4358 constantia:
1711 4307 1975 4358 tenacem

324 4392 477 4448 miro
509 4391 711 4447 ordine
741 4391 1178 4463 eripuerit,ipsc
1210 4390 1498 4463 sibi,quia
1526 4408 1642 4446 non
1674 4391 1974 4462 proterviae

323 4481 430 4538 sed
472 4480 828 4537 obedientiae
887 4497 1067 4536 causa
1124 4481 1448 4547 interesset,
1512 4498 1746 4570 quoquo
1806 4486 1973 4570 pacto
2002 4503 2051 4570 Β
2084 4480 2491 4539 haesitantibus
2537 4484 2558 4503 ·

324 4569 441 4625 sibi
467 4567 748 4639 placitum
797 4567 1108 4636 videretur,
1164 4584 1279 4623 non
1325 4569 1571 4624 deesset.
1622 4568 1972 4640 Hujusmodi

324 4655 632 4714 sententia:
662 4655 853 4713 verbis
882 4656 1153 4729 plurimis
1182 4662 1349 4713 aucte
1389 4660 1563 4729 atque
1610 4658 1973 4714 testimonio-

323 4761 461 4801 rum
492 4745 951 4818 competentium
983 4745 1189 4801 robore
1220 4744 1357 4800 hinc
1388 4746 1522 4801 inde
1553 4746 1854 4819 przefultae,
1881 4764 1976 4820 pa-

318 4834 474 4907 ginae
520 4833 704 4890 totius
756 4850 1030 4909 campum
1082 4832 1472 4907 impleverunt
1526 4851 1631 4891 nec
1677 4836 1842 4908 prius
1889 4838 1976 4894 ori

2084 3507 2345 3563 Tandem
2377 3505 2570 3561 extitit
2601 3506 2752 3560 inter
2782 3505 3042 3578 palatina
3088 3507 3275 3562 ol'iitia
3325 3507 3737 3566 Recemundus

2085 3596 2350 3668 qdidam,
2372 3595 2636 3667 adprime
2666 3594 3014 3663 catholicus,
3037 3599 3094 3650 et
3125 3595 3336 3651 litteris
3368 3597 3592 3669 optime
3614 3601 3737 3654 tam

2086 3689 2421 3741 nostrorum
2436 3700 2614 3754 quam
2639 3682 2826 3753 ipsius
2838 3681 2991 3739 inter
3002 3698 3151 3754 quos
3163 3685 3507 3741 versabatur
3522 3685 3735 3758 lingua:

2082 3772 2340 3829 Arabica)
2371 3771 2697 3827 institutus.
2718 3771 2824 3836 Qui
2857 3775 3090 3825 tantum
3122 3770 3180 3826 in
3213 3770 3371 3845 regia
3391 3772 3737 3830 habebatof-

2085 3861 2225 3931 ficii,
2246 3866 2312 3915 ut
2336 3859 2702 3915 diversorum
2733 3874 2836 3930 pro
2861 3860 3314 3916 necessitatibus
3344 3860 3417 3916 ad
3448 3860 3734 3932 palatium

2086 3946 2560 4006 concurrentium
2592 3947 2679 3980 ¹⁷³⁶
2711 3950 2730 3969 ·
2764 3945 2959 4001 causis
2991 3949 3152 4002 extra
3196 3947 3432 4017 auditis,
3466 3948 3606 4022 quia
3632 3948 3735 4006 lit-

2086 4037 2226 4095 teris
2253 4053 2457 4093 omnes
2484 4036 2563 4090 ibi
2594 4034 2987 4107 qumrimonize
3017 4034 3103 4089 vel
3128 4051 3317 4092 caussa
3347 4037 3656 4110 signantur
3676 4044 3734 4096 et

2086 4124 2584 4199 resignantur,hic
2608 4128 2809 4180 notata
2830 4123 3090 4191 inferret,
3108 4123 3427 4197 itidemque
3454 4143 3736 4201 responsa
3792 4180 3797 4189 .

2085 4214 2304 4287 scripta
2331 4214 2585 4269 referret.
2624 4211 2940 4284 Pluresque
2971 4210 3148 4268 etiam
3180 4210 3277 4268 alii
3333 4219 3501 4271 erant
3548 4216 3732 4273 oflitio

2085 4304 2355 4377 delegati.
2410 4303 2463 4359 Is
2510 4300 2961 4373 trepidationem
3014 4306 3354 4359 casterorum
3404 4304 3731 4374 advertens,

2085 4391 2317 4465 sibique
2342 4395 2573 4463 tempus
2605 4390 2751 4446 forte
2781 4388 3044 4447 oblatum
3072 4390 3339 4447 nonnulli
3370 4392 3731 4464 adipiscendi

2613 4479 2698 4513 rm
2749 4480 2958 4535 ceteris
3006 4480 3114 4545 17“,
3150 4479 3298 4535 dixit
3330 4496 3345 4535 :
3382 4501 3411 4530 «
3459 4482 3592 4547 Quae
3623 4482 3733 4538 erit

2082 4587 2304 4627 merces
2351 4570 2473 4625 viro
2524 4569 2622 4641 qui
2672 4568 3001 4624 vendiderit
3051 4568 3078 4600 ’⁸
3123 4569 3289 4625 vobis
3337 4572 3359 4592 '
3409 4569 3669 4627 animam
3706 4574 3728 4595 ⁶

2083 4674 2252 4716 suam
2283 4662 2304 4681 ‘
2338 4657 2465 4712 "‘9?
2486 4680 2513 4707 »
2549 4658 2695 4715 Nam
2728 4658 2810 4713 ita
2837 4656 3096 4714 solemne
3122 4658 3207 4714 eis
3237 4658 3578 4726 verbum,ut
3595 4675 3732 4731 quo-

2082 4749 2234 4805 tiens
2256 4763 2489 4804 summo
2510 4746 2771 4821 quolibet
2788 4745 3044 4818 periculo
3068 4749 3088 4769 "
3125 4747 3214 4781 “5°
3245 4747 3305 4802 in
3337 4747 3615 4804 nuntium
3643 4750 3729 4785 ¹τ⁵ι

2085 4838 2219 4911 quis
2248 4838 2595 4907 destinatur,
2628 4838 2709 4893 ita
2737 4835 2789 4892 ei
2823 4835 3050 4891 dicatur
3082 4852 3094 4890 :
3132 4858 3160 4886 ‹‹
3190 4836 3387 4893 Vende
3419 4836 3563 4894 mihi
3599 4840 3731 4895 ani-

1683 4960 1925 5017 VARI/E
1965 4961 2383 5019 LECTIONES.

396 5075 485 5148 f7‘f
517 5074 638 5148 sint
668 5089 809 5148 co_rr_.
843 5077 981 5129 sunt
1011 5092 1056 5129 c.
1137 5075 1231 5148 "3f
1257 5074 1608 5148 delicturum
1636 5092 1682 5133 c.
1763 5076 1852 5111 “35
1882 5094 2024 5134 nera
2054 5083 2096 5134 t.
2132 5097 2181 5132 s.
2214 5093 2391 5148 quam
2422 5093 2452 5131 c
2477 5078 2620 5132 coni.
2668 5076 2787 5148 fl“
2816 5092 2925 5148 usa
2970 5093 3017 5148 s.
3053 5093 3103 5130 c.
3138 5069 3463 5147 postularet
3508 5093 3538 5133 e
3582 5082 3725 5135 coni.

317 5145 414 5222 ξξῗξ
443 5143 671 5222 dere_h.
696 5145 755 5199 d.
788 5145 869 5199 ita
894 5161 924 5200 ε
951 5147 1093 5201 coni.
1175 5146 1260 5222 “(33
1293 5145 1443 5222 culis
1472 5146 1712 5222 Lachetas
1739 5149 2028 5222 supplevit.
2066 5143 2394 5222 Nll39gcruce
2424 5164 2480 5222 c._
2546 5149 2637 5181 “‘0
2668 5145 2766 5222 lio,
2812 5143 3273 5222 io_,_‘erlata_s_unt
3313 5164 3382 5203 ea:
3423 5150 3733 5222 conjectura

319 5216 409 5291 qui
444 5214 743 5291 δειλὼ]ξῇ
768 5232 819 5269 c.
850 5233 902 5291 β.
939 5233 1011 5291 ne
1041 5233 1070 5272 θ
1098 5219 1255 5291 conf.
1355 5217 1445 5251 ¹⁷⁸²
1476 5216 1534 5272 in
1567 5217 1729 5291 Labb.
1762 5214 1945 5291 suppl.

2060 5220 2317 5300 "‘fvic‘to
2349 5217 2512 5273 Labb.
2543 5219 2723 5300 suppl.

2836 5219 2926 5252 rm
2953 5236 3016 5303 ρ,¹
3044 5217 3190 5303 ηὶῂὶι
3465 5217 3730 5303 αρροιςιείδ

317 5286 575 5343 deletum.
657 5287 746 5321 "‘5
775 5288 1016 5343 ostendo
1045 5304 1093 5343 c.
1172 5289 1259 5323 ³⁷⁸⁸
1288 5289 1732 5343 concurentium
1752 5306 1799 5345 c.
1828 5286 1842 5291 ’
1864 5286 1969 5325 ³⁷⁸⁷
2000 5288 2407 5347 haesitantibus
2436 5306 2466 5346 e
2494 5286 2659 5345 οοηίξ
2714 5290 2804 5325 17“
2830 5286 3167 5347 vox—dubia.
3216 5286 3336 5326 “7"
3383 5286 3548 5348 derit'
3583 5310 3637 5349 v.
3671 5311 3726 5350 a.

320 5375 434 5415 sua
460 5375 491 5414 e
517 5360 661 5414 coni.
740 5358 828 5394 ¹⁷⁵⁰
856 5358 1112 5430 periculo
1141 5374 1170 5416 θ
1196 5360 1344 5417 coni.
1424 5359 1508 5394 ¹⁷⁵¹
1540 5375 1645 5416 vox
1670 5359 1858 5418 dubia.

1916 5465 2148 5525 NOT/E.

401 5571 547 5643 (415)
580 5568 811 5628 Scilicet
835 5587 934 5628 rex
959 5571 1425 5631 Abderahaman.

3073 1113 3184 1179 "‘3,
3226 1113 3476 1185 injurias
3523 1130 3749 1185 omnes,
3838 1142 3841 1145 λ
