4096 6174
309 239 422 302 307

1192 240 1514 306 JOANNIS
1557 237 1888 306 ABBATIS
1935 233 1998 299 s.
2043 234 2388 298 ARNULFI
2434 182 2844 298 METENSES

3599 197 3718 295 eos

309 393 466 433 mam
501 381 686 432 tuam.
719 399 746 426 η
782 377 841 434 Si
872 393 1072 450 sospes
1102 377 1328 442 exierit,
1362 391 1538 448 quam
1590 371 1955 444 amplissime
1984 369 2038 437 Α
2067 371 2428 442 perferendis
2458 375 2633 442 atque
2666 368 2982 435 mandatis,
3015 365 3397 423 Virdonensis
3447 367 3715 439 quidam,

311 472 674 522 numeratur.
707 467 823 523 Iloc
856 467 1225 523 Itecemundo
1251 463 1514 537 querenti
1551 461 1957 532 respondetur,

312 555 596 628 quidquid
629 556 992 628 postulatum
1027 555 1098 609 ab
1129 552 1418 624 ejusmodi
1453 556 1610 605 esset
1661 550 1960 605 conferen-

313 645 473 701 dum.
513 644 612 700 Ille
646 649 875 700 tantum
905 643 1067 699 venie
1099 643 1210 697 sibi
1263 641 1387 698 dari
1439 645 1665 712 petens,
1715 643 1781 694 ut
1827 655 1960 692 cum

314 733 536 788 nuntiis
569 731 862 787 conclusis
911 732 1025 786 sibi
1073 731 1241 802 copia
1288 734 1443 784 esset
1491 727 1788 800 loquendi,
1832 732 1962 798 post
2009 768 2020 780 .

315 827 510 877 utrum
541 825 827 893 temptare
858 821 1096 877 deberet
1126 817 1398 889 gliceret.

382 911 506 966 429.
564 911 682 966 Hoc
741 910 790 964 ei
847 926 1146 977 concesso,
1199 907 1529 964 Johannem
1591 905 1961 970 conveniens,

315 1016 504 1054 mores
535 1005 592 1054 et
618 997 890 1054 instituta
921 997 1120 1070 patria:
1155 1000 1366 1052 nostrae
1400 993 1646 1050 sollicite
1665 993 1961 1066 disquirit;

312 1089 630 1158 imperator
661 1088 831 1158 cujus
865 1092 1020 1141 esset
1051 1085 1399 1149 clementiae,
1431 1088 1662 1156 quantae
1707 1083 1967 1137 modera-

315 1178 492 1232 tionis
518 1175 578 1231 in
620 1177 766 1243 suis,
801 1181 1077 1231 utrumne
1109 1190 1364 1246 princeps
1397 1173 1454 1226 in
1488 1173 1659 1238 iram,
1689 1177 1746 1226 et
1793 1188 1866 1226 an
1906 1169 1963 1224 in

317 1267 495 1322 semel
529 1265 815 1338 prolatam
871 1262 1276 1330 inrevocabilis
1329 1260 1705 1326 sententiam,
1753 1259 1966 1314 multa-

317 1373 429 1428 que
479 1357 607 1426 ejus
653 1353 905 1426 generis,
962 1353 1200 1408 tandem
1251 1352 1300 1409 si
1359 1350 1472 1405 sibi
1543 1354 1700 1405 esset
1755 1347 1969 1402 ﬁducia

319 1445 536 1514 regiam
567 1443 619 1499 ei
649 1442 1001 1514 legationem
1035 1441 1309 1512 proferre,
1332 1456 1403 1495 ne
1435 1439 1584 1494 forte
1615 1437 1798 1492 vicem
1822 1433 1968 1490 tanti

319 1533 613 1603 temporis.
651 1549 764 1604 quo
797 1531 920 1602 ipse
957 1529 1255 1586 Johannes
1307 1527 1386 1584 ibi
1438 1528 1709 1584 detentus
1757 1525 1967 1592 fuerat,

317 1622 442 1694 ipse
473 1622 568 1693 qui
611 1621 958 1676 mittebatur
1002 1617 1376 1675 exsolveret?
1423 1615 1722 1672 Johannes
1774 1613 1972 1670 omnia

2070 460 2164 515 cui
2197 460 2362 516 Dudo
2393 459 2762 526 vocabulum,
2791 458 3135 514 destinatur.
3155 458 3242 513 Ita
3261 457 3557 537 Hispanus
3582 457 3722 514 Gor-

2069 549 2220 604 ziam
2251 550 2480 605 rediens
2510 549 2620 616 "6°,
2655 547 2850 620 ibique
2882 563 3057 602 sacrae
3090 547 3561 618 Quadragesimze
3594 564 3722 602 ma-

2063 638 2192 710 jore
2222 643 2385 709 parte
2415 643 2617 694 exacta
2646 636 2822 711 (Mart.
2856 637 2970 705 30),
3001 635 3156 691 circa
3198 635 3529 708 palmarum
3563 635 3722 690 diem

2073 744 2207 782 cum
2241 726 2429 798 legato
2464 726 2837 799 imperatorio
2868 725 3266 798 proficiscens,
3300 723 3459 780 Junii
3497 725 3725 779 mensis

2073 816 2378 888 principiis
2409 815 2737 871 Cordubam
2767 813 2942 870 venit.
2964 813 3228 886 Cumque
3261 829 3393 868 mox
3413 829 3549 868 cum
3573 829 3725 868 novo

2075 905 2281 960 nuntio
2330 903 2550 978 regiam
2599 903 2814 960 vellent
2857 904 3200 976 irrumpere,
3249 919 3392 958 rex:
3429 926 3456 951 «
3489 903 3725 975 Nequa~

2075 1011 2272 1066 quam,
2295 993 2521 1066 inquit;
2555 995 2654 1049 sed
2687 991 2785 1066 qui
2815 992 2978 1048 litem
3010 997 3174 1049 tanto
3206 995 3462 1064 tempore
3494 995 3727 1064 protra-

2075 1087 2443 1150 xerunt,cum
2458 1082 2752 1154 prioribus
2771 1081 3026 1153 primum
3045 1080 3364 1154 procedant
3376 1081 3728 1136 muneribus

2075 1169 2162 1226 vel
2193 1170 2510 1226 mandatis.
2544 1170 2683 1226 Inde
2715 1169 2953 1226 secundi
2986 1169 3190 1225 ordine
3230 1169 3572 1224 inferantur.
3607 1169 3731 1226 Nec

2075 1259 2135 1314 hi
2167 1259 2406 1315 omnino
2439 1259 2644 1314 faciem
2677 1276 2868 1314 meam
2899 1259 3206 1326 videbunt,
3239 1257 3348 1312 nisi
3397 1258 3560 1332 prius
3593 1275 3731 1314 mo-

2078 1347 2334 1403 nachum
2365 1347 2534 1403 illum
2579 1349 2725 1404 tanti
2755 1347 3035 1420 temporis
3079 1347 3437 1420 pertinacem
3481 1347 3730 1418 adeant,

2079 1444 2136 1493 et
2182 1438 2408 1510 patriae,
2470 1454 2761 1505 carorum,
2818 1437 2973 1510 regis
3039 1436 3128 1492 sui
3195 1435 3734 1509 mandatorumque

2080 1527 2267 1599 ipsius
2297 1526 2684 1583 oblectatione
2704 1526 3018 1582 lzetiﬁcent.
3053 1548 3081 1576 »

2155 1615 2273 1672 131.
2309 1617 2395 1671 Ita
2416 1615 2648 1671 cunctis
2681 1614 3219 1687 expletis,Joannes
3249 1613 3428 1669 trium
3459 1616 3480 1637 '
3501 1613 3584 1648 '7“
3595 1612 3730 1686 jam

270 1763 279 1781 ,
315 1710 460 1766 bene
515 1727 860 1782 processura
911 1709 1026 1764 cito
1077 1706 1461 1779 respondens,
1510 1703 1670 1760 omni
1718 1703 1969 1759 liberum
2000 1740 2048 1804 B
2081 1704 2196 1760 fere
2214 1720 2502 1760 annorum
2520 1703 2794 1761 claustris
2816 1702 3069 1774 solutus,
3091 1702 3268 1775 regiis
3298 1702 3614 1758 mandatur
3632 1718 3736 1774 ap-

320 1799 511 1855 reddit
565 1798 956 1870 trepidatione
1013 1803 1189 1869 atque
1238 1793 1569 1850 formidine.
1621 1791 1864 1848 Gaudiis
1911 1794 1968 1847 et

320 1887 818 1958 gratulationibus
849 1885 1035 1941 obviis
1069 1883 1258 1956 magis
1293 1881 1511 1954 ubique
1561 1881 1968 1952 excipiendum

322 1976 648 2030 confirmat.
684 1975 756 2031 Se
787 1972 1096 2046 epistolam
1129 1972 1326 2028 abbati
1359 1986 1465 2026 suo
1498 1971 1844 2036 missurum,
1870 1969 1966 2042 qui

323 2055 488 2118 illum
521 2063 828 2135 magnifice
859 2061 1168 2134 exciperet,
1189 2066 1248 2116 et
1279 2064 1537 2130 tempore
1565 2062 1783 2130 quanto
1805 2075 1972 2129 cupe-

323 2159 431 2220 ret,
469 2156 693 2208 teneret
731 2157 906 2224 atque
937 2155 1188 2218 curaret,
1222 2149 1406 2204 donec
1436 2148 1708 2221 episcopo
1755 2146 1971 2202 exhibi-

323 2246 476 2311 tum,
511 2245 613 2297 aut
645 2257 779 2296 cum
813 2241 958 2312 ipso.
997 2243 1099 2295 aut
1146 2255 1279 2293 cum
1328 2237 1619 2310 legatione
1666 2237 1814 2307 ejus,
1849 2236 1972 2308 ipse

321 2331 505 2385 abbas
541 2329 933 2401 imperatoriis
965 2344 1100 2384 eum
1127 2327 1540 2399 conspectibus
1571 2342 1704 2380 cum
1746 2341 1884 2396 pace
1916 2329 1972 2379 et

325 2419 512 2490 gratia
542 2421 940 2490 praesentaret.
978 2416 1078 2471 l-lis
1109 2415 1208 2470 ille
1250 2414 1517 2482 allectus,
1569 2413 1851 2484 palatium
1892 2429 1975 2468 re-

326 2506 617 2578 petcns,si
650 2505 759 2561 sibi
792 2523 917 2577 qua:
949 2502 1205 2576 postulet
1235 2503 1465 2569 dentur,
1489 2501 1680 2556 itineri
1713 2503 1970 2557 devovet.

325 2595 584 2651 Ecclesia
611 2595 807 2666 aliqua
837 2595 980 2649 forte
1028 2609 1212 2648 vacua
1261 2608 1462 2648 recens
1509 2596 1635 2646 erat
1680 2589 1970 2662 episcopo.

327 2685 484 2739 lianc
518 2701 736 2738 munus
765 2683 894 2755 ejus
940 2682 1087 2754 petit
1134 2681 1372 2736 laboris.
1408 2679 1596 2736 Facile
1645 2683 1971 2751 optentum,

327 2779 500 2844 atque
531 2787 598 2826 ex
630 2771 776 2827 laico
807 2771 1119 2843 episcopus
1151 2773 1387 2842 repente
1419 2767 1722 2842 processit.

401 2863 516 2916 130.
557 2861 694 2916 Inde
723 2861 871 2928 (416)
902 2863 1141 2930 sumptu
1174 2857 1333 2930 regio
1363 2875 1428 2912 ac
1458 2857 1668 2913 litteris
1721 2857 1973 2912 instruc-

327 2955 448 3018 tus,
497 2949 718 3006 Gallias
769 2949 933 3004 ocius
975 2947 1124 3020 petit
1182 2948 1380 3016 (Jun.),
1431 2951 1606 3018 atque
1656 2945 1714 3001 in
1776 2947 1974 3001 decem

327 3038 505 3094 ferme
539 3036 964 3093 ebdomadibus
993 3035 1260 3092 Gorziam
1293 3036 1450 3090 venit
1499 3035 1681 3107 (Aug)
1713 3035 1797 3090 lbi
1843 3053 1974 3108 gra-

325 3124 656 3180 tulantibus
688 3123 916 3178 cunctis
947 3127 1244 3194 exceptus,
1296 3137 1362 3178 ac
1413 3139 1528 3177 non
1574 3127 1708 3194 post
1751 3107 1972 3180 multos
2004 3107 2048 3174 C

327 3212 452 3268 dies
482 3213 540 3266 in
575 3213 716 3266 urbe
749 3228 784 3266 a
815 3215 1015 3266 sancto
1039 3209 1314 3282 pontifice
1361 3209 1720 3266 Adelberone
1763 3211 1972 3267 invita-

329 3305 444 3367 tus,
477 3305 534 3356 et
565 3299 786 3372 aliquot
816 3316 950 3355 cum
996 3299 1122 3370 ipso
1169 3314 1414 3354 manens
1455 3299 1686 3366 diebus,
1709 3299 1975 3372 jucunde

327 3391 668 3445 ammodum
701 3388 934 3444 habitus
963 3392 1073 3443 est.
1107 3385 1247 3443 Inde
1278 3387 1403 3443 loca
1433 3405 1676 3460 quicque
1708 3405 1815 3444 sua
1836 3405 1971 3445 cum

321 3497 386 3534 eo
419 3479 696 3547 invisens,
727 3477 864 3550 quia
885 3493 1086 3532 mense
1115 3477 1377 3551 Augusto
1401 3477 1528 3548 jam
1561 3477 1841 3549 prmcipiti
1883 3495 1975 3534 ve-

323 3572 504 3638 nerat,
522 3571 876 3623 autumnum
899 3569 955 3621 et
973 3564 1227 3621 hiemem
1251 3582 1450 3621 secum
1477 3565 1972 3640 transegit,donec

321 3655 608 3712 Dominici
627 3653 838 3710 natalis
856 3654 1002 3709 festo
1025 3658 1339 3722 transacto,
1365 3653 1617 3726 qualiter
1631 3653 1968 3727 imperatori

321 3747 670 3819 rlirigeretur
699 3748 788 3800 est
815 3743 1172 3799 ordinatum.
1197 3743 1308 3798 Res
1338 3747 1534 3798 tamen
1555 3743 1682 3814 ejus
1700 3748 1757 3798 et
1774 3743 1970 3816 plures

321 3851 561 3890 suorum
585 3833 802 3890 Gorzim
823 3834 941 3868 ἰη’
961 3831 1194 3887 interim
1217 3833 1584 3904 procuranda
1601 3839 1966 3888 manserunt.

319 3924 457 3980 Inde
487 3924 641 3978 circa
671 3922 888 4000 festum
921 3925 1138 3976 sanctae
1170 3919 1364 3975 Marica
1397 3925 1417 3944 '
1451 3921 1656 3977 matris
1677 3924 1698 3944 '
1721 3921 1821 3977 Dei
1846 3923 1971 3957 "7’33

321 4009 726 4083 (DCCCCLVI).
761 4011 936 4080 (Febr.
970 4010 1024 4082 2)
1051 4010 1385 4081 imperatori
1411 4011 1483 4065 ab
1514 4011 1717 4066 eodem
1740 4028 1972 4066 venera-

321 4100 422 4154 hili
457 4098 750 4170 pontifice,
787 4098 1104 4153 comitante
1131 4097 1308 4152 simul
1345 4099 1558 4154 domno
1590 4102 1610 4122 ‘
1643 4099 1923 4171 Egineldo
1945 4104 1966 4123 ¹

321 4189 528 4243 abbate
562 4191 579 4210 '
617 4188 705 4222 “5‘
735 4184 1379 4252 deductus,honoriﬁce
1403 4186 1460 4240 in
1488 4185 1705 4258 palatio
1729 4188 1970 4244 Franco-

322 4277 565 4332 nofurde
596 4274 922 4346 suscipitur
951 4273 1174 4345 (Mart).
1209 4273 1390 4345 Cujus
1433 4279 1454 4298 '
1486 4275 1774 4345 legatione
1805 4279 1825 4300 "
1859 4294 1966 4332 au-

320 4364 588 4433 dita'm",
611 4363 724 4418 fide
739 4362 914 4436 legati
933 4367 1109 4434 atque
1128 4363 1459 4418 constantia
1481 4381 1713 4420 summo
1731 4364 1968 4420 laudata

2080 1808 2281 1865 parere
2311 1793 2744 1864 conspectibus.
2777 1791 2922 1848 Cum
2957 1809 2990 1848 a
3021 1791 3232 1864 legatis
3261 1791 3310 1846 ei
3345 1791 3736 1861 diceretur,ut

2077 1881 2234 1937 crine
2266 1881 2528 1948 detonso,
2561 1897 2800 1952 corpore
2833 1879 2970 1948 loto,
3001 1884 3161 1936 veste
3192 1879 3438 1936 lautiore
3459 1897 3518 1935 se
3545 1896 3729 1952 appa-

2079 1976 2252 2039 raret,
2271 1969 2357 2025 uti
2381 1970 2555 2043 regiis
2583 1969 2991 2042 conspectibus
3010 1967 3732 2042 praesentandumJilleque

2079 2059 2485 2126 renuerct,rati
2518 2056 2745 2124 illi,non
2771 2059 2820 2114 ei
2844 2057 3096 2114 vestium
3132 2057 3449 2113 mutatoria
3463 2057 3732 2125 subesse,

2081 2149 2198 2220 regi
2234 2147 2646 2204 nuntiant.llle
2678 2165 2811 2204 mox
2841 2149 3040 2204 decem
3073 2147 3254 2204 libras
3283 2147 3334 2204 ei
3366 2147 3738 2202 mittitnum-

2081 2254 2337 2305 morum,
2368 2238 2523 2292 unde
2555 2236 2673 2306 illa,
2707 2237 2921 2310 quibus
2953 2239 3224 2294 decenter
3247 2236 3429 2292 oculis
3458 2237 3545 2272 ¹⁷⁶²
3579 2235 3736 2309 regis

2081 2326 2442 2393 indueretur,
2472 2327 2860 2398 conquireret.
2893 2326 3018 2382 Non
3051 2327 3211 2383 enim
3243 2327 3330 2382 fas
3361 2343 3487 2382 esse
3517 2325 3735 2399 gentis,

2083 2420 2148 2470 ut
2196 2415 2295 2470 vili
2354 2415 2561 2471 habitu
2623 2415 2801 2488 regiis
2862 2416 3204 2487 aspectibus
3263 2418 3731 2488 prmsentaretur.

2081 2503 2380 2561 Johannes
2414 2505 2601 2576 primo
2635 2510 2944 2561 cunctatus
2979 2509 3182 2560 utrum
3233 2503 3576 2576 susciperet,
3613 2507 3740 2558 tan-

2083 2594 2215 2649 dem
2248 2593 2534 2666 cogitans,
2567 2595 2697 2649 usui
2732 2610 3057 2667 pauperum
3091 2592 3149 2648 id
3209 2592 3418 2648 melius
3470 2609 3598 2648 esse
3648 2609 3744 2648 ex-

2083 2683 2282 2754 pendi,
2311 2683 2534 2754 gratias
2565 2683 2980 2738 muniﬁcentize
3014 2683 3186 2755 regia:
3219 2681 3425 2748 reddit,
3452 2682 3608 2754 quod
3641 2682 3736 2736 sui

2082 2778 2204 2827 tam
2239 2771 2528 2828 sollicitus
2557 2789 2685 2828 esse
2731 2771 3011 2844 dignatus
3063 2772 3160 2828 sit.
3195 2770 3410 2828 Deinde
3454 2787 3741 2842 responso

2085 2860 2358 2916 monachi
2401 2861 2645 2934 dignum
2699 2860 3050 2931 subjunxit:
3105 2881 3133 2910 ‹‹
3183 2859 3382 2932 Regia,
3434 2857 3736 2930 inquiens,

2085 2948 2238 3004 dona
2268 2965 2384 3004 non
2417 2965 2680 3020 spernor,
2733 2952 2921 3004 vestes
2969 2964 3102 3004 vero
3149 2945 3298 3003 alias
3345 2949 3732 3018 praeterquam

2089 3037 2304 3109 quibus
2334 3037 2622 3093 monacho
2649 3039 2670 3060 ⁴”
2701 3036 2787 3092 uti
2819 3040 2840 3060 ⁴¹
2874 3035 3009 3092 licet
3039 3037 3061 3059 ⁴
3095 3035 3208 3103 ¹⁷⁶⁸,
3236 3053 3341 3090 nec
3371 3033 3546 3107 pallia
3575 3052 3740 3107 pror-

2085 3142 2189 3182 sus
2220 3141 2326 3180 nec
2373 3142 2472 3182 eas
2521 3126 2610 3160 ‘7“
2637 3126 2737 3198 qui
2791 3124 3043 3197 alicujus
3092 3123 3302 3180 coloris
3351 3127 3534 3179 sunt‘
3569 3123 3734 3179 nisi'

2083 3213 2250 3286 nigro
2282 3216 2303 3237 "
2335 3216 2565 3270 tantum
2587 3214 2804 3270 tinctas
2834 3213 3206 3286 aliquatenus
3227 3211 3470 3268 induam
3501 3213 3522 3235 ⁶
3555 3233 3585 3262 ››
3613 3211 3739 3268 Hoc

2083 3302 2202 3375 regi
2236 3301 2416 3358 relato
2445 3318 2459 3358 :
2497 3325 2524 3352 ‹‹
2556 3302 2672 3358 Hoc
2703 3307 2748 3372 ‘,
2781 3303 2974 3376 inquit
3002 3304 3048 3368 ',
3076 3317 3357 3374 responso
3387 3303 3409 3324 ⁶
3440 3301 3570 3373 ejus
3598 3303 3620 3323 θ
3645 3301 3740 3336 ¹τ⁶⁶

2083 3394 2452 3446 constantem
2484 3391 2748 3446 animum
2779 3408 3148 3466 recognosco.
3179 3391 3356 3447 Sacco
3388 3407 3617 3463 quoque
3647 3389 3738 3446 in-

2081 3480 2261 3535 dutus
2293 3481 2342 3535 si
2373 3479 2585 3548 veniat,
2621 3479 3011 3537 libentissime
3034 3484 3054 3504 '
3088 3495 3224 3536 eum
3255 3484 3276 3504 '
3310 3481 3400 3515 ¹⁷⁶⁶
3423 3479 3650 3548 videbo,
3678 3484 3739 3536 et

2081 3567 2338 3640 amplius
2369 3567 2510 3624 mihi
2545 3569 2816 3642 placebit.
2849 3592 2878 3621 »

2154 3659 2272 3713 132.
2295 3659 2431 3714 Post
2458 3658 2580 3714 hinc
2609 3657 2701 3714 die
2730 3659 2966 3730 praefixa
2995 3677 3110 3732 qua
3140 3646 3582 3731 praesentandus
3605 3663 3737 3714 erat

2079 3747 2188 3814 "57,
2223 3752 2538 3819 apparatus
2570 3746 2730 3803 omni
2757 3763 2967 3821 genere
2996 3748 3322 3820 exquisitas
3355 3747 3426 3801 ad
3455 3763 3734 3818 pompam

2080 3836 2299 3908 regiam
2322 3837 2844 3892 demonstrandam
2877 3837 3222 3893 conseritur.
3249 3835 3418 3891 Viam
3450 3839 3632 3890 totam
3657 3835 3734 3890 ab

2078 3928 2098 3948 "
2133 3923 2386 3996 hospitio
2437 3928 2456 3948 "
2513 3925 2602 3960 ¹⁷⁶⁸
2648 3925 2912 3997 ipsorum
2963 3941 3151 3997 usque
3199 3925 3268 3980 ad
3321 3925 3640 3990 civitatem,
3677 3929 3738 3980 et

2077 4014 2212 4070 inde
2243 4030 2430 4084 usque
2461 4013 2532 4068 ad
2566 4013 2852 4086 palatium
2885 4014 3110 4086 regium
3142 4013 3286 4068 varii
3307 4011 3446 4068 hinc
3480 4012 3613 4066 inde
3637 4028 3733 4066 ora

2078 4103 2246 4158 dines
2275 4101 2687 4173 constipabant
2705 4101 2828 4169 ;hic
2845 4102 3070 4174 pedites
3101 4102 3287 4157 hastis
3306 4101 3487 4156 humo
3507 4102 3732 4155 stantes

2078 4191 2302 4256 deﬁxis,
2338 4189 2508 4262 longe
2542 4189 2675 4245 inde
2707 4189 2944 4246 hastilia
2973 4191 3238 4262 quaedam
3280 4193 3338 4245 et
3370 4187 3618 4246 missilia
3645 4188 3732 4242 vi-

2077 4279 2312 4334 brantes
2326 4295 2620 4350 manuque
2637 4278 2986 4350 crispantes,
2999 4277 3272 4351 ictusque
3295 4283 3534 4334 mutuos
3551 4277 3736 4333 simu-

2075 4368 2292 4433 lantes;
2326 4371 2456 4439 post
2486 4367 2594 4422 hos
2621 4367 2800 4422 mulis
2821 4367 3065 4440 quidam
3091 4385 3224 4424 cum
3247 4367 3354 4422 levi
3374 4367 3627 4440 quadam
3647 4384 3736 4422 ar-

319 4454 624 4526 ρι’ωοοιιὶο,
652 4453 859 4508 litterae
906 4453 1169 4508 mitiores
1197 4453 1553 4536 perferenda:
1586 4457 1608 4478 "
1640 4455 1964 4510 decernun-
1997 4476 2041 4539 ι)
2075 4461 2307 4511 matura
2332 4455 2912 4522 insidentes;deinde
2935 4457 3166 4528 equites
3199 4455 3530 4512 calcaribus
3547 4471 3734 4528 equos

321 4549 414 4598 tur
446 4545 553 4597 "5°.
581 4542 793 4598 Joanni
827 4542 898 4597 de
923 4540 1216 4614 prioribus
1261 4541 1698 4614 supprimendis
1731 4545 1817 4578 ³7⁵⁷
1850 4561 1964 4600 res-

317 4632 581 4697 cribitur,
613 4636 846 4686 tantum
895 4648 1028 4686 cum
1080 4631 1250 4686 donis
1295 4631 1591 4702 procedat,
1640 4633 1960 4688 amicitiam

318 4720 406 4754 ³⁷⁵⁸
441 4735 758 4791 pacemque
789 4719 861 4774 de
907 4716 1280 4774 infestatione
1326 4718 1794 4774 latrunculorum
1827 4721 1956 4775 Sar-

316 4823 657 4864 racenorum
717 4825 950 4880 quoquo
1007 4811 1175 4880 pacto
1237 4806 1524 4874 conficiat,
1587 4805 1962 4880 reditumque

313 4899 405 4934 “59
455 4901 730 4964 maturet,
790 4895 1060 4952 edicitur.
1111 4895 1286 4952 Novis
1354 4895 1544 4952 denuo
1616 4897 1962 4954 muneribus

2071 4545 2129 4599 in
2168 4544 2404 4601 fremitu
2427 4548 2484 4600 et
2514 4543 2943 4599 subsultatione
2972 4545 3133 4600 varia
3149 4543 3732 4601 concitantesMauri

2075 4638 2354 4706 praeterea
2384 4633 2570 4688 forma
2601 4631 2840 4687 insolita
2872 4637 3103 4689 nostros
3134 4637 3510 4700 exterrentes,
3536 4630 3618 4687 ita
3637 4650 3734 4688 va-

2071 4719 2174 4776 riis
2203 4719 2512 4791 proludiis,
2537 4737 2666 4792 quae
2700 4721 2916 4776 nostris
2947 4721 3232 4777 miraculo
3263 4721 3730 4788 arbitrabantur,

2071 4809 2278 4864 itinere
2309 4809 2562 4864 nimium
2585 4808 3008 4880 pulverulento,
3027 4827 3207 4883 quam
3237 4827 3342 4882 per
3369 4828 3430 4866 se
3447 4809 3576 4881 ipsa
3591 4826 3732 4882 quo-

2071 4915 2184 4970 que
2213 4898 2494 4970 temporis
2525 4897 2760 4955 siccitas
2792 4930 2861 4940 --
2892 4916 3028 4954 nam
3061 4898 3385 4956 solstitium
3417 4902 3543 4955 erat
3573 4897 3732 4954 aesti-

1669 5028 1910 5086 VARI/E
1949 5031 2367 5088 LECTIONES.

1026 5127 1114 5162 ¹⁷⁵³
1147 5126 1242 5180 τίω
1275 5143 1353 5180 m.
1389 5125 1456 5182 D.
1491 5143 1520 5182 θ
1549 5127 1692 5182 coni.

594 5199 678 5232 “=57
711 5197 1086 5270 supprimens
1115 5214 1162 5251 c.
1243 5199 1330 5232 ¹⁷³⁸
1364 5197 1527 5252 itiam
1554 5199 1766 5270 avulsa.

664 5271 752 5303 ’⁸⁸³
779 5285 981 5323 eorum
1007 5286 1243 5323 erasum.

674 5342 762 5375 ³⁷⁸³
793 5339 834 5396 l.
867 5357 916 5396 e.
951 5356 979 5394 θ
1007 5342 1150 5396 coni.

385 5128 473 5161 "7”
487 5127 718 5208 Corsis:
747 5144 776 5182 θ
803 5129 945 5208 conj.

316 5216 344 5254 ϐ
373 5215 514 5254 συηι.

312 5287 428 5342 cap.
469 5271 529 5323 13
543 5271 585 5342 ’1.

313 5341 424 5396 e.’e
454 5341 594 5395 mni.
674 5342 762 5375 ³⁷⁸³
793 5341 834 5396 l.
867 5357 916 5396 e.
951 5356 979 5394 θ
1007 5342 1150 5396 coni.
1229 5342 1316 5376 ‘7“
1346 5341 1638 5396 abscisum.

1772 5129 1886 5162 ’πεδ’
1921 5145 2015 5183 mo
2046 5127 2109 5183 E.
2145 5146 2198 5183 a.
2233 5145 2263 5184 ε
2291 5130 2433 5184 coni.

1849 5201 1936 5234 ¹τ⁵⁹
1963 5217 2022 5254 re
2051 5200 2264 5254 avulsa.

1324 5270 1412 5344 ’τθῗ
1443 5286 1521 5344 m.
1559 5288 1614 5323 u.
1653 5269 1689 5323 Ι.
1721 5278 1772 5344 et
1796 5280 1975 5344 postea
2011 5276 2150 5326 sunt
2179 5269 2292 5344 nisi
2323 5288 2352 5324 ιτ
2383 5273 2601 5344 conj...
2641 5288 2699 5344 g.
2733 5289 2785 5326 o.
2821 5289 2866 5327 c.

1721 5342 1808 5375 "’3
1837 5344 1908 5398 ab
1940 5342 2014 5397 ho
2043 5343 2317 5414 supplevit
2347 5343 2512 5397 Labb.

3251 5131 3338 5166 '7“
3367 5129 3530 5186 eadm
3557 5130 3734 5185 decer

2938 5201 3020 5235 ¹⁷²¹
3055 5201 3236 5257 trium
3265 5218 3294 5256 θ
3327 5201 3540 5258 οοηὶ.ὐ.
3578 5202 3737 5272 infra

2947 5273 3058 5307 ⁸⁷⁸⁸·
3088 5289 3186 5328 cos
3227 5289 3272 5326 ε.
3355 5274 3445 5308 "5"
3479 5271 3546 5327 ll.
3590 5271 3634 5328 Ι.
3677 5291 3725 5328 ιι.

3535 5291 3725 5328 .1.P.

2515 5129 2766 5204 '75?_ujus
2799 5130 2842 5184 I.
2877 5131 3168 5204 meson}.

2346 5201 2432 5234 ¹⁷⁶⁰
2469 5217 2537 5254 ns
2567 5200 2860 5256 abscisum.
2938 5201 3020 5235 ¹⁷²¹
3055 5219 3058 5228 ⁴

2346 5287 2477 5307 ’Ληῃ
2510 5273 2530 5307 ἰ
2643 5288 2679 5307 nr
2733 5289 2764 5307 Α
2822 5289 2848 5307 ρ
2947 5273 3058 5307 I76“

3088 5289 3186 5328 COS
3227 5289 3272 5326 ε.

1903 5439 2137 5496 ΝΟΤᾸΕ.

383 5533 526 5608 (416)
560 5535 639 5592 De
671 5541 930 5608 tempore
961 5526 1268 5607 legationis
1301 5534 1658 5592 Recemundi
1690 5537 1762 5592 cf.
1796 5537 2273 5595 Admonitionem
2305 5538 2375 5594 ad
2407 5537 2750 5610 Liutprandi
2778 5538 3198 5612 Antapadosin.
