4076 6174
359 331 470 393 311

1267 321 1550 384 ODONIS
1595 317 1907 380 DlACONl
1955 312 2406 378 AUSCIENSIS
2445 309 2854 374 EPISTULA.

3648 298 3770 358 312

361 485 3769 556 ω

1645 630 1798 668 ΑΝΝο
1839 627 1954 666 DOM
1965 627 2047 666 ΙΝῙ
2087 624 2471 664 DCCCCLXXKIII
2481 647 2492 661 .

1859 779 2262 909 ί)υο

1139 1023 1965 1160 DIACONUS
2055 1017 3005 1152 AUSCIENSIS

1862 1256 2283 1267 ___—————

1557 1392 2106 1483 EPISTOLA
2167 1367 2598 1479 000le

1192 1575 1296 1636 AD
1344 1573 1696 1635 GAllCIA‘M
1744 1568 2438 1658 ARCHIEPISCOPUM
2485 1565 2989 1631 AUSCIENSEM

578 1740 669 1802 De
695 1745 911 1800 sanctae
955 1735 1254 1798 Venantia’
1283 1717 1542 1806 ebclesia,
1579 1751 1761 1815 quam
1795 1730 2139 1794 Guillelmus
2161 1747 2344 1790 comes
2373 1726 2782 1790 Astaracensis
2811 1723 2969 1785 dedit
2997 1721 3322 1785 Auxtlanae
3351 1720 3593 1782 cclcsiw.

1475 1873 1642 1947 (Gall.
1678 1873 1892 1930 Christ.
1925 1877 2069 1930 tom.
2102 1871 2147 1939 Ι,
2177 1870 2442 1944 Append.
2477 1887 2534 1942 p.
2573 1867 2718 1939 159.)

457 2165 580 2222 Ono
613 2163 810 2222 Levita
840 2163 1088 2222 Gaacua
1116 2160 1537 2234 arohiprazsuli.

459 2252 631 2327 Cogis
683 2268 800 2320 me,
833 2269 869 2309 o
918 2251 1292 2308 sanctissime
1341 2249 1622 2322 pontifex,
1653 2265 1854 2305 recens
1893 2263 2042 2319 Opus

391 2359 652 2410 exerere;
677 2342 779 2399 sed
811 2341 954 2414 quia
980 2345 1182 2398 contra
1218 2355 1460 2396 examen
1509 2344 1814 2394 auctorum
1847 2337 2041 2394 debel-

390 2429 512 2488 lare
544 2447 660 2487 non
692 2429 875 2498 valeo,
902 2428 1340 2502 praerogativam
1389 2443 1592 2482 eorum
1644 2427 1818 2482 fando
1861 2429 2042 2481 teme-

391 2536 523 2576 rare
567 2517 846 2575 erubesco
883 2534 896 2572 :
930 2516 1287 2572 horrendum
1335 2516 1552 2588 quippe
1595 2519 1684 2571 est
1731 2515 1790 2569 in
1831 2530 2043 2568 manus

400 2607 662 2664 incidere
689 2605 914 2663 scilicet
939 2605 1188 2661 viventis
1220 2604 1344 2670 Dei,
1379 2604 1476 2674 qui
1500 2604 1676 2659 etiam
1706 2619 1822 2658 non
1853 2601 2043 2657 solum

390 2696 468 2753 de
488 2711 741 2768 nequam
762 2693 1119 2768 operatione,
1133 2708 1335 2748 verum
1356 2693 1532 2748 etiam
1557 2693 1627 2748 de
1644 2691 1828 2747 otioso
1847 2691 2042 2758 verbo,

401 2801 508 2841 nec
539 2800 656 2839 non
687 2787 746 2840 st
773 2781 848 2839 de
875 2797 1053 2855 prava
1081 2781 1432 2853 cogitatione
1460 2781 1791 2836 reddituros
1813 2796 1920 2835 nos
1939 2783 2048 2834 ter-

395 2871 646 2926 ribiliter
675 2871 964 2926 rationem
987 2869 1366 2940 judicaturus
1409 2874 1499 2923 est
1531 2869 1713 2940 judex
1751 2869 1954 2938 justus
1987 2867 2045 2922 in

395 2960 488 3016 die
511 2959 744 3032 judicii.
769 2958 1036 3030 Cumque
1055 2958 1129 3013 ab
1149 2957 1535 3030 omnipotenti
1557 2957 1694 3024 Deo,
1710 2955 2047 3026 sanctisque

395 3049 723 3106 canonibus
741 3047 858 3104 tale
887 3047 1247 3104 connubium
1272 3045 1634 3118 prohibitum
1657 3046 2049 3112 invenitur,ut

397 3153 516 3194 non
549 3135 744 3192 solum
795 3135 1094 3201 facientes,
1126 3151 1325 3190 verum
1370 3133 1820 3199 consentientes,
1849 3131 2046 3205 puniri

389 3225 756 3297 judicentur,
789 3227 848 3278 et
879 3221 1093 3277 idcirco
1127 3221 1185 3276 in
1215 3221 1556 3294 epictatium
1595 3221 1885 3291 jussionis
1933 3227 2046 3276 tua:

399 3315 597 3370 metuo
619 3327 831 3385 ponere
850 3327 1114 3378 manum,
1135 3325 1349 3382 pavens
1378 3307 1523 3365 illud
1543 3311 1696 3381 quod
1719 3309 2052 3381 evangelica

399 3399 760 3457 horribiliter
791 3397 961 3455 lectio
989 3414 1126 3454 voce
1169 3397 1426 3454 declarat
1456 3396 1674 3453 libera:
1711 3399 2046 3470 Quicunque,

397 3487 695 3561 inquiens,
727 3487 950 3542 solverit
997 3485 1060 3543 de
1109 3487 1228 3542 istis
1274 3485 1548 3541 mandatis
1593 3487 1865 3554 minimis,
1894 3495 1946 3542 et
1971 3489 2052 3543 sie

399 3577 645 3634 docuerit
673 3575 1010 3642 hminibus,
1043 3577 1102 3632 in
1134 3591 1298 3647 regno
1325 3575 1581 3632 calorum
1618 3574 1897 3631 vocabitur
1937 3577 2049 3631 mi-

399 3667 587 3724 nimus
616 3663 823 3733 (Matth.
849 3681 908 3734 ν,
941 3665 1050 3734 19).
1083 3662 1404 3736 Dupliciter
1431 3663 1685 3734 denique
1715 3680 1809 3718 me
1840 3663 2052 3736 premit

402 3753 513 3811 hoc
541 3751 953 3826 opus,oocasio
974 3758 1031 3808 et
1063 3752 1255 3808 cautio
1276 3751 1582 3808 scelerum.
1606 3757 1663 3808 et
1679 3751 2048 3824 reprehensio

392 3838 1150 3914 vituperationisignarum.
1168 3838 1305 3906 Quis
1321 3839 1502 3910 igitur
1522 3840 1730 3894 doctus
1750 3838 1856 3893 hoc
1881 3856 2052 3910 opus-

395 3930 769 3999 culum,cum
803 3928 864 3985 in
896 3944 1076 3984 manu
1105 3944 1214 3984 sna
1240 3925 1628 3999 assumpserit
1655 3931 1714 3983 et
1752 3927 1853 3982 tali
1891 3944 2046 3982 com-

394 4019 671 4077 mistione
705 4016 1232 4090 consanguinitatis
1263 4032 1355 4072 me
1406 4015 1698 4071 notarium
1748 4015 2045 4086 repererit,

395 4123 514 4164 non
547 4105 750 4162 statim
785 4106 844 4162 in
877 4121 1014 4161 voce
1043 4109 1332 4177 erumpat,
1367 4120 1461 4160 me
1495 4103 1796 4160 delubrem
1847 4102 2048 4158 clami-

395 4199 530 4252 tans
551 4210 680 4251 esse
697 4193 1071 4267 sacrilegum,
1087 4197 1188 4266 qui
1218 4194 1468 4249 audeam
1489 4191 1710 4264 aliquid
1730 4197 1933 4248 contra
1948 4190 2050 4248 Dei

393 4281 695 4340 licentiam
723 4295 1011 4354 usurpem
1041 4279 1394 4336 consilium?
1423 4279 1534 4334 Sed
1568 4279 1850 4334 adversus
1871 4293 2048 4349 quem

393 4370 617 4429 invidia
633 4368 947 4442 (invidum)
969 4367 1184 4440 duplex
1205 4385 1384 4424 causa
1405 4383 1497 4422 me
1519 4366 1874 4432 consolatur,
1891 4367 2048 4437 quod

395 4466 454 4518 et
481 4465 567 4530 tu,
581 4458 684 4533 qui
712 4442 988 4517 summus
1016 4457 1276 4532 pontifex
1307 4473 1390 4522 es,
1420 4455 1540 4512 fieri
1567 4455 1750 4526 judex
1770 4460 1829 4510 et
1849 4471 2046 4510 neces-

392 4549 542 4607 sitas
569 4545 840 4607 Ecclesia;
867 4547 1050 4605 totius
1097 4544 1421 4618 Aquitaniae
1472 4543 1753 4617 poposcit,
1787 4544 1879 4599 cui
1933 4543 2047 4600 Deo

386 4639 632 4711 juventa
659 4652 847 4711 prices
873 4636 1104 4692 matris.

469 4727 761 4800 Praecipue
786 4725 1038 4799 denique
1065 4724 1318 4798 perfecte
1346 4722 1466 4780 scio
1498 4724 1637 4794 quia
1661 4727 1792 4795 post
1808 4723 2051 4796 prophe-

397 4817 546 4874 ticas
573 4819 632 4872 et
678 4807 1043 4888 evangelicae
1085 4816 1262 4885 atque
1310 4811 1662 4884 apostolicus
1692 4811 2044 4883 Scripturas,

2067 2159 2120 2226 Α
2147 2173 2286 2214 eam.
2319 2157 2384 2212 Et
2411 2157 2511 2212 tibi
2540 2155 2676 2212 dabo
2717 2156 2890 2211 claves
2937 2155 3096 2225 regni
3140 2152 3415 2208 eceteram.
3445 2151 3510 2206 Et
3537 2147 3807 2222 quodcun-

2153 2263 2252 2319 que
2282 2247 2538 2317 ligaveris
2567 2261 2731 2316 super
2750 2251 2975 2310 terram,
3003 2245 3108 2298 erit
3137 2243 3367 2314 ligatum
3395 2241 3530 2295 etin
3558 2238 3731 2302 caelis.
3755 2229 3810 2294 et

2152 2334 2504 2408 quodcunque
2531 2334 2758 2390 solveris
2786 2349 2949 2404 super
2977 2340 3199 2397 tenam,
3231 2333 3337 2386 crit
3361 2328 3602 2384 solutum
3643 2335 3694 2383 et
3747 2330 3802 2382 in

2151 2425 2298 2479 caelis
2353 2422 2556 2492 (Matth.
2606 2440 2720 2488 XVI,
2759 2423 2844 2489 18,
2893 2421 3002 2491 19).
3049 2420 3120 2475 Et
3169 2417 3383 2474 idcirco
3431 2434 3548 2472 non
3599 2416 3803 2472 dubito

2153 2513 2307 2584 quod
2341 2513 2527 2585 gratia
2556 2511 2654 2567 Dei
2689 2509 2810 2566 vice
2855 2509 3069 2567 collata
3117 2509 3224 2564 tibi
3257 2509 3334 2564 sit
3381 2507 3636 2582 absuper
3681 2521 3804 2562 me-

2154 2606 2390 2657 morate:
2421 2595 2688 2656 Ecclesiae
2721 2599 3009 2656 mirabilis
3059 2602 3337 2670 potestas,
3372 2596 3463 2652 cui
3515 2600 3806 2652 annuente

2154 2691 2350 2747 divina
2379 2687 2690 2745 clementia
2709 2687 2996 2762 septimus
3015 2687 3217 2744 existis
3231 2687 3366 2757 jure
3394 2683 3656 2758 pontifici
3682 2683 3805 2739 feli-

2155 2778 2349 2834 citatis
2394 2778 2526 2833 vitae
2574 2776 2883 2833 claudendi
2933 2781 2992 2832 et
3038 2773 3354 2832 reserandi.
3389 2773 3809 2844 Superstitiosa

2156 2885 2248 2922 res
2277 2867 2444 2923 valde
2474 2883 2539 2923 ac
2569 2865 2942 2922 exsecrabilis
2969 2865 3199 2920 videtur
3235 2879 3362 2920 esse
3409 2863 3661 2929 diaconi,
3693 2862 3808 2918 im-

2156 2960 2356 3029 perata
2383 2973 2418 3011 a
2437 2955 2671 3028 proprio
2701 2955 2991 3027 episeopo,
3027 2971 3100 3009 ne
3132 2953 3275 3008 forte
3304 2956 3618 3008 contumax
3648 2968 3809 3023 repe-

2157 3045 2292 3112 riar,
2325 3051 2383 3100 et
2412 3063 2446 3100 a
2477 3045 2751 3117 praedicto
2781 3044 2968 3116 gradu
3001 3041 3212 3114 privari
3254 3057 3506 3107 merear;
3539 3046 3598 3095 et
3627 3039 3809 3096 dilec-

2155 3135 2296 3189 tioni
2331 3126 2464 3202 tua},
2499 3131 2598 3204 qui
2647 3149 2764 3204 prae
2810 3130 3017 3187 ceteris
3069 3147 3153 3196 es,
3180 3128 3465 3202 jugulari.
3500 3129 3643 3183 Nam
3695 3129 3813 3186 Deo

2148 3224 2392 3292 juvante
2439 3221 2715 3276 omnibus
2765 3220 3059 3288 fidelibus,
3113 3224 3328 3274 sanctae
3385 3218 3485 3275 Dei
3545 3218 3813 3276 Ecclesiae

2159 3311 2430 3377 maxime,
2449 3310 2668 3365 nostris
2701 3309 3044 3381 propinquis
3075 3308 3162 3364 vel
3188 3308 3628 3364 successoribus
3659 3312 3816 3380 pate-

2159 3399 2368 3456 faciam
2401 3399 2555 3470 quod
2586 3397 2738 3454 oculi
2773 3397 2888 3453 mei
2918 3396 3209 3463 viderunt,
3243 3401 3300 3452 et
3327 3413 3498 3452 aures
3528 3413 3668 3452 mea:
3700 3413 3810 3451 au-

2080 3517 2128 3581 B
2159 3489 2412 3544 dieruut.
2449 3486 2673 3559 Lingua
2723 3501 2853 3541 mea
2899 3483 3304 3540 testimonium
3353 3482 3654 3555 perbibere
3693 3499 3809 3539 non

2157 3575 2370 3642 silebit,
2405 3575 2561 3647 quod
2611 3580 2669 3630 et
2725 3572 2772 3630 si
2826 3573 3110 3629 Dominus
3162 3571 3487 3644 impleverit
3543 3571 3710 3639 illud,
3744 3589 3810 3629 os

2157 3681 2351 3720 meum
2381 3663 2660 3736 aperiam.

2229 3753 2424 3824 Nuper
2438 3752 2690 3824 denique
2707 3749 2916 3806 accidit
2932 3754 2997 3806 ut
3017 3749 3362 3806 Guillelmus
3377 3749 3534 3806 filius
3547 3751 3808 3821 Arualdi,

2158 3857 2352 3897 comes
2393 3839 3092 3905 Astariacensis,uxorem
3138 3839 3347 3895 dueere
3369 3840 3651 3908 (duceret)
3679 3856 3810 3895 con.

2157 3929 2542 4002 sanguineam
2583 3945 2774 3984 suam.
2835 3928 3100 4000 Cumque
3165 3927 3275 3984 hoc
3336 3927 3811 4002 archiepiscopus

2157 4018 2362 4074 Garcia
2391 4035 2526 4072 eum
2559 4015 2736 4072 minis
2787 4021 3024 4089 urgeret
3079 4021 3142 4072 ut
3192 4017 3300 4072 hoc
3343 4015 3536 4072 scelus
3569 4016 3814 4074 minime

2156 4111 2487 4178 perpetrare
2516 4104 2804 4172 libuisset,
2823 4109 2881 4160 et
2911 4105 3150 4161 omnino
3183 4105 3476 4161 licentiam
3522 4105 3631 4162 hoc
3675 4123 3812 4162 cou-

2157 4210 2334 4249 sensu
2365 4194 2416 4249 ei
2447 4191 2842 4265 conjungendi
2875 4194 3211 4266 denegaret,
3237 4198 3294 4249 et
3325 4211 3360 4250 a
3389 4193 3606 4250 sanctis
3631 4193 3814 4258 Patri-

2155 4281 2269 4338 bus
2285 4280 2461 4338 talem
2483 4281 3058 4354 consanguinitatem
3083 4281 3359 4354 tangendi
3378 4281 3674 4354 prohibita
3687 4299 3818 4338 esse

2157 4370 2496 4437 affirmaret,
2529 4374 2590 4426 et
2628 4369 2848 4425 videret
2889 4369 3027 4442 quia
3071 4369 3148 4424 nil
3205 4371 3529 4442 proﬁceret,
3561 4374 3619 4426 et
3664 4388 3815 4442 pra:-

2157 4459 2349 4515 dictus
2366 4475 2562 4515 comes
2586 4458 2636 4514 ei
2661 4474 2871 4514 aurum
2893 4459 2964 4516 ad
2995 4457 3353 4515 audiendum
3372 4476 3488 4516 non
3510 4458 3816 4532 praeberet,

2157 4547 2524 4620 rediensque
2549 4548 2622 4604 ad
2667 4547 3073 4620 semetipsum,
3107 4553 3164 4604 et
3210 4547 3328 4604 tale
3374 4548 3597 4620 accepit
3625 4565 3660 4602 a
3686 4547 3815 4604 suis

2156 4636 2491 4692 consilium.
2524 4636 2728 4692 Sciens
2776 4635 2956 4708 igitur
3003 4635 3216 4692 melius
3265 4653 3394 4693 esse
3440 4636 3811 4710 naufraganti

2157 4725 2352 4780 animo
2369 4723 2604 4796 aliquod
2626 4723 3090 4795 gubernaculum
3113 4724 3583 4797 praebere,quam
3599 4723 3658 4779 in
3681 4741 3817 4798 gur-

2157 4813 2334 4886 gitem
2367 4811 2788 4884 desperationis
2836 4812 2964 4868 sine
3014 4811 3190 4870 remis
3237 4813 3590 4886 poenitentiae
3635 4813 3811 4869 relin-

397 4906 617 4980 quibua
641 4883 902 4962 Ecclesia
931 4901 1034 4958 Dei
1065 4883 1441 4976 per—gratiam
1493 4901 1622 4972 ejus
1663 4898 1908 4956 fundata
1937 4905 2044 4970 est,
2079 4883 2121 4948 (ἶ
2161 4883 2358 4973 quere,
2383 4883 2800 4974 accersivitque
2861 4918 3017 4969 eum,
3051 4905 3110 4957 et
3163 4883 3416 4974 praebuit
3455 4901 3507 4958 ei
3548 4907 3817 4974 tempora

391 4995 574 5052 etiam
592 4991 736 5050 illud
757 4991 1154 5050 intimandum
1176 4989 1626 5064 putem,absque
1643 4989 2052 5060 dubio,quam-

392 5085 484 5140 vis
514 5080 804 5140 universis
851 5081 913 5140 in
961 5081 1104 5139 urbe
1141 5085 1264 5154 (pro
1295 5080 1454 5148 orbe)
1485 5077 1783 5134 catholica:
1826 5078 2050 5134 diffusae

396 5171 664 5229 Ecclesia:
696 5171 866 5244 quasi
905 5188 1061 5229 unus
1107 5169 1406 5227 thalamus
1435 5168 1653 5224 Christi
1705 5168 1812 5235 sit;
1847 5173 2052 5224 sancta

399 5263 664 5318 Romana
681 5259 938 5318 Ecclesia
953 5259 1131 5316 nullis
1152 5257 1448 5331 synodicis
1469 5257 1806 5312 constitutis
1825 5258 2050 5311 castoris

397 5348 674 5408 Ecclesiis
704 5347 940 5422 przelata
967 5351 1076 5414 est,
1112 5348 1212 5403 sed
1246 5345 1580 5420 evangelica
1633 5361 1769 5400 voce
1819 5343 2050 5400 Domini

389 5436 714 5494 Salvatoris
742 5435 927 5492 nostri
963 5438 1284 5508 primatum
1316 5432 1568 5489 obtinuit
1601 5449 1614 5486 :
1653 5433 1726 5487 Tu
1755 5449 1809 5486 es
1833 5433 2046 5496 Petrus,

401 5525 694 5598 inquiens,
719 5533 772 5582 et
797 5541 960 5599 super
989 5523 1129 5578 hanc
1171 5530 1384 5594 petram
1431 5522 1707 5591 :rdiﬁcabo
1755 5521 2050 5576 Ecclesiam

397 5629 606 5682 meam;
653 5623 705 5672 et
753 5621 922 5686 portae
981 5613 1150 5683 inferi
1203 5626 1310 5668 non
1363 5609 1738 5682 praevalebunt
1791 5609 2048 5666 adversus

2151 4989 2516 5062 jejuniorum
2545 4993 2602 5046 et
2652 5007 2896 5046 munera
2923 4989 3445 5064 eleemosynarum,
3483 4991 3638 5047 sicut
3667 4990 3814 5047 scri-

2159 5084 2324 5151 ptum
2356 5085 2446 5136 est
2468 5079 2525 5134 in
2558 5079 2968 5151 subsequendo
3000 5077 3298 5146 libellum;
3330 5079 3571 5151 insuper
3589 5080 3816 5152 accepit

2158 5169 2231 5223 ab
2260 5185 2326 5222 eo
2358 5167 2552 5223 nobile
2581 5167 2865 5240 oppidum
2891 5168 3048 5240 quod
3078 5167 3218 5222 olim
3247 5168 3526 5224 abbatum
3561 5167 3752 5225 fuerat
3780 5187 3816 5226 a

2157 5257 2441 5328 perversis
2472 5256 2812 5312 hominibus
2843 5257 2913 5312 de
2944 5257 3190 5314 ecclesia
3219 5257 3399 5312 beatae
3427 5256 3621 5313 Mariae
3653 5257 3814 5330 epis-

2157 5345 2352 5418 ωψιὶἱί
2385 5345 2716 5414 Auxicnsis,
2749 5345 3092 5417 redditaque
3124 5349 3627 5417 supramemorato
3661 5363 3809 5420 prae-

2157 5433 2252 5488 dio
2283 5434 2375 5489 cui
2408 5438 2617 5506 prmest
2647 5433 2891 5490 ecclesia
2919 5438 3123 5490 sancta
3163 5433 3483 5502 Venantiac,
3517 5438 3698 5490 totam
3752 5439 3812 5490 et

2157 5522 2441 5594 integram
2473 5539 2607 5578 cum
2640 5521 2911 5578 omnibus
2944 5523 3350 5596 appendentiis
3373 5525 3497 5581 suis
3527 5528 3646 5580 tam
3669 5541 3852 5590 cum.”

2155 5611 2446 5682 parocbiis
2477 5627 2654 5682 quam
2685 5615 2742 5666 et
2789 5609 3028 5683 capellis
3068 5611 3470 5683 adiacentibus
3518 5612 3630 5669 sibi
3679 5613 3809 5670 sine
